  <div class='ocr_page' id='page_1' title='image "/cluster/home/n/w/nwhite01/storage/ocr_20150623/72/mdp.39015019355984/085.png"; bbox 0 0 4080 6284; ppageno 0'>
   <div class='ocr_carea' id='block_1_1' title="bbox 566 370 670 428">
    <p class='ocr_par' dir='ltr' id='par_1_1' title="bbox 566 370 670 428">
     <span class='ocr_line' id='line_1_1' title="bbox 566 370 670 428; baseline -0.019 0"><span class='ocrx_word' id='word_1_1' title='bbox 566 370 670 428; x_wconf 63' lang='lat'><strong><em>139</em></strong></span> 
     </span>
    </p>
   </div>
   <div class='ocr_carea' id='block_1_2' title="bbox 1599 352 2835 412">
    <p class='ocr_par' dir='ltr' id='par_1_2' title="bbox 1599 352 2835 412">
     <span class='ocr_line' id='line_1_2' title="bbox 1599 352 2835 412; baseline -0.006 0"><span class='ocrx_word' id='word_1_2' title='bbox 1599 359 1655 411; x_wconf 73' lang='grc' dir='ltr'>ὃ.</span> <span class='ocrx_word' id='word_1_3' title='bbox 1698 356 1971 412; x_wconf 70' lang='grc' dir='ltr'>ωιιιωΑ</span> <span class='ocrx_word' id='word_1_4' title='bbox 2010 354 2478 408; x_wconf 70' lang='lat' dir='ltr'><strong><em>ALLXANDRIM</em></strong></span> <span class='ocrx_word' id='word_1_5' title='bbox 2517 352 2835 406; x_wconf 67' lang='grc' dir='ltr'>Αιιαιιιει».</span> 
     </span>
    </p>
   </div>
   <div class='ocr_carea' id='block_1_3' title="bbox 3728 355 3835 402">
    <p class='ocr_par' dir='ltr' id='par_1_3' title="bbox 3728 355 3835 402">
     <span class='ocr_line' id='line_1_3' title="bbox 3728 355 3835 402; baseline 0 -1"><span class='ocrx_word' id='word_1_6' title='bbox 3728 355 3835 402; x_wconf 77' lang='lat' dir='ltr'><strong><em>HO</em></strong></span> 
     </span>
    </p>
   </div>
   <div class='ocr_carea' id='block_1_4' title="bbox 566 459 3833 545">
    <p class='ocr_par' dir='ltr' id='par_1_4' title="bbox 566 459 3833 545">
     <span class='ocr_line' id='line_1_4' title="bbox 566 459 3833 545; baseline -0.005 -12"><span class='ocrx_word' id='word_1_7' title='bbox 566 480 722 545; x_wconf 72' lang='grc' dir='ltr'>Θεοῦ,</span> <span class='ocrx_word' id='word_1_8' title='bbox 758 480 824 531; x_wconf 71' lang='grc' dir='ltr'><strong><em>τὰ</em></strong></span> <span class='ocrx_word' id='word_1_9' title='bbox 871 478 948 540; x_wconf 79' lang='grc' dir='ltr'><strong><em>εἰς</em></strong></span> <span class='ocrx_word' id='word_1_10' title='bbox 977 476 1136 538; x_wconf 78' lang='grc' dir='ltr'>δόξαν</span> <span class='ocrx_word' id='word_1_11' title='bbox 1173 472 1340 527; x_wconf 77' lang='grc' dir='ltr'>αὐτοῦ</span> <span class='ocrx_word' id='word_1_12' title='bbox 1374 470 1661 533; x_wconf 73' lang='grc' dir='ltr'><strong><em>λαλοῦντες</em></strong></span> <span class='ocrx_word' id='word_1_13' title='bbox 1695 469 1921 539; x_wconf 71' lang='grc' dir='ltr'>ἑτέροις,</span> <span class='ocrx_word' id='word_1_14' title='bbox 1957 469 2050 523; x_wconf 74' lang='grc' dir='ltr'>καὶ</span> <span class='ocrx_word' id='word_1_15' title='bbox 2079 469 2145 522; x_wconf 77' lang='grc' dir='ltr'><strong><em>τὰ</em></strong></span> <span class='ocrx_word' id='word_1_16' title='bbox 2186 470 2284 541; x_wconf 88' lang='grc' dir='ltr'><strong><em>μέν</em></strong></span> <span class='ocrx_word' id='word_1_17' title='bbox 2340 468 2561 521; x_wconf 75' lang='grc' dir='ltr'>ἐκείνων</span> <span class='ocrx_word' id='word_1_18' title='bbox 2585 468 2916 538; x_wconf 82' lang='grc' dir='ltr'><strong><em>ὀχυρώματα</em></strong></span> <span class='ocrx_word' id='word_1_19' title='bbox 2968 463 3456 536; x_wconf 80' lang='grc' dir='ltr'>καταστρέφοντες,</span> <span class='ocrx_word' id='word_1_20' title='bbox 3483 459 3833 534; x_wconf 71' lang='grc' dir='ltr'>οἰκοδομοῦν-</span> 
     </span>
    </p>
   </div>
   <div class='ocr_carea' id='block_1_5' title="bbox 564 563 3205 640">
    <p class='ocr_par' dir='ltr' id='par_1_5' title="bbox 564 563 3205 640">
     <span class='ocr_line' id='line_1_5' title="bbox 564 563 3205 640; baseline -0.003 -16"><span class='ocrx_word' id='word_1_21' title='bbox 564 593 654 637; x_wconf 79' lang='grc' dir='ltr'><strong><em>τες</em></strong></span> <span class='ocrx_word' id='word_1_22' title='bbox 686 573 744 626; x_wconf 75' lang='grc' dir='ltr'>δὲ</span> <span class='ocrx_word' id='word_1_23' title='bbox 774 569 982 640; x_wconf 81' lang='grc' dir='ltr'>νοητῶς</span> <span class='ocrx_word' id='word_1_24' title='bbox 1025 568 1120 637; x_wconf 89' lang='grc' dir='ltr'>τὴν</span> <span class='ocrx_word' id='word_1_25' title='bbox 1168 566 1333 634; x_wconf 88' lang='grc' dir='ltr'>ἁγίαν</span> <span class='ocrx_word' id='word_1_26' title='bbox 1381 566 1557 630; x_wconf 76' lang='grc' dir='ltr'>πόλιν,</span> <span class='ocrx_word' id='word_1_27' title='bbox 1601 564 1849 617; x_wconf 81' lang='grc' dir='ltr'><strong><em>τουτέστι</em></strong></span> <span class='ocrx_word' id='word_1_28' title='bbox 1886 565 1986 632; x_wconf 87' lang='grc' dir='ltr'><strong><em>τὴν</em></strong></span> <span class='ocrx_word' id='word_1_29' title='bbox 2027 563 2375 633; x_wconf 76' lang='grc' dir='ltr'>Ἐκκλησίαν.</span> <span class='ocrx_word' id='word_1_30' title='bbox 3204 604 3205 607; x_wconf 58' lang='grc' dir='ltr'><strong>η</strong></span> 
     </span>
    </p>
   </div>
   <div class='ocr_carea' id='block_1_6' title="bbox 636 654 2221 726">
    <p class='ocr_par' dir='ltr' id='par_1_6' title="bbox 636 654 2221 726">
     <span class='ocr_line' id='line_1_6' title="bbox 636 654 2221 726; baseline -0.008 -10"><span class='ocrx_word' id='word_1_31' title='bbox 636 665 800 717; x_wconf 66' lang='lat' dir='ltr'><strong><em>Vens.</em></strong></span> <span class='ocrx_word' id='word_1_32' title='bbox 835 662 888 726; x_wconf 88' lang='grc'><strong><em>5,</em></strong></span> <span class='ocrx_word' id='word_1_33' title='bbox 919 660 972 713; x_wconf 86' lang='grc'>6.</span> <span class='ocrx_word' id='word_1_34' title='bbox 1013 658 1214 711; x_wconf 84' lang='lat' dir='ltr'><strong><em>Videbit</em></strong></span> <span class='ocrx_word' id='word_1_35' title='bbox 1270 656 1519 720; x_wconf 82' lang='lat' dir='ltr'><strong><em>Ascalon,</em></strong></span> <span class='ocrx_word' id='word_1_36' title='bbox 1554 665 1602 710; x_wconf 89' lang='lat' dir='ltr'><strong><em>et</em></strong></span> <span class='ocrx_word' id='word_1_37' title='bbox 1633 657 1865 709; x_wconf 82' lang='lat' dir='ltr'><strong><em>timebit:</em></strong></span> <span class='ocrx_word' id='word_1_38' title='bbox 1892 664 1939 709; x_wconf 84' lang='lat' dir='ltr'><strong><em>et</em></strong></span> <span class='ocrx_word' id='word_1_39' title='bbox 1974 654 2142 718; x_wconf 75' lang='lat' dir='ltr'><strong><em>Gaza,</em></strong></span> <span class='ocrx_word' id='word_1_40' title='bbox 2177 663 2221 719; x_wconf 71' lang='grc' dir='ltr'><strong>Α</strong></span> 
     </span>
    </p>
   </div>
   <div class='ocr_carea' id='block_1_7' title="bbox 558 749 2139 817">
    <p class='ocr_par' dir='ltr' id='par_1_7' title="bbox 558 749 2139 817">
     <span class='ocr_line' id='line_1_7' title="bbox 558 749 2139 817; baseline -0.005 -9"><span class='ocrx_word' id='word_1_41' title='bbox 558 767 604 808; x_wconf 81' lang='lat' dir='ltr'><strong><em>et</em></strong></span> <span class='ocrx_word' id='word_1_42' title='bbox 636 753 828 806; x_wconf 87' lang='lat' dir='ltr'><strong><em>dolebit</em></strong></span> <span class='ocrx_word' id='word_1_43' title='bbox 865 751 1055 814; x_wconf 82' lang='lat' dir='ltr'><strong><em>nimis;</em></strong></span> <span class='ocrx_word' id='word_1_44' title='bbox 1078 759 1126 803; x_wconf 86' lang='lat' dir='ltr'><strong><em>et</em></strong></span> <span class='ocrx_word' id='word_1_45' title='bbox 1152 749 1411 813; x_wconf 80' lang='lat' dir='ltr'><strong><em>Arcaron,</em></strong></span> <span class='ocrx_word' id='word_1_46' title='bbox 1441 750 1565 817; x_wconf 82' lang='lat' dir='ltr'><strong><em>quia</em></strong></span> <span class='ocrx_word' id='word_1_47' title='bbox 1585 749 1804 816; x_wconf 75' lang='lat' dir='ltr'><strong><em>confusa</em></strong></span> <span class='ocrx_word' id='word_1_48' title='bbox 1854 756 1929 802; x_wconf 79' lang='lat' dir='ltr'><strong><em>est</em></strong></span> <span class='ocrx_word' id='word_1_49' title='bbox 1957 764 1989 801; x_wconf 89' lang='lat' dir='ltr'><strong><em>a</em></strong></span> <span class='ocrx_word' id='word_1_50' title='bbox 2053 762 2139 815; x_wconf 84' lang='lat' dir='ltr'><strong><em>spe</em></strong></span> 
     </span>
    </p>
   </div>
   <div class='ocr_carea' id='block_1_8' title="bbox 558 838 2139 912">
    <p class='ocr_par' dir='ltr' id='par_1_8' title="bbox 558 838 2139 912">
     <span class='ocr_line' id='line_1_8' title="bbox 558 838 2139 912; baseline -0.005 -13"><span class='ocrx_word' id='word_1_51' title='bbox 558 863 676 899; x_wconf 75' lang='lat' dir='ltr'><strong><em>sua.</em></strong></span> <span class='ocrx_word' id='word_1_52' title='bbox 705 843 770 896; x_wconf 84' lang='lat' dir='ltr'><strong><em>Et</em></strong></span> <span class='ocrx_word' id='word_1_53' title='bbox 795 842 979 912; x_wconf 86' lang='lat' dir='ltr'><strong><em>peribit</em></strong></span> <span class='ocrx_word' id='word_1_54' title='bbox 1003 857 1095 894; x_wconf 72' lang='lat' dir='ltr'><strong><em>rere</em></strong></span> <span class='ocrx_word' id='word_1_55' title='bbox 1126 841 1190 895; x_wconf 87' lang='lat' dir='ltr'><strong><em>de</em></strong></span> <span class='ocrx_word' id='word_1_56' title='bbox 1215 838 1382 905; x_wconf 78' lang='lat' dir='ltr'><strong><em>Gaza,</em></strong></span> <span class='ocrx_word' id='word_1_57' title='bbox 1402 850 1447 894; x_wconf 87' lang='lat' dir='ltr'><strong><em>et</em></strong></span> <span class='ocrx_word' id='word_1_58' title='bbox 1473 839 1698 893; x_wconf 76' lang='lat' dir='ltr'><strong><em>Ascalon</em></strong></span> <span class='ocrx_word' id='word_1_59' title='bbox 1730 854 1831 893; x_wconf 82' lang='lat' dir='ltr'><strong><em>non</em></strong></span> <span class='ocrx_word' id='word_1_60' title='bbox 1876 838 2139 891; x_wconf 84' lang='lat' dir='ltr'><strong><em>habitabi-</em></strong></span> 
     </span>
    </p>
   </div>
   <div class='ocr_carea' id='block_1_9' title="bbox 558 928 2139 998">
    <p class='ocr_par' dir='ltr' id='par_1_9' title="bbox 558 928 2139 998">
     <span class='ocr_line' id='line_1_9' title="bbox 558 928 2139 998; baseline 0 -17"><span class='ocrx_word' id='word_1_61' title='bbox 558 946 665 984; x_wconf 77' lang='lat' dir='ltr'><strong><em>tur.</em></strong></span> <span class='ocrx_word' id='word_1_62' title='bbox 698 929 762 982; x_wconf 83' lang='lat' dir='ltr'><strong><em>Et</em></strong></span> <span class='ocrx_word' id='word_1_63' title='bbox 790 929 1096 998; x_wconf 74' lang='lat' dir='ltr'><strong><em>alienigena:</em></strong></span> <span class='ocrx_word' id='word_1_64' title='bbox 1124 929 1433 983; x_wconf 80' lang='lat' dir='ltr'><strong><em>habitabant</em></strong></span> <span class='ocrx_word' id='word_1_65' title='bbox 1456 928 1509 982; x_wconf 80' lang='lat' dir='ltr'><strong><em>in</em></strong></span> <span class='ocrx_word' id='word_1_66' title='bbox 1546 928 1738 995; x_wconf 73' lang='lat' dir='ltr'><strong><em>Azoto,</em></strong></span> <span class='ocrx_word' id='word_1_67' title='bbox 1775 938 1824 983; x_wconf 86' lang='lat' dir='ltr'><strong><em>et</em></strong></span> <span class='ocrx_word' id='word_1_68' title='bbox 1869 929 2139 983; x_wconf 77' lang='lat' dir='ltr'><strong><em>destruant</em></strong></span> 
     </span>
    </p>
   </div>
   <div class='ocr_carea' id='block_1_10' title="bbox 558 1021 1329 1093">
    <p class='ocr_par' dir='ltr' id='par_1_10' title="bbox 558 1021 1329 1093">
     <span class='ocr_line' id='line_1_10' title="bbox 558 1021 1329 1093; baseline 0 -18"><span class='ocrx_word' id='word_1_69' title='bbox 558 1023 857 1093; x_wconf 71' lang='lat' dir='ltr'><strong><em>superbiam</em></strong></span> <span class='ocrx_word' id='word_1_70' title='bbox 889 1021 1329 1091; x_wconf 80' lang='lat' dir='ltr'><strong><em>alienigenarum.</em></strong></span> 
     </span>
    </p>
   </div>
   <div class='ocr_carea' id='block_1_11' title="bbox 631 1196 2141 1269">
    <p class='ocr_par' dir='ltr' id='par_1_11' title="bbox 631 1196 2141 1269">
     <span class='ocr_line' id='line_1_11' title="bbox 631 1196 2141 1269; baseline -0.006 -10"><span class='ocrx_word' id='word_1_71' title='bbox 631 1204 764 1261; x_wconf 80' lang='lat' dir='ltr'><strong><em>LIV.</em></strong></span> <span class='ocrx_word' id='word_1_72' title='bbox 797 1201 968 1266; x_wconf 85' lang='lat' dir='ltr'><strong><em>Bello,</em></strong></span> <span class='ocrx_word' id='word_1_73' title='bbox 998 1208 1053 1255; x_wconf 91' lang='lat' dir='ltr'><strong><em>ct</em></strong></span> <span class='ocrx_word' id='word_1_74' title='bbox 1082 1200 1288 1269; x_wconf 74' lang='lat' dir='ltr'><strong><em>prmliis</em></strong></span> <span class='ocrx_word' id='word_1_75' title='bbox 1306 1198 1576 1268; x_wconf 75' lang='lat' dir='ltr'><strong><em>regionem</em></strong></span> <span class='ocrx_word' id='word_1_76' title='bbox 1642 1197 2050 1263; x_wconf 84' lang='lat' dir='ltr'><strong><em>invadentibus,</em></strong></span> <span class='ocrx_word' id='word_1_77' title='bbox 2080 1196 2141 1250; x_wconf 83' lang='lat' dir='ltr'><strong><em>ll-</em></strong></span> 
     </span>
    </p>
   </div>
   <div class='ocr_carea' id='block_1_12' title="bbox 562 1289 2137 1359">
    <p class='ocr_par' dir='ltr' id='par_1_12' title="bbox 562 1289 2137 1359">
     <span class='ocr_line' id='line_1_12' title="bbox 562 1289 2137 1359; baseline -0.006 -8"><span class='ocrx_word' id='word_1_78' title='bbox 562 1297 838 1352; x_wconf 83' lang='lat' dir='ltr'><strong><em>dentiores</em></strong></span> <span class='ocrx_word' id='word_1_79' title='bbox 861 1304 916 1349; x_wconf 88' lang='lat' dir='ltr'><strong><em>et</em></strong></span> <span class='ocrx_word' id='word_1_80' title='bbox 939 1294 1081 1348; x_wconf 89' lang='lat' dir='ltr'><strong><em>bona</em></strong></span> <span class='ocrx_word' id='word_1_81' title='bbox 1108 1306 1203 1359; x_wconf 85' lang='lat' dir='ltr'><strong><em>spe</em></strong></span> <span class='ocrx_word' id='word_1_82' title='bbox 1231 1291 1533 1345; x_wconf 80' lang='lat' dir='ltr'><strong><em>erectiores</em></strong></span> <span class='ocrx_word' id='word_1_83' title='bbox 1562 1298 1694 1345; x_wconf 88' lang='lat' dir='ltr'><strong><em>sunt</em></strong></span> <span class='ocrx_word' id='word_1_84' title='bbox 1726 1289 2019 1359; x_wconf 83' lang='lat' dir='ltr'><strong><em>aliquando</em></strong></span> <span class='ocrx_word' id='word_1_85' title='bbox 2046 1304 2137 1343; x_wconf 83' lang='lat' dir='ltr'><strong><em>ur-</em></strong></span> 
     </span>
    </p>
   </div>
   <div class='ocr_carea' id='block_1_13' title="bbox 563 1382 2144 1457">
    <p class='ocr_par' dir='ltr' id='par_1_13' title="bbox 563 1382 2144 1457">
     <span class='ocr_line' id='line_1_13' title="bbox 563 1382 2144 1457; baseline -0.004 -13"><span class='ocrx_word' id='word_1_86' title='bbox 563 1390 657 1444; x_wconf 83' lang='lat' dir='ltr'><strong><em>bes</em></strong></span> <span class='ocrx_word' id='word_1_87' title='bbox 686 1388 822 1457; x_wconf 85' lang='lat' dir='ltr'><strong><em>ejus.</em></strong></span> <span class='ocrx_word' id='word_1_88' title='bbox 852 1385 1094 1441; x_wconf 88' lang='lat' dir='ltr'><strong><em>Credunt</em></strong></span> <span class='ocrx_word' id='word_1_89' title='bbox 1118 1384 1261 1438; x_wconf 91' lang='lat' dir='ltr'><strong><em>enim</em></strong></span> <span class='ocrx_word' id='word_1_90' title='bbox 1292 1383 1359 1439; x_wconf 88' lang='lat' dir='ltr'><strong><em>de</em></strong></span> <span class='ocrx_word' id='word_1_91' title='bbox 1389 1382 1639 1439; x_wconf 78' lang='lat' dir='ltr'><strong><em>hostibus</em></strong></span> <span class='ocrx_word' id='word_1_92' title='bbox 1673 1394 1765 1437; x_wconf 89' lang='lat' dir='ltr'><strong><em>aut</em></strong></span> <span class='ocrx_word' id='word_1_93' title='bbox 1794 1382 2144 1437; x_wconf 72' lang='lat' dir='ltr'><strong><em>multitudine</em></strong></span> 
     </span>
    </p>
   </div>
   <div class='ocr_carea' id='block_1_14' title="bbox 562 1474 2145 1543">
    <p class='ocr_par' dir='ltr' id='par_1_14' title="bbox 562 1474 2145 1543">
     <span class='ocr_line' id='line_1_14' title="bbox 562 1474 2145 1543; baseline -0.006 -7"><span class='ocrx_word' id='word_1_94' title='bbox 562 1481 935 1543; x_wconf 70' lang='lat' dir='ltr'><strong><em>incolentium,</em></strong></span> <span class='ocrx_word' id='word_1_95' title='bbox 964 1486 1058 1532; x_wconf 83' lang='lat' dir='ltr'><strong><em>aut</em></strong></span> <span class='ocrx_word' id='word_1_96' title='bbox 1091 1475 1354 1532; x_wconf 87' lang='lat' dir='ltr'><strong><em>tirmitate</em></strong></span> <span class='ocrx_word' id='word_1_97' title='bbox 1376 1476 1664 1542; x_wconf 64' lang='lat' dir='ltr'><strong><em>manium,</em></strong></span> <span class='ocrx_word' id='word_1_98' title='bbox 1707 1484 1762 1529; x_wconf 87' lang='lat' dir='ltr'><strong><em>et</em></strong></span> <span class='ocrx_word' id='word_1_99' title='bbox 1783 1474 2012 1529; x_wconf 88' lang='lat' dir='ltr'><strong><em>scientia</em></strong></span> <span class='ocrx_word' id='word_1_100' title='bbox 2044 1474 2145 1527; x_wconf 85' lang='lat' dir='ltr'><strong><em>mi-</em></strong></span> 
     </span>
    </p>
   </div>
   <div class='ocr_carea' id='block_1_15' title="bbox 558 1564 2145 1635">
    <p class='ocr_par' dir='ltr' id='par_1_15' title="bbox 558 1564 2145 1635">
     <span class='ocr_line' id='line_1_15' title="bbox 558 1564 2145 1635; baseline -0.006 -7"><span class='ocrx_word' id='word_1_101' title='bbox 558 1572 702 1628; x_wconf 80' lang='lat' dir='ltr'><strong><em>litari</em></strong></span> <span class='ocrx_word' id='word_1_102' title='bbox 726 1570 1009 1626; x_wconf 88' lang='lat' dir='ltr'><strong><em>victoriam</em></strong></span> <span class='ocrx_word' id='word_1_103' title='bbox 1046 1567 1335 1624; x_wconf 80' lang='lat' dir='ltr'><strong><em>relaturos.</em></strong></span> <span class='ocrx_word' id='word_1_104' title='bbox 1372 1567 1525 1632; x_wconf 85' lang='lat' dir='ltr'><strong><em>Quod</em></strong></span> <span class='ocrx_word' id='word_1_105' title='bbox 1550 1566 1594 1621; x_wconf 90' lang='lat' dir='ltr'><strong><em>si</em></strong></span> <span class='ocrx_word' id='word_1_106' title='bbox 1625 1566 1891 1635; x_wconf 71' lang='lat' dir='ltr'><strong><em>qumpiam</em></strong></span> <span class='ocrx_word' id='word_1_107' title='bbox 1925 1565 1990 1619; x_wconf 88' lang='lat' dir='ltr'><strong><em>de</em></strong></span> <span class='ocrx_word' id='word_1_108' title='bbox 2013 1564 2145 1632; x_wconf 88' lang='lat' dir='ltr'><strong><em>ipsis</em></strong></span> 
     </span>
    </p>
   </div>
   <div class='ocr_carea' id='block_1_16' title="bbox 559 1659 2144 1734">
    <p class='ocr_par' dir='ltr' id='par_1_16' title="bbox 559 1659 2144 1734">
     <span class='ocr_line' id='line_1_16' title="bbox 559 1659 2144 1734; baseline -0.007 -15"><span class='ocrx_word' id='word_1_109' title='bbox 559 1665 827 1734; x_wconf 77' lang='lat' dir='ltr'><strong><em>capiatur,</em></strong></span> <span class='ocrx_word' id='word_1_110' title='bbox 853 1677 975 1732; x_wconf 68' lang='lat' dir='ltr'><strong><em>quae</em></strong></span> <span class='ocrx_word' id='word_1_111' title='bbox 1008 1659 1387 1729; x_wconf 86' lang='lat' dir='ltr'><strong><em>potentissima</em></strong></span> <span class='ocrx_word' id='word_1_112' title='bbox 1413 1659 1520 1714; x_wconf 88' lang='lat' dir='ltr'><strong><em>dici</em></strong></span> <span class='ocrx_word' id='word_1_113' title='bbox 1550 1667 1788 1727; x_wconf 81' lang='lat' dir='ltr'><strong><em>poterat,</em></strong></span> <span class='ocrx_word' id='word_1_114' title='bbox 1836 1666 1963 1712; x_wconf 90' lang='lat' dir='ltr'><strong><em>tunc</em></strong></span> <span class='ocrx_word' id='word_1_115' title='bbox 1990 1671 2144 1723; x_wconf 85' lang='lat' dir='ltr'><strong><em>sane,</em></strong></span> 
     </span>
    </p>
   </div>
   <div class='ocr_carea' id='block_1_17' title="bbox 558 1748 2144 1822">
    <p class='ocr_par' dir='ltr' id='par_1_17' title="bbox 558 1748 2144 1822">
     <span class='ocr_line' id='line_1_17' title="bbox 558 1748 2144 1822; baseline -0.004 -14"><span class='ocrx_word' id='word_1_116' title='bbox 558 1767 685 1810; x_wconf 85' lang='lat' dir='ltr'><strong><em>tunc</em></strong></span> <span class='ocrx_word' id='word_1_117' title='bbox 708 1753 959 1822; x_wconf 74' lang='lat' dir='ltr'><strong><em>quaelibet</em></strong></span> <span class='ocrx_word' id='word_1_118' title='bbox 992 1751 1178 1807; x_wconf 89' lang='lat' dir='ltr'><strong><em>timori</em></strong></span> <span class='ocrx_word' id='word_1_119' title='bbox 1197 1751 1525 1815; x_wconf 88' lang='lat' dir='ltr'><strong><em>succumbit,</em></strong></span> <span class='ocrx_word' id='word_1_120' title='bbox 1552 1760 1605 1806; x_wconf 89' lang='lat' dir='ltr'><strong><em>et</em></strong></span> <span class='ocrx_word' id='word_1_121' title='bbox 1631 1764 1785 1819; x_wconf 88' lang='lat' dir='ltr'><strong><em>spem</em></strong></span> <span class='ocrx_word' id='word_1_122' title='bbox 1823 1749 2027 1818; x_wconf 76' lang='lat' dir='ltr'><strong><em>abiicit,</em></strong></span> <span class='ocrx_word' id='word_1_123' title='bbox 2062 1748 2144 1803; x_wconf 77' lang='lat' dir='ltr'><strong><em>el-</em></strong></span> 
     </span>
    </p>
   </div>
   <div class='ocr_carea' id='block_1_18' title="bbox 556 1841 2143 1915">
    <p class='ocr_par' dir='ltr' id='par_1_18' title="bbox 556 1841 2143 1915">
     <span class='ocr_line' id='line_1_18' title="bbox 556 1841 2143 1915; baseline -0.003 -17"><span class='ocrx_word' id='word_1_124' title='bbox 556 1843 817 1915; x_wconf 80' lang='lat' dir='ltr'><strong><em>l&#39;ugiendi,</em></strong></span> <span class='ocrx_word' id='word_1_125' title='bbox 841 1842 1144 1912; x_wconf 86' lang='lat' dir='ltr'><strong><em>inquam,ct</em></strong></span> <span class='ocrx_word' id='word_1_126' title='bbox 1163 1851 1221 1897; x_wconf 88' lang='lat' dir='ltr'><strong><em>ut</em></strong></span> <span class='ocrx_word' id='word_1_127' title='bbox 1242 1850 1517 1911; x_wconf 82' lang='lat' dir='ltr'><strong><em>prostrata</em></strong></span> <span class='ocrx_word' id='word_1_128' title='bbox 1533 1842 1644 1911; x_wconf 80' lang='lat' dir='ltr'><strong><em>jam</em></strong></span> <span class='ocrx_word' id='word_1_129' title='bbox 1671 1841 2018 1897; x_wconf 83' lang='lat' dir='ltr'><strong><em>lamentatur.</em></strong></span> <span class='ocrx_word' id='word_1_130' title='bbox 2037 1841 2143 1895; x_wconf 86' lang='lat' dir='ltr'><strong><em>Ca-</em></strong></span> 
     </span>
    </p>
   </div>
   <div class='ocr_carea' id='block_1_19' title="bbox 556 1931 2147 2004">
    <p class='ocr_par' dir='ltr' id='par_1_19' title="bbox 556 1931 2147 2004">
     <span class='ocr_line' id='line_1_19' title="bbox 556 1931 2147 2004; baseline -0.001 -15"><span class='ocrx_word' id='word_1_131' title='bbox 556 1946 649 2004; x_wconf 80' lang='lat' dir='ltr'><strong><em>pta</em></strong></span> <span class='ocrx_word' id='word_1_132' title='bbox 682 1936 845 2004; x_wconf 79' lang='lat' dir='ltr'><strong><em>igitur</em></strong></span> <span class='ocrx_word' id='word_1_133' title='bbox 871 1934 1006 1988; x_wconf 82' lang='lat' dir='ltr'><strong><em>adeo</em></strong></span> <span class='ocrx_word' id='word_1_134' title='bbox 1040 1932 1354 2002; x_wconf 87' lang='lat' dir='ltr'><strong><em>conspicua,</em></strong></span> <span class='ocrx_word' id='word_1_135' title='bbox 1380 1941 1433 1987; x_wconf 87' lang='lat' dir='ltr'><strong><em>et</em></strong></span> <span class='ocrx_word' id='word_1_136' title='bbox 1455 1931 1812 1997; x_wconf 87' lang='lat' dir='ltr'><strong><em>validissima,</em></strong></span> <span class='ocrx_word' id='word_1_137' title='bbox 1836 1941 1893 1987; x_wconf 88' lang='lat' dir='ltr'><strong><em>et</em></strong></span> <span class='ocrx_word' id='word_1_138' title='bbox 1946 1932 2147 1987; x_wconf 66' lang='lat' dir='ltr'><strong><em>divitiis</em></strong></span> 
     </span>
    </p>
   </div>
   <div class='ocr_carea' id='block_1_20' title="bbox 2326 644 3831 725">
    <p class='ocr_par' dir='ltr' id='par_1_20' title="bbox 2326 644 3831 725">
     <span class='ocr_line' id='line_1_20' title="bbox 2326 644 3831 725; baseline -0.004 -18"><span class='ocrx_word' id='word_1_139' title='bbox 2326 656 2575 725; x_wconf 69' lang='grc' dir='ltr'>Ὀψεται</span> <span class='ocrx_word' id='word_1_140' title='bbox 2614 650 2936 714; x_wconf 79' lang='grc' dir='ltr'><strong><em>Ἀσκάλων,</em></strong></span> <span class='ocrx_word' id='word_1_141' title='bbox 2972 650 3069 703; x_wconf 81' lang='grc' dir='ltr'>καὶ</span> <span class='ocrx_word' id='word_1_142' title='bbox 3107 647 3549 717; x_wconf 63' lang='grc' dir='ltr'><strong><em>φοϐηθήσεταν</em></strong></span> <span class='ocrx_word' id='word_1_143' title='bbox 3582 645 3679 700; x_wconf 77' lang='grc' dir='ltr'><strong><em>καί</em></strong></span> <span class='ocrx_word' id='word_1_144' title='bbox 3708 644 3831 701; x_wconf 77' lang='grc' dir='ltr'><strong><em>Γάο</em></strong></span> 
     </span>
    </p>
   </div>
   <div class='ocr_carea' id='block_1_21' title="bbox 2244 734 3832 812">
    <p class='ocr_par' dir='ltr' id='par_1_21' title="bbox 2244 734 3832 812">
     <span class='ocr_line' id='line_1_21' title="bbox 2244 734 3832 812; baseline -0.023 -10"><span class='ocrx_word' id='word_1_145' title='bbox 2244 746 2329 812; x_wconf 83' lang='grc' dir='ltr'>ζα,</span> <span class='ocrx_word' id='word_1_146' title='bbox 2373 745 2475 798; x_wconf 75' lang='grc' dir='ltr'>καὶ</span> <span class='ocrx_word' id='word_1_147' title='bbox 2522 742 2961 810; x_wconf 78' lang='grc' dir='ltr'>ὀδυνηθήσεται</span> <span class='ocrx_word' id='word_1_148' title='bbox 3009 738 3277 807; x_wconf 69' lang='grc' dir='ltr'>σφόδρα·</span> <span class='ocrx_word' id='word_1_149' title='bbox 3336 737 3435 791; x_wconf 68' lang='grc' dir='ltr'>καὶ</span> <span class='ocrx_word' id='word_1_150' title='bbox 3501 734 3832 802; x_wconf 59' lang='grc' dir='ltr'><strong><em>Ἀκκαρὼν,</em></strong></span> 
     </span>
    </p>
   </div>
   <div class='ocr_carea' id='block_1_22' title="bbox 2242 826 3833 904">
    <p class='ocr_par' dir='ltr' id='par_1_22' title="bbox 2242 826 3833 904">
     <span class='ocr_line' id='line_1_22' title="bbox 2242 826 3833 904; baseline -0.008 -14"><span class='ocrx_word' id='word_1_151' title='bbox 2242 837 2331 890; x_wconf 81' lang='grc' dir='ltr'>ὅτι</span> <span class='ocrx_word' id='word_1_152' title='bbox 2366 836 2642 904; x_wconf 76' lang='grc' dir='ltr'><strong><em>ᾐσχύνθη</em></strong></span> <span class='ocrx_word' id='word_1_153' title='bbox 2686 834 2803 892; x_wconf 78' lang='grc' dir='ltr'><strong><em>ἀπὸ</em></strong></span> <span class='ocrx_word' id='word_1_154' title='bbox 2851 831 2961 900; x_wconf 81' lang='grc' dir='ltr'><strong><em>τῆς</em></strong></span> <span class='ocrx_word' id='word_1_155' title='bbox 3002 829 3251 899; x_wconf 78' lang='grc' dir='ltr'><strong><em>ἐλπίδος</em></strong></span> <span class='ocrx_word' id='word_1_156' title='bbox 3296 826 3507 893; x_wconf 83' lang='grc' dir='ltr'>αὐτῆς.</span> <span class='ocrx_word' id='word_1_157' title='bbox 3540 826 3649 880; x_wconf 78' lang='grc' dir='ltr'><strong><em>Καὶ</em></strong></span> <span class='ocrx_word' id='word_1_158' title='bbox 3680 827 3833 880; x_wconf 78' lang='grc' dir='ltr'><strong><em>ἀπο-</em></strong></span> 
     </span>
    </p>
   </div>
   <div class='ocr_carea' id='block_1_23' title="bbox 2242 918 3834 1002">
    <p class='ocr_par' dir='ltr' id='par_1_23' title="bbox 2242 918 3834 1002">
     <span class='ocr_line' id='line_1_23' title="bbox 2242 918 3834 1002; baseline -0.008 -21"><span class='ocrx_word' id='word_1_159' title='bbox 2242 927 2433 1002; x_wconf 78' lang='grc' dir='ltr'>λεῒτᾳι</span> <span class='ocrx_word' id='word_1_160' title='bbox 2472 924 2772 991; x_wconf 79' lang='grc' dir='ltr'>βασιλεὺς</span> <span class='ocrx_word' id='word_1_161' title='bbox 2817 925 2884 977; x_wconf 81' lang='grc' dir='ltr'><strong><em>ἐκ</em></strong></span> <span class='ocrx_word' id='word_1_162' title='bbox 2919 920 3130 989; x_wconf 78' lang='grc' dir='ltr'><strong><em>Γάζης,</em></strong></span> <span class='ocrx_word' id='word_1_163' title='bbox 3160 918 3257 972; x_wconf 76' lang='grc' dir='ltr'>καὶ</span> <span class='ocrx_word' id='word_1_164' title='bbox 3304 918 3617 973; x_wconf 76' lang='grc' dir='ltr'><strong><em>Ἀσκάλων</em></strong></span> <span class='ocrx_word' id='word_1_165' title='bbox 3649 918 3721 971; x_wconf 84' lang='grc' dir='ltr'><strong><em>οὐ</em></strong></span> <span class='ocrx_word' id='word_1_166' title='bbox 3744 918 3834 986; x_wconf 78' lang='grc' dir='ltr'><strong><em>μὴ</em></strong></span> 
     </span>
    </p>
   </div>
   <div class='ocr_carea' id='block_1_24' title="bbox 2241 1008 3839 1086">
    <p class='ocr_par' dir='ltr' id='par_1_24' title="bbox 2241 1008 3839 1086">
     <span class='ocr_line' id='line_1_24' title="bbox 2241 1008 3839 1086; baseline -0.006 -14"><span class='ocrx_word' id='word_1_167' title='bbox 2241 1018 2589 1086; x_wconf 78' lang='grc' dir='ltr'>κατοικηθῇ.</span> <span class='ocrx_word' id='word_1_168' title='bbox 2653 1017 2763 1071; x_wconf 78' lang='grc' dir='ltr'><strong><em>Καὶ</em></strong></span> <span class='ocrx_word' id='word_1_169' title='bbox 2827 1013 3301 1081; x_wconf 74' lang='grc' dir='ltr'><strong><em>κατοικήσουσιν</em></strong></span> <span class='ocrx_word' id='word_1_170' title='bbox 3355 1009 3711 1080; x_wconf 77' lang='grc' dir='ltr'><strong><em>ἀλλογενεῖς</em></strong></span> <span class='ocrx_word' id='word_1_171' title='bbox 3765 1008 3839 1063; x_wconf 75' lang='grc' dir='ltr'>ἐγ</span> 
     </span>
    </p>
   </div>
   <div class='ocr_carea' id='block_1_25' title="bbox 2256 1105 3517 1178">
    <p class='ocr_par' dir='ltr' id='par_1_25' title="bbox 2256 1105 3517 1178">
     <span class='ocr_line' id='line_1_25' title="bbox 2256 1105 3517 1178; baseline -0.006 -14"><span class='ocrx_word' id='word_1_172' title='bbox 2256 1110 2495 1178; x_wconf 81' lang='grc' dir='ltr'><strong><em>Ἀζώτῳ,</em></strong></span> <span class='ocrx_word' id='word_1_173' title='bbox 2531 1110 2630 1163; x_wconf 78' lang='grc' dir='ltr'>καὶ</span> <span class='ocrx_word' id='word_1_174' title='bbox 2664 1106 2896 1163; x_wconf 75' lang='grc' dir='ltr'>καθελῶ</span> <span class='ocrx_word' id='word_1_175' title='bbox 2926 1108 3098 1175; x_wconf 78' lang='grc' dir='ltr'>ὕϐριν</span> <span class='ocrx_word' id='word_1_176' title='bbox 3126 1105 3517 1173; x_wconf 73' lang='grc' dir='ltr'><em>ἀλλοφύλων.</em></span> 
     </span>
    </p>
   </div>
   <div class='ocr_carea' id='block_1_26' title="bbox 2313 1194 3835 1270">
    <p class='ocr_par' dir='ltr' id='par_1_26' title="bbox 2313 1194 3835 1270">
     <span class='ocr_line' id='line_1_26' title="bbox 2313 1194 3835 1270; baseline -0.005 -15"><span class='ocrx_word' id='word_1_177' title='bbox 2313 1204 2438 1256; x_wconf 84' lang='grc' dir='ltr'><strong><em>ΝΔ’.</em></strong></span> <span class='ocrx_word' id='word_1_178' title='bbox 2481 1206 2608 1255; x_wconf 86' lang='grc' dir='ltr'><strong><em>Ὅτε</em></strong></span> <span class='ocrx_word' id='word_1_179' title='bbox 2652 1200 2892 1270; x_wconf 82' lang='grc' dir='ltr'>πολέμου</span> <span class='ocrx_word' id='word_1_180' title='bbox 2941 1198 3036 1252; x_wconf 74' lang='grc' dir='ltr'>καὶ</span> <span class='ocrx_word' id='word_1_181' title='bbox 3097 1198 3279 1268; x_wconf 79' lang='grc' dir='ltr'><strong><em>μάχης</em></strong></span> <span class='ocrx_word' id='word_1_182' title='bbox 3333 1196 3538 1267; x_wconf 75' lang='grc' dir='ltr'>ἐμϐολὴ</span> <span class='ocrx_word' id='word_1_183' title='bbox 3602 1194 3835 1249; x_wconf 80' lang='grc' dir='ltr'>κατανέ-</span> 
     </span>
    </p>
   </div>
   <div class='ocr_carea' id='block_1_27' title="bbox 2247 1286 3834 1366">
    <p class='ocr_par' dir='ltr' id='par_1_27' title="bbox 2247 1286 3834 1366">
     <span class='ocr_line' id='line_1_27' title="bbox 2247 1286 3834 1366; baseline -0.006 -18"><span class='ocrx_word' id='word_1_184' title='bbox 2247 1312 2409 1366; x_wconf 87' lang='grc' dir='ltr'>μεται</span> <span class='ocrx_word' id='word_1_185' title='bbox 2431 1294 2638 1364; x_wconf 87' lang='grc' dir='ltr'>χώραν,</span> <span class='ocrx_word' id='word_1_186' title='bbox 2667 1292 3094 1364; x_wconf 74' lang='grc' dir='ltr'>εὐθαρσέστεραί</span> <span class='ocrx_word' id='word_1_187' title='bbox 3125 1291 3241 1355; x_wconf 86' lang='grc' dir='ltr'><strong><em>πώς</em></strong></span> <span class='ocrx_word' id='word_1_188' title='bbox 3270 1292 3395 1354; x_wconf 78' lang='grc' dir='ltr'>εἱσι,</span> <span class='ocrx_word' id='word_1_189' title='bbox 3422 1290 3514 1342; x_wconf 75' lang='grc' dir='ltr'><strong><em>καὶ</em></strong></span> <span class='ocrx_word' id='word_1_190' title='bbox 3539 1289 3595 1340; x_wconf 89' lang='grc' dir='ltr'><strong><em>ἐν</em></strong></span> <span class='ocrx_word' id='word_1_191' title='bbox 3620 1286 3834 1341; x_wconf 79' lang='grc' dir='ltr'><strong><em>ἐλπίσιν</em></strong></span> 
     </span>
    </p>
   </div>
   <div class='ocr_carea' id='block_1_28' title="bbox 2246 1377 3829 1456">
    <p class='ocr_par' dir='ltr' id='par_1_28' title="bbox 2246 1377 3829 1456">
     <span class='ocr_line' id='line_1_28' title="bbox 2246 1377 3829 1456; baseline -0.006 -18"><span class='ocrx_word' id='word_1_192' title='bbox 2246 1386 2356 1439; x_wconf 82' lang='grc' dir='ltr'>ἔσθ’</span> <span class='ocrx_word' id='word_1_193' title='bbox 2389 1387 2475 1439; x_wconf 77' lang='grc' dir='ltr'>ὅτε</span> <span class='ocrx_word' id='word_1_194' title='bbox 2507 1386 2789 1456; x_wconf 77' lang='grc' dir='ltr'>χρησταῖς,</span> <span class='ocrx_word' id='word_1_195' title='bbox 2818 1385 2872 1436; x_wconf 78' lang='grc' dir='ltr'>αἱ</span> <span class='ocrx_word' id='word_1_196' title='bbox 2894 1385 3013 1436; x_wconf 83' lang='grc' dir='ltr'>κατ’</span> <span class='ocrx_word' id='word_1_197' title='bbox 3037 1382 3204 1453; x_wconf 74' lang='grc' dir='ltr'>αὐτὴν</span> <span class='ocrx_word' id='word_1_198' title='bbox 3237 1381 3438 1443; x_wconf 80' lang='grc' dir='ltr'>πόλεις.</span> <span class='ocrx_word' id='word_1_199' title='bbox 3458 1378 3677 1431; x_wconf 79' lang='grc' dir='ltr'>Οἴονται</span> <span class='ocrx_word' id='word_1_200' title='bbox 3699 1377 3829 1449; x_wconf 82' lang='grc' dir='ltr'>γὰρ,</span> 
     </span>
    </p>
   </div>
   <div class='ocr_carea' id='block_1_29' title="bbox 2243 1470 3833 1547">
    <p class='ocr_par' dir='ltr' id='par_1_29' title="bbox 2243 1470 3833 1547">
     <span class='ocr_line' id='line_1_29' title="bbox 2243 1470 3833 1547; baseline -0.005 -18"><span class='ocrx_word' id='word_1_201' title='bbox 2243 1477 2326 1529; x_wconf 79' lang='grc' dir='ltr'>ὅτι</span> <span class='ocrx_word' id='word_1_202' title='bbox 2356 1476 2699 1547; x_wconf 86' lang='grc' dir='ltr'>περιέσονται</span> <span class='ocrx_word' id='word_1_203' title='bbox 2732 1474 2839 1527; x_wconf 88' lang='grc' dir='ltr'><strong><em>τῶν</em></strong></span> <span class='ocrx_word' id='word_1_204' title='bbox 2868 1474 3078 1544; x_wconf 79' lang='grc' dir='ltr'>ἐχθρῶν</span> <span class='ocrx_word' id='word_1_205' title='bbox 3126 1473 3159 1544; x_wconf 79' lang='grc' dir='ltr'>ἢ</span> <span class='ocrx_word' id='word_1_206' title='bbox 3205 1472 3283 1542; x_wconf 83' lang='grc' dir='ltr'><strong><em>τῷ</em></strong></span> <span class='ocrx_word' id='word_1_207' title='bbox 3332 1471 3524 1541; x_wconf 85' lang='grc' dir='ltr'>πλήθει</span> <span class='ocrx_word' id='word_1_208' title='bbox 3554 1470 3662 1523; x_wconf 88' lang='grc' dir='ltr'><strong><em>τῶν</em></strong></span> <span class='ocrx_word' id='word_1_209' title='bbox 3694 1471 3833 1522; x_wconf 75' lang='grc' dir='ltr'>ἐνοι-</span> 
     </span>
    </p>
   </div>
   <div class='ocr_carea' id='block_1_30' title="bbox 2245 1558 3835 1636">
    <p class='ocr_par' dir='ltr' id='par_1_30' title="bbox 2245 1558 3835 1636">
     <span class='ocr_line' id='line_1_30' title="bbox 2245 1558 3835 1636; baseline -0.007 -16"><span class='ocrx_word' id='word_1_210' title='bbox 2245 1567 2484 1620; x_wconf 80' lang='grc' dir='ltr'>κούντων</span> <span class='ocrx_word' id='word_1_211' title='bbox 2533 1567 2748 1629; x_wconf 79' lang='grc' dir='ltr'>αὐταῖς,</span> <span class='ocrx_word' id='word_1_212' title='bbox 2782 1567 2816 1636; x_wconf 79' lang='grc' dir='ltr'>ἢ</span> <span class='ocrx_word' id='word_1_213' title='bbox 2872 1565 3067 1634; x_wconf 80' lang='grc' dir='ltr'><strong>τειχῶν</strong></span> <span class='ocrx_word' id='word_1_214' title='bbox 3111 1564 3421 1635; x_wconf 80' lang='grc' dir='ltr'><strong><em>ὀχυρότητι,</em></strong></span> <span class='ocrx_word' id='word_1_215' title='bbox 3450 1562 3544 1615; x_wconf 74' lang='grc' dir='ltr'>καὶ</span> <span class='ocrx_word' id='word_1_216' title='bbox 3576 1563 3697 1622; x_wconf 80' lang='grc' dir='ltr'>ταῖς</span> <span class='ocrx_word' id='word_1_217' title='bbox 3724 1558 3835 1611; x_wconf 88' lang='grc' dir='ltr'><strong><em>τῶν</em></strong></span> 
     </span>
    </p>
   </div>
   <div class='ocr_carea' id='block_1_31' title="bbox 2245 1651 3833 1728">
    <p class='ocr_par' dir='ltr' id='par_1_31' title="bbox 2245 1651 3833 1728">
     <span class='ocr_line' id='line_1_31' title="bbox 2245 1651 3833 1728; baseline -0.006 -16"><span class='ocrx_word' id='word_1_218' title='bbox 2245 1657 2516 1712; x_wconf 79' lang='grc' dir='ltr'><strong><em>τακτικῶν</em></strong></span> <span class='ocrx_word' id='word_1_219' title='bbox 2565 1659 2913 1728; x_wconf 84' lang='grc' dir='ltr'>ἐπιστήμαις.</span> <span class='ocrx_word' id='word_1_220' title='bbox 2948 1658 3010 1709; x_wconf 82' lang='grc' dir='ltr'><strong><em>Εἰ</em></strong></span> <span class='ocrx_word' id='word_1_221' title='bbox 3062 1657 3119 1709; x_wconf 87' lang='grc' dir='ltr'>δὲ</span> <span class='ocrx_word' id='word_1_222' title='bbox 3164 1655 3229 1726; x_wconf 87' lang='grc' dir='ltr'><strong><em>δὴ</em></strong></span> <span class='ocrx_word' id='word_1_223' title='bbox 3278 1655 3487 1722; x_wconf 83' lang='grc' dir='ltr'>γένοιτο</span> <span class='ocrx_word' id='word_1_224' title='bbox 3534 1653 3642 1705; x_wconf 91' lang='grc' dir='ltr'><strong><em>τῶν</em></strong></span> <span class='ocrx_word' id='word_1_225' title='bbox 3681 1651 3833 1722; x_wconf 86' lang='grc' dir='ltr'>παρά</span> 
     </span>
    </p>
   </div>
   <div class='ocr_carea' id='block_1_32' title="bbox 2249 1745 3830 1820">
    <p class='ocr_par' dir='ltr' id='par_1_32' title="bbox 2249 1745 3830 1820">
     <span class='ocr_line' id='line_1_32' title="bbox 2249 1745 3830 1820; baseline -0.004 -17"><span class='ocrx_word' id='word_1_226' title='bbox 2249 1767 2432 1819; x_wconf 82' lang='grc' dir='ltr'>σφισιν</span> <span class='ocrx_word' id='word_1_227' title='bbox 2481 1749 2685 1803; x_wconf 82' lang='grc' dir='ltr'>ἁλῶναι</span> <span class='ocrx_word' id='word_1_228' title='bbox 2733 1749 2883 1820; x_wconf 88' lang='grc' dir='ltr'>μίαν,</span> <span class='ocrx_word' id='word_1_229' title='bbox 2923 1750 3068 1819; x_wconf 74' lang='grc' dir='ltr'>ἥπερ</span> <span class='ocrx_word' id='word_1_230' title='bbox 3102 1747 3166 1802; x_wconf 85' lang='grc' dir='ltr'><strong><em>ἂν</em></strong></span> <span class='ocrx_word' id='word_1_231' title='bbox 3197 1746 3415 1819; x_wconf 42' lang='grc' dir='ltr'>λέγοιτο.</span> <span class='ocrx_word' id='word_1_232' title='bbox 3452 1745 3830 1813; x_wconf 77' lang='grc' dir='ltr'>δυνατωτάτη,</span> 
     </span>
    </p>
   </div>
   <div class='ocr_carea' id='block_1_33' title="bbox 2246 1836 3834 1912">
    <p class='ocr_par' dir='ltr' id='par_1_33' title="bbox 2246 1836 3834 1912">
     <span class='ocr_line' id='line_1_33' title="bbox 2246 1836 3834 1912; baseline -0.005 -18"><span class='ocrx_word' id='word_1_233' title='bbox 2246 1841 2367 1894; x_wconf 89' lang='grc' dir='ltr'>τότε</span> <span class='ocrx_word' id='word_1_234' title='bbox 2391 1841 2477 1912; x_wconf 86' lang='grc' dir='ltr'><strong><em>δὴ,</em></strong></span> <span class='ocrx_word' id='word_1_235' title='bbox 2507 1842 2627 1894; x_wconf 84' lang='grc' dir='ltr'>τότε</span> <span class='ocrx_word' id='word_1_236' title='bbox 2657 1842 2805 1895; x_wconf 80' lang='grc' dir='ltr'>πᾶσα</span> <span class='ocrx_word' id='word_1_237' title='bbox 2832 1841 2927 1910; x_wconf 86' lang='grc' dir='ltr'>μὲν</span> <span class='ocrx_word' id='word_1_238' title='bbox 2957 1840 3173 1904; x_wconf 76' lang='grc' dir='ltr'><strong><em>ὀκλάζει</em></strong></span> <span class='ocrx_word' id='word_1_239' title='bbox 3198 1839 3334 1911; x_wconf 82' lang='grc' dir='ltr'>πρὸς</span> <span class='ocrx_word' id='word_1_240' title='bbox 3356 1838 3493 1903; x_wconf 77' lang='grc' dir='ltr'>δέος,</span> <span class='ocrx_word' id='word_1_241' title='bbox 3517 1836 3834 1891; x_wconf 81' lang='grc' dir='ltr'>ἀποσείεται</span> 
     </span>
    </p>
   </div>
   <div class='ocr_carea' id='block_1_34' title="bbox 2247 1928 3833 2005">
    <p class='ocr_par' dir='ltr' id='par_1_34' title="bbox 2247 1928 3833 2005">
     <span class='ocr_line' id='line_1_34' title="bbox 2247 1928 3833 2005; baseline -0.004 -19"><span class='ocrx_word' id='word_1_242' title='bbox 2247 1933 2305 1987; x_wconf 79' lang='grc' dir='ltr'><strong><em>δέ</em></strong></span> <span class='ocrx_word' id='word_1_243' title='bbox 2335 1934 2432 2005; x_wconf 85' lang='grc' dir='ltr'><strong><em>τὴν</em></strong></span> <span class='ocrx_word' id='word_1_244' title='bbox 2464 1934 2673 2000; x_wconf 87' lang='grc' dir='ltr'>ἐλπίδα,</span> <span class='ocrx_word' id='word_1_245' title='bbox 2712 1934 2812 2005; x_wconf 86' lang='grc' dir='ltr'><strong><em>τὴν</em></strong></span> <span class='ocrx_word' id='word_1_246' title='bbox 2859 1933 2951 1986; x_wconf 77' lang='grc' dir='ltr'>τοῦ</span> <span class='ocrx_word' id='word_1_247' title='bbox 3004 1934 3194 2002; x_wconf 78' lang='grc' dir='ltr'>φυγεῖν</span> <span class='ocrx_word' id='word_1_248' title='bbox 3242 1930 3502 1984; x_wconf 79' lang='grc' dir='ltr'>δύνασθαι</span> <span class='ocrx_word' id='word_1_249' title='bbox 3540 1931 3703 2000; x_wconf 74' lang='grc' dir='ltr'>φημὶ,</span> <span class='ocrx_word' id='word_1_250' title='bbox 3739 1928 3833 1980; x_wconf 76' lang='grc' dir='ltr'><strong><em>καὶ</em></strong></span> 
     </span>
    </p>
   </div>
   <div class='ocr_carea' id='block_1_35' title="bbox 559 2016 2141 2098">
    <p class='ocr_par' dir='ltr' id='par_1_35' title="bbox 559 2023 2141 2093">
     <span class='ocr_line' id='line_1_35' title="bbox 559 2023 2141 2093; baseline -0.002 -12"><span class='ocrx_word' id='word_1_251' title='bbox 559 2026 761 2081; x_wconf 79' lang='lat' dir='ltr'><strong><em>referta</em></strong></span> <span class='ocrx_word' id='word_1_252' title='bbox 790 2043 802 2079; x_wconf 89' lang='lat'><strong>:</strong></span> <span class='ocrx_word' id='word_1_253' title='bbox 838 2043 855 2076; x_wconf 85' lang='grc' dir='ltr'><strong><em>ι</em></strong></span> <span class='ocrx_word' id='word_1_254' title='bbox 891 2023 1361 2093; x_wconf 84' lang='lat' dir='ltr'><strong><em>Timebit,inquit,</em></strong></span> <span class='ocrx_word' id='word_1_255' title='bbox 1383 2023 1636 2087; x_wconf 85' lang='lat' dir='ltr'><strong><em>Ascalon,</em></strong></span> <span class='ocrx_word' id='word_1_256' title='bbox 1661 2032 1719 2078; x_wconf 91' lang='lat' dir='ltr'><strong><em>et</em></strong></span> <span class='ocrx_word' id='word_1_257' title='bbox 1739 2024 1886 2078; x_wconf 80' lang='lat' dir='ltr'><strong><em>Gaza</em></strong></span> <span class='ocrx_word' id='word_1_258' title='bbox 1921 2023 2141 2091; x_wconf 84' lang='lat' dir='ltr'><strong><em>dolebit,</em></strong></span> 
     </span>
    </p>
   </div>
   <div class='ocr_carea' id='block_1_36' title="bbox 2241 2016 3832 2098">
    <p class='ocr_par' dir='ltr' id='par_1_36' title="bbox 2245 2020 3832 2098">
     <span class='ocr_line' id='line_1_36' title="bbox 2245 2020 3832 2098; baseline -0.005 -18"><span class='ocrx_word' id='word_1_259' title='bbox 2245 2030 2321 2090; x_wconf 77' lang='grc' dir='ltr'><strong><em>ὡς</em></strong></span> <span class='ocrx_word' id='word_1_260' title='bbox 2348 2026 2586 2080; x_wconf 77' lang='grc' dir='ltr'><em>πεσοῦσα</em></span> <span class='ocrx_word' id='word_1_261' title='bbox 2621 2026 2825 2098; x_wconf 84' lang='grc' dir='ltr'>Θρηνεῖ.</span> <span class='ocrx_word' id='word_1_262' title='bbox 2843 2026 3104 2095; x_wconf 83' lang='grc' dir='ltr'><strong><em>Ἀλούσης</em></strong></span> <span class='ocrx_word' id='word_1_263' title='bbox 3127 2025 3191 2095; x_wconf 86' lang='grc' dir='ltr'><strong><em>δὴ</em></strong></span> <span class='ocrx_word' id='word_1_264' title='bbox 3217 2020 3311 2079; x_wconf 81' lang='grc' dir='ltr'><strong><em>οὖν</em></strong></span> <span class='ocrx_word' id='word_1_265' title='bbox 3336 2024 3435 2095; x_wconf 83' lang='grc' dir='ltr'><strong><em>τῆς</em></strong></span> <span class='ocrx_word' id='word_1_266' title='bbox 3459 2022 3601 2075; x_wconf 79' lang='grc' dir='ltr'>οὓτω</span> <span class='ocrx_word' id='word_1_267' title='bbox 3633 2021 3832 2087; x_wconf 73' lang='grc' dir='ltr'>διαφα-</span> 
     </span>
    </p>
   </div>
   <div class='ocr_carea' id='block_1_37' title="bbox 562 2114 2137 2188">
    <p class='ocr_par' dir='ltr' id='par_1_37' title="bbox 562 2114 2137 2188">
     <span class='ocr_line' id='line_1_37' title="bbox 562 2114 2137 2188; baseline -0.001 -17"><span class='ocrx_word' id='word_1_268' title='bbox 562 2128 726 2188; x_wconf 86' lang='lat' dir='ltr'><strong><em>atqne</em></strong></span> <span class='ocrx_word' id='word_1_269' title='bbox 756 2118 921 2173; x_wconf 87' lang='lat' dir='ltr'><strong><em>etiam</em></strong></span> <span class='ocrx_word' id='word_1_270' title='bbox 946 2117 1212 2173; x_wconf 83' lang='lat' dir='ltr'><strong><em>Accaron.</em></strong></span> <span class='ocrx_word' id='word_1_271' title='bbox 1249 2136 1269 2170; x_wconf 74' lang='grc' dir='ltr'><strong><em>ι</em></strong></span> <span class='ocrx_word' id='word_1_272' title='bbox 1326 2116 1501 2173; x_wconf 84' lang='lat' dir='ltr'><strong><em>Urbes</em></strong></span> <span class='ocrx_word' id='word_1_273' title='bbox 1530 2124 1657 2171; x_wconf 89' lang='lat' dir='ltr'><strong><em>sunt</em></strong></span> <span class='ocrx_word' id='word_1_274' title='bbox 1709 2114 2137 2171; x_wconf 69' lang='lat' dir='ltr'><strong><em>Palaastinorum.</em></strong></span> 
     </span>
    </p>
   </div>
   <div class='ocr_carea' id='block_1_38' title="bbox 563 2206 2145 2278">
    <p class='ocr_par' dir='ltr' id='par_1_38' title="bbox 563 2206 2145 2278">
     <span class='ocr_line' id='line_1_38' title="bbox 563 2206 2145 2278; baseline -0.001 -15"><span class='ocrx_word' id='word_1_275' title='bbox 563 2210 774 2263; x_wconf 85' lang='lat' dir='ltr'><strong><em>Dolebit</em></strong></span> <span class='ocrx_word' id='word_1_276' title='bbox 797 2215 998 2271; x_wconf 86' lang='lat' dir='ltr'><strong><em>autem,</em></strong></span> <span class='ocrx_word' id='word_1_277' title='bbox 1029 2225 1048 2258; x_wconf 82' lang='grc' dir='ltr'><strong><em>ι</em></strong></span> <span class='ocrx_word' id='word_1_278' title='bbox 1081 2208 1205 2277; x_wconf 89' lang='lat' dir='ltr'><strong><em>quia</em></strong></span> <span class='ocrx_word' id='word_1_279' title='bbox 1234 2207 1457 2263; x_wconf 83' lang='lat' dir='ltr'><strong><em>confusa</em></strong></span> <span class='ocrx_word' id='word_1_280' title='bbox 1500 2217 1585 2263; x_wconf 85' lang='lat' dir='ltr'><strong><em>est</em></strong></span> <span class='ocrx_word' id='word_1_281' title='bbox 1614 2222 1642 2261; x_wconf 89' lang='lat' dir='ltr'><strong><em>a</em></strong></span> <span class='ocrx_word' id='word_1_282' title='bbox 1678 2222 1775 2278; x_wconf 86' lang='lat' dir='ltr'><strong><em>spe</em></strong></span> <span class='ocrx_word' id='word_1_283' title='bbox 1811 2222 1930 2262; x_wconf 87' lang='lat' dir='ltr'><strong><em>sua.</em></strong></span> <span class='ocrx_word' id='word_1_284' title='bbox 1972 2226 1990 2259; x_wconf 82' lang='grc'>›</span> <span class='ocrx_word' id='word_1_285' title='bbox 2037 2206 2145 2261; x_wconf 90' lang='lat' dir='ltr'><strong><em>Pu-</em></strong></span> 
     </span>
    </p>
   </div>
   <div class='ocr_carea' id='block_1_39' title="bbox 565 2300 2145 2371">
    <p class='ocr_par' dir='ltr' id='par_1_39' title="bbox 565 2300 2145 2371">
     <span class='ocr_line' id='line_1_39' title="bbox 565 2300 2145 2371; baseline 0 -16"><span class='ocrx_word' id='word_1_286' title='bbox 565 2302 749 2356; x_wconf 82' lang='lat' dir='ltr'><strong><em>tabant</em></strong></span> <span class='ocrx_word' id='word_1_287' title='bbox 775 2302 916 2357; x_wconf 86' lang='lat' dir='ltr'><strong><em>enim</em></strong></span> <span class='ocrx_word' id='word_1_288' title='bbox 953 2300 1239 2371; x_wconf 77' lang='lat' dir='ltr'><strong><em>Tyriorum</em></strong></span> <span class='ocrx_word' id='word_1_289' title='bbox 1272 2302 1415 2357; x_wconf 85' lang='lat' dir='ltr'><strong><em>vires</em></strong></span> <span class='ocrx_word' id='word_1_290' title='bbox 1451 2301 1554 2356; x_wconf 84' lang='lat' dir='ltr'><strong><em>sibi</em></strong></span> <span class='ocrx_word' id='word_1_291' title='bbox 1600 2315 1816 2371; x_wconf 79' lang='lat' dir='ltr'><strong><em>quoque</em></strong></span> <span class='ocrx_word' id='word_1_292' title='bbox 1880 2301 1947 2355; x_wconf 89' lang='lat' dir='ltr'><strong><em>ad</em></strong></span> <span class='ocrx_word' id='word_1_293' title='bbox 1990 2301 2145 2355; x_wconf 77' lang='lat' dir='ltr'><strong><em>auxi-</em></strong></span> 
     </span>
    </p>
   </div>
   <div class='ocr_carea' id='block_1_40' title="bbox 564 2388 2144 2459">
    <p class='ocr_par' dir='ltr' id='par_1_40' title="bbox 564 2388 2144 2459">
     <span class='ocr_line' id='line_1_40' title="bbox 564 2388 2144 2459; baseline 0.003 -18"><span class='ocrx_word' id='word_1_294' title='bbox 564 2390 688 2442; x_wconf 85' lang='lat' dir='ltr'><strong><em>lium</em></strong></span> <span class='ocrx_word' id='word_1_295' title='bbox 712 2388 997 2445; x_wconf 77' lang='lat' dir='ltr'><strong><em>satislore.</em></strong></span> <span class='ocrx_word' id='word_1_296' title='bbox 1032 2390 1138 2444; x_wconf 79' lang='lat' dir='ltr'><strong><em>Sed</em></strong></span> <span class='ocrx_word' id='word_1_297' title='bbox 1170 2399 1453 2459; x_wconf 83' lang='lat' dir='ltr'><strong><em>postquam</em></strong></span> <span class='ocrx_word' id='word_1_298' title='bbox 1487 2404 1703 2445; x_wconf 88' lang='lat' dir='ltr'><strong><em>eversas</em></strong></span> <span class='ocrx_word' id='word_1_299' title='bbox 1748 2390 2020 2454; x_wconf 85' lang='lat' dir='ltr'><strong><em>viderunt,</em></strong></span> <span class='ocrx_word' id='word_1_300' title='bbox 2077 2392 2144 2446; x_wconf 89' lang='lat' dir='ltr'><strong><em>de</em></strong></span> 
     </span>
    </p>
   </div>
   <div class='ocr_carea' id='block_1_41' title="bbox 561 2480 2145 2552">
    <p class='ocr_par' dir='ltr' id='par_1_41' title="bbox 561 2480 2145 2552">
     <span class='ocr_line' id='line_1_41' title="bbox 561 2480 2145 2552; baseline 0.002 -17"><span class='ocrx_word' id='word_1_301' title='bbox 561 2496 656 2549; x_wconf 88' lang='lat' dir='ltr'><strong><em>spe</em></strong></span> <span class='ocrx_word' id='word_1_302' title='bbox 682 2482 1019 2536; x_wconf 84' lang='lat' dir='ltr'><strong><em>deciderunt.</em></strong></span> <span class='ocrx_word' id='word_1_303' title='bbox 1046 2480 1111 2534; x_wconf 80' lang='lat' dir='ltr'><strong><em>Et</em></strong></span> <span class='ocrx_word' id='word_1_304' title='bbox 1134 2480 1295 2537; x_wconf 72' lang='lat' dir='ltr'><strong><em>Gaza:</em></strong></span> <span class='ocrx_word' id='word_1_305' title='bbox 1318 2482 1537 2552; x_wconf 89' lang='lat' dir='ltr'><strong><em>quidem</em></strong></span> <span class='ocrx_word' id='word_1_306' title='bbox 1573 2482 1823 2552; x_wconf 86' lang='lat' dir='ltr'><strong><em>princeps</em></strong></span> <span class='ocrx_word' id='word_1_307' title='bbox 1854 2493 2145 2538; x_wconf 84' lang='lat' dir='ltr'><strong><em>evanescet</em></strong></span> 
     </span>
    </p>
   </div>
   <div class='ocr_carea' id='block_1_42' title="bbox 564 2573 2141 2642">
    <p class='ocr_par' dir='ltr' id='par_1_42' title="bbox 564 2573 2141 2642">
     <span class='ocr_line' id='line_1_42' title="bbox 564 2573 2141 2642; baseline 0.004 -18"><span class='ocrx_word' id='word_1_308' title='bbox 564 2574 761 2642; x_wconf 84' lang='lat' dir='ltr'><strong><em>inquit,</em></strong></span> <span class='ocrx_word' id='word_1_309' title='bbox 786 2582 968 2640; x_wconf 89' lang='lat' dir='ltr'><strong><em>utpote</em></strong></span> <span class='ocrx_word' id='word_1_310' title='bbox 993 2573 1339 2641; x_wconf 86' lang='lat' dir='ltr'><strong><em>disperditus.</em></strong></span> <span class='ocrx_word' id='word_1_311' title='bbox 1391 2573 1721 2630; x_wconf 85' lang='lat' dir='ltr'><strong><em>llabitabunt</em></strong></span> <span class='ocrx_word' id='word_1_312' title='bbox 1767 2583 1948 2630; x_wconf 83' lang='lat' dir='ltr'><strong><em>autem</em></strong></span> <span class='ocrx_word' id='word_1_313' title='bbox 2008 2575 2141 2630; x_wconf 88' lang='lat' dir='ltr'><strong><em>alie-</em></strong></span> 
     </span>
    </p>
   </div>
   <div class='ocr_carea' id='block_1_43' title="bbox 562 2664 2140 2736">
    <p class='ocr_par' dir='ltr' id='par_1_43' title="bbox 562 2664 2140 2736">
     <span class='ocr_line' id='line_1_43' title="bbox 562 2664 2140 2736; baseline 0.003 -19"><span class='ocrx_word' id='word_1_314' title='bbox 562 2666 769 2735; x_wconf 68' lang='lat' dir='ltr'><strong><em>uigenti:</em></strong></span> <span class='ocrx_word' id='word_1_315' title='bbox 808 2666 859 2718; x_wconf 90' lang='lat' dir='ltr'><strong><em>in</em></strong></span> <span class='ocrx_word' id='word_1_316' title='bbox 894 2664 1085 2728; x_wconf 80' lang='lat' dir='ltr'><strong><em>Azoto,</em></strong></span> <span class='ocrx_word' id='word_1_317' title='bbox 1138 2664 1278 2722; x_wconf 85' lang='lat' dir='ltr'><strong><em>bello</em></strong></span> <span class='ocrx_word' id='word_1_318' title='bbox 1323 2669 1684 2736; x_wconf 88' lang='lat' dir='ltr'><strong><em>consumptis,</em></strong></span> <span class='ocrx_word' id='word_1_319' title='bbox 1737 2676 1796 2721; x_wconf 88' lang='lat' dir='ltr'><strong><em>ut</em></strong></span> <span class='ocrx_word' id='word_1_320' title='bbox 1852 2677 2140 2723; x_wconf 83' lang='lat' dir='ltr'><strong><em>consenta-</em></strong></span> 
     </span>
    </p>
   </div>
   <div class='ocr_carea' id='block_1_44' title="bbox 563 2759 2143 2830">
    <p class='ocr_par' dir='ltr' id='par_1_44' title="bbox 563 2759 2143 2830">
     <span class='ocr_line' id='line_1_44' title="bbox 563 2759 2143 2830; baseline 0.004 -21"><span class='ocrx_word' id='word_1_321' title='bbox 563 2772 722 2810; x_wconf 85' lang='lat' dir='ltr'><strong><em>neum</em></strong></span> <span class='ocrx_word' id='word_1_322' title='bbox 755 2768 836 2812; x_wconf 87' lang='lat' dir='ltr'><strong><em>est</em></strong></span> <span class='ocrx_word' id='word_1_323' title='bbox 874 2759 1157 2830; x_wconf 79' lang='lat' dir='ltr'><strong><em>indigenis.</em></strong></span> <span class='ocrx_word' id='word_1_324' title='bbox 1186 2760 1347 2814; x_wconf 82' lang='lat' dir='ltr'><strong><em>Addit</em></strong></span> <span class='ocrx_word' id='word_1_325' title='bbox 1385 2760 1492 2824; x_wconf 83' lang='lat' dir='ltr'><strong><em>his,</em></strong></span> <span class='ocrx_word' id='word_1_326' title='bbox 1524 2779 1542 2811; x_wconf 75' lang='grc' dir='ltr'><strong><em>ι</em></strong></span> <span class='ocrx_word' id='word_1_327' title='bbox 1581 2759 1863 2814; x_wconf 85' lang='lat' dir='ltr'><strong><em>Destruam</em></strong></span> <span class='ocrx_word' id='word_1_328' title='bbox 1890 2760 2143 2830; x_wconf 82' lang='lat' dir='ltr'><strong><em>alienige-</em></strong></span> 
     </span>
    </p>
   </div>
   <div class='ocr_carea' id='block_1_45' title="bbox 567 2850 2143 2922">
    <p class='ocr_par' dir='ltr' id='par_1_45' title="bbox 567 2850 2143 2922">
     <span class='ocr_line' id='line_1_45' title="bbox 567 2850 2143 2922; baseline 0.003 -21"><span class='ocrx_word' id='word_1_329' title='bbox 567 2864 687 2913; x_wconf 83' lang='lat' dir='ltr'><strong><em>nas,</em></strong></span> <span class='ocrx_word' id='word_1_330' title='bbox 725 2868 743 2900; x_wconf 71' lang='grc' dir='ltr'><strong><em>ι</em></strong></span> <span class='ocrx_word' id='word_1_331' title='bbox 776 2850 890 2903; x_wconf 85' lang='lat' dir='ltr'><strong><em>sive</em></strong></span> <span class='ocrx_word' id='word_1_332' title='bbox 918 2851 1251 2916; x_wconf 70' lang='lat' dir='ltr'><strong><em>Palaestinos,</em></strong></span> <span class='ocrx_word' id='word_1_333' title='bbox 1287 2866 1443 2920; x_wconf 84' lang='lat' dir='ltr'><strong><em>quos,</em></strong></span> <span class='ocrx_word' id='word_1_334' title='bbox 1474 2860 1528 2904; x_wconf 87' lang='lat' dir='ltr'><strong><em>ut</em></strong></span> <span class='ocrx_word' id='word_1_335' title='bbox 1552 2851 1850 2917; x_wconf 85' lang='lat' dir='ltr'><strong><em>consuevit,</em></strong></span> <span class='ocrx_word' id='word_1_336' title='bbox 1895 2851 2143 2922; x_wconf 81' lang='lat' dir='ltr'><strong><em>alienige-</em></strong></span> 
     </span>
    </p>
   </div>
   <div class='ocr_carea' id='block_1_46' title="bbox 562 2940 2141 3011">
    <p class='ocr_par' dir='ltr' id='par_1_46' title="bbox 562 2940 2141 3011">
     <span class='ocr_line' id='line_1_46' title="bbox 562 2940 2141 3011; baseline 0.004 -20"><span class='ocrx_word' id='word_1_337' title='bbox 562 2956 659 2993; x_wconf 89' lang='lat' dir='ltr'><strong><em>nas</em></strong></span> <span class='ocrx_word' id='word_1_338' title='bbox 686 2940 935 3010; x_wconf 81' lang='lat' dir='ltr'><strong><em>appellat.</em></strong></span> <span class='ocrx_word' id='word_1_339' title='bbox 968 2941 1209 3007; x_wconf 88' lang='lat' dir='ltr'><strong><em>Possint,</em></strong></span> <span class='ocrx_word' id='word_1_340' title='bbox 1275 2941 1320 2995; x_wconf 87' lang='lat' dir='ltr'><strong><em>si</em></strong></span> <span class='ocrx_word' id='word_1_341' title='bbox 1374 2942 1457 2996; x_wconf 91' lang='lat' dir='ltr'><strong><em>cui</em></strong></span> <span class='ocrx_word' id='word_1_342' title='bbox 1509 2941 1762 3011; x_wconf 81' lang='lat' dir='ltr'><strong><em>placebit,</em></strong></span> <span class='ocrx_word' id='word_1_343' title='bbox 1804 2950 1862 2996; x_wconf 92' lang='lat' dir='ltr'><strong><em>et</em></strong></span> <span class='ocrx_word' id='word_1_344' title='bbox 1886 2943 1953 2996; x_wconf 89' lang='lat' dir='ltr'><strong><em>ad</em></strong></span> <span class='ocrx_word' id='word_1_345' title='bbox 2006 2941 2141 2997; x_wconf 87' lang='lat' dir='ltr'><strong><em>alias</em></strong></span> 
     </span>
    </p>
   </div>
   <div class='ocr_carea' id='block_1_47' title="bbox 559 3032 2141 3101">
    <p class='ocr_par' dir='ltr' id='par_1_47' title="bbox 559 3032 2141 3101">
     <span class='ocr_line' id='line_1_47' title="bbox 559 3032 2141 3101; baseline 0.002 -16"><span class='ocrx_word' id='word_1_346' title='bbox 559 3040 750 3099; x_wconf 80' lang='lat' dir='ltr'><strong><em>gentes</em></strong></span> <span class='ocrx_word' id='word_1_347' title='bbox 778 3048 897 3101; x_wconf 76' lang='lat' dir='ltr'><strong><em>qua:</em></strong></span> <span class='ocrx_word' id='word_1_348' title='bbox 926 3044 1190 3087; x_wconf 79' lang='lat' dir='ltr'><strong><em>vexarunt</em></strong></span> <span class='ocrx_word' id='word_1_349' title='bbox 1222 3032 1496 3098; x_wconf 85' lang='lat' dir='ltr'><strong><em>lsraelem,</em></strong></span> <span class='ocrx_word' id='word_1_350' title='bbox 1537 3032 1653 3087; x_wconf 73' lang='lat' dir='ltr'><strong><em>haec</em></strong></span> <span class='ocrx_word' id='word_1_351' title='bbox 1678 3032 1839 3088; x_wconf 76' lang='lat' dir='ltr'><strong><em>verba</em></strong></span> <span class='ocrx_word' id='word_1_352' title='bbox 1878 3032 2141 3088; x_wconf 83' lang='lat' dir='ltr'><strong><em>transfer-</em></strong></span> 
     </span>
    </p>
   </div>
   <div class='ocr_carea' id='block_1_48' title="bbox 2249 2111 3833 2193">
    <p class='ocr_par' dir='ltr' id='par_1_48' title="bbox 2249 2111 3833 2193">
     <span class='ocr_line' id='line_1_48' title="bbox 2249 2111 3833 2193; baseline -0.008 -21"><span class='ocrx_word' id='word_1_353' title='bbox 2249 2118 2400 2182; x_wconf 76' lang='grc' dir='ltr'>νοῦς,</span> <span class='ocrx_word' id='word_1_354' title='bbox 2440 2118 2962 2189; x_wconf 83' lang='grc' dir='ltr'>κα“ιάλκιμωτάτης,</span> <span class='ocrx_word' id='word_1_355' title='bbox 3003 2118 3097 2170; x_wconf 75' lang='grc' dir='ltr'>καὶ</span> <span class='ocrx_word' id='word_1_356' title='bbox 3126 2116 3341 2185; x_wconf 84' lang='grc' dir='ltr'>πλούτῳ</span> <span class='ocrx_word' id='word_1_357' title='bbox 3382 2112 3663 2193; x_wconf 76' lang='grc' dir='ltr'><strong><em>κομώσης,</em></strong></span> <span class='ocrx_word' id='word_1_358' title='bbox 3689 2131 3706 2161; x_wconf 80' lang='grc' dir='ltr'><strong><em>ι</em></strong></span> <span class='ocrx_word' id='word_1_359' title='bbox 3735 2111 3833 2161; x_wconf 79' lang='grc' dir='ltr'><strong><em>Φο-</em></strong></span> 
     </span>
    </p>
   </div>
   <div class='ocr_carea' id='block_1_49' title="bbox 2246 2200 3832 2279">
    <p class='ocr_par' dir='ltr' id='par_1_49' title="bbox 2246 2200 3832 2279">
     <span class='ocr_line' id='line_1_49' title="bbox 2246 2200 3832 2279; baseline -0.006 -18"><span class='ocrx_word' id='word_1_360' title='bbox 2246 2208 2542 2279; x_wconf 62' lang='grc' dir='ltr'>ϐτςθήσεται</span> <span class='ocrx_word' id='word_1_361' title='bbox 2584 2209 2703 2279; x_wconf 80' lang='grc' dir='ltr'>μὲν,</span> <span class='ocrx_word' id='word_1_362' title='bbox 2735 2211 2929 2279; x_wconf 62' lang='grc' dir='ltr'>φησὶν,</span> <span class='ocrx_word' id='word_1_363' title='bbox 2960 2211 2993 2279; x_wconf 84' lang='grc' dir='ltr'>ἡ</span> <span class='ocrx_word' id='word_1_364' title='bbox 3042 2206 3341 2271; x_wconf 82' lang='grc' dir='ltr'><strong><em>Ἀσκάλων,</em></strong></span> <span class='ocrx_word' id='word_1_365' title='bbox 3374 2204 3467 2257; x_wconf 74' lang='grc' dir='ltr'><strong><em>καὶ</em></strong></span> <span class='ocrx_word' id='word_1_366' title='bbox 3491 2200 3832 2271; x_wconf 74' lang='grc' dir='ltr'>ώδυνηθήσερ</span> 
     </span>
    </p>
   </div>
   <div class='ocr_carea' id='block_1_50' title="bbox 2243 2290 3831 2373">
    <p class='ocr_par' dir='ltr' id='par_1_50' title="bbox 2243 2290 3831 2373">
     <span class='ocr_line' id='line_1_50' title="bbox 2243 2290 3831 2373; baseline -0.008 -17"><span class='ocrx_word' id='word_1_367' title='bbox 2243 2320 2333 2356; x_wconf 87' lang='grc' dir='ltr'><strong><em>ται</em></strong></span> <span class='ocrx_word' id='word_1_368' title='bbox 2359 2303 2525 2367; x_wconf 79' lang='grc' dir='ltr'>Γάζα,</span> <span class='ocrx_word' id='word_1_369' title='bbox 2558 2302 2653 2357; x_wconf 76' lang='grc' dir='ltr'>καὶ</span> <span class='ocrx_word' id='word_1_370' title='bbox 2686 2303 2794 2373; x_wconf 87' lang='grc' dir='ltr'><strong><em>μὴν</em></strong></span> <span class='ocrx_word' id='word_1_371' title='bbox 2829 2303 2922 2356; x_wconf 78' lang='grc' dir='ltr'><strong><em>καὶ</em></strong></span> <span class='ocrx_word' id='word_1_372' title='bbox 2962 2298 3265 2371; x_wconf 78' lang='grc' dir='ltr'>’Δκκαρών.</span> <span class='ocrx_word' id='word_1_373' title='bbox 3301 2318 3320 2350; x_wconf 70' lang='grc' dir='ltr'><strong><em>ι</em></strong></span> <span class='ocrx_word' id='word_1_374' title='bbox 3358 2298 3550 2358; x_wconf 68' lang='grc' dir='ltr'>Πόλεις</span> <span class='ocrx_word' id='word_1_375' title='bbox 3583 2294 3637 2348; x_wconf 75' lang='grc' dir='ltr'><strong><em>δέ</em></strong></span> <span class='ocrx_word' id='word_1_376' title='bbox 3670 2290 3831 2347; x_wconf 62' lang='grc' dir='ltr'>αὗται</span> 
     </span>
    </p>
   </div>
   <div class='ocr_carea' id='block_1_51' title="bbox 2244 2383 3831 2463">
    <p class='ocr_par' dir='ltr' id='par_1_51' title="bbox 2244 2383 3831 2463">
     <span class='ocr_line' id='line_1_51' title="bbox 2244 2383 3831 2463; baseline -0.006 -16"><span class='ocrx_word' id='word_1_377' title='bbox 2244 2394 2350 2447; x_wconf 88' lang='grc' dir='ltr'><strong><em>τῶν</em></strong></span> <span class='ocrx_word' id='word_1_378' title='bbox 2402 2392 3235 2463; x_wconf 73' lang='grc' dir='ltr'>Παλαιστινῶν.Ὀδυνηθήσεται</span> <span class='ocrx_word' id='word_1_379' title='bbox 3283 2390 3363 2453; x_wconf 76' lang='grc' dir='ltr'><strong><em>δὲ,</em></strong></span> <span class='ocrx_word' id='word_1_380' title='bbox 3417 2408 3435 2440; x_wconf 80' lang='grc' dir='ltr'><strong><em>ι</em></strong></span> <span class='ocrx_word' id='word_1_381' title='bbox 3464 2388 3546 2441; x_wconf 83' lang='grc' dir='ltr'>ὅτι</span> <span class='ocrx_word' id='word_1_382' title='bbox 3586 2383 3831 2456; x_wconf 65' lang='grc' dir='ltr'>ᾐσχύνθη</span> 
     </span>
    </p>
   </div>
   <div class='ocr_carea' id='block_1_52' title="bbox 2243 2477 3832 2557">
    <p class='ocr_par' dir='ltr' id='par_1_52' title="bbox 2243 2477 3832 2557">
     <span class='ocr_line' id='line_1_52' title="bbox 2243 2477 3832 2557; baseline -0.006 -18"><span class='ocrx_word' id='word_1_383' title='bbox 2243 2487 2350 2539; x_wconf 76' lang='grc' dir='ltr'><strong><em>ἀπὸ</em></strong></span> <span class='ocrx_word' id='word_1_384' title='bbox 2401 2489 2500 2557; x_wconf 82' lang='grc' dir='ltr'><strong><em>τῆς</em></strong></span> <span class='ocrx_word' id='word_1_385' title='bbox 2554 2486 2767 2549; x_wconf 75' lang='grc' dir='ltr'><strong><em>ἐλπίδος</em></strong></span> <span class='ocrx_word' id='word_1_386' title='bbox 2813 2487 3000 2557; x_wconf 82' lang='grc' dir='ltr'>αὐτῆς.</span> <span class='ocrx_word' id='word_1_387' title='bbox 3040 2504 3058 2537; x_wconf 75' lang='grc' dir='ltr'><strong><em>ι</em></strong></span> <span class='ocrx_word' id='word_1_388' title='bbox 3091 2486 3282 2554; x_wconf 74' lang='grc' dir='ltr'>’ῼοντο</span> <span class='ocrx_word' id='word_1_389' title='bbox 3323 2482 3421 2553; x_wconf 83' lang='grc' dir='ltr'><strong><em>μὲν</em></strong></span> <span class='ocrx_word' id='word_1_390' title='bbox 3460 2480 3590 2550; x_wconf 81' lang='grc' dir='ltr'>γὰρ,</span> <span class='ocrx_word' id='word_1_391' title='bbox 3625 2479 3709 2531; x_wconf 84' lang='grc' dir='ltr'>ὃτι</span> <span class='ocrx_word' id='word_1_392' title='bbox 3738 2477 3832 2530; x_wconf 82' lang='grc' dir='ltr'>καὶ</span> 
     </span>
    </p>
   </div>
   <div class='ocr_carea' id='block_1_53' title="bbox 2243 2567 3829 2647">
    <p class='ocr_par' dir='ltr' id='par_1_53' title="bbox 2243 2567 3829 2647">
     <span class='ocr_line' id='line_1_53' title="bbox 2243 2567 3829 2647; baseline -0.006 -17"><span class='ocrx_word' id='word_1_393' title='bbox 2243 2578 2435 2640; x_wconf 80' lang='grc' dir='ltr'>αὐταῖς</span> <span class='ocrx_word' id='word_1_394' title='bbox 2486 2578 2695 2645; x_wconf 82' lang='grc' dir='ltr'><strong><em>ἰσχύσει</em></strong></span> <span class='ocrx_word' id='word_1_395' title='bbox 2744 2575 2882 2646; x_wconf 80' lang='grc' dir='ltr'>πρὸς</span> <span class='ocrx_word' id='word_1_396' title='bbox 2928 2574 3247 2647; x_wconf 75' lang='grc' dir='ltr'>ἐπικουρίαν</span> <span class='ocrx_word' id='word_1_397' title='bbox 3308 2575 3340 2644; x_wconf 79' lang='grc' dir='ltr'><strong>ἡ</strong></span> <span class='ocrx_word' id='word_1_398' title='bbox 3390 2572 3604 2642; x_wconf 85' lang='grc' dir='ltr'>Τυρίων</span> <span class='ocrx_word' id='word_1_399' title='bbox 3657 2567 3829 2637; x_wconf 79' lang='grc' dir='ltr'>ἰσχύς.</span> 
     </span>
    </p>
   </div>
   <div class='ocr_carea' id='block_1_54' title="bbox 2256 2660 3831 2739">
    <p class='ocr_par' dir='ltr' id='par_1_54' title="bbox 2256 2660 3831 2739">
     <span class='ocr_line' id='line_1_54' title="bbox 2256 2660 3831 2739; baseline -0.006 -16"><span class='ocrx_word' id='word_1_400' title='bbox 2256 2670 2472 2739; x_wconf 83' lang='grc' dir='ltr'>Ἐπειδὴ</span> <span class='ocrx_word' id='word_1_401' title='bbox 2512 2669 2569 2721; x_wconf 83' lang='grc' dir='ltr'>δὲ</span> <span class='ocrx_word' id='word_1_402' title='bbox 2621 2669 2880 2739; x_wconf 80' lang='grc' dir='ltr'>κειμένην</span> <span class='ocrx_word' id='word_1_403' title='bbox 2931 2668 3256 2731; x_wconf 78' lang='grc' dir='ltr'>τεθέανται,</span> <span class='ocrx_word' id='word_1_404' title='bbox 3311 2665 3483 2736; x_wconf 81' lang='grc' dir='ltr'>ταύτῃ</span> <span class='ocrx_word' id='word_1_405' title='bbox 3531 2680 3618 2717; x_wconf 86' lang='grc' dir='ltr'>τοι</span> <span class='ocrx_word' id='word_1_406' title='bbox 3647 2660 3831 2715; x_wconf 70' lang='grc' dir='ltr'>λοιπὸν</span> 
     </span>
    </p>
   </div>
   <div class='ocr_carea' id='block_1_55' title="bbox 2243 2755 3831 2832">
    <p class='ocr_par' dir='ltr' id='par_1_55' title="bbox 2243 2755 3831 2832">
     <span class='ocr_line' id='line_1_55' title="bbox 2243 2755 3831 2832; baseline -0.008 -15"><span class='ocrx_word' id='word_1_407' title='bbox 2243 2762 2660 2832; x_wconf 74' lang='grc' dir='ltr'>ἀπωλισθὴκασι</span> <span class='ocrx_word' id='word_1_408' title='bbox 2699 2760 2800 2830; x_wconf 79' lang='grc' dir='ltr'><strong><em>τῆς</em></strong></span> <span class='ocrx_word' id='word_1_409' title='bbox 2841 2760 3075 2823; x_wconf 80' lang='grc' dir='ltr'>ἐλπίδος.</span> <span class='ocrx_word' id='word_1_410' title='bbox 3116 2760 3227 2813; x_wconf 78' lang='grc' dir='ltr'><strong><em>Καὶ</em></strong></span> <span class='ocrx_word' id='word_1_411' title='bbox 3263 2760 3290 2810; x_wconf 86' lang='grc' dir='ltr'><strong>ὁ</strong></span> <span class='ocrx_word' id='word_1_412' title='bbox 3333 2757 3429 2828; x_wconf 74' lang='grc' dir='ltr'>μὲν</span> <span class='ocrx_word' id='word_1_413' title='bbox 3460 2756 3639 2826; x_wconf 74' lang='grc' dir='ltr'><strong><em>Γάζης</em></strong></span> <span class='ocrx_word' id='word_1_414' title='bbox 3671 2755 3831 2825; x_wconf 79' lang='grc' dir='ltr'>ἡγού-</span> 
     </span>
    </p>
   </div>
   <div class='ocr_carea' id='block_1_56' title="bbox 2247 2848 3833 2923">
    <p class='ocr_par' dir='ltr' id='par_1_56' title="bbox 2247 2848 3833 2923">
     <span class='ocr_line' id='line_1_56' title="bbox 2247 2848 3833 2923; baseline -0.003 -18"><span class='ocrx_word' id='word_1_415' title='bbox 2247 2870 2405 2922; x_wconf 81' lang='grc' dir='ltr'>μενος</span> <span class='ocrx_word' id='word_1_416' title='bbox 2449 2853 2751 2923; x_wconf 84' lang='grc' dir='ltr'>οίχήσεται,</span> <span class='ocrx_word' id='word_1_417' title='bbox 2786 2853 2971 2922; x_wconf 74' lang='grc' dir='ltr'>φησὶν,</span> <span class='ocrx_word' id='word_1_418' title='bbox 3005 2848 3301 2914; x_wconf 84' lang='grc' dir='ltr'>ἀπολωλὼς</span> <span class='ocrx_word' id='word_1_419' title='bbox 3342 2848 3605 2918; x_wconf 75' lang='grc' dir='ltr'>δηλονότι.</span> <span class='ocrx_word' id='word_1_420' title='bbox 3641 2848 3833 2901; x_wconf 81' lang='grc' dir='ltr'>Κατοι·</span> 
     </span>
    </p>
   </div>
   <div class='ocr_carea' id='block_1_57' title="bbox 2244 2940 3828 3015">
    <p class='ocr_par' dir='ltr' id='par_1_57' title="bbox 2244 2940 3828 3015">
     <span class='ocr_line' id='line_1_57' title="bbox 2244 2940 3828 3015; baseline -0.004 -17"><span class='ocrx_word' id='word_1_421' title='bbox 2244 2946 2475 3015; x_wconf 84' lang='grc' dir='ltr'>κήσουσι</span> <span class='ocrx_word' id='word_1_422' title='bbox 2521 2944 2576 2997; x_wconf 76' lang='grc' dir='ltr'>δὲ</span> <span class='ocrx_word' id='word_1_423' title='bbox 2622 2944 2929 3012; x_wconf 80' lang='grc' dir='ltr'>ἀλλογενείς</span> <span class='ocrx_word' id='word_1_424' title='bbox 2978 2944 3035 2997; x_wconf 88' lang='grc' dir='ltr'><strong><em>ἐν</em></strong></span> <span class='ocrx_word' id='word_1_425' title='bbox 3074 2943 3319 3012; x_wconf 77' lang='grc' dir='ltr'><strong><em>Ἀζώτῳ,</em></strong></span> <span class='ocrx_word' id='word_1_426' title='bbox 3347 2940 3828 3011; x_wconf 72' lang='grc' dir='ltr'>δεδαπανημένων,</span> 
     </span>
    </p>
   </div>
   <div class='ocr_carea' id='block_1_58' title="bbox 2244 3032 3830 3107">
    <p class='ocr_par' dir='ltr' id='par_1_58' title="bbox 2244 3032 3830 3107">
     <span class='ocr_line' id='line_1_58' title="bbox 2244 3032 3830 3107; baseline -0.004 -17"><span class='ocrx_word' id='word_1_427' title='bbox 2244 3037 2383 3091; x_wconf 78' lang='grc' dir='ltr'>κατὰ</span> <span class='ocrx_word' id='word_1_428' title='bbox 2408 3038 2470 3089; x_wconf 78' lang='grc' dir='ltr'>τὸ</span> <span class='ocrx_word' id='word_1_429' title='bbox 2503 3037 2671 3099; x_wconf 76' lang='grc' dir='ltr'>εἰκὸς,</span> <span class='ocrx_word' id='word_1_430' title='bbox 2705 3036 2783 3107; x_wconf 81' lang='grc' dir='ltr'>τῷ</span> <span class='ocrx_word' id='word_1_431' title='bbox 2814 3036 3035 3107; x_wconf 83' lang='grc' dir='ltr'>πολέμῳ</span> <span class='ocrx_word' id='word_1_432' title='bbox 3077 3035 3187 3088; x_wconf 89' lang='grc' dir='ltr'><strong><em>τῶν</em></strong></span> <span class='ocrx_word' id='word_1_433' title='bbox 3218 3034 3540 3101; x_wconf 81' lang='grc' dir='ltr'>αὐθιγενῶν.</span> <span class='ocrx_word' id='word_1_434' title='bbox 3558 3032 3830 3099; x_wconf 78' lang='grc' dir='ltr'>Ἑπιλέγει</span> 
     </span>
    </p>
   </div>
   <div class='ocr_carea' id='block_1_59' title="bbox 559 3123 2141 3196">
    <p class='ocr_par' dir='ltr' id='par_1_59' title="bbox 559 3123 2138 3194">
     <span class='ocr_line' id='line_1_59' title="bbox 559 3123 2138 3194; baseline 0.003 -19"><span class='ocrx_word' id='word_1_435' title='bbox 559 3123 813 3194; x_wconf 82' lang='lat' dir='ltr'><strong><em>ri,733</em></strong></span> <span class='ocrx_word' id='word_1_436' title='bbox 842 3125 1180 3189; x_wconf 81' lang='lat' dir='ltr'><strong><em>conﬁnes,ct</em></strong></span> <span class='ocrx_word' id='word_1_437' title='bbox 1227 3123 1535 3180; x_wconf 71' lang='lat' dir='ltr'><strong><em>Judzeorum</em></strong></span> <span class='ocrx_word' id='word_1_438' title='bbox 1582 3124 1802 3179; x_wconf 88' lang='lat' dir='ltr'><strong><em>vicinas.</em></strong></span> <span class='ocrx_word' id='word_1_439' title='bbox 1872 3124 2138 3180; x_wconf 55' lang='lat' dir='ltr'><strong><em>Caeterum</em></strong></span> 
     </span>
    </p>
   </div>
   <div class='ocr_carea' id='block_1_60' title="bbox 2241 3123 3829 3196">
    <p class='ocr_par' dir='ltr' id='par_1_60' title="bbox 2241 3125 3829 3196">
     <span class='ocr_line' id='line_1_60' title="bbox 2241 3125 3829 3196; baseline -0.005 -14"><span class='ocrx_word' id='word_1_440' title='bbox 2241 3128 2297 3182; x_wconf 88' lang='grc' dir='ltr'><strong><em>δέ</em></strong></span> <span class='ocrx_word' id='word_1_441' title='bbox 2348 3128 2579 3191; x_wconf 78' lang='grc' dir='ltr'><strong><em>τούτοις,</em></strong></span> <span class='ocrx_word' id='word_1_442' title='bbox 2622 3129 2704 3181; x_wconf 81' lang='grc' dir='ltr'>ὅτι</span> <span class='ocrx_word' id='word_1_443' title='bbox 2757 3146 2776 3179; x_wconf 76' lang='grc' dir='ltr'><strong><em>ι</em></strong></span> <span class='ocrx_word' id='word_1_444' title='bbox 2804 3128 3035 3182; x_wconf 76' lang='grc' dir='ltr'>Καθελῶ</span> <span class='ocrx_word' id='word_1_445' title='bbox 3084 3128 3211 3190; x_wconf 80' lang='grc' dir='ltr'>τοὺς</span> <span class='ocrx_word' id='word_1_446' title='bbox 3261 3126 3611 3196; x_wconf 81' lang='grc' dir='ltr'><strong><em>ἀλλοφύλους,</em></strong></span> <span class='ocrx_word' id='word_1_447' title='bbox 3645 3144 3665 3174; x_wconf 84' lang='grc'>›</span> <span class='ocrx_word' id='word_1_448' title='bbox 3712 3125 3829 3194; x_wconf 71' lang='grc' dir='ltr'>ἦτοι</span> 
     </span>
    </p>
   </div>
   <div class='ocr_carea' id='block_1_61' title="bbox 559 3214 2141 3289">
    <p class='ocr_par' dir='ltr' id='par_1_61' title="bbox 559 3214 2137 3273">
     <span class='ocr_line' id='line_1_61' title="bbox 559 3214 2137 3273; baseline 0.004 -9"><span class='ocrx_word' id='word_1_449' title='bbox 559 3215 674 3268; x_wconf 77' lang='lat' dir='ltr'><strong><em>haec</em></strong></span> <span class='ocrx_word' id='word_1_450' title='bbox 705 3214 907 3270; x_wconf 86' lang='lat' dir='ltr'><strong><em>anobis</em></strong></span> <span class='ocrx_word' id='word_1_451' title='bbox 940 3216 1135 3269; x_wconf 88' lang='lat' dir='ltr'><strong><em>iterum</em></strong></span> <span class='ocrx_word' id='word_1_452' title='bbox 1182 3224 1239 3270; x_wconf 93' lang='lat' dir='ltr'><strong><em>ut</em></strong></span> <span class='ocrx_word' id='word_1_453' title='bbox 1269 3214 1463 3271; x_wconf 81' lang='lat' dir='ltr'><strong><em>litterae</em></strong></span> <span class='ocrx_word' id='word_1_454' title='bbox 1530 3216 1936 3273; x_wconf 86' lang='lat' dir='ltr'><strong><em>accommodata</em></strong></span> <span class='ocrx_word' id='word_1_455' title='bbox 1997 3216 2137 3271; x_wconf 88' lang='lat' dir='ltr'><strong><em>dicta</em></strong></span> 
     </span>
    </p>
   </div>
   <div class='ocr_carea' id='block_1_62' title="bbox 2241 3214 3830 3289">
    <p class='ocr_par' dir='ltr' id='par_1_62' title="bbox 2241 3215 3830 3289">
     <span class='ocr_line' id='line_1_62' title="bbox 2241 3215 3830 3289; baseline -0.003 -16"><span class='ocrx_word' id='word_1_456' title='bbox 2241 3220 2367 3283; x_wconf 79' lang='grc' dir='ltr'>τοὺς</span> <span class='ocrx_word' id='word_1_457' title='bbox 2415 3221 2828 3283; x_wconf 79' lang='grc' dir='ltr'>Παλαιστινοὺς,</span> <span class='ocrx_word' id='word_1_458' title='bbox 2864 3220 2958 3282; x_wconf 80' lang='grc' dir='ltr'>οὓς</span> <span class='ocrx_word' id='word_1_459' title='bbox 2992 3218 3247 3289; x_wconf 78' lang='grc' dir='ltr'><strong><em>ὀνομάζει</em></strong></span> <span class='ocrx_word' id='word_1_460' title='bbox 3301 3217 3745 3289; x_wconf 79' lang='grc' dir='ltr'>συνήθως.Ἢκοι</span> <span class='ocrx_word' id='word_1_461' title='bbox 3773 3215 3830 3268; x_wconf 82' lang='grc' dir='ltr'>δ’</span> 
     </span>
    </p>
   </div>
   <div class='ocr_carea' id='block_1_63' title="bbox 559 3308 3828 3383">
    <p class='ocr_par' dir='ltr' id='par_1_63' title="bbox 559 3308 3828 3383">
     <span class='ocr_line' id='line_1_63' title="bbox 559 3308 3828 3383; baseline 0 -25"><span class='ocrx_word' id='word_1_462' title='bbox 559 3315 737 3362; x_wconf 82' lang='lat' dir='ltr'><strong><em>sunto.</em></strong></span> <span class='ocrx_word' id='word_1_463' title='bbox 2242 3313 2330 3379; x_wconf 82' lang='grc' dir='ltr'><strong><em>ἂν,</em></strong></span> <span class='ocrx_word' id='word_1_464' title='bbox 2361 3312 2413 3365; x_wconf 73' lang='grc' dir='ltr'>εἴ</span> <span class='ocrx_word' id='word_1_465' title='bbox 2453 3313 2517 3380; x_wconf 85' lang='grc' dir='ltr'><strong><em>γέ</em></strong></span> <span class='ocrx_word' id='word_1_466' title='bbox 2557 3330 2634 3383; x_wconf 88' lang='grc' dir='ltr'><strong><em>τῳ</em></strong></span> <span class='ocrx_word' id='word_1_467' title='bbox 2676 3312 2843 3379; x_wconf 82' lang='grc' dir='ltr'>δοκεῖ,</span> <span class='ocrx_word' id='word_1_468' title='bbox 2873 3312 2968 3365; x_wconf 76' lang='grc' dir='ltr'><strong><em>καὶ</em></strong></span> <span class='ocrx_word' id='word_1_469' title='bbox 3012 3311 3134 3364; x_wconf 83' lang='grc' dir='ltr'>καθ’</span> <span class='ocrx_word' id='word_1_470' title='bbox 3166 3313 3371 3382; x_wconf 81' lang='grc' dir='ltr'>ἐτέρων</span> <span class='ocrx_word' id='word_1_471' title='bbox 3414 3309 3585 3363; x_wconf 83' lang='grc' dir='ltr'>ἐθνῶν</span> <span class='ocrx_word' id='word_1_472' title='bbox 3618 3310 3647 3361; x_wconf 86' lang='grc' dir='ltr'>ὁ</span> <span class='ocrx_word' id='word_1_473' title='bbox 3671 3308 3828 3374; x_wconf 79' lang='grc' dir='ltr'>λόγος</span> 
     </span>
    </p>
   </div>
   <div class='ocr_carea' id='block_1_64' title="bbox 558 3388 3825 3475">
    <p class='ocr_par' dir='ltr' id='par_1_64' title="bbox 558 3388 3825 3475">
     <span class='ocr_line' id='line_1_64' title="bbox 558 3388 3825 3475; baseline 0.002 -26"><span class='ocrx_word' id='word_1_474' title='bbox 558 3397 668 3449; x_wconf 86' lang='grc' dir='ltr'><strong><em>τῶν</em></strong></span> <span class='ocrx_word' id='word_1_475' title='bbox 689 3397 1025 3466; x_wconf 72' lang='grc' dir='ltr'><strong><em>ἠδικηκότων</em></strong></span> <span class='ocrx_word' id='word_1_476' title='bbox 1052 3397 1141 3451; x_wconf 80' lang='grc' dir='ltr'>τὸν</span> <span class='ocrx_word' id='word_1_477' title='bbox 1171 3399 1410 3469; x_wconf 85' lang='grc' dir='ltr'>Ἰσραὴλ,</span> <span class='ocrx_word' id='word_1_478' title='bbox 1437 3400 1491 3452; x_wconf 81' lang='grc' dir='ltr'><strong><em>οἲ</em></strong></span> <span class='ocrx_word' id='word_1_479' title='bbox 1522 3401 1615 3453; x_wconf 80' lang='grc' dir='ltr'>καὶ</span> <span class='ocrx_word' id='word_1_480' title='bbox 1642 3395 1780 3472; x_wconf 77' lang='grc' dir='ltr'>ἦσαν</span> <span class='ocrx_word' id='word_1_481' title='bbox 1808 3402 2019 3473; x_wconf 85' lang='grc' dir='ltr'>ὅμοροι,</span> <span class='ocrx_word' id='word_1_482' title='bbox 2081 3404 2177 3456; x_wconf 77' lang='grc' dir='ltr'><strong><em>καὶ</em></strong></span> <span class='ocrx_word' id='word_1_483' title='bbox 2214 3404 2314 3475; x_wconf 80' lang='grc' dir='ltr'><strong><em>τῆς</em></strong></span> <span class='ocrx_word' id='word_1_484' title='bbox 2362 3406 2630 3460; x_wconf 79' lang='grc' dir='ltr'>Ἰουδαίων</span> <span class='ocrx_word' id='word_1_485' title='bbox 2683 3405 2941 3473; x_wconf 84' lang='grc' dir='ltr'>γείτονες.</span> <span class='ocrx_word' id='word_1_486' title='bbox 2998 3404 3161 3461; x_wconf 81' lang='grc' dir='ltr'>Ἀλλὰ</span> <span class='ocrx_word' id='word_1_487' title='bbox 3210 3388 3367 3459; x_wconf 71' lang='grc' dir='ltr'>ταυτὶ</span> <span class='ocrx_word' id='word_1_488' title='bbox 3416 3404 3516 3474; x_wconf 82' lang='grc' dir='ltr'>μὲν</span> <span class='ocrx_word' id='word_1_489' title='bbox 3566 3404 3722 3473; x_wconf 76' lang='grc' dir='ltr'>ἡμῖν,</span> <span class='ocrx_word' id='word_1_490' title='bbox 3751 3400 3825 3463; x_wconf 84' lang='grc' dir='ltr'>ὡς</span> 
     </span>
    </p>
   </div>
   <div class='ocr_carea' id='block_1_65' title="bbox 560 3489 2065 3564">
    <p class='ocr_par' dir='ltr' id='par_1_65' title="bbox 560 3489 2065 3564">
     <span class='ocr_line' id='line_1_65' title="bbox 560 3489 2065 3564; baseline 0.005 -23"><span class='ocrx_word' id='word_1_491' title='bbox 560 3489 697 3557; x_wconf 75' lang='grc' dir='ltr'>πρός</span> <span class='ocrx_word' id='word_1_492' title='bbox 726 3505 789 3557; x_wconf 85' lang='grc' dir='ltr'><strong><em>γε</em></strong></span> <span class='ocrx_word' id='word_1_493' title='bbox 817 3490 907 3542; x_wconf 68' lang='grc' dir='ltr'><strong><em>τὸν</em></strong></span> <span class='ocrx_word' id='word_1_494' title='bbox 935 3492 992 3543; x_wconf 81' lang='grc' dir='ltr'><strong><em>ἐν</em></strong></span> <span class='ocrx_word' id='word_1_495' title='bbox 1031 3490 1325 3561; x_wconf 80' lang='grc' dir='ltr'>γράμμασι</span> <span class='ocrx_word' id='word_1_496' title='bbox 1353 3492 1530 3560; x_wconf 85' lang='grc' dir='ltr'>λόγον,</span> <span class='ocrx_word' id='word_1_497' title='bbox 1563 3494 1845 3564; x_wconf 75' lang='grc' dir='ltr'>εἰρήσεται</span> <span class='ocrx_word' id='word_1_498' title='bbox 1884 3496 2065 3549; x_wconf 83' lang='grc' dir='ltr'>πάλιν.</span> 
     </span>
    </p>
   </div>
   <div class='ocr_carea' id='block_1_66' title="bbox 633 3582 2141 3655">
    <p class='ocr_par' dir='ltr' id='par_1_66' title="bbox 633 3582 2127 3654">
     <span class='ocr_line' id='line_1_66' title="bbox 633 3582 2127 3654; baseline 0.001 -17"><span class='ocrx_word' id='word_1_499' title='bbox 633 3582 924 3637; x_wconf 86' lang='lat' dir='ltr'><strong><em>Sciendum</em></strong></span> <span class='ocrx_word' id='word_1_500' title='bbox 960 3593 1163 3649; x_wconf 86' lang='lat' dir='ltr'><strong><em>autem,</em></strong></span> <span class='ocrx_word' id='word_1_501' title='bbox 1189 3593 1248 3638; x_wconf 90' lang='lat' dir='ltr'><strong><em>ut</em></strong></span> <span class='ocrx_word' id='word_1_502' title='bbox 1286 3584 1418 3648; x_wconf 80' lang='lat' dir='ltr'><strong><em>dixi,</em></strong></span> <span class='ocrx_word' id='word_1_503' title='bbox 1450 3600 1834 3654; x_wconf 82' lang='lat' dir='ltr'><strong><em>nonnunquam</em></strong></span> <span class='ocrx_word' id='word_1_504' title='bbox 1887 3587 2127 3642; x_wconf 82' lang='lat' dir='ltr'><strong><em>Ecclesia</em></strong></span> 
     </span>
    </p>
   </div>
   <div class='ocr_carea' id='block_1_67' title="bbox 2241 3582 3824 3655">
    <p class='ocr_par' dir='ltr' id='par_1_67' title="bbox 2306 3583 3824 3655">
     <span class='ocr_line' id='line_1_67' title="bbox 2306 3583 3824 3655; baseline 0.002 -18"><span class='ocrx_word' id='word_1_505' title='bbox 2306 3584 2520 3637; x_wconf 86' lang='grc' dir='ltr'>Εἱδέναι</span> <span class='ocrx_word' id='word_1_506' title='bbox 2571 3584 2626 3636; x_wconf 85' lang='grc' dir='ltr'>δὲ</span> <span class='ocrx_word' id='word_1_507' title='bbox 2670 3585 2990 3652; x_wconf 84' lang='grc' dir='ltr'>ἀναγκαῖον,</span> <span class='ocrx_word' id='word_1_508' title='bbox 3021 3585 3103 3638; x_wconf 83' lang='grc' dir='ltr'><strong><em>ὅτι</em></strong></span> <span class='ocrx_word' id='word_1_509' title='bbox 3148 3584 3509 3654; x_wconf 78' lang='grc' dir='ltr'>διωκομένης,</span> <span class='ocrx_word' id='word_1_510' title='bbox 3542 3583 3619 3648; x_wconf 82' lang='grc' dir='ltr'><strong><em>ὡς</em></strong></span> <span class='ocrx_word' id='word_1_511' title='bbox 3666 3583 3824 3655; x_wconf 68' lang='grc' dir='ltr'><strong><em>ἔφην,</em></strong></span> 
     </span>
    </p>
   </div>
   <div class='ocr_carea' id='block_1_68' title="bbox 560 3675 2136 3746">
    <p class='ocr_par' dir='ltr' id='par_1_68' title="bbox 560 3675 2136 3746">
     <span class='ocr_line' id='line_1_68' title="bbox 560 3675 2136 3746; baseline -0.001 -16"><span class='ocrx_word' id='word_1_512' title='bbox 560 3675 990 3744; x_wconf 88' lang='lat' dir='ltr'><strong><em>persecutionem</em></strong></span> <span class='ocrx_word' id='word_1_513' title='bbox 1020 3676 1279 3746; x_wconf 83' lang='lat' dir='ltr'><strong><em>patiente,</em></strong></span> <span class='ocrx_word' id='word_1_514' title='bbox 1321 3675 1502 3729; x_wconf 84' lang='lat' dir='ltr'><strong><em>invadi</em></strong></span> <span class='ocrx_word' id='word_1_515' title='bbox 1533 3690 1651 3730; x_wconf 89' lang='lat' dir='ltr'><strong><em>eam</em></strong></span> <span class='ocrx_word' id='word_1_516' title='bbox 1678 3675 2032 3743; x_wconf 81' lang='lat' dir='ltr'><strong><em>liorribiliter,</em></strong></span> <span class='ocrx_word' id='word_1_517' title='bbox 2088 3685 2136 3730; x_wconf 87' lang='lat' dir='ltr'><strong><em>et</em></strong></span> 
     </span>
    </p>
   </div>
   <div class='ocr_carea' id='block_1_69' title="bbox 559 3766 2140 3837">
    <p class='ocr_par' dir='ltr' id='par_1_69' title="bbox 559 3766 2140 3837">
     <span class='ocr_line' id='line_1_69' title="bbox 559 3766 2140 3837; baseline 0.002 -18"><span class='ocrx_word' id='word_1_518' title='bbox 559 3766 776 3821; x_wconf 87' lang='lat' dir='ltr'><strong><em>irrideri</em></strong></span> <span class='ocrx_word' id='word_1_519' title='bbox 810 3768 880 3821; x_wconf 89' lang='lat' dir='ltr'><strong><em>ab</em></strong></span> <span class='ocrx_word' id='word_1_520' title='bbox 907 3767 1170 3831; x_wconf 84' lang='lat' dir='ltr'><strong><em>hostibus,</em></strong></span> <span class='ocrx_word' id='word_1_521' title='bbox 1209 3766 1571 3821; x_wconf 78' lang='lat' dir='ltr'><strong><em>clamantibus</em></strong></span> <span class='ocrx_word' id='word_1_522' title='bbox 1627 3766 1786 3832; x_wconf 78' lang='lat' dir='ltr'><strong><em>forte,</em></strong></span> <span class='ocrx_word' id='word_1_523' title='bbox 1836 3768 2002 3837; x_wconf 88' lang='lat' dir='ltr'><strong><em>Euge,</em></strong></span> <span class='ocrx_word' id='word_1_524' title='bbox 2044 3782 2140 3824; x_wconf 89' lang='lat' dir='ltr'><strong><em>eu-</em></strong></span> 
     </span>
    </p>
   </div>
   <div class='ocr_carea' id='block_1_70' title="bbox 558 3856 2141 3927">
    <p class='ocr_par' dir='ltr' id='par_1_70' title="bbox 558 3856 2141 3927">
     <span class='ocr_line' id='line_1_70' title="bbox 558 3856 2141 3927; baseline 0.001 -15"><span class='ocrx_word' id='word_1_525' title='bbox 558 3873 646 3925; x_wconf 72' lang='lat' dir='ltr'><strong><em>ge,</em></strong></span> <span class='ocrx_word' id='word_1_526' title='bbox 703 3868 761 3912; x_wconf 91' lang='lat' dir='ltr'><strong><em>ut</em></strong></span> <span class='ocrx_word' id='word_1_527' title='bbox 816 3860 1078 3927; x_wconf 86' lang='lat' dir='ltr'><strong><em>scriptum</em></strong></span> <span class='ocrx_word' id='word_1_528' title='bbox 1125 3867 1210 3913; x_wconf 86' lang='lat' dir='ltr'><strong><em>est</em></strong></span> <span class='ocrx_word' id='word_1_529' title='bbox 1258 3859 1327 3910; x_wconf 82' lang='lat'><strong><em>&quot;.</em></strong></span> <span class='ocrx_word' id='word_1_530' title='bbox 1390 3856 1773 3913; x_wconf 73' lang='lat' dir='ltr'><strong><em>Verumtamen</em></strong></span> <span class='ocrx_word' id='word_1_531' title='bbox 1819 3872 2141 3914; x_wconf 87' lang='lat' dir='ltr'><strong><em>succurrens</em></strong></span> 
     </span>
    </p>
   </div>
   <div class='ocr_carea' id='block_1_71' title="bbox 559 3946 2139 4016">
    <p class='ocr_par' dir='ltr' id='par_1_71' title="bbox 559 3946 2139 4016">
     <span class='ocr_line' id='line_1_71' title="bbox 559 3946 2139 4016; baseline -0.001 -13"><span class='ocrx_word' id='word_1_532' title='bbox 559 3948 830 4013; x_wconf 86' lang='lat' dir='ltr'><strong><em>Christus,</em></strong></span> <span class='ocrx_word' id='word_1_533' title='bbox 862 3961 1077 4003; x_wconf 86' lang='lat' dir='ltr'><strong><em>omnem</em></strong></span> <span class='ocrx_word' id='word_1_534' title='bbox 1107 3961 1294 4003; x_wconf 87' lang='lat' dir='ltr'><strong><em>eorum</em></strong></span> <span class='ocrx_word' id='word_1_535' title='bbox 1322 3946 1613 4016; x_wconf 86' lang='lat' dir='ltr'><strong><em>potentiam</em></strong></span> <span class='ocrx_word' id='word_1_536' title='bbox 1646 3947 1968 4016; x_wconf 78' lang='lat' dir='ltr'><strong><em>confringet,</em></strong></span> <span class='ocrx_word' id='word_1_537' title='bbox 2004 3957 2139 4004; x_wconf 84' lang='lat' dir='ltr'><strong><em>tem-</em></strong></span> 
     </span>
    </p>
   </div>
   <div class='ocr_carea' id='block_1_72' title="bbox 560 4037 2139 4111">
    <p class='ocr_par' dir='ltr' id='par_1_72' title="bbox 560 4037 2139 4111">
     <span class='ocr_line' id='line_1_72' title="bbox 560 4037 2139 4111; baseline -0.001 -16"><span class='ocrx_word' id='word_1_538' title='bbox 560 4041 709 4111; x_wconf 87' lang='lat' dir='ltr'><strong><em>plum</em></strong></span> <span class='ocrx_word' id='word_1_539' title='bbox 746 4054 903 4095; x_wconf 88' lang='lat' dir='ltr'><strong><em>suum</em></strong></span> <span class='ocrx_word' id='word_1_540' title='bbox 934 4040 1202 4104; x_wconf 81' lang='lat' dir='ltr'><strong><em>excitans,</em></strong></span> <span class='ocrx_word' id='word_1_541' title='bbox 1252 4047 1307 4093; x_wconf 91' lang='lat' dir='ltr'><strong><em>et</em></strong></span> <span class='ocrx_word' id='word_1_542' title='bbox 1364 4037 1774 4094; x_wconf 77' lang='lat' dir='ltr'><strong><em>insidiatoribus</em></strong></span> <span class='ocrx_word' id='word_1_543' title='bbox 1818 4039 2139 4094; x_wconf 87' lang='lat' dir='ltr'><strong><em>iratissimus</em></strong></span> 
     </span>
    </p>
   </div>
   <div class='ocr_carea' id='block_1_73' title="bbox 560 4129 2136 4204">
    <p class='ocr_par' dir='ltr' id='par_1_73' title="bbox 560 4129 2136 4204">
     <span class='ocr_line' id='line_1_73' title="bbox 560 4129 2136 4204; baseline -0.003 -17"><span class='ocrx_word' id='word_1_544' title='bbox 560 4133 1134 4204; x_wconf 84' lang='lat' dir='ltr'><strong><em>suppliciaimponens,</em></strong></span> <span class='ocrx_word' id='word_1_545' title='bbox 1161 4140 1216 4186; x_wconf 86' lang='lat' dir='ltr'><strong><em>et</em></strong></span> <span class='ocrx_word' id='word_1_546' title='bbox 1238 4144 1335 4186; x_wconf 90' lang='lat' dir='ltr'><strong><em>ceu</em></strong></span> <span class='ocrx_word' id='word_1_547' title='bbox 1362 4129 1623 4200; x_wconf 86' lang='lat' dir='ltr'><strong><em>quasdam</em></strong></span> <span class='ocrx_word' id='word_1_548' title='bbox 1654 4131 1835 4195; x_wconf 90' lang='lat' dir='ltr'><strong><em>urbes,</em></strong></span> <span class='ocrx_word' id='word_1_549' title='bbox 1869 4129 2136 4184; x_wconf 82' lang='lat' dir='ltr'><strong><em>haeresum</em></strong></span> 
     </span>
    </p>
   </div>
   <div class='ocr_carea' id='block_1_74' title="bbox 557 4220 2138 4296">
    <p class='ocr_par' dir='ltr' id='par_1_74' title="bbox 557 4220 2138 4296">
     <span class='ocr_line' id='line_1_74' title="bbox 557 4220 2138 4296; baseline -0.004 -15"><span class='ocrx_word' id='word_1_550' title='bbox 557 4239 884 4296; x_wconf 79' lang='lat' dir='ltr'><strong><em>synagogas,</em></strong></span> <span class='ocrx_word' id='word_1_551' title='bbox 918 4233 975 4277; x_wconf 89' lang='lat' dir='ltr'><strong><em>et</em></strong></span> <span class='ocrx_word' id='word_1_552' title='bbox 1000 4221 1643 4294; x_wconf 84' lang='lat' dir='ltr'><strong><em>iusupcridololatrarum</em></strong></span> <span class='ocrx_word' id='word_1_553' title='bbox 1698 4235 1887 4291; x_wconf 83' lang='lat' dir='ltr'><strong><em>greges</em></strong></span> <span class='ocrx_word' id='word_1_554' title='bbox 1946 4220 2138 4289; x_wconf 86' lang='lat' dir='ltr'><strong><em>impios</em></strong></span> 
     </span>
    </p>
   </div>
   <div class='ocr_carea' id='block_1_75' title="bbox 558 4314 1014 4384">
    <p class='ocr_par' dir='ltr' id='par_1_75' title="bbox 558 4314 1014 4384">
     <span class='ocr_line' id='line_1_75' title="bbox 558 4314 1014 4384; baseline 0 -15"><span class='ocrx_word' id='word_1_555' title='bbox 558 4316 725 4371; x_wconf 89' lang='lat' dir='ltr'><strong><em>lmmo</em></strong></span> <span class='ocrx_word' id='word_1_556' title='bbox 755 4314 1014 4384; x_wconf 73' lang='lat' dir='ltr'><strong><em>afﬂigens.</em></strong></span> 
     </span>
    </p>
   </div>
   <div class='ocr_carea' id='block_1_76' title="bbox 635 4404 2137 4473">
    <p class='ocr_par' dir='ltr' id='par_1_76' title="bbox 635 4404 2137 4473">
     <span class='ocr_line' id='line_1_76' title="bbox 635 4404 2137 4473; baseline -0.001 -13"><span class='ocrx_word' id='word_1_557' title='bbox 635 4406 795 4460; x_wconf 77' lang='lat' dir='ltr'><strong><em>Vens.</em></strong></span> <span class='ocrx_word' id='word_1_558' title='bbox 854 4406 905 4457; x_wconf 85' lang='lat'><strong><em>7.</em></strong></span> <span class='ocrx_word' id='word_1_559' title='bbox 947 4404 1011 4457; x_wconf 86' lang='lat' dir='ltr'><strong><em>Et</em></strong></span> <span class='ocrx_word' id='word_1_560' title='bbox 1038 4406 1280 4473; x_wconf 79' lang='lat' dir='ltr'><strong><em>auferam</em></strong></span> <span class='ocrx_word' id='word_1_561' title='bbox 1342 4406 1651 4473; x_wconf 79' lang='lat' dir='ltr'><strong><em>sanguinein</em></strong></span> <span class='ocrx_word' id='word_1_562' title='bbox 1711 4419 1889 4458; x_wconf 87' lang='lat' dir='ltr'><strong><em>eorum</em></strong></span> <span class='ocrx_word' id='word_1_563' title='bbox 1947 4404 2010 4459; x_wconf 88' lang='lat' dir='ltr'><strong><em>de</em></strong></span> <span class='ocrx_word' id='word_1_564' title='bbox 2050 4420 2137 4459; x_wconf 89' lang='lat' dir='ltr'><strong><em>ore</em></strong></span> 
     </span>
    </p>
   </div>
   <div class='ocr_carea' id='block_1_77' title="bbox 559 4495 2135 4560">
    <p class='ocr_par' dir='ltr' id='par_1_77' title="bbox 559 4495 2135 4560">
     <span class='ocr_line' id='line_1_77' title="bbox 559 4495 2135 4560; baseline -0.001 -11"><span class='ocrx_word' id='word_1_565' title='bbox 559 4498 794 4560; x_wconf 86' lang='lat' dir='ltr'><strong><em>illorum,</em></strong></span> <span class='ocrx_word' id='word_1_566' title='bbox 825 4504 876 4546; x_wconf 86' lang='lat' dir='ltr'><strong><em>et</em></strong></span> <span class='ocrx_word' id='word_1_567' title='bbox 918 4495 1337 4547; x_wconf 83' lang='lat' dir='ltr'><strong><em>abominationes</em></strong></span> <span class='ocrx_word' id='word_1_568' title='bbox 1363 4510 1545 4548; x_wconf 83' lang='lat' dir='ltr'><strong><em>eorum</em></strong></span> <span class='ocrx_word' id='word_1_569' title='bbox 1598 4496 1661 4547; x_wconf 87' lang='lat' dir='ltr'><strong><em>de</em></strong></span> <span class='ocrx_word' id='word_1_570' title='bbox 1694 4496 1863 4548; x_wconf 84' lang='lat' dir='ltr'><strong><em>medio</em></strong></span> <span class='ocrx_word' id='word_1_571' title='bbox 1900 4495 2135 4548; x_wconf 82' lang='lat' dir='ltr'><strong><em>dentium</em></strong></span> 
     </span>
    </p>
   </div>
   <div class='ocr_carea' id='block_1_78' title="bbox 559 4581 2135 4650">
    <p class='ocr_par' dir='ltr' id='par_1_78' title="bbox 559 4581 2135 4650">
     <span class='ocr_line' id='line_1_78' title="bbox 559 4581 2135 4650; baseline -0.002 -11"><span class='ocrx_word' id='word_1_572' title='bbox 559 4601 761 4640; x_wconf 83' lang='lat' dir='ltr'><strong><em>eorum.</em></strong></span> <span class='ocrx_word' id='word_1_573' title='bbox 833 4581 927 4635; x_wconf 87' lang='lat' dir='ltr'><strong><em>Et-</em></strong></span> <span class='ocrx_word' id='word_1_574' title='bbox 962 4582 1315 4650; x_wconf 83' lang='lat' dir='ltr'><strong><em>relinquentur</em></strong></span> <span class='ocrx_word' id='word_1_575' title='bbox 1375 4594 1421 4637; x_wconf 84' lang='lat' dir='ltr'><strong><em>et</em></strong></span> <span class='ocrx_word' id='word_1_576' title='bbox 1474 4584 1565 4635; x_wconf 82' lang='lat' dir='ltr'><strong><em>isti</em></strong></span> <span class='ocrx_word' id='word_1_577' title='bbox 1631 4582 1738 4636; x_wconf 89' lang='lat' dir='ltr'><strong><em>Deo</em></strong></span> <span class='ocrx_word' id='word_1_578' title='bbox 1808 4594 2030 4647; x_wconf 84' lang='lat' dir='ltr'><strong><em>nostra,</em></strong></span> <span class='ocrx_word' id='word_1_579' title='bbox 2086 4593 2135 4637; x_wconf 83' lang='lat' dir='ltr'><strong><em>et</em></strong></span> 
     </span>
    </p>
   </div>
   <div class='ocr_carea' id='block_1_79' title="bbox 556 4671 2135 4738">
    <p class='ocr_par' dir='ltr' id='par_1_79' title="bbox 556 4671 2135 4738">
     <span class='ocr_line' id='line_1_79' title="bbox 556 4671 2135 4738; baseline -0.002 -6"><span class='ocrx_word' id='word_1_580' title='bbox 556 4685 711 4732; x_wconf 86' lang='lat' dir='ltr'><strong><em>erunt</em></strong></span> <span class='ocrx_word' id='word_1_581' title='bbox 743 4684 798 4730; x_wconf 81' lang='lat' dir='ltr'><strong><em>ut</em></strong></span> <span class='ocrx_word' id='word_1_582' title='bbox 858 4673 1094 4728; x_wconf 78' lang='lat' dir='ltr'><strong><em>tribunus</em></strong></span> <span class='ocrx_word' id='word_1_583' title='bbox 1124 4676 1178 4727; x_wconf 86' lang='lat' dir='ltr'><strong><em>in</em></strong></span> <span class='ocrx_word' id='word_1_584' title='bbox 1223 4671 1388 4738; x_wconf 73' lang='lat' dir='ltr'><strong><em>Iuda,</em></strong></span> <span class='ocrx_word' id='word_1_585' title='bbox 1416 4683 1461 4727; x_wconf 83' lang='lat' dir='ltr'><strong><em>et</em></strong></span> <span class='ocrx_word' id='word_1_586' title='bbox 1492 4674 1729 4727; x_wconf 82' lang='lat' dir='ltr'><strong><em>Accaron</em></strong></span> <span class='ocrx_word' id='word_1_587' title='bbox 1791 4674 1924 4727; x_wconf 76' lang='lat' dir='ltr'><strong><em>sicut</em></strong></span> <span class='ocrx_word' id='word_1_588' title='bbox 1974 4674 2135 4729; x_wconf 81' lang='lat' dir='ltr'><strong><em>Jebu-</em></strong></span> 
     </span>
    </p>
   </div>
   <div class='ocr_carea' id='block_1_80' title="bbox 560 4785 719 4823">
    <p class='ocr_par' dir='ltr' id='par_1_80' title="bbox 560 4785 719 4823">
     <span class='ocr_line' id='line_1_80' title="bbox 560 4785 719 4823; baseline -0.006 0"><span class='ocrx_word' id='word_1_589' title='bbox 560 4785 719 4823; x_wconf 66' lang='lat' dir='ltr'><strong><em>secus.</em></strong></span> 
     </span>
    </p>
   </div>
   <div class='ocr_carea' id='block_1_81' title="bbox 630 4852 2135 4919">
    <p class='ocr_par' dir='ltr' id='par_1_81' title="bbox 630 4852 2135 4919">
     <span class='ocr_line' id='line_1_81' title="bbox 630 4852 2135 4919; baseline -0.003 -5"><span class='ocrx_word' id='word_1_590' title='bbox 630 4859 739 4913; x_wconf 82' lang='lat' dir='ltr'><strong><em>LV.</em></strong></span> <span class='ocrx_word' id='word_1_591' title='bbox 770 4857 945 4911; x_wconf 85' lang='lat' dir='ltr'><strong><em>Etiam</em></strong></span> <span class='ocrx_word' id='word_1_592' title='bbox 987 4854 1075 4909; x_wconf 80' lang='lat' dir='ltr'><strong><em>isti</em></strong></span> <span class='ocrx_word' id='word_1_593' title='bbox 1108 4852 1363 4909; x_wconf 87' lang='lat' dir='ltr'><strong><em>lsraelem</em></strong></span> <span class='ocrx_word' id='word_1_594' title='bbox 1390 4854 1737 4919; x_wconf 85' lang='lat' dir='ltr'><strong><em>devorarunt,</em></strong></span> <span class='ocrx_word' id='word_1_595' title='bbox 1762 4864 1817 4910; x_wconf 92' lang='lat' dir='ltr'><strong><em>et</em></strong></span> <span class='ocrx_word' id='word_1_596' title='bbox 1859 4854 2031 4911; x_wconf 85' lang='lat' dir='ltr'><strong><em>instar</em></strong></span> <span class='ocrx_word' id='word_1_597' title='bbox 2058 4854 2135 4911; x_wconf 79' lang='lat' dir='ltr'><strong><em>fe-</em></strong></span> 
     </span>
    </p>
   </div>
   <div class='ocr_carea' id='block_1_82' title="bbox 2245 3673 3822 3746">
    <p class='ocr_par' dir='ltr' id='par_1_82' title="bbox 2245 3673 3822 3746">
     <span class='ocr_line' id='line_1_82' title="bbox 2245 3673 3822 3746; baseline 0 -19"><span class='ocrx_word' id='word_1_598' title='bbox 2245 3673 2355 3727; x_wconf 79' lang='grc' dir='ltr'>ἐσθ’</span> <span class='ocrx_word' id='word_1_599' title='bbox 2390 3675 2476 3729; x_wconf 83' lang='grc' dir='ltr'><strong><em>ὅτε</em></strong></span> <span class='ocrx_word' id='word_1_600' title='bbox 2528 3675 2626 3745; x_wconf 81' lang='grc' dir='ltr'><strong><em>τῆς</em></strong></span> <span class='ocrx_word' id='word_1_601' title='bbox 2663 3674 3009 3746; x_wconf 85' lang='grc' dir='ltr'>Ἐκκλησίας,</span> <span class='ocrx_word' id='word_1_602' title='bbox 3043 3675 3463 3744; x_wconf 76' lang='grc' dir='ltr'>συνεπιφύονταί</span> <span class='ocrx_word' id='word_1_603' title='bbox 3510 3693 3567 3728; x_wconf 88' lang='grc' dir='ltr'><strong><em>τε</em></strong></span> <span class='ocrx_word' id='word_1_604' title='bbox 3613 3676 3822 3739; x_wconf 79' lang='grc' dir='ltr'>δεινῶς,</span> 
     </span>
    </p>
   </div>
   <div class='ocr_carea' id='block_1_83' title="bbox 2243 3766 3822 3839">
    <p class='ocr_par' dir='ltr' id='par_1_83' title="bbox 2243 3766 3822 3839">
     <span class='ocr_line' id='line_1_83' title="bbox 2243 3766 3822 3839; baseline 0.001 -20"><span class='ocrx_word' id='word_1_605' title='bbox 2243 3767 2337 3820; x_wconf 74' lang='grc' dir='ltr'>καὶ</span> <span class='ocrx_word' id='word_1_606' title='bbox 2388 3766 2759 3836; x_wconf 82' lang='grc' dir='ltr'>ἐπιμειδιῶσιν</span> <span class='ocrx_word' id='word_1_607' title='bbox 2792 3768 2842 3820; x_wconf 88' lang='grc' dir='ltr'>οί</span> <span class='ocrx_word' id='word_1_608' title='bbox 2871 3769 3090 3839; x_wconf 77' lang='grc' dir='ltr'>ἐχθροὶ,</span> <span class='ocrx_word' id='word_1_609' title='bbox 3122 3769 3261 3837; x_wconf 84' lang='grc' dir='ltr'><strong>τάχα</strong></span> <span class='ocrx_word' id='word_1_610' title='bbox 3312 3785 3415 3820; x_wconf 89' lang='grc' dir='ltr'><strong><em>που</em></strong></span> <span class='ocrx_word' id='word_1_611' title='bbox 3464 3768 3714 3837; x_wconf 81' lang='grc' dir='ltr'>λέγοντες</span> <span class='ocrx_word' id='word_1_612' title='bbox 3743 3768 3822 3833; x_wconf 85' lang='grc' dir='ltr'><strong><em>τὸ,</em></strong></span> 
     </span>
    </p>
   </div>
   <div class='ocr_carea' id='block_1_84' title="bbox 2244 3854 3825 3931">
    <p class='ocr_par' dir='ltr' id='par_1_84' title="bbox 2244 3854 3825 3931">
     <span class='ocr_line' id='line_1_84' title="bbox 2244 3854 3825 3931; baseline -0.001 -19"><span class='ocrx_word' id='word_1_613' title='bbox 2244 3854 2406 3926; x_wconf 81' lang='grc' dir='ltr'>Εὖγε,</span> <span class='ocrx_word' id='word_1_614' title='bbox 2437 3855 2586 3926; x_wconf 77' lang='grc' dir='ltr'>εὖγε,</span> <span class='ocrx_word' id='word_1_615' title='bbox 2628 3860 2768 3912; x_wconf 86' lang='grc' dir='ltr'>κατὰ</span> <span class='ocrx_word' id='word_1_616' title='bbox 2810 3860 2870 3914; x_wconf 85' lang='grc' dir='ltr'>τὸ</span> <span class='ocrx_word' id='word_1_617' title='bbox 2915 3860 3318 3931; x_wconf 82' lang='grc' dir='ltr'>γεγραμμένον.</span> <span class='ocrx_word' id='word_1_618' title='bbox 3358 3860 3503 3929; x_wconf 87' lang='grc' dir='ltr'>Πλὴν</span> <span class='ocrx_word' id='word_1_619' title='bbox 3554 3861 3825 3928; x_wconf 83' lang='grc' dir='ltr'>ἐπαμύνει</span> 
     </span>
    </p>
   </div>
   <div class='ocr_carea' id='block_1_85' title="bbox 2242 3951 3823 4023">
    <p class='ocr_par' dir='ltr' id='par_1_85' title="bbox 2242 3951 3823 4023">
     <span class='ocr_line' id='line_1_85' title="bbox 2242 3951 3823 4023; baseline -0.001 -20"><span class='ocrx_word' id='word_1_620' title='bbox 2242 3951 2496 4021; x_wconf 85' lang='grc' dir='ltr'>Χριστὸς,</span> <span class='ocrx_word' id='word_1_621' title='bbox 2521 3951 2614 4004; x_wconf 83' lang='grc' dir='ltr'><strong><em>καὶ</em></strong></span> <span class='ocrx_word' id='word_1_622' title='bbox 2639 3952 2857 4005; x_wconf 74' lang='grc' dir='ltr'>ἃπασαν</span> <span class='ocrx_word' id='word_1_623' title='bbox 2891 3953 2989 4022; x_wconf 77' lang='grc' dir='ltr'>μὲν</span> <span class='ocrx_word' id='word_1_624' title='bbox 3018 3952 3195 4006; x_wconf 79' lang='grc' dir='ltr'>αὐτῶν</span> <span class='ocrx_word' id='word_1_625' title='bbox 3218 3952 3543 4023; x_wconf 84' lang='grc' dir='ltr'>συνθραύσει</span> <span class='ocrx_word' id='word_1_626' title='bbox 3569 3952 3823 4020; x_wconf 77' lang='grc' dir='ltr'>δύναμιν,</span> 
     </span>
    </p>
   </div>
   <div class='ocr_carea' id='block_1_86' title="bbox 2240 4040 3822 4113">
    <p class='ocr_par' dir='ltr' id='par_1_86' title="bbox 2240 4040 3822 4113">
     <span class='ocr_line' id='line_1_86' title="bbox 2240 4040 3822 4113; baseline -0.001 -18"><span class='ocrx_word' id='word_1_627' title='bbox 2240 4041 2330 4095; x_wconf 81' lang='grc' dir='ltr'><strong><em>τὸν</em></strong></span> <span class='ocrx_word' id='word_1_628' title='bbox 2379 4040 2508 4093; x_wconf 79' lang='grc' dir='ltr'>ἴδιον</span> <span class='ocrx_word' id='word_1_629' title='bbox 2537 4042 2765 4112; x_wconf 85' lang='grc' dir='ltr'>ἐγείρων</span> <span class='ocrx_word' id='word_1_630' title='bbox 2795 4042 2940 4107; x_wconf 80' lang='grc' dir='ltr'>ναὸν,</span> <span class='ocrx_word' id='word_1_631' title='bbox 2969 4043 3242 4113; x_wconf 68' lang='grc' dir='ltr'>ἐπιφέρων</span> <span class='ocrx_word' id='word_1_632' title='bbox 3276 4042 3333 4096; x_wconf 84' lang='grc' dir='ltr'><strong><em>δέ</em></strong></span> <span class='ocrx_word' id='word_1_633' title='bbox 3360 4045 3471 4106; x_wconf 84' lang='grc' dir='ltr'>τοῖς</span> <span class='ocrx_word' id='word_1_634' title='bbox 3503 4042 3822 4096; x_wconf 78' lang='grc' dir='ltr'>ἐπιϐουλεύ-</span> 
     </span>
    </p>
   </div>
   <div class='ocr_carea' id='block_1_87' title="bbox 2239 4128 3823 4205">
    <p class='ocr_par' dir='ltr' id='par_1_87' title="bbox 2239 4128 3823 4205">
     <span class='ocr_line' id='line_1_87' title="bbox 2239 4128 3823 4205; baseline 0.001 -20"><span class='ocrx_word' id='word_1_635' title='bbox 2239 4149 2359 4185; x_wconf 88' lang='grc' dir='ltr'>ουσι</span> <span class='ocrx_word' id='word_1_636' title='bbox 2393 4132 2460 4185; x_wconf 83' lang='grc' dir='ltr'><strong><em>τὰ</em></strong></span> <span class='ocrx_word' id='word_1_637' title='bbox 2504 4131 2563 4197; x_wconf 77' lang='grc' dir='ltr'>ἐξ</span> <span class='ocrx_word' id='word_1_638' title='bbox 2611 4133 2849 4202; x_wconf 81' lang='grc' dir='ltr'>ἀκράτου</span> <span class='ocrx_word' id='word_1_639' title='bbox 2891 4133 3083 4204; x_wconf 80' lang='grc' dir='ltr'>θυμοῦ,</span> <span class='ocrx_word' id='word_1_640' title='bbox 3114 4128 3205 4187; x_wconf 68' lang='grc' dir='ltr'><strong><em>καλ</em></strong></span> <span class='ocrx_word' id='word_1_641' title='bbox 3233 4134 3421 4205; x_wconf 82' lang='grc' dir='ltr'>ὥσπερ</span> <span class='ocrx_word' id='word_1_642' title='bbox 3452 4135 3601 4197; x_wconf 78' lang='grc' dir='ltr'>τινὰς</span> <span class='ocrx_word' id='word_1_643' title='bbox 3637 4135 3823 4197; x_wconf 84' lang='grc' dir='ltr'>πόλεις</span> 
     </span>
    </p>
   </div>
   <div class='ocr_carea' id='block_1_88' title="bbox 2239 4222 3819 4297">
    <p class='ocr_par' dir='ltr' id='par_1_88' title="bbox 2239 4222 3819 4297">
     <span class='ocr_line' id='line_1_88' title="bbox 2239 4222 3819 4297; baseline 0.005 -23"><span class='ocrx_word' id='word_1_644' title='bbox 2239 4222 2338 4285; x_wconf 82' lang='grc' dir='ltr'><strong><em>τὰς</em></strong></span> <span class='ocrx_word' id='word_1_645' title='bbox 2380 4223 2487 4275; x_wconf 89' lang='grc' dir='ltr'><strong><em>τῶν</em></strong></span> <span class='ocrx_word' id='word_1_646' title='bbox 2520 4225 2784 4292; x_wconf 85' lang='grc' dir='ltr'>αἱρέσεων</span> <span class='ocrx_word' id='word_1_647' title='bbox 2819 4227 3125 4279; x_wconf 81' lang='grc' dir='ltr'>κατασείων</span> <span class='ocrx_word' id='word_1_648' title='bbox 3165 4228 3508 4296; x_wconf 72' lang='grc' dir='ltr'>συναγωγὰς,</span> <span class='ocrx_word' id='word_1_649' title='bbox 3537 4228 3632 4280; x_wconf 72' lang='grc' dir='ltr'>καὶ</span> <span class='ocrx_word' id='word_1_650' title='bbox 3684 4228 3819 4297; x_wconf 79' lang='grc' dir='ltr'>πρὸς</span> 
     </span>
    </p>
   </div>
   <div class='ocr_carea' id='block_1_89' title="bbox 2243 4312 3536 4387">
    <p class='ocr_par' dir='ltr' id='par_1_89' title="bbox 2243 4312 3536 4387">
     <span class='ocr_line' id='line_1_89' title="bbox 2243 4312 3536 4387; baseline 0.008 -23"><span class='ocrx_word' id='word_1_651' title='bbox 2243 4312 2464 4375; x_wconf 77' lang='grc' dir='ltr'>ταύταις</span> <span class='ocrx_word' id='word_1_652' title='bbox 2492 4316 2569 4365; x_wconf 73' lang='grc' dir='ltr'>ἔτι</span> <span class='ocrx_word' id='word_1_653' title='bbox 2603 4315 2669 4367; x_wconf 84' lang='grc' dir='ltr'><strong><em>τὰ</em></strong></span> <span class='ocrx_word' id='word_1_654' title='bbox 2698 4316 3095 4386; x_wconf 85' lang='grc' dir='ltr'>είδωλολατρῶν</span> <span class='ocrx_word' id='word_1_655' title='bbox 3128 4318 3314 4372; x_wconf 81' lang='grc' dir='ltr'>ἀνόσια</span> <span class='ocrx_word' id='word_1_656' title='bbox 3352 4319 3536 4387; x_wconf 69' lang='grc' dir='ltr'>στίφη.</span> 
     </span>
    </p>
   </div>
   <div class='ocr_carea' id='block_1_90' title="bbox 2308 4405 3818 4480">
    <p class='ocr_par' dir='ltr' id='par_1_90' title="bbox 2308 4405 3818 4480">
     <span class='ocr_line' id='line_1_90' title="bbox 2308 4405 3818 4480; baseline 0.001 -18"><span class='ocrx_word' id='word_1_657' title='bbox 2308 4407 2413 4462; x_wconf 83' lang='grc' dir='ltr'><strong><em>Καὶ</em></strong></span> <span class='ocrx_word' id='word_1_658' title='bbox 2446 4407 2634 4476; x_wconf 79' lang='grc' dir='ltr'><em>ἑξορῶ</em></span> <span class='ocrx_word' id='word_1_659' title='bbox 2658 4408 2727 4461; x_wconf 78' lang='grc' dir='ltr'><strong><em>’τὸ</em></strong></span> <span class='ocrx_word' id='word_1_660' title='bbox 2768 4405 2909 4479; x_wconf 79' lang='grc' dir='ltr'>αῖμα</span> <span class='ocrx_word' id='word_1_661' title='bbox 2944 4409 3143 4462; x_wconf 80' lang='grc' dir='ltr'>αὐτῶν</span> <span class='ocrx_word' id='word_1_662' title='bbox 3173 4411 3241 4464; x_wconf 79' lang='grc' dir='ltr'><strong><em>ἐκ</em></strong></span> <span class='ocrx_word' id='word_1_663' title='bbox 3281 4412 3577 4480; x_wconf 79' lang='grc' dir='ltr'><strong><em>στόματος</em></strong></span> <span class='ocrx_word' id='word_1_664' title='bbox 3601 4411 3818 4473; x_wconf 72' lang='grc' dir='ltr'>αὐτῶν,</span> 
     </span>
    </p>
   </div>
   <div class='ocr_carea' id='block_1_91' title="bbox 2238 4500 3817 4572">
    <p class='ocr_par' dir='ltr' id='par_1_91' title="bbox 2238 4500 3817 4572">
     <span class='ocr_line' id='line_1_91' title="bbox 2238 4500 3817 4572; baseline 0.004 -20"><span class='ocrx_word' id='word_1_665' title='bbox 2238 4500 2334 4553; x_wconf 79' lang='grc' dir='ltr'><strong><em>καί</em></strong></span> <span class='ocrx_word' id='word_1_666' title='bbox 2361 4500 2431 4553; x_wconf 84' lang='grc' dir='ltr'><strong><em>τὰ</em></strong></span> <span class='ocrx_word' id='word_1_667' title='bbox 2457 4500 2845 4571; x_wconf 77' lang='grc' dir='ltr'>βδελύγματα</span> <span class='ocrx_word' id='word_1_668' title='bbox 2875 4502 3074 4556; x_wconf 80' lang='grc' dir='ltr'>αὐτῶν</span> <span class='ocrx_word' id='word_1_669' title='bbox 3101 4504 3167 4556; x_wconf 84' lang='grc' dir='ltr'><strong><em>ἐκ</em></strong></span> <span class='ocrx_word' id='word_1_670' title='bbox 3190 4504 3385 4572; x_wconf 80' lang='grc' dir='ltr'>μέσου</span> <span class='ocrx_word' id='word_1_671' title='bbox 3424 4504 3689 4557; x_wconf 73' lang='grc' dir='ltr'><strong><em>ὀδόντων</em></strong></span> <span class='ocrx_word' id='word_1_672' title='bbox 3715 4507 3817 4559; x_wconf 71' lang='grc' dir='ltr'><strong><em>οὐ·</em></strong></span> 
     </span>
    </p>
   </div>
   <div class='ocr_carea' id='block_1_92' title="bbox 2238 4591 3818 4661">
    <p class='ocr_par' dir='ltr' id='par_1_92' title="bbox 2238 4591 3818 4661">
     <span class='ocr_line' id='line_1_92' title="bbox 2238 4591 3818 4661; baseline 0.001 -16"><span class='ocrx_word' id='word_1_673' title='bbox 2238 4592 2375 4645; x_wconf 80' lang='grc' dir='ltr'>τῶν.</span> <span class='ocrx_word' id='word_1_674' title='bbox 2435 4592 2545 4645; x_wconf 77' lang='grc' dir='ltr'><strong><em>Καὶ</em></strong></span> <span class='ocrx_word' id='word_1_675' title='bbox 2596 4594 3143 4661; x_wconf 70' lang='grc' dir='ltr'>ὺπολειφθήσονται</span> <span class='ocrx_word' id='word_1_676' title='bbox 3193 4594 3291 4647; x_wconf 80' lang='grc' dir='ltr'>καὶ</span> <span class='ocrx_word' id='word_1_677' title='bbox 3344 4591 3508 4649; x_wconf 80' lang='grc' dir='ltr'>οὗτοι</span> <span class='ocrx_word' id='word_1_678' title='bbox 3560 4595 3639 4659; x_wconf 84' lang='grc' dir='ltr'><strong><em>τῷ</em></strong></span> <span class='ocrx_word' id='word_1_679' title='bbox 3702 4594 3818 4659; x_wconf 75' lang='grc' dir='ltr'><strong><em>Θεῷ</em></strong></span> 
     </span>
    </p>
   </div>
   <div class='ocr_carea' id='block_1_93' title="bbox 2238 4680 3817 4753">
    <p class='ocr_par' dir='ltr' id='par_1_93' title="bbox 2238 4680 3817 4753">
     <span class='ocr_line' id='line_1_93' title="bbox 2238 4680 3817 4753; baseline 0.003 -20"><span class='ocrx_word' id='word_1_680' title='bbox 2238 4680 2427 4749; x_wconf 73' lang='grc' dir='ltr'>ἡμῶν,</span> <span class='ocrx_word' id='word_1_681' title='bbox 2464 4682 2562 4735; x_wconf 78' lang='grc' dir='ltr'>καὶ</span> <span class='ocrx_word' id='word_1_682' title='bbox 2614 4684 2855 4736; x_wconf 73' lang='grc' dir='ltr'>ἔσονται</span> <span class='ocrx_word' id='word_1_683' title='bbox 2908 4686 2989 4750; x_wconf 85' lang='grc' dir='ltr'><strong><em>ὠς</em></strong></span> <span class='ocrx_word' id='word_1_684' title='bbox 3037 4686 3351 4753; x_wconf 79' lang='grc' dir='ltr'>χιλίαρχος</span> <span class='ocrx_word' id='word_1_685' title='bbox 3377 4687 3447 4739; x_wconf 78' lang='grc' dir='ltr'>ἐν</span> <span class='ocrx_word' id='word_1_686' title='bbox 3481 4686 3687 4750; x_wconf 72' lang='grc' dir='ltr'>Ἰούδα,</span> <span class='ocrx_word' id='word_1_687' title='bbox 3724 4687 3817 4740; x_wconf 76' lang='grc' dir='ltr'><strong><em>καί</em></strong></span> 
     </span>
    </p>
   </div>
   <div class='ocr_carea' id='block_1_94' title="bbox 2251 4772 3059 4841">
    <p class='ocr_par' dir='ltr' id='par_1_94' title="bbox 2251 4772 3059 4841">
     <span class='ocr_line' id='line_1_94' title="bbox 2251 4772 3059 4841; baseline 0.009 -16"><span class='ocrx_word' id='word_1_688' title='bbox 2251 4772 2540 4841; x_wconf 80' lang='grc' dir='ltr'>Ἀκκαρὼν</span> <span class='ocrx_word' id='word_1_689' title='bbox 2560 4774 2640 4840; x_wconf 84' lang='grc' dir='ltr'><strong><em>ὡς</em></strong></span> <span class='ocrx_word' id='word_1_690' title='bbox 2686 4774 3059 4841; x_wconf 77' lang='grc' dir='ltr'>Ἰεϐουσαῖος.</span> 
     </span>
    </p>
   </div>
   <div class='ocr_carea' id='block_1_95' title="bbox 2307 4863 3819 4938">
    <p class='ocr_par' dir='ltr' id='par_1_95' title="bbox 2307 4863 3819 4938">
     <span class='ocr_line' id='line_1_95' title="bbox 2307 4863 3819 4938; baseline 0.003 -23"><span class='ocrx_word' id='word_1_691' title='bbox 2307 4864 2432 4917; x_wconf 79' lang='lat' dir='ltr'><strong><em>NE’.</em></strong></span> <span class='ocrx_word' id='word_1_692' title='bbox 2468 4864 2874 4934; x_wconf 84' lang='grc' dir='ltr'>Κατεδηδόκασι</span> <span class='ocrx_word' id='word_1_693' title='bbox 2901 4866 2999 4935; x_wconf 85' lang='grc' dir='ltr'><strong><em>μὲν</em></strong></span> <span class='ocrx_word' id='word_1_694' title='bbox 3026 4869 3117 4920; x_wconf 76' lang='grc' dir='ltr'>καὶ</span> <span class='ocrx_word' id='word_1_695' title='bbox 3161 4863 3306 4922; x_wconf 75' lang='grc' dir='ltr'>οὗτοι</span> <span class='ocrx_word' id='word_1_696' title='bbox 3335 4868 3425 4923; x_wconf 80' lang='grc' dir='ltr'>τὸν</span> <span class='ocrx_word' id='word_1_697' title='bbox 3462 4868 3703 4938; x_wconf 85' lang='grc' dir='ltr'>Ἰσραὴλ,</span> <span class='ocrx_word' id='word_1_698' title='bbox 3729 4867 3819 4920; x_wconf 76' lang='grc' dir='ltr'>καὶ</span> 
     </span>
    </p>
   </div>
   <div class='ocr_carea' id='block_1_96' title="bbox 564 4932 2141 5030">
    <p class='ocr_par' dir='ltr' id='par_1_96' title="bbox 564 4944 2132 5016">
     <span class='ocr_line' id='line_1_96' title="bbox 564 4944 2132 5016; baseline -0.003 -11"><span class='ocrx_word' id='word_1_699' title='bbox 564 4965 740 5005; x_wconf 82' lang='lat' dir='ltr'><strong><em>rarum</em></strong></span> <span class='ocrx_word' id='word_1_700' title='bbox 768 4963 862 5003; x_wconf 79' lang='lat' dir='ltr'><strong><em>ora</em></strong></span> <span class='ocrx_word' id='word_1_701' title='bbox 898 4946 1052 5016; x_wconf 85' lang='lat' dir='ltr'><strong><em>quasi</em></strong></span> <span class='ocrx_word' id='word_1_702' title='bbox 1087 4945 1348 5012; x_wconf 82' lang='lat' dir='ltr'><strong><em>sanguine</em></strong></span> <span class='ocrx_word' id='word_1_703' title='bbox 1378 4945 1583 5013; x_wconf 86' lang='lat' dir='ltr'><strong><em>polluta</em></strong></span> <span class='ocrx_word' id='word_1_704' title='bbox 1618 4944 1942 5000; x_wconf 85' lang='lat' dir='ltr'><strong><em>habuerunt.</em></strong></span> <span class='ocrx_word' id='word_1_705' title='bbox 1998 4947 2132 5013; x_wconf 86' lang='lat' dir='ltr'><strong><em>Quia</em></strong></span> 
     </span>
    </p>
   </div>
   <div class='ocr_carea' id='block_1_97' title="bbox 2241 4932 3823 5030">
    <p class='ocr_par' dir='ltr' id='par_1_97' title="bbox 2241 4932 3823 5030">
     <span class='ocr_line' id='line_1_97' title="bbox 2241 4932 3823 5030; baseline 0.003 -23"><span class='ocrx_word' id='word_1_706' title='bbox 2241 4948 2324 5009; x_wconf 77' lang='grc' dir='ltr'><strong><em>οἷά</em></strong></span> <span class='ocrx_word' id='word_1_707' title='bbox 2350 4972 2495 5019; x_wconf 84' lang='grc' dir='ltr'>τινες</span> <span class='ocrx_word' id='word_1_708' title='bbox 2518 4932 2682 5026; x_wconf 64' lang='grc' dir='ltr'>θῆρεξ</span> <span class='ocrx_word' id='word_1_709' title='bbox 2744 4932 3026 5028; x_wconf 72' lang='grc' dir='ltr'>μονονουχὶ</span> <span class='ocrx_word' id='word_1_710' title='bbox 3083 4960 3177 5011; x_wconf 74' lang='grc' dir='ltr'><strong><em>καὶ</em></strong></span> <span class='ocrx_word' id='word_1_711' title='bbox 3226 4960 3417 5029; x_wconf 77' lang='grc' dir='ltr'>αἵματι</span> <span class='ocrx_word' id='word_1_712' title='bbox 3470 4932 3823 5030; x_wconf 66' lang='grc' dir='ltr'>πειρυρμένον</span> 
     </span>
    </p>
   </div>
   <div class='ocr_carea' id='block_1_98' title="bbox 561 5028 2133 5106">
    <p class='ocr_par' dir='ltr' id='par_1_98' title="bbox 561 5028 2133 5106">
     <span class='ocr_line' id='line_1_98' title="bbox 561 5028 2133 5106; baseline 0.001 -13"><span class='ocrx_word' id='word_1_713' title='bbox 561 5056 691 5095; x_wconf 78' lang='lat' dir='ltr'><strong><em>vero</em></strong></span> <span class='ocrx_word' id='word_1_714' title='bbox 739 5038 1055 5101; x_wconf 68' lang='lat' dir='ltr'><strong><em>idololatrm,</em></strong></span> <span class='ocrx_word' id='word_1_715' title='bbox 1117 5046 1171 5089; x_wconf 89' lang='lat' dir='ltr'><strong><em>et</em></strong></span> <span class='ocrx_word' id='word_1_716' title='bbox 1229 5035 1706 5105; x_wconf 83' lang='lat' dir='ltr'><strong><em>superstitionibus</em></strong></span> <span class='ocrx_word' id='word_1_717' title='bbox 1769 5028 2133 5106; x_wconf 75' lang='lat' dir='ltr'><strong><em>dediiierant,</em></strong></span> 
     </span>
    </p>
   </div>
   <div class='ocr_carea' id='block_1_99' title="bbox 558 5128 2136 5203">
    <p class='ocr_par' dir='ltr' id='par_1_99' title="bbox 558 5128 2136 5203">
     <span class='ocr_line' id='line_1_99' title="bbox 558 5128 2136 5203; baseline 0.001 -17"><span class='ocrx_word' id='word_1_718' title='bbox 558 5132 947 5203; x_wconf 85' lang='lat' dir='ltr'><strong><em>propemodum</em></strong></span> <span class='ocrx_word' id='word_1_719' title='bbox 986 5128 1274 5197; x_wconf 86' lang='lat' dir='ltr'><strong><em>scmperin</em></strong></span> <span class='ocrx_word' id='word_1_720' title='bbox 1334 5128 1535 5196; x_wconf 85' lang='lat' dir='ltr'><strong><em>lingua,</em></strong></span> <span class='ocrx_word' id='word_1_721' title='bbox 1591 5129 1707 5184; x_wconf 71' lang='lat' dir='ltr'><strong><em>sive</em></strong></span> <span class='ocrx_word' id='word_1_722' title='bbox 1779 5131 1832 5185; x_wconf 90' lang='lat' dir='ltr'><strong><em>in</em></strong></span> <span class='ocrx_word' id='word_1_723' title='bbox 1886 5132 2136 5187; x_wconf 84' lang='lat' dir='ltr'><strong><em>dentibus</em></strong></span> 
     </span>
    </p>
   </div>
   <div class='ocr_carea' id='block_1_100' title="bbox 560 5208 2137 5288">
    <p class='ocr_par' dir='ltr' id='par_1_100' title="bbox 560 5208 2137 5288">
     <span class='ocr_line' id='line_1_100' title="bbox 560 5208 2137 5288; baseline -0.001 -12"><span class='ocrx_word' id='word_1_724' title='bbox 560 5238 782 5277; x_wconf 88' lang='lat' dir='ltr'><strong><em>suarum</em></strong></span> <span class='ocrx_word' id='word_1_725' title='bbox 815 5208 1283 5275; x_wconf 83' lang='lat' dir='ltr'><strong><em>abominationum</em></strong></span> <span class='ocrx_word' id='word_1_726' title='bbox 1313 5218 1718 5287; x_wconf 85' lang='lat' dir='ltr'><strong><em>implorationcs</em></strong></span> <span class='ocrx_word' id='word_1_727' title='bbox 1746 5220 2137 5288; x_wconf 81' lang='lat' dir='ltr'><strong><em>ferebant,ubi-</em></strong></span> 
     </span>
    </p>
   </div>
   <div class='ocr_carea' id='block_1_101' title="bbox 559 5311 2135 5383">
    <p class='ocr_par' dir='ltr' id='par_1_101' title="bbox 559 5311 2135 5383">
     <span class='ocr_line' id='line_1_101' title="bbox 559 5311 2135 5383; baseline 0.001 -17"><span class='ocrx_word' id='word_1_728' title='bbox 559 5328 665 5383; x_wconf 80' lang='lat' dir='ltr'><strong><em>que</em></strong></span> <span class='ocrx_word' id='word_1_729' title='bbox 694 5327 905 5367; x_wconf 85' lang='lat' dir='ltr'><strong><em>sursum</em></strong></span> <span class='ocrx_word' id='word_1_730' title='bbox 934 5321 990 5367; x_wconf 89' lang='lat' dir='ltr'><strong><em>et</em></strong></span> <span class='ocrx_word' id='word_1_731' title='bbox 1051 5312 1303 5367; x_wconf 85' lang='lat' dir='ltr'><strong><em>deorsum</em></strong></span> <span class='ocrx_word' id='word_1_732' title='bbox 1345 5311 1487 5380; x_wconf 87' lang='lat' dir='ltr'><strong><em>quod</em></strong></span> <span class='ocrx_word' id='word_1_733' title='bbox 1547 5312 1765 5378; x_wconf 86' lang='lat' dir='ltr'><strong><em>dicitur,</em></strong></span> <span class='ocrx_word' id='word_1_734' title='bbox 1832 5314 2135 5369; x_wconf 74' lang='lat' dir='ltr'><strong><em>manulacta</em></strong></span> 
     </span>
    </p>
   </div>
   <div class='ocr_carea' id='block_1_102' title="bbox 558 5402 2132 5472">
    <p class='ocr_par' dir='ltr' id='par_1_102' title="bbox 558 5402 2132 5472">
     <span class='ocr_line' id='line_1_102' title="bbox 558 5402 2132 5472; baseline 0.001 -16"><span class='ocrx_word' id='word_1_735' title='bbox 558 5406 689 5458; x_wconf 79' lang='lat' dir='ltr'><strong><em>deos</em></strong></span> <span class='ocrx_word' id='word_1_736' title='bbox 730 5405 1049 5470; x_wconf 88' lang='lat' dir='ltr'><strong><em>vocitantes,</em></strong></span> <span class='ocrx_word' id='word_1_737' title='bbox 1079 5413 1134 5458; x_wconf 89' lang='lat' dir='ltr'><strong><em>et</em></strong></span> <span class='ocrx_word' id='word_1_738' title='bbox 1162 5402 1432 5472; x_wconf 81' lang='lat' dir='ltr'><strong><em>lapidibus</em></strong></span> <span class='ocrx_word' id='word_1_739' title='bbox 1464 5418 1626 5458; x_wconf 87' lang='lat' dir='ltr'><strong><em>sensu</em></strong></span> <span class='ocrx_word' id='word_1_740' title='bbox 1663 5405 1981 5461; x_wconf 87' lang='lat' dir='ltr'><strong><em>vacantibus</em></strong></span> <span class='ocrx_word' id='word_1_741' title='bbox 2049 5404 2132 5458; x_wconf 90' lang='lat' dir='ltr'><strong><em>di-</em></strong></span> 
     </span>
    </p>
   </div>
   <div class='ocr_carea' id='block_1_103' title="bbox 559 5494 2131 5565">
    <p class='ocr_par' dir='ltr' id='par_1_103' title="bbox 559 5494 2131 5565">
     <span class='ocr_line' id='line_1_103' title="bbox 559 5494 2131 5565; baseline -0.002 -16"><span class='ocrx_word' id='word_1_742' title='bbox 559 5503 741 5551; x_wconf 71' lang='lat' dir='ltr'><strong><em>centes</em></strong></span> <span class='ocrx_word' id='word_1_743' title='bbox 770 5512 783 5548; x_wconf 86' lang='lat'><strong>:</strong></span> <span class='ocrx_word' id='word_1_744' title='bbox 811 5513 829 5547; x_wconf 77' lang='grc' dir='ltr'><strong><em>ι</em></strong></span> <span class='ocrx_word' id='word_1_745' title='bbox 862 5495 1002 5549; x_wconf 86' lang='lat' dir='ltr'><strong><em>Deus</em></strong></span> <span class='ocrx_word' id='word_1_746' title='bbox 1042 5510 1191 5549; x_wconf 80' lang='lat' dir='ltr'><strong><em>incus</em></strong></span> <span class='ocrx_word' id='word_1_747' title='bbox 1219 5510 1277 5549; x_wconf 89' lang='lat' dir='ltr'><strong><em>es</em></strong></span> <span class='ocrx_word' id='word_1_748' title='bbox 1313 5507 1388 5558; x_wconf 90' lang='lat' dir='ltr'><strong><em>tu,</em></strong></span> <span class='ocrx_word' id='word_1_749' title='bbox 1421 5503 1475 5549; x_wconf 87' lang='lat' dir='ltr'><strong><em>et</em></strong></span> <span class='ocrx_word' id='word_1_750' title='bbox 1510 5507 1562 5549; x_wconf 90' lang='lat' dir='ltr'><strong><em>tu</em></strong></span> <span class='ocrx_word' id='word_1_751' title='bbox 1621 5497 1850 5565; x_wconf 78' lang='lat' dir='ltr'><strong><em>genuisti</em></strong></span> <span class='ocrx_word' id='word_1_752' title='bbox 1902 5510 1984 5550; x_wconf 90' lang='lat' dir='ltr'><strong><em>me</em></strong></span> <span class='ocrx_word' id='word_1_753' title='bbox 2009 5494 2075 5559; x_wconf 54' lang='grc'>⁷,³.</span> <span class='ocrx_word' id='word_1_754' title='bbox 2114 5514 2131 5546; x_wconf 77' lang='grc' dir='ltr'><strong><em>ι</em></strong></span> 
     </span>
    </p>
   </div>
   <div class='ocr_carea' id='block_1_104' title="bbox 558 5586 2139 5642">
    <p class='ocr_par' dir='ltr' id='par_1_104' title="bbox 558 5586 2139 5642">
     <span class='ocr_line' id='line_1_104' title="bbox 558 5586 2139 5642; baseline 0.001 -1"><span class='ocrx_word' id='word_1_755' title='bbox 558 5590 822 5641; x_wconf 64' lang='lat' dir='ltr'><strong><em>(La-terum</em></strong></span> <span class='ocrx_word' id='word_1_756' title='bbox 849 5602 969 5641; x_wconf 89' lang='lat' dir='ltr'><strong><em>cum</em></strong></span> <span class='ocrx_word' id='word_1_757' title='bbox 1001 5587 1071 5640; x_wconf 85' lang='lat' dir='ltr'><strong><em>ita</em></strong></span> <span class='ocrx_word' id='word_1_758' title='bbox 1104 5587 1410 5639; x_wconf 81' lang='lat' dir='ltr'><strong><em>immaniter</em></strong></span> <span class='ocrx_word' id='word_1_759' title='bbox 1467 5586 1723 5641; x_wconf 79' lang='lat' dir='ltr'><strong><em>adversus</em></strong></span> <span class='ocrx_word' id='word_1_760' title='bbox 1767 5587 2013 5641; x_wconf 76' lang='lat' dir='ltr'><strong><em>Israelcm</em></strong></span> <span class='ocrx_word' id='word_1_761' title='bbox 2080 5600 2139 5642; x_wconf 87' lang='lat' dir='ltr'><strong><em>se</em></strong></span> 
     </span>
    </p>
   </div>
   <div class='ocr_carea' id='block_1_105' title="bbox 627 5758 1781 5828">
    <p class='ocr_par' dir='ltr' id='par_1_105' title="bbox 627 5758 1781 5828">
     <span class='ocr_line' id='line_1_105' title="bbox 627 5758 1781 5828; baseline -0.007 -9"><span class='ocrx_word' id='word_1_762' title='bbox 627 5761 838 5818; x_wconf 73' lang='lat' dir='ltr'><strong><em>&quot;Psal.</em></strong></span> <span class='ocrx_word' id='word_1_763' title='bbox 874 5778 1059 5828; x_wconf 64' lang='lat' dir='ltr'><strong><em>nux,</em></strong></span> <span class='ocrx_word' id='word_1_764' title='bbox 1102 5761 1186 5815; x_wconf 81' lang='lat' dir='ltr'><strong><em>l6.</em></strong></span> <span class='ocrx_word' id='word_1_765' title='bbox 1267 5761 1311 5792; x_wconf 87' lang='grc'><strong><em>⁷³</em></strong></span> <span class='ocrx_word' id='word_1_766' title='bbox 1348 5758 1549 5814; x_wconf 64' lang='grc' dir='ltr'>ιιιοτιι.</span> <span class='ocrx_word' id='word_1_767' title='bbox 1599 5776 1655 5824; x_wconf 85' lang='grc' dir='ltr'><strong><em>ιι,</em></strong></span> <span class='ocrx_word' id='word_1_768' title='bbox 1694 5759 1781 5811; x_wconf 69' lang='grc' dir='ltr'>Ἦ.</span> 
     </span>
    </p>
   </div>
   <div class='ocr_carea' id='block_1_106' title="bbox 2241 5042 3819 5122">
    <p class='ocr_par' dir='ltr' id='par_1_106' title="bbox 2241 5042 3819 5122">
     <span class='ocr_line' id='line_1_106' title="bbox 2241 5042 3819 5122; baseline 0.002 -23"><span class='ocrx_word' id='word_1_769' title='bbox 2241 5042 2388 5116; x_wconf 81' lang='grc' dir='ltr'>εῐχον</span> <span class='ocrx_word' id='word_1_770' title='bbox 2412 5046 2473 5099; x_wconf 87' lang='grc' dir='ltr'>τὸ</span> <span class='ocrx_word' id='word_1_771' title='bbox 2505 5046 2699 5116; x_wconf 87' lang='grc' dir='ltr'>στόμα.</span> <span class='ocrx_word' id='word_1_772' title='bbox 2741 5048 2958 5119; x_wconf 82' lang='grc' dir='ltr'>Ἐπειδὴ</span> <span class='ocrx_word' id='word_1_773' title='bbox 2986 5050 3043 5102; x_wconf 86' lang='grc' dir='ltr'><strong><em>δέ</em></strong></span> <span class='ocrx_word' id='word_1_774' title='bbox 3081 5046 3223 5121; x_wconf 78' lang='grc' dir='ltr'>ἦσαν</span> <span class='ocrx_word' id='word_1_775' title='bbox 3257 5051 3674 5122; x_wconf 78' lang='grc' dir='ltr'>εἰδωλολάτραι,</span> <span class='ocrx_word' id='word_1_776' title='bbox 3728 5052 3819 5104; x_wconf 76' lang='grc' dir='ltr'><strong><em>καὶ</em></strong></span> 
     </span>
    </p>
   </div>
   <div class='ocr_carea' id='block_1_107' title="bbox 2241 5137 3819 5212">
    <p class='ocr_par' dir='ltr' id='par_1_107' title="bbox 2241 5137 3819 5212">
     <span class='ocr_line' id='line_1_107' title="bbox 2241 5137 3819 5212; baseline 0.003 -22"><span class='ocrx_word' id='word_1_777' title='bbox 2241 5140 2360 5200; x_wconf 83' lang='grc' dir='ltr'>ταῖς</span> <span class='ocrx_word' id='word_1_778' title='bbox 2392 5137 2502 5190; x_wconf 91' lang='grc' dir='ltr'><strong><em>τῶν</em></strong></span> <span class='ocrx_word' id='word_1_779' title='bbox 2534 5138 2779 5207; x_wconf 85' lang='grc' dir='ltr'>ματαίων</span> <span class='ocrx_word' id='word_1_780' title='bbox 2809 5139 3123 5211; x_wconf 81' lang='grc' dir='ltr'>θεραπείαις</span> <span class='ocrx_word' id='word_1_781' title='bbox 3158 5145 3563 5212; x_wconf 80' lang='grc' dir='ltr'>προσκείμενοι,</span> <span class='ocrx_word' id='word_1_782' title='bbox 3593 5142 3680 5194; x_wconf 85' lang='grc' dir='ltr'><strong><em>ἀεί</em></strong></span> <span class='ocrx_word' id='word_1_783' title='bbox 3705 5158 3819 5202; x_wconf 79' lang='grc' dir='ltr'>πως</span> 
     </span>
    </p>
   </div>
   <div class='ocr_carea' id='block_1_108' title="bbox 2235 5227 3819 5301">
    <p class='ocr_par' dir='ltr' id='par_1_108' title="bbox 2235 5227 3819 5301">
     <span class='ocr_line' id='line_1_108' title="bbox 2235 5227 3819 5301; baseline 0 -20"><span class='ocrx_word' id='word_1_784' title='bbox 2235 5229 2328 5281; x_wconf 74' lang='grc' dir='ltr'><strong><em>ἐπὶ</em></strong></span> <span class='ocrx_word' id='word_1_785' title='bbox 2363 5227 2641 5296; x_wconf 85' lang='grc' dir='ltr'><strong><em>γλώττης,</em></strong></span> <span class='ocrx_word' id='word_1_786' title='bbox 2681 5230 2848 5298; x_wconf 72' lang='grc' dir='ltr'>ἤγουν</span> <span class='ocrx_word' id='word_1_787' title='bbox 2896 5233 2984 5285; x_wconf 80' lang='grc' dir='ltr'>ἐπ’</span> <span class='ocrx_word' id='word_1_788' title='bbox 3036 5234 3263 5287; x_wconf 80' lang='grc' dir='ltr'>ὀδόντων</span> <span class='ocrx_word' id='word_1_789' title='bbox 3304 5228 3448 5301; x_wconf 78' lang='grc' dir='ltr'>εἶχον</span> <span class='ocrx_word' id='word_1_790' title='bbox 3500 5232 3609 5285; x_wconf 86' lang='grc' dir='ltr'><strong><em>τῶν</em></strong></span> <span class='ocrx_word' id='word_1_791' title='bbox 3674 5232 3819 5284; x_wconf 79' lang='grc' dir='ltr'>ἰδίων</span> 
     </span>
    </p>
   </div>
   <div class='ocr_carea' id='block_1_109' title="bbox 2238 5319 3819 5393">
    <p class='ocr_par' dir='ltr' id='par_1_109' title="bbox 2238 5319 3819 5393">
     <span class='ocr_line' id='line_1_109' title="bbox 2238 5319 3819 5393; baseline 0.001 -20"><span class='ocrx_word' id='word_1_792' title='bbox 2238 5319 2621 5389; x_wconf 78' lang='grc' dir='ltr'>βδελυγμάτων</span> <span class='ocrx_word' id='word_1_793' title='bbox 2652 5321 2750 5385; x_wconf 77' lang='grc' dir='ltr'><strong><em>τὰς</em></strong></span> <span class='ocrx_word' id='word_1_794' title='bbox 2780 5323 3021 5393; x_wconf 77' lang='grc' dir='ltr'>κλήσεις,</span> <span class='ocrx_word' id='word_1_795' title='bbox 3056 5325 3168 5377; x_wconf 83' lang='grc' dir='ltr'>ἄνω</span> <span class='ocrx_word' id='word_1_796' title='bbox 3210 5342 3267 5377; x_wconf 88' lang='grc' dir='ltr'><strong>τε</strong></span> <span class='ocrx_word' id='word_1_797' title='bbox 3324 5326 3416 5377; x_wconf 68' lang='grc' dir='ltr'>καὶ</span> <span class='ocrx_word' id='word_1_798' title='bbox 3471 5325 3625 5377; x_wconf 74' lang='grc' dir='ltr'>κάτω</span> <span class='ocrx_word' id='word_1_799' title='bbox 3664 5323 3819 5385; x_wconf 75' lang='grc' dir='ltr'>θεοὺς</span> 
     </span>
    </p>
   </div>
   <div class='ocr_carea' id='block_1_110' title="bbox 2184 5408 3816 5482">
    <p class='ocr_par' dir='ltr' id='par_1_110' title="bbox 2184 5408 3816 5482">
     <span class='ocr_line' id='line_1_110' title="bbox 2184 5408 3816 5482; baseline -0.001 -21"><span class='ocrx_word' id='word_1_800' title='bbox 2184 5466 2185 5469; x_wconf 30' lang='grc' dir='ltr'><strong>η</strong></span> <span class='ocrx_word' id='word_1_801' title='bbox 2236 5408 2591 5478; x_wconf 73' lang='grc' dir='ltr'>ὀνομάζοντες</span> <span class='ocrx_word' id='word_1_802' title='bbox 2613 5412 2681 5464; x_wconf 76' lang='grc' dir='ltr'><strong><em>τὰ</em></strong></span> <span class='ocrx_word' id='word_1_803' title='bbox 2704 5412 3062 5482; x_wconf 80' lang='grc' dir='ltr'>χειρόκμητα,</span> <span class='ocrx_word' id='word_1_804' title='bbox 3093 5414 3183 5467; x_wconf 68' lang='grc' dir='ltr'><strong><em>καὶ</em></strong></span> <span class='ocrx_word' id='word_1_805' title='bbox 3217 5413 3384 5475; x_wconf 81' lang='grc' dir='ltr'>λίθοις</span> <span class='ocrx_word' id='word_1_806' title='bbox 3420 5412 3649 5480; x_wconf 67' lang='grc' dir='ltr'><strong><em>ἀψύχοις</em></strong></span> <span class='ocrx_word' id='word_1_807' title='bbox 3679 5408 3816 5463; x_wconf 83' lang='grc' dir='ltr'><strong><em>κατὰ</em></strong></span> 
     </span>
    </p>
   </div>
   <div class='ocr_carea' id='block_1_111' title="bbox 2236 5497 3815 5573">
    <p class='ocr_par' dir='ltr' id='par_1_111' title="bbox 2236 5497 3815 5573">
     <span class='ocr_line' id='line_1_111' title="bbox 2236 5497 3815 5573; baseline 0.003 -25"><span class='ocrx_word' id='word_1_808' title='bbox 2236 5497 2327 5549; x_wconf 78' lang='grc' dir='ltr'>τὸν</span> <span class='ocrx_word' id='word_1_809' title='bbox 2354 5500 2638 5569; x_wconf 71' lang='grc' dir='ltr'>προφήτην</span> <span class='ocrx_word' id='word_1_810' title='bbox 2668 5500 2913 5568; x_wconf 74' lang='grc' dir='ltr'>λέγοντες</span> <span class='ocrx_word' id='word_1_811' title='bbox 2940 5518 2951 5531; x_wconf 91' lang='grc'><strong>·</strong></span> <span class='ocrx_word' id='word_1_812' title='bbox 3014 5522 3031 5553; x_wconf 81' lang='grc' dir='ltr'><strong><em>ι</em></strong></span> <span class='ocrx_word' id='word_1_813' title='bbox 3074 5502 3204 5564; x_wconf 75' lang='grc' dir='ltr'><strong><em>Θεὸς</em></strong></span> <span class='ocrx_word' id='word_1_814' title='bbox 3265 5521 3364 5573; x_wconf 86' lang='grc' dir='ltr'><strong><em>μου</em></strong></span> <span class='ocrx_word' id='word_1_815' title='bbox 3410 5498 3462 5553; x_wconf 76' lang='grc' dir='ltr'>εἷ</span> <span class='ocrx_word' id='word_1_816' title='bbox 3506 5503 3594 5565; x_wconf 64' lang='lat' dir='ltr'><strong><em>ob,</em></strong></span> <span class='ocrx_word' id='word_1_817' title='bbox 3627 5502 3721 5553; x_wconf 66' lang='grc' dir='ltr'>καὶ</span> <span class='ocrx_word' id='word_1_818' title='bbox 3751 5500 3815 5552; x_wconf 73' lang='grc' dir='ltr'>σὺ</span> 
     </span>
    </p>
   </div>
   <div class='ocr_carea' id='block_1_112' title="bbox 2237 5586 3815 5662">
    <p class='ocr_par' dir='ltr' id='par_1_112' title="bbox 2237 5586 3815 5662">
     <span class='ocr_line' id='line_1_112' title="bbox 2237 5586 3815 5662; baseline 0.001 -24"><span class='ocrx_word' id='word_1_819' title='bbox 2237 5586 2532 5656; x_wconf 77' lang='grc' dir='ltr'>ἐγέννησας</span> <span class='ocrx_word' id='word_1_820' title='bbox 2566 5606 2698 5658; x_wconf 78' lang='grc' dir='ltr'>με.»</span> <span class='ocrx_word' id='word_1_821' title='bbox 2755 5590 2891 5644; x_wconf 81' lang='grc' dir='ltr'>Ἀλλ’</span> <span class='ocrx_word' id='word_1_822' title='bbox 2946 5592 3255 5644; x_wconf 78' lang='grc' dir='ltr'>ἑκτετίκασι</span> <span class='ocrx_word' id='word_1_823' title='bbox 3317 5591 3418 5662; x_wconf 84' lang='grc' dir='ltr'><strong><em>μὲν</em></strong></span> <span class='ocrx_word' id='word_1_824' title='bbox 3475 5591 3579 5661; x_wconf 82' lang='grc' dir='ltr'><strong><em>τὴν</em></strong></span> <span class='ocrx_word' id='word_1_825' title='bbox 3635 5591 3815 5649; x_wconf 62' lang='grc' dir='ltr'>αὐτοῖς</span> 
     </span>
    </p>
   </div>
  </div>
