4080 6284
586 341 688 397 HS

1574 331 1633 386 S.
1674 328 1950 387 CYRILU
1983 327 2451 387 ALEXANDRINI
2489 330 2805 391 ARCHIEP.

3737 332 3839 391 IN

587 468 666 509 tor
694 469 788 509 nos
814 465 1025 510 sursum
1056 456 1109 504 et
1143 449 1388 505 deorsum
1419 439 1832 514 circumeuntes,
1891 457 1946 504 et
2008 448 2152 502 velut

2265 464 2484 514 πτῶσιν,
2516 450 2574 502 ἐν
2600 450 2734 517 ἡμῖν
2776 447 2889 501 ἀνω
2922 463 2981 501 τε
3033 446 3126 502 καὶ
3173 446 3324 504 κάτω
3383 449 3710 522 περιιόντες,
3744 459 3841 511 ut

585 544 857 597 desertam
890 542 1031 595 viam
1060 539 1356 605 calcantes,
1389 547 1445 595 et
1472 540 1633 594 corda
1668 548 1853 593 nostra
1904 538 2156 593 omnibus

585 633 764 689 noxiis
795 632 1102 703 implentes.
1123 631 1213 686 Ait
1243 632 1385 686 enim
1416 630 1613 686 alicubi
1649 630 1713 686 de
1738 630 2018 697 lsroelitis,
2039 642 2156 697 qua

585 733 704 779 erat
727 735 880 779 vetus
912 724 1070 778 vinea
1094 722 1393 793 possessori
1427 737 1527 777 suo
1562 741 1575 775 :
1617 740 1637 774 ι
1674 721 1928 777 A‘uferam
1978 735 2156 777 mace-

587 816 724 870 riam
748 815 886 885 eius,
915 824 969 870 et
997 815 1103 871 erit
1129 816 1183 870 in
1209 814 1596 885 direptionem;
1632 821 1688 869 et
1720 814 1992 867 destruam
2042 827 2158 867 mu-

590 921 708 960 rum
738 905 874 975 ejus,
902 916 957 961 et
983 906 1087 961 erit
1134 906 1187 960 in
1253 905 1717 961 conculcationem
1740 906 1839 959 τ’.»
1876 904 1947 958 At
2005 902 2159 959 nobis

588 994 682 1063 qui
721 1007 844 1048 eum
883 993 935 1047 in
967 1008 1133 1048 carne
1167 992 1484 1062 apparuisse
1508 993 1880 1063 cognovimus,
1946 1006 2155 1057 murus,

588 1092 645 1138 et
669 1098 824 1154 sepes
862 1084 974 1154 ipse
998 1082 1317 1139 Emmanuel
1348 1083 1612 1139 excitatus
1634 1092 1736 1147 est,
1768 1082 1967 1136 virtute
2020 1080 2160 1136 inef-

590 1176 738 1231 fabili
773 1176 1117 1231 circumdans
1139 1189 1261 1239 nos,
1292 1182 1345 1229 et
1373 1176 1441 1229 ab
1468 1175 1663 1229 animis
1700 1175 1904 1229 nostris
1937 1174 2159 1245 abigens

592 1268 897 1322 immundos
955 1267 1264 1328 daemonas,
1326 1280 1427 1320 nec
1482 1264 1710 1335 pedibus
1790 1264 2001 1318 illorum
2061 1277 2159 1318 nos

590 1357 861 1411 substerni
890 1357 1177 1412 sustinens.
1202 1354 1382 1421 Quare
1431 1364 1487 1409 et
1546 1356 1807 1424 propheta
1860 1356 1927 1408 ad
1964 1353 2110 1409 illum
2142 1369 2157 1408 :

596 1465 616 1497 ι
651 1446 718 1502 Et
749 1448 1030 1503 vocaberis
1058 1445 1360 1500 aedificator
1405 1446 1791 1510 maceriarum,
1838 1455 1893 1501 et
1940 1445 2162 1500 semitas

590 1554 708 1608 quae
741 1538 790 1592 in
820 1537 995 1592 medio
1022 1545 1147 1591 sunt
1194 1536 1472 1604 quiescere
1538 1534 1703 1590 facies
1724 1536 1823 1588 ⁸ο.»
1891 1535 2163 1601 Quemad-

590 1629 808 1684 modum
832 1628 977 1682 enim
1017 1627 1107 1695 qui
1156 1626 1342 1681 vineas
1400 1625 1632 1681 incultas
1681 1626 1900 1695 sepibus
1952 1625 2163 1680 munire

587 1719 787 1783 solent,
836 1719 954 1772 vias
994 1732 1089 1786 per
1132 1716 1369 1771 medium
1429 1714 1642 1782 tollunt,
1672 1716 1832 1786 735
1876 1730 1975 1772 nec
2016 1730 2164 1772 com-

588 1809 884 1865 meantium
923 1806 1148 1876 pedibus
1183 1806 1302 1860 illas
1343 1806 1444 1859 teri
1472 1806 1789 1875 patiuntur:
1843 1806 1917 1861 ita
1964 1815 2021 1862 et
2051 1806 2162 1861 Do-
2192 1803 2237 1860 Β

588 1902 769 1954 minus
810 1907 995 1951 noster
1046 1893 1204 1950 Jesus
1262 1895 1509 1949 Christus
1557 1896 1795 1965 seipsum
1846 1896 2002 1951 nobis
2062 1913 2163 1953 ceu

592 2005 807 2045 murum
839 1988 1220 2043 solidissimum
1254 1985 1617 2049 circumdans,
1638 1995 1689 2041 et
1715 1987 1970 2058 angelicis
1995 1989 2165 2058 copiis

594 2097 692 2137 nos
715 2078 1147 2144 circumvallatis,
1177 2079 1357 2143 eliicit,
1390 2086 1448 2132 ut
1487 2078 1685 2134 calcari
1719 2078 1832 2147 jam
1882 2093 1989 2134 non
2041 2093 2165 2149 pos-

594 2174 790 2229 simus.
821 2172 969 2227 Dixit
992 2172 1232 2240 insuper,
1268 2185 1375 2225 non
1414 2180 1869 2240 superventurum
1900 2170 2033 2240 ipsis
2085 2169 2166 2224 ul-

595 2272 677 2318 tra
712 2265 1039 2334 abigentem.
1072 2262 1210 2319 Olim
1247 2261 1390 2317 enim
1419 2262 1617 2331 captivi
1652 2261 1988 2329 tenebamur,
2014 2271 2069 2318 et
2098 2256 2163 2316 ad

594 2357 806 2425 quidvis
840 2355 1102 2411 nefarium
1135 2354 1386 2408 facillime
1412 2354 1761 2418 ducebamur,
1780 2362 1967 2409 euntes
1982 2368 2167 2423 prom-

594 2456 703 2515 pte,
745 2458 936 2516 agente
973 2445 1283 2514 ferenteque
1347 2459 1443 2500 nos
1502 2444 1704 2498 Satana
1730 2480 1747 2508 ,
1781 2452 1836 2497 et
1882 2457 1949 2498 ex
1986 2443 2068 2497 bis
2108 2442 2165 2498 in

596 2537 682 2589 illa
713 2544 920 2590 tantum
961 2548 1065 2588 non
1101 2534 1427 2603 impellente.
1455 2534 1652 2588 Verum
1700 2541 1754 2587 et
1787 2532 1931 2587 istud
1985 2540 2165 2588 sustu-

592 2630 655 2684 lit
697 2629 969 2685 Christus.
1000 2624 1113 2680 Non
1143 2627 1287 2681 enim
1330 2626 1508 2681 veniet
1548 2634 1735 2681 contra
1767 2638 1865 2679 nos
1886 2623 2163 2694 depraeda-

594 2733 678 2775 tor
705 2740 717 2774 :
742 2735 847 2773 non
884 2720 1072 2783 irrnet,
1094 2720 1232 2773 sicut
1265 2717 1435 2787 prius,
1464 2726 1522 2771 ut
1563 2716 1667 2786 ipsi
1698 2715 1846 2770 libet.
1870 2714 1989 2769 Fixi
2020 2715 2165 2769 enim

593 2828 780 2888 sumus
814 2813 866 2864 in
895 2810 1133 2877 Christo,
1165 2820 1446 2880 tutumque
1498 2819 1553 2865 et
1607 2808 1879 2863 firmatum
1905 2808 2166 2863 babemus

592 2918 708 2967 eor,
731 2918 839 2957 non
879 2902 1108 2970 amplius
1138 2902 1206 2955 ad
1233 2917 1297 2957 ea
1328 2918 1448 2972 qua:
1483 2916 1589 2957 non
1622 2899 2018 2956 conveniebant
2066 2898 2163 2953 de-

586 2994 737 3063 jecti,
768 3009 873 3048 non
919 2992 1124 3048 cultum
1158 2992 1444 3048 multorum
1504 2994 1725 3048 deorum
1782 2990 2164 3062 ingredientes,

592 3102 699 3141 non
722 3088 788 3140 ad
823 3100 1065 3142 errorem
1110 3085 1286 3141 abacti
1315 3104 1328 3139 :
1365 3086 1458 3141 sed
1500 3086 1652 3155 quasi
1693 3085 1743 3139 in
1771 3084 1928 3138 fidem
1960 3093 2014 3137 et
2036 3083 2165 3137 cha-

591 3177 809 3230 ritatem
848 3190 977 3245 erga
1002 3173 1169 3230 Deum
1211 3174 1541 3246 ingressi,ut
1577 3174 1695 3229 ideo
1727 3172 2018 3228 laetabundi
2078 3174 2164 3226 di-

590 3280 778 3321 camus
809 3283 822 3319 :
864 3286 883 3319 ι
924 3266 991 3322 Et
1014 3268 1201 3322 statuit
1228 3280 1390 3336 supra
1421 3272 1627 3334 petram
1677 3264 1837 3329 pedes
1872 3278 2021 3319 meos
2050 3263 2158 3317 θ’.»

591 3356 725 3411 Cum
749 3372 912 3426 porro
959 3357 1109 3424 dicit,
1144 3376 1165 3409 ί
1202 3356 1338 3423 Quia
1398 3372 1543 3411 nunc
1596 3355 1702 3411 vidi
1741 3357 1913 3411 oculis
1954 3354 2107 3421 meis,
2140 3373 2159 3407 ι

593 3450 741 3504 clare
774 3450 1013 3504 ostendit
1048 3460 1259 3518 tempus
1302 3452 1564 3505 adventus
1596 3450 1893 3505 Salvatoris
1957 3459 2166 3517 tempus

591 3544 919 3600 visitationis
942 3558 1082 3599 esse.
1114 3561 1132 3595 ι
1164 3541 1416 3596 Visitavit
1462 3541 1604 3594 enim
1634 3554 1733 3593 nos
1761 3540 1952 3594 Oriens
1979 3553 2047 3593 ex
2082 3538 2162 3592 al-

592 3648 649 3693 to
669 3638 716 3669 ⁸¹
736 3654 751 3704 ;
774 3655 794 3691 ι
829 3646 902 3704 et,
935 3646 992 3689 ut
1021 3633 1197 3704 inquit
1226 3632 1417 3695 David,
1460 3651 1479 3683 ι
1516 3631 1770 3686 Dominus
1792 3644 1821 3684 e
1844 3630 1981 3686 caelo
2005 3642 2165 3698 super

593 3740 789 3783 terram
818 3727 1088 3797 prospexit
1112 3727 1218 3791 ",s
1253 3739 1561 3793 quanquam
1595 3722 1720 3778 olim
1774 3733 1994 3792 propter
2040 3735 2165 3792 pec-

590 3828 771 3873 catum
806 3834 911 3885 quo
939 3806 1428 3885 obstrinﬁebamur,
1450 3829 1559 3868 non
1590 3813 1886 3873 curatione,
1926 3825 2032 3865 non
2064 3824 2161 3866 ve-

592 3909 702 3967 nia,
730 3921 836 3959 non
870 3906 1177 3967 dilectione,
1214 3918 1321 3957 non
1383 3902 1489 3958 alio
1531 3902 1783 3971 quopiam
1845 3899 2007 3957 simili
2062 3915 2163 3957 nos

592 3997 942 4063 dignaretur,
983 3997 1075 4050 sed
1108 4003 1472 4049 aversaretur.
1510 3993 1687 4058 Quare
1724 3992 1884 4046 etiam
1941 4000 2164 4046 contur-

590 4087 703 4142 bati
739 4102 945 4153 sumus,
974 4088 1115 4156 quod
1138 4095 1194 4142 et
1226 4087 1414 4140 beatus
1446 4085 1612 4140 David
1645 4093 1916 4140 testatur:
1948 4102 1967 4136 ι
1999 4086 2165 4139 Aver-

590 4188 738 4234 tente
760 4186 810 4234 te
842 4177 1031 4234 faciem
1083 4188 1229 4233 tuam
1269 4178 1649 4245 turbabuntur,
1684 4187 1741 4232 et
1775 4176 1829 4232 in
1889 4176 2162 4246 pulverem

588 4286 746 4332 suum
782 4278 1121 4327 revertentur
1146 4269 1248 4324 ⁸⁸.»
1292 4268 1560 4337 Quoniam
1623 4279 1804 4327 autem
1840 4283 2006 4333 nunc,
2059 4267 2164 4322 hoc

587 4372 672 4418 est
716 4372 954 4433 tempore
1013 4365 1275 4419 adventus
1320 4362 1554 4418 vidimus
1611 4361 1781 4418 oculis
1829 4362 1966 4433 ejus,
2017 4358 2165 4415 saltt—

2261 534 2350 593 οἷά
2378 556 2500 593 τινα
2561 539 2975 610 κεχερσωμένην
3008 538 3305 604 πατοῦντες
3342 540 3481 605 ὁδὸν,
3515 542 3612 597 καὶ
3636 543 3839 617 βλάϐης

2263 630 2482 703 ἀπάσης
2504 629 2954 701 ἀναπιμπλάντες
2975 630 3249 702 ἡμετέρας
3278 629 3525 700 καρδίας.
3564 633 3708 704 Ἔφη
3743 634 3839 704 μὲν

2261 722 2371 794 γάρ
2402 737 2513 775 που
2530 722 2660 793 περὶ
2680 721 2787 773 τῶν
2808 722 2868 784 ἐξ
2897 720 3133 791 Ἰσραὴλ,
3154 720 3211 785 ὃς
3235 715 3303 790 ἦν
3331 724 3557 791 ἀρχαῖος
3578 724 3754 793 ἀμπε)
3766 724 3840 777 ὼν

2263 813 2341 884 τῷ
2366 814 2697 885 κτησαμένῳ
2726 812 2825 885 (ll,
2855 810 2934 865 ὄτι
2959 829 2977 863 ι
3000 811 3208 881 ’Λφελῶ
3234 811 3326 865 τὸν
3355 815 3609 885 φραγμὸν
3649 815 3839 880 αὑτοῦ,

2264 910 2357 962 καὶ
2388 908 2540 961 ἔσται
2567 909 2645 971 εἰς
2674 906 3003 977 διαρπαγὴν,
3057 906 3148 959 καὶ⁸
3187 904 3399 959 καθελῶ
3428 907 3518 960 τὸν
3543 911 3723 978 τοῖχον
3748 911 3842 963 αύ-

2263 997 2380 1063 τοῦ,
2421 998 2516 1051 καὶ
2571 997 2725 1050 ἐσται
2776 998 2857 1059 είς
2893 996 3290 1065 καταπάτημα.
3330 1016 3350 1048 ι
3414 997 3576 1067 Ἡμῖν
3632 999 3689 1051 δὲ
3730 1004 3842 1062 τοῖς

2266 1087 2602 1155 ἐπεγνωκόσι
2622 1087 2718 1157 τὴν
2753 1088 3076 1155 ἐπιφάνειαν
3101 1086 3288 1149 αὑτοῦ,
3310 1089 3489 1157 τοῖχος
3504 1080 3838 1160 ἐγήγερται,

2265 1178 2360 1231 καὶ
2387 1176 2638 1247 φραγμὸς
2670 1176 2833 1240 αὐτὸς
2855 1179 2883 1231 6
2929 1176 3294 1248 Ἐμμανουήλ,
3324 1178 3587 1251 ἀρρήκτῳ
3613 1180 3841 1252 δυνάμει

2266 1268 2625 1340 περιϐάλλων,
2658 1268 2754 1321 καὶ
2807 1268 3090 1321 ἀποσοϐῶν
3132 1268 3238 1322 τῶν
3273 1270 3561 1341 ἡμετέρων
3592 1271 3842 1326 διανοιῶν

2265 1361 2390 1423 τοὺς
2444 1359 2787 1430 ἀκαθάρτους
2829 1359 3108 1428 δαίμονας,
3165 1360 3258 1413 καὶ
3300 1363 3413 1423 τοῖς
3460 1362 3685 1415 ἐκείνων
3741 1364 3840 1416 οὐκ

2267 1449 2444 1517 ἀφιεὶς
2475 1448 2851 1519 ὑπεστρῶσθαι
2876 1448 3021 1503 ποσί.
3059 1450 3347 1522 Τοιγάρτοι
3379 1450 3475 1503 καὶ
3498 1453 3526 1503 6
3551 1452 3840 1523 προφήτης

2268 1540 2405 1612 πρὸς
2465 1540 2665 1607 αὐτὸν,
2726 1559 2743 1591 t
2785 1542 2895 1595 Καὶ
2946 1542 3226 1613 κληθήσῃ,
3295 1542 3499 1613 φησιν,
3562 1544 3840 1615 οἰκοδόμος

2268 1632 2537 1703 φραγμῶν
2558 1632 2654 1686 καὶ
2680 1632 2779 1693 τάς
2806 1632 3025 1704 τρίϐους
3051 1633 3149 1696 τὰς
3193 1634 3297 1687 ἀνά
3345 1634 3507 1704 μέσον
3533 1634 3783 1697 παύσεις.
3815 1656 3834 1686 ι

2271 1723 2484 1793 Ὠσπερ
2525 1723 2632 1792 γάρ
2686 1724 2736 1775 οί
2786 1724 3175 1794 περιφράττειν
3219 1724 3469 1788 εἰωθότες
3510 1725 3837 1795 ἀμπελῶνας

2264 1804 2727 1885 κεχερσωμένους,
2750 1813 2849 1876 τὰς
2877 1814 2963 1867 διὰ
2995 1814 3158 1884 μέσου
3186 1814 3419 1869 παύουσι
3445 1815 3689 1886 τρίϐους,
3738 1817 3838 1870 οὐκ

2266 1906 2463 1968 ἐῶντες
2498 1903 2603 1957 ὑπὸ
2629 1906 2743 1967 τοῖς
2778 1902 2888 1958 τῶν
2945 1903 3058 1959 ἀνω
3084 1922 3144 1958 τε
3190 1906 3286 1958 καὶ⁵
3345 1906 3497 1959 κάτω
3537 1906 3839 1977 παριόντων

2267 1994 2553 2051 πατεῖσθαι
2612 1996 2790 2049 ποσίνο
2836 1993 2978 2049 οὕτω
3031 1996 3127 2052 καὶ
3164 1996 3414 2069 όΚύριος
3448 1997 3604 2069 ἡμῶν
3638 1999 3841 2070 Ἰησοῦς

2266 2086 2498 2156 Χριστὸς
2527 2085 2719 2140 ἑαυτὸν
2767 2088 2899 2158 ἡμῖν
2946 2090 3121 2158 τεῖχος
3146 2081 3343 2159 οἷάπερ
3370 2089 3642 2160 άρῤῃκτον
3686 2107 3843 2160 περι-

2267 2174 2399 2239 θεὶς,
2431 2175 2524 2228 καὶ
2544 2175 2862 2245 άγγελικαῖς
2893 2176 3152 2247 δυνάμεσι
3204 2181 3585 2252 περιφράττων
3611 2181 3714 2245 ἔξω
3746 2181 3839 2234 τοῦ

2268 2266 2556 2321 πατεῖσθαι
2612 2268 2866 2335 γενέσθαι
2916 2270 3350 2340 παρεσκεύασεν.
3406 2272 3549 2343 Ἔφη
3602 2274 3662 2325 δὲ
3703 2274 3841 2345 πρὸς

2264 2357 2497 2421 τούτοις,
2523 2358 2604 2410 ὅτι
2632 2359 2813 2411 οὐκέτι
2833 2359 2893 2411 οὐ
2924 2361 2998 2429 μὴ
3024 2359 3152 2433 ἔλθῃ
3181 2360 3266 2414 ἐπ’
3291 2362 3487 2425 αὐτοὺς
3515 2362 3839 2427 ἐξελαύνων.

2267 2446 2442 2500 Πάλαι
2470 2448 2569 2518 μὲν
2588 2448 2695 2519 γάρ
2719 2445 2860 2520 ἦμεν
2884 2439 3238 2520 αἰχμάλωτοι,
3257 2453 3351 2506 καί⁵
3375 2453 3842 2525 εύπαρακόμιστοι

2267 2536 2464 2607 κομιδῇ
2492 2538 2627 2607 πρὸς
2658 2539 2767 2590 πᾶν
2792 2538 2969 2591 ὁτιοῦν
2990 2539 3098 2593 τῶν
3117 2540 3359 2593 ἐκτόπων
3379 2541 3545 2605 ίόντες
3578 2542 3841 2605 εὐκόλως,

2267 2626 2490 2696 ἄγοντός
2520 2646 2577 2681 τε
2612 2630 2759 2699 ἡμᾶς
2791 2630 2885 2682 καὶ
2934 2630 3190 2701 φέροντος
3219 2630 3311 2684 τοῦ
3343 2634 3557 2687 Σατανᾶ
3579 2674 3596 2699 ,
3650 2638 3746 2690 καὶ
3782 2639 3846 2690 ἐκ

2266 2718 2471 2772 τούτων
2498 2719 2576 2782 εἰς
2606 2721 2787 2772 ἐκεῖνα
2840 2722 3122 2791 μονονουχὶ
3184 2722 3276 2774 καὶ
3318 2714 3654 2787 ἐλαύνοντος.
3704 2725 3845 2778 Ἀλλ’

2268 2809 2473 2862 ἔπαυσε
2505 2808 2773 2862 καὶτοῦτο
2803 2810 3055 2881 Χριστός.
3086 2810 3159 2862 Οὐ
3183 2811 3292 2882 γάρ
3321 2812 3440 2881 ἥξει
3471 2813 3596 2865 καθ’
3624 2814 3787 2884 ἡμῶν
3819 2815 3849 2866 6

2266 2899 2562 2968 λεηλατῶν
2590 2901 2689 2953 ούκ
2739 2900 2947 2970 ἐμϐάλῃ
3003 2900 3144 2953 καθά
3188 2902 3281 2953 καὶ
3314 2903 3503 2973 πρώην
3555 2902 3637 2967 εἷς
3675 2920 3738 2972 γε
3769 2906 3849 2974 τῷ

2268 2988 2415 3059 αύτῷ
2443 2989 2652 3044 δοκοῦν.
2707 2990 3047 3061 Πεπήγμεθα
3084 2992 3193 3063 γὰρ
3230 2992 3287 3044 ἐν
3344 2993 3585 3063 Χριστῷ,
3626 2995 3851 3066 ἀσφαλῆ

2266 3099 2325 3133 τε
2373 3081 2468 3134 καὶ
2524 3080 2811 3153 ἱδρυμένην
2854 3082 3164 3152 ἐσχήκαμεν
3208 3082 3306 3155 τὴν
3362 3084 3609 3155 καρδίαν,
3662 3087 3849 3139 οὐκέτι

2268 3172 2681 3242 κατασειόμενοι
2712 3173 2849 3242 πρὸς
2875 3173 2910 3227 ἃ
2937 3174 3010 3245 μὴ
3042 3174 3335 3244 προσῆκεν
3360 3176 3460 3228 οὐκ
3494 3176 3849 3246 ἐμϐαίνοντες

2266 3266 2347 3327 είς
2390 3264 2699 3329 πολυθεΐαν,
2753 3264 2855 3317 οὐκ
2907 3263 3314 3336 ἐξελαυνόμενοι
3373 3266 3509 3339 πρὸς
3554 3268 3845 3339 πλάνησιν·

2265 3356 2381 3410 ἀλλ’
2403 3349 2515 3409 οἷον
2544 3354 2914 3426 ἐμϐεϐηκότες
2943 3357 3000 3407 ἐν
3034 3356 3214 3409 πίστει
3235 3373 3296 3410 τε
3328 3358 3423 3411 καὶ
3456 3359 3647 3432 ἀγάπῃ
3672 3364 3738 3431 τῇ
3769 3364 3849 3425 εἰς

2263 3447 2417 3509 Θεὸν,
2457 3447 2531 3509 ὡς
2568 3446 2856 3517 χαίροντας
2888 3446 2978 3499 ἐπὶ
3002 3446 3175 3519 τούτῳ
3196 3446 3396 3518 λέγειν’
3432 3468 3450 3501 t
3478 3450 3589 3503 Καὶ
3618 3450 3849 3522 ἔστησεν

2263 3534 2351 3588 διὰ
2385 3532 2587 3604 πέτραν
2618 3535 2744 3597 τοὺς
2773 3533 2937 3597 πόδας
2968 3553 3089 3605 μου.
3121 3555 3139 3587 ι
3173 3536 3360 3605 Λέγων
3416 3538 3491 3602 δὲ,
3525 3557 3543 3591 t
3592 3540 3711 3592 Ὀτι
3751 3541 3848 3593 νῦν

2265 3621 2485 3692 ἑώρακα
2510 3623 2566 3674 ἐν
2606 3624 2719 3684 τοῖς
2773 3623 3065 3693 ὀφθαλμοῖς
3120 3642 3243 3695 μου,
3282 3643 3302 3676 ι
3362 3628 3668 3698 ἐπισκοπῆς
3716 3629 3850 3683 ὄντα

2264 3714 2455 3790 καιρόν
2505 3714 2812 3778 κατέδειξεν
2868 3716 3111 3785 ἐναργῶς
3161 3716 3252 3770 τὸν
3306 3715 3407 3786 τῆς
3435 3718 3528 3771 τοῦ
3592 3720 3849 3793 Σωτῆρος

2264 3804 2580 3875 ἐπιδημίας.
2643 3822 2661 3855 t
2701 3805 3075 3875 Ἐπεσκέψατο
3125 3806 3234 3877 γὰρ
3269 3809 3438 3886 ,ἡμᾶς
3497 3809 3733 3883 ἀνατολὴ
3791 3813 3851 3879 ἐξ

2264 3895 2467 3965 ὕψους,
2511 3914 2529 3948 ι
2573 3896 2664 3949 καὶ
2688 3890 2722 3969 ᾖ
2748 3912 2913 3966 φησιν
2939 3897 2967 3948 6
2999 3895 3184 3960 Δαϐὶδ,
3235 3913 3255 3948 ι
3297 3897 3502 3967 Κύριος
3531 3900 3589 3965 ἐξ
3610 3901 3848 3971 ούρανοῦ

2262 3988 2354 4041 ἐπὶ
2379 3986 2480 4059 τὴν
2513 3989 2616 4058 γῆν
2641 3985 2963 4055 ἐπέϐλεψεν,
3001 4005 3019 4038 ι
3087 3986 3264 4039 καίτοι
3305 3987 3474 4041 πάλαι
3520 3988 3609 4042 διά
3636 3989 3737 4060 τὴν
3792 3993 3849 4044 ἐν

2262 4081 2394 4151 ἡμῖν
2416 4078 2687 4151 ἁμαρτίαν
2715 4078 2775 4130 οὐ
2807 4076 3101 4149 θεραπείας
3131 4076 3294 4143 ἀξιῶν
3321 4079 3381 4131 οὐ
3410 4080 3625 4149 φειδοῦς
3651 4081 3685 4151 ἢ
3711 4083 3851 4150 ἀγά-

2264 4188 2395 4242 πης,
2430 4170 2528 4240 οὐχ
2585 4170 2773 4240 ἐτέρου
2827 4169 2971 4231 τινὸς
3026 4170 3133 4223 τῶν
3182 4168 3439 4225 τοιούτων
3493 4171 3631 4234 ὅλως
3661 4186 3680 4205 ο
3727 4172 3850 4225 ἀλλ’

2262 4260 2427 4315 οἱονεί
2448 4277 2565 4324 πως
2593 4259 3072 4332 ἀπεστραμμένος.
3109 4260 3295 4334 Ταύτῃ
3320 4279 3401 4316 τοι
3449 4263 3544 4317 καὶ
3575 4266 3853 4336 τεταράγο

2265 4349 2426 4422 μεθα,
2462 4349 2558 4403 καὶ
2594 4352 2866 4421 μαρτυρεῖ
2884 4349 3055 4418 λέγων
3086 4350 3114 4403 6
3141 4352 3409 4424 μακάριος
3434 4353 3615 4407 Δαϐίδ’
3645 4371 3665 4405 t
3689 4355 3852 4409 Ἀπο-

593 4462 731 4517 tem,
760 4461 815 4506 et
839 4454 1294 4516 misericordiam,
1327 4461 1382 4506 et
1411 4453 1540 4521 quid
1585 4466 1690 4506 non
1751 4453 1966 4506 tandem
2013 4448 2161 4504 omni

2269 4436 2597 4511 στρέψαντός
2626 4454 2721 4491 σου
2768 4439 2831 4492 τὸ
2858 4439 3169 4509 πρόσωπον,
3219 4442 3696 4514 ταραχθήσονται,
3750 4448 3851 4501 καὶ

589 4554 839 4594 sermone
871 4541 1043 4610 majus
1077 4550 1133 4596 et
1170 4541 1491 4595 admirabile
1526 4541 1801 4595 consecuti
1832 4538 2071 4595 sumus?

2265 4536 2346 4599 είς
2375 4532 2466 4586 τὸν
2491 4528 2621 4602 χοῦν
2643 4528 2824 4584 αὐτῶν
2852 4530 3296 4603 ἐπιστρέψωσιν.
3325 4551 3345 4584 ι
3391 4533 3609 4605 Ἐπειδὴ
3633 4534 3691 4588 δὲ
3726 4534 3847 4601 νῦν,

586 4634 834 4690 τουτέστι
863 4634 1006 4690 κατά
1035 4635 1127 4689 τὸν
1142 4635 1237 4706 τῆς
1267 4635 1562 4706 ἐπιδημίας
1588 4634 1779 4705 καιρὸν
1813 4635 2138 4704 ἑωράκαμεν
2163 4636 2222 4687 ἐν
2258 4626 2374 4694 τοῖς
2416 4626 2713 4697 ὀφθαλμοῖς
2760 4624 2947 4693 αὐτοῦ,
2985 4625 3309 4699 σεσώσμεθά
3338 4644 3397 4682 τε
3421 4629 3516 4682 καὶ
3537 4628 3843 4700 ηλεήμεθα,

589 4730 686 4787 ταὶ
711 4731 764 4784 τί
821 4729 930 4803 γάρ
945 4729 1068 4801 οὐχὶ
1119 4729 1229 4783 τῶν
1256 4729 1511 4807 ἐπέκεινα
1536 4729 1724 4799 λόγου,
1752 4728 1848 4783 καὶ
1878 4728 2222 4795 ἀξιαγάστων
2249 4724 2466 4797 ἀληθῶς
2487 4722 2930 4794 κεκερδήκαμενς

840 4879 1247 4972 TOMUS
1319 4879 1908 4987 QUARTUS.

658 5052 824 5106 Vens.
849 5051 903 5106 9.
946 5048 1130 5105 Gaude
1171 5051 1510 5114 vehementer,
1543 5046 1655 5117 ﬁlia
1691 5048 1844 5113 Sion,
1906 5047 2152 5116 prwdica,

586 5144 701 5212 ﬁlia
728 5142 1045 5197 Jerusalem.
1071 5139 1206 5196 Ecce
1244 5158 1336 5197 rex
1387 5151 1508 5195 tuus
1541 5142 1673 5196 venit
1717 5140 1812 5196 tibi
1833 5140 2017 5211 justus
2038 5180 2056 5206 ,
2109 5148 2157 5193 et

586 5234 815 5299 salvam,
836 5235 945 5304 ipse
986 5242 1311 5299 mansuetus,
1343 5244 1391 5289 et
1439 5233 1720 5289 ascendens
1767 5247 1922 5301 super
1969 5230 2157 5300 subju-

586 5326 775 5394 galem,
802 5333 850 5379 et
872 5325 1072 5396 pullum
1101 5340 1309 5379 novum.

654 5519 701 5553 ’⁹
730 5522 833 5579 lsu.
862 5538 913 5589 v,
942 5521 997 5577 5.

1105 5522 1151 5554 ⁸ο
1179 5520 1282 5576 lsa.
1320 5536 1470 5587 Lvttt,
1505 5520 1590 5574 ιε.
1666 5521 1708 5554 ⁸¹
1734 5520 1875 5575 Psal.
1909 5534 2099 5587 xxxtx,
2131 5520 2183 5575 5.

2530 4870 2912 4957 ΤΟΜΟΣ
2985 4872 3577 4961 ΤΕΤΑΡΤΟΣ.

2334 5050 2512 5119 Χαῖρε
2560 5051 2815 5120 σφόδρα,
2850 5053 3101 5123 θύγατερ
3150 5054 3304 5108 Σιὼν
3326 5097 3341 5122 ,
3392 5056 3689 5125 κήρυσσε,
3739 5061 3850 5115 θύ-

2263 5158 2437 5211 γατερ
2483 5141 2896 5210 Ἰερουσαλήμ.
2961 5142 3105 5197 Ἰδοὺ
3166 5147 3200 5198 ό
3238 5146 3537 5213 ,Βασιλεύς
3572 5162 3695 5203 σου
3746 5150 3851 5217 ἕρ-

2261 5232 2430 5303 χεταί
2470 5249 2567 5285 σοι
2609 5232 2856 5299 δίκαιος,
2889 5234 2988 5288 καί
3029 5233 3249 5303 σώζων,
3278 5238 3459 5305 αὐτὸς
3497 5238 3708 5308 πρᾶος,
3744 5241 3852 5295 και

2260 5322 2626 5391 ἐπιϐεϐηκὼς
2648 5322 2746 5380 ἐπὶ
2781 5323 3131 5395 ὑποζύγιον,
3167 5326 3263 5380 καί
3298 5327 3505 5383 πάλλον
3534 5330 3697 5385 νέον.

2261 5520 2304 5553 ³⁸
2331 5520 2457 5575 Luc.
2487 5536 2524 5601 ι,
2569 5519 2654 5576 78.
2731 5520 2779 5552 ⁸³
2802 5520 2945 5576 Psal.
2974 5538 3107 5587 ml,
3148 5524 3201 5579 5.
3238 5523 3284 5558 ⁸⁸
3324 5523 3467 5583 Psal.
3489 5541 3610 5592 cm,
3636 5524 3732 5584 29.

652 5703 729 5774 (ι)
764 5699 842 5758 lts
892 5701 1176 5774 legendum
1224 5700 1477 5773 coniicio,
1527 5716 1626 5771 pro
1671 5700 2024 5772 ἡγησαμένῳ,
2060 5700 2159 5757 nisi
2198 5701 2353 5757 malis
2390 5700 2731 5772 interpretari
2766 5699 2985 5758 Domino
3012 5717 3126 5756 suo.
