  <div class='ocr_page' id='page_1' title='image "/cluster/home/n/w/nwhite01/storage/ocr_20150623/72/mdp.39015019355984/088.png"; bbox 0 0 4080 6284; ppageno 0'>
   <div class='ocr_carea' id='block_1_1' title="bbox 284 369 385 427">
    <p class='ocr_par' dir='ltr' id='par_1_1' title="bbox 284 369 385 427">
     <span class='ocr_line' id='line_1_1' title="bbox 284 369 385 427; baseline 0.02 -2"><span class='ocrx_word' id='word_1_1' title='bbox 284 369 385 427; x_wconf 62' lang='lat' dir='ltr'><strong>MS</strong></span> 
     </span>
    </p>
   </div>
   <div class='ocr_carea' id='block_1_2' title="bbox 1065 368 2643 437">
    <p class='ocr_par' dir='ltr' id='par_1_2' title="bbox 1065 368 2643 437">
     <span class='ocr_line' id='line_1_2' title="bbox 1065 368 2643 437; baseline 0.008 -13"><span class='ocrx_word' id='word_1_2' title='bbox 1065 368 1616 429; x_wconf 66' lang='lat' dir='ltr'><strong>COMMENTARIUS</strong></span> <span class='ocrx_word' id='word_1_3' title='bbox 1658 370 1723 428; x_wconf 78' lang='grc' dir='ltr'><strong>ΙΝ</strong></span> <span class='ocrx_word' id='word_1_4' title='bbox 1760 371 2158 431; x_wconf 63' lang='lat' dir='ltr'><strong>ZACHARIAM</strong></span> <span class='ocrx_word' id='word_1_5' title='bbox 2199 373 2643 437; x_wconf 73' lang='grc' dir='ltr'><strong>ΡΒΟΡΠΕΤΔΜ.</strong></span> 
     </span>
    </p>
   </div>
   <div class='ocr_carea' id='block_1_3' title="bbox 3436 388 3537 446">
    <p class='ocr_par' dir='ltr' id='par_1_3' title="bbox 3436 388 3537 446">
     <span class='ocr_line' id='line_1_3' title="bbox 3436 388 3537 446; baseline 0.04 -5"><span class='ocrx_word' id='word_1_6' title='bbox 3436 388 3537 446; x_wconf 68' lang='lat' dir='ltr'><strong>NG</strong></span> 
     </span>
    </p>
   </div>
   <div class='ocr_carea' id='block_1_4' title="bbox 348 484 1864 570">
    <p class='ocr_par' dir='ltr' id='par_1_4' title="bbox 348 484 1857 561">
     <span class='ocr_line' id='line_1_4' title="bbox 348 484 1857 561; baseline 0.003 -24"><span class='ocrx_word' id='word_1_7' title='bbox 348 484 475 537; x_wconf 80' lang='grc' dir='ltr'><strong>ΝΖ.</strong></span> <span class='ocrx_word' id='word_1_8' title='bbox 537 484 859 554; x_wconf 77' lang='grc' dir='ltr'>’Δναφανδὺν</span> <span class='ocrx_word' id='word_1_9' title='bbox 914 485 971 537; x_wconf 65' lang='grc' dir='ltr'>ιν</span> <span class='ocrx_word' id='word_1_10' title='bbox 1034 502 1240 550; x_wconf 77' lang='grc' dir='ltr'>τούτοις</span> <span class='ocrx_word' id='word_1_11' title='bbox 1285 487 1636 561; x_wconf 77' lang='grc' dir='ltr'>διακηρύττει</span> <span class='ocrx_word' id='word_1_12' title='bbox 1671 489 1857 542; x_wconf 78' lang='grc' dir='ltr'>λοιπὸν</span> 
     </span>
    </p>
   </div>
   <div class='ocr_carea' id='block_1_5' title="bbox 1951 484 3532 570">
    <p class='ocr_par' dir='ltr' id='par_1_5' title="bbox 2033 491 3532 570">
     <span class='ocr_line' id='line_1_5' title="bbox 2033 491 3532 570; baseline 0.005 -24"><span class='ocrx_word' id='word_1_13' title='bbox 2033 491 2193 552; x_wconf 76' lang='lat' dir='ltr'><strong>LVII.</strong></span> <span class='ocrx_word' id='word_1_14' title='bbox 2224 493 2504 551; x_wconf 77' lang='lat' dir='ltr'><strong>Manifeste</strong></span> <span class='ocrx_word' id='word_1_15' title='bbox 2536 495 2623 550; x_wconf 85' lang='lat' dir='ltr'><strong>his</strong></span> <span class='ocrx_word' id='word_1_16' title='bbox 2666 494 2843 550; x_wconf 85' lang='lat' dir='ltr'><strong>verbis</strong></span> <span class='ocrx_word' id='word_1_17' title='bbox 2873 494 3168 552; x_wconf 79' lang='lat' dir='ltr'><strong>Salvatoris</strong></span> <span class='ocrx_word' id='word_1_18' title='bbox 3192 500 3362 555; x_wconf 86' lang='lat' dir='ltr'><strong>nostri</strong></span> <span class='ocrx_word' id='word_1_19' title='bbox 3393 516 3532 570; x_wconf 76' lang='lat' dir='ltr'><strong>pra:-</strong></span> 
     </span>
    </p>
   </div>
   <div class='ocr_carea' id='block_1_6' title="bbox 274 573 1851 648">
    <p class='ocr_par' dir='ltr' id='par_1_6' title="bbox 274 573 1851 648">
     <span class='ocr_line' id='line_1_6' title="bbox 274 573 1851 648; baseline 0.003 -20"><span class='ocrx_word' id='word_1_20' title='bbox 274 573 370 628; x_wconf 77' lang='grc' dir='ltr'>τοῦ</span> <span class='ocrx_word' id='word_1_21' title='bbox 410 575 659 645; x_wconf 79' lang='grc' dir='ltr'><strong>Σωτῆρος</strong></span> <span class='ocrx_word' id='word_1_22' title='bbox 709 576 861 646; x_wconf 74' lang='grc' dir='ltr'>ἡμῶν</span> <span class='ocrx_word' id='word_1_23' title='bbox 896 578 994 648; x_wconf 78' lang='grc' dir='ltr'>τὴν</span> <span class='ocrx_word' id='word_1_24' title='bbox 1045 578 1339 644; x_wconf 77' lang='grc' dir='ltr'><strong>ἀνάδειξιν,</strong></span> <span class='ocrx_word' id='word_1_25' title='bbox 1399 579 1474 641; x_wconf 85' lang='grc' dir='ltr'>ὼς</span> <span class='ocrx_word' id='word_1_26' title='bbox 1522 579 1674 632; x_wconf 78' lang='grc' dir='ltr'>οὐδὲν</span> <span class='ocrx_word' id='word_1_27' title='bbox 1714 580 1851 645; x_wconf 80' lang='grc' dir='ltr'>ὅλως</span> 
     </span>
    </p>
   </div>
   <div class='ocr_carea' id='block_1_7' title="bbox 276 666 1851 743">
    <p class='ocr_par' dir='ltr' id='par_1_7' title="bbox 276 666 1851 743">
     <span class='ocr_line' id='line_1_7' title="bbox 276 666 1851 743; baseline 0.003 -23"><span class='ocrx_word' id='word_1_28' title='bbox 276 666 509 737; x_wconf 75' lang='grc' dir='ltr'>ὁρᾶσθαι</span> <span class='ocrx_word' id='word_1_29' title='bbox 560 666 619 719; x_wconf 79' lang='grc' dir='ltr'>τὸ</span> <span class='ocrx_word' id='word_1_30' title='bbox 673 667 847 738; x_wconf 81' lang='grc' dir='ltr'>άνιᾷν.</span> <span class='ocrx_word' id='word_1_31' title='bbox 902 669 1127 739; x_wconf 79' lang='grc' dir='ltr'>Χαίρειν</span> <span class='ocrx_word' id='word_1_32' title='bbox 1180 670 1280 740; x_wconf 83' lang='grc' dir='ltr'><strong>μὲν</strong></span> <span class='ocrx_word' id='word_1_33' title='bbox 1326 670 1432 741; x_wconf 80' lang='grc' dir='ltr'><strong>γὰρ</strong></span> <span class='ocrx_word' id='word_1_34' title='bbox 1482 671 1851 743; x_wconf 79' lang='grc' dir='ltr'>προστέταχεν</span> 
     </span>
    </p>
   </div>
   <div class='ocr_carea' id='block_1_8' title="bbox 281 758 1851 835">
    <p class='ocr_par' dir='ltr' id='par_1_8' title="bbox 281 758 1851 835">
     <span class='ocr_line' id='line_1_8' title="bbox 281 758 1851 835; baseline 0.004 -24"><span class='ocrx_word' id='word_1_35' title='bbox 281 758 591 828; x_wconf 78' lang='grc' dir='ltr'><strong>ἀναγκαίως</strong></span> <span class='ocrx_word' id='word_1_36' title='bbox 627 761 692 829; x_wconf 85' lang='grc' dir='ltr'><strong>τῇ</strong></span> <span class='ocrx_word' id='word_1_37' title='bbox 750 764 914 831; x_wconf 79' lang='grc' dir='ltr'>νοητῇ</span> <span class='ocrx_word' id='word_1_38' title='bbox 948 761 1106 826; x_wconf 85' lang='grc' dir='ltr'>Σιὼν,</span> <span class='ocrx_word' id='word_1_39' title='bbox 1144 763 1238 816; x_wconf 80' lang='grc' dir='ltr'>ἆτε</span> <span class='ocrx_word' id='word_1_40' title='bbox 1260 764 1323 834; x_wconf 81' lang='grc' dir='ltr'>δὴ</span> <span class='ocrx_word' id='word_1_41' title='bbox 1355 765 1449 817; x_wconf 77' lang='grc' dir='ltr'>καὶ</span> <span class='ocrx_word' id='word_1_42' title='bbox 1493 766 1671 834; x_wconf 82' lang='grc' dir='ltr'><strong>πάσης</strong></span> <span class='ocrx_word' id='word_1_43' title='bbox 1694 764 1851 835; x_wconf 70' lang='grc' dir='ltr'>ἡμῶν</span> 
     </span>
    </p>
   </div>
   <div class='ocr_carea' id='block_1_9' title="bbox 283 848 1850 925">
    <p class='ocr_par' dir='ltr' id='par_1_9' title="bbox 283 848 1850 925">
     <span class='ocr_line' id='line_1_9' title="bbox 283 848 1850 925; baseline 0.006 -25"><span class='ocrx_word' id='word_1_44' title='bbox 283 848 574 920; x_wconf 75' lang='grc' dir='ltr'>κατηφείας</span> <span class='ocrx_word' id='word_1_45' title='bbox 602 850 946 922; x_wconf 75' lang='grc' dir='ltr'><strong>ἐξῃρημένης</strong></span> <span class='ocrx_word' id='word_1_46' title='bbox 969 869 982 915; x_wconf 87' lang='grc'>;</span> <span class='ocrx_word' id='word_1_47' title='bbox 1010 853 1120 906; x_wconf 82' lang='grc' dir='ltr'><strong>Ποῦ</strong></span> <span class='ocrx_word' id='word_1_48' title='bbox 1152 854 1260 925; x_wconf 69' lang='grc' dir='ltr'><strong>γάρ</strong></span> <span class='ocrx_word' id='word_1_49' title='bbox 1286 854 1363 907; x_wconf 76' lang='grc' dir='ltr'>ἔτι</span> <span class='ocrx_word' id='word_1_50' title='bbox 1390 856 1448 907; x_wconf 76' lang='grc' dir='ltr'>τὸ</span> <span class='ocrx_word' id='word_1_51' title='bbox 1472 856 1733 925; x_wconf 70' lang='grc' dir='ltr'>κατηφὲς,</span> <span class='ocrx_word' id='word_1_52' title='bbox 1756 858 1850 909; x_wconf 78' lang='grc' dir='ltr'>καὶ</span> 
     </span>
    </p>
   </div>
   <div class='ocr_carea' id='block_1_10' title="bbox 278 940 1850 1017">
    <p class='ocr_par' dir='ltr' id='par_1_10' title="bbox 278 940 1850 1017">
     <span class='ocr_line' id='line_1_10' title="bbox 278 940 1850 1017; baseline 0.006 -25"><span class='ocrx_word' id='word_1_53' title='bbox 278 942 366 993; x_wconf 66' lang='grc' dir='ltr'><strong>ἐπὶ</strong></span> <span class='ocrx_word' id='word_1_54' title='bbox 402 940 542 994; x_wconf 88' lang='grc' dir='ltr'>τίσιν</span> <span class='ocrx_word' id='word_1_55' title='bbox 591 941 657 995; x_wconf 85' lang='grc' dir='ltr'>ἂν</span> <span class='ocrx_word' id='word_1_56' title='bbox 718 941 929 1009; x_wconf 82' lang='grc' dir='ltr'>γένοιτο</span> <span class='ocrx_word' id='word_1_57' title='bbox 978 943 1113 1013; x_wconf 80' lang='grc' dir='ltr'>πρὸς</span> <span class='ocrx_word' id='word_1_58' title='bbox 1156 945 1311 1014; x_wconf 82' lang='grc' dir='ltr'>ἡμῶν</span> <span class='ocrx_word' id='word_1_59' title='bbox 1359 946 1420 998; x_wconf 77' lang='grc' dir='ltr'>τὸ</span> <span class='ocrx_word' id='word_1_60' title='bbox 1482 946 1850 1017; x_wconf 66' lang='grc' dir='ltr'><strong>κατοιμώζειν</strong></span> 
     </span>
    </p>
   </div>
   <div class='ocr_carea' id='block_1_11' title="bbox 273 1031 1847 1108">
    <p class='ocr_par' dir='ltr' id='par_1_11' title="bbox 273 1031 1847 1108">
     <span class='ocr_line' id='line_1_11' title="bbox 273 1031 1847 1108; baseline 0.003 -23"><span class='ocrx_word' id='word_1_61' title='bbox 273 1031 427 1095; x_wconf 79' lang='grc' dir='ltr'>ὅλως,</span> <span class='ocrx_word' id='word_1_62' title='bbox 457 1032 878 1103; x_wconf 80' lang='grc' dir='ltr'>ἁπεληλαμένης</span> <span class='ocrx_word' id='word_1_63' title='bbox 896 1032 994 1103; x_wconf 81' lang='grc' dir='ltr'>τῆς</span> <span class='ocrx_word' id='word_1_64' title='bbox 1020 1035 1315 1108; x_wconf 79' lang='grc' dir='ltr'>ἁμαρτίας,</span> <span class='ocrx_word' id='word_1_65' title='bbox 1346 1037 1440 1090; x_wconf 77' lang='grc' dir='ltr'>καὶ</span> <span class='ocrx_word' id='word_1_66' title='bbox 1474 1037 1569 1090; x_wconf 79' lang='grc' dir='ltr'><strong>τοῦ</strong></span> <span class='ocrx_word' id='word_1_67' title='bbox 1616 1037 1847 1091; x_wconf 80' lang='grc' dir='ltr'><strong>Θανάτου</strong></span> 
     </span>
    </p>
   </div>
   <div class='ocr_carea' id='block_1_12' title="bbox 263 1123 1850 1198">
    <p class='ocr_par' dir='ltr' id='par_1_12' title="bbox 263 1123 1850 1198">
     <span class='ocr_line' id='line_1_12' title="bbox 263 1123 1850 1198; baseline 0.005 -25"><span class='ocrx_word' id='word_1_68' title='bbox 263 1123 682 1193; x_wconf 73' lang='grc' dir='ltr'>πεπατημένου,</span> <span class='ocrx_word' id='word_1_69' title='bbox 712 1125 1057 1195; x_wconf 84' lang='grc' dir='ltr'>κεκλημένης</span> <span class='ocrx_word' id='word_1_70' title='bbox 1088 1143 1148 1178; x_wconf 87' lang='grc' dir='ltr'><strong>τε</strong></span> <span class='ocrx_word' id='word_1_71' title='bbox 1191 1126 1293 1196; x_wconf 80' lang='grc' dir='ltr'>τῆς</span> <span class='ocrx_word' id='word_1_72' title='bbox 1314 1126 1600 1198; x_wconf 82' lang='grc' dir='ltr'>ἀνθρώπου</span> <span class='ocrx_word' id='word_1_73' title='bbox 1636 1127 1850 1197; x_wconf 81' lang='grc' dir='ltr'>φύσεως</span> 
     </span>
    </p>
   </div>
   <div class='ocr_carea' id='block_1_13' title="bbox 270 1212 1853 1290">
    <p class='ocr_par' dir='ltr' id='par_1_13' title="bbox 270 1212 1853 1290">
     <span class='ocr_line' id='line_1_13' title="bbox 270 1212 1853 1290; baseline 0.005 -26"><span class='ocrx_word' id='word_1_74' title='bbox 270 1213 351 1275; x_wconf 65' lang='grc' dir='ltr'><strong>τίς</strong></span> <span class='ocrx_word' id='word_1_75' title='bbox 372 1212 658 1285; x_wconf 81' lang='grc' dir='ltr'>ἐλεύθερον</span> <span class='ocrx_word' id='word_1_76' title='bbox 684 1215 923 1286; x_wconf 81' lang='grc' dir='ltr'>ἀξίωμα,</span> <span class='ocrx_word' id='word_1_77' title='bbox 938 1217 1030 1270; x_wconf 77' lang='grc' dir='ltr'>καὶ</span> <span class='ocrx_word' id='word_1_78' title='bbox 1051 1219 1117 1287; x_wconf 80' lang='grc' dir='ltr'>τῇ</span> <span class='ocrx_word' id='word_1_79' title='bbox 1139 1217 1240 1288; x_wconf 81' lang='grc' dir='ltr'>τῆς</span> <span class='ocrx_word' id='word_1_80' title='bbox 1257 1218 1523 1282; x_wconf 73' lang='grc' dir='ltr'>υἱοθεσίας</span> <span class='ocrx_word' id='word_1_81' title='bbox 1549 1236 1853 1290; x_wconf 86' lang='grc' dir='ltr'>κατεστεμ-</span> 
     </span>
    </p>
   </div>
   <div class='ocr_carea' id='block_1_14' title="bbox 272 1304 1849 1382">
    <p class='ocr_par' dir='ltr' id='par_1_14' title="bbox 272 1304 1849 1382">
     <span class='ocr_line' id='line_1_14' title="bbox 272 1304 1849 1382; baseline 0.006 -25"><span class='ocrx_word' id='word_1_82' title='bbox 272 1304 442 1375; x_wconf 87' lang='grc' dir='ltr'>μένης</span> <span class='ocrx_word' id='word_1_83' title='bbox 464 1306 651 1377; x_wconf 73' lang='grc' dir='ltr'>χάριτι</span> <span class='ocrx_word' id='word_1_84' title='bbox 673 1348 688 1371; x_wconf 92' lang='grc'><strong>,</strong></span> <span class='ocrx_word' id='word_1_85' title='bbox 721 1308 812 1361; x_wconf 74' lang='grc' dir='ltr'>καὶ</span> <span class='ocrx_word' id='word_1_86' title='bbox 852 1310 965 1372; x_wconf 79' lang='grc' dir='ltr'>τοῖς</span> <span class='ocrx_word' id='word_1_87' title='bbox 1003 1308 1229 1373; x_wconf 75' lang='grc' dir='ltr'>ἄνωθεν,</span> <span class='ocrx_word' id='word_1_88' title='bbox 1254 1309 1347 1363; x_wconf 72' lang='grc' dir='ltr'><strong>καὶ</strong></span> <span class='ocrx_word' id='word_1_89' title='bbox 1376 1309 1436 1373; x_wconf 80' lang='grc' dir='ltr'><strong>ἐξ</strong></span> <span class='ocrx_word' id='word_1_90' title='bbox 1482 1310 1716 1382; x_wconf 79' lang='grc' dir='ltr'>ούρανοῦ</span> <span class='ocrx_word' id='word_1_91' title='bbox 1748 1328 1849 1382; x_wconf 87' lang='grc' dir='ltr'>χα-</span> 
     </span>
    </p>
   </div>
   <div class='ocr_carea' id='block_1_15' title="bbox 226 1394 1846 1470">
    <p class='ocr_par' dir='ltr' id='par_1_15' title="bbox 226 1394 1846 1470">
     <span class='ocr_line' id='line_1_15' title="bbox 226 1394 1846 1470; baseline 0.005 -25"><span class='ocrx_word' id='word_1_92' title='bbox 226 1410 230 1413; x_wconf 90' lang='grc'><strong>·</strong></span> <span class='ocrx_word' id='word_1_93' title='bbox 269 1394 502 1464; x_wconf 78' lang='grc' dir='ltr'>ρίσμασι</span> <span class='ocrx_word' id='word_1_94' title='bbox 532 1395 1043 1468; x_wconf 73' lang='grc' dir='ltr'>κατηγλαῖσμένηςς</span> <span class='ocrx_word' id='word_1_95' title='bbox 1076 1396 1359 1469; x_wconf 80' lang='grc' dir='ltr'>Ἐπιτήρει</span> <span class='ocrx_word' id='word_1_96' title='bbox 1387 1399 1467 1462; x_wconf 79' lang='grc' dir='ltr'>δὲ,</span> <span class='ocrx_word' id='word_1_97' title='bbox 1494 1400 1577 1452; x_wconf 85' lang='grc' dir='ltr'>ὅτι</span> <span class='ocrx_word' id='word_1_98' title='bbox 1617 1399 1716 1470; x_wconf 79' lang='grc' dir='ltr'>τὴν</span> <span class='ocrx_word' id='word_1_99' title='bbox 1749 1399 1846 1453; x_wconf 82' lang='grc' dir='ltr'>τοῦ</span> 
     </span>
    </p>
   </div>
   <div class='ocr_carea' id='block_1_16' title="bbox 266 1485 1846 1559">
    <p class='ocr_par' dir='ltr' id='par_1_16' title="bbox 266 1485 1846 1559">
     <span class='ocr_line' id='line_1_16' title="bbox 266 1485 1846 1559; baseline 0.004 -22"><span class='ocrx_word' id='word_1_100' title='bbox 266 1485 524 1555; x_wconf 84' lang='grc' dir='ltr'>Σωτῆρος</span> <span class='ocrx_word' id='word_1_101' title='bbox 574 1486 735 1555; x_wconf 74' lang='grc' dir='ltr'>ἡμῶν</span> <span class='ocrx_word' id='word_1_102' title='bbox 792 1486 1094 1556; x_wconf 79' lang='grc' dir='ltr'><strong>παρουσίαν</strong></span> <span class='ocrx_word' id='word_1_103' title='bbox 1140 1487 1645 1559; x_wconf 77' lang='grc' dir='ltr'>εὐαγγελιζόμενος,</span> <span class='ocrx_word' id='word_1_104' title='bbox 1684 1489 1846 1554; x_wconf 80' lang='grc' dir='ltr'>εὐθὺς</span> 
     </span>
    </p>
   </div>
   <div class='ocr_carea' id='block_1_17' title="bbox 261 1575 1844 1654">
    <p class='ocr_par' dir='ltr' id='par_1_17' title="bbox 261 1575 1844 1654">
     <span class='ocr_line' id='line_1_17' title="bbox 261 1575 1844 1654; baseline 0.006 -28"><span class='ocrx_word' id='word_1_105' title='bbox 261 1575 541 1646; x_wconf 73' lang='grc' dir='ltr'><strong>θυγατέρα</strong></span> <span class='ocrx_word' id='word_1_106' title='bbox 563 1575 663 1646; x_wconf 81' lang='grc' dir='ltr'>τὴν</span> <span class='ocrx_word' id='word_1_107' title='bbox 694 1575 830 1629; x_wconf 85' lang='grc' dir='ltr'>Σιὼν</span> <span class='ocrx_word' id='word_1_108' title='bbox 858 1578 1141 1631; x_wconf 75' lang='grc' dir='ltr'><strong>ἀποκαλεῖ.</strong></span> <span class='ocrx_word' id='word_1_109' title='bbox 1194 1579 1406 1651; x_wconf 75' lang='grc' dir='ltr'>Σφόδρα</span> <span class='ocrx_word' id='word_1_110' title='bbox 1430 1580 1494 1651; x_wconf 76' lang='grc' dir='ltr'>δὴ</span> <span class='ocrx_word' id='word_1_111' title='bbox 1515 1578 1613 1637; x_wconf 81' lang='grc' dir='ltr'>οὖν</span> <span class='ocrx_word' id='word_1_112' title='bbox 1644 1581 1844 1654; x_wconf 84' lang='grc' dir='ltr'>χρῆναι</span> 
     </span>
    </p>
   </div>
   <div class='ocr_carea' id='block_1_18' title="bbox 264 1661 1845 1742">
    <p class='ocr_par' dir='ltr' id='par_1_18' title="bbox 264 1661 1845 1742">
     <span class='ocr_line' id='line_1_18' title="bbox 264 1661 1845 1742; baseline 0.006 -25"><span class='ocrx_word' id='word_1_113' title='bbox 264 1666 476 1735; x_wconf 79' lang='grc' dir='ltr'><strong>χαίρειν</strong></span> <span class='ocrx_word' id='word_1_114' title='bbox 505 1664 675 1736; x_wconf 77' lang='grc' dir='ltr'>αὐτὴν</span> <span class='ocrx_word' id='word_1_115' title='bbox 708 1661 768 1719; x_wconf 79' lang='grc' dir='ltr'>εὖ</span> <span class='ocrx_word' id='word_1_116' title='bbox 822 1665 966 1735; x_wconf 85' lang='grc' dir='ltr'>μάλα</span> <span class='ocrx_word' id='word_1_117' title='bbox 1020 1666 1410 1739; x_wconf 84' lang='grc' dir='ltr'>προστέταχεν,</span> <span class='ocrx_word' id='word_1_118' title='bbox 1450 1669 1845 1742; x_wconf 79' lang='grc' dir='ltr'><strong>ἀνακηρύττειν</strong></span> 
     </span>
    </p>
   </div>
   <div class='ocr_carea' id='block_1_19' title="bbox 261 1758 1841 1831">
    <p class='ocr_par' dir='ltr' id='par_1_19' title="bbox 261 1758 1841 1831">
     <span class='ocr_line' id='line_1_19' title="bbox 261 1758 1841 1831; baseline 0.007 -24"><span class='ocrx_word' id='word_1_119' title='bbox 261 1773 321 1808; x_wconf 88' lang='grc' dir='ltr'><strong>τε</strong></span> <span class='ocrx_word' id='word_1_120' title='bbox 355 1758 644 1827; x_wconf 79' lang='grc' dir='ltr'>παρεγγυᾷ</span> <span class='ocrx_word' id='word_1_121' title='bbox 667 1759 731 1828; x_wconf 80' lang='grc' dir='ltr'><strong>τῇ</strong></span> <span class='ocrx_word' id='word_1_122' title='bbox 775 1758 1149 1829; x_wconf 82' lang='grc' dir='ltr'>Ἰερουσαλὴμ,</span> <span class='ocrx_word' id='word_1_123' title='bbox 1181 1759 1255 1821; x_wconf 78' lang='grc' dir='ltr'><strong>ὡς</strong></span> <span class='ocrx_word' id='word_1_124' title='bbox 1276 1760 1378 1831; x_wconf 68' lang='grc' dir='ltr'>ἤδη</span> <span class='ocrx_word' id='word_1_125' title='bbox 1411 1762 1703 1831; x_wconf 85' lang='grc' dir='ltr'>παρέσται,</span> <span class='ocrx_word' id='word_1_126' title='bbox 1747 1763 1841 1818; x_wconf 70' lang='grc' dir='ltr'>καὶ</span> 
     </span>
    </p>
   </div>
   <div class='ocr_carea' id='block_1_20' title="bbox 261 1831 1919 1924">
    <p class='ocr_par' dir='ltr' id='par_1_20' title="bbox 261 1831 1919 1924">
     <span class='ocr_line' id='line_1_20' title="bbox 261 1831 1919 1924; baseline 0.004 -23"><span class='ocrx_word' id='word_1_127' title='bbox 261 1848 712 1918; x_wconf 78' lang='grc' dir='ltr'>ἀναδειχθήσεται</span> <span class='ocrx_word' id='word_1_128' title='bbox 763 1846 905 1919; x_wconf 65' lang='grc' dir='ltr'>μετὰ</span> <span class='ocrx_word' id='word_1_129' title='bbox 944 1849 1145 1919; x_wconf 78' lang='grc' dir='ltr'>σαρκὸς</span> <span class='ocrx_word' id='word_1_130' title='bbox 1191 1853 1219 1903; x_wconf 99' lang='lat'><strong>6</strong></span> <span class='ocrx_word' id='word_1_131' title='bbox 1265 1850 1520 1921; x_wconf 81' lang='grc' dir='ltr'>βασιλεὺς</span> <span class='ocrx_word' id='word_1_132' title='bbox 1547 1852 1740 1924; x_wconf 80' lang='grc' dir='ltr'>αὐτῆς,</span> <span class='ocrx_word' id='word_1_133' title='bbox 1771 1854 1847 1908; x_wconf 87' lang='grc' dir='ltr'>δί-</span> <span class='ocrx_word' id='word_1_134' title='bbox 1876 1831 1919 1887; x_wconf 70' lang='grc' dir='ltr'><strong>Β</strong></span> 
     </span>
    </p>
   </div>
   <div class='ocr_carea' id='block_1_21' title="bbox 265 1938 1844 2015">
    <p class='ocr_par' dir='ltr' id='par_1_21' title="bbox 265 1938 1844 2015">
     <span class='ocr_line' id='line_1_21' title="bbox 265 1938 1844 2015; baseline 0.007 -25"><span class='ocrx_word' id='word_1_135' title='bbox 265 1955 439 2002; x_wconf 82' lang='grc' dir='ltr'>καιος,</span> <span class='ocrx_word' id='word_1_136' title='bbox 475 1940 569 1991; x_wconf 78' lang='grc' dir='ltr'>καὶ</span> <span class='ocrx_word' id='word_1_137' title='bbox 622 1938 830 1998; x_wconf 74' lang='grc' dir='ltr'>σώζων.</span> <span class='ocrx_word' id='word_1_138' title='bbox 870 1939 1201 1993; x_wconf 85' lang='grc' dir='ltr'>Δεδικαίωκε</span> <span class='ocrx_word' id='word_1_139' title='bbox 1250 1943 1360 2014; x_wconf 78' lang='grc' dir='ltr'><strong>γάρ</strong></span> <span class='ocrx_word' id='word_1_140' title='bbox 1388 1947 1537 2015; x_wconf 78' lang='grc' dir='ltr'><strong>ἡμᾶς</strong></span> <span class='ocrx_word' id='word_1_141' title='bbox 1576 1948 1634 1999; x_wconf 83' lang='grc' dir='ltr'>ἐν</span> <span class='ocrx_word' id='word_1_142' title='bbox 1663 1947 1844 2001; x_wconf 89' lang='grc' dir='ltr'>πίστει</span> 
     </span>
    </p>
   </div>
   <div class='ocr_carea' id='block_1_22' title="bbox 267 2029 1844 2109">
    <p class='ocr_par' dir='ltr' id='par_1_22' title="bbox 267 2029 1844 2109">
     <span class='ocr_line' id='line_1_22' title="bbox 267 2029 1844 2109; baseline 0.007 -28"><span class='ocrx_word' id='word_1_143' title='bbox 267 2030 518 2100; x_wconf 69' lang='grc' dir='ltr'>Χριστὸς,</span> <span class='ocrx_word' id='word_1_144' title='bbox 551 2030 644 2082; x_wconf 74' lang='grc' dir='ltr'>καὶ</span> <span class='ocrx_word' id='word_1_145' title='bbox 672 2029 772 2100; x_wconf 78' lang='grc' dir='ltr'>τὴν</span> <span class='ocrx_word' id='word_1_146' title='bbox 820 2031 918 2100; x_wconf 83' lang='grc' dir='ltr'>τῆς</span> <span class='ocrx_word' id='word_1_147' title='bbox 975 2032 1249 2103; x_wconf 79' lang='grc' dir='ltr'>σωτηρίας</span> <span class='ocrx_word' id='word_1_148' title='bbox 1278 2036 1601 2105; x_wconf 87' lang='grc' dir='ltr'>κατευρύνει</span> <span class='ocrx_word' id='word_1_149' title='bbox 1660 2039 1844 2109; x_wconf 75' lang='grc' dir='ltr'>τρίϐον</span> 
     </span>
    </p>
   </div>
   <div class='ocr_carea' id='block_1_23' title="bbox 270 2117 1846 2196">
    <p class='ocr_par' dir='ltr' id='par_1_23' title="bbox 270 2117 1846 2196">
     <span class='ocr_line' id='line_1_23' title="bbox 270 2117 1846 2196; baseline 0.006 -25"><span class='ocrx_word' id='word_1_150' title='bbox 270 2122 380 2181; x_wconf 84' lang='grc' dir='ltr'>τοῖς</span> <span class='ocrx_word' id='word_1_151' title='bbox 441 2117 750 2188; x_wconf 76' lang='grc' dir='ltr'>προσιοῦσιν</span> <span class='ocrx_word' id='word_1_152' title='bbox 806 2119 973 2189; x_wconf 81' lang='grc' dir='ltr'>αὐτῷ.</span> <span class='ocrx_word' id='word_1_153' title='bbox 1036 2122 1194 2175; x_wconf 82' lang='grc' dir='ltr'>Ἔστι</span> <span class='ocrx_word' id='word_1_154' title='bbox 1230 2123 1288 2175; x_wconf 80' lang='grc' dir='ltr'>δὲ</span> <span class='ocrx_word' id='word_1_155' title='bbox 1331 2125 1468 2196; x_wconf 81' lang='grc' dir='ltr'>πρὸς</span> <span class='ocrx_word' id='word_1_156' title='bbox 1512 2125 1719 2190; x_wconf 78' lang='grc' dir='ltr'>τούτοις</span> <span class='ocrx_word' id='word_1_157' title='bbox 1752 2130 1846 2181; x_wconf 77' lang='grc' dir='ltr'>καὶ</span> 
     </span>
    </p>
   </div>
   <div class='ocr_carea' id='block_1_24' title="bbox 272 2210 1846 2288">
    <p class='ocr_par' dir='ltr' id='par_1_24' title="bbox 272 2210 1846 2288">
     <span class='ocr_line' id='line_1_24' title="bbox 272 2210 1846 2288; baseline 0.012 -28"><span class='ocrx_word' id='word_1_158' title='bbox 272 2210 465 2279; x_wconf 80' lang='grc' dir='ltr'>πρᾶος,</span> <span class='ocrx_word' id='word_1_159' title='bbox 517 2211 576 2263; x_wconf 78' lang='grc' dir='ltr'>οὐ</span> <span class='ocrx_word' id='word_1_160' title='bbox 611 2213 836 2284; x_wconf 81' lang='grc' dir='ltr'>νομικὴν</span> <span class='ocrx_word' id='word_1_161' title='bbox 871 2215 1198 2285; x_wconf 82' lang='grc' dir='ltr'>προσφέρων</span> <span class='ocrx_word' id='word_1_162' title='bbox 1237 2217 1561 2288; x_wconf 82' lang='grc' dir='ltr'>ἀποτομίαν,</span> <span class='ocrx_word' id='word_1_163' title='bbox 1590 2223 1707 2276; x_wconf 82' lang='grc' dir='ltr'>ούδὲ</span> <span class='ocrx_word' id='word_1_164' title='bbox 1751 2224 1846 2279; x_wconf 84' lang='grc' dir='ltr'>θα-</span> 
     </span>
    </p>
   </div>
   <div class='ocr_carea' id='block_1_25' title="bbox 268 2300 1841 2386">
    <p class='ocr_par' dir='ltr' id='par_1_25' title="bbox 268 2300 1841 2386">
     <span class='ocr_line' id='line_1_25' title="bbox 268 2300 1841 2386; baseline 0.012 -36"><span class='ocrx_word' id='word_1_165' title='bbox 268 2300 415 2369; x_wconf 82' lang='grc' dir='ltr'>νάτῳ</span> <span class='ocrx_word' id='word_1_166' title='bbox 454 2303 859 2374; x_wconf 84' lang='grc' dir='ltr'>τιμωρούμενος</span> <span class='ocrx_word' id='word_1_167' title='bbox 916 2307 1042 2369; x_wconf 80' lang='grc' dir='ltr'>τοὺς</span> <span class='ocrx_word' id='word_1_168' title='bbox 1097 2307 1533 2377; x_wconf 73' lang='grc' dir='ltr'>παραῦαίνοντας</span> <span class='ocrx_word' id='word_1_169' title='bbox 1584 2315 1841 2386; x_wconf 75' lang='grc' dir='ltr'>ἐντολὴν,</span> 
     </span>
    </p>
   </div>
   <div class='ocr_carea' id='block_1_26' title="bbox 270 2390 1845 2474">
    <p class='ocr_par' dir='ltr' id='par_1_26' title="bbox 270 2390 1845 2474">
     <span class='ocr_line' id='line_1_26' title="bbox 270 2390 1845 2474; baseline 0.013 -31"><span class='ocrx_word' id='word_1_170' title='bbox 270 2390 461 2453; x_wconf 72' lang='grc' dir='ltr'>σώζων</span> <span class='ocrx_word' id='word_1_171' title='bbox 482 2392 538 2445; x_wconf 85' lang='grc' dir='ltr'>δὲ</span> <span class='ocrx_word' id='word_1_172' title='bbox 574 2394 775 2464; x_wconf 85' lang='grc' dir='ltr'>μᾶλλον</span> <span class='ocrx_word' id='word_1_173' title='bbox 826 2396 885 2461; x_wconf 76' lang='grc' dir='ltr'><strong>ἐξ</strong></span> <span class='ocrx_word' id='word_1_174' title='bbox 929 2397 1405 2468; x_wconf 80' lang='grc' dir='ltr'>ήμερότητος,κα“ι</span> <span class='ocrx_word' id='word_1_175' title='bbox 1450 2405 1674 2471; x_wconf 76' lang='grc' dir='ltr'>ἀνιστὰς</span> <span class='ocrx_word' id='word_1_176' title='bbox 1719 2411 1845 2474; x_wconf 81' lang='grc' dir='ltr'>τοὺς</span> 
     </span>
    </p>
   </div>
   <div class='ocr_carea' id='block_1_27' title="bbox 264 2481 1846 2565">
    <p class='ocr_par' dir='ltr' id='par_1_27' title="bbox 264 2481 1846 2565">
     <span class='ocr_line' id='line_1_27' title="bbox 264 2481 1846 2565; baseline 0.012 -32"><span class='ocrx_word' id='word_1_177' title='bbox 264 2481 657 2553; x_wconf 82' lang='grc' dir='ltr'>ώλισθηκότας.</span> <span class='ocrx_word' id='word_1_178' title='bbox 696 2485 1033 2557; x_wconf 84' lang='grc' dir='ltr'>Ἀνέγνωμεν</span> <span class='ocrx_word' id='word_1_179' title='bbox 1089 2489 1146 2542; x_wconf 79' lang='grc' dir='ltr'>δὲ</span> <span class='ocrx_word' id='word_1_180' title='bbox 1186 2491 1267 2543; x_wconf 82' lang='grc' dir='ltr'>ὅτι</span> <span class='ocrx_word' id='word_1_181' title='bbox 1305 2510 1323 2542; x_wconf 82' lang='lat' dir='ltr'><strong>t</strong></span> <span class='ocrx_word' id='word_1_182' title='bbox 1347 2492 1419 2545; x_wconf 84' lang='grc' dir='ltr'><strong>Τὸ</strong></span> <span class='ocrx_word' id='word_1_183' title='bbox 1442 2494 1677 2565; x_wconf 79' lang='grc' dir='ltr'>γράμμα</span> <span class='ocrx_word' id='word_1_184' title='bbox 1712 2499 1846 2552; x_wconf 84' lang='grc' dir='ltr'>ἀπο-</span> 
     </span>
    </p>
   </div>
   <div class='ocr_carea' id='block_1_28' title="bbox 264 2575 1844 2661">
    <p class='ocr_par' dir='ltr' id='par_1_28' title="bbox 264 2575 1844 2661">
     <span class='ocr_line' id='line_1_28' title="bbox 264 2575 1844 2661; baseline 0.009 -33"><span class='ocrx_word' id='word_1_185' title='bbox 264 2575 489 2641; x_wconf 83' lang='grc' dir='ltr'>κτείνει,</span> <span class='ocrx_word' id='word_1_186' title='bbox 519 2576 582 2630; x_wconf 82' lang='grc' dir='ltr'><strong>τδ</strong></span> <span class='ocrx_word' id='word_1_187' title='bbox 616 2576 671 2629; x_wconf 82' lang='grc' dir='ltr'>δὲ</span> <span class='ocrx_word' id='word_1_188' title='bbox 701 2578 918 2649; x_wconf 81' lang='grc' dir='ltr'>πνεῦμα</span> <span class='ocrx_word' id='word_1_189' title='bbox 946 2580 1216 2644; x_wconf 76' lang='grc' dir='ltr'>ζωοποιεῖ.</span> <span class='ocrx_word' id='word_1_190' title='bbox 1253 2602 1272 2633; x_wconf 79' lang='grc' dir='ltr'><strong>ι</strong></span> <span class='ocrx_word' id='word_1_191' title='bbox 1336 2584 1574 2656; x_wconf 78' lang='grc' dir='ltr'>Γράμμα</span> <span class='ocrx_word' id='word_1_192' title='bbox 1607 2589 1707 2658; x_wconf 79' lang='grc' dir='ltr'><strong>μὲν</strong></span> <span class='ocrx_word' id='word_1_193' title='bbox 1736 2591 1844 2661; x_wconf 76' lang='grc' dir='ltr'><strong>γὰρ</strong></span> 
     </span>
    </p>
   </div>
   <div class='ocr_carea' id='block_1_29' title="bbox 258 2668 1843 2752">
    <p class='ocr_par' dir='ltr' id='par_1_29' title="bbox 258 2668 1843 2752">
     <span class='ocr_line' id='line_1_29' title="bbox 258 2668 1843 2752; baseline 0.009 -33"><span class='ocrx_word' id='word_1_194' title='bbox 258 2670 286 2718; x_wconf 83' lang='grc' dir='ltr'><em>ὁ</em></span> <span class='ocrx_word' id='word_1_195' title='bbox 304 2668 583 2739; x_wconf 83' lang='grc' dir='ltr'>κολαστής</span> <span class='ocrx_word' id='word_1_196' title='bbox 615 2670 762 2723; x_wconf 76' lang='grc' dir='ltr'>ἐστιν</span> <span class='ocrx_word' id='word_1_197' title='bbox 782 2672 963 2741; x_wconf 83' lang='grc' dir='ltr'>νόμος,</span> <span class='ocrx_word' id='word_1_198' title='bbox 991 2673 1024 2743; x_wconf 81' lang='grc' dir='ltr'><strong>ἡ</strong></span> <span class='ocrx_word' id='word_1_199' title='bbox 1048 2673 1197 2740; x_wconf 76' lang='grc' dir='ltr'>σκιὰ,</span> <span class='ocrx_word' id='word_1_200' title='bbox 1229 2675 1323 2728; x_wconf 56' lang='grc' dir='ltr'><strong>καὶ⁹</strong></span> <span class='ocrx_word' id='word_1_201' title='bbox 1352 2678 1380 2728; x_wconf 87' lang='lat'><strong>6</strong></span> <span class='ocrx_word' id='word_1_202' title='bbox 1409 2677 1599 2741; x_wconf 79' lang='grc' dir='ltr'>τύπος·</span> <span class='ocrx_word' id='word_1_203' title='bbox 1626 2681 1843 2752; x_wconf 76' lang='grc' dir='ltr'>πνεῦμα</span> 
     </span>
    </p>
   </div>
   <div class='ocr_carea' id='block_1_30' title="bbox 256 2758 1845 2843">
    <p class='ocr_par' dir='ltr' id='par_1_30' title="bbox 256 2758 1845 2843">
     <span class='ocr_line' id='line_1_30' title="bbox 256 2758 1845 2843; baseline 0.01 -32"><span class='ocrx_word' id='word_1_204' title='bbox 256 2759 313 2812; x_wconf 80' lang='grc' dir='ltr'>δὲ</span> <span class='ocrx_word' id='word_1_205' title='bbox 354 2758 661 2823; x_wconf 76' lang='grc' dir='ltr'>ζωοποιοῦν</span> <span class='ocrx_word' id='word_1_206' title='bbox 686 2762 833 2815; x_wconf 78' lang='grc' dir='ltr'>ἐστιν</span> <span class='ocrx_word' id='word_1_207' title='bbox 857 2763 888 2814; x_wconf 76' lang='grc' dir='ltr'>ὁ</span> <span class='ocrx_word' id='word_1_208' title='bbox 917 2763 1171 2833; x_wconf 83' lang='grc' dir='ltr'>Χριστὸς,</span> <span class='ocrx_word' id='word_1_209' title='bbox 1206 2767 1264 2819; x_wconf 80' lang='grc' dir='ltr'>ὲν</span> <span class='ocrx_word' id='word_1_210' title='bbox 1313 2768 1583 2839; x_wconf 87' lang='grc' dir='ltr'>πνεύματι</span> <span class='ocrx_word' id='word_1_211' title='bbox 1613 2772 1720 2843; x_wconf 79' lang='grc' dir='ltr'><strong>γὰρ</strong></span> <span class='ocrx_word' id='word_1_212' title='bbox 1750 2777 1845 2828; x_wconf 81' lang='grc' dir='ltr'>καὶ</span> 
     </span>
    </p>
   </div>
   <div class='ocr_carea' id='block_1_31' title="bbox 253 2850 1846 2938">
    <p class='ocr_par' dir='ltr' id='par_1_31' title="bbox 253 2850 1846 2938">
     <span class='ocr_line' id='line_1_31' title="bbox 253 2850 1846 2938; baseline 0.011 -35"><span class='ocrx_word' id='word_1_213' title='bbox 253 2850 498 2923; x_wconf 76' lang='grc' dir='ltr'>ἀληθείᾳ</span> <span class='ocrx_word' id='word_1_214' title='bbox 518 2852 873 2922; x_wconf 82' lang='grc' dir='ltr'>δεδιδάγμεθα</span> <span class='ocrx_word' id='word_1_215' title='bbox 900 2861 1226 2927; x_wconf 86' lang='grc' dir='ltr'>προσκυνεῖν</span> <span class='ocrx_word' id='word_1_216' title='bbox 1250 2859 1341 2912; x_wconf 79' lang='grc' dir='ltr'><strong>διὰ</strong></span> <span class='ocrx_word' id='word_1_217' title='bbox 1364 2862 1460 2932; x_wconf 80' lang='grc' dir='ltr'>τῆς</span> <span class='ocrx_word' id='word_1_218' title='bbox 1480 2864 1846 2938; x_wconf 79' lang='grc' dir='ltr'>εύαγγελικῆς</span> 
     </span>
    </p>
   </div>
   <div class='ocr_carea' id='block_1_32' title="bbox 251 2944 1843 3024">
    <p class='ocr_par' dir='ltr' id='par_1_32' title="bbox 251 2944 1843 3024">
     <span class='ocr_line' id='line_1_32' title="bbox 251 2944 1843 3024; baseline 0.011 -29"><span class='ocrx_word' id='word_1_219' title='bbox 251 2944 623 3006; x_wconf 83' lang='grc' dir='ltr'>παιδεύσεως.</span> <span class='ocrx_word' id='word_1_220' title='bbox 654 2945 776 2998; x_wconf 88' lang='grc' dir='ltr'>Ὅτι</span> <span class='ocrx_word' id='word_1_221' title='bbox 803 2946 860 2999; x_wconf 81' lang='grc' dir='ltr'>δὲ</span> <span class='ocrx_word' id='word_1_222' title='bbox 890 2948 983 3001; x_wconf 77' lang='grc' dir='ltr'>καὶ</span> <span class='ocrx_word' id='word_1_223' title='bbox 1011 2949 1339 3021; x_wconf 73' lang='grc' dir='ltr'>ἐπιϐέϐηκεν</span> <span class='ocrx_word' id='word_1_224' title='bbox 1371 2953 1464 3006; x_wconf 75' lang='grc' dir='ltr'><strong>ἐπὶ</strong></span> <span class='ocrx_word' id='word_1_225' title='bbox 1486 2955 1662 3009; x_wconf 81' lang='grc' dir='ltr'>πῶλον</span> <span class='ocrx_word' id='word_1_226' title='bbox 1704 2959 1843 3024; x_wconf 83' lang='grc' dir='ltr'>νέον,</span> 
     </span>
    </p>
   </div>
   <div class='ocr_carea' id='block_1_33' title="bbox 247 3034 1846 3121">
    <p class='ocr_par' dir='ltr' id='par_1_33' title="bbox 247 3034 1846 3121">
     <span class='ocr_line' id='line_1_33' title="bbox 247 3034 1846 3121; baseline 0.011 -34"><span class='ocrx_word' id='word_1_227' title='bbox 247 3034 390 3089; x_wconf 74' lang='grc' dir='ltr'>οὕτω</span> <span class='ocrx_word' id='word_1_228' title='bbox 422 3052 503 3090; x_wconf 84' lang='grc' dir='ltr'><strong>τε</strong></span> <span class='ocrx_word' id='word_1_229' title='bbox 544 3036 868 3109; x_wconf 75' lang='grc' dir='ltr'>εἰσέφρησεν</span> <span class='ocrx_word' id='word_1_230' title='bbox 906 3041 963 3092; x_wconf 80' lang='grc' dir='ltr'>ὲν</span> <span class='ocrx_word' id='word_1_231' title='bbox 1017 3044 1128 3104; x_wconf 84' lang='grc' dir='ltr'>τοῖς</span> <span class='ocrx_word' id='word_1_232' title='bbox 1168 3042 1600 3116; x_wconf 83' lang='grc' dir='ltr'>Ἰεροσολύμοις,</span> <span class='ocrx_word' id='word_1_233' title='bbox 1641 3050 1700 3102; x_wconf 78' lang='grc' dir='ltr'>οὗ</span> <span class='ocrx_word' id='word_1_234' title='bbox 1745 3069 1846 3121; x_wconf 88' lang='grc' dir='ltr'>μα-</span> 
     </span>
    </p>
   </div>
   <div class='ocr_carea' id='block_1_34' title="bbox 1955 582 3533 656">
    <p class='ocr_par' dir='ltr' id='par_1_34' title="bbox 1955 582 3533 656">
     <span class='ocr_line' id='line_1_34' title="bbox 1955 582 3533 656; baseline 0.008 -22"><span class='ocrx_word' id='word_1_235' title='bbox 1955 582 2180 639; x_wconf 85' lang='lat' dir='ltr'><strong>sentiam</strong></span> <span class='ocrx_word' id='word_1_236' title='bbox 2214 585 2473 656; x_wconf 84' lang='lat' dir='ltr'><strong>deinceps</strong></span> <span class='ocrx_word' id='word_1_237' title='bbox 2523 584 2846 655; x_wconf 83' lang='lat' dir='ltr'><strong>promulgat,</strong></span> <span class='ocrx_word' id='word_1_238' title='bbox 2903 595 2963 641; x_wconf 87' lang='lat' dir='ltr'><strong>ut</strong></span> <span class='ocrx_word' id='word_1_239' title='bbox 3008 586 3244 643; x_wconf 79' lang='lat' dir='ltr'><strong>tristitiae</strong></span> <span class='ocrx_word' id='word_1_240' title='bbox 3312 591 3533 647; x_wconf 82' lang='lat' dir='ltr'><strong>relictus</strong></span> 
     </span>
    </p>
   </div>
   <div class='ocr_carea' id='block_1_35' title="bbox 1956 670 3527 734">
    <p class='ocr_par' dir='ltr' id='par_1_35' title="bbox 1956 670 3527 734">
     <span class='ocr_line' id='line_1_35' title="bbox 1956 670 3527 734; baseline 0.006 -9"><span class='ocrx_word' id='word_1_241' title='bbox 1956 670 2102 727; x_wconf 89' lang='lat' dir='ltr'><strong>locus</strong></span> <span class='ocrx_word' id='word_1_242' title='bbox 2136 674 2354 729; x_wconf 90' lang='lat' dir='ltr'><strong>omnino</strong></span> <span class='ocrx_word' id='word_1_243' title='bbox 2385 676 2560 731; x_wconf 90' lang='lat' dir='ltr'><strong>nullus</strong></span> <span class='ocrx_word' id='word_1_244' title='bbox 2606 676 2873 733; x_wconf 81' lang='lat' dir='ltr'><strong>videatur.</strong></span> <span class='ocrx_word' id='word_1_245' title='bbox 2906 675 3069 733; x_wconf 84' lang='lat' dir='ltr'><strong>Jubet</strong></span> <span class='ocrx_word' id='word_1_246' title='bbox 3114 678 3255 733; x_wconf 88' lang='lat' dir='ltr'><strong>enim</strong></span> <span class='ocrx_word' id='word_1_247' title='bbox 3310 677 3527 734; x_wconf 81' lang='lat' dir='ltr'><strong>Sioncnt</strong></span> 
     </span>
    </p>
   </div>
   <div class='ocr_carea' id='block_1_36' title="bbox 1953 762 3530 836">
    <p class='ocr_par' dir='ltr' id='par_1_36' title="bbox 1953 762 3530 836">
     <span class='ocr_line' id='line_1_36' title="bbox 1953 762 3530 836; baseline 0.006 -22"><span class='ocrx_word' id='word_1_248' title='bbox 1953 773 2070 829; x_wconf 71' lang='lat' dir='ltr'><strong>qua:</strong></span> <span class='ocrx_word' id='word_1_249' title='bbox 2117 762 2431 835; x_wconf 72' lang='lat' dir='ltr'><strong>intelligitur</strong></span> <span class='ocrx_word' id='word_1_250' title='bbox 2466 766 2699 836; x_wconf 84' lang='lat' dir='ltr'><strong>gaudere</strong></span> <span class='ocrx_word' id='word_1_251' title='bbox 2732 766 2897 834; x_wconf 86' lang='lat' dir='ltr'><strong>serio,</strong></span> <span class='ocrx_word' id='word_1_252' title='bbox 2923 766 3085 821; x_wconf 89' lang='lat' dir='ltr'><strong>veluti</strong></span> <span class='ocrx_word' id='word_1_253' title='bbox 3134 768 3282 823; x_wconf 87' lang='lat' dir='ltr'><strong>omni</strong></span> <span class='ocrx_word' id='word_1_254' title='bbox 3331 784 3530 823; x_wconf 81' lang='lat' dir='ltr'><strong>tner-</strong></span> 
     </span>
    </p>
   </div>
   <div class='ocr_carea' id='block_1_37' title="bbox 1955 854 3526 923">
    <p class='ocr_par' dir='ltr' id='par_1_37' title="bbox 1955 854 3526 923">
     <span class='ocr_line' id='line_1_37' title="bbox 1955 854 3526 923; baseline 0.003 -20"><span class='ocrx_word' id='word_1_255' title='bbox 1955 865 2014 905; x_wconf 87' lang='lat' dir='ltr'><strong>re</strong></span> <span class='ocrx_word' id='word_1_256' title='bbox 2060 861 2247 909; x_wconf 91' lang='lat' dir='ltr'><strong>nostro</strong></span> <span class='ocrx_word' id='word_1_257' title='bbox 2279 854 2562 923; x_wconf 88' lang='lat' dir='ltr'><strong>dissipato.</strong></span> <span class='ocrx_word' id='word_1_258' title='bbox 2590 856 2699 910; x_wconf 89' lang='lat' dir='ltr'><strong>Cur</strong></span> <span class='ocrx_word' id='word_1_259' title='bbox 2748 856 2889 911; x_wconf 89' lang='lat' dir='ltr'><strong>enim</strong></span> <span class='ocrx_word' id='word_1_260' title='bbox 2919 856 3097 911; x_wconf 84' lang='lat' dir='ltr'><strong>adhuc</strong></span> <span class='ocrx_word' id='word_1_261' title='bbox 3159 870 3485 910; x_wconf 62' lang='lat' dir='ltr'><strong>maereamus</strong></span> <span class='ocrx_word' id='word_1_262' title='bbox 3512 897 3526 919; x_wconf 91' lang='lat'><strong>,</strong></span> 
     </span>
    </p>
   </div>
   <div class='ocr_carea' id='block_1_38' title="bbox 1952 943 3526 1018">
    <p class='ocr_par' dir='ltr' id='par_1_38' title="bbox 1952 943 3526 1018">
     <span class='ocr_line' id='line_1_38' title="bbox 1952 943 3526 1018; baseline 0.004 -24"><span class='ocrx_word' id='word_1_263' title='bbox 1952 950 2044 995; x_wconf 86' lang='lat' dir='ltr'><strong>aut</strong></span> <span class='ocrx_word' id='word_1_264' title='bbox 2089 943 2215 1012; x_wconf 86' lang='lat' dir='ltr'><strong>quid</strong></span> <span class='ocrx_word' id='word_1_265' title='bbox 2258 959 2437 1000; x_wconf 89' lang='lat' dir='ltr'><strong>rerum</strong></span> <span class='ocrx_word' id='word_1_266' title='bbox 2496 958 2802 1001; x_wconf 81' lang='lat' dir='ltr'><strong>nostrarum</strong></span> <span class='ocrx_word' id='word_1_267' title='bbox 2878 949 3093 1003; x_wconf 84' lang='lat' dir='ltr'><strong>tandem</strong></span> <span class='ocrx_word' id='word_1_268' title='bbox 3145 948 3485 1018; x_wconf 84' lang='lat' dir='ltr'><strong>deplorentus</strong></span> <span class='ocrx_word' id='word_1_269' title='bbox 3513 990 3526 1011; x_wconf 87' lang='lat'><strong>,</strong></span> 
     </span>
    </p>
   </div>
   <div class='ocr_carea' id='block_1_39' title="bbox 1953 1036 3529 1105">
    <p class='ocr_par' dir='ltr' id='par_1_39' title="bbox 1953 1036 3529 1105">
     <span class='ocr_line' id='line_1_39' title="bbox 1953 1036 3529 1105; baseline 0.007 -19"><span class='ocrx_word' id='word_1_270' title='bbox 1953 1043 2172 1103; x_wconf 89' lang='lat' dir='ltr'><strong>peccato</strong></span> <span class='ocrx_word' id='word_1_271' title='bbox 2198 1036 2438 1104; x_wconf 91' lang='lat' dir='ltr'><strong>depulso,</strong></span> <span class='ocrx_word' id='word_1_272' title='bbox 2474 1039 2786 1095; x_wconf 81' lang='lat' dir='ltr'><strong>conculcata</strong></span> <span class='ocrx_word' id='word_1_273' title='bbox 2816 1049 3007 1105; x_wconf 89' lang='lat' dir='ltr'><strong>morte,</strong></span> <span class='ocrx_word' id='word_1_274' title='bbox 3032 1047 3086 1095; x_wconf 90' lang='lat' dir='ltr'><strong>et</strong></span> <span class='ocrx_word' id='word_1_275' title='bbox 3133 1041 3370 1095; x_wconf 84' lang='lat' dir='ltr'><strong>humana</strong></span> <span class='ocrx_word' id='word_1_276' title='bbox 3433 1058 3529 1097; x_wconf 85' lang='lat' dir='ltr'><strong>na-</strong></span> 
     </span>
    </p>
   </div>
   <div class='ocr_carea' id='block_1_40' title="bbox 1954 1123 3530 1205">
    <p class='ocr_par' dir='ltr' id='par_1_40' title="bbox 1954 1123 3530 1205">
     <span class='ocr_line' id='line_1_40' title="bbox 1954 1123 3530 1205; baseline 0.008 -29"><span class='ocrx_word' id='word_1_277' title='bbox 1954 1132 2072 1176; x_wconf 86' lang='lat' dir='ltr'><strong>tura</strong></span> <span class='ocrx_word' id='word_1_278' title='bbox 2109 1123 2176 1177; x_wconf 87' lang='lat' dir='ltr'><strong>ad</strong></span> <span class='ocrx_word' id='word_1_279' title='bbox 2203 1123 2504 1181; x_wconf 86' lang='lat' dir='ltr'><strong>libertatem</strong></span> <span class='ocrx_word' id='word_1_280' title='bbox 2533 1134 2587 1180; x_wconf 90' lang='lat' dir='ltr'><strong>et</strong></span> <span class='ocrx_word' id='word_1_281' title='bbox 2634 1126 2799 1200; x_wconf 76' lang='lat'><strong>736</strong></span> <span class='ocrx_word' id='word_1_282' title='bbox 2840 1129 3151 1200; x_wconf 87' lang='lat' dir='ltr'><strong>dignitatem</strong></span> <span class='ocrx_word' id='word_1_283' title='bbox 3207 1141 3420 1200; x_wconf 77' lang='lat' dir='ltr'><strong>vocata,</strong></span> <span class='ocrx_word' id='word_1_284' title='bbox 3454 1145 3530 1205; x_wconf 81' lang='lat' dir='ltr'><strong>_ct</strong></span> 
     </span>
    </p>
   </div>
   <div class='ocr_carea' id='block_1_41' title="bbox 1951 1211 3530 1289">
    <p class='ocr_par' dir='ltr' id='par_1_41' title="bbox 1951 1211 3530 1289">
     <span class='ocr_line' id='line_1_41' title="bbox 1951 1211 3530 1289; baseline 0.006 -24"><span class='ocrx_word' id='word_1_285' title='bbox 1951 1211 2122 1282; x_wconf 85' lang='lat' dir='ltr'><strong>gratia</strong></span> <span class='ocrx_word' id='word_1_286' title='bbox 2149 1213 2458 1284; x_wconf 86' lang='lat' dir='ltr'><strong>adoptionis</strong></span> <span class='ocrx_word' id='word_1_287' title='bbox 2492 1216 2725 1272; x_wconf 77' lang='lat' dir='ltr'><strong>ﬁliorum</strong></span> <span class='ocrx_word' id='word_1_288' title='bbox 2755 1217 2800 1249; x_wconf 82' lang='lat'>&quot;</span> <span class='ocrx_word' id='word_1_289' title='bbox 2826 1219 3210 1285; x_wconf 88' lang='lat' dir='ltr'><strong>condecorata,</strong></span> <span class='ocrx_word' id='word_1_290' title='bbox 3250 1221 3530 1289; x_wconf 81' lang='lat' dir='ltr'><strong>supernis-</strong></span> 
     </span>
    </p>
   </div>
   <div class='ocr_carea' id='block_1_42' title="bbox 1952 1303 3526 1372">
    <p class='ocr_par' dir='ltr' id='par_1_42' title="bbox 1952 1303 3526 1372">
     <span class='ocr_line' id='line_1_42' title="bbox 1952 1303 3526 1372; baseline 0.007 -18"><span class='ocrx_word' id='word_1_291' title='bbox 1952 1313 2055 1371; x_wconf 94' lang='lat' dir='ltr'><strong>que</strong></span> <span class='ocrx_word' id='word_1_292' title='bbox 2096 1314 2163 1356; x_wconf 90' lang='lat' dir='ltr'><strong>ac</strong></span> <span class='ocrx_word' id='word_1_293' title='bbox 2184 1303 2501 1359; x_wconf 64' lang='lat' dir='ltr'><strong>caelestibus</strong></span> <span class='ocrx_word' id='word_1_294' title='bbox 2536 1305 2885 1362; x_wconf 82' lang='lat' dir='ltr'><strong>cltarismatis</strong></span> <span class='ocrx_word' id='word_1_295' title='bbox 2934 1306 3249 1363; x_wconf 85' lang='lat' dir='ltr'><strong>illustrata?</strong></span> <span class='ocrx_word' id='word_1_296' title='bbox 3285 1308 3526 1372; x_wconf 79' lang='lat' dir='ltr'><strong>Observa</strong></span> 
     </span>
    </p>
   </div>
   <div class='ocr_carea' id='block_1_43' title="bbox 1949 1392 3525 1472">
    <p class='ocr_par' dir='ltr' id='par_1_43' title="bbox 1949 1392 3525 1472">
     <span class='ocr_line' id='line_1_43' title="bbox 1949 1392 3525 1472; baseline 0.007 -27"><span class='ocrx_word' id='word_1_297' title='bbox 1949 1405 2132 1457; x_wconf 84' lang='lat' dir='ltr'><strong>porro,</strong></span> <span class='ocrx_word' id='word_1_298' title='bbox 2157 1408 2281 1449; x_wconf 87' lang='lat' dir='ltr'><strong>eum</strong></span> <span class='ocrx_word' id='word_1_299' title='bbox 2317 1392 2615 1451; x_wconf 74' lang='lat' dir='ltr'><strong>Salvatoris</strong></span> <span class='ocrx_word' id='word_1_300' title='bbox 2668 1397 2841 1452; x_wconf 80' lang='lat' dir='ltr'><strong>nostri</strong></span> <span class='ocrx_word' id='word_1_301' title='bbox 2904 1398 3193 1455; x_wconf 73' lang='lat' dir='ltr'><strong>adventum</strong></span> <span class='ocrx_word' id='word_1_302' title='bbox 3240 1402 3525 1472; x_wconf 45' lang='lat' dir='ltr'><strong>evangelif</strong></span> 
     </span>
    </p>
   </div>
   <div class='ocr_carea' id='block_1_44' title="bbox 1949 1468 3527 1569">
    <p class='ocr_par' dir='ltr' id='par_1_44' title="bbox 1949 1468 3527 1569">
     <span class='ocr_line' id='line_1_44' title="bbox 1949 1468 3527 1569; baseline 0.006 -31"><span class='ocrx_word' id='word_1_303' title='bbox 1949 1492 2185 1552; x_wconf 77' lang='lat' dir='ltr'><strong>tantem,</strong></span> <span class='ocrx_word' id='word_1_304' title='bbox 2218 1485 2403 1541; x_wconf 81' lang='lat' dir='ltr'><strong>statim</strong></span> <span class='ocrx_word' id='word_1_305' title='bbox 2433 1484 2563 1543; x_wconf 83' lang='lat' dir='ltr'><strong>Sion</strong></span> <span class='ocrx_word' id='word_1_306' title='bbox 2591 1485 2754 1544; x_wconf 77' lang='lat' dir='ltr'><strong>ﬁliam</strong></span> <span class='ocrx_word' id='word_1_307' title='bbox 2789 1489 3094 1545; x_wconf 90' lang='lat' dir='ltr'><strong>nominare.</strong></span> <span class='ocrx_word' id='word_1_308' title='bbox 3137 1492 3315 1558; x_wconf 82' lang='lat' dir='ltr'><strong>Quare</strong></span> <span class='ocrx_word' id='word_1_309' title='bbox 3342 1468 3527 1569; x_wconf 50' lang='lat' dir='ltr'><strong>iustis;</strong></span> 
     </span>
    </p>
   </div>
   <div class='ocr_carea' id='block_1_45' title="bbox 1946 1566 3528 1654">
    <p class='ocr_par' dir='ltr' id='par_1_45' title="bbox 1946 1566 3528 1654">
     <span class='ocr_line' id='line_1_45' title="bbox 1946 1566 3528 1654; baseline 0.008 -25"><span class='ocrx_word' id='word_1_310' title='bbox 1946 1575 2086 1630; x_wconf 78' lang='lat' dir='ltr'><strong>sime</strong></span> <span class='ocrx_word' id='word_1_311' title='bbox 2114 1576 2285 1645; x_wconf 85' lang='lat' dir='ltr'><strong>ipsam</strong></span> <span class='ocrx_word' id='word_1_312' title='bbox 2315 1575 2573 1646; x_wconf 84' lang='lat' dir='ltr'><strong>majorem</strong></span> <span class='ocrx_word' id='word_1_313' title='bbox 2606 1579 2661 1635; x_wconf 85' lang='lat' dir='ltr'><strong>in</strong></span> <span class='ocrx_word' id='word_1_314' title='bbox 2705 1579 2923 1635; x_wconf 88' lang='lat' dir='ltr'><strong>modum</strong></span> <span class='ocrx_word' id='word_1_315' title='bbox 2979 1581 3219 1651; x_wconf 83' lang='lat' dir='ltr'><strong>gaudere</strong></span> <span class='ocrx_word' id='word_1_316' title='bbox 3256 1566 3432 1654; x_wconf 84' lang='lat' dir='ltr'><strong>jubet,</strong></span> <span class='ocrx_word' id='word_1_317' title='bbox 3472 1566 3528 1641; x_wconf 70' lang='lat' dir='ltr'><strong>et</strong></span> 
     </span>
    </p>
   </div>
   <div class='ocr_carea' id='block_1_46' title="bbox 1947 1667 3527 1743">
    <p class='ocr_par' dir='ltr' id='par_1_46' title="bbox 1947 1667 3527 1743">
     <span class='ocr_line' id='line_1_46' title="bbox 1947 1667 3527 1743; baseline 0.007 -21"><span class='ocrx_word' id='word_1_318' title='bbox 1947 1667 2269 1724; x_wconf 86' lang='lat' dir='ltr'><strong>aununtiare</strong></span> <span class='ocrx_word' id='word_1_319' title='bbox 2289 1667 2585 1727; x_wconf 77' lang='lat' dir='ltr'><strong>Jerusalem</strong></span> <span class='ocrx_word' id='word_1_320' title='bbox 2609 1671 2877 1739; x_wconf 81' lang='lat' dir='ltr'><strong>hortatur,</strong></span> <span class='ocrx_word' id='word_1_321' title='bbox 2901 1673 3012 1743; x_wconf 85' lang='lat' dir='ltr'><strong>jam</strong></span> <span class='ocrx_word' id='word_1_322' title='bbox 3036 1672 3364 1739; x_wconf 79' lang='lat' dir='ltr'><strong>adfuturum.</strong></span> <span class='ocrx_word' id='word_1_323' title='bbox 3387 1684 3442 1732; x_wconf 87' lang='lat' dir='ltr'><strong>et</strong></span> <span class='ocrx_word' id='word_1_324' title='bbox 3470 1677 3527 1733; x_wconf 89' lang='lat' dir='ltr'><strong>iu</strong></span> 
     </span>
    </p>
   </div>
   <div class='ocr_carea' id='block_1_47' title="bbox 1949 1761 3526 1833">
    <p class='ocr_par' dir='ltr' id='par_1_47' title="bbox 1949 1761 3526 1833">
     <span class='ocr_line' id='line_1_47' title="bbox 1949 1761 3526 1833; baseline 0.004 -18"><span class='ocrx_word' id='word_1_325' title='bbox 1949 1771 2117 1815; x_wconf 86' lang='lat' dir='ltr'><strong>carne</strong></span> <span class='ocrx_word' id='word_1_326' title='bbox 2148 1761 2521 1831; x_wconf 83' lang='lat' dir='ltr'><strong>appariturum</strong></span> <span class='ocrx_word' id='word_1_327' title='bbox 2556 1776 2736 1833; x_wconf 84' lang='lat' dir='ltr'><strong>regem</strong></span> <span class='ocrx_word' id='word_1_328' title='bbox 2770 1779 2949 1829; x_wconf 90' lang='lat' dir='ltr'><strong>suum,</strong></span> <span class='ocrx_word' id='word_1_329' title='bbox 2992 1765 3202 1833; x_wconf 88' lang='lat' dir='ltr'><strong>justum</strong></span> <span class='ocrx_word' id='word_1_330' title='bbox 3236 1775 3291 1822; x_wconf 89' lang='lat' dir='ltr'><strong>et</strong></span> <span class='ocrx_word' id='word_1_331' title='bbox 3337 1766 3526 1823; x_wconf 88' lang='lat' dir='ltr'><strong>Salva-</strong></span> 
     </span>
    </p>
   </div>
   <div class='ocr_carea' id='block_1_48' title="bbox 1948 1852 3525 1924">
    <p class='ocr_par' dir='ltr' id='par_1_48' title="bbox 1948 1852 3525 1924">
     <span class='ocr_line' id='line_1_48' title="bbox 1948 1852 3525 1924; baseline 0.005 -17"><span class='ocrx_word' id='word_1_332' title='bbox 1948 1860 2143 1908; x_wconf 88' lang='lat' dir='ltr'><strong>torem.</strong></span> <span class='ocrx_word' id='word_1_333' title='bbox 2179 1852 2500 1910; x_wconf 80' lang='lat' dir='ltr'><strong>Justillcavit</strong></span> <span class='ocrx_word' id='word_1_334' title='bbox 2525 1856 2670 1911; x_wconf 89' lang='lat' dir='ltr'><strong>enim</strong></span> <span class='ocrx_word' id='word_1_335' title='bbox 2699 1871 2798 1913; x_wconf 90' lang='lat' dir='ltr'><strong>nos</strong></span> <span class='ocrx_word' id='word_1_336' title='bbox 2826 1857 2879 1911; x_wconf 87' lang='lat' dir='ltr'><strong>in</strong></span> <span class='ocrx_word' id='word_1_337' title='bbox 2942 1856 3045 1913; x_wconf 84' lang='lat' dir='ltr'><strong>nde</strong></span> <span class='ocrx_word' id='word_1_338' title='bbox 3088 1858 3335 1913; x_wconf 84' lang='lat' dir='ltr'><strong>Christus</strong></span> <span class='ocrx_word' id='word_1_339' title='bbox 3357 1860 3424 1924; x_wconf 83' lang='lat'><strong>&quot;.</strong></span> <span class='ocrx_word' id='word_1_340' title='bbox 3470 1872 3525 1915; x_wconf 83' lang='lat' dir='ltr'><strong>et</strong></span> 
     </span>
    </p>
   </div>
   <div class='ocr_carea' id='block_1_49' title="bbox 1948 1942 3523 2002">
    <p class='ocr_par' dir='ltr' id='par_1_49' title="bbox 1948 1942 3523 2002">
     <span class='ocr_line' id='line_1_49' title="bbox 1948 1942 3523 2002; baseline 0.003 -5"><span class='ocrx_word' id='word_1_341' title='bbox 1948 1942 2014 1997; x_wconf 86' lang='lat' dir='ltr'><strong>ad</strong></span> <span class='ocrx_word' id='word_1_342' title='bbox 2044 1957 2102 1998; x_wconf 89' lang='lat' dir='ltr'><strong>se</strong></span> <span class='ocrx_word' id='word_1_343' title='bbox 2127 1944 2508 2001; x_wconf 82' lang='lat' dir='ltr'><strong>accedentibus</strong></span> <span class='ocrx_word' id='word_1_344' title='bbox 2540 1945 2787 2000; x_wconf 87' lang='lat' dir='ltr'><strong>semitam</strong></span> <span class='ocrx_word' id='word_1_345' title='bbox 2827 1946 3020 2001; x_wconf 87' lang='lat' dir='ltr'><strong>salutis</strong></span> <span class='ocrx_word' id='word_1_346' title='bbox 3038 1946 3245 2000; x_wconf 83' lang='lat' dir='ltr'><strong>dilatat.</strong></span> <span class='ocrx_word' id='word_1_347' title='bbox 3290 1947 3381 2001; x_wconf 71' lang='lat' dir='ltr'><strong>Est</strong></span> <span class='ocrx_word' id='word_1_348' title='bbox 3443 1949 3523 2002; x_wconf 81' lang='lat' dir='ltr'><strong>ir:-</strong></span> 
     </span>
    </p>
   </div>
   <div class='ocr_carea' id='block_1_50' title="bbox 1950 2035 3519 2107">
    <p class='ocr_par' dir='ltr' id='par_1_50' title="bbox 1950 2035 3519 2107">
     <span class='ocr_line' id='line_1_50' title="bbox 1950 2035 3519 2107; baseline -0.001 -19"><span class='ocrx_word' id='word_1_349' title='bbox 1950 2048 2114 2104; x_wconf 86' lang='lat' dir='ltr'><strong>super</strong></span> <span class='ocrx_word' id='word_1_350' title='bbox 2136 2046 2465 2100; x_wconf 85' lang='lat' dir='ltr'><strong>mansuetus,</strong></span> <span class='ocrx_word' id='word_1_351' title='bbox 2504 2051 2607 2091; x_wconf 93' lang='lat' dir='ltr'><strong>non</strong></span> <span class='ocrx_word' id='word_1_352' title='bbox 2639 2037 2860 2107; x_wconf 85' lang='lat' dir='ltr'><strong>legalem</strong></span> <span class='ocrx_word' id='word_1_353' title='bbox 2883 2035 3115 2091; x_wconf 73' lang='lat' dir='ltr'><strong>an‘erens</strong></span> <span class='ocrx_word' id='word_1_354' title='bbox 3155 2038 3519 2101; x_wconf 79' lang='lat' dir='ltr'><strong>severitatem,</strong></span> 
     </span>
    </p>
   </div>
   <div class='ocr_carea' id='block_1_51' title="bbox 1946 2127 3519 2199">
    <p class='ocr_par' dir='ltr' id='par_1_51' title="bbox 1946 2127 3519 2199">
     <span class='ocr_line' id='line_1_51' title="bbox 1946 2127 3519 2199; baseline 0.003 -20"><span class='ocrx_word' id='word_1_355' title='bbox 1946 2140 2048 2180; x_wconf 90' lang='lat' dir='ltr'><strong>nec</strong></span> <span class='ocrx_word' id='word_1_356' title='bbox 2084 2127 2396 2182; x_wconf 88' lang='lat' dir='ltr'><strong>mandatum</strong></span> <span class='ocrx_word' id='word_1_357' title='bbox 2448 2127 2713 2183; x_wconf 80' lang='lat' dir='ltr'><strong>violantes</strong></span> <span class='ocrx_word' id='word_1_358' title='bbox 2764 2129 2941 2198; x_wconf 85' lang='lat' dir='ltr'><strong>capite</strong></span> <span class='ocrx_word' id='word_1_359' title='bbox 3004 2129 3264 2199; x_wconf 90' lang='lat' dir='ltr'><strong>puniens:</strong></span> <span class='ocrx_word' id='word_1_360' title='bbox 3312 2130 3405 2184; x_wconf 87' lang='lat' dir='ltr'><strong>sed</strong></span> <span class='ocrx_word' id='word_1_361' title='bbox 3456 2146 3519 2183; x_wconf 78' lang='lat' dir='ltr'><strong>ex</strong></span> 
     </span>
    </p>
   </div>
   <div class='ocr_carea' id='block_1_52' title="bbox 1947 2215 3522 2289">
    <p class='ocr_par' dir='ltr' id='par_1_52' title="bbox 1947 2215 3522 2289">
     <span class='ocr_line' id='line_1_52' title="bbox 1947 2215 3522 2289; baseline 0.004 -22"><span class='ocrx_word' id='word_1_362' title='bbox 1947 2215 2362 2271; x_wconf 84' lang='lat' dir='ltr'><strong>mansuetudine</strong></span> <span class='ocrx_word' id='word_1_363' title='bbox 2410 2217 2608 2284; x_wconf 86' lang='lat' dir='ltr'><strong>potius,</strong></span> <span class='ocrx_word' id='word_1_364' title='bbox 2637 2227 2691 2272; x_wconf 90' lang='lat' dir='ltr'><strong>et</strong></span> <span class='ocrx_word' id='word_1_365' title='bbox 2745 2215 2927 2286; x_wconf 87' lang='lat' dir='ltr'><strong>lapsos</strong></span> <span class='ocrx_word' id='word_1_366' title='bbox 2985 2218 3221 2284; x_wconf 81' lang='lat' dir='ltr'><strong>erigens.</strong></span> <span class='ocrx_word' id='word_1_367' title='bbox 3269 2216 3522 2289; x_wconf 78' lang='lat' dir='ltr'><strong>Legimus</strong></span> 
     </span>
    </p>
   </div>
   <div class='ocr_carea' id='block_1_53' title="bbox 1946 2303 3523 2376">
    <p class='ocr_par' dir='ltr' id='par_1_53' title="bbox 1946 2303 3523 2376">
     <span class='ocr_line' id='line_1_53' title="bbox 1946 2303 3523 2376; baseline 0.003 -18"><span class='ocrx_word' id='word_1_368' title='bbox 1946 2314 2151 2370; x_wconf 87' lang='lat' dir='ltr'><strong>autem,</strong></span> <span class='ocrx_word' id='word_1_369' title='bbox 2194 2322 2216 2356; x_wconf 76' lang='grc' dir='ltr'><strong>ι</strong></span> <span class='ocrx_word' id='word_1_370' title='bbox 2247 2303 2450 2361; x_wconf 87' lang='lat' dir='ltr'><strong>Littera</strong></span> <span class='ocrx_word' id='word_1_371' title='bbox 2489 2306 2704 2375; x_wconf 86' lang='lat' dir='ltr'><strong>occidit,</strong></span> <span class='ocrx_word' id='word_1_372' title='bbox 2728 2308 2951 2376; x_wconf 85' lang='lat' dir='ltr'><strong>spiritus</strong></span> <span class='ocrx_word' id='word_1_373' title='bbox 2978 2308 3214 2364; x_wconf 76' lang='lat' dir='ltr'><strong>viviﬁcat</strong></span> <span class='ocrx_word' id='word_1_374' title='bbox 3256 2308 3354 2361; x_wconf 79' lang='grc'><strong>³⁷.»</strong></span> <span class='ocrx_word' id='word_1_375' title='bbox 3410 2308 3523 2363; x_wconf 79' lang='lat' dir='ltr'><strong>Lit-</strong></span> 
     </span>
    </p>
   </div>
   <div class='ocr_carea' id='block_1_54' title="bbox 1946 2396 3519 2470">
    <p class='ocr_par' dir='ltr' id='par_1_54' title="bbox 1946 2396 3519 2470">
     <span class='ocr_line' id='line_1_54' title="bbox 1946 2396 3519 2470; baseline 0.002 -20"><span class='ocrx_word' id='word_1_376' title='bbox 1946 2404 2062 2450; x_wconf 86' lang='lat' dir='ltr'><strong>tera</strong></span> <span class='ocrx_word' id='word_1_377' title='bbox 2097 2396 2240 2451; x_wconf 88' lang='lat' dir='ltr'><strong>euim</strong></span> <span class='ocrx_word' id='word_1_378' title='bbox 2294 2407 2378 2453; x_wconf 89' lang='lat' dir='ltr'><strong>est</strong></span> <span class='ocrx_word' id='word_1_379' title='bbox 2412 2397 2494 2454; x_wconf 80' lang='lat' dir='ltr'><strong>lex</strong></span> <span class='ocrx_word' id='word_1_380' title='bbox 2524 2399 2759 2467; x_wconf 79' lang='lat' dir='ltr'><strong>punitrix</strong></span> <span class='ocrx_word' id='word_1_381' title='bbox 2786 2438 2803 2465; x_wconf 90' lang='lat'><strong>,</strong></span> <span class='ocrx_word' id='word_1_382' title='bbox 2837 2408 2891 2453; x_wconf 91' lang='lat' dir='ltr'><strong>et</strong></span> <span class='ocrx_word' id='word_1_383' title='bbox 2954 2399 3143 2455; x_wconf 87' lang='lat' dir='ltr'><strong>umbra</strong></span> <span class='ocrx_word' id='word_1_384' title='bbox 3197 2407 3250 2455; x_wconf 87' lang='lat' dir='ltr'><strong>et</strong></span> <span class='ocrx_word' id='word_1_385' title='bbox 3305 2400 3471 2470; x_wconf 85' lang='lat' dir='ltr'><strong>ngura</strong></span> <span class='ocrx_word' id='word_1_386' title='bbox 3505 2418 3519 2453; x_wconf 90' lang='lat'><strong>:</strong></span> 
     </span>
    </p>
   </div>
   <div class='ocr_carea' id='block_1_55' title="bbox 1946 2487 3520 2559">
    <p class='ocr_par' dir='ltr' id='par_1_55' title="bbox 1946 2487 3520 2559">
     <span class='ocr_line' id='line_1_55' title="bbox 1946 2487 3520 2559; baseline 0.004 -21"><span class='ocrx_word' id='word_1_387' title='bbox 1946 2487 2170 2555; x_wconf 84' lang='lat' dir='ltr'><strong>spiritus</strong></span> <span class='ocrx_word' id='word_1_388' title='bbox 2198 2487 2579 2545; x_wconf 85' lang='lat' dir='ltr'><strong>vlvilicansest</strong></span> <span class='ocrx_word' id='word_1_389' title='bbox 2612 2488 2864 2544; x_wconf 86' lang='lat' dir='ltr'><strong>Christus</strong></span> <span class='ocrx_word' id='word_1_390' title='bbox 2891 2489 2939 2521; x_wconf 83' lang='lat'>“</span> <span class='ocrx_word' id='word_1_391' title='bbox 2972 2507 2983 2542; x_wconf 93' lang='lat'>:</span> <span class='ocrx_word' id='word_1_392' title='bbox 3026 2491 3078 2544; x_wconf 93' lang='lat' dir='ltr'><strong>in</strong></span> <span class='ocrx_word' id='word_1_393' title='bbox 3128 2491 3319 2559; x_wconf 89' lang='lat' dir='ltr'><strong>spiritu</strong></span> <span class='ocrx_word' id='word_1_394' title='bbox 3375 2492 3520 2545; x_wconf 86' lang='lat' dir='ltr'><strong>enim</strong></span> 
     </span>
    </p>
   </div>
   <div class='ocr_carea' id='block_1_56' title="bbox 1945 2578 3520 2651">
    <p class='ocr_par' dir='ltr' id='par_1_56' title="bbox 1945 2578 3520 2651">
     <span class='ocr_line' id='line_1_56' title="bbox 1945 2578 3520 2651; baseline 0.004 -21"><span class='ocrx_word' id='word_1_395' title='bbox 1945 2587 1999 2631; x_wconf 91' lang='lat' dir='ltr'><strong>et</strong></span> <span class='ocrx_word' id='word_1_396' title='bbox 2026 2578 2257 2633; x_wconf 82' lang='lat' dir='ltr'><strong>veritate</strong></span> <span class='ocrx_word' id='word_1_397' title='bbox 2286 2593 2388 2647; x_wconf 91' lang='lat' dir='ltr'><strong>per</strong></span> <span class='ocrx_word' id='word_1_398' title='bbox 2414 2579 2777 2651; x_wconf 77' lang='lat' dir='ltr'><strong>evangelicam</strong></span> <span class='ocrx_word' id='word_1_399' title='bbox 2827 2582 3218 2637; x_wconf 88' lang='lat' dir='ltr'><strong>institutionem</strong></span> <span class='ocrx_word' id='word_1_400' title='bbox 3248 2582 3390 2637; x_wconf 89' lang='lat' dir='ltr'><strong>docti</strong></span> <span class='ocrx_word' id='word_1_401' title='bbox 3426 2598 3520 2636; x_wconf 89' lang='lat' dir='ltr'><strong>su—</strong></span> 
     </span>
    </p>
   </div>
   <div class='ocr_carea' id='block_1_57' title="bbox 1949 2669 3520 2741">
    <p class='ocr_par' dir='ltr' id='par_1_57' title="bbox 1949 2669 3520 2741">
     <span class='ocr_line' id='line_1_57' title="bbox 1949 2669 3520 2741; baseline 0.002 -19"><span class='ocrx_word' id='word_1_402' title='bbox 1949 2684 2069 2723; x_wconf 91' lang='lat' dir='ltr'><strong>mus</strong></span> <span class='ocrx_word' id='word_1_403' title='bbox 2102 2670 2333 2725; x_wconf 89' lang='lat' dir='ltr'><strong>adorare</strong></span> <span class='ocrx_word' id='word_1_404' title='bbox 2348 2670 2416 2722; x_wconf 83' lang='lat'><strong>&quot;.</strong></span> <span class='ocrx_word' id='word_1_405' title='bbox 2451 2669 2775 2727; x_wconf 85' lang='lat' dir='ltr'><strong>Ascendisse</strong></span> <span class='ocrx_word' id='word_1_406' title='bbox 2802 2680 2978 2725; x_wconf 90' lang='lat' dir='ltr'><strong>autem</strong></span> <span class='ocrx_word' id='word_1_407' title='bbox 3031 2672 3233 2741; x_wconf 89' lang='lat' dir='ltr'><strong>pullum</strong></span> <span class='ocrx_word' id='word_1_408' title='bbox 3298 2687 3520 2737; x_wconf 90' lang='lat' dir='ltr'><strong>novum,</strong></span> 
     </span>
    </p>
   </div>
   <div class='ocr_carea' id='block_1_58' title="bbox 1948 2760 3523 2835">
    <p class='ocr_par' dir='ltr' id='par_1_58' title="bbox 1948 2760 3523 2835">
     <span class='ocr_line' id='line_1_58' title="bbox 1948 2760 3523 2835; baseline 0.001 -19"><span class='ocrx_word' id='word_1_409' title='bbox 1948 2772 2003 2816; x_wconf 90' lang='lat' dir='ltr'><strong>et</strong></span> <span class='ocrx_word' id='word_1_410' title='bbox 2038 2761 2110 2816; x_wconf 83' lang='lat' dir='ltr'><strong>ita</strong></span> <span class='ocrx_word' id='word_1_411' title='bbox 2167 2762 2473 2831; x_wconf 87' lang='lat' dir='ltr'><strong>ingressum</strong></span> <span class='ocrx_word' id='word_1_412' title='bbox 2540 2760 2993 2833; x_wconf 84' lang='lat' dir='ltr'><strong>Hierosolymam,</strong></span> <span class='ocrx_word' id='word_1_413' title='bbox 3025 2761 3091 2816; x_wconf 82' lang='lat' dir='ltr'><strong>ad</strong></span> <span class='ocrx_word' id='word_1_414' title='bbox 3148 2761 3357 2816; x_wconf 80' lang='lat' dir='ltr'><strong>ﬁrmam</strong></span> <span class='ocrx_word' id='word_1_415' title='bbox 3398 2780 3523 2835; x_wconf 86' lang='lat' dir='ltr'><strong>pro-</strong></span> 
     </span>
    </p>
   </div>
   <div class='ocr_carea' id='block_1_59' title="bbox 1946 2851 3521 2921">
    <p class='ocr_par' dir='ltr' id='par_1_59' title="bbox 1946 2851 3521 2921">
     <span class='ocr_line' id='line_1_59' title="bbox 1946 2851 3521 2921; baseline 0.001 -16"><span class='ocrx_word' id='word_1_416' title='bbox 1946 2853 2217 2907; x_wconf 85' lang='lat' dir='ltr'><strong>bationem</strong></span> <span class='ocrx_word' id='word_1_417' title='bbox 2246 2852 2428 2907; x_wconf 83' lang='lat' dir='ltr'><strong>verbis</strong></span> <span class='ocrx_word' id='word_1_418' title='bbox 2465 2851 2648 2906; x_wconf 85' lang='lat' dir='ltr'><strong>multis</strong></span> <span class='ocrx_word' id='word_1_419' title='bbox 2675 2866 2782 2907; x_wconf 90' lang='lat' dir='ltr'><strong>non</strong></span> <span class='ocrx_word' id='word_1_420' title='bbox 2811 2859 2893 2906; x_wconf 88' lang='lat' dir='ltr'><strong>est</strong></span> <span class='ocrx_word' id='word_1_421' title='bbox 2939 2866 3094 2921; x_wconf 92' lang='lat' dir='ltr'><strong>opus.</strong></span> <span class='ocrx_word' id='word_1_422' title='bbox 3127 2851 3336 2907; x_wconf 82' lang='lat' dir='ltr'><strong>Suilicit</strong></span> <span class='ocrx_word' id='word_1_423' title='bbox 3377 2854 3521 2908; x_wconf 90' lang='lat' dir='ltr'><strong>enim</strong></span> 
     </span>
    </p>
   </div>
   <div class='ocr_carea' id='block_1_60' title="bbox 1949 2942 3524 3016">
    <p class='ocr_par' dir='ltr' id='par_1_60' title="bbox 1949 2942 3524 3016">
     <span class='ocr_line' id='line_1_60' title="bbox 1949 2942 3524 3016; baseline 0.003 -20"><span class='ocrx_word' id='word_1_424' title='bbox 1949 2942 2103 2997; x_wconf 87' lang='lat' dir='ltr'><strong>nobis</strong></span> <span class='ocrx_word' id='word_1_425' title='bbox 2127 2943 2344 2999; x_wconf 91' lang='lat' dir='ltr'><strong>divinus</strong></span> <span class='ocrx_word' id='word_1_426' title='bbox 2393 2944 2745 3015; x_wconf 79' lang='lat' dir='ltr'><strong>evangelista,</strong></span> <span class='ocrx_word' id='word_1_427' title='bbox 2782 2944 2922 3016; x_wconf 90' lang='lat' dir='ltr'><strong>apud</strong></span> <span class='ocrx_word' id='word_1_428' title='bbox 2976 2960 3135 3014; x_wconf 92' lang='lat' dir='ltr'><strong>quem</strong></span> <span class='ocrx_word' id='word_1_429' title='bbox 3204 2949 3347 3001; x_wconf 75' lang='lat' dir='ltr'><strong>istutl</strong></span> <span class='ocrx_word' id='word_1_430' title='bbox 3386 2948 3524 3000; x_wconf 88' lang='lat' dir='ltr'><strong>scri—</strong></span> 
     </span>
    </p>
   </div>
   <div class='ocr_carea' id='block_1_61' title="bbox 1946 3037 3524 3108">
    <p class='ocr_par' dir='ltr' id='par_1_61' title="bbox 1946 3037 3524 3108">
     <span class='ocr_line' id='line_1_61' title="bbox 1946 3037 3524 3108; baseline 0.003 -20"><span class='ocrx_word' id='word_1_431' title='bbox 1946 3047 2094 3107; x_wconf 88' lang='lat' dir='ltr'><strong>ptum</strong></span> <span class='ocrx_word' id='word_1_432' title='bbox 2119 3038 2272 3092; x_wconf 86' lang='lat' dir='ltr'><strong>est”.</strong></span> <span class='ocrx_word' id='word_1_433' title='bbox 2294 3038 2490 3092; x_wconf 87' lang='lat' dir='ltr'><strong>Insedit</strong></span> <span class='ocrx_word' id='word_1_434' title='bbox 2505 3039 2700 3108; x_wconf 87' lang='lat' dir='ltr'><strong>quippe</strong></span> <span class='ocrx_word' id='word_1_435' title='bbox 2721 3037 2861 3106; x_wconf 90' lang='lat' dir='ltr'><strong>pullo</strong></span> <span class='ocrx_word' id='word_1_436' title='bbox 2879 3037 3125 3092; x_wconf 86' lang='lat' dir='ltr'><strong>Christus</strong></span> <span class='ocrx_word' id='word_1_437' title='bbox 3137 3046 3393 3107; x_wconf 84' lang='lat' dir='ltr'><strong>sequente</strong></span> <span class='ocrx_word' id='word_1_438' title='bbox 3406 3037 3524 3107; x_wconf 83' lang='lat' dir='ltr'><strong>ejus</strong></span> 
     </span>
    </p>
   </div>
   <div class='ocr_carea' id='block_1_62' title="bbox 243 3126 1864 3222">
    <p class='ocr_par' dir='ltr' id='par_1_62' title="bbox 243 3126 1842 3216">
     <span class='ocr_line' id='line_1_62' title="bbox 243 3126 1842 3216; baseline 0.011 -37"><span class='ocrx_word' id='word_1_439' title='bbox 243 3126 379 3198; x_wconf 86' lang='grc' dir='ltr'>κροῦ</span> <span class='ocrx_word' id='word_1_440' title='bbox 421 3128 580 3200; x_wconf 73' lang='grc' dir='ltr'>πρὸς</span> <span class='ocrx_word' id='word_1_441' title='bbox 603 3129 973 3201; x_wconf 74' lang='grc' dir='ltr'>πληροφορίαν</span> <span class='ocrx_word' id='word_1_442' title='bbox 1006 3132 1187 3204; x_wconf 81' lang='grc' dir='ltr'>δεήσει</span> <span class='ocrx_word' id='word_1_443' title='bbox 1235 3134 1415 3204; x_wconf 85' lang='grc' dir='ltr'>λόγου.</span> <span class='ocrx_word' id='word_1_444' title='bbox 1454 3138 1697 3212; x_wconf 83' lang='grc' dir='ltr'>Ἀπόχρη</span> <span class='ocrx_word' id='word_1_445' title='bbox 1734 3144 1842 3216; x_wconf 82' lang='grc' dir='ltr'><strong>γάρ</strong></span> 
     </span>
    </p>
   </div>
   <div class='ocr_carea' id='block_1_63' title="bbox 1951 3126 3525 3222">
    <p class='ocr_par' dir='ltr' id='par_1_63' title="bbox 1951 3127 3525 3197">
     <span class='ocr_line' id='line_1_63' title="bbox 1951 3127 3525 3197; baseline 0.001 -16"><span class='ocrx_word' id='word_1_446' title='bbox 1951 3139 2299 3197; x_wconf 74' lang='lat' dir='ltr'><strong>matrezqute</strong></span> <span class='ocrx_word' id='word_1_447' title='bbox 2332 3143 2420 3182; x_wconf 90' lang='lat' dir='ltr'><strong>res</strong></span> <span class='ocrx_word' id='word_1_448' title='bbox 2448 3128 2600 3181; x_wconf 83' lang='lat' dir='ltr'><strong>nobis</strong></span> <span class='ocrx_word' id='word_1_449' title='bbox 2645 3128 2899 3195; x_wconf 84' lang='lat' dir='ltr'><strong>quiddam</strong></span> <span class='ocrx_word' id='word_1_450' title='bbox 2956 3128 3187 3181; x_wconf 85' lang='lat' dir='ltr'><strong>maxime</strong></span> <span class='ocrx_word' id='word_1_451' title='bbox 3254 3127 3525 3195; x_wconf 75' lang='lat' dir='ltr'><strong>singulare</strong></span> 
     </span>
    </p>
   </div>
   <div class='ocr_carea' id='block_1_64' title="bbox 239 3221 1847 3301">
    <p class='ocr_par' dir='ltr' id='par_1_64' title="bbox 239 3221 1847 3301">
     <span class='ocr_line' id='line_1_64' title="bbox 239 3221 1847 3301; baseline 0.006 -28"><span class='ocrx_word' id='word_1_452' title='bbox 239 3222 321 3284; x_wconf 76' lang='grc' dir='ltr'>εἷς</span> <span class='ocrx_word' id='word_1_453' title='bbox 355 3222 565 3275; x_wconf 71' lang='grc' dir='ltr'>πίστιν</span> <span class='ocrx_word' id='word_1_454' title='bbox 593 3223 725 3291; x_wconf 78' lang='grc' dir='ltr'><strong>ἡμῖν</strong></span> <span class='ocrx_word' id='word_1_455' title='bbox 746 3223 774 3273; x_wconf 88' lang='lat'><strong>6</strong></span> <span class='ocrx_word' id='word_1_456' title='bbox 802 3221 1089 3286; x_wconf 81' lang='grc' dir='ltr'>θεσπέσιος</span> <span class='ocrx_word' id='word_1_457' title='bbox 1144 3226 1535 3297; x_wconf 84' lang='grc' dir='ltr'>εὐαγγελιστὴς</span> <span class='ocrx_word' id='word_1_458' title='bbox 1557 3231 1847 3301; x_wconf 78' lang='grc' dir='ltr'>γεγραφὼς</span> 
     </span>
    </p>
   </div>
   <div class='ocr_carea' id='block_1_65' title="bbox 238 3312 1846 3390">
    <p class='ocr_par' dir='ltr' id='par_1_65' title="bbox 238 3312 1846 3390">
     <span class='ocr_line' id='line_1_65' title="bbox 238 3312 1846 3390; baseline 0.014 -26"><span class='ocrx_word' id='word_1_459' title='bbox 238 3314 310 3366; x_wconf 80' lang='grc' dir='ltr'>τὰ</span> <span class='ocrx_word' id='word_1_460' title='bbox 335 3316 556 3369; x_wconf 76' lang='grc' dir='ltr'>τοιάδε.</span> <span class='ocrx_word' id='word_1_461' title='bbox 607 3312 949 3382; x_wconf 78' lang='grc' dir='ltr'>Ἐπεκάθητο</span> <span class='ocrx_word' id='word_1_462' title='bbox 986 3315 1085 3384; x_wconf 81' lang='grc' dir='ltr'><strong>μὲν</strong></span> <span class='ocrx_word' id='word_1_463' title='bbox 1116 3315 1224 3386; x_wconf 82' lang='grc' dir='ltr'><strong>γὰρ</strong></span> <span class='ocrx_word' id='word_1_464' title='bbox 1256 3316 1335 3386; x_wconf 78' lang='grc' dir='ltr'>τῷ</span> <span class='ocrx_word' id='word_1_465' title='bbox 1391 3317 1553 3387; x_wconf 79' lang='grc' dir='ltr'>πώλῳ</span> <span class='ocrx_word' id='word_1_466' title='bbox 1581 3320 1813 3390; x_wconf 83' lang='grc' dir='ltr'>Χριστὸς</span> <span class='ocrx_word' id='word_1_467' title='bbox 1832 3364 1846 3389; x_wconf 82' lang='grc'>,</span> 
     </span>
    </p>
   </div>
   <div class='ocr_carea' id='block_1_66' title="bbox 243 3403 1851 3480">
    <p class='ocr_par' dir='ltr' id='par_1_66' title="bbox 243 3403 1851 3480">
     <span class='ocr_line' id='line_1_66' title="bbox 243 3403 1851 3480; baseline 0.005 -25"><span class='ocrx_word' id='word_1_468' title='bbox 243 3404 435 3457; x_wconf 85' lang='grc' dir='ltr'>εἰπετό</span> <span class='ocrx_word' id='word_1_469' title='bbox 467 3421 537 3475; x_wconf 86' lang='grc' dir='ltr'><strong>γε</strong></span> <span class='ocrx_word' id='word_1_470' title='bbox 573 3403 736 3475; x_wconf 80' lang='grc' dir='ltr'><strong>μὴνὴ</strong></span> <span class='ocrx_word' id='word_1_471' title='bbox 769 3403 1003 3457; x_wconf 84' lang='grc' dir='ltr'>τεκοῦσα</span> <span class='ocrx_word' id='word_1_472' title='bbox 1026 3420 1039 3431; x_wconf 84' lang='grc'><strong>’</strong></span> <span class='ocrx_word' id='word_1_473' title='bbox 1096 3406 1190 3458; x_wconf 70' lang='grc' dir='ltr'>καὶ</span> <span class='ocrx_word' id='word_1_474' title='bbox 1247 3409 1471 3477; x_wconf 86' lang='grc' dir='ltr'>σημεῖον</span> <span class='ocrx_word' id='word_1_475' title='bbox 1523 3410 1653 3479; x_wconf 70' lang='grc' dir='ltr'><strong>ἡμῖν</strong></span> <span class='ocrx_word' id='word_1_476' title='bbox 1686 3411 1851 3480; x_wconf 79' lang='grc' dir='ltr'>ἀναγ-</span> 
     </span>
    </p>
   </div>
   <div class='ocr_carea' id='block_1_67' title="bbox 242 3494 1850 3569">
    <p class='ocr_par' dir='ltr' id='par_1_67' title="bbox 242 3494 1850 3569">
     <span class='ocr_line' id='line_1_67' title="bbox 242 3494 1850 3569; baseline 0.007 -22"><span class='ocrx_word' id='word_1_477' title='bbox 242 3496 555 3550; x_wconf 88' lang='grc' dir='ltr'>καιοτάτου</span> <span class='ocrx_word' id='word_1_478' title='bbox 590 3494 913 3565; x_wconf 84' lang='grc' dir='ltr'>πράγματος</span> <span class='ocrx_word' id='word_1_479' title='bbox 957 3496 1018 3549; x_wconf 89' lang='grc' dir='ltr'>τὸ</span> <span class='ocrx_word' id='word_1_480' title='bbox 1048 3496 1327 3568; x_wconf 88' lang='grc' dir='ltr'>δρώμενον</span> <span class='ocrx_word' id='word_1_481' title='bbox 1374 3495 1463 3569; x_wconf 81' lang='grc' dir='ltr'>ἦν.</span> <span class='ocrx_word' id='word_1_482' title='bbox 1508 3501 1850 3557; x_wconf 85' lang='grc' dir='ltr'>Ἐπανεπαύ-</span> 
     </span>
    </p>
   </div>
   <div class='ocr_carea' id='block_1_68' title="bbox 245 3587 1849 3666">
    <p class='ocr_par' dir='ltr' id='par_1_68' title="bbox 245 3587 1849 3666">
     <span class='ocr_line' id='line_1_68' title="bbox 245 3587 1849 3666; baseline 0.006 -27"><span class='ocrx_word' id='word_1_483' title='bbox 245 3602 381 3639; x_wconf 86' lang='grc' dir='ltr'>σατο</span> <span class='ocrx_word' id='word_1_484' title='bbox 402 3587 521 3658; x_wconf 83' lang='grc' dir='ltr'>γὰρ</span> <span class='ocrx_word' id='word_1_485' title='bbox 552 3588 585 3639; x_wconf 87' lang='lat'><strong>6</strong></span> <span class='ocrx_word' id='word_1_486' title='bbox 608 3587 841 3657; x_wconf 83' lang='grc' dir='ltr'>Χριστὸς</span> <span class='ocrx_word' id='word_1_487' title='bbox 861 3587 939 3658; x_wconf 80' lang='grc' dir='ltr'>τῷ</span> <span class='ocrx_word' id='word_1_488' title='bbox 966 3588 1070 3659; x_wconf 77' lang='grc' dir='ltr'><strong>νέῳ</strong></span> <span class='ocrx_word' id='word_1_489' title='bbox 1097 3588 1232 3660; x_wconf 83' lang='grc' dir='ltr'>λαῷ,</span> <span class='ocrx_word' id='word_1_490' title='bbox 1264 3590 1510 3645; x_wconf 77' lang='grc' dir='ltr'>τουτέστι</span> <span class='ocrx_word' id='word_1_491' title='bbox 1551 3594 1628 3664; x_wconf 84' lang='grc' dir='ltr'>τῷ</span> <span class='ocrx_word' id='word_1_492' title='bbox 1655 3596 1849 3666; x_wconf 87' lang='grc' dir='ltr'>κεκλη-</span> 
     </span>
    </p>
   </div>
   <div class='ocr_carea' id='block_1_69' title="bbox 243 3678 1849 3757">
    <p class='ocr_par' dir='ltr' id='par_1_69' title="bbox 243 3678 1849 3757">
     <span class='ocr_line' id='line_1_69' title="bbox 243 3678 1849 3757; baseline 0.006 -27"><span class='ocrx_word' id='word_1_493' title='bbox 243 3678 402 3750; x_wconf 79' lang='grc' dir='ltr'>μένῳ</span> <span class='ocrx_word' id='word_1_494' title='bbox 425 3679 579 3750; x_wconf 82' lang='grc' dir='ltr'>πρὸς</span> <span class='ocrx_word' id='word_1_495' title='bbox 635 3678 929 3747; x_wconf 77' lang='grc' dir='ltr'>ἐπίγνωσιν</span> <span class='ocrx_word' id='word_1_496' title='bbox 961 3679 1220 3749; x_wconf 82' lang='grc' dir='ltr'>ἀληθείας</span> <span class='ocrx_word' id='word_1_497' title='bbox 1266 3680 1344 3752; x_wconf 86' lang='grc' dir='ltr'><strong>τῷ</strong></span> <span class='ocrx_word' id='word_1_498' title='bbox 1376 3682 1849 3757; x_wconf 83' lang='grc' dir='ltr'>είδωλολατροῦντί</span> 
     </span>
    </p>
   </div>
   <div class='ocr_carea' id='block_1_70' title="bbox 241 3764 1847 3847">
    <p class='ocr_par' dir='ltr' id='par_1_70' title="bbox 241 3764 1847 3847">
     <span class='ocr_line' id='line_1_70' title="bbox 241 3764 1847 3847; baseline 0.006 -25"><span class='ocrx_word' id='word_1_499' title='bbox 241 3783 405 3824; x_wconf 73' lang='grc' dir='ltr'>ποτε.</span> <span class='ocrx_word' id='word_1_500' title='bbox 432 3766 544 3823; x_wconf 80' lang='grc' dir='ltr'><strong>Οἷα</strong></span> <span class='ocrx_word' id='word_1_501' title='bbox 572 3767 686 3838; x_wconf 84' lang='grc' dir='ltr'><strong>γάρ</strong></span> <span class='ocrx_word' id='word_1_502' title='bbox 721 3784 807 3832; x_wconf 89' lang='grc' dir='ltr'><strong>τις</strong></span> <span class='ocrx_word' id='word_1_503' title='bbox 866 3764 935 3839; x_wconf 78' lang='grc' dir='ltr'>ἧν</span> <span class='ocrx_word' id='word_1_504' title='bbox 965 3770 1164 3836; x_wconf 85' lang='grc' dir='ltr'>πῶλος,</span> <span class='ocrx_word' id='word_1_505' title='bbox 1196 3770 1349 3825; x_wconf 77' lang='grc' dir='ltr'>οὔπω</span> <span class='ocrx_word' id='word_1_506' title='bbox 1405 3773 1813 3847; x_wconf 85' lang='grc' dir='ltr'>δεδαμασμένος</span> <span class='ocrx_word' id='word_1_507' title='bbox 1832 3817 1847 3843; x_wconf 93' lang='grc'><strong>,</strong></span> 
     </span>
    </p>
   </div>
   <div class='ocr_carea' id='block_1_71' title="bbox 239 3858 1851 3939">
    <p class='ocr_par' dir='ltr' id='par_1_71' title="bbox 239 3858 1851 3939">
     <span class='ocr_line' id='line_1_71' title="bbox 239 3858 1851 3939; baseline 0.003 -25"><span class='ocrx_word' id='word_1_508' title='bbox 239 3860 370 3915; x_wconf 76' lang='grc' dir='ltr'>οὔτε</span> <span class='ocrx_word' id='word_1_509' title='bbox 403 3863 523 3932; x_wconf 80' lang='grc' dir='ltr'><strong>μὴν</strong></span> <span class='ocrx_word' id='word_1_510' title='bbox 555 3858 715 3921; x_wconf 87' lang='grc' dir='ltr'>είδὼς</span> <span class='ocrx_word' id='word_1_511' title='bbox 754 3859 991 3929; x_wconf 78' lang='grc' dir='ltr'>βαδίζειν</span> <span class='ocrx_word' id='word_1_512' title='bbox 1021 3861 1196 3931; x_wconf 79' lang='grc' dir='ltr'>ὀρθῶς</span> <span class='ocrx_word' id='word_1_513' title='bbox 1216 3878 1229 3892; x_wconf 84' lang='lat'><strong><em>°</em></strong></span> <span class='ocrx_word' id='word_1_514' title='bbox 1255 3864 1315 3916; x_wconf 86' lang='grc' dir='ltr'>οὐ</span> <span class='ocrx_word' id='word_1_515' title='bbox 1346 3865 1454 3936; x_wconf 87' lang='grc' dir='ltr'><strong>γάρ</strong></span> <span class='ocrx_word' id='word_1_516' title='bbox 1482 3882 1584 3918; x_wconf 89' lang='grc' dir='ltr'><strong>που</strong></span> <span class='ocrx_word' id='word_1_517' title='bbox 1615 3865 1693 3937; x_wconf 84' lang='grc' dir='ltr'><strong>τῷ</strong></span> <span class='ocrx_word' id='word_1_518' title='bbox 1721 3867 1851 3939; x_wconf 83' lang='grc' dir='ltr'>θείῳ</span> 
     </span>
    </p>
   </div>
   <div class='ocr_carea' id='block_1_72' title="bbox 240 3949 1848 4027">
    <p class='ocr_par' dir='ltr' id='par_1_72' title="bbox 240 3949 1848 4027">
     <span class='ocr_line' id='line_1_72' title="bbox 240 3949 1848 4027; baseline 0.007 -22"><span class='ocrx_word' id='word_1_519' title='bbox 240 3949 734 4021; x_wconf 72' lang='grc' dir='ltr'>πεπαιδαγώγητο</span> <span class='ocrx_word' id='word_1_520' title='bbox 768 3953 937 4022; x_wconf 86' lang='grc' dir='ltr'>νόμῳ.</span> <span class='ocrx_word' id='word_1_521' title='bbox 986 3952 1125 4006; x_wconf 74' lang='grc' dir='ltr'>Ἀλλ’</span> <span class='ocrx_word' id='word_1_522' title='bbox 1161 3955 1189 4007; x_wconf 87' lang='lat'><strong>6</strong></span> <span class='ocrx_word' id='word_1_523' title='bbox 1228 3956 1435 4022; x_wconf 84' lang='grc' dir='ltr'>πάντας</span> <span class='ocrx_word' id='word_1_524' title='bbox 1464 3958 1613 4027; x_wconf 79' lang='grc' dir='ltr'>ἄγων</span> <span class='ocrx_word' id='word_1_525' title='bbox 1646 3963 1725 4024; x_wconf 84' lang='grc' dir='ltr'><strong>είς</strong></span> <span class='ocrx_word' id='word_1_526' title='bbox 1758 3962 1848 4015; x_wconf 81' lang='grc' dir='ltr'>εύ-</span> 
     </span>
    </p>
   </div>
   <div class='ocr_carea' id='block_1_73' title="bbox 236 4043 1850 4123">
    <p class='ocr_par' dir='ltr' id='par_1_73' title="bbox 236 4043 1850 4123">
     <span class='ocr_line' id='line_1_73' title="bbox 236 4043 1850 4123; baseline 0.006 -26"><span class='ocrx_word' id='word_1_527' title='bbox 236 4043 473 4113; x_wconf 84' lang='grc' dir='ltr'>τεχνίαν</span> <span class='ocrx_word' id='word_1_528' title='bbox 532 4044 941 4113; x_wconf 83' lang='grc' dir='ltr'>πνευματικὴν,</span> <span class='ocrx_word' id='word_1_529' title='bbox 998 4045 1348 4117; x_wconf 79' lang='grc' dir='ltr'>προύπέθηκε</span> <span class='ocrx_word' id='word_1_530' title='bbox 1402 4048 1502 4119; x_wconf 80' lang='grc' dir='ltr'><strong>μὲν</strong></span> <span class='ocrx_word' id='word_1_531' title='bbox 1544 4051 1720 4123; x_wconf 80' lang='grc' dir='ltr'>ἐαυτῷ</span> <span class='ocrx_word' id='word_1_532' title='bbox 1759 4053 1850 4106; x_wconf 77' lang='grc' dir='ltr'>τὸν</span> 
     </span>
    </p>
   </div>
   <div class='ocr_carea' id='block_1_74' title="bbox 238 4131 1852 4216">
    <p class='ocr_par' dir='ltr' id='par_1_74' title="bbox 238 4131 1852 4216">
     <span class='ocr_line' id='line_1_74' title="bbox 238 4131 1852 4216; baseline 0.007 -30"><span class='ocrx_word' id='word_1_533' title='bbox 238 4133 460 4187; x_wconf 81' lang='grc' dir='ltr'>πῶλον.</span> <span class='ocrx_word' id='word_1_534' title='bbox 501 4131 742 4202; x_wconf 72' lang='grc' dir='ltr'>Ἕψεται</span> <span class='ocrx_word' id='word_1_535' title='bbox 762 4133 819 4187; x_wconf 79' lang='grc' dir='ltr'>δὲ</span> <span class='ocrx_word' id='word_1_536' title='bbox 842 4135 924 4187; x_wconf 83' lang='grc' dir='ltr'>ὅτι</span> <span class='ocrx_word' id='word_1_537' title='bbox 950 4136 1092 4190; x_wconf 82' lang='grc' dir='ltr'>κατὰ</span> <span class='ocrx_word' id='word_1_538' title='bbox 1123 4139 1348 4207; x_wconf 82' lang='grc' dir='ltr'>καιροὺς</span> <span class='ocrx_word' id='word_1_539' title='bbox 1378 4141 1474 4216; x_wconf 76' lang='grc' dir='ltr'>καὶ</span> <span class='ocrx_word' id='word_1_540' title='bbox 1502 4142 1534 4210; x_wconf 84' lang='grc' dir='ltr'>ή</span> <span class='ocrx_word' id='word_1_541' title='bbox 1570 4141 1677 4195; x_wconf 84' lang='grc' dir='ltr'><strong>τῶν</strong></span> <span class='ocrx_word' id='word_1_542' title='bbox 1720 4144 1852 4197; x_wconf 85' lang='grc' dir='ltr'>Ἰουο</span> 
     </span>
    </p>
   </div>
   <div class='ocr_carea' id='block_1_75' title="bbox 231 4224 1851 4302">
    <p class='ocr_par' dir='ltr' id='par_1_75' title="bbox 231 4224 1851 4302">
     <span class='ocr_line' id='line_1_75' title="bbox 231 4224 1851 4302; baseline 0.006 -24"><span class='ocrx_word' id='word_1_543' title='bbox 231 4224 413 4279; x_wconf 83' lang='grc' dir='ltr'>δαίων</span> <span class='ocrx_word' id='word_1_544' title='bbox 473 4225 821 4297; x_wconf 71' lang='grc' dir='ltr'>Συναγωγή,</span> <span class='ocrx_word' id='word_1_545' title='bbox 869 4226 956 4281; x_wconf 79' lang='grc' dir='ltr'>διὰ</span> <span class='ocrx_word' id='word_1_546' title='bbox 1018 4227 1118 4297; x_wconf 81' lang='grc' dir='ltr'>τῆς</span> <span class='ocrx_word' id='word_1_547' title='bbox 1165 4229 1439 4302; x_wconf 81' lang='grc' dir='ltr'>ἑπομένης</span> <span class='ocrx_word' id='word_1_548' title='bbox 1485 4230 1606 4285; x_wconf 70' lang='grc' dir='ltr'>ὄνου</span> <span class='ocrx_word' id='word_1_549' title='bbox 1652 4232 1851 4288; x_wconf 80' lang='grc' dir='ltr'>δέδωκε</span> 
     </span>
    </p>
   </div>
   <div class='ocr_carea' id='block_1_76' title="bbox 232 4316 1853 4393">
    <p class='ocr_par' dir='ltr' id='par_1_76' title="bbox 232 4316 1853 4393">
     <span class='ocr_line' id='line_1_76' title="bbox 232 4316 1853 4393; baseline 0.006 -24"><span class='ocrx_word' id='word_1_550' title='bbox 232 4319 411 4380; x_wconf 75' lang='grc' dir='ltr'>νοεῖν,</span> <span class='ocrx_word' id='word_1_551' title='bbox 486 4316 747 4384; x_wconf 81' lang='grc' dir='ltr'>καίτοιγε</span> <span class='ocrx_word' id='word_1_552' title='bbox 796 4318 855 4370; x_wconf 83' lang='grc' dir='ltr'>ὲν</span> <span class='ocrx_word' id='word_1_553' title='bbox 912 4318 1088 4390; x_wconf 85' lang='grc' dir='ltr'>χρόνῳ</span> <span class='ocrx_word' id='word_1_554' title='bbox 1134 4318 1212 4390; x_wconf 85' lang='grc' dir='ltr'>τῷ</span> <span class='ocrx_word' id='word_1_555' title='bbox 1252 4322 1392 4374; x_wconf 79' lang='grc' dir='ltr'>κατὰ</span> <span class='ocrx_word' id='word_1_556' title='bbox 1419 4321 1518 4393; x_wconf 81' lang='grc' dir='ltr'>τὴν</span> <span class='ocrx_word' id='word_1_557' title='bbox 1570 4323 1762 4392; x_wconf 84' lang='grc' dir='ltr'>κλῆσιν</span> <span class='ocrx_word' id='word_1_558' title='bbox 1790 4327 1853 4379; x_wconf 87' lang='grc' dir='ltr'>τὸ</span> 
     </span>
    </p>
   </div>
   <div class='ocr_carea' id='block_1_77' title="bbox 229 4407 1854 4484">
    <p class='ocr_par' dir='ltr' id='par_1_77' title="bbox 229 4407 1854 4484">
     <span class='ocr_line' id='line_1_77' title="bbox 229 4407 1854 4484; baseline 0.006 -24"><span class='ocrx_word' id='word_1_559' title='bbox 229 4408 651 4479; x_wconf 75' lang='grc' dir='ltr'>πρεσϐύτερον</span> <span class='ocrx_word' id='word_1_560' title='bbox 678 4407 891 4477; x_wconf 75' lang='grc' dir='ltr'>ἔχουσα·</span> <span class='ocrx_word' id='word_1_561' title='bbox 918 4411 1341 4481; x_wconf 81' lang='grc' dir='ltr'>προεισκέκλητο</span> <span class='ocrx_word' id='word_1_562' title='bbox 1362 4413 1470 4484; x_wconf 83' lang='grc' dir='ltr'><strong>γάρ</strong></span> <span class='ocrx_word' id='word_1_563' title='bbox 1490 4414 1579 4467; x_wconf 84' lang='grc' dir='ltr'>διὰ</span> <span class='ocrx_word' id='word_1_564' title='bbox 1608 4416 1854 4481; x_wconf 86' lang='grc' dir='ltr'>Μωσέως</span> 
     </span>
    </p>
   </div>
   <div class='ocr_carea' id='block_1_78' title="bbox 1950 3217 3508 3290">
    <p class='ocr_par' dir='ltr' id='par_1_78' title="bbox 1950 3217 3508 3290">
     <span class='ocr_line' id='line_1_78' title="bbox 1950 3217 3508 3290; baseline 0.001 -18"><span class='ocrx_word' id='word_1_565' title='bbox 1950 3219 2227 3273; x_wconf 85' lang='lat' dir='ltr'><strong>indicavit.</strong></span> <span class='ocrx_word' id='word_1_566' title='bbox 2257 3217 2474 3283; x_wconf 85' lang='lat' dir='ltr'><strong>Quievit</strong></span> <span class='ocrx_word' id='word_1_567' title='bbox 2503 3217 2646 3271; x_wconf 87' lang='lat' dir='ltr'><strong>enim</strong></span> <span class='ocrx_word' id='word_1_568' title='bbox 2670 3217 2919 3273; x_wconf 86' lang='lat' dir='ltr'><strong>Christus</strong></span> <span class='ocrx_word' id='word_1_569' title='bbox 2947 3232 3109 3287; x_wconf 88' lang='lat' dir='ltr'><strong>super</strong></span> <span class='ocrx_word' id='word_1_570' title='bbox 3132 3233 3273 3273; x_wconf 91' lang='lat' dir='ltr'><strong>novo</strong></span> <span class='ocrx_word' id='word_1_571' title='bbox 3290 3220 3508 3290; x_wconf 83' lang='lat' dir='ltr'><strong>populo,</strong></span> 
     </span>
    </p>
   </div>
   <div class='ocr_carea' id='block_1_79' title="bbox 1952 3308 3527 3381">
    <p class='ocr_par' dir='ltr' id='par_1_79' title="bbox 1952 3308 3527 3381">
     <span class='ocr_line' id='line_1_79' title="bbox 1952 3308 3527 3381; baseline 0.003 -20"><span class='ocrx_word' id='word_1_572' title='bbox 1952 3309 2055 3362; x_wconf 84' lang='lat' dir='ltr'><strong>huc</strong></span> <span class='ocrx_word' id='word_1_573' title='bbox 2091 3317 2174 3363; x_wconf 85' lang='lat' dir='ltr'><strong>est</strong></span> <span class='ocrx_word' id='word_1_574' title='bbox 2206 3308 2273 3363; x_wconf 90' lang='lat' dir='ltr'><strong>ad</strong></span> <span class='ocrx_word' id='word_1_575' title='bbox 2300 3308 2630 3377; x_wconf 82' lang='lat' dir='ltr'><strong>agnitionem</strong></span> <span class='ocrx_word' id='word_1_576' title='bbox 2661 3308 2905 3364; x_wconf 79' lang='lat' dir='ltr'><strong>veritatis</strong></span> <span class='ocrx_word' id='word_1_577' title='bbox 2924 3318 3133 3377; x_wconf 84' lang='lat' dir='ltr'><strong>vocato,</strong></span> <span class='ocrx_word' id='word_1_578' title='bbox 3164 3311 3256 3381; x_wconf 93' lang='lat' dir='ltr'><strong>qui</strong></span> <span class='ocrx_word' id='word_1_579' title='bbox 3279 3311 3527 3380; x_wconf 82' lang='lat' dir='ltr'><strong>aliquan-</strong></span> 
     </span>
    </p>
   </div>
   <div class='ocr_carea' id='block_1_80' title="bbox 1952 3397 3521 3471">
    <p class='ocr_par' dir='ltr' id='par_1_80' title="bbox 1952 3397 3521 3471">
     <span class='ocr_line' id='line_1_80' title="bbox 1952 3397 3521 3471; baseline 0.001 -18"><span class='ocrx_word' id='word_1_580' title='bbox 1952 3399 2020 3453; x_wconf 90' lang='lat' dir='ltr'><strong>do</strong></span> <span class='ocrx_word' id='word_1_581' title='bbox 2038 3399 2175 3453; x_wconf 83' lang='lat' dir='ltr'><strong>idola</strong></span> <span class='ocrx_word' id='word_1_582' title='bbox 2194 3398 2571 3453; x_wconf 87' lang='lat' dir='ltr'><strong>venerabatur.</strong></span> <span class='ocrx_word' id='word_1_583' title='bbox 2590 3397 2763 3453; x_wconf 87' lang='lat' dir='ltr'><strong>lnstar</strong></span> <span class='ocrx_word' id='word_1_584' title='bbox 2777 3399 2904 3469; x_wconf 90' lang='lat' dir='ltr'><strong>pulli</strong></span> <span class='ocrx_word' id='word_1_585' title='bbox 2922 3400 3118 3471; x_wconf 91' lang='lat' dir='ltr'><strong>quippe</strong></span> <span class='ocrx_word' id='word_1_586' title='bbox 3132 3412 3270 3468; x_wconf 87' lang='lat' dir='ltr'><strong>erat,</strong></span> <span class='ocrx_word' id='word_1_587' title='bbox 3286 3403 3521 3457; x_wconf 86' lang='lat' dir='ltr'><strong>nondum</strong></span> 
     </span>
    </p>
   </div>
   <div class='ocr_carea' id='block_1_81' title="bbox 1952 3489 3519 3564">
    <p class='ocr_par' dir='ltr' id='par_1_81' title="bbox 1952 3489 3519 3564">
     <span class='ocr_line' id='line_1_81' title="bbox 1952 3489 3519 3564; baseline 0.002 -19"><span class='ocrx_word' id='word_1_588' title='bbox 1952 3489 2203 3555; x_wconf 87' lang='lat' dir='ltr'><strong>domitus,</strong></span> <span class='ocrx_word' id='word_1_589' title='bbox 2232 3504 2438 3560; x_wconf 89' lang='lat' dir='ltr'><strong>necque</strong></span> <span class='ocrx_word' id='word_1_590' title='bbox 2477 3499 2623 3546; x_wconf 83' lang='lat' dir='ltr'><strong>recta</strong></span> <span class='ocrx_word' id='word_1_591' title='bbox 2649 3491 2829 3546; x_wconf 88' lang='lat' dir='ltr'><strong>sciens</strong></span> <span class='ocrx_word' id='word_1_592' title='bbox 2862 3492 3091 3561; x_wconf 78' lang='lat' dir='ltr'><strong>ingredi,</strong></span> <span class='ocrx_word' id='word_1_593' title='bbox 3117 3503 3306 3564; x_wconf 89' lang='lat' dir='ltr'><strong>utpote</strong></span> <span class='ocrx_word' id='word_1_594' title='bbox 3336 3496 3519 3550; x_wconf 78' lang='lat' dir='ltr'><strong>divina</strong></span> 
     </span>
    </p>
   </div>
   <div class='ocr_carea' id='block_1_82' title="bbox 1951 3582 3522 3656">
    <p class='ocr_par' dir='ltr' id='par_1_82' title="bbox 1951 3582 3522 3656">
     <span class='ocr_line' id='line_1_82' title="bbox 1951 3582 3522 3656; baseline 0.002 -19"><span class='ocrx_word' id='word_1_595' title='bbox 1951 3582 2073 3652; x_wconf 89' lang='lat' dir='ltr'><strong>lege</strong></span> <span class='ocrx_word' id='word_1_596' title='bbox 2093 3583 2327 3637; x_wconf 89' lang='lat' dir='ltr'><strong>nondum</strong></span> <span class='ocrx_word' id='word_1_597' title='bbox 2346 3583 2643 3637; x_wconf 89' lang='lat' dir='ltr'><strong>institutus.</strong></span> <span class='ocrx_word' id='word_1_598' title='bbox 2664 3582 2768 3637; x_wconf 88' lang='lat' dir='ltr'><strong>Sed</strong></span> <span class='ocrx_word' id='word_1_599' title='bbox 2791 3584 2879 3652; x_wconf 88' lang='lat' dir='ltr'><strong>qui</strong></span> <span class='ocrx_word' id='word_1_600' title='bbox 2898 3599 3086 3640; x_wconf 89' lang='lat' dir='ltr'><strong>omnes</strong></span> <span class='ocrx_word' id='word_1_601' title='bbox 3102 3589 3168 3640; x_wconf 87' lang='lat' dir='ltr'><strong>ad</strong></span> <span class='ocrx_word' id='word_1_602' title='bbox 3186 3587 3522 3656; x_wconf 80' lang='lat' dir='ltr'><strong>spiritualent</strong></span> 
     </span>
    </p>
   </div>
   <div class='ocr_carea' id='block_1_83' title="bbox 1951 3673 3520 3743">
    <p class='ocr_par' dir='ltr' id='par_1_83' title="bbox 1951 3673 3520 3743">
     <span class='ocr_line' id='line_1_83' title="bbox 1951 3673 3520 3743; baseline 0.003 -14"><span class='ocrx_word' id='word_1_603' title='bbox 1951 3674 2232 3729; x_wconf 89' lang='lat' dir='ltr'><strong>scientiam</strong></span> <span class='ocrx_word' id='word_1_604' title='bbox 2252 3673 2486 3738; x_wconf 82' lang='lat' dir='ltr'><strong>deducit,</strong></span> <span class='ocrx_word' id='word_1_605' title='bbox 2508 3674 2609 3727; x_wconf 88' lang='lat' dir='ltr'><strong>sibi</strong></span> <span class='ocrx_word' id='word_1_606' title='bbox 2638 3673 2840 3743; x_wconf 87' lang='lat' dir='ltr'><strong>pullum</strong></span> <span class='ocrx_word' id='word_1_607' title='bbox 2865 3673 3175 3732; x_wconf 84' lang='lat' dir='ltr'><strong>destinavit.</strong></span> <span class='ocrx_word' id='word_1_608' title='bbox 3197 3674 3520 3733; x_wconf 83' lang='lat' dir='ltr'><strong>Secuturam</strong></span> 
     </span>
    </p>
   </div>
   <div class='ocr_carea' id='block_1_84' title="bbox 1951 3763 3524 3838">
    <p class='ocr_par' dir='ltr' id='par_1_84' title="bbox 1951 3763 3524 3838">
     <span class='ocr_line' id='line_1_84' title="bbox 1951 3763 3524 3838; baseline 0.002 -19"><span class='ocrx_word' id='word_1_609' title='bbox 1951 3775 2131 3820; x_wconf 89' lang='lat' dir='ltr'><strong>autem</strong></span> <span class='ocrx_word' id='word_1_610' title='bbox 2160 3764 2453 3833; x_wconf 86' lang='lat' dir='ltr'><strong>aliquando</strong></span> <span class='ocrx_word' id='word_1_611' title='bbox 2491 3763 2858 3835; x_wconf 87' lang='lat' dir='ltr'><strong>Synagogam,</strong></span> <span class='ocrx_word' id='word_1_612' title='bbox 2884 3780 2980 3835; x_wconf 87' lang='lat' dir='ltr'><strong>per</strong></span> <span class='ocrx_word' id='word_1_613' title='bbox 3017 3765 3227 3820; x_wconf 87' lang='lat' dir='ltr'><strong>asinam</strong></span> <span class='ocrx_word' id='word_1_614' title='bbox 3291 3781 3524 3838; x_wconf 88' lang='lat' dir='ltr'><strong>sequen-</strong></span> 
     </span>
    </p>
   </div>
   <div class='ocr_carea' id='block_1_85' title="bbox 1952 3855 3526 3927">
    <p class='ocr_par' dir='ltr' id='par_1_85' title="bbox 1952 3855 3526 3927">
     <span class='ocr_line' id='line_1_85' title="bbox 1952 3855 3526 3927; baseline 0.003 -17"><span class='ocrx_word' id='word_1_615' title='bbox 1952 3864 2059 3911; x_wconf 87' lang='lat' dir='ltr'><strong>tem</strong></span> <span class='ocrx_word' id='word_1_616' title='bbox 2091 3868 2191 3910; x_wconf 86' lang='lat' dir='ltr'><strong>nos</strong></span> <span class='ocrx_word' id='word_1_617' title='bbox 2210 3855 2388 3923; x_wconf 90' lang='lat' dir='ltr'><strong>docet,</strong></span> <span class='ocrx_word' id='word_1_618' title='bbox 2418 3855 2664 3924; x_wconf 89' lang='lat' dir='ltr'><strong>quamvis</strong></span> <span class='ocrx_word' id='word_1_619' title='bbox 2703 3864 2945 3927; x_wconf 82' lang='lat' dir='ltr'><strong>tempore</strong></span> <span class='ocrx_word' id='word_1_620' title='bbox 2978 3856 3277 3912; x_wconf 84' lang='lat' dir='ltr'><strong>vocationis</strong></span> <span class='ocrx_word' id='word_1_621' title='bbox 3304 3866 3526 3915; x_wconf 79' lang='lat' dir='ltr'><strong>antece-</strong></span> 
     </span>
    </p>
   </div>
   <div class='ocr_carea' id='block_1_86' title="bbox 1952 3946 3526 4019">
    <p class='ocr_par' dir='ltr' id='par_1_86' title="bbox 1952 3946 3526 4019">
     <span class='ocr_line' id='line_1_86' title="bbox 1952 3946 3526 4019; baseline 0.002 -17"><span class='ocrx_word' id='word_1_622' title='bbox 1952 3948 2069 4003; x_wconf 87' lang='lat' dir='ltr'><strong>dat:</strong></span> <span class='ocrx_word' id='word_1_623' title='bbox 2107 3961 2204 4019; x_wconf 87' lang='lat' dir='ltr'><strong>per</strong></span> <span class='ocrx_word' id='word_1_624' title='bbox 2232 3946 2415 4003; x_wconf 75' lang='lat' dir='ltr'><strong>Mosen</strong></span> <span class='ocrx_word' id='word_1_625' title='bbox 2447 3946 2591 4002; x_wconf 86' lang='lat' dir='ltr'><strong>enim</strong></span> <span class='ocrx_word' id='word_1_626' title='bbox 2614 3955 2669 4002; x_wconf 89' lang='lat' dir='ltr'><strong>et</strong></span> <span class='ocrx_word' id='word_1_627' title='bbox 2698 3947 2988 4017; x_wconf 84' lang='lat' dir='ltr'><strong>prephetas</strong></span> <span class='ocrx_word' id='word_1_628' title='bbox 3011 3958 3199 4004; x_wconf 88' lang='lat' dir='ltr'><strong>vocata</strong></span> <span class='ocrx_word' id='word_1_629' title='bbox 3237 3957 3341 4004; x_wconf 89' lang='lat' dir='ltr'><strong>est.</strong></span> <span class='ocrx_word' id='word_1_630' title='bbox 3390 3947 3526 4016; x_wconf 82' lang='lat' dir='ltr'><strong>Quia</strong></span> 
     </span>
    </p>
   </div>
   <div class='ocr_carea' id='block_1_87' title="bbox 1953 4038 3524 4111">
    <p class='ocr_par' dir='ltr' id='par_1_87' title="bbox 1953 4038 3524 4111">
     <span class='ocr_line' id='line_1_87' title="bbox 1953 4038 3524 4111; baseline 0 -16"><span class='ocrx_word' id='word_1_631' title='bbox 1953 4054 2081 4095; x_wconf 90' lang='lat' dir='ltr'><strong>vero</strong></span> <span class='ocrx_word' id='word_1_632' title='bbox 2133 4040 2187 4093; x_wconf 93' lang='lat' dir='ltr'><strong>in</strong></span> <span class='ocrx_word' id='word_1_633' title='bbox 2250 4054 2430 4109; x_wconf 85' lang='lat' dir='ltr'><strong>regem</strong></span> <span class='ocrx_word' id='word_1_634' title='bbox 2473 4038 2808 4095; x_wconf 83' lang='lat' dir='ltr'><strong>Salvatorem</strong></span> <span class='ocrx_word' id='word_1_635' title='bbox 2862 4041 3109 4111; x_wconf 85' lang='lat' dir='ltr'><strong>peccavit</strong></span> <span class='ocrx_word' id='word_1_636' title='bbox 3171 4040 3190 4111; x_wconf 92' lang='lat'>(</span> <span class='ocrx_word' id='word_1_637' title='bbox 3233 4056 3342 4096; x_wconf 88' lang='lat' dir='ltr'><strong>non</strong></span> <span class='ocrx_word' id='word_1_638' title='bbox 3380 4043 3524 4095; x_wconf 87' lang='lat' dir='ltr'><strong>enim</strong></span> 
     </span>
    </p>
   </div>
   <div class='ocr_carea' id='block_1_88' title="bbox 1953 4130 3523 4202">
    <p class='ocr_par' dir='ltr' id='par_1_88' title="bbox 1953 4130 3523 4202">
     <span class='ocr_line' id='line_1_88' title="bbox 1953 4130 3523 4202; baseline 0 -17"><span class='ocrx_word' id='word_1_639' title='bbox 1953 4130 2114 4186; x_wconf 81' lang='lat' dir='ltr'><strong>ﬁdem</strong></span> <span class='ocrx_word' id='word_1_640' title='bbox 2147 4130 2399 4202; x_wconf 81' lang='lat' dir='ltr'><strong>admisit)</strong></span> <span class='ocrx_word' id='word_1_641' title='bbox 2425 4173 2441 4197; x_wconf 93' lang='lat'><strong>,</strong></span> <span class='ocrx_word' id='word_1_642' title='bbox 2470 4131 2672 4186; x_wconf 87' lang='lat' dir='ltr'><strong>idcirco</strong></span> <span class='ocrx_word' id='word_1_643' title='bbox 2712 4130 2912 4198; x_wconf 90' lang='lat' dir='ltr'><strong>pullum</strong></span> <span class='ocrx_word' id='word_1_644' title='bbox 2965 4134 3231 4201; x_wconf 85' lang='lat' dir='ltr'><strong>sequitur,</strong></span> <span class='ocrx_word' id='word_1_645' title='bbox 3272 4140 3341 4186; x_wconf 91' lang='lat' dir='ltr'><strong>et</strong></span> <span class='ocrx_word' id='word_1_646' title='bbox 3382 4130 3523 4185; x_wconf 82' lang='lat' dir='ltr'><strong>facta</strong></span> 
     </span>
    </p>
   </div>
   <div class='ocr_carea' id='block_1_89' title="bbox 1953 4218 3528 4289">
    <p class='ocr_par' dir='ltr' id='par_1_89' title="bbox 1953 4218 3528 4289">
     <span class='ocr_line' id='line_1_89' title="bbox 1953 4218 3528 4289; baseline 0.003 -18"><span class='ocrx_word' id='word_1_647' title='bbox 1953 4227 2036 4273; x_wconf 88' lang='lat' dir='ltr'><strong>est</strong></span> <span class='ocrx_word' id='word_1_648' title='bbox 2065 4219 2117 4272; x_wconf 92' lang='lat' dir='ltr'><strong>in</strong></span> <span class='ocrx_word' id='word_1_649' title='bbox 2149 4218 2400 4283; x_wconf 82' lang='lat' dir='ltr'><strong>caudam,</strong></span> <span class='ocrx_word' id='word_1_650' title='bbox 2448 4219 2549 4273; x_wconf 88' lang='lat' dir='ltr'><strong>hoc</strong></span> <span class='ocrx_word' id='word_1_651' title='bbox 2586 4228 2668 4272; x_wconf 89' lang='lat' dir='ltr'><strong>est</strong></span> <span class='ocrx_word' id='word_1_652' title='bbox 2702 4219 2943 4286; x_wconf 88' lang='lat' dir='ltr'><strong>sequela,</strong></span> <span class='ocrx_word' id='word_1_653' title='bbox 2979 4229 3033 4273; x_wconf 90' lang='lat' dir='ltr'><strong>et</strong></span> <span class='ocrx_word' id='word_1_654' title='bbox 3071 4229 3193 4287; x_wconf 89' lang='lat' dir='ltr'><strong>post</strong></span> <span class='ocrx_word' id='word_1_655' title='bbox 3216 4230 3422 4289; x_wconf 86' lang='lat' dir='ltr'><strong>gentes,</strong></span> <span class='ocrx_word' id='word_1_656' title='bbox 3473 4230 3528 4275; x_wconf 83' lang='lat' dir='ltr'><strong>et</strong></span> 
     </span>
    </p>
   </div>
   <div class='ocr_carea' id='block_1_90' title="bbox 1954 4308 3527 4379">
    <p class='ocr_par' dir='ltr' id='par_1_90' title="bbox 1954 4308 3527 4379">
     <span class='ocr_line' id='line_1_90' title="bbox 1954 4308 3527 4379; baseline 0.001 -16"><span class='ocrx_word' id='word_1_657' title='bbox 1954 4324 2074 4379; x_wconf 71' lang='lat' dir='ltr'><strong>quae</strong></span> <span class='ocrx_word' id='word_1_658' title='bbox 2103 4308 2202 4363; x_wconf 80' lang='lat' dir='ltr'><strong>fuit</strong></span> <span class='ocrx_word' id='word_1_659' title='bbox 2228 4311 2424 4379; x_wconf 90' lang='lat' dir='ltr'><strong>prima,</strong></span> <span class='ocrx_word' id='word_1_660' title='bbox 2464 4310 2638 4363; x_wconf 86' lang='lat' dir='ltr'><strong>evasit</strong></span> <span class='ocrx_word' id='word_1_661' title='bbox 2672 4308 2883 4363; x_wconf 85' lang='lat' dir='ltr'><strong>ultima.</strong></span> <span class='ocrx_word' id='word_1_662' title='bbox 2909 4308 3293 4363; x_wconf 84' lang='lat' dir='ltr'><strong>Animadverte</strong></span> <span class='ocrx_word' id='word_1_663' title='bbox 3326 4324 3487 4379; x_wconf 90' lang='lat' dir='ltr'><strong>porro</strong></span> <span class='ocrx_word' id='word_1_664' title='bbox 3510 4353 3527 4378; x_wconf 92' lang='lat'><strong>,</strong></span> 
     </span>
    </p>
   </div>
   <div class='ocr_carea' id='block_1_91' title="bbox 1955 4400 3528 4469">
    <p class='ocr_par' dir='ltr' id='par_1_91' title="bbox 1955 4400 3528 4469">
     <span class='ocr_line' id='line_1_91' title="bbox 1955 4400 3528 4469; baseline 0.003 -16"><span class='ocrx_word' id='word_1_665' title='bbox 1955 4400 2222 4469; x_wconf 89' lang='lat' dir='ltr'><strong>quomodo</strong></span> <span class='ocrx_word' id='word_1_666' title='bbox 2254 4402 2320 4455; x_wconf 83' lang='lat' dir='ltr'><strong>ad</strong></span> <span class='ocrx_word' id='word_1_667' title='bbox 2344 4412 2639 4455; x_wconf 82' lang='lat' dir='ltr'><strong>extremam</strong></span> <span class='ocrx_word' id='word_1_668' title='bbox 2677 4401 2998 4457; x_wconf 86' lang='lat' dir='ltr'><strong>dementiam</strong></span> <span class='ocrx_word' id='word_1_669' title='bbox 3027 4400 3309 4457; x_wconf 81' lang='lat' dir='ltr'><strong>deﬂexisse</strong></span> <span class='ocrx_word' id='word_1_670' title='bbox 3341 4412 3528 4459; x_wconf 82' lang='lat' dir='ltr'><strong>osten-</strong></span> 
     </span>
    </p>
   </div>
   <div class='ocr_carea' id='block_1_92' title="bbox 229 4490 1864 4579">
    <p class='ocr_par' dir='ltr' id='par_1_92' title="bbox 229 4496 1851 4572">
     <span class='ocr_line' id='line_1_92' title="bbox 229 4496 1851 4572; baseline 0.002 -18"><span class='ocrx_word' id='word_1_671' title='bbox 229 4502 333 4554; x_wconf 75' lang='lat' dir='ltr'><strong>xat‘t</strong></span> <span class='ocrx_word' id='word_1_672' title='bbox 366 4496 717 4570; x_wconf 83' lang='grc' dir='ltr'>προφητῶν.</span> <span class='ocrx_word' id='word_1_673' title='bbox 754 4497 973 4568; x_wconf 81' lang='grc' dir='ltr'>Ἐπειδὴ</span> <span class='ocrx_word' id='word_1_674' title='bbox 998 4499 1055 4551; x_wconf 84' lang='grc' dir='ltr'>δὲ</span> <span class='ocrx_word' id='word_1_675' title='bbox 1077 4502 1483 4571; x_wconf 87' lang='grc' dir='ltr'>προσκέκρουκε</span> <span class='ocrx_word' id='word_1_676' title='bbox 1511 4502 1589 4572; x_wconf 86' lang='grc' dir='ltr'>τῷ</span> <span class='ocrx_word' id='word_1_677' title='bbox 1628 4503 1851 4567; x_wconf 73' lang='grc' dir='ltr'>σώζοντι</span> 
     </span>
    </p>
   </div>
   <div class='ocr_carea' id='block_1_93' title="bbox 1951 4490 3533 4579">
    <p class='ocr_par' dir='ltr' id='par_1_93' title="bbox 1958 4490 3533 4564">
     <span class='ocr_line' id='line_1_93' title="bbox 1958 4490 3533 4564; baseline 0.004 -21"><span class='ocrx_word' id='word_1_678' title='bbox 1958 4491 2047 4544; x_wconf 89' lang='lat' dir='ltr'><strong>dat</strong></span> <span class='ocrx_word' id='word_1_679' title='bbox 2079 4490 2367 4545; x_wconf 87' lang='lat' dir='ltr'><strong>humanam</strong></span> <span class='ocrx_word' id='word_1_680' title='bbox 2396 4500 2662 4558; x_wconf 87' lang='lat' dir='ltr'><strong>naturam,</strong></span> <span class='ocrx_word' id='word_1_681' title='bbox 2696 4510 2717 4543; x_wconf 79' lang='grc' dir='ltr'><strong>ι</strong></span> <span class='ocrx_word' id='word_1_682' title='bbox 2777 4493 2868 4562; x_wconf 92' lang='lat' dir='ltr'><strong>qui</strong></span> <span class='ocrx_word' id='word_1_683' title='bbox 2922 4493 3222 4564; x_wconf 77' lang='lat' dir='ltr'><strong>cognoscit‘</strong></span> <span class='ocrx_word' id='word_1_684' title='bbox 3272 4508 3428 4549; x_wconf 89' lang='lat' dir='ltr'><strong>renes</strong></span> <span class='ocrx_word' id='word_1_685' title='bbox 3475 4504 3533 4549; x_wconf 89' lang='lat' dir='ltr'><strong>et</strong></span> 
     </span>
    </p>
   </div>
   <div class='ocr_carea' id='block_1_94' title="bbox 228 4587 1850 4665">
    <p class='ocr_par' dir='ltr' id='par_1_94' title="bbox 228 4587 1850 4665">
     <span class='ocr_line' id='line_1_94' title="bbox 228 4587 1850 4665; baseline 0.001 -20"><span class='ocrx_word' id='word_1_686' title='bbox 228 4590 475 4661; x_wconf 83' lang='grc' dir='ltr'>βασιλεῖ</span> <span class='ocrx_word' id='word_1_687' title='bbox 492 4587 591 4659; x_wconf 84' lang='grc' dir='ltr'><strong>(οὐ</strong></span> <span class='ocrx_word' id='word_1_688' title='bbox 616 4587 722 4657; x_wconf 88' lang='grc' dir='ltr'><strong>γάρ</strong></span> <span class='ocrx_word' id='word_1_689' title='bbox 744 4603 826 4639; x_wconf 87' lang='grc' dir='ltr'><strong>τοι</strong></span> <span class='ocrx_word' id='word_1_690' title='bbox 860 4590 1171 4659; x_wconf 81' lang='grc' dir='ltr'>προσήκατο</span> <span class='ocrx_word' id='word_1_691' title='bbox 1192 4590 1289 4660; x_wconf 80' lang='grc' dir='ltr'>τὴν</span> <span class='ocrx_word' id='word_1_692' title='bbox 1313 4592 1547 4659; x_wconf 89' lang='grc' dir='ltr'>πίστιν),</span> <span class='ocrx_word' id='word_1_693' title='bbox 1575 4592 1745 4665; x_wconf 82' lang='grc' dir='ltr'>ταύτῃ</span> <span class='ocrx_word' id='word_1_694' title='bbox 1769 4611 1850 4647; x_wconf 88' lang='grc' dir='ltr'><strong>τοι</strong></span> 
     </span>
    </p>
   </div>
   <div class='ocr_carea' id='block_1_95' title="bbox 225 4678 1851 4754">
    <p class='ocr_par' dir='ltr' id='par_1_95' title="bbox 225 4678 1851 4754">
     <span class='ocr_line' id='line_1_95' title="bbox 225 4678 1851 4754; baseline -0.006 -19"><span class='ocrx_word' id='word_1_695' title='bbox 225 4684 479 4744; x_wconf 85' lang='grc' dir='ltr'>δικαίως</span> <span class='ocrx_word' id='word_1_696' title='bbox 512 4678 622 4733; x_wconf 75' lang='grc' dir='ltr'>τοῦ</span> <span class='ocrx_word' id='word_1_697' title='bbox 646 4678 823 4731; x_wconf 86' lang='grc' dir='ltr'>πώλου</span> <span class='ocrx_word' id='word_1_698' title='bbox 874 4680 1103 4732; x_wconf 87' lang='grc' dir='ltr'>κατόπιν</span> <span class='ocrx_word' id='word_1_699' title='bbox 1146 4680 1362 4751; x_wconf 77' lang='grc' dir='ltr'>ἔρχεται</span> <span class='ocrx_word' id='word_1_700' title='bbox 1401 4682 1573 4750; x_wconf 86' lang='grc' dir='ltr'>μόλις,</span> <span class='ocrx_word' id='word_1_701' title='bbox 1619 4686 1711 4738; x_wconf 81' lang='grc' dir='ltr'>καὶ</span> <span class='ocrx_word' id='word_1_702' title='bbox 1758 4685 1851 4754; x_wconf 80' lang='grc' dir='ltr'>γέ-</span> 
     </span>
    </p>
   </div>
   <div class='ocr_carea' id='block_1_96' title="bbox 226 4770 1853 4843">
    <p class='ocr_par' dir='ltr' id='par_1_96' title="bbox 226 4770 1853 4843">
     <span class='ocr_line' id='line_1_96' title="bbox 226 4770 1853 4843; baseline 0.001 -15"><span class='ocrx_word' id='word_1_703' title='bbox 226 4792 398 4843; x_wconf 86' lang='grc' dir='ltr'>γονεν</span> <span class='ocrx_word' id='word_1_704' title='bbox 420 4773 514 4835; x_wconf 82' lang='grc' dir='ltr'><strong>είς</strong></span> <span class='ocrx_word' id='word_1_705' title='bbox 541 4770 743 4839; x_wconf 79' lang='grc' dir='ltr'>οὐρὰν,</span> <span class='ocrx_word' id='word_1_706' title='bbox 765 4772 1007 4823; x_wconf 83' lang='grc' dir='ltr'>τουτέστι</span> <span class='ocrx_word' id='word_1_707' title='bbox 1047 4770 1534 4843; x_wconf 85' lang='grc' dir='ltr'>παρακολούθημα,</span> <span class='ocrx_word' id='word_1_708' title='bbox 1557 4775 1652 4826; x_wconf 83' lang='grc' dir='ltr'><strong>καὶ</strong></span> <span class='ocrx_word' id='word_1_709' title='bbox 1677 4775 1853 4829; x_wconf 87' lang='grc' dir='ltr'>ὀπίσω</span> 
     </span>
    </p>
   </div>
   <div class='ocr_carea' id='block_1_97' title="bbox 224 4860 1852 4937">
    <p class='ocr_par' dir='ltr' id='par_1_97' title="bbox 224 4860 1852 4937">
     <span class='ocr_line' id='line_1_97' title="bbox 224 4860 1852 4937; baseline -0.002 -17"><span class='ocrx_word' id='word_1_710' title='bbox 224 4867 340 4919; x_wconf 84' lang='grc' dir='ltr'><strong>τῶν</strong></span> <span class='ocrx_word' id='word_1_711' title='bbox 370 4866 439 4932; x_wconf 77' lang='grc' dir='ltr'><strong>ἐξ</strong></span> <span class='ocrx_word' id='word_1_712' title='bbox 476 4860 694 4923; x_wconf 75' lang='grc' dir='ltr'>ἐθνῶν,</span> <span class='ocrx_word' id='word_1_713' title='bbox 734 4862 826 4914; x_wconf 73' lang='grc' dir='ltr'><strong>καὶ</strong></span> <span class='ocrx_word' id='word_1_714' title='bbox 853 4864 885 4935; x_wconf 79' lang='grc' dir='ltr'>ἡ</span> <span class='ocrx_word' id='word_1_715' title='bbox 915 4861 1103 4932; x_wconf 82' lang='grc' dir='ltr'>πρώτη</span> <span class='ocrx_word' id='word_1_716' title='bbox 1139 4862 1356 4931; x_wconf 83' lang='grc' dir='ltr'>γέγονεν</span> <span class='ocrx_word' id='word_1_717' title='bbox 1398 4864 1621 4935; x_wconf 78' lang='grc' dir='ltr'>ἐσχάτη.</span> <span class='ocrx_word' id='word_1_718' title='bbox 1661 4866 1852 4937; x_wconf 83' lang='grc' dir='ltr'>Ἀθρει</span> 
     </span>
    </p>
   </div>
   <div class='ocr_carea' id='block_1_98' title="bbox 224 4952 1849 5022">
    <p class='ocr_par' dir='ltr' id='par_1_98' title="bbox 224 4952 1849 5022">
     <span class='ocr_line' id='line_1_98' title="bbox 224 4952 1849 5022; baseline -0.003 -9"><span class='ocrx_word' id='word_1_719' title='bbox 224 4958 307 5022; x_wconf 85' lang='grc' dir='ltr'>δὲ,</span> <span class='ocrx_word' id='word_1_720' title='bbox 336 4958 506 5020; x_wconf 84' lang='grc' dir='ltr'>ὅπως</span> <span class='ocrx_word' id='word_1_721' title='bbox 547 4954 642 5015; x_wconf 83' lang='grc' dir='ltr'><strong>είς</strong></span> <span class='ocrx_word' id='word_1_722' title='bbox 675 4952 907 5022; x_wconf 79' lang='grc' dir='ltr'>ἐσχάτην</span> <span class='ocrx_word' id='word_1_723' title='bbox 939 4952 1160 5019; x_wconf 84' lang='grc' dir='ltr'>ἀλογίαν</span> <span class='ocrx_word' id='word_1_724' title='bbox 1199 4953 1658 5022; x_wconf 85' lang='grc' dir='ltr'>ἀποκομισθείσαν</span> <span class='ocrx_word' id='word_1_725' title='bbox 1683 4956 1849 5021; x_wconf 79' lang='grc' dir='ltr'>ἔδειξε</span> 
     </span>
    </p>
   </div>
   <div class='ocr_carea' id='block_1_99' title="bbox 224 5043 1844 5121">
    <p class='ocr_par' dir='ltr' id='par_1_99' title="bbox 224 5043 1844 5121">
     <span class='ocr_line' id='line_1_99' title="bbox 224 5043 1844 5121; baseline -0.001 -19"><span class='ocrx_word' id='word_1_726' title='bbox 224 5048 329 5121; x_wconf 82' lang='grc' dir='ltr'>τὴν</span> <span class='ocrx_word' id='word_1_727' title='bbox 349 5047 682 5118; x_wconf 83' lang='grc' dir='ltr'>ἀνθρώπου</span> <span class='ocrx_word' id='word_1_728' title='bbox 712 5043 891 5112; x_wconf 70' lang='grc' dir='ltr'>φῦσιν,</span> <span class='ocrx_word' id='word_1_729' title='bbox 916 5061 934 5093; x_wconf 81' lang='lat' dir='ltr'><strong>t</strong></span> <span class='ocrx_word' id='word_1_730' title='bbox 960 5045 987 5096; x_wconf 92' lang='lat'><strong>6</strong></span> <span class='ocrx_word' id='word_1_731' title='bbox 1004 5045 1234 5117; x_wconf 76' lang='grc' dir='ltr'>νεφροὺς</span> <span class='ocrx_word' id='word_1_732' title='bbox 1258 5044 1412 5107; x_wconf 86' lang='grc' dir='ltr'>είδὼς</span> <span class='ocrx_word' id='word_1_733' title='bbox 1448 5046 1537 5097; x_wconf 78' lang='grc' dir='ltr'>καὶ</span> <span class='ocrx_word' id='word_1_734' title='bbox 1565 5046 1809 5117; x_wconf 84' lang='grc' dir='ltr'>καρδίας.</span> <span class='ocrx_word' id='word_1_735' title='bbox 1826 5067 1844 5100; x_wconf 75' lang='grc' dir='ltr'><strong>ι</strong></span> 
     </span>
    </p>
   </div>
   <div class='ocr_carea' id='block_1_100' title="bbox 230 5135 1852 5210">
    <p class='ocr_par' dir='ltr' id='par_1_100' title="bbox 230 5135 1852 5210">
     <span class='ocr_line' id='line_1_100' title="bbox 230 5135 1852 5210; baseline -0.003 -16"><span class='ocrx_word' id='word_1_736' title='bbox 230 5143 384 5210; x_wconf 87' lang='grc' dir='ltr'><strong>Ὄνῳ</strong></span> <span class='ocrx_word' id='word_1_737' title='bbox 412 5139 540 5209; x_wconf 82' lang='grc' dir='ltr'>γὰρ</span> <span class='ocrx_word' id='word_1_738' title='bbox 567 5135 974 5206; x_wconf 78' lang='grc' dir='ltr'>παρεικάζεται</span> <span class='ocrx_word' id='word_1_739' title='bbox 996 5137 1059 5205; x_wconf 83' lang='grc' dir='ltr'><strong>τῇ</strong></span> <span class='ocrx_word' id='word_1_740' title='bbox 1081 5136 1201 5188; x_wconf 88' lang='grc' dir='ltr'>λίαν</span> <span class='ocrx_word' id='word_1_741' title='bbox 1230 5135 1544 5207; x_wconf 81' lang='grc' dir='ltr'>ἀλογωτάτῃ</span> <span class='ocrx_word' id='word_1_742' title='bbox 1570 5139 1662 5190; x_wconf 77' lang='grc' dir='ltr'>καὶ</span> <span class='ocrx_word' id='word_1_743' title='bbox 1687 5140 1719 5207; x_wconf 79' lang='grc' dir='ltr'>ἡ</span> <span class='ocrx_word' id='word_1_744' title='bbox 1744 5138 1852 5189; x_wconf 82' lang='grc' dir='ltr'><strong>τῶν</strong></span> 
     </span>
    </p>
   </div>
   <div class='ocr_carea' id='block_1_101' title="bbox 237 5227 1852 5297">
    <p class='ocr_par' dir='ltr' id='par_1_101' title="bbox 237 5227 1852 5297">
     <span class='ocr_line' id='line_1_101' title="bbox 237 5227 1852 5297; baseline -0.002 -14"><span class='ocrx_word' id='word_1_745' title='bbox 237 5231 536 5285; x_wconf 84' lang='grc' dir='ltr'>Ἰουδαίων</span> <span class='ocrx_word' id='word_1_746' title='bbox 563 5227 902 5297; x_wconf 84' lang='grc' dir='ltr'>Συναγωγὴ,</span> <span class='ocrx_word' id='word_1_747' title='bbox 930 5228 1025 5280; x_wconf 71' lang='grc' dir='ltr'>καὶ</span> <span class='ocrx_word' id='word_1_748' title='bbox 1048 5227 1185 5297; x_wconf 81' lang='grc' dir='ltr'>αὑτὴ</span> <span class='ocrx_word' id='word_1_749' title='bbox 1213 5228 1269 5280; x_wconf 83' lang='grc' dir='ltr'>δὲ</span> <span class='ocrx_word' id='word_1_750' title='bbox 1293 5228 1400 5281; x_wconf 87' lang='grc' dir='ltr'><strong>τῶν</strong></span> <span class='ocrx_word' id='word_1_751' title='bbox 1449 5227 1621 5281; x_wconf 72' lang='grc' dir='ltr'>ἐθνῶν</span> <span class='ocrx_word' id='word_1_752' title='bbox 1643 5229 1677 5297; x_wconf 78' lang='grc' dir='ltr'><strong>ὴ</strong></span> <span class='ocrx_word' id='word_1_753' title='bbox 1706 5228 1852 5295; x_wconf 72' lang='grc' dir='ltr'>πλη-</span> 
     </span>
    </p>
   </div>
   <div class='ocr_carea' id='block_1_102' title="bbox 227 5319 1854 5394">
    <p class='ocr_par' dir='ltr' id='par_1_102' title="bbox 227 5319 1854 5394">
     <span class='ocr_line' id='line_1_102' title="bbox 227 5319 1854 5394; baseline 0.001 -22"><span class='ocrx_word' id='word_1_754' title='bbox 227 5322 350 5387; x_wconf 85' lang='grc' dir='ltr'>θύς.</span> <span class='ocrx_word' id='word_1_755' title='bbox 393 5324 464 5377; x_wconf 85' lang='grc' dir='ltr'>Οί</span> <span class='ocrx_word' id='word_1_756' title='bbox 494 5323 611 5394; x_wconf 85' lang='grc' dir='ltr'><strong>μὲν</strong></span> <span class='ocrx_word' id='word_1_757' title='bbox 657 5319 768 5389; x_wconf 78' lang='grc' dir='ltr'><strong>γὰρ</strong></span> <span class='ocrx_word' id='word_1_758' title='bbox 790 5319 1207 5389; x_wconf 85' lang='grc' dir='ltr'>λελατρευκότες</span> <span class='ocrx_word' id='word_1_759' title='bbox 1240 5322 1305 5390; x_wconf 78' lang='grc' dir='ltr'>τῇ</span> <span class='ocrx_word' id='word_1_760' title='bbox 1357 5322 1529 5374; x_wconf 85' lang='grc' dir='ltr'>κτίσει</span> <span class='ocrx_word' id='word_1_761' title='bbox 1576 5320 1728 5389; x_wconf 77' lang='grc' dir='ltr'>παρὰ</span> <span class='ocrx_word' id='word_1_762' title='bbox 1759 5320 1854 5373; x_wconf 82' lang='grc' dir='ltr'>τὸν</span> 
     </span>
    </p>
   </div>
   <div class='ocr_carea' id='block_1_103' title="bbox 230 5410 1854 5481">
    <p class='ocr_par' dir='ltr' id='par_1_103' title="bbox 230 5410 1854 5481">
     <span class='ocr_line' id='line_1_103' title="bbox 230 5410 1854 5481; baseline -0.001 -15"><span class='ocrx_word' id='word_1_763' title='bbox 230 5415 513 5467; x_wconf 87' lang='grc' dir='ltr'>κτίσαντα</span> <span class='ocrx_word' id='word_1_764' title='bbox 550 5411 723 5465; x_wconf 75' lang='grc' dir='ltr'>Θεόνο</span> <span class='ocrx_word' id='word_1_765' title='bbox 786 5412 834 5463; x_wconf 73' lang='lat' dir='ltr'><strong>ot</strong></span> <span class='ocrx_word' id='word_1_766' title='bbox 864 5411 920 5464; x_wconf 87' lang='grc' dir='ltr'>δὲ</span> <span class='ocrx_word' id='word_1_767' title='bbox 972 5410 1062 5463; x_wconf 82' lang='grc' dir='ltr'>τὸν</span> <span class='ocrx_word' id='word_1_768' title='bbox 1104 5410 1447 5480; x_wconf 77' lang='grc' dir='ltr'>παιδαγωγὸν</span> <span class='ocrx_word' id='word_1_769' title='bbox 1496 5412 1854 5481; x_wconf 79' lang='grc' dir='ltr'>ἀτιμάζοντες</span> 
     </span>
    </p>
   </div>
   <div class='ocr_carea' id='block_1_104' title="bbox 230 5498 1856 5575">
    <p class='ocr_par' dir='ltr' id='par_1_104' title="bbox 230 5498 1856 5575">
     <span class='ocr_line' id='line_1_104' title="bbox 230 5498 1856 5575; baseline -0.004 -16"><span class='ocrx_word' id='word_1_770' title='bbox 230 5505 425 5575; x_wconf 84' lang='grc' dir='ltr'>νόμον,</span> <span class='ocrx_word' id='word_1_771' title='bbox 462 5502 581 5568; x_wconf 71' lang='grc' dir='ltr'><strong>ἔξω</strong></span> <span class='ocrx_word' id='word_1_772' title='bbox 626 5498 728 5553; x_wconf 76' lang='grc' dir='ltr'>νοῦ</span> <span class='ocrx_word' id='word_1_773' title='bbox 764 5501 857 5554; x_wconf 69' lang='grc' dir='ltr'><strong>καὶ</strong></span> <span class='ocrx_word' id='word_1_774' title='bbox 923 5502 1116 5571; x_wconf 81' lang='grc' dir='ltr'>φρενὸς</span> <span class='ocrx_word' id='word_1_775' title='bbox 1144 5502 1428 5570; x_wconf 84' lang='grc' dir='ltr'>γεγόνασιν</span> <span class='ocrx_word' id='word_1_776' title='bbox 1479 5502 1725 5571; x_wconf 84' lang='grc' dir='ltr'>ἀγαθῆς,</span> <span class='ocrx_word' id='word_1_777' title='bbox 1763 5504 1856 5553; x_wconf 71' lang='grc' dir='ltr'>καὶ</span> 
     </span>
    </p>
   </div>
   <div class='ocr_carea' id='block_1_105' title="bbox 305 5683 1399 5746">
    <p class='ocr_par' dir='ltr' id='par_1_105' title="bbox 305 5683 1399 5746">
     <span class='ocr_line' id='line_1_105' title="bbox 305 5683 1399 5746; baseline -0.004 -5"><span class='ocrx_word' id='word_1_778' title='bbox 305 5689 352 5718; x_wconf 78' lang='grc'><strong>⁸⁸</strong></span> <span class='ocrx_word' id='word_1_779' title='bbox 396 5686 574 5741; x_wconf 78' lang='lat' dir='ltr'><strong>Rom.</strong></span> <span class='ocrx_word' id='word_1_780' title='bbox 619 5699 749 5744; x_wconf 85' lang='lat' dir='ltr'><strong>vm,</strong></span> <span class='ocrx_word' id='word_1_781' title='bbox 789 5683 841 5738; x_wconf 77' lang='lat'><strong>5.</strong></span> <span class='ocrx_word' id='word_1_782' title='bbox 916 5684 961 5716; x_wconf 73' lang='grc'><strong>⁸⁵</strong></span> <span class='ocrx_word' id='word_1_783' title='bbox 1001 5684 1173 5739; x_wconf 73' lang='lat' dir='ltr'><strong>Calai.</strong></span> <span class='ocrx_word' id='word_1_784' title='bbox 1219 5702 1275 5746; x_wconf 84' lang='lat' dir='ltr'><strong>tt,</strong></span> <span class='ocrx_word' id='word_1_785' title='bbox 1313 5686 1399 5738; x_wconf 76' lang='grc'>16.</span> 
     </span>
    </p>
   </div>
   <div class='ocr_carea' id='block_1_106' title="bbox 238 5753 1714 5824">
    <p class='ocr_par' dir='ltr' id='par_1_106' title="bbox 238 5753 1714 5824">
     <span class='ocr_line' id='line_1_106' title="bbox 238 5753 1714 5824; baseline -0.001 -13"><span class='ocrx_word' id='word_1_786' title='bbox 238 5772 351 5824; x_wconf 63' lang='grc' dir='ltr'>χχι,</span> <span class='ocrx_word' id='word_1_787' title='bbox 396 5762 415 5811; x_wconf 83' lang='lat' dir='ltr'><strong>l</strong></span> <span class='ocrx_word' id='word_1_788' title='bbox 471 5772 645 5824; x_wconf 77' lang='lat' dir='ltr'><strong>seqq.</strong></span> <span class='ocrx_word' id='word_1_789' title='bbox 732 5754 774 5785; x_wconf 81' lang='lat'><strong>&quot;</strong></span> <span class='ocrx_word' id='word_1_790' title='bbox 820 5753 958 5808; x_wconf 81' lang='lat' dir='ltr'><strong>Psul.</strong></span> <span class='ocrx_word' id='word_1_791' title='bbox 997 5770 1090 5822; x_wconf 80' lang='lat' dir='ltr'><strong>vn,</strong></span> <span class='ocrx_word' id='word_1_792' title='bbox 1125 5756 1207 5810; x_wconf 81' lang='lat' dir='ltr'><strong>l0.</strong></span> <span class='ocrx_word' id='word_1_793' title='bbox 1285 5758 1328 5787; x_wconf 77' lang='grc'><strong>⁹²</strong></span> <span class='ocrx_word' id='word_1_794' title='bbox 1364 5757 1518 5811; x_wconf 77' lang='lat' dir='ltr'><strong>Rom.</strong></span> <span class='ocrx_word' id='word_1_795' title='bbox 1553 5774 1589 5822; x_wconf 91' lang='grc' dir='ltr'><strong>ι,</strong></span> <span class='ocrx_word' id='word_1_796' title='bbox 1627 5756 1714 5810; x_wconf 68' lang='lat' dir='ltr'><strong>:tiv.</strong></span> 
     </span>
    </p>
   </div>
   <div class='ocr_carea' id='block_1_107' title="bbox 1497 5685 2007 5716">
    <p class='ocr_par' dir='ltr' id='par_1_107' title="bbox 1497 5685 2007 5716">
     <span class='ocr_line' id='line_1_107' title="bbox 1497 5685 2007 5716; baseline 0 0"><span class='ocrx_word' id='word_1_797' title='bbox 1497 5687 1538 5716; x_wconf 60' lang='lat' dir='ltr'><strong>I7</strong></span> <span class='ocrx_word' id='word_1_798' title='bbox 1656 5685 1762 5716; x_wconf 47' lang='grc' dir='ltr'><strong>(Ἴων</strong></span> <span class='ocrx_word' id='word_1_799' title='bbox 1815 5699 1869 5716; x_wconf 67' lang='grc' dir='ltr'><strong>ιι</strong></span> 
     </span>
    </p>
   </div>
   <div class='ocr_carea' id='block_1_108' title="bbox 1575 5684 1864 5820">
    <p class='ocr_par' dir='ltr' id='par_1_108' title="bbox 1575 5684 1864 5820">
     <span class='ocr_line' id='line_1_108' title="bbox 1575 5684 1864 5736; baseline -0.01 0"><span class='ocrx_word' id='word_1_800' title='bbox 1575 5684 1613 5736; x_wconf 91' lang='grc' dir='ltr'><strong>ΙΙ</strong></span> <span class='ocrx_word' id='word_1_801' title='bbox 1656 5684 1781 5735; x_wconf 74' lang='lat' dir='ltr'><strong>Cur.</strong></span> <span class='ocrx_word' id='word_1_802' title='bbox 1815 5699 1864 5733; x_wconf 70' lang='grc' dir='ltr'>λι</span> 
     </span>
     <span class='ocr_line' id='line_1_109' title="bbox 1577 5754 1837 5820; baseline 0.012 -13"><span class='ocrx_word' id='word_1_803' title='bbox 1577 5799 1589 5820; x_wconf 84' lang='grc'><strong>,</strong></span> <span class='ocrx_word' id='word_1_804' title='bbox 1627 5756 1714 5810; x_wconf 65' lang='lat'><strong>33).</strong></span> <span class='ocrx_word' id='word_1_805' title='bbox 1795 5754 1837 5779; x_wconf 51' lang='grc'><strong>⁸¹</strong></span> 
     </span>
    </p>
   </div>
   <div class='ocr_carea' id='block_1_109' title="bbox 1951 5684 3529 5820">
    <p class='ocr_par' dir='ltr' id='par_1_109' title="bbox 1951 5684 3529 5820">
     <span class='ocr_line' id='line_1_110' title="bbox 1951 5684 3529 5745; baseline -0.008 -10"><span class='ocrx_word' id='word_1_806' title='bbox 1951 5684 2027 5735; x_wconf 69' lang='lat'><strong>53.</strong></span> <span class='ocrx_word' id='word_1_807' title='bbox 2135 5684 2178 5715; x_wconf 82' lang='grc'><strong>⁸⁸</strong></span> <span class='ocrx_word' id='word_1_808' title='bbox 2217 5684 2230 5734; x_wconf 97' lang='lat' dir='ltr'><strong>l</strong></span> <span class='ocrx_word' id='word_1_809' title='bbox 2270 5684 2394 5737; x_wconf 84' lang='lat' dir='ltr'><strong>Cnr.</strong></span> <span class='ocrx_word' id='word_1_810' title='bbox 2430 5697 2517 5745; x_wconf 73' lang='lat' dir='ltr'><strong>xv,</strong></span> <span class='ocrx_word' id='word_1_811' title='bbox 2556 5684 2641 5735; x_wconf 65' lang='grc'><strong>45.</strong></span> <span class='ocrx_word' id='word_1_812' title='bbox 2723 5684 2765 5714; x_wconf 74' lang='grc' dir='ltr'>δ’</span> <span class='ocrx_word' id='word_1_813' title='bbox 2794 5684 2949 5734; x_wconf 87' lang='lat' dir='ltr'><strong>Joan.</strong></span> <span class='ocrx_word' id='word_1_814' title='bbox 2991 5694 3065 5741; x_wconf 84' lang='lat' dir='ltr'><strong>IV,</strong></span> <span class='ocrx_word' id='word_1_815' title='bbox 3099 5684 3185 5732; x_wconf 66' lang='grc' dir='ltr'>Ἡ.</span> <span class='ocrx_word' id='word_1_816' title='bbox 3264 5684 3307 5709; x_wconf 61' lang='grc' dir='ltr'><strong>’κ’</strong></span> <span class='ocrx_word' id='word_1_817' title='bbox 3338 5684 3529 5729; x_wconf 80' lang='lat' dir='ltr'><strong>Matth.</strong></span> 
     </span>
     <span class='ocr_line' id='line_1_111' title="bbox 1956 5742 3529 5820; baseline -0.008 -14"><span class='ocrx_word' id='word_1_818' title='bbox 1956 5756 2042 5806; x_wconf 70' lang='grc' dir='ltr'>ιιι.</span> <span class='ocrx_word' id='word_1_819' title='bbox 2076 5772 2154 5820; x_wconf 86' lang='grc' dir='ltr'>ιιι,</span> <span class='ocrx_word' id='word_1_820' title='bbox 2194 5754 2279 5807; x_wconf 61' lang='grc' dir='ltr'>Ἣ.</span> <span class='ocrx_word' id='word_1_821' title='bbox 2362 5756 2407 5785; x_wconf 60' lang='grc' dir='ltr'><strong>δ”</strong></span> <span class='ocrx_word' id='word_1_822' title='bbox 2442 5753 2581 5807; x_wconf 70' lang='grc' dir='ltr'>ΡδςιΙ.</span> <span class='ocrx_word' id='word_1_823' title='bbox 2617 5766 2797 5820; x_wconf 61' lang='lat' dir='ltr'><strong>sunt,</strong></span> <span class='ocrx_word' id='word_1_824' title='bbox 2841 5750 2930 5803; x_wconf 69' lang='lat'><strong>2|.</strong></span> <span class='ocrx_word' id='word_1_825' title='bbox 3010 5751 3057 5780; x_wconf 70' lang='grc'><strong>’⁵</strong></span> <span class='ocrx_word' id='word_1_826' title='bbox 3086 5747 3252 5804; x_wconf 73' lang='lat' dir='ltr'><strong>Exod.</strong></span> <span class='ocrx_word' id='word_1_827' title='bbox 3302 5761 3419 5810; x_wconf 83' lang='lat' dir='ltr'><strong>xm,</strong></span> <span class='ocrx_word' id='word_1_828' title='bbox 3450 5742 3529 5794; x_wconf 74' lang='lat'><strong>13.</strong></span> 
     </span>
    </p>
   </div>
   <div class='ocr_carea' id='block_1_110' title="bbox 1956 4578 3531 4657">
    <p class='ocr_par' dir='ltr' id='par_1_110' title="bbox 1956 4578 3531 4657">
     <span class='ocr_line' id='line_1_112' title="bbox 1956 4578 3531 4657; baseline 0.003 -21"><span class='ocrx_word' id='word_1_829' title='bbox 1956 4582 2117 4636; x_wconf 88' lang='lat' dir='ltr'><strong>corda</strong></span> <span class='ocrx_word' id='word_1_830' title='bbox 2144 4583 2245 4636; x_wconf 81' lang='grc'><strong>“.›</strong></span> <span class='ocrx_word' id='word_1_831' title='bbox 2271 4582 2437 4637; x_wconf 82' lang='lat' dir='ltr'><strong>Asino</strong></span> <span class='ocrx_word' id='word_1_832' title='bbox 2460 4584 2628 4651; x_wconf 89' lang='lat' dir='ltr'><strong>enim,</strong></span> <span class='ocrx_word' id='word_1_833' title='bbox 2652 4585 2910 4640; x_wconf 88' lang='lat' dir='ltr'><strong>animanti</strong></span> <span class='ocrx_word' id='word_1_834' title='bbox 2948 4601 2977 4640; x_wconf 90' lang='lat' dir='ltr'><strong>a</strong></span> <span class='ocrx_word' id='word_1_835' title='bbox 3011 4586 3219 4641; x_wconf 89' lang='lat' dir='ltr'><strong>ratione</strong></span> <span class='ocrx_word' id='word_1_836' title='bbox 3244 4578 3531 4657; x_wconf 62' lang='lat' dir='ltr'><strong>seiunctis»</strong></span> 
     </span>
    </p>
   </div>
   <div class='ocr_carea' id='block_1_111' title="bbox 1955 4670 3532 4747">
    <p class='ocr_par' dir='ltr' id='par_1_111' title="bbox 1955 4670 3532 4747">
     <span class='ocr_line' id='line_1_113' title="bbox 1955 4670 3532 4747; baseline 0.003 -22"><span class='ocrx_word' id='word_1_837' title='bbox 1955 4671 2105 4726; x_wconf 68' lang='lat' dir='ltr'><strong>sirtm</strong></span> <span class='ocrx_word' id='word_1_838' title='bbox 2133 4680 2188 4726; x_wconf 88' lang='lat' dir='ltr'><strong>et</strong></span> <span class='ocrx_word' id='word_1_839' title='bbox 2209 4670 2517 4728; x_wconf 59' lang='lat' dir='ltr'><strong>Iudaeorum</strong></span> <span class='ocrx_word' id='word_1_840' title='bbox 2548 4676 2831 4747; x_wconf 81' lang='lat' dir='ltr'><strong>Synagnga</strong></span> <span class='ocrx_word' id='word_1_841' title='bbox 2852 4713 2868 4740; x_wconf 92' lang='lat'><strong>,</strong></span> <span class='ocrx_word' id='word_1_842' title='bbox 2903 4684 2960 4730; x_wconf 89' lang='lat' dir='ltr'><strong>et</strong></span> <span class='ocrx_word' id='word_1_843' title='bbox 3010 4676 3244 4745; x_wconf 77' lang='lat' dir='ltr'><strong>gentium</strong></span> <span class='ocrx_word' id='word_1_844' title='bbox 3306 4676 3532 4745; x_wconf 80' lang='lat' dir='ltr'><strong>pupulus</strong></span> 
     </span>
    </p>
   </div>
   <div class='ocr_carea' id='block_1_112' title="bbox 1956 4766 3529 4837">
    <p class='ocr_par' dir='ltr' id='par_1_112' title="bbox 1956 4766 3529 4837">
     <span class='ocr_line' id='line_1_114' title="bbox 1956 4766 3529 4837; baseline 0 -20"><span class='ocrx_word' id='word_1_845' title='bbox 1956 4774 2357 4835; x_wconf 89' lang='lat' dir='ltr'><strong>comparantur.</strong></span> <span class='ocrx_word' id='word_1_846' title='bbox 2411 4766 2503 4820; x_wconf 62' lang='lat' dir='ltr'><strong>Hae</strong></span> <span class='ocrx_word' id='word_1_847' title='bbox 2554 4783 2787 4837; x_wconf 87' lang='lat' dir='ltr'><strong>namque</strong></span> <span class='ocrx_word' id='word_1_848' title='bbox 2825 4777 3086 4823; x_wconf 84' lang='lat' dir='ltr'><strong>creaturae</strong></span> <span class='ocrx_word' id='word_1_849' title='bbox 3138 4770 3317 4836; x_wconf 90' lang='lat' dir='ltr'><strong>potius</strong></span> <span class='ocrx_word' id='word_1_850' title='bbox 3369 4782 3529 4835; x_wconf 88' lang='lat' dir='ltr'><strong>quam</strong></span> 
     </span>
    </p>
   </div>
   <div class='ocr_carea' id='block_1_113' title="bbox 1955 4857 3532 4927">
    <p class='ocr_par' dir='ltr' id='par_1_113' title="bbox 1955 4857 3532 4927">
     <span class='ocr_line' id='line_1_115' title="bbox 1955 4857 3532 4927; baseline -0.001 -16"><span class='ocrx_word' id='word_1_851' title='bbox 1955 4857 2186 4911; x_wconf 84' lang='lat' dir='ltr'><strong>creatori</strong></span> <span class='ocrx_word' id='word_1_852' title='bbox 2213 4857 2323 4912; x_wconf 89' lang='lat' dir='ltr'><strong>Deo</strong></span> <span class='ocrx_word' id='word_1_853' title='bbox 2355 4860 2661 4913; x_wconf 90' lang='lat' dir='ltr'><strong>servierunt</strong></span> <span class='ocrx_word' id='word_1_854' title='bbox 2690 4862 2735 4891; x_wconf 73' lang='grc' dir='ltr'>θ’</span> <span class='ocrx_word' id='word_1_855' title='bbox 2755 4870 2776 4913; x_wconf 82' lang='lat'><strong>&#39;:</strong></span> <span class='ocrx_word' id='word_1_856' title='bbox 2802 4858 2875 4912; x_wconf 87' lang='lat' dir='ltr'><strong>illi</strong></span> <span class='ocrx_word' id='word_1_857' title='bbox 2909 4860 3079 4927; x_wconf 78' lang='lat' dir='ltr'><strong>legem</strong></span> <span class='ocrx_word' id='word_1_858' title='bbox 3111 4857 3460 4927; x_wconf 81' lang='lat' dir='ltr'><strong>paedagogum</strong></span> <span class='ocrx_word' id='word_1_859' title='bbox 3482 4857 3532 4888; x_wconf 82' lang='lat'>“</span> 
     </span>
    </p>
   </div>
   <div class='ocr_carea' id='block_1_114' title="bbox 1956 4948 3532 5019">
    <p class='ocr_par' dir='ltr' id='par_1_114' title="bbox 1956 4948 3532 5019">
     <span class='ocr_line' id='line_1_116' title="bbox 1956 4948 3532 5019; baseline 0 -17"><span class='ocrx_word' id='word_1_860' title='bbox 1956 4963 2049 5003; x_wconf 90' lang='lat' dir='ltr'><strong>seu</strong></span> <span class='ocrx_word' id='word_1_861' title='bbox 2086 4950 2448 5005; x_wconf 89' lang='lat' dir='ltr'><strong>institutorem</strong></span> <span class='ocrx_word' id='word_1_862' title='bbox 2485 4959 2859 5019; x_wconf 86' lang='lat' dir='ltr'><strong>aspernantes,</strong></span> <span class='ocrx_word' id='word_1_863' title='bbox 2893 4949 3087 5005; x_wconf 83' lang='lat' dir='ltr'><strong>bonam</strong></span> <span class='ocrx_word' id='word_1_864' title='bbox 3121 4956 3353 5003; x_wconf 89' lang='lat' dir='ltr'><strong>mentem</strong></span> <span class='ocrx_word' id='word_1_865' title='bbox 3394 4948 3532 5002; x_wconf 87' lang='lat' dir='ltr'><strong>ami-</strong></span> 
     </span>
    </p>
   </div>
   <div class='ocr_carea' id='block_1_115' title="bbox 1958 5036 3533 5108">
    <p class='ocr_par' dir='ltr' id='par_1_115' title="bbox 1958 5036 3533 5108">
     <span class='ocr_line' id='line_1_117' title="bbox 1958 5036 3533 5108; baseline -0.003 -15"><span class='ocrx_word' id='word_1_866' title='bbox 1958 5048 2166 5101; x_wconf 84' lang='lat' dir='ltr'><strong>serunt,</strong></span> <span class='ocrx_word' id='word_1_867' title='bbox 2210 5038 2371 5108; x_wconf 82' lang='lat'><strong><em>737</em></strong></span> <span class='ocrx_word' id='word_1_868' title='bbox 2408 5048 2462 5092; x_wconf 92' lang='lat' dir='ltr'><strong>et</strong></span> <span class='ocrx_word' id='word_1_869' title='bbox 2502 5039 2556 5093; x_wconf 93' lang='lat' dir='ltr'><strong>in</strong></span> <span class='ocrx_word' id='word_1_870' title='bbox 2594 5053 2753 5094; x_wconf 88' lang='lat' dir='ltr'><strong>omne</strong></span> <span class='ocrx_word' id='word_1_871' title='bbox 2790 5050 2961 5107; x_wconf 81' lang='lat' dir='ltr'><strong>genus</strong></span> <span class='ocrx_word' id='word_1_872' title='bbox 2990 5037 3255 5093; x_wconf 86' lang='lat' dir='ltr'><strong>scelerum</strong></span> <span class='ocrx_word' id='word_1_873' title='bbox 3293 5036 3533 5090; x_wconf 84' lang='lat' dir='ltr'><strong>declina-</strong></span> 
     </span>
    </p>
   </div>
   <div class='ocr_carea' id='block_1_116' title="bbox 1959 5127 3536 5198">
    <p class='ocr_par' dir='ltr' id='par_1_116' title="bbox 1959 5127 3536 5198">
     <span class='ocr_line' id='line_1_118' title="bbox 1959 5127 3536 5198; baseline -0.001 -14"><span class='ocrx_word' id='word_1_874' title='bbox 1959 5139 2134 5184; x_wconf 80' lang='lat' dir='ltr'><strong>runt.t</strong></span> <span class='ocrx_word' id='word_1_875' title='bbox 2159 5129 2467 5197; x_wconf 86' lang='lat' dir='ltr'><strong>Comparati</strong></span> <span class='ocrx_word' id='word_1_876' title='bbox 2482 5131 2625 5184; x_wconf 91' lang='lat' dir='ltr'><strong>enim</strong></span> <span class='ocrx_word' id='word_1_877' title='bbox 2645 5139 2768 5185; x_wconf 88' lang='lat' dir='ltr'><strong>sunt</strong></span> <span class='ocrx_word' id='word_1_878' title='bbox 2784 5129 3044 5198; x_wconf 72' lang='lat' dir='ltr'><strong>iumentis</strong></span> <span class='ocrx_word' id='word_1_879' title='bbox 3069 5127 3466 5197; x_wconf 87' lang='lat' dir='ltr'><strong>insipientibus,</strong></span> <span class='ocrx_word' id='word_1_880' title='bbox 3481 5142 3536 5185; x_wconf 88' lang='lat' dir='ltr'><strong>et</strong></span> 
     </span>
    </p>
   </div>
   <div class='ocr_carea' id='block_1_117' title="bbox 1959 5218 3538 5291">
    <p class='ocr_par' dir='ltr' id='par_1_117' title="bbox 1959 5218 3538 5291">
     <span class='ocr_line' id='line_1_119' title="bbox 1959 5218 3538 5291; baseline 0 -14"><span class='ocrx_word' id='word_1_881' title='bbox 1959 5222 2162 5277; x_wconf 87' lang='lat' dir='ltr'><strong>similes</strong></span> <span class='ocrx_word' id='word_1_882' title='bbox 2187 5222 2315 5276; x_wconf 85' lang='lat' dir='ltr'><strong>l‘acti</strong></span> <span class='ocrx_word' id='word_1_883' title='bbox 2337 5233 2463 5278; x_wconf 78' lang='lat' dir='ltr'><strong>sunt</strong></span> <span class='ocrx_word' id='word_1_884' title='bbox 2488 5223 2596 5279; x_wconf 87' lang='lat' dir='ltr'><strong>illis</strong></span> <span class='ocrx_word' id='word_1_885' title='bbox 2611 5224 2678 5291; x_wconf 74' lang='lat'><strong>“,</strong></span> <span class='ocrx_word' id='word_1_886' title='bbox 2693 5242 2711 5275; x_wconf 74' lang='grc' dir='ltr'><strong>ι</strong></span> <span class='ocrx_word' id='word_1_887' title='bbox 2729 5232 2785 5276; x_wconf 87' lang='grc' dir='ltr'><strong>ιιι</strong></span> <span class='ocrx_word' id='word_1_888' title='bbox 2803 5222 3007 5276; x_wconf 80' lang='lat' dir='ltr'><strong>Psalt&#39;es</strong></span> <span class='ocrx_word' id='word_1_889' title='bbox 3020 5221 3114 5273; x_wconf 90' lang='lat' dir='ltr'><strong>ait.</strong></span> <span class='ocrx_word' id='word_1_890' title='bbox 3135 5218 3231 5274; x_wconf 88' lang='lat' dir='ltr'><strong>Est</strong></span> <span class='ocrx_word' id='word_1_891' title='bbox 3254 5220 3453 5290; x_wconf 88' lang='lat' dir='ltr'><strong>alioqui</strong></span> <span class='ocrx_word' id='word_1_892' title='bbox 3482 5232 3538 5276; x_wconf 80' lang='lat' dir='ltr'><strong>et</strong></span> 
     </span>
    </p>
   </div>
   <div class='ocr_carea' id='block_1_118' title="bbox 1960 5310 3535 5383">
    <p class='ocr_par' dir='ltr' id='par_1_118' title="bbox 1960 5310 3535 5383">
     <span class='ocr_line' id='line_1_120' title="bbox 1960 5310 3535 5383; baseline -0.002 -13"><span class='ocrx_word' id='word_1_893' title='bbox 1960 5312 2311 5370; x_wconf 73' lang='lat' dir='ltr'><strong>immunditia:</strong></span> <span class='ocrx_word' id='word_1_894' title='bbox 2327 5313 2626 5383; x_wconf 87' lang='lat' dir='ltr'><strong>symbolum</strong></span> <span class='ocrx_word' id='word_1_895' title='bbox 2649 5315 2831 5367; x_wconf 89' lang='lat' dir='ltr'><strong>asinus</strong></span> <span class='ocrx_word' id='word_1_896' title='bbox 2857 5329 2869 5364; x_wconf 92' lang='lat'><strong>:</strong></span> <span class='ocrx_word' id='word_1_897' title='bbox 2891 5310 3170 5377; x_wconf 80' lang='lat' dir='ltr'><strong>profanum</strong></span> <span class='ocrx_word' id='word_1_898' title='bbox 3196 5312 3392 5381; x_wconf 90' lang='lat' dir='ltr'><strong>quippe</strong></span> <span class='ocrx_word' id='word_1_899' title='bbox 3415 5315 3535 5367; x_wconf 87' lang='lat' dir='ltr'><strong>ani-</strong></span> 
     </span>
    </p>
   </div>
   <div class='ocr_carea' id='block_1_119' title="bbox 1961 5399 3536 5472">
    <p class='ocr_par' dir='ltr' id='par_1_119' title="bbox 1961 5399 3536 5472">
     <span class='ocr_line' id='line_1_121' title="bbox 1961 5399 3536 5472; baseline -0.003 -10"><span class='ocrx_word' id='word_1_900' title='bbox 1961 5406 2137 5463; x_wconf 89' lang='lat' dir='ltr'><strong>malet</strong></span> <span class='ocrx_word' id='word_1_901' title='bbox 2154 5405 2467 5459; x_wconf 88' lang='lat' dir='ltr'><strong>damnatum</strong></span> <span class='ocrx_word' id='word_1_902' title='bbox 2498 5417 2527 5456; x_wconf 91' lang='lat' dir='ltr'><strong>a</strong></span> <span class='ocrx_word' id='word_1_903' title='bbox 2553 5402 2668 5472; x_wconf 85' lang='lat' dir='ltr'><strong>lege</strong></span> <span class='ocrx_word' id='word_1_904' title='bbox 2690 5403 2761 5455; x_wconf 76' lang='grc'><strong>’⁸.</strong></span> <span class='ocrx_word' id='word_1_905' title='bbox 2784 5399 2942 5453; x_wconf 86' lang='lat' dir='ltr'><strong>Tales</strong></span> <span class='ocrx_word' id='word_1_906' title='bbox 2969 5403 3187 5457; x_wconf 89' lang='lat' dir='ltr'><strong>omnino</strong></span> <span class='ocrx_word' id='word_1_907' title='bbox 3208 5413 3331 5457; x_wconf 88' lang='lat' dir='ltr'><strong>sunt</strong></span> <span class='ocrx_word' id='word_1_908' title='bbox 3351 5419 3536 5458; x_wconf 81' lang='lat' dir='ltr'><strong>errore</strong></span> 
     </span>
    </p>
   </div>
   <div class='ocr_carea' id='block_1_120' title="bbox 1960 5494 3530 5569">
    <p class='ocr_par' dir='ltr' id='par_1_120' title="bbox 1960 5494 3530 5569">
     <span class='ocr_line' id='line_1_122' title="bbox 1960 5494 3530 5569; baseline -0.003 -16"><span class='ocrx_word' id='word_1_909' title='bbox 1960 5508 2247 5569; x_wconf 86' lang='lat' dir='ltr'><strong>vagantes,</strong></span> <span class='ocrx_word' id='word_1_910' title='bbox 2287 5505 2343 5550; x_wconf 91' lang='lat' dir='ltr'><strong>et</strong></span> <span class='ocrx_word' id='word_1_911' title='bbox 2385 5495 2613 5549; x_wconf 84' lang='lat' dir='ltr'><strong>libenter</strong></span> <span class='ocrx_word' id='word_1_912' title='bbox 2666 5495 2719 5549; x_wconf 90' lang='lat' dir='ltr'><strong>in</strong></span> <span class='ocrx_word' id='word_1_913' title='bbox 2757 5494 2992 5565; x_wconf 88' lang='lat' dir='ltr'><strong>peccatis</strong></span> <span class='ocrx_word' id='word_1_914' title='bbox 3052 5510 3169 5550; x_wconf 88' lang='lat' dir='ltr'><strong>sese</strong></span> <span class='ocrx_word' id='word_1_915' title='bbox 3204 5497 3530 5550; x_wconf 79' lang='lat' dir='ltr'><strong>volutantes.</strong></span> 
     </span>
    </p>
   </div>
   <div class='ocr_carea' id='block_1_121' title="bbox 2135 5675 3531 5745">
    <p class='ocr_par' dir='ltr' id='par_1_121' title="bbox 2135 5675 3531 5745">
     <span class='ocr_line' id='line_1_123' title="bbox 2135 5675 3531 5745; baseline -0.008 -10"><span class='ocrx_word' id='word_1_916' title='bbox 2135 5684 2178 5715; x_wconf 82' lang='grc'><strong>⁸⁸</strong></span> <span class='ocrx_word' id='word_1_917' title='bbox 2217 5683 2230 5734; x_wconf 96' lang='lat' dir='ltr'><strong>l</strong></span> <span class='ocrx_word' id='word_1_918' title='bbox 2270 5681 2394 5737; x_wconf 82' lang='lat' dir='ltr'><strong>Cor.</strong></span> <span class='ocrx_word' id='word_1_919' title='bbox 2430 5697 2517 5745; x_wconf 71' lang='lat' dir='ltr'><strong>xv,</strong></span> <span class='ocrx_word' id='word_1_920' title='bbox 2556 5680 2641 5735; x_wconf 70' lang='grc'><strong>45.</strong></span> <span class='ocrx_word' id='word_1_921' title='bbox 2723 5681 2765 5714; x_wconf 75' lang='grc' dir='ltr'>δ’</span> <span class='ocrx_word' id='word_1_922' title='bbox 2794 5679 2949 5734; x_wconf 89' lang='lat' dir='ltr'><strong>Joan.</strong></span> <span class='ocrx_word' id='word_1_923' title='bbox 2991 5694 3065 5741; x_wconf 84' lang='lat' dir='ltr'><strong>IV,</strong></span> <span class='ocrx_word' id='word_1_924' title='bbox 3099 5678 3185 5732; x_wconf 62' lang='grc' dir='ltr'>Ἡ.</span> <span class='ocrx_word' id='word_1_925' title='bbox 3264 5678 3307 5709; x_wconf 56' lang='grc' dir='ltr'><em>κ</em></span> <span class='ocrx_word' id='word_1_926' title='bbox 3338 5675 3531 5745; x_wconf 60' lang='lat' dir='ltr'><strong>Matth.</strong></span> 
     </span>
    </p>
   </div>
  </div>
