4080 6284
561 365 665 421 147
1552 367 1608 422 S.
1651 367 1926 424 CYRILLI
1965 365 2432 422 ALEXANDRINI
2473 363 2797 422 ARCHIEP.
3727 357 3827 413 ΗΒ

560 485 698 558 πρὸς
734 486 843 540 πᾶν
892 480 1029 551 εἶδος
1074 486 1410 557 φαυλότητος
1479 486 1919 549 ἀπονενευκότες.
1959 505 1978 537 ι
2045 485 2614 558 Παρασυνεϐλήθησαν
2669 484 2779 555 γὰρ
2825 484 2936 547 τοῖς
2985 481 3204 553 κτήνεσι
3245 478 3355 540 τοῖς
3399 474 3689 546 ἀνοήτοις,
3738 474 3833 527 καὶ

557 577 869 648 ὡμοίωνται
895 581 1100 645 αὐτοῖς,
1133 601 1151 632 ι
1190 581 1331 634 κατὰ
1367 582 1463 652 τὴν
1492 580 1584 634 τοῦ
1609 582 1915 643 Ψάλλοντος
1973 582 2176 651 φωνήν.
2224 583 2384 645 ’Όνος
2448 583 2504 635 δὲ
2533 583 2628 636 καὶ
2671 581 2877 652 ἑτέρως
2921 575 3265 648 ἀκαθαρσίας
3295 571 3586 643 σύμϐολον·
3621 570 3835 639 ἀνίερον

558 668 750 742 γὰρτὸ
779 669 937 737 ζῶον,
1001 671 1093 724 καὶ
1130 672 1229 742 τὴν
1276 674 1340 725 ὲκ
1394 673 1558 743 νόμου
1606 675 1948 747 κατὰρρησιν
1996 671 2138 742 ἕχον.
2215 673 2540 728 Τοιοῦτοιδὲ
2580 674 2800 736 πάντως
2863 673 2912 725 οἱ
2965 669 3310 739 πλανώμενοι
3356 666 3449 719 καὶ
3486 661 3836 734 φιλαμαρτή-

567 776 748 830 μονες.

636 847 802 902 Vens.
839 849 922 902 10.
952 826 1318 920 Είάὶδρενιίει
1348 855 1633 922 quadrigas
1669 872 1731 909 ea:
1785 837 2037 925 Epitraiin
2058 893 2072 918 ,
2096 864 2143 908 et

2327 851 2437 905 Καὶ
2495 852 2917 919 ἐξολοθρεύσει
2979 851 3213 919 ἅρματα.
3271 847 3338 911 ἐξ
3387 847 3670 917 Ἐφραῒμ,
3742 847 3836 900 καὶ

489 962 496 967 ·
564 956 752 1010 equum
795 943 858 994 de
893 939 1210 1010 Jerusalem,
1261 953 1308 996 et
1345 945 1600 1009 (iispertlet
1645 962 1826 999 arcum
1879 945 2142 1012 bellicum,

565 1043 609 1084 et
643 1032 1050 1102 multitudinem,
1077 1044 1123 1088 et
1171 1052 1352 1104 pacem
1385 1052 1449 1089 ea:
1481 1039 1734 1105 gentibus,
1765 1048 1814 1092 et
1852 1037 2148 1090 dominabi-

567 1132 656 1174 tur
684 1139 941 1192 aquarum
971 1141 1001 1176 a
1031 1127 1166 1176 mari
1194 1141 1356 1194 usque
1382 1128 1450 1179 ad
1479 1143 1642 1192 mare,
1678 1140 1723 1181 et
1775 1145 1806 1181 a
1839 1126 2146 1197 [luminibus

571 1228 733 1282 usque
785 1213 856 1266 ad
891 1215 1062 1268 exitus
1092 1224 1266 1268 terrte.

641 1392 824 1448 LVIII.
863 1393 1214 1464 Unigenitum
1250 1394 1524 1450 hominem
1571 1406 1778 1462 natum,
1815 1397 2149 1468 diligentium

571 1497 631 1538 se
658 1483 883 1552 pedibus
910 1483 1273 1552 subjecturum
1302 1503 1321 1536 ι
1360 1485 1714 1556 principatus,
1755 1496 1808 1540 ct
1839 1497 2152 1555 potestates,

571 1585 627 1630 et
673 1575 854 1630 mundi
893 1584 1136 1631 rectores
1164 1576 1231 1644 "°,
1269 1595 1287 1628 ι
1321 1577 1424 1632 hoc
1460 1587 1541 1630 est
1567 1577 1916 1634 detestabiles
1956 1583 2156 1637 dmino-

577 1665 786 1720 niorum
822 1666 1028 1732 turbas,
1048 1675 1103 1722 et
1139 1666 1480 1723 subditurum
1514 1668 1646 1737 ipsis
1679 1684 1869 1724 omnes
1904 1670 2156 1727 inimicos

571 1758 772 1827 quique
790 1768 1110 1825 cernuntur,
1133 1761 1334 1830 quique
1351 1776 1454 1816 non
1473 1771 1791 1830 cernuntur,
1823 1771 1878 1816 et
1899 1764 2158 1818 contritu-

573 1864 694 1904 rum
711 1865 872 1906 omne
916 1851 1137 1918 bellum,
1161 1866 1192 1906 e
1231 1853 1384 1907 bonis
1410 1855 1557 1921 pacis
1593 1867 1686 1908 eos
1711 1854 2156 1921 exhilaraturum,

575 1942 675 1996 sub
727 1951 1039 2012 tegumento
1075 1942 1360 1998 verborum
1404 1945 1753 2014 propheticus
1798 1960 1976 2001 sermo
2007 1946 2161 2001 nobis

577 2032 932 2091 demonstrat.
980 2034 1298 2091 Invaserunt
1341 2037 1483 2092 enim
1532 2037 1822 2105 aliquando
1878 2037 2159 2110 Babylonii

581 2122 1042 2196 llierosolymitas,
1063 2135 1223 2196 atque
1240 2126 1399 2181 etiam
1425 2128 1696 2185 nonnulla:
1713 2139 1903 2198 gentes
1920 2129 2055 2184 ﬁniti
2065 2146 2164 2185 mae

579 2215 755 2286 cquis,
775 2225 829 2270 et
878 2217 1146 2282 curribus,
1173 2225 1227 2271 et
1267 2219 1501 2274 arcubus
1550 2234 1644 2274 eos
1666 2229 1792 2275 sunt
1838 2222 2065 2287 adortae,
2105 2233 2164 2278 ut

582 2306 808 2376 legimus
825 2308 894 2375 ³⁷,
919 2317 1080 2378 atque
1104 2308 1175 2363 ita
1197 2308 1510 2380 subjugatos
1532 2312 1726 2368 acerbe
1755 2324 2044 2370 vexarunt.
2079 2316 2162 2372 Ab

583 2407 776 2453 eventu
815 2399 977 2470 igitur
999 2399 1202 2454 Christi
1233 2401 1635 2469 praeclariorum
1661 2419 1885 2473 operum
1913 2405 2166 2474 splendo-

583 2505 698 2545 rem
720 2491 978 2557 ostendit,
997 2507 1121 2546 cum
1140 2493 1212 2548 ait
1237 2515 1250 2550 :
1281 2493 1378 2560 Qui
1408 2495 1814 2564 salvat,justus,
1843 2511 2164 2556 etmansue-

583 2582 826 2638 tissimus
856 2598 951 2638 rex
969 2584 1146 2639 veniet
1172 2584 1412 2654 quidem,
1433 2599 1532 2642 nec
1561 2588 1727 2642 multo
1745 2601 1862 2659 post
1889 2592 2001 2646 haec
2033 2600 2166 2646 lem-

585 2688 738 2742 pora.
763 2673 1146 2731 Verumtamen
1201 2693 1307 2731 non
1378 2694 1574 2749 magna
1637 2695 1760 2733 cum
1827 2681 2168 2736 multitudine

585 2765 904 2833 satellitum,
927 2780 1034 2821 non
1055 2766 1365 2837 stipatores,
1397 2784 1502 2822 non
1536 2769 1679 2824 mille
1727 2786 1906 2824 rerum
1964 2771 2168 2824 milita-

587 2855 728 2910 rium
761 2871 960 2925 gnaros
992 2873 1174 2914 secum
1201 2859 1430 2916 habens.
1452 2859 1602 2915 Adeo
1629 2873 1809 2916 autem
1834 2863 1887 2916 in
1923 2863 2169 2916 modera-

589 2947 734 3001 tione
763 2947 930 3002 animi
957 2949 1306 3016 exercitatus,
1335 2961 1394 3006 ut
1434 2952 1598 3007 etiam
1653 2952 1738 3006 vix
1806 2953 2011 3021 pullum
2054 2954 2167 3008 asi-

588 3040 801 3094 narium
835 3041 1094 3096 ascendat
1116 3041 1180 3096 ⁹⁸.
1217 3044 1317 3098 Ast
1351 3045 1550 3100 virtute
1581 3054 1761 3099 tantus
1784 3045 1889 3099 erit
1931 3053 2170 3099 tantum-

587 3147 690 3201 que
718 3134 956 3203 proderit
981 3134 1035 3188 in
1069 3149 1132 3190 se
1161 3135 1580 3202 conlidentibus,
1636 3147 1695 3194 ut
1739 3137 1952 3192 auferat
1982 3152 2171 3194 currus

589 3223 863 3294 Ephraim,
901 3234 955 3280 et
979 3240 1175 3296 equum
1217 3225 1500 3284 abstrahat
1533 3229 1599 3283 ab
1629 3229 2169 3297 Jerusalem,disper-

590 3315 680 3369 dat
703 3315 867 3369 etiam
926 3332 1112 3372 arcum
1162 3317 1438 3385 bellicum,
1470 3328 1524 3374 et
1585 3335 1851 3376 summam
1892 3335 2078 3391 pacem
2116 3320 2170 3374 in

593 3405 812 3476 longum
844 3419 938 3474 per
967 3422 1157 3462 omnes
1185 3419 1372 3478 gentes
1418 3412 1692 3466 extendat.
1752 3411 2011 3480 Ephraim
2073 3425 2172 3465 no-

592 3494 765 3550 minat
802 3494 990 3551 decem
1027 3496 1200 3553 tribus
1233 3499 1284 3554 in
1309 3501 1587 3568 Samaria;
1641 3500 1939 3556 Jerusalem
1969 3501 2171 3555 incolas

595 3586 737 3656 ejus,
771 3587 964 3644 Judam
993 3589 1202 3646 scilicet
1233 3601 1288 3647 et
1315 3591 1617 3664 Benjamin.
1651 3593 2040 3662 Argumentum
2070 3593 2172 3662 igi-

594 3687 682 3732 tur
707 3679 1018 3736 securitatis
1063 3690 1119 3737 et
1175 3682 1326 3752 pacis
1386 3683 1734 3754 prepheticus
1796 3699 1977 3740 sermo
2019 3683 2176 3738 nobis

593 3773 864 3841 proponit.
893 3771 1010 3828 Non
1037 3774 1180 3828 enim
1209 3774 1366 3828 facile
1401 3775 1785 3840 incursabitur,
1836 3775 2032 3844 inquit,
2099 3775 2174 3828 cio

592 3865 734 3918 vitas
765 3873 956 3918 sancta
981 3865 1049 3918 ab
1102 3865 1168 3920 iis
1191 3866 1284 3933 qui
1314 3881 1433 3921 eam
1477 3866 1712 3935 alliigere
1745 3875 2032 3928 conantur,
2077 3865 2177 3919 ad-

595 3967 768 4022 eoque
799 3952 1043 4008 dilatahit
1079 3969 1302 4024 regnmn
1335 3970 1490 4008 suum
1519 3955 1770 4010 Salvator
1803 3955 1946 4025 ejus,
1981 3964 2042 4009 ut
2079 3957 2174 4009 im-

596 4050 747 4113 peret
775 4042 869 4098 toti
897 4041 1119 4108 Judzeae,
1146 4058 1177 4096 a
1198 4043 1330 4096 mari
1359 4057 1532 4114 usque
1567 4046 1631 4099 ad
1663 4045 1907 4099 ﬂumina.
1939 4044 2001 4098 lli
2031 4045 2175 4100 enim

596 4143 721 4192 sunt
754 4135 930 4191 exitus
977 4144 1158 4198 teme,
1195 4133 1298 4189 hoc
1330 4144 1413 4189 est
1478 4135 1609 4190 lines
1643 4146 1698 4190 et
1729 4136 1966 4191 termini.
1994 4137 2180 4192 Psallit

595 4225 828 4290 quodam
858 4224 979 4278 loco
1030 4231 1086 4277 et
1121 4222 1332 4279 divinus
1375 4224 1540 4279 David
1585 4225 1748 4297 738
1795 4229 1863 4282 de
1896 4227 2178 4298 Synagoga

595 4315 903 4372 Iudaeorum
935 4323 993 4370 ut
1029 4317 1095 4372 de
1116 4317 1230 4387 vite
1272 4317 1530 4387 loquens:
1569 4336 1588 4370 ι
1627 4318 1882 4375 Extendit
1931 4319 2181 4390 palmites

600 4420 726 4458 suos
749 4417 920 4474 usque
945 4404 1008 4457 ad
1034 4421 1199 4470 mare,
1231 4415 1285 4459 et
1314 4422 1482 4474 usque
1510 4409 1576 4461 ad
1607 4409 1826 4464 ﬂumina
1857 4410 2182 4480 propagines

597 4495 716 4562 ejus
748 4494 848 4549 ".r
877 4493 1141 4551 Delinitur
1166 4496 1310 4550 enim
1347 4497 1502 4552 tellus
1561 4497 1870 4563 Judaeorum
1919 4501 2076 4565 mari,
2130 4509 2184 4555 et

602 4585 821 4652 regione
851 4584 919 4639 ad
947 4595 1215 4653 austrum,
1251 4593 1305 4642 et
1347 4585 1547 4651 Indica,
1576 4595 1631 4640 et
1659 4602 1778 4656 quae
1821 4589 2021 4644 dicitur
2068 4588 2182 4645 Me-

602 4677 687 4732 dia
726 4677 1029 4732 ﬂuminum.
1057 4679 1256 4734 Verum
1287 4694 1344 4733 se
1397 4679 1536 4732 intra
1582 4678 1716 4734 istos
1772 4679 1909 4735 lines
1958 4697 2182 4752 regnum

601 4769 800 4825 Christi
835 4771 1057 4826 minime
1087 4770 1406 4826 continebit.
1439 4768 1786 4839 Progreditur
1823 4781 2005 4826 autem
2056 4788 2182 4828 ora-

2247 944 2436 996 ἵππον
2491 943 2560 1009 ἐξ
2631 942 3050 1012 Ἰερουσαλὴμ,
3120 941 3218 993 καὶ
3264 939 3840 1007 ἐξουῖοθρευθήσεται

2249 1035 2430 1099 τόξον
2460 1035 2807 1104 πολεμικὸν,
2857 1037 2957 1088 καὶ
2989 1031 3256 1100 πλῆθος,
3305 1031 3405 1085 καὶ
3467 1030 3718 1098 εἰρήνην
3771 1028 3840 1091 ἐξ

2249 1126 2474 1192 ἐθνῶν,
2551 1127 2650 1180 καὶ
2696 1124 2978 1194 κατάρξει
3032 1123 3271 1180 ὑδάτων
3338 1121 3455 1176 ἁ.τό
3515 1120 3838 1188 θαλάσσης

2250 1217 2361 1283 ἕως
2406 1216 2744 1286 θαλάσσης,
2789 1217 2886 1270 καὶ
2943 1215 3064 1270 ἀπὸ
3127 1211 3408 1284 ποταμῶν
3448 1212 3560 1278 ἕως
3607 1211 3837 1264 διεκϐο-

2253 1308 2380 1363 λῶν
2404 1309 2535 1379 γῆς.
2662 1328 2668 1332 ·
3491 1349 3494 1351 λ

2324 1401 2459 1455 NH’.
2489 1401 2610 1454 Ὅτι
2634 1400 2925 1472 γενόμενος
2951 1398 3236 1468 ἄνθρωπος
3267 1398 3294 1450 6
3342 1395 3676 1466 Μονογενὴς,
3730 1396 3840 1456 τοῖς

2256 1490 2364 1545 τῶν
2387 1491 2726 1561 ἀγαπώντων
2759 1491 2919 1544 αὐτὸν
2942 1491 3238 1560 ὑποφέρειν
3269 1488 3461 1559 ἔμελλε
3510 1489 3672 1540 ποσὶν
3709 1506 3726 1538 ι
3751 1487 3841 1557 ἀρ-

2257 1584 2356 1655 χάς
2385 1599 2442 1635 τε
2487 1583 2584 1636 καὶ
2629 1581 2896 1644 ἐξουσίας,
2949 1580 3044 1634 καὶ
3083 1580 3208 1643 τοὺς
3267 1579 3716 1650 κοσμοκράτορας
3747 1579 3841 1633 τοῦ

2259 1677 2464 1745 κόσμου
2502 1675 2746 1739 toti-mu,»
2773 1673 3017 1726 τουτέστι
3063 1672 3132 1725 τὰ
3161 1671 3394 1742 βδελυρὰ
3424 1670 3534 1723 τῶν
3553 1670 3843 1740 δαιμονίων

2263 1767 2447 1836 στίφη,
2483 1765 2660 1819 πάντα
2683 1782 2742 1817 τε
2775 1765 2957 1826 αὐτοῖς
2993 1763 3319 1816 ὑποτασσειν
3339 1760 3533 1832 ἐχθρὸν
3559 1761 3756 1832 ὁρατόν
3787 1778 3844 1813 τε

2261 1860 2355 1913 καὶ
2378 1859 2630 1928 ἀόρατον,
2664 1858 2755 1910 κα¹ι
2777 1856 2957 1909 πάντα
2985 1854 3294 1925 συντρίϐειν
3328 1853 3585 1923 πόλεμον,
3618 1853 3846 1915 καὶτοῖς

2262 1951 2322 2016 ἐξ
2372 1951 2595 2022 εἰρήνης
2643 1948 3066 2019 κατευφραίνειν
3131 1946 3377 2012 ἀγαθοῖς,
3435 1944 3850 2014 αἰνιγματωδῶς

2263 2043 2398 2112 ἡμῖν
2432 2043 2460 2094 6
2498 2039 2835 2111 προφητικδς
2867 2037 3153 2107 ὑποφαίνει
3183 2035 3361 2103 λόγος.
3385 2036 3591 2106 ’ᾘεσαν
3622 2036 3718 2104 μὲν
3741 2034 3850 2104 γὰρ

2265 2134 2408 2190 κατά
2445 2135 2671 2204 καιροὺς
2692 2132 2832 2186 κατὰ
2861 2131 2970 2184 τῶν
2997 2128 3384 2200 Ἰεροσολύμων
3417 2128 3467 2180 οἱ
3499 2125 3846 2188 Βαϐυλώνιοι,

2194 2194 2240 2253 Β
2269 2225 2362 2280 καὶ
2393 2223 2497 2295 μὴν
2525 2194 2618 2277 καὶ
2641 2194 2820 2292 ἱίτεροί
2874 2237 3020 2283 τινες
3048 2194 3156 2272 τῶν
3216 2194 3429 2289 ὁμόρων
3464 2215 3634 2268 ἐθνῶν
3664 2216 3852 2278 ἵπποις

2264 2332 2324 2369 τε
2359 2317 2452 2369 καὶ
2482 2315 2726 2384 ἅρμασιν
2749 2311 3106 2382 ἐποχούμενοι
3127 2353 3142 2375 ,
3197 2311 3290 2364 καὶ
3329 2309 3613 2379 βάλλοντες
3641 2308 3815 2372 τόξοις
3835 2346 3849 2367 ,

2267 2404 2410 2460 κατά
2442 2403 2502 2456 τὸ
2558 2402 2965 2473 γεγραμμένον,
3013 2397 3429 2470 κατεχειροῦντό
3467 2414 3526 2449 τε
3565 2395 3728 2457 οὕτω,
3761 2396 3853 2447 καὶ

2268 2495 2488 2564 πικροῖς
2547 2490 2758 2545 ὲνίεσαν
2798 2489 3000 2553 πόνοις.
3047 2489 3179 2541 Ἀπὸ
3232 2487 3362 2556 γοῦν
3411 2485 3504 2538 τοῦ
3537 2485 3852 2555 συμϐαίνειν

2268 2583 2541 2646 εἰωθότος,
2579 2582 2686 2634 τῶν
2721 2580 2813 2633 ἐπὶ
2839 2577 3078 2649 Χριστοῦ
3119 2577 3562 2648 κατορθωμάτων
3585 2574 3682 2645 τὴν
3713 2574 3852 2644 λαμ-

2269 2675 2515 2746 πρότητα
2552 2673 2721 2742 δηλοῖ.
2756 2673 2815 2726 Ὀ
2847 2671 2954 2740 γάρ
2981 2687 3059 2723 τοι
3109 2668 3317 2733 σώζων,
3368 2667 3557 2738 φησὶν,
3597 2668 3624 2719 6
3653 2665 3856 2728 δίκαιός

2268 2783 2328 2818 τε
2358 2767 2450 2818 καὶ
2487 2765 2790 2836 πραότατος
2845 2763 3118 2832 βασιλεὺς,
3176 2758 3427 2828 ἀφίξεται
3486 2758 3604 2828 μὲν,
3636 2758 3730 2811 καὶ
3757 2758 3856 2809 οὐκ

2270 2858 2349 2921 εἰς
2376 2857 2614 2927 μακράν.
2643 2855 2793 2926 ,Πλὴν
2821 2854 2879 2908 ού
2916 2852 3092 2922 πολλῷ
3124 2851 3316 2923 πλήθει
3339 2850 3446 2904 τῶν
3474 2847 3852 2912 ὑπασπιστῶν,

2271 2950 2329 3000 ού
2369 2947 2736 3018 δορυφόρους,
2791 2946 2850 2998 οὐ
2911 2943 3137 3016 μυρίους
3187 2942 3324 3013 ἔχων
3375 2943 3502 3005 τοὺς
3551 2941 3761 3003 εἰδότας
3792 2938 3860 2992 τα

2271 3037 2523 3090 τακτικά.
2575 3037 2922 3106 Ἐπασκήσας
2951 3052 3010 3087 τε
3036 3033 3205 3096 οὕτως
3263 3034 3319 3085 ὲν
3350 3031 3471 3102 ἤθει
3498 3031 3558 3083 τὸ
3615 3031 3857 3100 μέτριον,

2273 3128 2413 3182 ὥστε
2460 3126 2554 3179 καὶ
2606 3126 2758 3196 μόλις
2812 3125 3068 3194 ἐπιϐῆναι
3110 3123 3204 3176 τοῦ
3256 3122 3459 3176 πώλου.
3513 3120 3659 3191 Πλὴν
3709 3120 3859 3172 ἔσται

2273 3219 2523 3283 τοσοῦτος
2557 3219 2635 3283 είς
2660 3217 2881 3289 ἀρετὴν,
2933 3217 3116 3287 ὀνήσει
3147 3233 3207 3268 τε
3247 3213 3389 3267 οὕτω
3421 3213 3544 3274 τοὺς
3585 3211 3671 3264 ἐπ’
3715 3209 3862 3279 αὐτῷ

2276 3309 2624 3372 πεποιθότας,
2655 3308 2729 3369 ώς
2756 3305 3024 3377 περιελεῖν
3081 3303 3179 3374 μὲν
3211 3303 3432 3373 ἅρματα
3485 3300 3542 3366 ἐξ
3583 3295 3856 3370 Ἑφραῒμ,

2275 3385 2582 3470 ἀποστῆσαι
2611 3400 2667 3452 δὲ
2691 3399 2786 3452 καὶ
2825 3398 3008 3450 ἵππων
3037 3395 3096 3459 ἐξ
3132 3393 3506 3465 Ἰερουσαλὴμ,
3549 3388 3863 3460 ἐξολοθρεῦ-

2278 3510 2366 3544 σαι
2409 3491 2466 3542 δὲ
2504 3490 2599 3542 καὶ
2657 3490 2808 3554 τόξον
2847 3486 3159 3557 πολεμικὸν,
3218 3487 3310 3537 καὶ
3345 3484 3568 3552 εἰρήνην
3610 3479 3863 3534 ἀπλῶσαι

2279 3582 2518 3652 βαθεῖαν,
2551 3580 2646 3649 τὴν
2679 3582 2742 3632 ἐκ
2774 3579 2990 3632 πάντων
3024 3576 3130 3630 τῶν
3161 3575 3349 3629 ἐθνῶν.
3382 3572 3623 3644 Ἐφραῖμ
3649 3573 3708 3625 δέ
3734 3587 3865 3642 φησι

2276 3674 2375 3736 τάς
2399 3674 2455 3725 ὲν
2484 3673 2548 3742 τῇ
2571 3671 2858 3741 Σαμαρείᾳ
2887 3669 3019 3723 δέκα
3046 3667 3235 3737 φυλὰς,
3271 3665 3629 3737 Ἰερουσαλὴμ
3662 3664 3718 3716 δὲ
3744 3665 3868 3726 τοὺς

2277 3767 2334 3818 ὲν
2367 3764 2504 3833 αύτῇ
2531 3763 2989 3831 κατοικήσαντας,
3036 3759 3237 3821 Ἰούδας
3263 3758 3318 3810 δὲ
3368 3749 3518 3810 οὗτοι
3555 3757 3648 3810 καὶ
3678 3756 3868 3809 Βενια-

2282 3854 2393 3924 μίν.
2431 3851 2638 3906 Οὐκοῦν
2675 3851 2973 3919 ἀσφαλείας
3013 3850 3291 3915 ὑπόθεσιν,
3338 3849 3432 3903 καὶ
3483 3849 3705 3918 εἰρήνης
3735 3849 3871 3916 ἡμῖν

2279 3949 2307 3999 6
2338 3943 2672 4015 προφητικὸς
2699 3943 3005 4013 εἰσκομίζει
3038 3942 3217 4010 λόγος.
3253 3943 3326 3994 Ού
3381 3939 3487 4011 γὰρ
3519 3939 3583 3992 ἂν
3618 3939 3871 4006 γένοιτο,

2281 4038 2468 4110 φησὶν,
2501 4035 2909 4106 εύκατάδρομος
2962 4037 3074 4097 τοῖς
3123 4033 3369 4086 ἐθέλουσι
3398 4031 3599 4084 κακοῦν
3652 4033 3687 4099 ὴ
3740 4030 3873 4098 ἁγία

2283 4129 2455 4192 πόλις,
2489 4130 2814 4198 κατευρυνεῖ
2844 4127 2899 4178 δὲ
2933 4124 3075 4178 οὕτω
3112 4127 3210 4194 τὴν
3268 4123 3463 4178 ἑαυτοῦ
3526 4122 3808 4193 βασιλείαν
3846 4124 3877 4175 6

2285 4222 2470 4286 σώζων
2494 4221 2682 4292 αὐτὴν,
2707 4221 2781 4285 ὡς
2817 4221 2946 4290 ὅλης
2973 4219 3240 4290 κατάρξαι
3269 4219 3365 4288 τῆς
3417 4215 3706 4280 Ἰουδαίας,
3765 4213 3876 4268 ἁπδ

2284 4315 2560 4384 θαλάσσης
2597 4314 2701 4375 ἕως
2734 4311 3014 4382 ποταμῶν.
3052 4305 3222 4364 Abeat
3265 4310 3373 4380 γάρ
3414 4311 3550 4361 εἰσιν
3581 4307 3637 4359 αἱ
3665 4306 3879 4359 διεκϐο-

2283 4408 2496 4478 λα¹ιτῆς
2538 4407 2661 4476 γῆς,
2695 4405 2940 4457 τουτέστι
2995 4403 3062 4456 τὰ
3112 4403 3346 4472 πέρατα.
3406 4399 3615 4454 Ψὰλλει
3661 4398 3718 4450 δέ
3773 4415 3877 4450 που

2286 4501 2427 4554 καὶὸ
2459 4498 2744 4560 θεσπέσιος
2780 4495 2967 4562 Δαὸὶδ,
3006 4495 3081 4559 ὡς
3130 4496 3257 4565 περὶ
3287 4494 3533 4566 ἀμπέλου
3567 4493 3740 4560 λέγων
3776 4489 3880 4559 τῆς

2299 4590 2564 4645 Ἰουδαίων
2612 4586 2962 4657 Συναγωγῆςο
3011 4605 3029 4637 ί
3073 4586 3331 4652 Ὲξέτεινε
3372 4584 3441 4636 τὰ
3491 4581 3745 4650 κλήματα
3775 4578 3880 4632 αὐ-

2286 4685 2384 4752 τῆς
2433 4683 2536 4744 ἕως
2560 4680 2854 4748 θαλάσσης,
2898 4679 2991 4731 καὶ
3047 4677 3150 4740 ἓως
3219 4675 3480 4744 ποταμῶν
3539 4671 3636 4733 τὰς
3696 4687 3883 4739 παρα-

2291 4772 2498 4841 ιευὰδας
2528 4772 2716 4841 αὐτῆς.
2751 4792 2768 4822 ι
2799 4768 3201 4840 Τερματίζεται
3255 4767 3365 4838 γὰρ
3395 4769 3428 4836 ἡ
3458 4764 3567 4818 τῶν
3604 4762 3887 4816 Ἰουδαίων

605 4863 680 4918 ιίο
729 4872 786 4917 ut
819 4863 887 4918 ab
948 4862 1196 4932 exemplo
1270 4862 1586 4932 particulari
1638 4864 1705 4916 ad
1766 4865 2076 4919 universum
2135 4881 2163 4920 e

2293 4864 2537 4935 θαλάσσῃ
2563 4880 2644 4925 τε,
2676 4863 2772 4916 καὶ
2798 4861 2951 4932 χώρα
2998 4863 3062 4930 τῇ
3093 4860 3229 4930 πρὸς
3263 4859 3436 4920 νότον,
3498 4855 3592 4908 καὶ
3637 4853 3840 4922 Ἰνδικῇ
3869 4894 3885 4916 ,

604 4953 1095 5022 generalissimum.
1137 4949 1253 5004 Non
1285 4952 1427 5005 enim
1469 4952 1520 5004 in
1565 4951 1749 5006 Judca
1788 4951 1924 5015 sola,
1968 4954 2061 5007 sed
2132 4953 2182 5006 in

609 5055 718 5098 toto
750 5046 881 5098 orbe
912 5043 1178 5110 regnabit,
1222 5051 1277 5096 et
1305 5057 1332 5093 a
1366 5040 1562 5096 ﬁnibus
1614 5042 1680 5096 ad
1743 5043 1878 5097 lines
1943 5053 2186 5114 potestas

605 5134 720 5200 ejus
745 5143 1036 5202 propagata
1065 5141 1168 5187 est.

2295 4955 2387 5006 καὶ
2412 4955 2476 5022 τῇ
2501 4953 2807 5023 καλουμένῃ
2834 4951 2990 5021 Μέσῃ
3029 4950 3138 5002 τῶν
3192 4948 3474 5018 ποταμῶν.
3521 4945 3662 4998 Ἀλλ’
3689 4944 3795 4998 οὐκ
3831 4945 3891 4995 ὲν

2293 5044 2504 5106 τούτοις
2533 5045 2640 5106 τοῖς
2664 5044 2808 5113 ὅροις
2833 5044 2865 5111 ἠ
2895 5042 3131 5113 Χριστοῦ
3167 5041 3432 5111 βασιλεία,
3467 5036 3664 5092 πολλοῦ
3695 5053 3759 5104 γε
3792 5038 3893 5088 καὶ

2297 5135 2396 5188 δεῖ.
2428 5135 2625 5205 Ἔρπει
2659 5134 2714 5186 δὲ
2744 5137 2770 5186 6
2800 5133 2956 5200 λόγος
2986 5134 3060 5196 ὡς
3089 5135 3151 5186 ἐκ
3181 5131 3409 5202 μερικοῦ
3436 5130 3893 5200 παραδείγματος

606 5229 697 5281 ἐπὶ
736 5229 795 5280 τὶ
827 5225 1080 5288 καθόλου,
1121 5225 1215 5278 καὶ
1274 5225 1654 5292 γενικώτατον.
1725 5226 2084 5281 Βεὸασίλευκε
2118 5228 2224 5298 γὰρ
2263 5228 2323 5280 ού
2373 5227 2472 5296 τῆς
2507 5225 2766 5289 Ἰουδαίας
2822 5226 3020 5296 μόνης,
3073 5227 3290 5294 ἁπάσης
3324 5225 3380 5278 δὲ
3411 5224 3613 5295 μᾶλλον
3645 5223 3742 5291 τῆς
3795 5219 3892 5274 ὑπ’

607 5317 857 5389 οὖρανὺν,
894 5319 988 5373 καὶ
1011 5317 1120 5371 ἀπὸ
1169 5315 1422 5387 περάτων
1462 5319 1542 5378 είς
1576 5316 1788 5387 πέρατα
1815 5317 1883 5370 τὰ
1910 5319 2006 5389 τῆς
2039 5317 2286 5383 ἐξουσίας
2313 5316 2475 5371 αὑτοῦ
2504 5315 2914 5386 κατευρύνεται.

685 5411 844 5466 Vens.
881 5410 963 5477 ll,
1002 5412 1088 5466 1'2.
1121 5411 1191 5466 Et
1230 5421 1282 5467 tn
1323 5415 1376 5467 in
1412 5413 1667 5484 sanguine
1719 5414 2015 5467 testamenti
2063 5414 2191 5466 emi-

613 5501 723 5554 siti
785 5506 981 5556 tinctos
1034 5512 1148 5556 tuos
1207 5504 1270 5557 de
1337 5503 1453 5557 lacu
1542 5520 1644 5558 non
1691 5502 1908 5556 habente
1974 5519 2188 5572 aquam.

613 5592 867 5647 St'dcbitis
937 5595 989 5648 in
1037 5595 1322 5648 munitione
1396 5596 1549 5648 vincti
1629 5594 2087 5665 congregationis,
2146 5603 2191 5647 et

690 5772 730 5804 ιε
768 5769 966 5841 Eph“,
998 5787 1072 5841 γι,
1107 5771 1191 5828 l2,
1267 5773 1308 5806 ’7
1334 5769 1480 5848 'Psal.
1517 5786 1630 5838 11x,
1665 5771 1716 5828 8.

1797 5769 1842 5804 ⁹⁰
1873 5769 2061 5827 Matth.
2091 5783 2200 5839 χει,
2258 5769 2283 5823 1
2313 5783 2463 5840 seqq.

2367 5411 2476 5466 Καὶ
2541 5409 2621 5464 σὺ
2685 5410 2754 5462 ἐν
2826 5411 3025 5478 αἵματι
3096 5406 3386 5473 διαθήκης
3444 5403 3894 5470 ἐξαπέστειλας

2301 5503 2588 5572 δεσμίους
2633 5517 2772 5566 σου,
2827 5500 2895 5553 ἐκ
2955 5499 3185 5553 λάκκου
3250 5501 3359 5573 οὐκ
3406 5498 3657 5565 ἔχοι-’τος
3711 5492 3893 5562 ὕδωρ,

2304 5595 2654 5662 Καθήσεσθε
2688 5593 2756 5646 ἐν
2795 5591 3136 5660 ὀχυμὺμασι
3189 5589 3418 5658 δέσμιοι
3475 5585 3584 5652 τῆς
3612 5599 3899 5656 συναγω-

2568 5769 2610 5800 ⁹⁹
2642 5768 2782 5825 Psal.
2830 5781 3014 5831 usis,
3050 5765 3132 5820 12.
