  <div class='ocr_page' id='page_1' title='image "/cluster/home/n/w/nwhite01/storage/ocr_20150623/72/mdp.39015019355984/090.png"; bbox 0 0 4080 6284; ppageno 0'>
   <div class='ocr_carea' id='block_1_1' title="bbox 357 328 463 386">
    <p class='ocr_par' dir='ltr' id='par_1_1' title="bbox 357 328 463 386">
     <span class='ocr_line' id='line_1_1' title="bbox 357 328 463 386; baseline -0.028 -1"><span class='ocrx_word' id='word_1_1' title='bbox 357 328 463 386; x_wconf 73' lang='lat' dir='ltr'><strong>H9</strong></span> 
     </span>
    </p>
   </div>
   <div class='ocr_carea' id='block_1_2' title="bbox 1172 310 2765 376">
    <p class='ocr_par' dir='ltr' id='par_1_2' title="bbox 1172 310 2765 376">
     <span class='ocr_line' id='line_1_2' title="bbox 1172 310 2765 376; baseline -0.007 0"><span class='ocrx_word' id='word_1_2' title='bbox 1172 315 1723 376; x_wconf 68' lang='lat' dir='ltr'><strong>COMMENTARIUS</strong></span> <span class='ocrx_word' id='word_1_3' title='bbox 1763 314 1827 369; x_wconf 81' lang='lat' dir='ltr'><strong>IN</strong></span> <span class='ocrx_word' id='word_1_4' title='bbox 1868 311 2274 370; x_wconf 73' lang='lat' dir='ltr'><strong>ZACHARIAM</strong></span> <span class='ocrx_word' id='word_1_5' title='bbox 2311 310 2765 368; x_wconf 62' lang='lat' dir='ltr'><strong>PNYPHETAM.</strong></span> 
     </span>
    </p>
   </div>
   <div class='ocr_carea' id='block_1_3' title="bbox 3515 309 3618 366">
    <p class='ocr_par' dir='ltr' id='par_1_3' title="bbox 3515 309 3618 366">
     <span class='ocr_line' id='line_1_3' title="bbox 3515 309 3618 366; baseline -0.01 -1"><span class='ocrx_word' id='word_1_6' title='bbox 3515 309 3618 366; x_wconf 64' lang='grc' dir='ltr'><strong>ΗΟ</strong></span> 
     </span>
    </p>
   </div>
   <div class='ocr_carea' id='block_1_4' title="bbox 349 425 1963 518">
    <p class='ocr_par' dir='ltr' id='par_1_4' title="bbox 349 439 1938 512">
     <span class='ocr_line' id='line_1_4' title="bbox 349 439 1938 512; baseline -0.003 -16"><span class='ocrx_word' id='word_1_7' title='bbox 349 440 512 512; x_wconf 74' lang='grc' dir='ltr'>τῆς,</span> <span class='ocrx_word' id='word_1_8' title='bbox 557 442 657 496; x_wconf 77' lang='grc' dir='ltr'>καὶ</span> <span class='ocrx_word' id='word_1_9' title='bbox 705 442 838 497; x_wconf 76' lang='grc' dir='ltr'>ἀντὶ</span> <span class='ocrx_word' id='word_1_10' title='bbox 891 442 1030 511; x_wconf 81' lang='grc' dir='ltr'>μιᾶς</span> <span class='ocrx_word' id='word_1_11' title='bbox 1097 441 1324 511; x_wconf 71' lang='grc' dir='ltr'>ἡμέρας</span> <span class='ocrx_word' id='word_1_12' title='bbox 1369 439 1758 509; x_wconf 80' lang='grc' dir='ltr'>παροικεσίας</span> <span class='ocrx_word' id='word_1_13' title='bbox 1822 453 1938 492; x_wconf 87' lang='grc' dir='ltr'><strong>σου</strong></span> 
     </span>
    </p>
   </div>
   <div class='ocr_carea' id='block_1_5' title="bbox 2049 425 3620 518">
    <p class='ocr_par' dir='ltr' id='par_1_5' title="bbox 2049 425 3620 518">
     <span class='ocr_line' id='line_1_5' title="bbox 2049 425 3620 518; baseline -0.003 -28"><span class='ocrx_word' id='word_1_14' title='bbox 2049 452 2285 518; x_wconf 32' lang='lat' dir='ltr'><strong>pro‘una</strong></span> <span class='ocrx_word' id='word_1_15' title='bbox 2317 435 2400 489; x_wconf 78' lang='lat' dir='ltr'><strong>die</strong></span> <span class='ocrx_word' id='word_1_16' title='bbox 2456 431 2891 504; x_wconf 71' lang='lat' dir='ltr'><strong>peregrinationis</strong></span> <span class='ocrx_word' id='word_1_17' title='bbox 2954 441 3062 488; x_wconf 78' lang='lat' dir='ltr'><strong>tute</strong></span> <span class='ocrx_word' id='word_1_18' title='bbox 3108 425 3342 503; x_wconf 75' lang='lat' dir='ltr'><strong>duplicia</strong></span> <span class='ocrx_word' id='word_1_19' title='bbox 3407 433 3620 487; x_wconf 73' lang='lat' dir='ltr'><strong>reddam</strong></span> 
     </span>
    </p>
   </div>
   <div class='ocr_carea' id='block_1_6' title="bbox 357 531 1165 587">
    <p class='ocr_par' dir='ltr' id='par_1_6' title="bbox 357 531 1165 587">
     <span class='ocr_line' id='line_1_6' title="bbox 357 531 1165 587; baseline 0 -1"><span class='ocrx_word' id='word_1_20' title='bbox 357 531 548 587; x_wconf 72' lang='grc' dir='ltr'>διπλᾶ</span> <span class='ocrx_word' id='word_1_21' title='bbox 594 531 997 587; x_wconf 76' lang='grc' dir='ltr'><strong>ἀνταποδώσω</strong></span> <span class='ocrx_word' id='word_1_22' title='bbox 1046 548 1165 586; x_wconf 85' lang='grc' dir='ltr'>σοι.</span> 
     </span>
    </p>
   </div>
   <div class='ocr_carea' id='block_1_7' title="bbox 433 620 1939 692">
    <p class='ocr_par' dir='ltr' id='par_1_7' title="bbox 433 620 1939 692">
     <span class='ocr_line' id='line_1_7' title="bbox 433 620 1939 692; baseline -0.003 -16"><span class='ocrx_word' id='word_1_23' title='bbox 433 624 558 679; x_wconf 73' lang='lat' dir='ltr'><strong>NG’.</strong></span> <span class='ocrx_word' id='word_1_24' title='bbox 588 625 842 677; x_wconf 79' lang='grc' dir='ltr'>Μέτεισιν</span> <span class='ocrx_word' id='word_1_25' title='bbox 879 627 908 677; x_wconf 90' lang='lat'><strong>6</strong></span> <span class='ocrx_word' id='word_1_26' title='bbox 943 623 1098 692; x_wconf 86' lang='grc' dir='ltr'>λόγος</span> <span class='ocrx_word' id='word_1_27' title='bbox 1149 624 1235 676; x_wconf 87' lang='grc' dir='ltr'><strong>ἐπ’</strong></span> <span class='ocrx_word' id='word_1_28' title='bbox 1279 621 1440 677; x_wconf 78' lang='grc' dir='ltr'>αὑτὸν</span> <span class='ocrx_word' id='word_1_29' title='bbox 1497 622 1596 692; x_wconf 71' lang='grc' dir='ltr'>ἤδη</span> <span class='ocrx_word' id='word_1_30' title='bbox 1641 620 1852 674; x_wconf 81' lang='grc' dir='ltr'>δίκαιόν</span> <span class='ocrx_word' id='word_1_31' title='bbox 1880 634 1939 672; x_wconf 81' lang='grc' dir='ltr'><strong>τε</strong></span> 
     </span>
    </p>
   </div>
   <div class='ocr_carea' id='block_1_8' title="bbox 362 712 1938 784">
    <p class='ocr_par' dir='ltr' id='par_1_8' title="bbox 362 712 1938 784">
     <span class='ocr_line' id='line_1_8' title="bbox 362 712 1938 784; baseline -0.004 -16"><span class='ocrx_word' id='word_1_32' title='bbox 362 717 456 768; x_wconf 75' lang='grc' dir='ltr'>καὶ</span> <span class='ocrx_word' id='word_1_33' title='bbox 498 714 736 777; x_wconf 76' lang='grc' dir='ltr'><strong>σώζοντα</strong></span> <span class='ocrx_word' id='word_1_34' title='bbox 767 714 1013 783; x_wconf 77' lang='grc' dir='ltr'><strong>βασιλέα,</strong></span> <span class='ocrx_word' id='word_1_35' title='bbox 1051 715 1144 768; x_wconf 70' lang='grc' dir='ltr'>καὶ</span> <span class='ocrx_word' id='word_1_36' title='bbox 1178 713 1277 784; x_wconf 88' lang='grc' dir='ltr'><strong>μέν</strong></span> <span class='ocrx_word' id='word_1_37' title='bbox 1306 729 1387 766; x_wconf 84' lang='grc' dir='ltr'><strong>τοι</strong></span> <span class='ocrx_word' id='word_1_38' title='bbox 1425 712 1520 765; x_wconf 70' lang='grc' dir='ltr'>καὶ</span> <span class='ocrx_word' id='word_1_39' title='bbox 1545 713 1746 781; x_wconf 79' lang='grc' dir='ltr'>πρᾶον,</span> <span class='ocrx_word' id='word_1_40' title='bbox 1779 725 1938 761; x_wconf 86' lang='grc' dir='ltr'>τουτ-</span> 
     </span>
    </p>
   </div>
   <div class='ocr_carea' id='block_1_9' title="bbox 362 789 1943 877">
    <p class='ocr_par' dir='ltr' id='par_1_9' title="bbox 362 789 1943 877">
     <span class='ocr_line' id='line_1_9' title="bbox 362 789 1943 877; baseline -0.003 -19"><span class='ocrx_word' id='word_1_41' title='bbox 362 806 478 860; x_wconf 85' lang='grc' dir='ltr'>έστι</span> <span class='ocrx_word' id='word_1_42' title='bbox 514 806 764 874; x_wconf 84' lang='grc' dir='ltr'>Χριστὸν,</span> <span class='ocrx_word' id='word_1_43' title='bbox 800 807 894 860; x_wconf 68' lang='grc' dir='ltr'><strong>καὶ¹</strong></span> <span class='ocrx_word' id='word_1_44' title='bbox 937 805 1007 860; x_wconf 84' lang='grc' dir='ltr'>τὰ</span> <span class='ocrx_word' id='word_1_45' title='bbox 1058 789 1317 877; x_wconf 73' lang='grc' dir='ltr'>λαμπρὰ,</span> <span class='ocrx_word' id='word_1_46' title='bbox 1365 806 1462 858; x_wconf 78' lang='grc' dir='ltr'>καὶ</span> <span class='ocrx_word' id='word_1_47' title='bbox 1505 801 1810 871; x_wconf 78' lang='grc' dir='ltr'>ἀξιάγαστα</span> <span class='ocrx_word' id='word_1_48' title='bbox 1841 800 1943 870; x_wconf 88' lang='grc' dir='ltr'><strong>τῆς</strong></span> 
     </span>
    </p>
   </div>
   <div class='ocr_carea' id='block_1_10' title="bbox 363 892 1937 968">
    <p class='ocr_par' dir='ltr' id='par_1_10' title="bbox 363 892 1937 968">
     <span class='ocr_line' id='line_1_10' title="bbox 363 892 1937 968; baseline -0.001 -19"><span class='ocrx_word' id='word_1_49' title='bbox 363 898 654 968; x_wconf 76' lang='grc' dir='ltr'><strong>ἐπιδημίας</strong></span> <span class='ocrx_word' id='word_1_50' title='bbox 678 897 846 952; x_wconf 76' lang='grc' dir='ltr'>αὑτοῦ</span> <span class='ocrx_word' id='word_1_51' title='bbox 882 897 1285 968; x_wconf 81' lang='grc' dir='ltr'><strong>κατορθώματα</strong></span> <span class='ocrx_word' id='word_1_52' title='bbox 1324 895 1654 965; x_wconf 76' lang='grc' dir='ltr'><strong>καθίστησιν</strong></span> <span class='ocrx_word' id='word_1_53' title='bbox 1705 892 1937 964; x_wconf 83' lang='grc' dir='ltr'>ἐναργῆ.</span> 
     </span>
    </p>
   </div>
   <div class='ocr_carea' id='block_1_11' title="bbox 367 988 1940 1066">
    <p class='ocr_par' dir='ltr' id='par_1_11' title="bbox 367 988 1940 1066">
     <span class='ocr_line' id='line_1_11' title="bbox 367 988 1940 1066; baseline -0.004 -20"><span class='ocrx_word' id='word_1_54' title='bbox 367 1013 386 1046; x_wconf 83' lang='grc' dir='ltr'><strong>ι</strong></span> <span class='ocrx_word' id='word_1_55' title='bbox 429 995 715 1049; x_wconf 83' lang='grc' dir='ltr'>Κεκένωκε</span> <span class='ocrx_word' id='word_1_56' title='bbox 751 995 862 1066; x_wconf 85' lang='grc' dir='ltr'>γὰρ</span> <span class='ocrx_word' id='word_1_57' title='bbox 895 994 1087 1048; x_wconf 76' lang='grc' dir='ltr'>ἑαυτὸν</span> <span class='ocrx_word' id='word_1_58' title='bbox 1121 1013 1140 1046; x_wconf 73' lang='grc' dir='ltr'><strong>ι</strong></span> <span class='ocrx_word' id='word_1_59' title='bbox 1189 991 1352 1056; x_wconf 76' lang='grc' dir='ltr'>ἑκὼν,</span> <span class='ocrx_word' id='word_1_60' title='bbox 1405 991 1697 1061; x_wconf 86' lang='grc' dir='ltr'>γενόμενος</span> <span class='ocrx_word' id='word_1_61' title='bbox 1725 988 1940 1057; x_wconf 78' lang='grc' dir='ltr'>ἄνθρω-</span> 
     </span>
    </p>
   </div>
   <div class='ocr_carea' id='block_1_12' title="bbox 359 1079 1940 1158">
    <p class='ocr_par' dir='ltr' id='par_1_12' title="bbox 359 1079 1940 1158">
     <span class='ocr_line' id='line_1_12' title="bbox 359 1079 1940 1158; baseline -0.006 -17"><span class='ocrx_word' id='word_1_62' title='bbox 359 1104 480 1153; x_wconf 86' lang='grc' dir='ltr'>πος,</span> <span class='ocrx_word' id='word_1_63' title='bbox 516 1089 544 1140; x_wconf 89' lang='lat'><strong>6</strong></span> <span class='ocrx_word' id='word_1_64' title='bbox 582 1087 877 1158; x_wconf 88' lang='grc' dir='ltr'>μονογενὴς</span> <span class='ocrx_word' id='word_1_65' title='bbox 928 1087 1023 1139; x_wconf 77' lang='grc' dir='ltr'><strong>τοῦ</strong></span> <span class='ocrx_word' id='word_1_66' title='bbox 1073 1084 1208 1139; x_wconf 78' lang='grc' dir='ltr'>Θεοῦ</span> <span class='ocrx_word' id='word_1_67' title='bbox 1249 1085 1442 1153; x_wconf 81' lang='grc' dir='ltr'>Λόγος.</span> <span class='ocrx_word' id='word_1_68' title='bbox 1497 1101 1515 1134; x_wconf 82' lang='grc' dir='ltr'><strong>ι</strong></span> <span class='ocrx_word' id='word_1_69' title='bbox 1560 1081 1858 1151; x_wconf 83' lang='grc' dir='ltr'>’Υπέμεινε</span> <span class='ocrx_word' id='word_1_70' title='bbox 1883 1079 1940 1132; x_wconf 76' lang='grc' dir='ltr'>δὲ</span> 
     </span>
    </p>
   </div>
   <div class='ocr_carea' id='block_1_13' title="bbox 359 1170 1941 1247">
    <p class='ocr_par' dir='ltr' id='par_1_13' title="bbox 359 1170 1941 1247">
     <span class='ocr_line' id='line_1_13' title="bbox 359 1170 1941 1247; baseline -0.004 -18"><span class='ocrx_word' id='word_1_71' title='bbox 359 1178 455 1229; x_wconf 75' lang='grc' dir='ltr'>καὶ</span> <span class='ocrx_word' id='word_1_72' title='bbox 488 1177 744 1247; x_wconf 75' lang='grc' dir='ltr'>σταυρὸν,</span> <span class='ocrx_word' id='word_1_73' title='bbox 775 1177 1040 1247; x_wconf 81' lang='grc' dir='ltr'>αίσχύνης</span> <span class='ocrx_word' id='word_1_74' title='bbox 1069 1175 1514 1246; x_wconf 78' lang='grc' dir='ltr'><strong>καταφρονήσας,</strong></span> <span class='ocrx_word' id='word_1_75' title='bbox 1551 1194 1570 1226; x_wconf 76' lang='lat' dir='ltr'><strong>s</strong></span> <span class='ocrx_word' id='word_1_76' title='bbox 1601 1173 1696 1226; x_wconf 74' lang='grc' dir='ltr'>καὶ</span> <span class='ocrx_word' id='word_1_77' title='bbox 1726 1170 1941 1225; x_wconf 78' lang='grc' dir='ltr'><strong>τέθεικε</strong></span> 
     </span>
    </p>
   </div>
   <div class='ocr_carea' id='block_1_14' title="bbox 359 1266 1938 1340">
    <p class='ocr_par' dir='ltr' id='par_1_14' title="bbox 359 1266 1938 1340">
     <span class='ocr_line' id='line_1_14' title="bbox 359 1266 1938 1340; baseline -0.004 -18"><span class='ocrx_word' id='word_1_78' title='bbox 359 1269 458 1340; x_wconf 85' lang='grc' dir='ltr'>τὴν</span> <span class='ocrx_word' id='word_1_79' title='bbox 490 1269 688 1323; x_wconf 78' lang='grc' dir='ltr'>ἑαυτοῦ</span> <span class='ocrx_word' id='word_1_80' title='bbox 710 1267 911 1338; x_wconf 80' lang='grc' dir='ltr'>ψυχὴν,</span> <span class='ocrx_word' id='word_1_81' title='bbox 937 1270 1038 1338; x_wconf 84' lang='grc' dir='ltr'><strong>τῆς</strong></span> <span class='ocrx_word' id='word_1_82' title='bbox 1079 1268 1333 1322; x_wconf 83' lang='grc' dir='ltr'>ἁπάντων</span> <span class='ocrx_word' id='word_1_83' title='bbox 1364 1267 1510 1338; x_wconf 96' lang='grc' dir='ltr'>ζωῆς</span> <span class='ocrx_word' id='word_1_84' title='bbox 1547 1266 1900 1334; x_wconf 79' lang='grc' dir='ltr'>ἀντάλλαγμα</span> <span class='ocrx_word' id='word_1_85' title='bbox 1924 1302 1938 1327; x_wconf 93' lang='grc'><strong>,</strong></span> 
     </span>
    </p>
   </div>
   <div class='ocr_carea' id='block_1_15' title="bbox 360 1354 1942 1430">
    <p class='ocr_par' dir='ltr' id='par_1_15' title="bbox 360 1354 1942 1430">
     <span class='ocr_line' id='line_1_15' title="bbox 360 1354 1942 1430; baseline -0.005 -17"><span class='ocrx_word' id='word_1_86' title='bbox 360 1361 740 1430; x_wconf 79' lang='grc' dir='ltr'>κατεκτήσατο</span> <span class='ocrx_word' id='word_1_87' title='bbox 766 1360 842 1430; x_wconf 81' lang='grc' dir='ltr'>τῷ</span> <span class='ocrx_word' id='word_1_88' title='bbox 865 1359 986 1430; x_wconf 84' lang='grc' dir='ltr'>Θεῷ</span> <span class='ocrx_word' id='word_1_89' title='bbox 1012 1360 1106 1413; x_wconf 75' lang='grc' dir='ltr'><strong>καὶ</strong></span> <span class='ocrx_word' id='word_1_90' title='bbox 1131 1359 1309 1430; x_wconf 73' lang='grc' dir='ltr'>Πατρὶ</span> <span class='ocrx_word' id='word_1_91' title='bbox 1350 1359 1451 1430; x_wconf 84' lang='grc' dir='ltr'>τὴν</span> <span class='ocrx_word' id='word_1_92' title='bbox 1484 1359 1574 1411; x_wconf 83' lang='grc' dir='ltr'><strong>ὑπ’</strong></span> <span class='ocrx_word' id='word_1_93' title='bbox 1603 1355 1832 1428; x_wconf 76' lang='grc' dir='ltr'>οὐρανὸν</span> <span class='ocrx_word' id='word_1_94' title='bbox 1883 1354 1942 1405; x_wconf 86' lang='grc' dir='ltr'><strong>έν</strong></span> 
     </span>
    </p>
   </div>
   <div class='ocr_carea' id='block_1_16' title="bbox 361 1444 1939 1525">
    <p class='ocr_par' dir='ltr' id='par_1_16' title="bbox 361 1444 1939 1525">
     <span class='ocr_line' id='line_1_16' title="bbox 361 1444 1939 1525; baseline -0.005 -19"><span class='ocrx_word' id='word_1_95' title='bbox 361 1454 557 1523; x_wconf 79' lang='grc' dir='ltr'>αἵματι</span> <span class='ocrx_word' id='word_1_96' title='bbox 608 1453 873 1524; x_wconf 84' lang='grc' dir='ltr'><strong>διαθήκης</strong></span> <span class='ocrx_word' id='word_1_97' title='bbox 901 1452 1142 1518; x_wconf 75' lang='grc' dir='ltr'>αἰωνίου,</span> <span class='ocrx_word' id='word_1_98' title='bbox 1168 1449 1237 1525; x_wconf 83' lang='grc' dir='ltr'>ἦς</span> <span class='ocrx_word' id='word_1_99' title='bbox 1284 1449 1354 1523; x_wconf 80' lang='grc' dir='ltr'>ἦν</span> <span class='ocrx_word' id='word_1_100' title='bbox 1394 1451 1564 1514; x_wconf 84' lang='grc' dir='ltr'>τύπος</span> <span class='ocrx_word' id='word_1_101' title='bbox 1615 1450 1678 1502; x_wconf 77' lang='grc' dir='ltr'><strong>τὸ</strong></span> <span class='ocrx_word' id='word_1_102' title='bbox 1722 1449 1808 1501; x_wconf 76' lang='grc' dir='ltr'><strong>διὰ</strong></span> <span class='ocrx_word' id='word_1_103' title='bbox 1843 1444 1939 1499; x_wconf 81' lang='grc' dir='ltr'>τοῦ</span> 
     </span>
    </p>
   </div>
   <div class='ocr_carea' id='block_1_17' title="bbox 358 1538 1936 1614">
    <p class='ocr_par' dir='ltr' id='par_1_17' title="bbox 358 1538 1936 1614">
     <span class='ocr_line' id='line_1_17' title="bbox 358 1538 1936 1614; baseline -0.002 -19"><span class='ocrx_word' id='word_1_104' title='bbox 358 1542 642 1610; x_wconf 65' lang='grc' dir='ltr'>πανσόφου</span> <span class='ocrx_word' id='word_1_105' title='bbox 698 1543 941 1606; x_wconf 81' lang='grc' dir='ltr'>Μωσέως</span> <span class='ocrx_word' id='word_1_106' title='bbox 993 1547 1108 1606; x_wconf 88' lang='grc' dir='ltr'>τοῖς</span> <span class='ocrx_word' id='word_1_107' title='bbox 1166 1542 1543 1614; x_wconf 72' lang='grc' dir='ltr'>ἀρχαιοτέροις</span> <span class='ocrx_word' id='word_1_108' title='bbox 1581 1538 1936 1612; x_wconf 82' lang='grc' dir='ltr'>ἐπιρρανθέν.</span> 
     </span>
    </p>
   </div>
   <div class='ocr_carea' id='block_1_18' title="bbox 363 1628 1941 1704">
    <p class='ocr_par' dir='ltr' id='par_1_18' title="bbox 363 1628 1941 1704">
     <span class='ocr_line' id='line_1_18' title="bbox 363 1628 1941 1704; baseline -0.002 -20"><span class='ocrx_word' id='word_1_109' title='bbox 363 1653 380 1684; x_wconf 84' lang='grc' dir='ltr'><strong>ι</strong></span> <span class='ocrx_word' id='word_1_110' title='bbox 409 1631 775 1704; x_wconf 74' lang='grc' dir='ltr'>Λαϐὼνγάρ,</span> <span class='ocrx_word' id='word_1_111' title='bbox 831 1635 994 1704; x_wconf 82' lang='grc' dir='ltr'>φησὶ,</span> <span class='ocrx_word' id='word_1_112' title='bbox 1055 1634 1261 1704; x_wconf 76' lang='grc' dir='ltr'>Μωσῆς</span> <span class='ocrx_word' id='word_1_113' title='bbox 1312 1635 1374 1687; x_wconf 79' lang='grc' dir='ltr'><strong>τὸ</strong></span> <span class='ocrx_word' id='word_1_114' title='bbox 1432 1628 1572 1703; x_wconf 75' lang='grc' dir='ltr'>αἷμα</span> <span class='ocrx_word' id='word_1_115' title='bbox 1622 1632 1752 1686; x_wconf 83' lang='grc' dir='ltr'>αὑτό</span> <span class='ocrx_word' id='word_1_116' title='bbox 1785 1647 1844 1683; x_wconf 86' lang='grc' dir='ltr'><strong>τε</strong></span> <span class='ocrx_word' id='word_1_117' title='bbox 1881 1628 1941 1682; x_wconf 81' lang='grc' dir='ltr'>τὸ</span> 
     </span>
    </p>
   </div>
   <div class='ocr_carea' id='block_1_19' title="bbox 359 1721 1944 1798">
    <p class='ocr_par' dir='ltr' id='par_1_19' title="bbox 359 1721 1944 1798">
     <span class='ocr_line' id='line_1_19' title="bbox 359 1721 1944 1798; baseline -0.002 -21"><span class='ocrx_word' id='word_1_118' title='bbox 359 1725 582 1795; x_wconf 77' lang='grc' dir='ltr'>βιϐλίον,</span> <span class='ocrx_word' id='word_1_119' title='bbox 609 1726 705 1778; x_wconf 76' lang='grc' dir='ltr'>καὶ</span> <span class='ocrx_word' id='word_1_120' title='bbox 731 1724 906 1778; x_wconf 85' lang='grc' dir='ltr'>πάντα</span> <span class='ocrx_word' id='word_1_121' title='bbox 937 1726 1028 1780; x_wconf 80' lang='grc' dir='ltr'>τὸν</span> <span class='ocrx_word' id='word_1_122' title='bbox 1060 1725 1188 1779; x_wconf 81' lang='grc' dir='ltr'>λαὸν</span> <span class='ocrx_word' id='word_1_123' title='bbox 1219 1726 1526 1798; x_wconf 71' lang='grc' dir='ltr'>ἐρραντισε,</span> <span class='ocrx_word' id='word_1_124' title='bbox 1557 1725 1750 1792; x_wconf 83' lang='grc' dir='ltr'>λέγων·</span> <span class='ocrx_word' id='word_1_125' title='bbox 1769 1724 1812 1775; x_wconf 86' lang='grc' dir='ltr'>Τ</span> <span class='ocrx_word' id='word_1_126' title='bbox 1815 1721 1944 1776; x_wconf 81' lang='grc' dir='ltr'>οὖτο</span> 
     </span>
    </p>
   </div>
   <div class='ocr_carea' id='block_1_20' title="bbox 353 1793 2015 1888">
    <p class='ocr_par' dir='ltr' id='par_1_20' title="bbox 353 1793 2015 1888">
     <span class='ocr_line' id='line_1_20' title="bbox 353 1793 2015 1888; baseline -0.001 -20"><span class='ocrx_word' id='word_1_127' title='bbox 353 1793 416 1868; x_wconf 77' lang='grc' dir='ltr'><strong>’τὸ</strong></span> <span class='ocrx_word' id='word_1_128' title='bbox 442 1810 584 1885; x_wconf 80' lang='grc' dir='ltr'>αἷμα</span> <span class='ocrx_word' id='word_1_129' title='bbox 616 1817 716 1886; x_wconf 85' lang='grc' dir='ltr'><strong>τῆς</strong></span> <span class='ocrx_word' id='word_1_130' title='bbox 743 1814 1010 1886; x_wconf 83' lang='grc' dir='ltr'>διαθήκης</span> <span class='ocrx_word' id='word_1_131' title='bbox 1033 1811 1101 1888; x_wconf 84' lang='grc' dir='ltr'>ἦς</span> <span class='ocrx_word' id='word_1_132' title='bbox 1121 1793 1328 1870; x_wconf 77' lang='grc' dir='ltr'>διέθετο</span> <span class='ocrx_word' id='word_1_133' title='bbox 1347 1818 1481 1887; x_wconf 84' lang='grc' dir='ltr'>πρὸς</span> <span class='ocrx_word' id='word_1_134' title='bbox 1513 1819 1655 1886; x_wconf 76' lang='grc' dir='ltr'>ὑμᾶς</span> <span class='ocrx_word' id='word_1_135' title='bbox 1679 1819 1707 1870; x_wconf 86' lang='lat'><strong>6</strong></span> <span class='ocrx_word' id='word_1_136' title='bbox 1733 1816 1887 1878; x_wconf 87' lang='grc' dir='ltr'>Θεός.</span> <span class='ocrx_word' id='word_1_137' title='bbox 1917 1832 1937 1867; x_wconf 76' lang='grc' dir='ltr'><strong>ι</strong></span> <span class='ocrx_word' id='word_1_138' title='bbox 1977 1793 2015 1846; x_wconf 77' lang='grc' dir='ltr'><strong>Β</strong></span> 
     </span>
    </p>
   </div>
   <div class='ocr_carea' id='block_1_21' title="bbox 369 1905 1943 1979">
    <p class='ocr_par' dir='ltr' id='par_1_21' title="bbox 369 1905 1943 1979">
     <span class='ocr_line' id='line_1_21' title="bbox 369 1905 1943 1979; baseline 0.001 -21"><span class='ocrx_word' id='word_1_139' title='bbox 369 1905 506 1958; x_wconf 81' lang='grc' dir='ltr'>Ἀλλ’</span> <span class='ocrx_word' id='word_1_140' title='bbox 528 1907 714 1960; x_wconf 85' lang='grc' dir='ltr'>ἐκεῖνα</span> <span class='ocrx_word' id='word_1_141' title='bbox 738 1907 836 1978; x_wconf 86' lang='grc' dir='ltr'>μὲν</span> <span class='ocrx_word' id='word_1_142' title='bbox 857 1909 1054 1973; x_wconf 86' lang='grc' dir='ltr'>τύποι,</span> <span class='ocrx_word' id='word_1_143' title='bbox 1095 1909 1188 1962; x_wconf 70' lang='grc' dir='ltr'>καὶ</span> <span class='ocrx_word' id='word_1_144' title='bbox 1220 1908 1321 1979; x_wconf 85' lang='grc' dir='ltr'><strong>τῆς</strong></span> <span class='ocrx_word' id='word_1_145' title='bbox 1375 1908 1636 1978; x_wconf 80' lang='grc' dir='ltr'><strong>ἀληθείας</strong></span> <span class='ocrx_word' id='word_1_146' title='bbox 1659 1909 1943 1979; x_wconf 76' lang='grc' dir='ltr'>μόρφωσις</span> 
     </span>
    </p>
   </div>
   <div class='ocr_carea' id='block_1_22' title="bbox 355 1990 1942 2069">
    <p class='ocr_par' dir='ltr' id='par_1_22' title="bbox 355 1990 1942 2069">
     <span class='ocr_line' id='line_1_22' title="bbox 355 1990 1942 2069; baseline 0.001 -23"><span class='ocrx_word' id='word_1_147' title='bbox 355 1990 444 2065; x_wconf 79' lang='grc' dir='ltr'><strong>ῆν.</strong></span> <span class='ocrx_word' id='word_1_148' title='bbox 477 1995 622 2066; x_wconf 84' lang='grc' dir='ltr'><strong>Αὐτὴ</strong></span> <span class='ocrx_word' id='word_1_149' title='bbox 649 1996 705 2049; x_wconf 82' lang='grc' dir='ltr'>δὲ</span> <span class='ocrx_word' id='word_1_150' title='bbox 755 1995 942 2050; x_wconf 81' lang='grc' dir='ltr'>λοιπὸν</span> <span class='ocrx_word' id='word_1_151' title='bbox 981 1999 1014 2068; x_wconf 83' lang='grc' dir='ltr'><strong>ή</strong></span> <span class='ocrx_word' id='word_1_152' title='bbox 1065 1997 1290 2069; x_wconf 84' lang='grc' dir='ltr'>ἀλήθεια</span> <span class='ocrx_word' id='word_1_153' title='bbox 1339 1998 1607 2067; x_wconf 85' lang='grc' dir='ltr'>Χριστὸς,</span> <span class='ocrx_word' id='word_1_154' title='bbox 1661 1998 1690 2050; x_wconf 89' lang='lat'><strong>6</strong></span> <span class='ocrx_word' id='word_1_155' title='bbox 1735 1997 1942 2057; x_wconf 85' lang='grc' dir='ltr'>πάντας</span> 
     </span>
    </p>
   </div>
   <div class='ocr_carea' id='block_1_23' title="bbox 361 2086 1939 2162">
    <p class='ocr_par' dir='ltr' id='par_1_23' title="bbox 361 2086 1939 2162">
     <span class='ocr_line' id='line_1_23' title="bbox 361 2086 1939 2162; baseline 0 -22"><span class='ocrx_word' id='word_1_156' title='bbox 361 2088 506 2157; x_wconf 77' lang='grc' dir='ltr'>ἡμᾶς</span> <span class='ocrx_word' id='word_1_157' title='bbox 533 2088 806 2158; x_wconf 78' lang='grc' dir='ltr'>ἀγοράσας</span> <span class='ocrx_word' id='word_1_158' title='bbox 836 2091 893 2143; x_wconf 83' lang='grc' dir='ltr'>ὲν</span> <span class='ocrx_word' id='word_1_159' title='bbox 927 2091 1121 2160; x_wconf 77' lang='grc' dir='ltr'>αἵματι</span> <span class='ocrx_word' id='word_1_160' title='bbox 1161 2090 1448 2162; x_wconf 83' lang='grc' dir='ltr'>διαθήκης.</span> <span class='ocrx_word' id='word_1_161' title='bbox 1510 2108 1529 2142; x_wconf 85' lang='grc' dir='ltr'><strong>ι</strong></span> <span class='ocrx_word' id='word_1_162' title='bbox 1569 2086 1939 2159; x_wconf 70' lang='grc' dir='ltr'>Ἐκλελυτρώὲ</span> 
     </span>
    </p>
   </div>
   <div class='ocr_carea' id='block_1_24' title="bbox 368 2178 1942 2256">
    <p class='ocr_par' dir='ltr' id='par_1_24' title="bbox 368 2178 1942 2256">
     <span class='ocr_line' id='line_1_24' title="bbox 368 2178 1942 2256; baseline 0.008 -24"><span class='ocrx_word' id='word_1_163' title='bbox 368 2178 510 2250; x_wconf 83' lang='grc' dir='ltr'>μεθα</span> <span class='ocrx_word' id='word_1_164' title='bbox 531 2179 658 2250; x_wconf 79' lang='grc' dir='ltr'>γὰρ,</span> <span class='ocrx_word' id='word_1_165' title='bbox 689 2181 764 2246; x_wconf 83' lang='grc' dir='ltr'>ὡς</span> <span class='ocrx_word' id='word_1_166' title='bbox 811 2185 840 2235; x_wconf 97' lang='lat'><strong>6</strong></span> <span class='ocrx_word' id='word_1_167' title='bbox 870 2183 1036 2236; x_wconf 76' lang='grc' dir='ltr'>αὑτοῦ</span> <span class='ocrx_word' id='word_1_168' title='bbox 1085 2201 1218 2254; x_wconf 85' lang='grc' dir='ltr'>φησι</span> <span class='ocrx_word' id='word_1_169' title='bbox 1255 2183 1526 2256; x_wconf 82' lang='grc' dir='ltr'>μαθητὴς,</span> <span class='ocrx_word' id='word_1_170' title='bbox 1575 2183 1636 2236; x_wconf 81' lang='grc' dir='ltr'>οὐ</span> <span class='ocrx_word' id='word_1_171' title='bbox 1680 2182 1942 2252; x_wconf 81' lang='grc' dir='ltr'>φθαρτοῖς</span> 
     </span>
    </p>
   </div>
   <div class='ocr_carea' id='block_1_25' title="bbox 365 2269 1940 2346">
    <p class='ocr_par' dir='ltr' id='par_1_25' title="bbox 365 2269 1940 2346">
     <span class='ocr_line' id='line_1_25' title="bbox 365 2269 1940 2346; baseline 0.003 -25"><span class='ocrx_word' id='word_1_172' title='bbox 365 2269 613 2342; x_wconf 84' lang='grc' dir='ltr'>ἀργυρίῳ</span> <span class='ocrx_word' id='word_1_173' title='bbox 658 2273 688 2343; x_wconf 82' lang='grc' dir='ltr'>ἢ</span> <span class='ocrx_word' id='word_1_174' title='bbox 752 2273 984 2344; x_wconf 83' lang='grc' dir='ltr'>χρυσίῳ,</span> <span class='ocrx_word' id='word_1_175' title='bbox 1048 2275 1183 2329; x_wconf 74' lang='grc' dir='ltr'>ἀλλὰ</span> <span class='ocrx_word' id='word_1_176' title='bbox 1231 2277 1398 2346; x_wconf 81' lang='grc' dir='ltr'>τιμίῳ</span> <span class='ocrx_word' id='word_1_177' title='bbox 1430 2275 1622 2345; x_wconf 79' lang='grc' dir='ltr'>αἵματι</span> <span class='ocrx_word' id='word_1_178' title='bbox 1662 2273 1738 2337; x_wconf 83' lang='grc' dir='ltr'>ὡς</span> <span class='ocrx_word' id='word_1_179' title='bbox 1767 2270 1940 2343; x_wconf 74' lang='grc' dir='ltr'>ἀμνοῦ</span> 
     </span>
    </p>
   </div>
   <div class='ocr_carea' id='block_1_26' title="bbox 363 2363 1939 2438">
    <p class='ocr_par' dir='ltr' id='par_1_26' title="bbox 363 2363 1939 2438">
     <span class='ocr_line' id='line_1_26' title="bbox 363 2363 1939 2438; baseline 0.002 -24"><span class='ocrx_word' id='word_1_180' title='bbox 363 2363 617 2433; x_wconf 83' lang='grc' dir='ltr'>ἀμώμου,</span> <span class='ocrx_word' id='word_1_181' title='bbox 657 2366 751 2418; x_wconf 76' lang='grc' dir='ltr'>καὶ</span> <span class='ocrx_word' id='word_1_182' title='bbox 796 2367 1026 2420; x_wconf 77' lang='grc' dir='ltr'>ἀσπίλου</span> <span class='ocrx_word' id='word_1_183' title='bbox 1067 2367 1326 2438; x_wconf 79' lang='grc' dir='ltr'>Χριστοῦ.</span> <span class='ocrx_word' id='word_1_184' title='bbox 1371 2387 1390 2419; x_wconf 71' lang='grc' dir='ltr'><strong>ι</strong></span> <span class='ocrx_word' id='word_1_185' title='bbox 1423 2368 1494 2420; x_wconf 78' lang='grc' dir='ltr'>Σὺ</span> <span class='ocrx_word' id='word_1_186' title='bbox 1522 2366 1723 2430; x_wconf 79' lang='grc' dir='ltr'>τοίνυν,</span> <span class='ocrx_word' id='word_1_187' title='bbox 1751 2365 1939 2436; x_wconf 65' lang='grc' dir='ltr'>φησιν,</span> 
     </span>
    </p>
   </div>
   <div class='ocr_carea' id='block_1_27' title="bbox 359 2446 1943 2528">
    <p class='ocr_par' dir='ltr' id='par_1_27' title="bbox 359 2446 1943 2528">
     <span class='ocr_line' id='line_1_27' title="bbox 359 2446 1943 2528; baseline 0 -22"><span class='ocrx_word' id='word_1_188' title='bbox 359 2446 406 2506; x_wconf 81' lang='grc' dir='ltr'>ὦ</span> <span class='ocrx_word' id='word_1_189' title='bbox 439 2453 748 2508; x_wconf 83' lang='grc' dir='ltr'>δικαιότατε</span> <span class='ocrx_word' id='word_1_190' title='bbox 792 2457 895 2510; x_wconf 63' lang='grc' dir='ltr'>καὶ</span> <span class='ocrx_word' id='word_1_191' title='bbox 924 2458 1196 2528; x_wconf 86' lang='grc' dir='ltr'>πραότατε</span> <span class='ocrx_word' id='word_1_192' title='bbox 1231 2455 1476 2528; x_wconf 79' lang='grc' dir='ltr'>βασιλεῦ,</span> <span class='ocrx_word' id='word_1_193' title='bbox 1504 2458 1561 2509; x_wconf 85' lang='grc' dir='ltr'><strong>ἐν</strong></span> <span class='ocrx_word' id='word_1_194' title='bbox 1589 2456 1784 2524; x_wconf 83' lang='grc' dir='ltr'>αἵματι</span> <span class='ocrx_word' id='word_1_195' title='bbox 1833 2454 1943 2506; x_wconf 84' lang='grc' dir='ltr'>δια·</span> 
     </span>
    </p>
   </div>
   <div class='ocr_carea' id='block_1_28' title="bbox 360 2545 1942 2620">
    <p class='ocr_par' dir='ltr' id='par_1_28' title="bbox 360 2545 1942 2620">
     <span class='ocr_line' id='line_1_28' title="bbox 360 2545 1942 2620; baseline 0.001 -22"><span class='ocrx_word' id='word_1_196' title='bbox 360 2545 536 2616; x_wconf 84' lang='grc' dir='ltr'>θήκης</span> <span class='ocrx_word' id='word_1_197' title='bbox 566 2547 690 2610; x_wconf 78' lang='grc' dir='ltr'>τοὺς</span> <span class='ocrx_word' id='word_1_198' title='bbox 712 2549 840 2612; x_wconf 75' lang='grc' dir='ltr'>σοὺς</span> <span class='ocrx_word' id='word_1_199' title='bbox 868 2549 1159 2617; x_wconf 81' lang='grc' dir='ltr'>γεγονότας</span> <span class='ocrx_word' id='word_1_200' title='bbox 1200 2549 1456 2620; x_wconf 81' lang='grc' dir='ltr'>δεσμίους</span> <span class='ocrx_word' id='word_1_201' title='bbox 1482 2551 1502 2616; x_wconf 70' lang='grc' dir='ltr'><strong>ί</strong></span> <span class='ocrx_word' id='word_1_202' title='bbox 1520 2548 1800 2602; x_wconf 78' lang='grc' dir='ltr'>τουτέστιν</span> <span class='ocrx_word' id='word_1_203' title='bbox 1847 2545 1942 2611; x_wconf 84' lang='grc' dir='ltr'>οὓς</span> 
     </span>
    </p>
   </div>
   <div class='ocr_carea' id='block_1_29' title="bbox 358 2638 1943 2711">
    <p class='ocr_par' dir='ltr' id='par_1_29' title="bbox 358 2638 1943 2711">
     <span class='ocr_line' id='line_1_29' title="bbox 358 2638 1943 2711; baseline 0.001 -20"><span class='ocrx_word' id='word_1_204' title='bbox 358 2638 580 2708; x_wconf 76' lang='grc' dir='ltr'>δεσμοῖς</span> <span class='ocrx_word' id='word_1_205' title='bbox 602 2639 820 2709; x_wconf 81' lang='grc' dir='ltr'>ἀγάπης</span> <span class='ocrx_word' id='word_1_206' title='bbox 856 2641 1250 2711; x_wconf 77' lang='grc' dir='ltr'>κατέσςριγξας,</span> <span class='ocrx_word' id='word_1_207' title='bbox 1276 2643 1371 2695; x_wconf 83' lang='grc' dir='ltr'>καὶ</span> <span class='ocrx_word' id='word_1_208' title='bbox 1400 2644 1521 2705; x_wconf 88' lang='grc' dir='ltr'>ταῖς</span> <span class='ocrx_word' id='word_1_209' title='bbox 1542 2643 1662 2704; x_wconf 83' lang='grc' dir='ltr'>σαῖς</span> <span class='ocrx_word' id='word_1_210' title='bbox 1688 2639 1943 2709; x_wconf 86' lang='grc' dir='ltr'>ζεύγλαις</span> 
     </span>
    </p>
   </div>
   <div class='ocr_carea' id='block_1_30' title="bbox 362 2730 1943 2805">
    <p class='ocr_par' dir='ltr' id='par_1_30' title="bbox 362 2730 1943 2805">
     <span class='ocr_line' id='line_1_30' title="bbox 362 2730 1943 2805; baseline 0.001 -21"><span class='ocrx_word' id='word_1_211' title='bbox 362 2730 706 2799; x_wconf 79' lang='grc' dir='ltr'>ὑπενεγκεῖν,</span> <span class='ocrx_word' id='word_1_212' title='bbox 741 2733 834 2786; x_wconf 65' lang='grc' dir='ltr'><strong>καλ⁵</strong></span> <span class='ocrx_word' id='word_1_213' title='bbox 869 2735 1168 2804; x_wconf 84' lang='grc' dir='ltr'>καταδῆσαι</span> <span class='ocrx_word' id='word_1_214' title='bbox 1203 2735 1391 2803; x_wconf 75' lang='grc' dir='ltr'>σαφῶς</span> <span class='ocrx_word' id='word_1_215' title='bbox 1439 2735 1540 2805; x_wconf 86' lang='grc' dir='ltr'>τὴν</span> <span class='ocrx_word' id='word_1_216' title='bbox 1578 2735 1678 2804; x_wconf 91' lang='grc' dir='ltr'><strong>τῆς</strong></span> <span class='ocrx_word' id='word_1_217' title='bbox 1705 2734 1943 2798; x_wconf 88' lang='grc' dir='ltr'>διανοίας</span> 
     </span>
    </p>
   </div>
   <div class='ocr_carea' id='block_1_31' title="bbox 363 2822 1943 2897">
    <p class='ocr_par' dir='ltr' id='par_1_31' title="bbox 363 2822 1943 2897">
     <span class='ocr_line' id='line_1_31' title="bbox 363 2822 1943 2897; baseline 0.001 -21"><span class='ocrx_word' id='word_1_218' title='bbox 363 2822 636 2888; x_wconf 81' lang='grc' dir='ltr'>πέπεικας</span> <span class='ocrx_word' id='word_1_219' title='bbox 667 2826 904 2897; x_wconf 79' lang='grc' dir='ltr'>αὐχένα)</span> <span class='ocrx_word' id='word_1_220' title='bbox 927 2826 1336 2892; x_wconf 83' lang='grc' dir='ltr'>ἐξαπέστειλας,</span> <span class='ocrx_word' id='word_1_221' title='bbox 1361 2827 1637 2880; x_wconf 87' lang='grc' dir='ltr'>τουτέστιν</span> <span class='ocrx_word' id='word_1_222' title='bbox 1689 2826 1943 2895; x_wconf 81' lang='grc' dir='ltr'>ἐξεκόμι-</span> 
     </span>
    </p>
   </div>
   <div class='ocr_carea' id='block_1_32' title="bbox 367 2916 1945 2988">
    <p class='ocr_par' dir='ltr' id='par_1_32' title="bbox 367 2916 1945 2988">
     <span class='ocr_line' id='line_1_32' title="bbox 367 2916 1945 2988; baseline 0.004 -21"><span class='ocrx_word' id='word_1_223' title='bbox 367 2930 487 2978; x_wconf 86' lang='grc' dir='ltr'>σας,</span> <span class='ocrx_word' id='word_1_224' title='bbox 538 2916 707 2986; x_wconf 82' lang='grc' dir='ltr'>ἦγουν</span> <span class='ocrx_word' id='word_1_225' title='bbox 755 2917 1048 2988; x_wconf 80' lang='grc' dir='ltr'>ἐξήγαγες,</span> <span class='ocrx_word' id='word_1_226' title='bbox 1086 2919 1118 2986; x_wconf 80' lang='grc' dir='ltr'>ἢ</span> <span class='ocrx_word' id='word_1_227' title='bbox 1179 2919 1390 2988; x_wconf 80' lang='grc' dir='ltr'>ἀνῆκας</span> <span class='ocrx_word' id='word_1_228' title='bbox 1452 2938 1470 2970; x_wconf 80' lang='grc' dir='ltr'><strong>ι</strong></span> <span class='ocrx_word' id='word_1_229' title='bbox 1501 2919 1566 2972; x_wconf 84' lang='grc' dir='ltr'><strong>ἐκ</strong></span> <span class='ocrx_word' id='word_1_230' title='bbox 1599 2919 1804 2973; x_wconf 84' lang='grc' dir='ltr'>λάκκου</span> <span class='ocrx_word' id='word_1_231' title='bbox 1845 2920 1945 2973; x_wconf 64' lang='grc' dir='ltr'>οὐκ</span> 
     </span>
    </p>
   </div>
   <div class='ocr_carea' id='block_1_33' title="bbox 365 3005 1945 3081">
    <p class='ocr_par' dir='ltr' id='par_1_33' title="bbox 365 3005 1945 3081">
     <span class='ocr_line' id='line_1_33' title="bbox 365 3005 1945 3081; baseline 0.003 -23"><span class='ocrx_word' id='word_1_232' title='bbox 365 3005 583 3075; x_wconf 75' lang='grc' dir='ltr'>ἕχοντος</span> <span class='ocrx_word' id='word_1_233' title='bbox 614 3007 778 3079; x_wconf 80' lang='grc' dir='ltr'>ὕδωρ.</span> <span class='ocrx_word' id='word_1_234' title='bbox 817 3029 834 3061; x_wconf 76' lang='grc' dir='ltr'><strong>ι</strong></span> <span class='ocrx_word' id='word_1_235' title='bbox 869 3010 1163 3080; x_wconf 85' lang='grc' dir='ltr'>Σημαίνειν</span> <span class='ocrx_word' id='word_1_236' title='bbox 1190 3010 1246 3062; x_wconf 81' lang='grc' dir='ltr'>δὲ</span> <span class='ocrx_word' id='word_1_237' title='bbox 1283 3010 1371 3064; x_wconf 79' lang='grc' dir='ltr'><strong>διὰ</strong></span> <span class='ocrx_word' id='word_1_238' title='bbox 1393 3009 1582 3064; x_wconf 87' lang='grc' dir='ltr'>τούτου</span> <span class='ocrx_word' id='word_1_239' title='bbox 1629 3010 1810 3081; x_wconf 78' lang='grc' dir='ltr'>φαμὲν</span> <span class='ocrx_word' id='word_1_240' title='bbox 1844 3011 1945 3063; x_wconf 83' lang='grc' dir='ltr'>αύ-</span> 
     </span>
    </p>
   </div>
   <div class='ocr_carea' id='block_1_34' title="bbox 365 3098 1738 3155">
    <p class='ocr_par' dir='ltr' id='par_1_34' title="bbox 365 3098 1738 3155">
     <span class='ocr_line' id='line_1_34' title="bbox 365 3098 1738 3155; baseline 0.003 -4"><span class='ocrx_word' id='word_1_241' title='bbox 365 3098 457 3152; x_wconf 82' lang='grc' dir='ltr'><strong>τδν</strong></span> <span class='ocrx_word' id='word_1_242' title='bbox 487 3099 519 3155; x_wconf 80' lang='grc' dir='ltr'>ἦ</span> <span class='ocrx_word' id='word_1_243' title='bbox 549 3101 638 3152; x_wconf 76' lang='grc' dir='ltr'>τὸν</span> <span class='ocrx_word' id='word_1_244' title='bbox 658 3099 810 3155; x_wconf 74' lang='grc' dir='ltr'>ἅδην.</span> <span class='ocrx_word' id='word_1_245' title='bbox 836 3101 926 3154; x_wconf 76' lang='grc' dir='ltr'><strong>τὸν</strong></span> <span class='ocrx_word' id='word_1_246' title='bbox 949 3102 1048 3154; x_wconf 81' lang='grc' dir='ltr'>οὐκ</span> <span class='ocrx_word' id='word_1_247' title='bbox 1071 3101 1264 3155; x_wconf 79' lang='grc' dir='ltr'>έγοντα</span> <span class='ocrx_word' id='word_1_248' title='bbox 1291 3102 1456 3155; x_wconf 73' lang='grc' dir='ltr'>ζωὴν.</span> <span class='ocrx_word' id='word_1_249' title='bbox 1483 3103 1738 3155; x_wconf 77' lang='grc' dir='ltr'>ἐκδεΞόαε</span> 
     </span>
    </p>
   </div>
   <div class='ocr_carea' id='block_1_35' title="bbox 487 3099 1963 3260">
    <p class='ocr_par' dir='ltr' id='par_1_35' title="bbox 487 3099 1946 3260">
     <span class='ocr_line' id='line_1_35' title="bbox 487 3099 1945 3173; baseline 0.001 -21"><span class='ocrx_word' id='word_1_250' title='bbox 487 3099 520 3169; x_wconf 84' lang='grc' dir='ltr'><strong>ἢ</strong></span> <span class='ocrx_word' id='word_1_251' title='bbox 549 3101 638 3152; x_wconf 76' lang='grc' dir='ltr'>τὸν</span> <span class='ocrx_word' id='word_1_252' title='bbox 658 3099 810 3170; x_wconf 75' lang='grc' dir='ltr'>ᾅδην,</span> <span class='ocrx_word' id='word_1_253' title='bbox 836 3101 926 3154; x_wconf 76' lang='grc' dir='ltr'><strong>τὸν</strong></span> <span class='ocrx_word' id='word_1_254' title='bbox 949 3102 1048 3154; x_wconf 81' lang='grc' dir='ltr'>οὐκ</span> <span class='ocrx_word' id='word_1_255' title='bbox 1071 3101 1264 3172; x_wconf 76' lang='grc' dir='ltr'>ἔχοντα</span> <span class='ocrx_word' id='word_1_256' title='bbox 1291 3102 1456 3173; x_wconf 80' lang='grc' dir='ltr'>ζωὴν,</span> <span class='ocrx_word' id='word_1_257' title='bbox 1483 3103 1815 3173; x_wconf 75' lang='grc' dir='ltr'>ἐκδεξάμεθα</span> <span class='ocrx_word' id='word_1_258' title='bbox 1837 3102 1945 3173; x_wconf 83' lang='grc' dir='ltr'><strong>γὰρ</strong></span> 
     </span>
     <span class='ocr_line' id='line_1_36' title="bbox 487 3189 1946 3260; baseline 0.003 -18"><span class='ocrx_word' id='word_1_259' title='bbox 487 3189 642 3243; x_wconf 77' lang='grc' dir='ltr'>τύπον</span> <span class='ocrx_word' id='word_1_260' title='bbox 673 3190 819 3260; x_wconf 85' lang='grc' dir='ltr'>ζωῆς</span> <span class='ocrx_word' id='word_1_261' title='bbox 836 3191 894 3244; x_wconf 78' lang='grc' dir='ltr'>τὸ</span> <span class='ocrx_word' id='word_1_262' title='bbox 911 3191 1078 3260; x_wconf 55' lang='grc' dir='ltr'>«ὕδωρ,</span> <span class='ocrx_word' id='word_1_263' title='bbox 1095 3193 1260 3260; x_wconf 76' lang='grc' dir='ltr'>ἤγουν</span> <span class='ocrx_word' id='word_1_264' title='bbox 1285 3193 1416 3260; x_wconf 75' lang='grc' dir='ltr'>ᾅδην</span> <span class='ocrx_word' id='word_1_265' title='bbox 1454 3192 1946 3260; x_wconf 84' lang='grc' dir='ltr'>καταλογιούμεθα,</span> 
     </span>
    </p>
   </div>
   <div class='ocr_carea' id='block_1_36' title="bbox 2049 3099 3637 3260">
    <p class='ocr_par' dir='ltr' id='par_1_36' title="bbox 2053 3099 3637 3260">
     <span class='ocr_line' id='line_1_37' title="bbox 2053 3099 3634 3158; baseline -0.007 0"><span class='ocrx_word' id='word_1_266' title='bbox 2053 3113 2200 3158; x_wconf 87' lang='lat' dir='ltr'><strong>certe</strong></span> <span class='ocrx_word' id='word_1_267' title='bbox 2231 3101 2499 3156; x_wconf 77' lang='lat' dir='ltr'><strong>internum</strong></span> <span class='ocrx_word' id='word_1_268' title='bbox 2523 3101 3039 3155; x_wconf 89' lang='lat' dir='ltr'><strong>convenientissime</strong></span> <span class='ocrx_word' id='word_1_269' title='bbox 3103 3099 3362 3152; x_wconf 80' lang='lat' dir='ltr'><strong>falsorum</strong></span> <span class='ocrx_word' id='word_1_270' title='bbox 3411 3099 3634 3151; x_wconf 88' lang='lat' dir='ltr'><strong>deorum</strong></span> 
     </span>
     <span class='ocr_line' id='line_1_38' title="bbox 2053 3187 3637 3260; baseline -0.004 -14"><span class='ocrx_word' id='word_1_271' title='bbox 2053 3192 2322 3246; x_wconf 76' lang='lat' dir='ltr'><strong>fallaciam</strong></span> <span class='ocrx_word' id='word_1_272' title='bbox 2351 3189 3025 3260; x_wconf 76' lang='lat' dir='ltr'><strong>interpretabiniur.739</strong></span> <span class='ocrx_word' id='word_1_273' title='bbox 3048 3187 3186 3246; x_wconf 84' lang='lat' dir='ltr'><strong>Vere</strong></span> <span class='ocrx_word' id='word_1_274' title='bbox 3201 3188 3344 3244; x_wconf 86' lang='lat' dir='ltr'><strong>enim</strong></span> <span class='ocrx_word' id='word_1_275' title='bbox 3364 3187 3514 3242; x_wconf 83' lang='lat' dir='ltr'><strong>fovea</strong></span> <span class='ocrx_word' id='word_1_276' title='bbox 3531 3195 3637 3248; x_wconf 82' lang='lat' dir='ltr'><strong>est,</strong></span> 
     </span>
    </p>
   </div>
   <div class='ocr_carea' id='block_1_37' title="bbox 367 3189 1946 3264">
    <p class='ocr_par' dir='ltr' id='par_1_37' title="bbox 367 3189 1946 3264">
     <span class='ocr_line' id='line_1_39' title="bbox 367 3189 1946 3264; baseline 0.003 -22"><span class='ocrx_word' id='word_1_277' title='bbox 367 3190 449 3252; x_wconf 88' lang='grc' dir='ltr'><strong>εἱς</strong></span> <span class='ocrx_word' id='word_1_278' title='bbox 473 3189 642 3243; x_wconf 85' lang='grc' dir='ltr'>τύπον</span> <span class='ocrx_word' id='word_1_279' title='bbox 673 3190 819 3260; x_wconf 85' lang='grc' dir='ltr'>ζωῆς</span> <span class='ocrx_word' id='word_1_280' title='bbox 836 3191 894 3244; x_wconf 78' lang='grc' dir='ltr'>τὸ</span> <span class='ocrx_word' id='word_1_281' title='bbox 911 3191 1078 3264; x_wconf 55' lang='grc' dir='ltr'>«ὕδωρ,</span> <span class='ocrx_word' id='word_1_282' title='bbox 1095 3193 1260 3262; x_wconf 74' lang='grc' dir='ltr'>ἤγουν</span> <span class='ocrx_word' id='word_1_283' title='bbox 1285 3193 1416 3264; x_wconf 73' lang='grc' dir='ltr'>ᾅδην</span> <span class='ocrx_word' id='word_1_284' title='bbox 1454 3192 1946 3261; x_wconf 84' lang='grc' dir='ltr'>καταλογιούμεθα,</span> 
     </span>
    </p>
   </div>
   <div class='ocr_carea' id='block_1_38' title="bbox 368 3282 1951 3354">
    <p class='ocr_par' dir='ltr' id='par_1_38' title="bbox 368 3282 1951 3354">
     <span class='ocr_line' id='line_1_40' title="bbox 368 3282 1951 3354; baseline 0.001 -19"><span class='ocrx_word' id='word_1_285' title='bbox 368 3282 466 3335; x_wconf 75' lang='grc' dir='ltr'>καὶ</span> <span class='ocrx_word' id='word_1_286' title='bbox 499 3283 643 3351; x_wconf 81' lang='grc' dir='ltr'>μάλα</span> <span class='ocrx_word' id='word_1_287' title='bbox 675 3282 872 3352; x_wconf 81' lang='grc' dir='ltr'>ὀρθῶς,</span> <span class='ocrx_word' id='word_1_288' title='bbox 919 3283 1026 3354; x_wconf 77' lang='grc' dir='ltr'>τήν,</span> <span class='ocrx_word' id='word_1_289' title='bbox 1052 3285 1142 3338; x_wconf 85' lang='grc' dir='ltr'><strong>ἐπί</strong></span> <span class='ocrx_word' id='word_1_290' title='bbox 1163 3303 1227 3352; x_wconf 89' lang='grc' dir='ltr'><strong>γε</strong></span> <span class='ocrx_word' id='word_1_291' title='bbox 1255 3288 1366 3348; x_wconf 89' lang='grc' dir='ltr'>τοῖς</span> <span class='ocrx_word' id='word_1_292' title='bbox 1406 3285 1774 3354; x_wconf 69' lang='grc' dir='ltr'>ψευδωνύμως</span> <span class='ocrx_word' id='word_1_293' title='bbox 1807 3283 1951 3346; x_wconf 85' lang='grc' dir='ltr'>θεοῖς</span> 
     </span>
    </p>
   </div>
   <div class='ocr_carea' id='block_1_39' title="bbox 369 3373 1952 3446">
    <p class='ocr_par' dir='ltr' id='par_1_39' title="bbox 369 3373 1952 3446">
     <span class='ocr_line' id='line_1_41' title="bbox 369 3373 1952 3446; baseline 0 -19"><span class='ocrx_word' id='word_1_294' title='bbox 369 3374 608 3444; x_wconf 81' lang='grc' dir='ltr'>ἀπάτην.</span> <span class='ocrx_word' id='word_1_295' title='bbox 643 3373 846 3444; x_wconf 82' lang='grc' dir='ltr'>Βὸθρος</span> <span class='ocrx_word' id='word_1_296' title='bbox 881 3374 988 3444; x_wconf 84' lang='grc' dir='ltr'><strong>γὰρ</strong></span> <span class='ocrx_word' id='word_1_297' title='bbox 1022 3375 1238 3444; x_wconf 83' lang='grc' dir='ltr'>ἀληθῶς</span> <span class='ocrx_word' id='word_1_298' title='bbox 1275 3376 1334 3428; x_wconf 84' lang='grc' dir='ltr'>τὸ</span> <span class='ocrx_word' id='word_1_299' title='bbox 1357 3376 1546 3446; x_wconf 79' lang='grc' dir='ltr'>χρῆμά</span> <span class='ocrx_word' id='word_1_300' title='bbox 1575 3376 1747 3437; x_wconf 72' lang='grc' dir='ltr'>ἐστιν,</span> <span class='ocrx_word' id='word_1_301' title='bbox 1780 3376 1860 3437; x_wconf 83' lang='grc' dir='ltr'><strong>είς</strong></span> <span class='ocrx_word' id='word_1_302' title='bbox 1892 3374 1952 3427; x_wconf 80' lang='grc' dir='ltr'>ὃν</span> 
     </span>
    </p>
   </div>
   <div class='ocr_carea' id='block_1_40' title="bbox 369 3463 1950 3536">
    <p class='ocr_par' dir='ltr' id='par_1_40' title="bbox 369 3463 1950 3536">
     <span class='ocr_line' id='line_1_42' title="bbox 369 3463 1950 3536; baseline -0.001 -20"><span class='ocrx_word' id='word_1_303' title='bbox 369 3463 530 3535; x_wconf 84' lang='grc' dir='ltr'>εἴπερ</span> <span class='ocrx_word' id='word_1_304' title='bbox 554 3482 636 3529; x_wconf 90' lang='grc' dir='ltr'><strong>τις</strong></span> <span class='ocrx_word' id='word_1_305' title='bbox 665 3464 802 3528; x_wconf 82' lang='grc' dir='ltr'>ὅλως</span> <span class='ocrx_word' id='word_1_306' title='bbox 829 3465 1230 3534; x_wconf 85' lang='grc' dir='ltr'>κατολισθήσει,</span> <span class='ocrx_word' id='word_1_307' title='bbox 1268 3465 1414 3536; x_wconf 84' lang='grc' dir='ltr'>ζωῆς</span> <span class='ocrx_word' id='word_1_308' title='bbox 1438 3465 1726 3535; x_wconf 87' lang='grc' dir='ltr'>ἀμοιρήσει</span> <span class='ocrx_word' id='word_1_309' title='bbox 1748 3463 1848 3534; x_wconf 84' lang='grc' dir='ltr'><strong>τῆς</strong></span> <span class='ocrx_word' id='word_1_310' title='bbox 1871 3463 1950 3526; x_wconf 80' lang='grc' dir='ltr'><strong>εἰς</strong></span> 
     </span>
    </p>
   </div>
   <div class='ocr_carea' id='block_1_41' title="bbox 369 3557 1948 3628">
    <p class='ocr_par' dir='ltr' id='par_1_41' title="bbox 369 3557 1948 3628">
     <span class='ocr_line' id='line_1_43' title="bbox 369 3557 1948 3628; baseline 0.001 -19"><span class='ocrx_word' id='word_1_311' title='bbox 369 3558 543 3609; x_wconf 84' lang='grc' dir='ltr'>αἰῶνα</span> <span class='ocrx_word' id='word_1_312' title='bbox 562 3557 652 3610; x_wconf 75' lang='grc' dir='ltr'>τὸν</span> <span class='ocrx_word' id='word_1_313' title='bbox 680 3557 960 3627; x_wconf 83' lang='grc' dir='ltr'>μέλλοντα.</span> <span class='ocrx_word' id='word_1_314' title='bbox 999 3558 1123 3611; x_wconf 86' lang='grc' dir='ltr'>Ὅτι</span> <span class='ocrx_word' id='word_1_315' title='bbox 1147 3557 1202 3610; x_wconf 79' lang='grc' dir='ltr'>δὲ</span> <span class='ocrx_word' id='word_1_316' title='bbox 1231 3558 1505 3611; x_wconf 87' lang='grc' dir='ltr'>κεκένωκε</span> <span class='ocrx_word' id='word_1_317' title='bbox 1535 3558 1624 3610; x_wconf 86' lang='grc' dir='ltr'>τὸν</span> <span class='ocrx_word' id='word_1_318' title='bbox 1652 3557 1786 3628; x_wconf 72' lang='grc' dir='ltr'>ᾅδην</span> <span class='ocrx_word' id='word_1_319' title='bbox 1809 3557 1948 3610; x_wconf 84' lang='grc' dir='ltr'>ἀπο-</span> 
     </span>
    </p>
   </div>
   <div class='ocr_carea' id='block_1_42' title="bbox 369 3646 1949 3720">
    <p class='ocr_par' dir='ltr' id='par_1_42' title="bbox 369 3646 1949 3720">
     <span class='ocr_line' id='line_1_44' title="bbox 369 3646 1949 3720; baseline 0.002 -22"><span class='ocrx_word' id='word_1_320' title='bbox 369 3646 550 3700; x_wconf 86' lang='grc' dir='ltr'>θανὼν</span> <span class='ocrx_word' id='word_1_321' title='bbox 579 3648 607 3700; x_wconf 88' lang='lat'><strong>6</strong></span> <span class='ocrx_word' id='word_1_322' title='bbox 635 3650 882 3719; x_wconf 78' lang='grc' dir='ltr'>Χριστὸς,</span> <span class='ocrx_word' id='word_1_323' title='bbox 911 3649 1004 3704; x_wconf 75' lang='grc' dir='ltr'>καὶ</span> <span class='ocrx_word' id='word_1_324' title='bbox 1025 3649 1193 3719; x_wconf 79' lang='grc' dir='ltr'>ἀνῆκε</span> <span class='ocrx_word' id='word_1_325' title='bbox 1215 3653 1326 3712; x_wconf 87' lang='grc' dir='ltr'>τοῖς</span> <span class='ocrx_word' id='word_1_326' title='bbox 1346 3652 1402 3704; x_wconf 85' lang='grc' dir='ltr'><strong>ἐν</strong></span> <span class='ocrx_word' id='word_1_327' title='bbox 1430 3650 1644 3720; x_wconf 82' lang='grc' dir='ltr'>φυλακῇ</span> <span class='ocrx_word' id='word_1_328' title='bbox 1676 3648 1949 3719; x_wconf 81' lang='grc' dir='ltr'>πνεύμασι</span> 
     </span>
    </p>
   </div>
   <div class='ocr_carea' id='block_1_43' title="bbox 369 3737 1951 3812">
    <p class='ocr_par' dir='ltr' id='par_1_43' title="bbox 369 3737 1951 3812">
     <span class='ocr_line' id='line_1_45' title="bbox 369 3737 1951 3812; baseline 0.003 -22"><span class='ocrx_word' id='word_1_329' title='bbox 369 3737 472 3801; x_wconf 70' lang='grc' dir='ltr'><strong>τὰς</strong></span> <span class='ocrx_word' id='word_1_330' title='bbox 501 3739 649 3792; x_wconf 76' lang='grc' dir='ltr'>κάτω</span> <span class='ocrx_word' id='word_1_331' title='bbox 681 3740 878 3806; x_wconf 80' lang='grc' dir='ltr'>πύλας,</span> <span class='ocrx_word' id='word_1_332' title='bbox 911 3741 1075 3794; x_wconf 82' lang='grc' dir='ltr'>παντί</span> <span class='ocrx_word' id='word_1_333' title='bbox 1105 3759 1208 3794; x_wconf 87' lang='grc' dir='ltr'><strong>που</strong></span> <span class='ocrx_word' id='word_1_334' title='bbox 1240 3741 1429 3809; x_wconf 83' lang='grc' dir='ltr'>σαφές.</span> <span class='ocrx_word' id='word_1_335' title='bbox 1455 3741 1598 3812; x_wconf 83' lang='grc' dir='ltr'>Ἔφη</span> <span class='ocrx_word' id='word_1_336' title='bbox 1625 3741 1680 3794; x_wconf 83' lang='grc' dir='ltr'><strong>δέ</strong></span> <span class='ocrx_word' id='word_1_337' title='bbox 1708 3759 1809 3794; x_wconf 89' lang='grc' dir='ltr'><strong>που</strong></span> <span class='ocrx_word' id='word_1_338' title='bbox 1855 3741 1951 3794; x_wconf 79' lang='grc' dir='ltr'>καὶ</span> 
     </span>
    </p>
   </div>
   <div class='ocr_carea' id='block_1_44' title="bbox 368 3830 1951 3905">
    <p class='ocr_par' dir='ltr' id='par_1_44' title="bbox 368 3830 1951 3905">
     <span class='ocr_line' id='line_1_46' title="bbox 368 3830 1951 3905; baseline 0.003 -23"><span class='ocrx_word' id='word_1_339' title='bbox 368 3830 399 3882; x_wconf 88' lang='lat'><strong>6</strong></span> <span class='ocrx_word' id='word_1_340' title='bbox 432 3830 536 3883; x_wconf 87' lang='grc' dir='ltr'><strong>τῶν</strong></span> <span class='ocrx_word' id='word_1_341' title='bbox 560 3832 696 3884; x_wconf 83' lang='grc' dir='ltr'>ὅλων</span> <span class='ocrx_word' id='word_1_342' title='bbox 742 3832 875 3896; x_wconf 80' lang='grc' dir='ltr'>Θεὸς</span> <span class='ocrx_word' id='word_1_343' title='bbox 923 3832 1009 3886; x_wconf 78' lang='grc' dir='ltr'>διὰ</span> <span class='ocrx_word' id='word_1_344' title='bbox 1068 3833 1252 3901; x_wconf 81' lang='grc' dir='ltr'>φωνῆς</span> <span class='ocrx_word' id='word_1_345' title='bbox 1290 3833 1554 3904; x_wconf 84' lang='grc' dir='ltr'>Ἱερεμίου</span> <span class='ocrx_word' id='word_1_346' title='bbox 1588 3833 1848 3905; x_wconf 73' lang='grc' dir='ltr'>περὶτῶν</span> <span class='ocrx_word' id='word_1_347' title='bbox 1891 3832 1951 3897; x_wconf 78' lang='grc' dir='ltr'>ἐξ</span> 
     </span>
    </p>
   </div>
   <div class='ocr_carea' id='block_1_45' title="bbox 384 3922 1951 3995">
    <p class='ocr_par' dir='ltr' id='par_1_45' title="bbox 384 3922 1951 3995">
     <span class='ocr_line' id='line_1_47' title="bbox 384 3922 1951 3995; baseline 0.001 -21"><span class='ocrx_word' id='word_1_348' title='bbox 384 3922 620 3994; x_wconf 83' lang='grc' dir='ltr'>Ἰσραὴλ,</span> <span class='ocrx_word' id='word_1_349' title='bbox 650 3923 1115 3976; x_wconf 80' lang='grc' dir='ltr'>καταλελειπότων</span> <span class='ocrx_word' id='word_1_350' title='bbox 1152 3924 1250 3994; x_wconf 86' lang='grc' dir='ltr'>μὲν</span> <span class='ocrx_word' id='word_1_351' title='bbox 1277 3925 1463 3990; x_wconf 80' lang='grc' dir='ltr'>αὑτὸν,</span> <span class='ocrx_word' id='word_1_352' title='bbox 1493 3924 1852 3995; x_wconf 85' lang='grc' dir='ltr'>τραπομένων</span> <span class='ocrx_word' id='word_1_353' title='bbox 1893 3924 1951 3978; x_wconf 74' lang='grc' dir='ltr'>δὲ</span> 
     </span>
    </p>
   </div>
   <div class='ocr_carea' id='block_1_46' title="bbox 373 4011 1952 4084">
    <p class='ocr_par' dir='ltr' id='par_1_46' title="bbox 373 4011 1952 4084">
     <span class='ocr_line' id='line_1_48' title="bbox 373 4011 1952 4084; baseline -0.007 -9"><span class='ocrx_word' id='word_1_354' title='bbox 373 4011 668 4081; x_wconf 73' lang='grc' dir='ltr'>φληνάφως</span> <span class='ocrx_word' id='word_1_355' title='bbox 718 4013 797 4076; x_wconf 80' lang='grc' dir='ltr'>εἰς</span> <span class='ocrx_word' id='word_1_356' title='bbox 841 4013 1059 4081; x_wconf 81' lang='grc' dir='ltr'>ἀπάτην</span> <span class='ocrx_word' id='word_1_357' title='bbox 1107 4013 1466 4084; x_wconf 84' lang='grc' dir='ltr'>είδωλομανῆ·</span> <span class='ocrx_word' id='word_1_358' title='bbox 1495 4032 1515 4065; x_wconf 81' lang='lat' dir='ltr'><strong>t</strong></span> <span class='ocrx_word' id='word_1_359' title='bbox 1546 4014 1769 4083; x_wconf 81' lang='grc' dir='ltr'>Ἐξέστη</span> <span class='ocrx_word' id='word_1_360' title='bbox 1801 4014 1829 4066; x_wconf 88' lang='lat'><strong>6</strong></span> <span class='ocrx_word' id='word_1_361' title='bbox 1860 4014 1952 4067; x_wconf 84' lang='grc' dir='ltr'>ού-</span> 
     </span>
    </p>
   </div>
   <div class='ocr_carea' id='block_1_47' title="bbox 377 4105 1953 4178">
    <p class='ocr_par' dir='ltr' id='par_1_47' title="bbox 377 4105 1953 4178">
     <span class='ocr_line' id='line_1_49' title="bbox 377 4105 1953 4178; baseline -0.001 -19"><span class='ocrx_word' id='word_1_362' title='bbox 377 4106 535 4176; x_wconf 87' lang='grc' dir='ltr'>ρανὸς</span> <span class='ocrx_word' id='word_1_363' title='bbox 565 4106 658 4158; x_wconf 77' lang='grc' dir='ltr'><strong>ἐπὶ</strong></span> <span class='ocrx_word' id='word_1_364' title='bbox 687 4105 881 4176; x_wconf 85' lang='grc' dir='ltr'>τούτῳ,</span> <span class='ocrx_word' id='word_1_365' title='bbox 915 4107 1008 4160; x_wconf 75' lang='grc' dir='ltr'><strong>καὶ</strong></span> <span class='ocrx_word' id='word_1_366' title='bbox 1036 4106 1253 4178; x_wconf 78' lang='grc' dir='ltr'>ἔφριξεν</span> <span class='ocrx_word' id='word_1_367' title='bbox 1281 4108 1373 4160; x_wconf 73' lang='grc' dir='ltr'><strong>ἐπὶ</strong></span> <span class='ocrx_word' id='word_1_368' title='bbox 1400 4107 1584 4159; x_wconf 84' lang='grc' dir='ltr'>πλεῖον</span> <span class='ocrx_word' id='word_1_369' title='bbox 1614 4107 1838 4175; x_wconf 82' lang='grc' dir='ltr'>σφόδρα,</span> <span class='ocrx_word' id='word_1_370' title='bbox 1873 4105 1953 4158; x_wconf 88' lang='grc' dir='ltr'>λέ-</span> 
     </span>
    </p>
   </div>
   <div class='ocr_carea' id='block_1_48' title="bbox 369 4197 1953 4271">
    <p class='ocr_par' dir='ltr' id='par_1_48' title="bbox 369 4197 1953 4271">
     <span class='ocr_line' id='line_1_50' title="bbox 369 4197 1953 4271; baseline 0.001 -22"><span class='ocrx_word' id='word_1_371' title='bbox 369 4214 458 4266; x_wconf 85' lang='grc' dir='ltr'><strong>γει</strong></span> <span class='ocrx_word' id='word_1_372' title='bbox 486 4197 711 4268; x_wconf 81' lang='grc' dir='ltr'>Κύριος’</span> <span class='ocrx_word' id='word_1_373' title='bbox 744 4199 823 4252; x_wconf 82' lang='grc' dir='ltr'>ὅτι</span> <span class='ocrx_word' id='word_1_374' title='bbox 883 4199 998 4262; x_wconf 90' lang='grc' dir='ltr'>δύο,</span> <span class='ocrx_word' id='word_1_375' title='bbox 1041 4200 1138 4252; x_wconf 74' lang='grc' dir='ltr'>καὶ</span> <span class='ocrx_word' id='word_1_376' title='bbox 1191 4201 1402 4271; x_wconf 79' lang='grc' dir='ltr'>πονηρὰ</span> <span class='ocrx_word' id='word_1_377' title='bbox 1445 4200 1700 4268; x_wconf 78' lang='grc' dir='ltr'>ἐποίησεν</span> <span class='ocrx_word' id='word_1_378' title='bbox 1751 4201 1779 4251; x_wconf 90' lang='lat'><strong>6</strong></span> <span class='ocrx_word' id='word_1_379' title='bbox 1828 4199 1953 4260; x_wconf 78' lang='grc' dir='ltr'>λαός</span> 
     </span>
    </p>
   </div>
   <div class='ocr_carea' id='block_1_49' title="bbox 375 4288 1954 4360">
    <p class='ocr_par' dir='ltr' id='par_1_49' title="bbox 375 4288 1954 4360">
     <span class='ocr_line' id='line_1_51' title="bbox 375 4288 1954 4360; baseline 0.001 -20"><span class='ocrx_word' id='word_1_380' title='bbox 375 4303 501 4357; x_wconf 85' lang='grc' dir='ltr'>μου.</span> <span class='ocrx_word' id='word_1_381' title='bbox 540 4288 672 4357; x_wconf 82' lang='grc' dir='ltr'>Ἑμέ</span> <span class='ocrx_word' id='word_1_382' title='bbox 703 4288 1055 4354; x_wconf 72' lang='grc' dir='ltr'>ἐγκατέλιπον</span> <span class='ocrx_word' id='word_1_383' title='bbox 1105 4289 1286 4360; x_wconf 80' lang='grc' dir='ltr'>πηγὴν</span> <span class='ocrx_word' id='word_1_384' title='bbox 1337 4289 1530 4352; x_wconf 79' lang='grc' dir='ltr'>ὓδατος</span> <span class='ocrx_word' id='word_1_385' title='bbox 1586 4289 1806 4353; x_wconf 80' lang='grc' dir='ltr'>ζῶντος,</span> <span class='ocrx_word' id='word_1_386' title='bbox 1861 4289 1954 4341; x_wconf 76' lang='grc' dir='ltr'>καὶ</span> 
     </span>
    </p>
   </div>
   <div class='ocr_carea' id='block_1_50' title="bbox 370 4376 1954 4450">
    <p class='ocr_par' dir='ltr' id='par_1_50' title="bbox 370 4376 1954 4450">
     <span class='ocr_line' id='line_1_52' title="bbox 370 4376 1954 4450; baseline 0.001 -20"><span class='ocrx_word' id='word_1_387' title='bbox 370 4376 590 4446; x_wconf 75' lang='grc' dir='ltr'>ὤρυξαν</span> <span class='ocrx_word' id='word_1_388' title='bbox 619 4379 830 4440; x_wconf 76' lang='grc' dir='ltr'>ἑαυτοῖς</span> <span class='ocrx_word' id='word_1_389' title='bbox 876 4378 1110 4442; x_wconf 76' lang='grc' dir='ltr'>λάκκους</span> <span class='ocrx_word' id='word_1_390' title='bbox 1156 4382 1671 4450; x_wconf 82' lang='grc' dir='ltr'>συντετριμμένους,</span> <span class='ocrx_word' id='word_1_391' title='bbox 1694 4383 1742 4435; x_wconf 85' lang='grc' dir='ltr'>οἳ</span> <span class='ocrx_word' id='word_1_392' title='bbox 1772 4381 1832 4433; x_wconf 83' lang='grc' dir='ltr'><strong>ού</strong></span> <span class='ocrx_word' id='word_1_393' title='bbox 1865 4382 1954 4434; x_wconf 89' lang='grc' dir='ltr'>δυ-</span> 
     </span>
    </p>
   </div>
   <div class='ocr_carea' id='block_1_51' title="bbox 2045 529 2162 582">
    <p class='ocr_par' dir='ltr' id='par_1_51' title="bbox 2045 529 2162 582">
     <span class='ocr_line' id='line_1_53' title="bbox 2045 529 2162 582; baseline 0.009 -1"><span class='ocrx_word' id='word_1_394' title='bbox 2045 529 2162 582; x_wconf 80' lang='lat' dir='ltr'><strong>tibi.</strong></span> 
     </span>
    </p>
   </div>
   <div class='ocr_carea' id='block_1_52' title="bbox 2111 615 3625 685">
    <p class='ocr_par' dir='ltr' id='par_1_52' title="bbox 2111 615 3625 685">
     <span class='ocr_line' id='line_1_54' title="bbox 2111 615 3625 685; baseline -0.002 -12"><span class='ocrx_word' id='word_1_395' title='bbox 2111 618 2250 673; x_wconf 81' lang='lat' dir='ltr'><strong>LIX.</strong></span> <span class='ocrx_word' id='word_1_396' title='bbox 2277 618 2498 674; x_wconf 87' lang='lat' dir='ltr'><strong>Transit</strong></span> <span class='ocrx_word' id='word_1_397' title='bbox 2527 632 2671 673; x_wconf 91' lang='lat' dir='ltr'><strong>nunc</strong></span> <span class='ocrx_word' id='word_1_398' title='bbox 2702 618 2875 672; x_wconf 78' lang='lat' dir='ltr'><strong>oratio</strong></span> <span class='ocrx_word' id='word_1_399' title='bbox 2921 617 2989 672; x_wconf 85' lang='lat' dir='ltr'><strong>ad</strong></span> <span class='ocrx_word' id='word_1_400' title='bbox 3045 615 3218 685; x_wconf 89' lang='lat' dir='ltr'><strong>ipsum</strong></span> <span class='ocrx_word' id='word_1_401' title='bbox 3286 615 3510 685; x_wconf 80' lang='lat' dir='ltr'><strong>justum,</strong></span> <span class='ocrx_word' id='word_1_402' title='bbox 3571 625 3625 670; x_wconf 89' lang='lat' dir='ltr'><strong>et</strong></span> 
     </span>
    </p>
   </div>
   <div class='ocr_carea' id='block_1_53' title="bbox 2043 709 3626 782">
    <p class='ocr_par' dir='ltr' id='par_1_53' title="bbox 2043 709 3626 782">
     <span class='ocr_line' id='line_1_55' title="bbox 2043 709 3626 782; baseline -0.004 -15"><span class='ocrx_word' id='word_1_403' title='bbox 2043 712 2401 780; x_wconf 87' lang='lat' dir='ltr'><strong>Salvatorem,</strong></span> <span class='ocrx_word' id='word_1_404' title='bbox 2439 721 2601 782; x_wconf 86' lang='lat' dir='ltr'><strong>atque</strong></span> <span class='ocrx_word' id='word_1_405' title='bbox 2621 713 2786 767; x_wconf 91' lang='lat' dir='ltr'><strong>etiam</strong></span> <span class='ocrx_word' id='word_1_406' title='bbox 2813 719 3153 766; x_wconf 86' lang='lat' dir='ltr'><strong>mansuetum</strong></span> <span class='ocrx_word' id='word_1_407' title='bbox 3188 723 3391 778; x_wconf 88' lang='lat' dir='ltr'><strong>regem,</strong></span> <span class='ocrx_word' id='word_1_408' title='bbox 3437 709 3487 762; x_wconf 90' lang='lat' dir='ltr'><strong>id</strong></span> <span class='ocrx_word' id='word_1_409' title='bbox 3541 717 3626 764; x_wconf 85' lang='lat' dir='ltr'><strong>est</strong></span> 
     </span>
    </p>
   </div>
   <div class='ocr_carea' id='block_1_54' title="bbox 2042 798 3624 872">
    <p class='ocr_par' dir='ltr' id='par_1_54' title="bbox 2042 798 3624 872">
     <span class='ocr_line' id='line_1_56' title="bbox 2042 798 3624 872; baseline -0.006 -12"><span class='ocrx_word' id='word_1_410' title='bbox 2042 803 2342 872; x_wconf 89' lang='lat' dir='ltr'><strong>Christum,</strong></span> <span class='ocrx_word' id='word_1_411' title='bbox 2370 813 2425 859; x_wconf 90' lang='lat' dir='ltr'><strong>et</strong></span> <span class='ocrx_word' id='word_1_412' title='bbox 2479 803 2708 858; x_wconf 72' lang='lat' dir='ltr'><strong>illustria</strong></span> <span class='ocrx_word' id='word_1_413' title='bbox 2767 812 2931 872; x_wconf 86' lang='lat' dir='ltr'><strong>atque</strong></span> <span class='ocrx_word' id='word_1_414' title='bbox 2987 799 3305 857; x_wconf 89' lang='lat' dir='ltr'><strong>admiranda</strong></span> <span class='ocrx_word' id='word_1_415' title='bbox 3361 798 3624 852; x_wconf 75' lang='lat' dir='ltr'><strong>adventus</strong></span> 
     </span>
    </p>
   </div>
   <div class='ocr_carea' id='block_1_55' title="bbox 2042 890 3618 968">
    <p class='ocr_par' dir='ltr' id='par_1_55' title="bbox 2042 890 3618 968">
     <span class='ocr_line' id='line_1_57' title="bbox 2042 890 3618 968; baseline -0.008 -17"><span class='ocrx_word' id='word_1_416' title='bbox 2042 899 2158 967; x_wconf 76' lang='lat' dir='ltr'><strong>ejus</strong></span> <span class='ocrx_word' id='word_1_417' title='bbox 2174 912 2339 968; x_wconf 85' lang='lat' dir='ltr'><strong>opera</strong></span> <span class='ocrx_word' id='word_1_418' title='bbox 2356 897 2617 953; x_wconf 86' lang='lat' dir='ltr'><strong>declarat.</strong></span> <span class='ocrx_word' id='word_1_419' title='bbox 2631 893 2997 967; x_wconf 76' lang='lat' dir='ltr'><strong>t_Exinanivit</strong></span> <span class='ocrx_word' id='word_1_420' title='bbox 3023 891 3167 949; x_wconf 92' lang='lat' dir='ltr'><strong>enim</strong></span> <span class='ocrx_word' id='word_1_421' title='bbox 3191 890 3564 968; x_wconf 79' lang='lat' dir='ltr'><strong>semetipsum‘</strong></span> <span class='ocrx_word' id='word_1_422' title='bbox 3601 907 3618 939; x_wconf 79' lang='grc' dir='ltr'><strong>ι</strong></span> 
     </span>
    </p>
   </div>
   <div class='ocr_carea' id='block_1_56' title="bbox 2043 979 3620 1057">
    <p class='ocr_par' dir='ltr' id='par_1_56' title="bbox 2043 979 3620 1057">
     <span class='ocr_line' id='line_1_58' title="bbox 2043 979 3620 1057; baseline -0.007 -15"><span class='ocrx_word' id='word_1_423' title='bbox 2043 988 2247 1054; x_wconf 87' lang='lat' dir='ltr'><strong>libens,</strong></span> <span class='ocrx_word' id='word_1_424' title='bbox 2313 988 2476 1044; x_wconf 90' lang='lat' dir='ltr'><strong>homo</strong></span> <span class='ocrx_word' id='word_1_425' title='bbox 2533 987 2735 1043; x_wconf 80' lang='lat' dir='ltr'><strong>factum</strong></span> <span class='ocrx_word' id='word_1_426' title='bbox 2784 985 3130 1057; x_wconf 80' lang='lat' dir='ltr'><strong>unigenitum</strong></span> <span class='ocrx_word' id='word_1_427' title='bbox 3198 982 3294 1038; x_wconf 88' lang='lat' dir='ltr'><strong>Dei</strong></span> <span class='ocrx_word' id='word_1_428' title='bbox 3362 979 3620 1036; x_wconf 82' lang='lat' dir='ltr'><strong>Verbum.</strong></span> 
     </span>
    </p>
   </div>
   <div class='ocr_carea' id='block_1_57' title="bbox 2049 1073 3628 1145">
    <p class='ocr_par' dir='ltr' id='par_1_57' title="bbox 2049 1073 3628 1145">
     <span class='ocr_line' id='line_1_59' title="bbox 2049 1073 3628 1145; baseline -0.005 -13"><span class='ocrx_word' id='word_1_429' title='bbox 2049 1097 2069 1132; x_wconf 83' lang='grc' dir='ltr'><strong>ι</strong></span> <span class='ocrx_word' id='word_1_430' title='bbox 2095 1077 2366 1135; x_wconf 84' lang='lat' dir='ltr'><strong>Sustinuit</strong></span> <span class='ocrx_word' id='word_1_431' title='bbox 2397 1095 2636 1145; x_wconf 87' lang='lat' dir='ltr'><strong>crucem,</strong></span> <span class='ocrx_word' id='word_1_432' title='bbox 2669 1079 2987 1136; x_wconf 82' lang='lat' dir='ltr'><strong>confusione</strong></span> <span class='ocrx_word' id='word_1_433' title='bbox 3012 1083 3317 1145; x_wconf 85' lang='lat' dir='ltr'><strong>contempta</strong></span> <span class='ocrx_word' id='word_1_434' title='bbox 3346 1073 3366 1103; x_wconf 80' lang='grc'>¹</span> <span class='ocrx_word' id='word_1_435' title='bbox 3395 1091 3413 1124; x_wconf 78' lang='grc' dir='ltr'><strong>ι</strong></span> <span class='ocrx_word' id='word_1_436' title='bbox 3445 1079 3498 1127; x_wconf 86' lang='grc' dir='ltr'><strong>ει</strong></span> <span class='ocrx_word' id='word_1_437' title='bbox 3525 1083 3628 1141; x_wconf 87' lang='lat' dir='ltr'><strong>pro</strong></span> 
     </span>
    </p>
   </div>
   <div class='ocr_carea' id='block_1_58' title="bbox 2043 1166 3630 1231">
    <p class='ocr_par' dir='ltr' id='par_1_58' title="bbox 2043 1166 3630 1231">
     <span class='ocr_line' id='line_1_60' title="bbox 2043 1166 3630 1231; baseline -0.006 -4"><span class='ocrx_word' id='word_1_438' title='bbox 2043 1173 2286 1227; x_wconf 89' lang='lat' dir='ltr'><strong>omnium</strong></span> <span class='ocrx_word' id='word_1_439' title='bbox 2316 1172 2424 1227; x_wconf 88' lang='lat' dir='ltr'><strong>vita</strong></span> <span class='ocrx_word' id='word_1_440' title='bbox 2483 1173 2716 1227; x_wconf 87' lang='lat' dir='ltr'><strong>animam</strong></span> <span class='ocrx_word' id='word_1_441' title='bbox 2774 1186 2924 1225; x_wconf 90' lang='lat' dir='ltr'><strong>suam</strong></span> <span class='ocrx_word' id='word_1_442' title='bbox 2987 1167 3364 1231; x_wconf 85' lang='lat' dir='ltr'><strong>commutavit,</strong></span> <span class='ocrx_word' id='word_1_443' title='bbox 3409 1166 3516 1221; x_wconf 90' lang='lat' dir='ltr'><strong>Deo</strong></span> <span class='ocrx_word' id='word_1_444' title='bbox 3573 1171 3630 1219; x_wconf 89' lang='lat' dir='ltr'><strong>et</strong></span> 
     </span>
    </p>
   </div>
   <div class='ocr_carea' id='block_1_59' title="bbox 2044 1259 3629 1333">
    <p class='ocr_par' dir='ltr' id='par_1_59' title="bbox 2044 1259 3629 1333">
     <span class='ocr_line' id='line_1_61' title="bbox 2044 1259 3629 1333; baseline -0.003 -15"><span class='ocrx_word' id='word_1_445' title='bbox 2044 1265 2190 1319; x_wconf 85' lang='lat' dir='ltr'><strong>Patri</strong></span> <span class='ocrx_word' id='word_1_446' title='bbox 2231 1265 2487 1319; x_wconf 87' lang='lat' dir='ltr'><strong>mundum</strong></span> <span class='ocrx_word' id='word_1_447' title='bbox 2529 1265 2582 1318; x_wconf 92' lang='lat' dir='ltr'><strong>in</strong></span> <span class='ocrx_word' id='word_1_448' title='bbox 2626 1263 2887 1333; x_wconf 75' lang='lat' dir='ltr'><strong>sanguine</strong></span> <span class='ocrx_word' id='word_1_449' title='bbox 2942 1261 3250 1317; x_wconf 82' lang='lat' dir='ltr'><strong>testamenti</strong></span> <span class='ocrx_word' id='word_1_450' title='bbox 3298 1259 3487 1315; x_wconf 66' lang='lat' dir='ltr'><strong>aztcrni</strong></span> <span class='ocrx_word' id='word_1_451' title='bbox 3537 1273 3629 1313; x_wconf 83' lang='lat' dir='ltr'><strong>ac-</strong></span> 
     </span>
    </p>
   </div>
   <div class='ocr_carea' id='block_1_60' title="bbox 2041 1353 3626 1428">
    <p class='ocr_par' dir='ltr' id='par_1_60' title="bbox 2041 1353 3626 1428">
     <span class='ocr_line' id='line_1_62' title="bbox 2041 1353 3626 1428; baseline -0.003 -18"><span class='ocrx_word' id='word_1_452' title='bbox 2041 1358 2284 1426; x_wconf 89' lang='lat' dir='ltr'><strong>quisivit,</strong></span> <span class='ocrx_word' id='word_1_453' title='bbox 2313 1356 2467 1426; x_wconf 89' lang='lat' dir='ltr'><strong>cujus</strong></span> <span class='ocrx_word' id='word_1_454' title='bbox 2496 1365 2654 1428; x_wconf 86' lang='lat' dir='ltr'><strong>typus</strong></span> <span class='ocrx_word' id='word_1_455' title='bbox 2684 1357 2783 1410; x_wconf 79' lang='lat' dir='ltr'><strong>fuit</strong></span> <span class='ocrx_word' id='word_1_456' title='bbox 2822 1356 3040 1426; x_wconf 89' lang='lat' dir='ltr'><strong>sanguis</strong></span> <span class='ocrx_word' id='word_1_457' title='bbox 3072 1370 3168 1424; x_wconf 88' lang='lat' dir='ltr'><strong>per</strong></span> <span class='ocrx_word' id='word_1_458' title='bbox 3197 1353 3381 1410; x_wconf 78' lang='lat' dir='ltr'><strong>Mosen</strong></span> <span class='ocrx_word' id='word_1_459' title='bbox 3408 1354 3626 1421; x_wconf 85' lang='lat' dir='ltr'><strong>sapien-</strong></span> 
     </span>
    </p>
   </div>
   <div class='ocr_carea' id='block_1_61' title="bbox 2041 1445 3631 1515">
    <p class='ocr_par' dir='ltr' id='par_1_61' title="bbox 2041 1445 3631 1515">
     <span class='ocr_line' id='line_1_63' title="bbox 2041 1445 3631 1515; baseline -0.003 -13"><span class='ocrx_word' id='word_1_460' title='bbox 2041 1449 2308 1503; x_wconf 87' lang='lat' dir='ltr'><strong>tissimum</strong></span> <span class='ocrx_word' id='word_1_461' title='bbox 2339 1448 2614 1504; x_wconf 81' lang='lat' dir='ltr'><strong>veteribus</strong></span> <span class='ocrx_word' id='word_1_462' title='bbox 2665 1461 2942 1515; x_wconf 86' lang='lat' dir='ltr'><strong>aspersus.</strong></span> <span class='ocrx_word' id='word_1_463' title='bbox 2981 1445 3158 1515; x_wconf 89' lang='lat' dir='ltr'><strong>lnquit</strong></span> <span class='ocrx_word' id='word_1_464' title='bbox 3203 1446 3344 1500; x_wconf 90' lang='lat' dir='ltr'><strong>enim</strong></span> <span class='ocrx_word' id='word_1_465' title='bbox 3371 1461 3384 1497; x_wconf 90' lang='lat'>:</span> <span class='ocrx_word' id='word_1_466' title='bbox 3416 1464 3433 1497; x_wconf 84' lang='grc' dir='ltr'><strong>ι</strong></span> <span class='ocrx_word' id='word_1_467' title='bbox 3462 1445 3631 1499; x_wconf 81' lang='lat' dir='ltr'><strong>Acce-</strong></span> 
     </span>
    </p>
   </div>
   <div class='ocr_carea' id='block_1_62' title="bbox 2041 1522 3627 1610">
    <p class='ocr_par' dir='ltr' id='par_1_62' title="bbox 2041 1522 3627 1610">
     <span class='ocr_line' id='line_1_64' title="bbox 2041 1522 3627 1610; baseline -0.003 -19"><span class='ocrx_word' id='word_1_468' title='bbox 2041 1547 2132 1610; x_wconf 88' lang='lat' dir='ltr'><strong>pto</strong></span> <span class='ocrx_word' id='word_1_469' title='bbox 2155 1537 2332 1594; x_wconf 80' lang='lat' dir='ltr'><strong>Moses</strong></span> <span class='ocrx_word' id='word_1_470' title='bbox 2359 1522 2621 1610; x_wconf 73' lang='lat' dir='ltr'><strong>sanguine</strong></span> <span class='ocrx_word' id='word_1_471' title='bbox 2663 1549 2718 1594; x_wconf 91' lang='lat' dir='ltr'><strong>et</strong></span> <span class='ocrx_word' id='word_1_472' title='bbox 2744 1539 2882 1594; x_wconf 90' lang='lat' dir='ltr'><strong>libro</strong></span> <span class='ocrx_word' id='word_1_473' title='bbox 2933 1535 3073 1607; x_wconf 78' lang='lat' dir='ltr'><strong>ipso,</strong></span> <span class='ocrx_word' id='word_1_474' title='bbox 3128 1539 3362 1607; x_wconf 76' lang='lat' dir='ltr'><strong>aspersit</strong></span> <span class='ocrx_word' id='word_1_475' title='bbox 3412 1551 3627 1590; x_wconf 83' lang='lat' dir='ltr'><strong>omnem</strong></span> 
     </span>
    </p>
   </div>
   <div class='ocr_carea' id='block_1_63' title="bbox 2042 1628 3630 1700">
    <p class='ocr_par' dir='ltr' id='par_1_63' title="bbox 2042 1628 3630 1700">
     <span class='ocr_line' id='line_1_65' title="bbox 2042 1628 3630 1700; baseline -0.002 -19"><span class='ocrx_word' id='word_1_476' title='bbox 2042 1630 2320 1700; x_wconf 80' lang='lat' dir='ltr'><strong>populum,</strong></span> <span class='ocrx_word' id='word_1_477' title='bbox 2349 1631 2536 1686; x_wconf 90' lang='lat' dir='ltr'><strong>dicens</strong></span> <span class='ocrx_word' id='word_1_478' title='bbox 2563 1646 2577 1684; x_wconf 91' lang='lat'><strong>:</strong></span> <span class='ocrx_word' id='word_1_479' title='bbox 2641 1630 2740 1686; x_wconf 91' lang='lat' dir='ltr'><strong>llic</strong></span> <span class='ocrx_word' id='word_1_480' title='bbox 2774 1641 2858 1686; x_wconf 90' lang='lat' dir='ltr'><strong>est</strong></span> <span class='ocrx_word' id='word_1_481' title='bbox 2883 1630 3104 1700; x_wconf 83' lang='lat' dir='ltr'><strong>sanguis</strong></span> <span class='ocrx_word' id='word_1_482' title='bbox 3136 1629 3466 1693; x_wconf 82' lang='lat' dir='ltr'><strong>testamenti,</strong></span> <span class='ocrx_word' id='word_1_483' title='bbox 3491 1628 3630 1698; x_wconf 79' lang='lat' dir='ltr'><strong>quod</strong></span> 
     </span>
    </p>
   </div>
   <div class='ocr_carea' id='block_1_64' title="bbox 2045 1721 3635 1792">
    <p class='ocr_par' dir='ltr' id='par_1_64' title="bbox 2045 1721 3635 1792">
     <span class='ocr_line' id='line_1_66' title="bbox 2045 1721 3635 1792; baseline -0.003 -16"><span class='ocrx_word' id='word_1_484' title='bbox 2045 1724 2312 1791; x_wconf 81' lang='lat' dir='ltr'><strong>disposuit</strong></span> <span class='ocrx_word' id='word_1_485' title='bbox 2333 1724 2399 1778; x_wconf 87' lang='lat' dir='ltr'><strong>ad</strong></span> <span class='ocrx_word' id='word_1_486' title='bbox 2433 1739 2528 1780; x_wconf 87' lang='lat' dir='ltr'><strong>vos</strong></span> <span class='ocrx_word' id='word_1_487' title='bbox 2563 1724 2704 1778; x_wconf 86' lang='lat' dir='ltr'><strong>Deus</strong></span> <span class='ocrx_word' id='word_1_488' title='bbox 2729 1725 2802 1777; x_wconf 73' lang='grc'><strong>³.»</strong></span> <span class='ocrx_word' id='word_1_489' title='bbox 2842 1722 2947 1779; x_wconf 87' lang='lat' dir='ltr'><strong>Sed</strong></span> <span class='ocrx_word' id='word_1_490' title='bbox 2978 1723 3067 1777; x_wconf 88' lang='lat' dir='ltr'><strong>illa</strong></span> <span class='ocrx_word' id='word_1_491' title='bbox 3117 1724 3335 1792; x_wconf 87' lang='lat' dir='ltr'><strong>quidem</strong></span> <span class='ocrx_word' id='word_1_492' title='bbox 3393 1721 3524 1792; x_wconf 71' lang='lat' dir='ltr'><strong>typi,</strong></span> <span class='ocrx_word' id='word_1_493' title='bbox 3580 1728 3635 1773; x_wconf 89' lang='lat' dir='ltr'><strong>et</strong></span> 
     </span>
    </p>
   </div>
   <div class='ocr_carea' id='block_1_65' title="bbox 2049 1813 3633 1884">
    <p class='ocr_par' dir='ltr' id='par_1_65' title="bbox 2049 1813 3633 1884">
     <span class='ocr_line' id='line_1_67' title="bbox 2049 1813 3633 1884; baseline -0.001 -17"><span class='ocrx_word' id='word_1_494' title='bbox 2049 1815 2292 1869; x_wconf 77' lang='lat' dir='ltr'><strong>veritatis</strong></span> <span class='ocrx_word' id='word_1_495' title='bbox 2329 1816 2676 1871; x_wconf 86' lang='lat' dir='ltr'><strong>simulacrum</strong></span> <span class='ocrx_word' id='word_1_496' title='bbox 2705 1817 2925 1870; x_wconf 80' lang='lat' dir='ltr'><strong>fuerunt</strong></span> <span class='ocrx_word' id='word_1_497' title='bbox 2957 1832 2973 1869; x_wconf 86' lang='lat'><strong>:</strong></span> <span class='ocrx_word' id='word_1_498' title='bbox 3008 1816 3272 1870; x_wconf 89' lang='lat' dir='ltr'><strong>successit</strong></span> <span class='ocrx_word' id='word_1_499' title='bbox 3304 1815 3417 1884; x_wconf 87' lang='lat' dir='ltr'><strong>ipsa</strong></span> <span class='ocrx_word' id='word_1_500' title='bbox 3488 1813 3633 1867; x_wconf 88' lang='lat' dir='ltr'><strong>veri-</strong></span> 
     </span>
    </p>
   </div>
   <div class='ocr_carea' id='block_1_66' title="bbox 2051 1905 3633 1978">
    <p class='ocr_par' dir='ltr' id='par_1_66' title="bbox 2051 1905 3633 1978">
     <span class='ocr_line' id='line_1_68' title="bbox 2051 1905 3633 1978; baseline -0.002 -18"><span class='ocrx_word' id='word_1_501' title='bbox 2051 1917 2132 1962; x_wconf 81' lang='lat' dir='ltr'><strong>tas</strong></span> <span class='ocrx_word' id='word_1_502' title='bbox 2161 1907 2435 1973; x_wconf 78' lang='lat' dir='ltr'><strong>Christus,</strong></span> <span class='ocrx_word' id='word_1_503' title='bbox 2461 1908 2552 1978; x_wconf 91' lang='lat' dir='ltr'><strong>qui</strong></span> <span class='ocrx_word' id='word_1_504' title='bbox 2584 1921 2780 1963; x_wconf 88' lang='lat' dir='ltr'><strong>omnes</strong></span> <span class='ocrx_word' id='word_1_505' title='bbox 2812 1921 2910 1962; x_wconf 87' lang='lat' dir='ltr'><strong>nos</strong></span> <span class='ocrx_word' id='word_1_506' title='bbox 2939 1906 2993 1962; x_wconf 89' lang='lat' dir='ltr'><strong>in</strong></span> <span class='ocrx_word' id='word_1_507' title='bbox 3021 1907 3291 1977; x_wconf 73' lang='lat' dir='ltr'><strong>sanguine</strong></span> <span class='ocrx_word' id='word_1_508' title='bbox 3324 1905 3633 1960; x_wconf 83' lang='lat' dir='ltr'><strong>testamenti</strong></span> 
     </span>
    </p>
   </div>
   <div class='ocr_carea' id='block_1_67' title="bbox 2049 1995 3631 2069">
    <p class='ocr_par' dir='ltr' id='par_1_67' title="bbox 2049 1995 3631 2069">
     <span class='ocr_line' id='line_1_69' title="bbox 2049 1995 3631 2069; baseline -0.003 -16"><span class='ocrx_word' id='word_1_509' title='bbox 2049 2005 2317 2054; x_wconf 79' lang='lat' dir='ltr'><strong>mercatus</strong></span> <span class='ocrx_word' id='word_1_510' title='bbox 2347 2006 2483 2054; x_wconf 60' lang='grc' dir='ltr'>εει(</span> <span class='ocrx_word' id='word_1_511' title='bbox 2510 1998 2791 2069; x_wconf 78' lang='lat' dir='ltr'><strong>lledempti</strong></span> <span class='ocrx_word' id='word_1_512' title='bbox 2819 1999 2964 2056; x_wconf 89' lang='lat' dir='ltr'><strong>enim</strong></span> <span class='ocrx_word' id='word_1_513' title='bbox 2994 2011 3184 2054; x_wconf 90' lang='lat' dir='ltr'><strong>sumus</strong></span> <span class='ocrx_word' id='word_1_514' title='bbox 3219 2011 3324 2051; x_wconf 91' lang='lat' dir='ltr'><strong>non</strong></span> <span class='ocrx_word' id='word_1_515' title='bbox 3358 1995 3631 2063; x_wconf 90' lang='lat' dir='ltr'><strong>corrupti-</strong></span> 
     </span>
    </p>
   </div>
   <div class='ocr_carea' id='block_1_68' title="bbox 2049 2087 3631 2162">
    <p class='ocr_par' dir='ltr' id='par_1_68' title="bbox 2049 2087 3631 2162">
     <span class='ocr_line' id='line_1_70' title="bbox 2049 2087 3631 2162; baseline 0.005 -19"><span class='ocrx_word' id='word_1_516' title='bbox 2049 2087 2248 2143; x_wconf 89' lang='lat' dir='ltr'><strong>bilibus</strong></span> <span class='ocrx_word' id='word_1_517' title='bbox 2289 2103 2421 2145; x_wconf 89' lang='lat' dir='ltr'><strong>auro</strong></span> <span class='ocrx_word' id='word_1_518' title='bbox 2443 2089 2526 2145; x_wconf 90' lang='lat' dir='ltr'><strong>vel</strong></span> <span class='ocrx_word' id='word_1_519' title='bbox 2553 2101 2794 2162; x_wconf 86' lang='lat' dir='ltr'><strong>argento,</strong></span> <span class='ocrx_word' id='word_1_520' title='bbox 2827 2100 2888 2146; x_wconf 92' lang='lat' dir='ltr'><strong>ut</strong></span> <span class='ocrx_word' id='word_1_521' title='bbox 2915 2090 3215 2161; x_wconf 88' lang='lat' dir='ltr'><strong>discipulus</strong></span> <span class='ocrx_word' id='word_1_522' title='bbox 3247 2089 3489 2157; x_wconf 86' lang='lat' dir='ltr'><strong>ejusdem</strong></span> <span class='ocrx_word' id='word_1_523' title='bbox 3515 2087 3593 2142; x_wconf 79' lang='lat' dir='ltr'><strong>ait</strong></span> <span class='ocrx_word' id='word_1_524' title='bbox 3614 2125 3631 2151; x_wconf 70' lang='grc' dir='ltr'><strong>ν</strong></span> 
     </span>
    </p>
   </div>
   <div class='ocr_carea' id='block_1_69' title="bbox 2047 2179 3630 2253">
    <p class='ocr_par' dir='ltr' id='par_1_69' title="bbox 2047 2179 3630 2253">
     <span class='ocr_line' id='line_1_71' title="bbox 2047 2179 3630 2253; baseline -0.001 -18"><span class='ocrx_word' id='word_1_525' title='bbox 2047 2179 2143 2236; x_wconf 86' lang='lat' dir='ltr'><strong>sed</strong></span> <span class='ocrx_word' id='word_1_526' title='bbox 2175 2183 2413 2248; x_wconf 85' lang='lat' dir='ltr'><strong>pretioso</strong></span> <span class='ocrx_word' id='word_1_527' title='bbox 2443 2185 2710 2253; x_wconf 77' lang='lat' dir='ltr'><strong>sanguine</strong></span> <span class='ocrx_word' id='word_1_528' title='bbox 2751 2192 3016 2253; x_wconf 84' lang='lat' dir='ltr'><strong>tanquam</strong></span> <span class='ocrx_word' id='word_1_529' title='bbox 3071 2181 3194 2252; x_wconf 85' lang='lat' dir='ltr'><strong>agni</strong></span> <span class='ocrx_word' id='word_1_530' title='bbox 3254 2179 3590 2235; x_wconf 84' lang='lat' dir='ltr'><strong>immaculati</strong></span> <span class='ocrx_word' id='word_1_531' title='bbox 3615 2217 3630 2241; x_wconf 87' lang='lat'><strong>,</strong></span> 
     </span>
    </p>
   </div>
   <div class='ocr_carea' id='block_1_70' title="bbox 2048 2269 3633 2344">
    <p class='ocr_par' dir='ltr' id='par_1_70' title="bbox 2048 2269 3633 2344">
     <span class='ocr_line' id='line_1_72' title="bbox 2048 2269 3633 2344; baseline -0.001 -17"><span class='ocrx_word' id='word_1_532' title='bbox 2048 2284 2101 2327; x_wconf 90' lang='lat' dir='ltr'><strong>et</strong></span> <span class='ocrx_word' id='word_1_533' title='bbox 2137 2273 2538 2328; x_wconf 87' lang='lat' dir='ltr'><strong>incontaminati</strong></span> <span class='ocrx_word' id='word_1_534' title='bbox 2571 2274 2768 2330; x_wconf 88' lang='lat' dir='ltr'><strong>Christi</strong></span> <span class='ocrx_word' id='word_1_535' title='bbox 2795 2274 2868 2329; x_wconf 72' lang='grc'><strong>⁸.»</strong></span> <span class='ocrx_word' id='word_1_536' title='bbox 2903 2274 2982 2329; x_wconf 88' lang='lat' dir='ltr'><strong>Tu</strong></span> <span class='ocrx_word' id='word_1_537' title='bbox 3014 2274 3199 2344; x_wconf 86' lang='lat' dir='ltr'><strong>igitur,</strong></span> <span class='ocrx_word' id='word_1_538' title='bbox 3227 2272 3421 2342; x_wconf 85' lang='lat' dir='ltr'><strong>inquit,</strong></span> <span class='ocrx_word' id='word_1_539' title='bbox 3442 2269 3633 2340; x_wconf 86' lang='lat' dir='ltr'><strong>justis-</strong></span> 
     </span>
    </p>
   </div>
   <div class='ocr_carea' id='block_1_71' title="bbox 2048 2363 3633 2436">
    <p class='ocr_par' dir='ltr' id='par_1_71' title="bbox 2048 2363 3633 2436">
     <span class='ocr_line' id='line_1_73' title="bbox 2048 2363 3633 2436; baseline -0.004 -14"><span class='ocrx_word' id='word_1_540' title='bbox 2048 2366 2187 2422; x_wconf 88' lang='lat' dir='ltr'><strong>sime</strong></span> <span class='ocrx_word' id='word_1_541' title='bbox 2215 2376 2269 2422; x_wconf 89' lang='lat' dir='ltr'><strong>et</strong></span> <span class='ocrx_word' id='word_1_542' title='bbox 2310 2368 2744 2424; x_wconf 87' lang='lat' dir='ltr'><strong>mansuetissime</strong></span> <span class='ocrx_word' id='word_1_543' title='bbox 2774 2382 2893 2435; x_wconf 82' lang='lat' dir='ltr'><strong>rex,</strong></span> <span class='ocrx_word' id='word_1_544' title='bbox 2931 2367 2983 2422; x_wconf 88' lang='lat' dir='ltr'><strong>in</strong></span> <span class='ocrx_word' id='word_1_545' title='bbox 3025 2365 3288 2436; x_wconf 83' lang='lat' dir='ltr'><strong>sanguine</strong></span> <span class='ocrx_word' id='word_1_546' title='bbox 3323 2363 3633 2419; x_wconf 86' lang='lat' dir='ltr'><strong>testamenti</strong></span> 
     </span>
    </p>
   </div>
   <div class='ocr_carea' id='block_1_72' title="bbox 2048 2452 3634 2530">
    <p class='ocr_par' dir='ltr' id='par_1_72' title="bbox 2048 2452 3634 2530">
     <span class='ocr_line' id='line_1_74' title="bbox 2048 2452 3634 2530; baseline -0.001 -18"><span class='ocrx_word' id='word_1_547' title='bbox 2048 2458 2260 2514; x_wconf 90' lang='lat' dir='ltr'><strong>vinctos</strong></span> <span class='ocrx_word' id='word_1_548' title='bbox 2297 2468 2423 2516; x_wconf 87' lang='lat' dir='ltr'><strong>tuos</strong></span> <span class='ocrx_word' id='word_1_549' title='bbox 2453 2460 2474 2528; x_wconf 85' lang='lat'>(</span> <span class='ocrx_word' id='word_1_550' title='bbox 2507 2462 2608 2516; x_wconf 91' lang='lat' dir='ltr'><strong>boe</strong></span> <span class='ocrx_word' id='word_1_551' title='bbox 2635 2470 2739 2527; x_wconf 84' lang='lat' dir='ltr'><strong>est,</strong></span> <span class='ocrx_word' id='word_1_552' title='bbox 2775 2476 2910 2530; x_wconf 87' lang='lat' dir='ltr'><strong>quos</strong></span> <span class='ocrx_word' id='word_1_553' title='bbox 2945 2460 3172 2516; x_wconf 80' lang='lat' dir='ltr'><strong>vinculis</strong></span> <span class='ocrx_word' id='word_1_554' title='bbox 3194 2458 3479 2514; x_wconf 85' lang='lat' dir='ltr'><strong>charitatis</strong></span> <span class='ocrx_word' id='word_1_555' title='bbox 3503 2452 3634 2511; x_wconf 82' lang='lat' dir='ltr'><strong>con-</strong></span> 
     </span>
    </p>
   </div>
   <div class='ocr_carea' id='block_1_73' title="bbox 2049 2547 3633 2622">
    <p class='ocr_par' dir='ltr' id='par_1_73' title="bbox 2049 2547 3633 2622">
     <span class='ocr_line' id='line_1_75' title="bbox 2049 2547 3633 2622; baseline -0.003 -17"><span class='ocrx_word' id='word_1_556' title='bbox 2049 2551 2337 2618; x_wconf 85' lang='lat' dir='ltr'><strong>strinxisti,</strong></span> <span class='ocrx_word' id='word_1_557' title='bbox 2374 2552 2690 2622; x_wconf 85' lang='lat' dir='ltr'><strong>quibusque</strong></span> <span class='ocrx_word' id='word_1_558' title='bbox 2723 2552 3065 2622; x_wconf 84' lang='lat' dir='ltr'><strong>persuasisti,</strong></span> <span class='ocrx_word' id='word_1_559' title='bbox 3095 2552 3170 2605; x_wconf 89' lang='lat' dir='ltr'><strong>uti</strong></span> <span class='ocrx_word' id='word_1_560' title='bbox 3205 2550 3405 2604; x_wconf 90' lang='lat' dir='ltr'><strong>mentis</strong></span> <span class='ocrx_word' id='word_1_561' title='bbox 3455 2547 3633 2603; x_wconf 88' lang='lat' dir='ltr'><strong>cervi-</strong></span> 
     </span>
    </p>
   </div>
   <div class='ocr_carea' id='block_1_74' title="bbox 2048 2641 3628 2714">
    <p class='ocr_par' dir='ltr' id='par_1_74' title="bbox 2048 2641 3628 2714">
     <span class='ocr_line' id='line_1_76' title="bbox 2048 2641 3628 2714; baseline -0.002 -16"><span class='ocrx_word' id='word_1_562' title='bbox 2048 2656 2164 2698; x_wconf 89' lang='lat' dir='ltr'><strong>cem</strong></span> <span class='ocrx_word' id='word_1_563' title='bbox 2201 2643 2331 2714; x_wconf 85' lang='lat' dir='ltr'><strong>jugo</strong></span> <span class='ocrx_word' id='word_1_564' title='bbox 2368 2652 2460 2701; x_wconf 89' lang='lat' dir='ltr'><strong>tuo</strong></span> <span class='ocrx_word' id='word_1_565' title='bbox 2506 2645 2913 2711; x_wconf 84' lang='lat' dir='ltr'><strong>submitterent,</strong></span> <span class='ocrx_word' id='word_1_566' title='bbox 2961 2653 3015 2698; x_wconf 93' lang='lat' dir='ltr'><strong>ct</strong></span> <span class='ocrx_word' id='word_1_567' title='bbox 3074 2643 3252 2712; x_wconf 88' lang='lat' dir='ltr'><strong>palam</strong></span> <span class='ocrx_word' id='word_1_568' title='bbox 3315 2641 3628 2710; x_wconf 85' lang='lat' dir='ltr'><strong>illigarent)</strong></span> 
     </span>
    </p>
   </div>
   <div class='ocr_carea' id='block_1_75' title="bbox 2049 2732 3635 2801">
    <p class='ocr_par' dir='ltr' id='par_1_75' title="bbox 2049 2732 3635 2801">
     <span class='ocr_line' id='line_1_77' title="bbox 2049 2732 3635 2801; baseline -0.002 -13"><span class='ocrx_word' id='word_1_569' title='bbox 2049 2733 2298 2801; x_wconf 87' lang='lat' dir='ltr'><strong>emisisti,</strong></span> <span class='ocrx_word' id='word_1_570' title='bbox 2336 2735 2440 2790; x_wconf 86' lang='lat' dir='ltr'><strong>hoc</strong></span> <span class='ocrx_word' id='word_1_571' title='bbox 2485 2745 2570 2792; x_wconf 86' lang='lat' dir='ltr'><strong>est</strong></span> <span class='ocrx_word' id='word_1_572' title='bbox 2602 2735 2870 2800; x_wconf 78' lang='lat' dir='ltr'><strong>extulisti,</strong></span> <span class='ocrx_word' id='word_1_573' title='bbox 2902 2737 3016 2790; x_wconf 84' lang='lat' dir='ltr'><strong>sive</strong></span> <span class='ocrx_word' id='word_1_574' title='bbox 3048 2733 3305 2799; x_wconf 80' lang='lat' dir='ltr'><strong>eduxisti,</strong></span> <span class='ocrx_word' id='word_1_575' title='bbox 3335 2733 3452 2788; x_wconf 82' lang='lat' dir='ltr'><strong>sive</strong></span> <span class='ocrx_word' id='word_1_576' title='bbox 3477 2732 3635 2786; x_wconf 83' lang='lat' dir='ltr'><strong>dimi-</strong></span> 
     </span>
    </p>
   </div>
   <div class='ocr_carea' id='block_1_76' title="bbox 2050 2823 3636 2896">
    <p class='ocr_par' dir='ltr' id='par_1_76' title="bbox 2050 2823 3636 2896">
     <span class='ocr_line' id='line_1_78' title="bbox 2050 2823 3636 2896; baseline -0.001 -18"><span class='ocrx_word' id='word_1_577' title='bbox 2050 2825 2164 2880; x_wconf 86' lang='lat' dir='ltr'><strong>sisti</strong></span> <span class='ocrx_word' id='word_1_578' title='bbox 2199 2845 2218 2879; x_wconf 85' lang='grc' dir='ltr'><strong>ι</strong></span> <span class='ocrx_word' id='word_1_579' title='bbox 2252 2841 2316 2880; x_wconf 82' lang='lat' dir='ltr'><strong>ex</strong></span> <span class='ocrx_word' id='word_1_580' title='bbox 2347 2827 2467 2884; x_wconf 87' lang='lat' dir='ltr'><strong>lacu</strong></span> <span class='ocrx_word' id='word_1_581' title='bbox 2505 2843 2612 2883; x_wconf 90' lang='lat' dir='ltr'><strong>non</strong></span> <span class='ocrx_word' id='word_1_582' title='bbox 2649 2829 2884 2882; x_wconf 88' lang='lat' dir='ltr'><strong>habente</strong></span> <span class='ocrx_word' id='word_1_583' title='bbox 2911 2841 3160 2896; x_wconf 72' lang='lat' dir='ltr'><strong>aquaam</strong></span> <span class='ocrx_word' id='word_1_584' title='bbox 3197 2826 3406 2893; x_wconf 80' lang='lat' dir='ltr'><strong>Quibus</strong></span> <span class='ocrx_word' id='word_1_585' title='bbox 3455 2823 3636 2878; x_wconf 86' lang='lat' dir='ltr'><strong>verbis</strong></span> 
     </span>
    </p>
   </div>
   <div class='ocr_carea' id='block_1_77' title="bbox 2049 2913 3633 2984">
    <p class='ocr_par' dir='ltr' id='par_1_77' title="bbox 2049 2913 3633 2984">
     <span class='ocr_line' id='line_1_79' title="bbox 2049 2913 3633 2984; baseline -0.002 -15"><span class='ocrx_word' id='word_1_586' title='bbox 2049 2925 2140 2970; x_wconf 85' lang='lat' dir='ltr'><strong>aut</strong></span> <span class='ocrx_word' id='word_1_587' title='bbox 2173 2917 2466 2983; x_wconf 75' lang='lat' dir='ltr'><strong>infernum,</strong></span> <span class='ocrx_word' id='word_1_588' title='bbox 2494 2919 2585 2973; x_wconf 90' lang='lat' dir='ltr'><strong>ubi</strong></span> <span class='ocrx_word' id='word_1_589' title='bbox 2612 2933 2719 2973; x_wconf 91' lang='lat' dir='ltr'><strong>non</strong></span> <span class='ocrx_word' id='word_1_590' title='bbox 2753 2927 2836 2973; x_wconf 90' lang='lat' dir='ltr'><strong>est</strong></span> <span class='ocrx_word' id='word_1_591' title='bbox 2870 2918 2996 2984; x_wconf 87' lang='lat' dir='ltr'><strong>vita,</strong></span> <span class='ocrx_word' id='word_1_592' title='bbox 3027 2913 3325 2984; x_wconf 78' lang='lat' dir='ltr'><strong>signiﬁcari</strong></span> <span class='ocrx_word' id='word_1_593' title='bbox 3359 2913 3633 2975; x_wconf 81' lang='lat' dir='ltr'><strong>dicimus;</strong></span> 
     </span>
    </p>
   </div>
   <div class='ocr_carea' id='block_1_78' title="bbox 2049 3004 3638 3082">
    <p class='ocr_par' dir='ltr' id='par_1_78' title="bbox 2049 3004 3638 3082">
     <span class='ocr_line' id='line_1_80' title="bbox 2049 3004 3638 3082; baseline -0.009 -15"><span class='ocrx_word' id='word_1_594' title='bbox 2049 3025 2242 3082; x_wconf 82' lang='lat' dir='ltr'><strong>aquam</strong></span> <span class='ocrx_word' id='word_1_595' title='bbox 2281 3011 2422 3067; x_wconf 87' lang='lat' dir='ltr'><strong>enim</strong></span> <span class='ocrx_word' id='word_1_596' title='bbox 2451 3025 2546 3079; x_wconf 88' lang='lat' dir='ltr'><strong>pro</strong></span> <span class='ocrx_word' id='word_1_597' title='bbox 2570 3010 2814 3080; x_wconf 84' lang='lat' dir='ltr'><strong>symbolo</strong></span> <span class='ocrx_word' id='word_1_598' title='bbox 2846 3011 2968 3063; x_wconf 80' lang='lat' dir='ltr'><strong>vitae</strong></span> <span class='ocrx_word' id='word_1_599' title='bbox 2997 3009 3330 3075; x_wconf 85' lang='lat' dir='ltr'><strong>accipiamus</strong></span> <span class='ocrx_word' id='word_1_600' title='bbox 3353 3004 3501 3066; x_wconf 89' lang='lat' dir='ltr'><strong>licet;</strong></span> <span class='ocrx_word' id='word_1_601' title='bbox 3546 3015 3638 3056; x_wconf 87' lang='lat' dir='ltr'><strong>aut</strong></span> 
     </span>
    </p>
   </div>
   <div class='ocr_carea' id='block_1_79' title="bbox 2053 3096 3634 3158">
    <p class='ocr_par' dir='ltr' id='par_1_79' title="bbox 2053 3096 3634 3158">
     <span class='ocr_line' id='line_1_81' title="bbox 2053 3096 3634 3158; baseline -0.007 0"><span class='ocrx_word' id='word_1_602' title='bbox 2053 3113 2200 3158; x_wconf 87' lang='lat' dir='ltr'><strong>certe</strong></span> <span class='ocrx_word' id='word_1_603' title='bbox 2231 3101 2499 3156; x_wconf 77' lang='lat' dir='ltr'><strong>internum</strong></span> <span class='ocrx_word' id='word_1_604' title='bbox 2523 3101 3039 3155; x_wconf 89' lang='lat' dir='ltr'><strong>convenientissime</strong></span> <span class='ocrx_word' id='word_1_605' title='bbox 3103 3097 3362 3152; x_wconf 81' lang='lat' dir='ltr'><strong>falsorum</strong></span> <span class='ocrx_word' id='word_1_606' title='bbox 3411 3096 3634 3151; x_wconf 88' lang='lat' dir='ltr'><strong>deorum</strong></span> 
     </span>
    </p>
   </div>
   <div class='ocr_carea' id='block_1_80' title="bbox 2053 3277 3632 3353">
    <p class='ocr_par' dir='ltr' id='par_1_80' title="bbox 2053 3277 3632 3353">
     <span class='ocr_line' id='line_1_82' title="bbox 2053 3277 3632 3353; baseline -0.004 -15"><span class='ocrx_word' id='word_1_607' title='bbox 2053 3283 2105 3338; x_wconf 88' lang='lat' dir='ltr'><strong>in</strong></span> <span class='ocrx_word' id='word_1_608' title='bbox 2145 3298 2304 3353; x_wconf 88' lang='lat' dir='ltr'><strong>quam</strong></span> <span class='ocrx_word' id='word_1_609' title='bbox 2335 3285 2379 3339; x_wconf 86' lang='lat' dir='ltr'><strong>si</strong></span> <span class='ocrx_word' id='word_1_610' title='bbox 2412 3283 2534 3352; x_wconf 90' lang='lat' dir='ltr'><strong>quis</strong></span> <span class='ocrx_word' id='word_1_611' title='bbox 2562 3282 2775 3352; x_wconf 89' lang='lat' dir='ltr'><strong>penitus</strong></span> <span class='ocrx_word' id='word_1_612' title='bbox 2819 3281 3097 3348; x_wconf 85' lang='lat' dir='ltr'><strong>deciderit,</strong></span> <span class='ocrx_word' id='word_1_613' title='bbox 3159 3280 3267 3335; x_wconf 84' lang='lat' dir='ltr'><strong>vita</strong></span> <span class='ocrx_word' id='word_1_614' title='bbox 3328 3277 3510 3334; x_wconf 82' lang='lat' dir='ltr'><strong>futura</strong></span> <span class='ocrx_word' id='word_1_615' title='bbox 3569 3292 3632 3332; x_wconf 83' lang='lat' dir='ltr'><strong>ac</strong></span> 
     </span>
    </p>
   </div>
   <div class='ocr_carea' id='block_1_81' title="bbox 2052 3371 3632 3442">
    <p class='ocr_par' dir='ltr' id='par_1_81' title="bbox 2052 3371 3632 3442">
     <span class='ocr_line' id='line_1_83' title="bbox 2052 3371 3632 3442; baseline -0.003 -15"><span class='ocrx_word' id='word_1_616' title='bbox 2052 3375 2382 3442; x_wconf 87' lang='lat' dir='ltr'><strong>sempiterna</strong></span> <span class='ocrx_word' id='word_1_617' title='bbox 2452 3375 2680 3432; x_wconf 79' lang='lat' dir='ltr'><strong>carebit.</strong></span> <span class='ocrx_word' id='word_1_618' title='bbox 2751 3371 3055 3429; x_wconf 80' lang='lat' dir='ltr'><strong>Evacuasse</strong></span> <span class='ocrx_word' id='word_1_619' title='bbox 3128 3383 3307 3428; x_wconf 85' lang='lat' dir='ltr'><strong>autem</strong></span> <span class='ocrx_word' id='word_1_620' title='bbox 3363 3371 3632 3427; x_wconf 78' lang='lat' dir='ltr'><strong>infernum</strong></span> 
     </span>
    </p>
   </div>
   <div class='ocr_carea' id='block_1_82' title="bbox 2050 3464 3632 3533">
    <p class='ocr_par' dir='ltr' id='par_1_82' title="bbox 2050 3464 3632 3533">
     <span class='ocr_line' id='line_1_84' title="bbox 2050 3464 3632 3533; baseline -0.002 -13"><span class='ocrx_word' id='word_1_621' title='bbox 2050 3466 2325 3521; x_wconf 79' lang='lat' dir='ltr'><strong>Christum</strong></span> <span class='ocrx_word' id='word_1_622' title='bbox 2356 3475 2649 3532; x_wconf 90' lang='lat' dir='ltr'><strong>mortuum,</strong></span> <span class='ocrx_word' id='word_1_623' title='bbox 2680 3473 2736 3520; x_wconf 92' lang='lat' dir='ltr'><strong>et</strong></span> <span class='ocrx_word' id='word_1_624' title='bbox 2764 3465 3044 3533; x_wconf 81' lang='lat' dir='ltr'><strong>spiritibus</strong></span> <span class='ocrx_word' id='word_1_625' title='bbox 3080 3465 3130 3521; x_wconf 90' lang='lat' dir='ltr'><strong>in</strong></span> <span class='ocrx_word' id='word_1_626' title='bbox 3167 3464 3411 3520; x_wconf 83' lang='lat' dir='ltr'><strong>custodia</strong></span> <span class='ocrx_word' id='word_1_627' title='bbox 3444 3465 3632 3519; x_wconf 83' lang='lat' dir='ltr'><strong>deten-</strong></span> 
     </span>
    </p>
   </div>
   <div class='ocr_carea' id='block_1_83' title="bbox 2051 3557 3634 3628">
    <p class='ocr_par' dir='ltr' id='par_1_83' title="bbox 2051 3557 3634 3628">
     <span class='ocr_line' id='line_1_85' title="bbox 2051 3557 3634 3628; baseline -0.003 -15"><span class='ocrx_word' id='word_1_628' title='bbox 2051 3559 2122 3614; x_wconf 90' lang='lat' dir='ltr'><strong>tis</strong></span> <span class='ocrx_word' id='word_1_629' title='bbox 2185 3559 2465 3628; x_wconf 87' lang='lat' dir='ltr'><strong>aperuisse</strong></span> <span class='ocrx_word' id='word_1_630' title='bbox 2499 3568 2684 3628; x_wconf 87' lang='lat' dir='ltr'><strong>portas</strong></span> <span class='ocrx_word' id='word_1_631' title='bbox 2715 3557 2939 3622; x_wconf 80' lang='lat' dir='ltr'><strong>inferas,</strong></span> <span class='ocrx_word' id='word_1_632' title='bbox 2970 3559 3242 3613; x_wconf 87' lang='lat' dir='ltr'><strong>neminem</strong></span> <span class='ocrx_word' id='word_1_633' title='bbox 3268 3558 3420 3612; x_wconf 78' lang='lat' dir='ltr'><strong>latet.</strong></span> <span class='ocrx_word' id='word_1_634' title='bbox 3452 3557 3634 3626; x_wconf 86' lang='lat' dir='ltr'><strong>lnquit</strong></span> 
     </span>
    </p>
   </div>
   <div class='ocr_carea' id='block_1_84' title="bbox 2049 3648 3632 3719">
    <p class='ocr_par' dir='ltr' id='par_1_84' title="bbox 2049 3648 3632 3719">
     <span class='ocr_line' id='line_1_86' title="bbox 2049 3648 3632 3719; baseline -0.001 -13"><span class='ocrx_word' id='word_1_635' title='bbox 2049 3661 2106 3706; x_wconf 90' lang='lat' dir='ltr'><strong>et</strong></span> <span class='ocrx_word' id='word_1_636' title='bbox 2132 3649 2326 3705; x_wconf 88' lang='lat' dir='ltr'><strong>alicubi</strong></span> <span class='ocrx_word' id='word_1_637' title='bbox 2353 3650 2727 3706; x_wconf 88' lang='lat' dir='ltr'><strong>universorum</strong></span> <span class='ocrx_word' id='word_1_638' title='bbox 2756 3649 2898 3704; x_wconf 88' lang='lat' dir='ltr'><strong>Deus</strong></span> <span class='ocrx_word' id='word_1_639' title='bbox 2926 3664 3023 3719; x_wconf 89' lang='lat' dir='ltr'><strong>per</strong></span> <span class='ocrx_word' id='word_1_640' title='bbox 3036 3648 3332 3704; x_wconf 85' lang='lat' dir='ltr'><strong>Jeremiam</strong></span> <span class='ocrx_word' id='word_1_641' title='bbox 3353 3651 3423 3704; x_wconf 86' lang='lat' dir='ltr'><strong>de</strong></span> <span class='ocrx_word' id='word_1_642' title='bbox 3459 3648 3632 3705; x_wconf 85' lang='lat' dir='ltr'><strong>Israe—</strong></span> 
     </span>
    </p>
   </div>
   <div class='ocr_carea' id='block_1_85' title="bbox 2055 3741 3634 3809">
    <p class='ocr_par' dir='ltr' id='par_1_85' title="bbox 2055 3741 3634 3809">
     <span class='ocr_line' id='line_1_87' title="bbox 2055 3741 3634 3809; baseline 0.001 -12"><span class='ocrx_word' id='word_1_643' title='bbox 2055 3743 2163 3798; x_wconf 87' lang='lat' dir='ltr'><strong>litis</strong></span> <span class='ocrx_word' id='word_1_644' title='bbox 2191 3742 2562 3798; x_wconf 86' lang='lat' dir='ltr'><strong>desertoribus</strong></span> <span class='ocrx_word' id='word_1_645' title='bbox 2597 3742 2737 3809; x_wconf 90' lang='lat' dir='ltr'><strong>suis,</strong></span> <span class='ocrx_word' id='word_1_646' title='bbox 2761 3750 2820 3797; x_wconf 89' lang='lat' dir='ltr'><strong>et</strong></span> <span class='ocrx_word' id='word_1_647' title='bbox 2849 3743 2915 3796; x_wconf 87' lang='lat' dir='ltr'><strong>ad</strong></span> <span class='ocrx_word' id='word_1_648' title='bbox 2947 3741 3215 3796; x_wconf 80' lang='lat' dir='ltr'><strong>fallaciam</strong></span> <span class='ocrx_word' id='word_1_649' title='bbox 3271 3741 3446 3796; x_wconf 82' lang='lat' dir='ltr'><strong>insani</strong></span> <span class='ocrx_word' id='word_1_650' title='bbox 3499 3741 3634 3798; x_wconf 87' lang='lat' dir='ltr'><strong>dco-</strong></span> 
     </span>
    </p>
   </div>
   <div class='ocr_carea' id='block_1_86' title="bbox 2053 3831 3633 3901">
    <p class='ocr_par' dir='ltr' id='par_1_86' title="bbox 2053 3831 3633 3901">
     <span class='ocr_line' id='line_1_88' title="bbox 2053 3831 3633 3901; baseline 0 -15"><span class='ocrx_word' id='word_1_651' title='bbox 2053 3847 2170 3886; x_wconf 90' lang='lat' dir='ltr'><strong>rum</strong></span> <span class='ocrx_word' id='word_1_652' title='bbox 2209 3831 2389 3888; x_wconf 83' lang='lat' dir='ltr'><strong>cultus</strong></span> <span class='ocrx_word' id='word_1_653' title='bbox 2416 3831 2580 3887; x_wconf 88' lang='lat' dir='ltr'><strong>stulte</strong></span> <span class='ocrx_word' id='word_1_654' title='bbox 2634 3832 2922 3894; x_wconf 80' lang='lat' dir='ltr'><strong>conversis</strong></span> <span class='ocrx_word' id='word_1_655' title='bbox 2969 3847 2982 3884; x_wconf 90' lang='lat'><strong>:</strong></span> <span class='ocrx_word' id='word_1_656' title='bbox 3021 3849 3041 3884; x_wconf 83' lang='grc' dir='ltr'><strong>ι</strong></span> <span class='ocrx_word' id='word_1_657' title='bbox 3103 3831 3396 3901; x_wconf 86' lang='lat' dir='ltr'><strong>Obstupuit</strong></span> <span class='ocrx_word' id='word_1_658' title='bbox 3436 3833 3633 3887; x_wconf 79' lang='lat' dir='ltr'><strong>cmlum</strong></span> 
     </span>
    </p>
   </div>
   <div class='ocr_carea' id='block_1_87' title="bbox 2050 3922 3636 3995">
    <p class='ocr_par' dir='ltr' id='par_1_87' title="bbox 2050 3922 3636 3995">
     <span class='ocr_line' id='line_1_89' title="bbox 2050 3922 3636 3995; baseline -0.001 -15"><span class='ocrx_word' id='word_1_659' title='bbox 2050 3939 2217 3995; x_wconf 85' lang='lat' dir='ltr'><strong>super</strong></span> <span class='ocrx_word' id='word_1_660' title='bbox 2245 3925 2368 3989; x_wconf 91' lang='lat' dir='ltr'><strong>hoc,</strong></span> <span class='ocrx_word' id='word_1_661' title='bbox 2405 3932 2462 3978; x_wconf 91' lang='lat' dir='ltr'><strong>et</strong></span> <span class='ocrx_word' id='word_1_662' title='bbox 2489 3923 2762 3979; x_wconf 88' lang='lat' dir='ltr'><strong>inhorruit</strong></span> <span class='ocrx_word' id='word_1_663' title='bbox 2791 3922 3082 3994; x_wconf 89' lang='lat' dir='ltr'><strong>plurimum</strong></span> <span class='ocrx_word' id='word_1_664' title='bbox 3110 3925 3479 3992; x_wconf 88' lang='lat' dir='ltr'><strong>vehementer,</strong></span> <span class='ocrx_word' id='word_1_665' title='bbox 3503 3925 3636 3979; x_wconf 87' lang='lat' dir='ltr'><strong>dicit</strong></span> 
     </span>
    </p>
   </div>
   <div class='ocr_carea' id='block_1_88' title="bbox 2053 4014 3636 4086">
    <p class='ocr_par' dir='ltr' id='par_1_88' title="bbox 2053 4014 3636 4086">
     <span class='ocr_line' id='line_1_90' title="bbox 2053 4014 3636 4086; baseline 0.001 -16"><span class='ocrx_word' id='word_1_666' title='bbox 2053 4017 2313 4071; x_wconf 86' lang='lat' dir='ltr'><strong>Dominus</strong></span> <span class='ocrx_word' id='word_1_667' title='bbox 2349 4016 2517 4085; x_wconf 85' lang='lat' dir='ltr'><strong>:quia</strong></span> <span class='ocrx_word' id='word_1_668' title='bbox 2556 4015 2663 4070; x_wconf 86' lang='lat' dir='ltr'><strong>duo</strong></span> <span class='ocrx_word' id='word_1_669' title='bbox 2694 4016 2831 4070; x_wconf 88' lang='lat' dir='ltr'><strong>mala</strong></span> <span class='ocrx_word' id='word_1_670' title='bbox 2867 4014 2997 4071; x_wconf 82' lang='lat' dir='ltr'><strong>iecit</strong></span> <span class='ocrx_word' id='word_1_671' title='bbox 3050 4016 3278 4086; x_wconf 86' lang='lat' dir='ltr'><strong>populus</strong></span> <span class='ocrx_word' id='word_1_672' title='bbox 3330 4032 3500 4073; x_wconf 86' lang='lat' dir='ltr'><strong>meus.</strong></span> <span class='ocrx_word' id='word_1_673' title='bbox 3552 4016 3636 4071; x_wconf 86' lang='lat' dir='ltr'><strong>Mc</strong></span> 
     </span>
    </p>
   </div>
   <div class='ocr_carea' id='block_1_89' title="bbox 2053 4109 3636 4179">
    <p class='ocr_par' dir='ltr' id='par_1_89' title="bbox 2053 4109 3636 4179">
     <span class='ocr_line' id='line_1_91' title="bbox 2053 4109 3636 4179; baseline -0.001 -14"><span class='ocrx_word' id='word_1_674' title='bbox 2053 4110 2460 4179; x_wconf 88' lang='lat' dir='ltr'><strong>dereliquerunt</strong></span> <span class='ocrx_word' id='word_1_675' title='bbox 2516 4110 2718 4166; x_wconf 80' lang='lat' dir='ltr'><strong>fontem</strong></span> <span class='ocrx_word' id='word_1_676' title='bbox 2769 4125 2924 4178; x_wconf 60' lang='lat' dir='ltr'><strong>aqua;</strong></span> <span class='ocrx_word' id='word_1_677' title='bbox 2969 4110 3220 4176; x_wconf 86' lang='lat' dir='ltr'><strong>viventis,</strong></span> <span class='ocrx_word' id='word_1_678' title='bbox 3257 4119 3312 4164; x_wconf 90' lang='lat' dir='ltr'><strong>et</strong></span> <span class='ocrx_word' id='word_1_679' title='bbox 3386 4109 3636 4165; x_wconf 69' lang='lat' dir='ltr'><strong>[oderunt</strong></span> 
     </span>
    </p>
   </div>
   <div class='ocr_carea' id='block_1_90' title="bbox 2053 4203 3638 4271">
    <p class='ocr_par' dir='ltr' id='par_1_90' title="bbox 2053 4203 3638 4271">
     <span class='ocr_line' id='line_1_92' title="bbox 2053 4203 3638 4271; baseline -0.003 -13"><span class='ocrx_word' id='word_1_680' title='bbox 2053 4203 2152 4258; x_wconf 88' lang='lat' dir='ltr'><strong>sibi</strong></span> <span class='ocrx_word' id='word_1_681' title='bbox 2189 4205 2338 4258; x_wconf 82' lang='lat' dir='ltr'><strong>lacus</strong></span> <span class='ocrx_word' id='word_1_682' title='bbox 2369 4203 2654 4266; x_wconf 80' lang='lat' dir='ltr'><strong>contritus,</strong></span> <span class='ocrx_word' id='word_1_683' title='bbox 2687 4204 2778 4271; x_wconf 91' lang='lat' dir='ltr'><strong>qui</strong></span> <span class='ocrx_word' id='word_1_684' title='bbox 2805 4217 2911 4256; x_wconf 89' lang='lat' dir='ltr'><strong>non</strong></span> <span class='ocrx_word' id='word_1_685' title='bbox 2951 4208 3204 4269; x_wconf 88' lang='lat' dir='ltr'><strong>poterunt</strong></span> <span class='ocrx_word' id='word_1_686' title='bbox 3262 4216 3454 4269; x_wconf 88' lang='lat' dir='ltr'><strong>aquam</strong></span> <span class='ocrx_word' id='word_1_687' title='bbox 3507 4215 3638 4255; x_wconf 88' lang='lat' dir='ltr'><strong>con-</strong></span> 
     </span>
    </p>
   </div>
   <div class='ocr_carea' id='block_1_91' title="bbox 2056 4289 3636 4358">
    <p class='ocr_par' dir='ltr' id='par_1_91' title="bbox 2056 4289 3636 4358">
     <span class='ocr_line' id='line_1_93' title="bbox 2056 4289 3636 4358; baseline -0.001 -12"><span class='ocrx_word' id='word_1_688' title='bbox 2056 4297 2232 4348; x_wconf 86' lang='lat' dir='ltr'><strong>tinere</strong></span> <span class='ocrx_word' id='word_1_689' title='bbox 2267 4295 2309 4350; x_wconf 82' lang='lat'><strong>&#39;.</strong></span> <span class='ocrx_word' id='word_1_690' title='bbox 2343 4313 2361 4345; x_wconf 78' lang='grc' dir='ltr'><strong>ι</strong></span> <span class='ocrx_word' id='word_1_691' title='bbox 2393 4292 2852 4358; x_wconf 83' lang='lat' dir='ltr'><strong>Quemadmodum</strong></span> <span class='ocrx_word' id='word_1_692' title='bbox 2893 4292 3037 4345; x_wconf 89' lang='lat' dir='ltr'><strong>enim</strong></span> <span class='ocrx_word' id='word_1_693' title='bbox 3075 4289 3196 4344; x_wconf 82' lang='lat' dir='ltr'><strong>fons</strong></span> <span class='ocrx_word' id='word_1_694' title='bbox 3227 4291 3368 4353; x_wconf 77' lang='lat' dir='ltr'><strong>vitm,</strong></span> <span class='ocrx_word' id='word_1_695' title='bbox 3401 4299 3456 4344; x_wconf 90' lang='lat' dir='ltr'><strong>et</strong></span> <span class='ocrx_word' id='word_1_696' title='bbox 3515 4289 3636 4344; x_wconf 86' lang='lat' dir='ltr'><strong>l‘ons</strong></span> 
     </span>
    </p>
   </div>
   <div class='ocr_carea' id='block_1_92' title="bbox 2056 4381 3630 4452">
    <p class='ocr_par' dir='ltr' id='par_1_92' title="bbox 2056 4381 3630 4452">
     <span class='ocr_line' id='line_1_94' title="bbox 2056 4381 3630 4452; baseline 0.002 -19"><span class='ocrx_word' id='word_1_697' title='bbox 2056 4383 2334 4437; x_wconf 71' lang='lat' dir='ltr'><strong>vhiﬁcans</strong></span> <span class='ocrx_word' id='word_1_698' title='bbox 2369 4390 2454 4437; x_wconf 88' lang='lat' dir='ltr'><strong>est</strong></span> <span class='ocrx_word' id='word_1_699' title='bbox 2480 4391 2624 4438; x_wconf 88' lang='lat' dir='ltr'><strong>recta</strong></span> <span class='ocrx_word' id='word_1_700' title='bbox 2668 4390 2724 4436; x_wconf 91' lang='lat' dir='ltr'><strong>et</strong></span> <span class='ocrx_word' id='word_1_701' title='bbox 2751 4381 2952 4436; x_wconf 86' lang='lat' dir='ltr'><strong>erroris</strong></span> <span class='ocrx_word' id='word_1_702' title='bbox 2995 4395 3187 4450; x_wconf 79' lang='lat' dir='ltr'><strong>expers</strong></span> <span class='ocrx_word' id='word_1_703' title='bbox 3228 4381 3320 4436; x_wconf 85' lang='lat' dir='ltr'><strong>Dei</strong></span> <span class='ocrx_word' id='word_1_704' title='bbox 3347 4381 3630 4452; x_wconf 84' lang='lat' dir='ltr'><strong>cognitio:</strong></span> 
     </span>
    </p>
   </div>
   <div class='ocr_carea' id='block_1_93' title="bbox 368 4468 1963 4545">
    <p class='ocr_par' dir='ltr' id='par_1_93' title="bbox 368 4468 1953 4543">
     <span class='ocr_line' id='line_1_95' title="bbox 368 4468 1953 4543; baseline 0.001 -21"><span class='ocrx_word' id='word_1_705' title='bbox 368 4472 632 4539; x_wconf 79' lang='grc' dir='ltr'>νήσονται</span> <span class='ocrx_word' id='word_1_706' title='bbox 680 4468 823 4537; x_wconf 79' lang='grc' dir='ltr'>ὕδωρ</span> <span class='ocrx_word' id='word_1_707' title='bbox 865 4470 1128 4538; x_wconf 85' lang='grc' dir='ltr'>συνέχειν.</span> <span class='ocrx_word' id='word_1_708' title='bbox 1161 4489 1180 4523; x_wconf 74' lang='lat' dir='ltr'><strong>t</strong></span> <span class='ocrx_word' id='word_1_709' title='bbox 1212 4473 1423 4541; x_wconf 81' lang='grc' dir='ltr'>’Ὠσπερ</span> <span class='ocrx_word' id='word_1_710' title='bbox 1465 4474 1574 4541; x_wconf 80' lang='grc' dir='ltr'>γάρ</span> <span class='ocrx_word' id='word_1_711' title='bbox 1630 4474 1746 4524; x_wconf 75' lang='grc' dir='ltr'>ἐστι</span> <span class='ocrx_word' id='word_1_712' title='bbox 1803 4472 1953 4543; x_wconf 86' lang='grc' dir='ltr'>πηγὴ</span> 
     </span>
    </p>
   </div>
   <div class='ocr_carea' id='block_1_94' title="bbox 2049 4468 3635 4545">
    <p class='ocr_par' dir='ltr' id='par_1_94' title="bbox 2059 4472 3635 4545">
     <span class='ocr_line' id='line_1_96' title="bbox 2059 4472 3635 4545; baseline 0.003 -19"><span class='ocrx_word' id='word_1_713' title='bbox 2059 4472 2130 4526; x_wconf 86' lang='lat' dir='ltr'><strong>ita</strong></span> <span class='ocrx_word' id='word_1_714' title='bbox 2167 4474 2312 4528; x_wconf 89' lang='lat' dir='ltr'><strong>velut</strong></span> <span class='ocrx_word' id='word_1_715' title='bbox 2339 4475 2488 4530; x_wconf 83' lang='lat' dir='ltr'><strong>lacus</strong></span> <span class='ocrx_word' id='word_1_716' title='bbox 2513 4474 2780 4545; x_wconf 81' lang='lat' dir='ltr'><strong>inaquosi,</strong></span> <span class='ocrx_word' id='word_1_717' title='bbox 2807 4484 2860 4528; x_wconf 90' lang='lat' dir='ltr'><strong>et</strong></span> <span class='ocrx_word' id='word_1_718' title='bbox 2893 4475 3112 4529; x_wconf 87' lang='lat' dir='ltr'><strong>contriti</strong></span> <span class='ocrx_word' id='word_1_719' title='bbox 3181 4474 3502 4530; x_wconf 73' lang='lat' dir='ltr'><strong>idololatria:</strong></span> <span class='ocrx_word' id='word_1_720' title='bbox 3549 4474 3635 4530; x_wconf 86' lang='lat' dir='ltr'><strong>lu-</strong></span> 
     </span>
    </p>
   </div>
   <div class='ocr_carea' id='block_1_95' title="bbox 371 4559 1950 4636">
    <p class='ocr_par' dir='ltr' id='par_1_95' title="bbox 371 4559 1950 4636">
     <span class='ocr_line' id='line_1_97' title="bbox 371 4559 1950 4636; baseline 0.003 -22"><span class='ocrx_word' id='word_1_721' title='bbox 371 4561 543 4630; x_wconf 82' lang='grc' dir='ltr'>ζωῆς,</span> <span class='ocrx_word' id='word_1_722' title='bbox 583 4560 678 4613; x_wconf 78' lang='grc' dir='ltr'>καὶ</span> <span class='ocrx_word' id='word_1_723' title='bbox 731 4559 882 4630; x_wconf 78' lang='grc' dir='ltr'>πηγὴ</span> <span class='ocrx_word' id='word_1_724' title='bbox 917 4559 1178 4625; x_wconf 72' lang='grc' dir='ltr'>ζωοπυιδς</span> <span class='ocrx_word' id='word_1_725' title='bbox 1213 4564 1245 4632; x_wconf 85' lang='grc' dir='ltr'>ὴ</span> <span class='ocrx_word' id='word_1_726' title='bbox 1291 4565 1424 4633; x_wconf 82' lang='grc' dir='ltr'>ὀρθή</span> <span class='ocrx_word' id='word_1_727' title='bbox 1458 4581 1517 4616; x_wconf 89' lang='grc' dir='ltr'><strong>τε</strong></span> <span class='ocrx_word' id='word_1_728' title='bbox 1565 4565 1656 4616; x_wconf 57' lang='grc' dir='ltr'><strong>καὶ⁵</strong></span> <span class='ocrx_word' id='word_1_729' title='bbox 1705 4565 1950 4636; x_wconf 85' lang='grc' dir='ltr'>ἀπλανὴς</span> 
     </span>
    </p>
   </div>
   <div class='ocr_carea' id='block_1_96' title="bbox 371 4650 1951 4725">
    <p class='ocr_par' dir='ltr' id='par_1_96' title="bbox 371 4650 1951 4725">
     <span class='ocr_line' id='line_1_98' title="bbox 371 4650 1951 4725; baseline 0.004 -19"><span class='ocrx_word' id='word_1_730' title='bbox 371 4655 507 4724; x_wconf 81' lang='grc' dir='ltr'>περὶ</span> <span class='ocrx_word' id='word_1_731' title='bbox 534 4651 670 4706; x_wconf 81' lang='grc' dir='ltr'>Θεοῦ</span> <span class='ocrx_word' id='word_1_732' title='bbox 698 4652 915 4721; x_wconf 87' lang='grc' dir='ltr'>γνῶσις·</span> <span class='ocrx_word' id='word_1_733' title='bbox 949 4650 1122 4714; x_wconf 80' lang='grc' dir='ltr'>οὕτως</span> <span class='ocrx_word' id='word_1_734' title='bbox 1150 4652 1387 4725; x_wconf 86' lang='grc' dir='ltr'>ἄνυδροι,</span> <span class='ocrx_word' id='word_1_735' title='bbox 1450 4655 1540 4708; x_wconf 74' lang='grc' dir='ltr'>καὶ</span> <span class='ocrx_word' id='word_1_736' title='bbox 1572 4655 1731 4708; x_wconf 79' lang='grc' dir='ltr'>οἱονεὶ</span> <span class='ocrx_word' id='word_1_737' title='bbox 1761 4658 1951 4712; x_wconf 83' lang='grc' dir='ltr'>λάκκοι</span> 
     </span>
    </p>
   </div>
   <div class='ocr_carea' id='block_1_97' title="bbox 2057 4564 3634 4638">
    <p class='ocr_par' dir='ltr' id='par_1_97' title="bbox 2057 4564 3634 4638">
     <span class='ocr_line' id='line_1_99' title="bbox 2057 4564 3634 4638; baseline 0.003 -20"><span class='ocrx_word' id='word_1_738' title='bbox 2057 4564 2231 4631; x_wconf 87' lang='lat' dir='ltr'><strong>dicra,</strong></span> <span class='ocrx_word' id='word_1_739' title='bbox 2262 4575 2316 4621; x_wconf 91' lang='lat' dir='ltr'><strong>et</strong></span> <span class='ocrx_word' id='word_1_740' title='bbox 2347 4567 2722 4623; x_wconf 83' lang='lat' dir='ltr'><strong>aberrationes</strong></span> <span class='ocrx_word' id='word_1_741' title='bbox 2760 4569 2828 4622; x_wconf 87' lang='lat' dir='ltr'><strong>ab</strong></span> <span class='ocrx_word' id='word_1_742' title='bbox 2859 4568 2973 4636; x_wconf 87' lang='lat' dir='ltr'><strong>ipsa</strong></span> <span class='ocrx_word' id='word_1_743' title='bbox 3003 4576 3228 4637; x_wconf 90' lang='lat' dir='ltr'><strong>possunt</strong></span> <span class='ocrx_word' id='word_1_744' title='bbox 3254 4568 3500 4638; x_wconf 82' lang='lat' dir='ltr'><strong>intelligi.</strong></span> <span class='ocrx_word' id='word_1_745' title='bbox 3528 4567 3634 4622; x_wconf 85' lang='lat' dir='ltr'><strong>De-</strong></span> 
     </span>
    </p>
   </div>
   <div class='ocr_carea' id='block_1_98' title="bbox 2058 4659 3639 4730">
    <p class='ocr_par' dir='ltr' id='par_1_98' title="bbox 2058 4659 3639 4730">
     <span class='ocr_line' id='line_1_100' title="bbox 2058 4659 3639 4730; baseline 0 -17"><span class='ocrx_word' id='word_1_746' title='bbox 2058 4659 2181 4715; x_wconf 89' lang='lat' dir='ltr'><strong>inde</strong></span> <span class='ocrx_word' id='word_1_747' title='bbox 2218 4659 2363 4728; x_wconf 87' lang='lat' dir='ltr'><strong>ipsos</strong></span> <span class='ocrx_word' id='word_1_748' title='bbox 2401 4660 2610 4714; x_wconf 88' lang='lat' dir='ltr'><strong>vinctos</strong></span> <span class='ocrx_word' id='word_1_749' title='bbox 2634 4659 2986 4730; x_wconf 88' lang='lat' dir='ltr'><strong>compellans,</strong></span> <span class='ocrx_word' id='word_1_750' title='bbox 3007 4660 3074 4715; x_wconf 87' lang='lat' dir='ltr'><strong>ad</strong></span> <span class='ocrx_word' id='word_1_751' title='bbox 3103 4674 3250 4729; x_wconf 88' lang='lat' dir='ltr'><strong>spem</strong></span> <span class='ocrx_word' id='word_1_752' title='bbox 3284 4662 3479 4716; x_wconf 86' lang='lat' dir='ltr'><strong>bonam</strong></span> <span class='ocrx_word' id='word_1_753' title='bbox 3541 4674 3639 4714; x_wconf 87' lang='lat' dir='ltr'><strong>eos</strong></span> 
     </span>
    </p>
   </div>
   <div class='ocr_carea' id='block_1_99' title="bbox 373 4744 1963 4822">
    <p class='ocr_par' dir='ltr' id='par_1_99' title="bbox 373 4744 1963 4819">
     <span class='ocr_line' id='line_1_101' title="bbox 373 4744 1963 4819; baseline 0.003 -21"><span class='ocrx_word' id='word_1_754' title='bbox 373 4746 829 4815; x_wconf 87' lang='grc' dir='ltr'>συντετριμμένοι</span> <span class='ocrx_word' id='word_1_755' title='bbox 886 4744 1127 4815; x_wconf 86' lang='grc' dir='ltr'>νοηθεῖεν</span> <span class='ocrx_word' id='word_1_756' title='bbox 1177 4747 1244 4799; x_wconf 84' lang='grc' dir='ltr'>ἂν</span> <span class='ocrx_word' id='word_1_757' title='bbox 1296 4745 1365 4798; x_wconf 81' lang='grc' dir='ltr'>τὰ</span> <span class='ocrx_word' id='word_1_758' title='bbox 1392 4746 1493 4814; x_wconf 90' lang='grc' dir='ltr'><strong>τῆς</strong></span> <span class='ocrx_word' id='word_1_759' title='bbox 1537 4747 1963 4819; x_wconf 77' lang='grc' dir='ltr'>είδωλολατρείας</span> 
     </span>
    </p>
   </div>
   <div class='ocr_carea' id='block_1_100' title="bbox 2049 4744 3634 4822">
    <p class='ocr_par' dir='ltr' id='par_1_100' title="bbox 2057 4750 3634 4822">
     <span class='ocr_line' id='line_1_102' title="bbox 2057 4750 3634 4822; baseline -0.001 -17"><span class='ocrx_word' id='word_1_760' title='bbox 2057 4752 2252 4822; x_wconf 80' lang='lat' dir='ltr'><strong>erigit:</strong></span> <span class='ocrx_word' id='word_1_761' title='bbox 2289 4771 2307 4804; x_wconf 83' lang='grc' dir='ltr'><strong>ι</strong></span> <span class='ocrx_word' id='word_1_762' title='bbox 2349 4750 2618 4807; x_wconf 89' lang='lat' dir='ltr'><strong>Sedebitis</strong></span> <span class='ocrx_word' id='word_1_763' title='bbox 2645 4752 2697 4806; x_wconf 91' lang='lat' dir='ltr'><strong>in</strong></span> <span class='ocrx_word' id='word_1_764' title='bbox 2731 4752 3028 4806; x_wconf 83' lang='lat' dir='ltr'><strong>munitione</strong></span> <span class='ocrx_word' id='word_1_765' title='bbox 3061 4753 3226 4807; x_wconf 86' lang='lat' dir='ltr'><strong>vincti</strong></span> <span class='ocrx_word' id='word_1_766' title='bbox 3259 4751 3634 4820; x_wconf 81' lang='lat' dir='ltr'><strong>congregatio-</strong></span> 
     </span>
    </p>
   </div>
   <div class='ocr_carea' id='block_1_101' title="bbox 370 4835 1951 4915">
    <p class='ocr_par' dir='ltr' id='par_1_101' title="bbox 370 4835 1951 4915">
     <span class='ocr_line' id='line_1_103' title="bbox 370 4835 1951 4915; baseline 0.003 -25"><span class='ocrx_word' id='word_1_767' title='bbox 370 4836 685 4915; x_wconf 76' lang='grc' dir='ltr'>ἀθύρματα,</span> <span class='ocrx_word' id='word_1_768' title='bbox 738 4837 834 4890; x_wconf 79' lang='grc' dir='ltr'>καὶ</span> <span class='ocrx_word' id='word_1_769' title='bbox 869 4839 898 4908; x_wconf 80' lang='grc' dir='ltr'>ἡ</span> <span class='ocrx_word' id='word_1_770' title='bbox 927 4837 1054 4906; x_wconf 75' lang='grc' dir='ltr'>περὶ</span> <span class='ocrx_word' id='word_1_771' title='bbox 1107 4837 1271 4891; x_wconf 82' lang='grc' dir='ltr'>αὐτοῦ</span> <span class='ocrx_word' id='word_1_772' title='bbox 1332 4837 1620 4909; x_wconf 84' lang='grc' dir='ltr'>πλάνησις.</span> <span class='ocrx_word' id='word_1_773' title='bbox 1653 4835 1788 4894; x_wconf 78' lang='grc' dir='ltr'>Εἶτα</span> <span class='ocrx_word' id='word_1_774' title='bbox 1817 4841 1951 4912; x_wconf 76' lang='grc' dir='ltr'>πρὸς</span> 
     </span>
    </p>
   </div>
   <div class='ocr_carea' id='block_1_102' title="bbox 368 4929 1954 4999">
    <p class='ocr_par' dir='ltr' id='par_1_102' title="bbox 368 4929 1954 4999">
     <span class='ocr_line' id='line_1_104' title="bbox 368 4929 1954 4999; baseline 0.002 -16"><span class='ocrx_word' id='word_1_775' title='bbox 368 4931 570 4993; x_wconf 79' lang='grc' dir='ltr'>αὐτοὺς</span> <span class='ocrx_word' id='word_1_776' title='bbox 626 4929 934 4998; x_wconf 80' lang='grc' dir='ltr'>διαλέγεται</span> <span class='ocrx_word' id='word_1_777' title='bbox 976 4930 1101 4992; x_wconf 78' lang='grc' dir='ltr'>τοὺς</span> <span class='ocrx_word' id='word_1_778' title='bbox 1165 4930 1440 4999; x_wconf 84' lang='grc' dir='ltr'>δεσμίους,</span> <span class='ocrx_word' id='word_1_779' title='bbox 1489 4933 1583 4986; x_wconf 81' lang='grc' dir='ltr'>καὶ</span> <span class='ocrx_word' id='word_1_780' title='bbox 1606 4933 1685 4996; x_wconf 84' lang='grc' dir='ltr'><strong>είς</strong></span> <span class='ocrx_word' id='word_1_781' title='bbox 1730 4933 1954 4997; x_wconf 82' lang='grc' dir='ltr'>ἐλπίδας</span> 
     </span>
    </p>
   </div>
   <div class='ocr_carea' id='block_1_103' title="bbox 368 5019 1952 5094">
    <p class='ocr_par' dir='ltr' id='par_1_103' title="bbox 368 5019 1952 5094">
     <span class='ocr_line' id='line_1_105' title="bbox 368 5019 1952 5094; baseline 0.002 -20"><span class='ocrx_word' id='word_1_782' title='bbox 368 5022 572 5085; x_wconf 79' lang='grc' dir='ltr'>αὐτοὺς</span> <span class='ocrx_word' id='word_1_783' title='bbox 605 5021 820 5090; x_wconf 72' lang='grc' dir='ltr'>ἀγαθὰς</span> <span class='ocrx_word' id='word_1_784' title='bbox 867 5019 1198 5092; x_wconf 88' lang='grc' dir='ltr'>παραθήγει,</span> <span class='ocrx_word' id='word_1_785' title='bbox 1258 5023 1458 5091; x_wconf 78' lang='grc' dir='ltr'>λέγων’</span> <span class='ocrx_word' id='word_1_786' title='bbox 1507 5043 1523 5075; x_wconf 83' lang='grc' dir='ltr'><strong>ι</strong></span> <span class='ocrx_word' id='word_1_787' title='bbox 1550 5024 1870 5094; x_wconf 87' lang='grc' dir='ltr'>Καϐήσεσθε</span> <span class='ocrx_word' id='word_1_788' title='bbox 1895 5028 1952 5080; x_wconf 87' lang='grc' dir='ltr'><strong>έν</strong></span> 
     </span>
    </p>
   </div>
   <div class='ocr_carea' id='block_1_104' title="bbox 369 5113 1951 5188">
    <p class='ocr_par' dir='ltr' id='par_1_104' title="bbox 369 5113 1951 5188">
     <span class='ocr_line' id='line_1_106' title="bbox 369 5113 1951 5188; baseline 0.003 -21"><span class='ocrx_word' id='word_1_789' title='bbox 369 5113 687 5186; x_wconf 79' lang='grc' dir='ltr'>ὀχυρώματι</span> <span class='ocrx_word' id='word_1_790' title='bbox 715 5113 924 5182; x_wconf 84' lang='grc' dir='ltr'>δέσμιοι</span> <span class='ocrx_word' id='word_1_791' title='bbox 964 5114 1064 5184; x_wconf 86' lang='grc' dir='ltr'><strong>τῆς</strong></span> <span class='ocrx_word' id='word_1_792' title='bbox 1100 5117 1443 5186; x_wconf 76' lang='grc' dir='ltr'>συναγωγῆς.</span> <span class='ocrx_word' id='word_1_793' title='bbox 1499 5135 1517 5168; x_wconf 76' lang='grc' dir='ltr'><strong>ι</strong></span> <span class='ocrx_word' id='word_1_794' title='bbox 1551 5119 1659 5170; x_wconf 78' lang='grc' dir='ltr'><strong>Καὶ</strong></span> <span class='ocrx_word' id='word_1_795' title='bbox 1688 5118 1951 5188; x_wconf 76' lang='grc' dir='ltr'>ὀχύρωμα</span> 
     </span>
    </p>
   </div>
   <div class='ocr_carea' id='block_1_105' title="bbox 374 5199 1951 5277">
    <p class='ocr_par' dir='ltr' id='par_1_105' title="bbox 374 5199 1951 5277">
     <span class='ocr_line' id='line_1_107' title="bbox 374 5199 1951 5277; baseline 0.001 -19"><span class='ocrx_word' id='word_1_796' title='bbox 374 5204 498 5275; x_wconf 78' lang='grc' dir='ltr'>μὲν,</span> <span class='ocrx_word' id='word_1_797' title='bbox 534 5204 786 5271; x_wconf 81' lang='grc' dir='ltr'>καθάπερ</span> <span class='ocrx_word' id='word_1_798' title='bbox 813 5199 1050 5274; x_wconf 78' lang='grc' dir='ltr'>ἐγῷμαι,</span> <span class='ocrx_word' id='word_1_799' title='bbox 1081 5205 1178 5275; x_wconf 77' lang='grc' dir='ltr'>τὴν</span> <span class='ocrx_word' id='word_1_800' title='bbox 1215 5207 1540 5277; x_wconf 81' lang='grc' dir='ltr'>Ἐκκλησίαν</span> <span class='ocrx_word' id='word_1_801' title='bbox 1585 5209 1851 5261; x_wconf 82' lang='grc' dir='ltr'>ἀποκαλεῖ</span> <span class='ocrx_word' id='word_1_802' title='bbox 1876 5208 1951 5271; x_wconf 83' lang='grc' dir='ltr'>ὡς</span> 
     </span>
    </p>
   </div>
   <div class='ocr_carea' id='block_1_106' title="bbox 369 5299 1944 5372">
    <p class='ocr_par' dir='ltr' id='par_1_106' title="bbox 369 5299 1944 5372">
     <span class='ocr_line' id='line_1_108' title="bbox 369 5299 1944 5372; baseline 0.002 -21"><span class='ocrx_word' id='word_1_803' title='bbox 369 5299 781 5369; x_wconf 79' lang='grc' dir='ltr'>τετειχισμένην</span> <span class='ocrx_word' id='word_1_804' title='bbox 809 5299 865 5350; x_wconf 83' lang='grc' dir='ltr'>ἐν</span> <span class='ocrx_word' id='word_1_805' title='bbox 920 5299 1163 5369; x_wconf 80' lang='grc' dir='ltr'>Χριστῷ,</span> <span class='ocrx_word' id='word_1_806' title='bbox 1217 5301 1310 5354; x_wconf 76' lang='grc' dir='ltr'>καὶ</span> <span class='ocrx_word' id='word_1_807' title='bbox 1345 5301 1655 5371; x_wconf 86' lang='grc' dir='ltr'>ἁκλονήτως</span> <span class='ocrx_word' id='word_1_808' title='bbox 1695 5303 1944 5372; x_wconf 75' lang='grc' dir='ltr'>ἔχουσαν.</span> 
     </span>
    </p>
   </div>
   <div class='ocr_carea' id='block_1_107' title="bbox 373 5386 1948 5462">
    <p class='ocr_par' dir='ltr' id='par_1_107' title="bbox 373 5386 1948 5462">
     <span class='ocr_line' id='line_1_109' title="bbox 373 5386 1948 5462; baseline 0.001 -20"><span class='ocrx_word' id='word_1_809' title='bbox 373 5388 618 5459; x_wconf 76' lang='grc' dir='ltr'>Κάθησιν</span> <span class='ocrx_word' id='word_1_810' title='bbox 652 5389 710 5442; x_wconf 84' lang='grc' dir='ltr'><strong>δέ</strong></span> <span class='ocrx_word' id='word_1_811' title='bbox 759 5407 894 5460; x_wconf 78' lang='grc' dir='ltr'>φησι</span> <span class='ocrx_word' id='word_1_812' title='bbox 937 5390 998 5443; x_wconf 88' lang='grc' dir='ltr'>τὸ</span> <span class='ocrx_word' id='word_1_813' title='bbox 1031 5386 1142 5444; x_wconf 76' lang='grc' dir='ltr'>οἷον</span> <span class='ocrx_word' id='word_1_814' title='bbox 1203 5391 1483 5462; x_wconf 78' lang='grc' dir='ltr'>ἱδρυμένον</span> <span class='ocrx_word' id='word_1_815' title='bbox 1517 5393 1574 5444; x_wconf 81' lang='grc' dir='ltr'><strong>ἐν</strong></span> <span class='ocrx_word' id='word_1_816' title='bbox 1612 5393 1812 5446; x_wconf 84' lang='grc' dir='ltr'>πίστει.</span> <span class='ocrx_word' id='word_1_817' title='bbox 1847 5392 1948 5444; x_wconf 67' lang='lat' dir='ltr'><strong>re.</strong></span> 
     </span>
    </p>
   </div>
   <div class='ocr_carea' id='block_1_108' title="bbox 373 5479 1947 5554">
    <p class='ocr_par' dir='ltr' id='par_1_108' title="bbox 373 5479 1947 5554">
     <span class='ocr_line' id='line_1_110' title="bbox 373 5479 1947 5554; baseline 0.001 -22"><span class='ocrx_word' id='word_1_818' title='bbox 373 5496 614 5549; x_wconf 85' lang='grc' dir='ltr'>γραπται</span> <span class='ocrx_word' id='word_1_819' title='bbox 641 5479 748 5550; x_wconf 73' lang='grc' dir='ltr'>γὰρ</span> <span class='ocrx_word' id='word_1_820' title='bbox 781 5482 906 5551; x_wconf 68' lang='grc' dir='ltr'>περὶ</span> <span class='ocrx_word' id='word_1_821' title='bbox 935 5480 1089 5534; x_wconf 80' lang='grc' dir='ltr'><strong>Θεοῦ’</strong></span> <span class='ocrx_word' id='word_1_822' title='bbox 1129 5502 1145 5532; x_wconf 83' lang='grc' dir='ltr'><strong>ι</strong></span> <span class='ocrx_word' id='word_1_823' title='bbox 1174 5483 1296 5534; x_wconf 88' lang='grc' dir='ltr'><strong>Ὅτι</strong></span> <span class='ocrx_word' id='word_1_824' title='bbox 1319 5484 1382 5536; x_wconf 76' lang='grc' dir='ltr'>σὺ</span> <span class='ocrx_word' id='word_1_825' title='bbox 1423 5483 1727 5554; x_wconf 69' lang='grc' dir='ltr'>καθήμενος</span> <span class='ocrx_word' id='word_1_826' title='bbox 1753 5485 1832 5544; x_wconf 80' lang='grc' dir='ltr'><strong>εἰς</strong></span> <span class='ocrx_word' id='word_1_827' title='bbox 1859 5483 1947 5535; x_wconf 80' lang='grc' dir='ltr'>τὸν</span> 
     </span>
    </p>
   </div>
   <div class='ocr_carea' id='block_1_109' title="bbox 855 5683 882 5700">
    <p class='ocr_par' dir='ltr' id='par_1_109' title="bbox 855 5683 882 5700">
     <span class='ocr_line' id='line_1_111' title="bbox 855 5683 882 5700; baseline 0 -3"><span class='ocrx_word' id='word_1_828' title='bbox 855 5683 882 5700; x_wconf 74' lang='grc' dir='ltr'><strong>Ιιν</strong></span> 
     </span>
    </p>
   </div>
   <div class='ocr_carea' id='block_1_110' title="bbox 445 5679 910 5749">
    <p class='ocr_par' dir='ltr' id='par_1_110' title="bbox 445 5679 910 5749">
     <span class='ocr_line' id='line_1_112' title="bbox 445 5679 910 5749; baseline 0.004 -15"><span class='ocrx_word' id='word_1_829' title='bbox 445 5683 458 5710; x_wconf 78' lang='grc'>¹</span> <span class='ocrx_word' id='word_1_830' title='bbox 488 5679 716 5747; x_wconf 76' lang='lat' dir='ltr'><strong>Philipp.</strong></span> <span class='ocrx_word' id='word_1_831' title='bbox 754 5697 811 5749; x_wconf 82' lang='lat' dir='ltr'><strong>ll,</strong></span> <span class='ocrx_word' id='word_1_832' title='bbox 855 5683 910 5736; x_wconf 82' lang='grc'><strong>’7.</strong></span> 
     </span>
    </p>
   </div>
   <div class='ocr_carea' id='block_1_111' title="bbox 404 5755 710 5817">
    <p class='ocr_par' dir='ltr' id='par_1_111' title="bbox 404 5755 710 5817">
     <span class='ocr_line' id='line_1_113' title="bbox 404 5755 710 5817; baseline -0.007 -11"><span class='ocrx_word' id='word_1_833' title='bbox 404 5767 596 5817; x_wconf 73' lang='lat' dir='ltr'><strong>xxvut,</strong></span> <span class='ocrx_word' id='word_1_834' title='bbox 631 5755 710 5804; x_wconf 88' lang='lat' dir='ltr'><strong>lU.</strong></span> 
     </span>
    </p>
   </div>
   <div class='ocr_carea' id='block_1_112' title="bbox 995 5682 1480 5748">
    <p class='ocr_par' dir='ltr' id='par_1_112' title="bbox 995 5682 1480 5748">
     <span class='ocr_line' id='line_1_114' title="bbox 995 5682 1480 5748; baseline 0.004 -14"><span class='ocrx_word' id='word_1_835' title='bbox 995 5686 1012 5714; x_wconf 79' lang='grc'>¹</span> <span class='ocrx_word' id='word_1_836' title='bbox 1071 5682 1229 5737; x_wconf 68' lang='lat' dir='ltr'><strong>Hebr.</strong></span> <span class='ocrx_word' id='word_1_837' title='bbox 1273 5699 1365 5748; x_wconf 69' lang='lat' dir='ltr'><strong>xu,</strong></span> <span class='ocrx_word' id='word_1_838' title='bbox 1428 5683 1480 5736; x_wconf 74' lang='lat'><strong>2.</strong></span> 
     </span>
    </p>
   </div>
   <div class='ocr_carea' id='block_1_113' title="bbox 1601 5683 2115 5748">
    <p class='ocr_par' dir='ltr' id='par_1_113' title="bbox 1601 5683 2115 5748">
     <span class='ocr_line' id='line_1_115' title="bbox 1601 5683 2115 5748; baseline 0.002 -11"><span class='ocrx_word' id='word_1_839' title='bbox 1601 5685 1616 5712; x_wconf 70' lang='grc'><strong>³</strong></span> <span class='ocrx_word' id='word_1_840' title='bbox 1646 5683 1814 5738; x_wconf 61' lang='lat' dir='ltr'><strong>Exul.</strong></span> <span class='ocrx_word' id='word_1_841' title='bbox 1857 5699 2001 5748; x_wconf 69' lang='lat' dir='ltr'><strong>xw&#39;,</strong></span> <span class='ocrx_word' id='word_1_842' title='bbox 2065 5686 2115 5742; x_wconf 78' lang='grc'><strong>8.</strong></span> 
     </span>
    </p>
   </div>
   <div class='ocr_carea' id='block_1_114' title="bbox 2057 4838 3634 4908">
    <p class='ocr_par' dir='ltr' id='par_1_114' title="bbox 2057 4838 3634 4908">
     <span class='ocr_line' id='line_1_116' title="bbox 2057 4838 3634 4908; baseline -0.003 -12"><span class='ocrx_word' id='word_1_843' title='bbox 2057 4843 2161 4896; x_wconf 86' lang='lat' dir='ltr'><strong>nis.</strong></span> <span class='ocrx_word' id='word_1_844' title='bbox 2197 4862 2215 4894; x_wconf 75' lang='grc' dir='ltr'><strong>ι</strong></span> <span class='ocrx_word' id='word_1_845' title='bbox 2251 4841 2696 4906; x_wconf 80' lang='lat' dir='ltr'><strong>Munitionem,ut</strong></span> <span class='ocrx_word' id='word_1_846' title='bbox 2729 4841 2859 4894; x_wconf 89' lang='lat' dir='ltr'><strong>mihi</strong></span> <span class='ocrx_word' id='word_1_847' title='bbox 2883 4841 3091 4895; x_wconf 84' lang='lat' dir='ltr'><strong>videtur</strong></span> <span class='ocrx_word' id='word_1_848' title='bbox 3122 4841 3417 4896; x_wconf 75' lang='lat' dir='ltr'><strong>Ecclesium</strong></span> <span class='ocrx_word' id='word_1_849' title='bbox 3450 4838 3634 4908; x_wconf 80' lang='lat' dir='ltr'><strong>appel-</strong></span> 
     </span>
    </p>
   </div>
   <div class='ocr_carea' id='block_1_115' title="bbox 2051 4928 3634 4997">
    <p class='ocr_par' dir='ltr' id='par_1_115' title="bbox 2051 4928 3634 4997">
     <span class='ocr_line' id='line_1_117' title="bbox 2051 4928 3634 4997; baseline -0.002 -11"><span class='ocrx_word' id='word_1_850' title='bbox 2051 4933 2147 4997; x_wconf 82' lang='lat' dir='ltr'><strong>lat,</strong></span> <span class='ocrx_word' id='word_1_851' title='bbox 2171 4942 2230 4986; x_wconf 90' lang='lat' dir='ltr'><strong>ut</strong></span> <span class='ocrx_word' id='word_1_852' title='bbox 2259 4933 2518 4986; x_wconf 88' lang='lat' dir='ltr'><strong>munitam</strong></span> <span class='ocrx_word' id='word_1_853' title='bbox 2547 4931 2598 4984; x_wconf 91' lang='lat' dir='ltr'><strong>in</strong></span> <span class='ocrx_word' id='word_1_854' title='bbox 2633 4930 2870 4996; x_wconf 84' lang='lat' dir='ltr'><strong>Christo,</strong></span> <span class='ocrx_word' id='word_1_855' title='bbox 2910 4940 2964 4984; x_wconf 89' lang='lat' dir='ltr'><strong>et</strong></span> <span class='ocrx_word' id='word_1_856' title='bbox 2994 4933 3392 4985; x_wconf 84' lang='lat' dir='ltr'><strong>inconcussam.</strong></span> <span class='ocrx_word' id='word_1_857' title='bbox 3422 4928 3634 4984; x_wconf 73' lang='lat' dir='ltr'><strong>Sessia-</strong></span> 
     </span>
    </p>
   </div>
   <div class='ocr_carea' id='block_1_116' title="bbox 2051 5020 3632 5092">
    <p class='ocr_par' dir='ltr' id='par_1_116' title="bbox 2051 5020 3632 5092">
     <span class='ocr_line' id='line_1_118' title="bbox 2051 5020 3632 5092; baseline -0.003 -14"><span class='ocrx_word' id='word_1_858' title='bbox 2051 5040 2173 5078; x_wconf 90' lang='lat' dir='ltr'><strong>nem</strong></span> <span class='ocrx_word' id='word_1_859' title='bbox 2205 5025 2334 5078; x_wconf 91' lang='lat' dir='ltr'><strong>dicit</strong></span> <span class='ocrx_word' id='word_1_860' title='bbox 2364 5025 2414 5078; x_wconf 91' lang='lat' dir='ltr'><strong>in</strong></span> <span class='ocrx_word' id='word_1_861' title='bbox 2446 5024 2550 5078; x_wconf 77' lang='lat' dir='ltr'><strong>[ide</strong></span> <span class='ocrx_word' id='word_1_862' title='bbox 2605 5025 2893 5092; x_wconf 88' lang='lat' dir='ltr'><strong>quamdam</strong></span> <span class='ocrx_word' id='word_1_863' title='bbox 2937 5023 3310 5077; x_wconf 87' lang='lat' dir='ltr'><strong>stabilitatem.</strong></span> <span class='ocrx_word' id='word_1_864' title='bbox 3361 5020 3632 5090; x_wconf 84' lang='lat' dir='ltr'><strong>Scriptum</strong></span> 
     </span>
    </p>
   </div>
   <div class='ocr_carea' id='block_1_117' title="bbox 2051 5113 3625 5182">
    <p class='ocr_par' dir='ltr' id='par_1_117' title="bbox 2051 5113 3625 5182">
     <span class='ocr_line' id='line_1_119' title="bbox 2051 5113 3625 5182; baseline -0.003 -12"><span class='ocrx_word' id='word_1_865' title='bbox 2051 5124 2133 5170; x_wconf 88' lang='lat' dir='ltr'><strong>est</strong></span> <span class='ocrx_word' id='word_1_866' title='bbox 2161 5115 2303 5169; x_wconf 89' lang='lat' dir='ltr'><strong>enim</strong></span> <span class='ocrx_word' id='word_1_867' title='bbox 2329 5115 2394 5169; x_wconf 85' lang='lat' dir='ltr'><strong>de</strong></span> <span class='ocrx_word' id='word_1_868' title='bbox 2427 5115 2535 5169; x_wconf 89' lang='lat' dir='ltr'><strong>Deo</strong></span> <span class='ocrx_word' id='word_1_869' title='bbox 2565 5133 2577 5170; x_wconf 91' lang='lat'><strong>:</strong></span> <span class='ocrx_word' id='word_1_870' title='bbox 2604 5134 2620 5166; x_wconf 88' lang='grc' dir='ltr'><strong>ι</strong></span> <span class='ocrx_word' id='word_1_871' title='bbox 2662 5115 2928 5182; x_wconf 83' lang='lat' dir='ltr'><strong>Quoniam</strong></span> <span class='ocrx_word' id='word_1_872' title='bbox 2949 5123 3001 5168; x_wconf 90' lang='lat' dir='ltr'><strong>tu</strong></span> <span class='ocrx_word' id='word_1_873' title='bbox 3029 5113 3221 5170; x_wconf 85' lang='lat' dir='ltr'><strong>sedens</strong></span> <span class='ocrx_word' id='word_1_874' title='bbox 3255 5115 3308 5166; x_wconf 89' lang='lat' dir='ltr'><strong>in</strong></span> <span class='ocrx_word' id='word_1_875' title='bbox 3336 5115 3526 5168; x_wconf 66' lang='lat' dir='ltr'><strong>smcula</strong></span> <span class='ocrx_word' id='word_1_876' title='bbox 3553 5115 3625 5178; x_wconf 75' lang='grc'><strong>³,»</strong></span> 
     </span>
    </p>
   </div>
   <div class='ocr_carea' id='block_1_118' title="bbox 2057 5206 3630 5262">
    <p class='ocr_par' dir='ltr' id='par_1_118' title="bbox 2057 5206 3630 5262">
     <span class='ocr_line' id='line_1_120' title="bbox 2057 5206 3630 5262; baseline -0.002 -1"><span class='ocrx_word' id='word_1_877' title='bbox 2057 5208 2161 5261; x_wconf 87' lang='lat' dir='ltr'><strong>hoc</strong></span> <span class='ocrx_word' id='word_1_878' title='bbox 2191 5216 2275 5260; x_wconf 84' lang='lat' dir='ltr'><strong>est</strong></span> <span class='ocrx_word' id='word_1_879' title='bbox 2303 5207 2550 5262; x_wconf 86' lang='lat' dir='ltr'><strong>stabilem</strong></span> <span class='ocrx_word' id='word_1_880' title='bbox 2579 5215 2633 5261; x_wconf 77' lang='lat' dir='ltr'><strong>et</strong></span> <span class='ocrx_word' id='word_1_881' title='bbox 2681 5208 3057 5260; x_wconf 87' lang='lat' dir='ltr'><strong>inconcussam</strong></span> <span class='ocrx_word' id='word_1_882' title='bbox 3117 5213 3368 5258; x_wconf 88' lang='lat' dir='ltr'><strong>naturam</strong></span> <span class='ocrx_word' id='word_1_883' title='bbox 3409 5206 3630 5260; x_wconf 84' lang='lat' dir='ltr'><strong>habens.</strong></span> 
     </span>
    </p>
   </div>
   <div class='ocr_carea' id='block_1_119' title="bbox 2059 5295 3632 5367">
    <p class='ocr_par' dir='ltr' id='par_1_119' title="bbox 2059 5295 3632 5367">
     <span class='ocr_line' id='line_1_121' title="bbox 2059 5295 3632 5367; baseline 0 -17"><span class='ocrx_word' id='word_1_884' title='bbox 2059 5298 2224 5353; x_wconf 87' lang='lat' dir='ltr'><strong>Eritis</strong></span> <span class='ocrx_word' id='word_1_885' title='bbox 2260 5299 2422 5367; x_wconf 80' lang='lat' dir='ltr'><strong>igitur</strong></span> <span class='ocrx_word' id='word_1_886' title='bbox 2459 5298 2656 5364; x_wconf 87' lang='lat' dir='ltr'><strong>securi,</strong></span> <span class='ocrx_word' id='word_1_887' title='bbox 2691 5297 2881 5364; x_wconf 88' lang='lat' dir='ltr'><strong>inquit,</strong></span> <span class='ocrx_word' id='word_1_888' title='bbox 2908 5295 3217 5349; x_wconf 73' lang='lat' dir='ltr'><strong>firmitatem</strong></span> <span class='ocrx_word' id='word_1_889' title='bbox 3255 5297 3376 5352; x_wconf 85' lang='lat' dir='ltr'><strong>ﬁdei</strong></span> <span class='ocrx_word' id='word_1_890' title='bbox 3429 5298 3632 5352; x_wconf 82' lang='lat' dir='ltr'><strong>haben-</strong></span> 
     </span>
    </p>
   </div>
   <div class='ocr_carea' id='block_1_120' title="bbox 2062 5385 3631 5456">
    <p class='ocr_par' dir='ltr' id='par_1_120' title="bbox 2062 5385 3631 5456">
     <span class='ocr_line' id='line_1_122' title="bbox 2062 5385 3631 5456; baseline -0.002 -12"><span class='ocrx_word' id='word_1_891' title='bbox 2062 5400 2162 5453; x_wconf 89' lang='lat' dir='ltr'><strong>tes,</strong></span> <span class='ocrx_word' id='word_1_892' title='bbox 2182 5403 2213 5442; x_wconf 93' lang='grc' dir='ltr'><strong>ο</strong></span> <span class='ocrx_word' id='word_1_893' title='bbox 2238 5389 2400 5442; x_wconf 88' lang='lat' dir='ltr'><strong>vincti</strong></span> <span class='ocrx_word' id='word_1_894' title='bbox 2431 5385 2864 5456; x_wconf 79' lang='lat' dir='ltr'><strong>congregatiOnis</strong></span> <span class='ocrx_word' id='word_1_895' title='bbox 2897 5399 3049 5451; x_wconf 63' lang='lat' dir='ltr'><strong>mete,</strong></span> <span class='ocrx_word' id='word_1_896' title='bbox 3083 5401 3201 5454; x_wconf 83' lang='lat' dir='ltr'><strong>quae</strong></span> <span class='ocrx_word' id='word_1_897' title='bbox 3226 5388 3385 5442; x_wconf 88' lang='lat' dir='ltr'><strong>estin</strong></span> <span class='ocrx_word' id='word_1_898' title='bbox 3419 5390 3631 5445; x_wconf 89' lang='lat' dir='ltr'><strong>Christo</strong></span> 
     </span>
    </p>
   </div>
   <div class='ocr_carea' id='block_1_121' title="bbox 2052 5476 3632 5550">
    <p class='ocr_par' dir='ltr' id='par_1_121' title="bbox 2052 5476 3632 5550">
     <span class='ocr_line' id='line_1_123' title="bbox 2052 5476 3632 5550; baseline -0.003 -16"><span class='ocrx_word' id='word_1_899' title='bbox 2052 5481 2468 5550; x_wconf 78' lang='lat' dir='ltr'><strong>justiﬁcalorum</strong></span> <span class='ocrx_word' id='word_1_900' title='bbox 2499 5487 2686 5532; x_wconf 81' lang='lat' dir='ltr'><strong>sancta</strong></span> <span class='ocrx_word' id='word_1_901' title='bbox 2724 5476 3027 5532; x_wconf 77' lang='lat' dir='ltr'><strong>multitudo.</strong></span> <span class='ocrx_word' id='word_1_902' title='bbox 3065 5479 3178 5533; x_wconf 78' lang='lat' dir='ltr'><strong>Non</strong></span> <span class='ocrx_word' id='word_1_903' title='bbox 3208 5489 3382 5536; x_wconf 88' lang='lat' dir='ltr'><strong>autem</strong></span> <span class='ocrx_word' id='word_1_904' title='bbox 3435 5481 3632 5535; x_wconf 81' lang='lat' dir='ltr'><strong>caritu-</strong></span> 
     </span>
    </p>
   </div>
   <div class='ocr_carea' id='block_1_122' title="bbox 3442 5671 3630 5729">
    <p class='ocr_par' dir='ltr' id='par_1_122' title="bbox 3442 5671 3630 5729">
     <span class='ocr_line' id='line_1_124' title="bbox 3442 5671 3630 5729; baseline 0.011 -5"><span class='ocrx_word' id='word_1_905' title='bbox 3442 5680 3459 5705; x_wconf 66' lang='grc' dir='ltr'>ε</span> <span class='ocrx_word' id='word_1_906' title='bbox 3485 5671 3630 5729; x_wconf 50' lang='lat' dir='ltr'><strong>Paul.</strong></span> 
     </span>
    </p>
   </div>
   <div class='ocr_carea' id='block_1_123' title="bbox 2241 5680 3320 5745">
    <p class='ocr_par' dir='ltr' id='par_1_123' title="bbox 2241 5680 3320 5745">
     <span class='ocr_line' id='line_1_125' title="bbox 2241 5680 3320 5745; baseline -0.006 -8"><span class='ocrx_word' id='word_1_907' title='bbox 2241 5684 2308 5735; x_wconf 60' lang='lat'><strong>‘1</strong></span> <span class='ocrx_word' id='word_1_908' title='bbox 2371 5683 2511 5736; x_wconf 63' lang='grc' dir='ltr'>ἰδεῖν.</span> <span class='ocrx_word' id='word_1_909' title='bbox 2573 5699 2606 5745; x_wconf 90' lang='lat' dir='ltr'><strong>l,</strong></span> <span class='ocrx_word' id='word_1_910' title='bbox 2661 5682 2737 5737; x_wconf 75' lang='lat'><strong>1&#39;3.</strong></span> <span class='ocrx_word' id='word_1_911' title='bbox 2855 5684 3105 5738; x_wconf 70' lang='lat' dir='ltr'><strong>‘Jcrcm.</strong></span> <span class='ocrx_word' id='word_1_912' title='bbox 3145 5699 3198 5732; x_wconf 84' lang='grc' dir='ltr'>ι’.</span> <span class='ocrx_word' id='word_1_913' title='bbox 3241 5680 3320 5731; x_wconf 76' lang='grc'><strong>15.</strong></span> 
     </span>
    </p>
   </div>
  </div>
