  <div class='ocr_page' id='page_1' title='image "/cluster/home/n/w/nwhite01/storage/ocr_20150623/72/mdp.39015019355984/091.png"; bbox 0 0 4080 6284; ppageno 0'>
   <div class='ocr_carea' id='block_1_1' title="bbox 504 355 603 414">
    <p class='ocr_par' dir='ltr' id='par_1_1' title="bbox 504 355 603 414">
     <span class='ocr_line' id='line_1_1' title="bbox 504 355 603 414; baseline -0.02 0"><span class='ocrx_word' id='word_1_1' title='bbox 504 355 603 414; x_wconf 62' lang='lat' dir='ltr'><strong>NI</strong></span> 
     </span>
    </p>
   </div>
   <div class='ocr_carea' id='block_1_2' title="bbox 1492 368 2725 433">
    <p class='ocr_par' dir='ltr' id='par_1_2' title="bbox 1492 368 2725 433">
     <span class='ocr_line' id='line_1_2' title="bbox 1492 368 2725 433; baseline 0.006 -8"><span class='ocrx_word' id='word_1_2' title='bbox 1492 368 1551 425; x_wconf 75' lang='lat'><strong>5.</strong></span> <span class='ocrx_word' id='word_1_3' title='bbox 1589 368 1867 427; x_wconf 74' lang='lat' dir='ltr'><strong>CYRILLI</strong></span> <span class='ocrx_word' id='word_1_4' title='bbox 1906 371 2376 429; x_wconf 77' lang='lat' dir='ltr'><strong>ALEXANDRINI</strong></span> <span class='ocrx_word' id='word_1_5' title='bbox 2414 372 2725 433; x_wconf 72' lang='lat' dir='ltr'><strong>ABCIIIEP.</strong></span> 
     </span>
    </p>
   </div>
   <div class='ocr_carea' id='block_1_3' title="bbox 506 457 2090 563">
    <p class='ocr_par' dir='ltr' id='par_1_3' title="bbox 506 457 2075 563">
     <span class='ocr_line' id='line_1_3' title="bbox 506 457 2075 563; baseline 0.013 -38"><span class='ocrx_word' id='word_1_6' title='bbox 506 486 622 563; x_wconf 77' lang='lat' dir='ltr'><strong>ram</strong></span> <span class='ocrx_word' id='word_1_7' title='bbox 650 476 896 531; x_wconf 79' lang='lat' dir='ltr'><strong>mercede</strong></span> <span class='ocrx_word' id='word_1_8' title='bbox 935 490 1121 533; x_wconf 85' lang='lat' dir='ltr'><strong>eorum</strong></span> <span class='ocrx_word' id='word_1_9' title='bbox 1165 480 1216 534; x_wconf 83' lang='lat' dir='ltr'><strong>in</strong></span> <span class='ocrx_word' id='word_1_10' title='bbox 1259 483 1510 541; x_wconf 87' lang='lat' dir='ltr'><strong>omnibus</strong></span> <span class='ocrx_word' id='word_1_11' title='bbox 1551 487 1710 543; x_wconf 85' lang='lat' dir='ltr'><strong>rebus</strong></span> <span class='ocrx_word' id='word_1_12' title='bbox 1735 457 1919 545; x_wconf 77' lang='lat' dir='ltr'><strong>arduis</strong></span> <span class='ocrx_word' id='word_1_13' title='bbox 1981 506 2075 560; x_wconf 86' lang='lat' dir='ltr'><strong>pa-</strong></span> 
     </span>
    </p>
   </div>
   <div class='ocr_carea' id='block_1_4' title="bbox 2192 457 3772 563">
    <p class='ocr_par' dir='ltr' id='par_1_4' title="bbox 2192 486 3772 563">
     <span class='ocr_line' id='line_1_4' title="bbox 2192 486 3772 563; baseline -0.003 -18"><span class='ocrx_word' id='word_1_14' title='bbox 2192 488 2373 559; x_wconf 73' lang='grc' dir='ltr'>ιὶῶνα,</span> <span class='ocrx_word' id='word_1_15' title='bbox 2397 509 2416 544; x_wconf 77' lang='grc' dir='ltr'><strong>ι</strong></span> <span class='ocrx_word' id='word_1_16' title='bbox 2437 493 2719 547; x_wconf 79' lang='grc' dir='ltr'>τουτέστιν</span> <span class='ocrx_word' id='word_1_17' title='bbox 2770 489 3065 563; x_wconf 76' lang='grc' dir='ltr'><strong>ἱδρυμένην</strong></span> <span class='ocrx_word' id='word_1_18' title='bbox 3097 486 3235 559; x_wconf 73' lang='grc' dir='ltr'>ῑχων</span> <span class='ocrx_word' id='word_1_19' title='bbox 3258 488 3350 542; x_wconf 83' lang='grc' dir='ltr'>καὶ</span> <span class='ocrx_word' id='word_1_20' title='bbox 3371 487 3772 542; x_wconf 74' lang='grc' dir='ltr'>ἀκατάσιιστον</span> 
     </span>
    </p>
   </div>
   <div class='ocr_carea' id='block_1_5' title="bbox 504 556 2080 652">
    <p class='ocr_par' dir='ltr' id='par_1_5' title="bbox 504 556 2080 652">
     <span class='ocr_line' id='line_1_5' title="bbox 504 556 2080 652; baseline 0.013 -37"><span class='ocrx_word' id='word_1_21' title='bbox 504 556 749 619; x_wconf 77' lang='lat' dir='ltr'><strong>tiet&#39;ttiatn</strong></span> <span class='ocrx_word' id='word_1_22' title='bbox 783 563 858 621; x_wconf 82' lang='lat' dir='ltr'><strong>&#39;et</strong></span> <span class='ocrx_word' id='word_1_23' title='bbox 888 570 1239 626; x_wconf 76' lang='lat' dir='ltr'><strong>stabilitatem</strong></span> <span class='ocrx_word' id='word_1_24' title='bbox 1272 573 1326 628; x_wconf 92' lang='lat' dir='ltr'><strong>in</strong></span> <span class='ocrx_word' id='word_1_25' title='bbox 1366 575 1657 634; x_wconf 82' lang='lat' dir='ltr'><strong>dilectione</strong></span> <span class='ocrx_word' id='word_1_26' title='bbox 1698 580 1822 649; x_wconf 89' lang='lat' dir='ltr'><strong>Dei,</strong></span> <span class='ocrx_word' id='word_1_27' title='bbox 1876 556 2080 652; x_wconf 71' lang='lat' dir='ltr'><strong>signiti-</strong></span> 
     </span>
    </p>
   </div>
   <div class='ocr_carea' id='block_1_6' title="bbox 502 657 2083 741">
    <p class='ocr_par' dir='ltr' id='par_1_6' title="bbox 502 657 2083 741">
     <span class='ocr_line' id='line_1_6' title="bbox 502 657 2083 741; baseline 0.013 -34"><span class='ocrx_word' id='word_1_28' title='bbox 502 666 611 721; x_wconf 87' lang='lat' dir='ltr'><strong>cat,</strong></span> <span class='ocrx_word' id='word_1_29' title='bbox 648 671 771 711; x_wconf 89' lang='lat' dir='ltr'><strong>cum</strong></span> <span class='ocrx_word' id='word_1_30' title='bbox 805 657 1083 731; x_wconf 75' lang='lat' dir='ltr'><strong>adiungit:</strong></span> <span class='ocrx_word' id='word_1_31' title='bbox 1119 680 1140 715; x_wconf 84' lang='lat' dir='ltr'><strong>t</strong></span> <span class='ocrx_word' id='word_1_32' title='bbox 1162 662 1229 717; x_wconf 85' lang='lat' dir='ltr'><strong>Et</strong></span> <span class='ocrx_word' id='word_1_33' title='bbox 1255 678 1350 733; x_wconf 92' lang='lat' dir='ltr'><strong>pro</strong></span> <span class='ocrx_word' id='word_1_34' title='bbox 1380 684 1487 722; x_wconf 83' lang='lat' dir='ltr'><strong>una</strong></span> <span class='ocrx_word' id='word_1_35' title='bbox 1514 671 1599 725; x_wconf 91' lang='lat' dir='ltr'><strong>die</strong></span> <span class='ocrx_word' id='word_1_36' title='bbox 1636 675 2083 741; x_wconf 81' lang='lat' dir='ltr'><strong>peregrinationis</strong></span> 
     </span>
    </p>
   </div>
   <div class='ocr_carea' id='block_1_7' title="bbox 501 749 2082 831">
    <p class='ocr_par' dir='ltr' id='par_1_7' title="bbox 501 749 2082 831">
     <span class='ocr_line' id='line_1_7' title="bbox 501 749 2082 831; baseline 0.013 -31"><span class='ocrx_word' id='word_1_37' title='bbox 501 755 607 801; x_wconf 75' lang='lat' dir='ltr'><strong>tua:</strong></span> <span class='ocrx_word' id='word_1_38' title='bbox 639 749 873 818; x_wconf 82' lang='lat' dir='ltr'><strong>duplicia</strong></span> <span class='ocrx_word' id='word_1_39' title='bbox 902 752 1120 808; x_wconf 86' lang='lat' dir='ltr'><strong>reddam</strong></span> <span class='ocrx_word' id='word_1_40' title='bbox 1173 755 1289 811; x_wconf 90' lang='lat' dir='ltr'><strong>tibi.</strong></span> <span class='ocrx_word' id='word_1_41' title='bbox 1327 776 1345 809; x_wconf 73' lang='grc' dir='ltr'><strong>ι</strong></span> <span class='ocrx_word' id='word_1_42' title='bbox 1380 759 1531 825; x_wconf 87' lang='lat' dir='ltr'><strong>Quod</strong></span> <span class='ocrx_word' id='word_1_43' title='bbox 1574 763 1755 819; x_wconf 86' lang='lat' dir='ltr'><strong>dicere</strong></span> <span class='ocrx_word' id='word_1_44' title='bbox 1804 766 1939 831; x_wconf 85' lang='lat' dir='ltr'><strong>vult,</strong></span> <span class='ocrx_word' id='word_1_45' title='bbox 1977 766 2082 821; x_wconf 89' lang='lat' dir='ltr'><strong>tale</strong></span> 
     </span>
    </p>
   </div>
   <div class='ocr_carea' id='block_1_8' title="bbox 414 836 2079 921">
    <p class='ocr_par' dir='ltr' id='par_1_8' title="bbox 414 836 2079 921">
     <span class='ocr_line' id='line_1_8' title="bbox 414 836 2079 921; baseline 0.013 -34"><span class='ocrx_word' id='word_1_46' title='bbox 414 900 420 904; x_wconf 95' lang='lat'><em>_</em></span> <span class='ocrx_word' id='word_1_47' title='bbox 500 845 601 889; x_wconf 82' lang='lat' dir='ltr'><strong>est.</strong></span> <span class='ocrx_word' id='word_1_48' title='bbox 631 836 907 909; x_wconf 88' lang='lat' dir='ltr'><strong>Peregrini</strong></span> <span class='ocrx_word' id='word_1_49' title='bbox 939 844 1105 911; x_wconf 88' lang='lat' dir='ltr'><strong>enim,</strong></span> <span class='ocrx_word' id='word_1_50' title='bbox 1144 853 1203 900; x_wconf 86' lang='lat' dir='ltr'><strong>et</strong></span> <span class='ocrx_word' id='word_1_51' title='bbox 1224 846 1444 902; x_wconf 74' lang='lat' dir='ltr'><strong>advena:</strong></span> <span class='ocrx_word' id='word_1_52' title='bbox 1476 860 1605 906; x_wconf 88' lang='lat' dir='ltr'><strong>sunt</strong></span> <span class='ocrx_word' id='word_1_53' title='bbox 1637 868 1830 910; x_wconf 90' lang='lat' dir='ltr'><strong>omnes</strong></span> <span class='ocrx_word' id='word_1_54' title='bbox 1861 856 2033 910; x_wconf 82' lang='lat' dir='ltr'><strong>sancti</strong></span> <span class='ocrx_word' id='word_1_55' title='bbox 2063 895 2079 921; x_wconf 91' lang='lat'><strong>,</strong></span> 
     </span>
    </p>
   </div>
   <div class='ocr_carea' id='block_1_9' title="bbox 504 926 2083 1014">
    <p class='ocr_par' dir='ltr' id='par_1_9' title="bbox 504 926 2083 1014">
     <span class='ocr_line' id='line_1_9' title="bbox 504 926 2083 1014; baseline 0.011 -33"><span class='ocrx_word' id='word_1_56' title='bbox 504 938 558 981; x_wconf 90' lang='lat' dir='ltr'><strong>et</strong></span> <span class='ocrx_word' id='word_1_57' title='bbox 587 926 768 986; x_wconf 83' lang='lat' dir='ltr'><strong>brevis</strong></span> <span class='ocrx_word' id='word_1_58' title='bbox 798 943 882 987; x_wconf 90' lang='lat' dir='ltr'><strong>est</strong></span> <span class='ocrx_word' id='word_1_59' title='bbox 907 934 1062 990; x_wconf 89' lang='lat' dir='ltr'><strong>valde</strong></span> <span class='ocrx_word' id='word_1_60' title='bbox 1089 938 1351 1008; x_wconf 78' lang='lat' dir='ltr'><strong>cujusque</strong></span> <span class='ocrx_word' id='word_1_61' title='bbox 1379 940 1617 997; x_wconf 76' lang='lat' dir='ltr'><strong>heminis</strong></span> <span class='ocrx_word' id='word_1_62' title='bbox 1661 942 1769 997; x_wconf 89' lang='lat' dir='ltr'><strong>vita</strong></span> <span class='ocrx_word' id='word_1_63' title='bbox 1805 944 1857 998; x_wconf 92' lang='lat' dir='ltr'><strong>in</strong></span> <span class='ocrx_word' id='word_1_64' title='bbox 1890 958 2083 1014; x_wconf 88' lang='lat' dir='ltr'><strong>corpo-</strong></span> 
     </span>
    </p>
   </div>
   <div class='ocr_carea' id='block_1_10' title="bbox 508 1023 2080 1100">
    <p class='ocr_par' dir='ltr' id='par_1_10' title="bbox 508 1023 2080 1100">
     <span class='ocr_line' id='line_1_10' title="bbox 508 1023 2080 1100; baseline 0.012 -26"><span class='ocrx_word' id='word_1_65' title='bbox 508 1035 589 1089; x_wconf 86' lang='lat' dir='ltr'><strong>re,</strong></span> <span class='ocrx_word' id='word_1_66' title='bbox 636 1031 693 1078; x_wconf 90' lang='lat' dir='ltr'><strong>ut</strong></span> <span class='ocrx_word' id='word_1_67' title='bbox 733 1023 939 1081; x_wconf 85' lang='lat' dir='ltr'><strong>idcirco</strong></span> <span class='ocrx_word' id='word_1_68' title='bbox 996 1041 1117 1083; x_wconf 87' lang='lat' dir='ltr'><strong>eam</strong></span> <span class='ocrx_word' id='word_1_69' title='bbox 1177 1042 1400 1100; x_wconf 76' lang='lat' dir='ltr'><strong>propter</strong></span> <span class='ocrx_word' id='word_1_70' title='bbox 1447 1048 1716 1089; x_wconf 77' lang='lat' dir='ltr'><strong>susurnam</strong></span> <span class='ocrx_word' id='word_1_71' title='bbox 1764 1035 2080 1092; x_wconf 80' lang='lat' dir='ltr'><strong>brevitatem</strong></span> 
     </span>
    </p>
   </div>
   <div class='ocr_carea' id='block_1_11' title="bbox 504 1115 2081 1194">
    <p class='ocr_par' dir='ltr' id='par_1_11' title="bbox 504 1115 2081 1194">
     <span class='ocr_line' id='line_1_11' title="bbox 504 1115 2081 1194; baseline 0.01 -29"><span class='ocrx_word' id='word_1_72' title='bbox 504 1127 626 1167; x_wconf 86' lang='lat' dir='ltr'><strong>cum</strong></span> <span class='ocrx_word' id='word_1_73' title='bbox 657 1128 767 1168; x_wconf 93' lang='lat' dir='ltr'><strong>uno</strong></span> <span class='ocrx_word' id='word_1_74' title='bbox 792 1115 880 1171; x_wconf 82' lang='lat' dir='ltr'><strong>die</strong></span> <span class='ocrx_word' id='word_1_75' title='bbox 915 1130 1232 1187; x_wconf 85' lang='lat' dir='ltr'><strong>comparare</strong></span> <span class='ocrx_word' id='word_1_76' title='bbox 1276 1118 1510 1177; x_wconf 71' lang='lat' dir='ltr'><strong>fortasse</strong></span> <span class='ocrx_word' id='word_1_77' title='bbox 1541 1124 1736 1192; x_wconf 83' lang='lat' dir='ltr'><strong>possis.</strong></span> <span class='ocrx_word' id='word_1_78' title='bbox 1775 1121 1962 1193; x_wconf 88' lang='lat' dir='ltr'><strong>Itaque</strong></span> <span class='ocrx_word' id='word_1_79' title='bbox 1982 1138 2081 1194; x_wconf 88' lang='lat' dir='ltr'><strong>pro</strong></span> 
     </span>
    </p>
   </div>
   <div class='ocr_carea' id='block_1_12' title="bbox 504 1207 2082 1286">
    <p class='ocr_par' dir='ltr' id='par_1_12' title="bbox 504 1207 2082 1286">
     <span class='ocr_line' id='line_1_12' title="bbox 504 1207 2082 1286; baseline 0.008 -27"><span class='ocrx_word' id='word_1_80' title='bbox 504 1219 613 1261; x_wconf 88' lang='lat' dir='ltr'><strong>uno</strong></span> <span class='ocrx_word' id='word_1_81' title='bbox 651 1207 739 1262; x_wconf 89' lang='lat' dir='ltr'><strong>die</strong></span> <span class='ocrx_word' id='word_1_82' title='bbox 765 1210 1217 1280; x_wconf 76' lang='lat' dir='ltr'><strong>peregrinationis</strong></span> <span class='ocrx_word' id='word_1_83' title='bbox 1272 1221 1397 1277; x_wconf 62' lang='lat' dir='ltr'><strong>tua,</strong></span> <span class='ocrx_word' id='word_1_84' title='bbox 1451 1213 1643 1285; x_wconf 86' lang='lat' dir='ltr'><strong>inquit,</strong></span> <span class='ocrx_word' id='word_1_85' title='bbox 1678 1215 1780 1271; x_wconf 89' lang='lat' dir='ltr'><strong>hoc</strong></span> <span class='ocrx_word' id='word_1_86' title='bbox 1833 1225 1921 1271; x_wconf 89' lang='lat' dir='ltr'><strong>est</strong></span> <span class='ocrx_word' id='word_1_87' title='bbox 1984 1230 2082 1286; x_wconf 92' lang='lat' dir='ltr'><strong>pro</strong></span> 
     </span>
    </p>
   </div>
   <div class='ocr_carea' id='block_1_13' title="bbox 504 1297 2081 1377">
    <p class='ocr_par' dir='ltr' id='par_1_13' title="bbox 504 1297 2081 1377">
     <span class='ocr_line' id='line_1_13' title="bbox 504 1297 2081 1377; baseline 0.008 -26"><span class='ocrx_word' id='word_1_88' title='bbox 504 1297 676 1363; x_wconf 81' lang='lat' dir='ltr'><strong>brevi,</strong></span> <span class='ocrx_word' id='word_1_89' title='bbox 708 1309 763 1355; x_wconf 92' lang='lat' dir='ltr'><strong>et</strong></span> <span class='ocrx_word' id='word_1_90' title='bbox 806 1301 1018 1358; x_wconf 81' lang='lat' dir='ltr'><strong>modico</strong></span> <span class='ocrx_word' id='word_1_91' title='bbox 1049 1309 1286 1371; x_wconf 87' lang='lat' dir='ltr'><strong>tempore</strong></span> <span class='ocrx_word' id='word_1_92' title='bbox 1314 1304 1473 1373; x_wconf 90' lang='lat' dir='ltr'><strong>hujus</strong></span> <span class='ocrx_word' id='word_1_93' title='bbox 1515 1307 1656 1372; x_wconf 71' lang='lat' dir='ltr'><strong>vitae,</strong></span> <span class='ocrx_word' id='word_1_94' title='bbox 1683 1322 1846 1377; x_wconf 84' lang='lat' dir='ltr'><strong>quam</strong></span> <span class='ocrx_word' id='word_1_95' title='bbox 1872 1310 1925 1363; x_wconf 92' lang='lat' dir='ltr'><strong>in</strong></span> <span class='ocrx_word' id='word_1_96' title='bbox 1954 1323 2081 1365; x_wconf 91' lang='lat' dir='ltr'><strong>cor-</strong></span> 
     </span>
    </p>
   </div>
   <div class='ocr_carea' id='block_1_14' title="bbox 506 1390 2078 1462">
    <p class='ocr_par' dir='ltr' id='par_1_14' title="bbox 506 1390 2078 1462">
     <span class='ocr_line' id='line_1_14' title="bbox 506 1390 2078 1462; baseline 0.008 -19"><span class='ocrx_word' id='word_1_97' title='bbox 506 1404 635 1459; x_wconf 83' lang='lat' dir='ltr'><strong>pore</strong></span> <span class='ocrx_word' id='word_1_98' title='bbox 675 1390 848 1461; x_wconf 83' lang='lat' dir='ltr'><strong>degis,</strong></span> <span class='ocrx_word' id='word_1_99' title='bbox 888 1392 1195 1462; x_wconf 85' lang='lat' dir='ltr'><strong>dupliciter,</strong></span> <span class='ocrx_word' id='word_1_100' title='bbox 1224 1403 1280 1449; x_wconf 91' lang='lat' dir='ltr'><strong>et</strong></span> <span class='ocrx_word' id='word_1_101' title='bbox 1308 1394 1514 1452; x_wconf 83' lang='lat' dir='ltr'><strong>at&#39;t‘atim</strong></span> <span class='ocrx_word' id='word_1_102' title='bbox 1585 1406 1637 1452; x_wconf 91' lang='lat' dir='ltr'><strong>te</strong></span> <span class='ocrx_word' id='word_1_103' title='bbox 1699 1400 2078 1457; x_wconf 85' lang='lat' dir='ltr'><strong>remunerabo.</strong></span> 
     </span>
    </p>
   </div>
   <div class='ocr_carea' id='block_1_15' title="bbox 503 1483 2082 1548">
    <p class='ocr_par' dir='ltr' id='par_1_15' title="bbox 503 1483 2082 1548">
     <span class='ocr_line' id='line_1_15' title="bbox 503 1483 2082 1548; baseline 0.009 -13"><span class='ocrx_word' id='word_1_104' title='bbox 503 1483 591 1536; x_wconf 80' lang='lat' dir='ltr'><strong>Ait</strong></span> <span class='ocrx_word' id='word_1_105' title='bbox 624 1492 676 1538; x_wconf 90' lang='lat' dir='ltr'><strong>et</strong></span> <span class='ocrx_word' id='word_1_106' title='bbox 711 1484 908 1540; x_wconf 85' lang='lat' dir='ltr'><strong>alicubi</strong></span> <span class='ocrx_word' id='word_1_107' title='bbox 936 1484 1204 1542; x_wconf 89' lang='lat' dir='ltr'><strong>Christus:</strong></span> <span class='ocrx_word' id='word_1_108' title='bbox 1232 1504 1250 1537; x_wconf 78' lang='grc' dir='ltr'><strong>ι</strong></span> <span class='ocrx_word' id='word_1_109' title='bbox 1288 1487 1593 1543; x_wconf 78' lang='lat' dir='ltr'><strong>Meusuram</strong></span> <span class='ocrx_word' id='word_1_110' title='bbox 1624 1489 1820 1544; x_wconf 85' lang='lat' dir='ltr'><strong>bonam</strong></span> <span class='ocrx_word' id='word_1_111' title='bbox 1847 1500 1902 1547; x_wconf 89' lang='lat' dir='ltr'><strong>et</strong></span> <span class='ocrx_word' id='word_1_112' title='bbox 1950 1507 2082 1548; x_wconf 80' lang='lat' dir='ltr'><strong>cor.—</strong></span> 
     </span>
    </p>
   </div>
   <div class='ocr_carea' id='block_1_16' title="bbox 504 1574 2083 1649">
    <p class='ocr_par' dir='ltr' id='par_1_16' title="bbox 504 1574 2083 1649">
     <span class='ocr_line' id='line_1_16' title="bbox 504 1574 2083 1649; baseline 0.009 -24"><span class='ocrx_word' id='word_1_113' title='bbox 504 1574 720 1639; x_wconf 76' lang='lat' dir='ltr'><strong>fertam,</strong></span> <span class='ocrx_word' id='word_1_114' title='bbox 750 1585 804 1629; x_wconf 91' lang='lat' dir='ltr'><strong>et</strong></span> <span class='ocrx_word' id='word_1_115' title='bbox 831 1578 1157 1648; x_wconf 84' lang='lat' dir='ltr'><strong>coagitatam</strong></span> <span class='ocrx_word' id='word_1_116' title='bbox 1186 1587 1240 1632; x_wconf 93' lang='lat' dir='ltr'><strong>et</strong></span> <span class='ocrx_word' id='word_1_117' title='bbox 1270 1579 1744 1649; x_wconf 78' lang='lat' dir='ltr'><strong>superetilueutem</strong></span> <span class='ocrx_word' id='word_1_118' title='bbox 1781 1582 1987 1638; x_wconf 84' lang='lat' dir='ltr'><strong>dabunt</strong></span> <span class='ocrx_word' id='word_1_119' title='bbox 2027 1584 2083 1640; x_wconf 84' lang='lat' dir='ltr'><strong>in</strong></span> 
     </span>
    </p>
   </div>
   <div class='ocr_carea' id='block_1_17' title="bbox 503 1664 2081 1741">
    <p class='ocr_par' dir='ltr' id='par_1_17' title="bbox 503 1664 2081 1741">
     <span class='ocr_line' id='line_1_17' title="bbox 503 1664 2081 1741; baseline 0.01 -24"><span class='ocrx_word' id='word_1_120' title='bbox 503 1664 679 1719; x_wconf 90' lang='lat' dir='ltr'><strong>sinum</strong></span> <span class='ocrx_word' id='word_1_121' title='bbox 716 1677 951 1722; x_wconf 86' lang='lat' dir='ltr'><strong>vestrum</strong></span> <span class='ocrx_word' id='word_1_122' title='bbox 987 1669 1068 1723; x_wconf 73' lang='lat' dir='ltr'><strong>&#39;.s</strong></span> <span class='ocrx_word' id='word_1_123' title='bbox 1104 1669 1256 1724; x_wconf 80' lang='lat' dir='ltr'><strong>Ilatnl</strong></span> <span class='ocrx_word' id='word_1_124' title='bbox 1313 1670 1457 1725; x_wconf 89' lang='lat' dir='ltr'><strong>enim</strong></span> <span class='ocrx_word' id='word_1_125' title='bbox 1493 1670 1718 1741; x_wconf 71' lang='lat' dir='ltr'><strong>mqualia</strong></span> <span class='ocrx_word' id='word_1_126' title='bbox 1773 1674 2081 1733; x_wconf 80' lang='lat' dir='ltr'><strong>actionibus</strong></span> 
     </span>
    </p>
   </div>
   <div class='ocr_carea' id='block_1_18' title="bbox 504 1756 2071 1836">
    <p class='ocr_par' dir='ltr' id='par_1_18' title="bbox 504 1756 2071 1836">
     <span class='ocr_line' id='line_1_18' title="bbox 504 1756 2071 1836; baseline 0.008 -28"><span class='ocrx_word' id='word_1_127' title='bbox 504 1756 705 1810; x_wconf 85' lang='lat' dir='ltr'><strong>nostris</strong></span> <span class='ocrx_word' id='word_1_128' title='bbox 744 1759 960 1834; x_wconf 65' lang='lat' dir='ltr'><strong>praemia</strong></span> <span class='ocrx_word' id='word_1_129' title='bbox 996 1770 1373 1830; x_wconf 83' lang='lat' dir='ltr'><strong>exspectamus</strong></span> <span class='ocrx_word' id='word_1_130' title='bbox 1402 1777 1417 1814; x_wconf 90' lang='lat'><strong>:</strong></span> <span class='ocrx_word' id='word_1_131' title='bbox 1448 1762 1540 1817; x_wconf 87' lang='lat' dir='ltr'><strong>sed</strong></span> <span class='ocrx_word' id='word_1_132' title='bbox 1579 1777 1701 1817; x_wconf 85' lang='lat' dir='ltr'><strong>eum</strong></span> <span class='ocrx_word' id='word_1_133' title='bbox 1762 1778 1956 1836; x_wconf 75' lang='lat' dir='ltr'><strong>magno</strong></span> <span class='ocrx_word' id='word_1_134' title='bbox 1979 1782 2071 1820; x_wconf 87' lang='lat' dir='ltr'><strong>au-</strong></span> 
     </span>
    </p>
   </div>
   <div class='ocr_carea' id='block_1_19' title="bbox 500 1848 1479 1913">
    <p class='ocr_par' dir='ltr' id='par_1_19' title="bbox 500 1848 1479 1913">
     <span class='ocr_line' id='line_1_19' title="bbox 500 1848 1479 1913; baseline 0.005 -11"><span class='ocrx_word' id='word_1_135' title='bbox 500 1848 693 1913; x_wconf 86' lang='lat' dir='ltr'><strong>ctario,</strong></span> <span class='ocrx_word' id='word_1_136' title='bbox 719 1863 840 1905; x_wconf 89' lang='lat' dir='ltr'><strong>eum</strong></span> <span class='ocrx_word' id='word_1_137' title='bbox 884 1850 1042 1905; x_wconf 84' lang='lat' dir='ltr'><strong>dator</strong></span> <span class='ocrx_word' id='word_1_138' title='bbox 1067 1852 1138 1905; x_wconf 90' lang='lat' dir='ltr'><strong>sit</strong></span> <span class='ocrx_word' id='word_1_139' title='bbox 1168 1853 1479 1907; x_wconf 79' lang='lat' dir='ltr'><strong>muniﬁcus.</strong></span> 
     </span>
    </p>
   </div>
   <div class='ocr_carea' id='block_1_20' title="bbox 2183 579 3771 655">
    <p class='ocr_par' dir='ltr' id='par_1_20' title="bbox 2183 579 3771 655">
     <span class='ocr_line' id='line_1_20' title="bbox 2183 579 3771 655; baseline -0.003 -18"><span class='ocrx_word' id='word_1_140' title='bbox 2183 584 2363 651; x_wconf 78' lang='grc' dir='ltr'>φύσιν.</span> <span class='ocrx_word' id='word_1_141' title='bbox 2402 584 2632 638; x_wconf 81' lang='grc' dir='ltr'>Ἐσεσθε</span> <span class='ocrx_word' id='word_1_142' title='bbox 2655 583 2718 655; x_wconf 78' lang='grc' dir='ltr'>δὴ</span> <span class='ocrx_word' id='word_1_143' title='bbox 2744 580 2837 637; x_wconf 77' lang='grc' dir='ltr'>οὖν</span> <span class='ocrx_word' id='word_1_144' title='bbox 2859 585 2917 636; x_wconf 80' lang='grc' dir='ltr'>ὲν</span> <span class='ocrx_word' id='word_1_145' title='bbox 2954 581 3247 652; x_wconf 69' lang='grc' dir='ltr'>ἀσφαλείᾳ,</span> <span class='ocrx_word' id='word_1_146' title='bbox 3280 580 3434 649; x_wconf 81' lang='grc' dir='ltr'>φησὶ,</span> <span class='ocrx_word' id='word_1_147' title='bbox 3455 580 3517 632; x_wconf 78' lang='grc' dir='ltr'>τὸ</span> <span class='ocrx_word' id='word_1_148' title='bbox 3541 579 3771 650; x_wconf 80' lang='grc' dir='ltr'>βεϐηκὸς</span> 
     </span>
    </p>
   </div>
   <div class='ocr_carea' id='block_1_21' title="bbox 2181 667 3744 744">
    <p class='ocr_par' dir='ltr' id='par_1_21' title="bbox 2181 667 3744 744">
     <span class='ocr_line' id='line_1_21' title="bbox 2181 667 3744 744; baseline -0.002 -18"><span class='ocrx_word' id='word_1_149' title='bbox 2181 674 2396 744; x_wconf 64' lang='grc' dir='ltr'>ἔχοντες</span> <span class='ocrx_word' id='word_1_150' title='bbox 2426 677 2506 738; x_wconf 82' lang='grc' dir='ltr'><strong>εἰς</strong></span> <span class='ocrx_word' id='word_1_151' title='bbox 2538 675 2741 741; x_wconf 87' lang='grc' dir='ltr'>πίστιν,</span> <span class='ocrx_word' id='word_1_152' title='bbox 2784 667 2831 727; x_wconf 81' lang='grc' dir='ltr'><strong>ὦ</strong></span> <span class='ocrx_word' id='word_1_153' title='bbox 2858 674 3074 743; x_wconf 84' lang='grc' dir='ltr'><strong>δέσμιοι</strong></span> <span class='ocrx_word' id='word_1_154' title='bbox 3114 672 3215 741; x_wconf 83' lang='grc' dir='ltr'>τῆς</span> <span class='ocrx_word' id='word_1_155' title='bbox 3244 670 3383 741; x_wconf 73' lang='grc' dir='ltr'>ἐμῆς</span> <span class='ocrx_word' id='word_1_156' title='bbox 3418 671 3744 740; x_wconf 77' lang='grc' dir='ltr'><strong>συναγωγῆς</strong></span> 
     </span>
    </p>
   </div>
   <div class='ocr_carea' id='block_1_22' title="bbox 2180 760 3773 836">
    <p class='ocr_par' dir='ltr' id='par_1_22' title="bbox 2180 760 3773 836">
     <span class='ocr_line' id='line_1_22' title="bbox 2180 760 3773 836; baseline -0.001 -19"><span class='ocrx_word' id='word_1_157' title='bbox 2180 762 2289 817; x_wconf 76' lang='grc' dir='ltr'>εἷεν</span> <span class='ocrx_word' id='word_1_158' title='bbox 2314 766 2358 818; x_wconf 83' lang='grc' dir='ltr'>δ’</span> <span class='ocrx_word' id='word_1_159' title='bbox 2381 765 2447 818; x_wconf 79' lang='grc' dir='ltr'>ἂν</span> <span class='ocrx_word' id='word_1_160' title='bbox 2471 761 2619 819; x_wconf 72' lang='grc' dir='ltr'>οὗτοι</span> <span class='ocrx_word' id='word_1_161' title='bbox 2640 765 2750 819; x_wconf 87' lang='grc' dir='ltr'><strong>τῶν</strong></span> <span class='ocrx_word' id='word_1_162' title='bbox 2784 766 2842 818; x_wconf 78' lang='grc' dir='ltr'>ὲν</span> <span class='ocrx_word' id='word_1_163' title='bbox 2875 760 3097 836; x_wconf 80' lang='grc' dir='ltr'>Χριστῷ</span> <span class='ocrx_word' id='word_1_164' title='bbox 3119 761 3559 831; x_wconf 81' lang='grc' dir='ltr'><strong>δεδικαιωμένων</strong></span> <span class='ocrx_word' id='word_1_165' title='bbox 3584 763 3616 831; x_wconf 74' lang='grc' dir='ltr'>ἡ</span> <span class='ocrx_word' id='word_1_166' title='bbox 3641 763 3773 829; x_wconf 82' lang='grc' dir='ltr'>ἁγία</span> 
     </span>
    </p>
   </div>
   <div class='ocr_carea' id='block_1_23' title="bbox 2182 849 3773 924">
    <p class='ocr_par' dir='ltr' id='par_1_23' title="bbox 2182 849 3773 924">
     <span class='ocr_line' id='line_1_23' title="bbox 2182 849 3773 924; baseline -0.003 -19"><span class='ocrx_word' id='word_1_167' title='bbox 2182 851 2410 924; x_wconf 85' lang='grc' dir='ltr'>πληθύς.</span> <span class='ocrx_word' id='word_1_168' title='bbox 2454 853 2579 907; x_wconf 81' lang='grc' dir='ltr'><strong>Ὀτι</strong></span> <span class='ocrx_word' id='word_1_169' title='bbox 2628 853 2685 905; x_wconf 71' lang='grc' dir='ltr'>δὲ</span> <span class='ocrx_word' id='word_1_170' title='bbox 2737 853 2836 905; x_wconf 84' lang='grc' dir='ltr'>οὑκ</span> <span class='ocrx_word' id='word_1_171' title='bbox 2866 851 3098 923; x_wconf 84' lang='grc' dir='ltr'>ἀμισθον</span> <span class='ocrx_word' id='word_1_172' title='bbox 3137 849 3321 919; x_wconf 73' lang='grc' dir='ltr'>ἔχουσι</span> <span class='ocrx_word' id='word_1_173' title='bbox 3346 850 3446 920; x_wconf 81' lang='grc' dir='ltr'>τὴν</span> <span class='ocrx_word' id='word_1_174' title='bbox 3484 850 3570 917; x_wconf 67' lang='grc' dir='ltr'><strong>ἐφ’</strong></span> <span class='ocrx_word' id='word_1_175' title='bbox 3598 850 3773 902; x_wconf 80' lang='grc' dir='ltr'>ἀπασι</span> 
     </span>
    </p>
   </div>
   <div class='ocr_carea' id='block_1_24' title="bbox 2181 941 3773 1017">
    <p class='ocr_par' dir='ltr' id='par_1_24' title="bbox 2181 941 3773 1017">
     <span class='ocr_line' id='line_1_24' title="bbox 2181 941 3773 1017; baseline -0.002 -21"><span class='ocrx_word' id='word_1_176' title='bbox 2181 946 2290 1007; x_wconf 70' lang='grc' dir='ltr'>τοῖς</span> <span class='ocrx_word' id='word_1_177' title='bbox 2320 945 2563 1015; x_wconf 76' lang='grc' dir='ltr'><strong>ἀρίστοις</strong></span> <span class='ocrx_word' id='word_1_178' title='bbox 2594 945 2900 1017; x_wconf 83' lang='grc' dir='ltr'>ὑπομονὴν,</span> <span class='ocrx_word' id='word_1_179' title='bbox 2949 943 3045 997; x_wconf 83' lang='grc' dir='ltr'>καὶ</span> <span class='ocrx_word' id='word_1_180' title='bbox 3095 942 3201 1015; x_wconf 78' lang='grc' dir='ltr'>μὴν</span> <span class='ocrx_word' id='word_1_181' title='bbox 3260 943 3321 995; x_wconf 84' lang='grc' dir='ltr'>τὸ</span> <span class='ocrx_word' id='word_1_182' title='bbox 3380 941 3773 1013; x_wconf 80' lang='grc' dir='ltr'>ὲρηρεισμένον</span> 
     </span>
    </p>
   </div>
   <div class='ocr_carea' id='block_1_25' title="bbox 2181 1033 3770 1108">
    <p class='ocr_par' dir='ltr' id='par_1_25' title="bbox 2181 1033 3770 1108">
     <span class='ocr_line' id='line_1_25' title="bbox 2181 1033 3770 1108; baseline -0.003 -19"><span class='ocrx_word' id='word_1_183' title='bbox 2181 1038 2262 1100; x_wconf 80' lang='grc' dir='ltr'><strong>είς</strong></span> <span class='ocrx_word' id='word_1_184' title='bbox 2305 1037 2586 1107; x_wconf 79' lang='grc' dir='ltr'><strong>ἀγάπησιν</strong></span> <span class='ocrx_word' id='word_1_185' title='bbox 2608 1038 2713 1108; x_wconf 80' lang='grc' dir='ltr'>τὴν</span> <span class='ocrx_word' id='word_1_186' title='bbox 2762 1038 2855 1091; x_wconf 75' lang='grc' dir='ltr'><strong>ἐπὶ</strong></span> <span class='ocrx_word' id='word_1_187' title='bbox 2906 1036 3051 1106; x_wconf 78' lang='grc' dir='ltr'>Θεῷ,</span> <span class='ocrx_word' id='word_1_188' title='bbox 3094 1033 3520 1105; x_wconf 87' lang='grc' dir='ltr'>κατασημαίνει,</span> <span class='ocrx_word' id='word_1_189' title='bbox 3573 1034 3770 1101; x_wconf 88' lang='grc' dir='ltr'>λέγων·</span> 
     </span>
    </p>
   </div>
   <div class='ocr_carea' id='block_1_26' title="bbox 2186 1125 3772 1199">
    <p class='ocr_par' dir='ltr' id='par_1_26' title="bbox 2186 1125 3772 1199">
     <span class='ocr_line' id='line_1_26' title="bbox 2186 1125 3772 1199; baseline -0.001 -20"><span class='ocrx_word' id='word_1_190' title='bbox 2186 1146 2205 1179; x_wconf 79' lang='grc' dir='ltr'><strong>ι</strong></span> <span class='ocrx_word' id='word_1_191' title='bbox 2239 1126 2350 1181; x_wconf 75' lang='grc' dir='ltr'><strong>Καὶ</strong></span> <span class='ocrx_word' id='word_1_192' title='bbox 2379 1128 2503 1181; x_wconf 85' lang='grc' dir='ltr'>ἀντὶ</span> <span class='ocrx_word' id='word_1_193' title='bbox 2541 1128 2671 1199; x_wconf 75' lang='grc' dir='ltr'>μιᾶς</span> <span class='ocrx_word' id='word_1_194' title='bbox 2700 1127 2913 1199; x_wconf 80' lang='grc' dir='ltr'>ἡμέρας</span> <span class='ocrx_word' id='word_1_195' title='bbox 2943 1127 3241 1197; x_wconf 72' lang='grc' dir='ltr'>παροικίας</span> <span class='ocrx_word' id='word_1_196' title='bbox 3285 1142 3403 1190; x_wconf 90' lang='grc' dir='ltr'>σου,</span> <span class='ocrx_word' id='word_1_197' title='bbox 3444 1125 3611 1179; x_wconf 78' lang='grc' dir='ltr'>διπλᾶ</span> <span class='ocrx_word' id='word_1_198' title='bbox 3644 1127 3772 1179; x_wconf 85' lang='grc' dir='ltr'>ἀντ-</span> 
     </span>
    </p>
   </div>
   <div class='ocr_carea' id='block_1_27' title="bbox 2183 1218 3772 1288">
    <p class='ocr_par' dir='ltr' id='par_1_27' title="bbox 2183 1218 3772 1288">
     <span class='ocr_line' id='line_1_27' title="bbox 2183 1218 3772 1288; baseline -0.001 -16"><span class='ocrx_word' id='word_1_199' title='bbox 2183 1218 2456 1273; x_wconf 80' lang='grc' dir='ltr'>αποδώσω</span> <span class='ocrx_word' id='word_1_200' title='bbox 2484 1236 2586 1273; x_wconf 90' lang='grc' dir='ltr'>σοι.</span> <span class='ocrx_word' id='word_1_201' title='bbox 2623 1239 2640 1271; x_wconf 74' lang='grc' dir='ltr'><strong>ι</strong></span> <span class='ocrx_word' id='word_1_202' title='bbox 2672 1219 2781 1274; x_wconf 80' lang='grc' dir='ltr'>Καί</span> <span class='ocrx_word' id='word_1_203' title='bbox 2810 1236 2863 1272; x_wconf 89' lang='grc' dir='ltr'><strong>τι</strong></span> <span class='ocrx_word' id='word_1_204' title='bbox 2892 1218 3135 1272; x_wconf 70' lang='grc' dir='ltr'>τοιοῦτον</span> <span class='ocrx_word' id='word_1_205' title='bbox 3172 1218 3371 1272; x_wconf 73' lang='grc' dir='ltr'>ἐστὶνὸ</span> <span class='ocrx_word' id='word_1_206' title='bbox 3404 1218 3654 1288; x_wconf 71' lang='grc' dir='ltr'>βούλεται</span> <span class='ocrx_word' id='word_1_207' title='bbox 3687 1218 3772 1271; x_wconf 76' lang='grc' dir='ltr'>λέ-</span> 
     </span>
    </p>
   </div>
   <div class='ocr_carea' id='block_1_28' title="bbox 2181 1311 3770 1383">
    <p class='ocr_par' dir='ltr' id='par_1_28' title="bbox 2181 1311 3770 1383">
     <span class='ocr_line' id='line_1_28' title="bbox 2181 1311 3770 1383; baseline 0.003 -21"><span class='ocrx_word' id='word_1_208' title='bbox 2181 1327 2319 1378; x_wconf 87' lang='grc' dir='ltr'>γειν.</span> <span class='ocrx_word' id='word_1_209' title='bbox 2354 1311 2617 1382; x_wconf 78' lang='grc' dir='ltr'>Πάροικοι</span> <span class='ocrx_word' id='word_1_210' title='bbox 2671 1311 2769 1382; x_wconf 79' lang='grc' dir='ltr'>μὲν</span> <span class='ocrx_word' id='word_1_211' title='bbox 2817 1311 2931 1382; x_wconf 83' lang='grc' dir='ltr'>γὰρ</span> <span class='ocrx_word' id='word_1_212' title='bbox 2948 1312 3041 1365; x_wconf 70' lang='grc' dir='ltr'><strong>ἐπὶ</strong></span> <span class='ocrx_word' id='word_1_213' title='bbox 3088 1315 3214 1383; x_wconf 79' lang='grc' dir='ltr'>γῆς,</span> <span class='ocrx_word' id='word_1_214' title='bbox 3260 1312 3358 1366; x_wconf 77' lang='grc' dir='ltr'>καὶ</span> <span class='ocrx_word' id='word_1_215' title='bbox 3398 1312 3770 1383; x_wconf 80' lang='grc' dir='ltr'>παρεπίδημοι</span> 
     </span>
    </p>
   </div>
   <div class='ocr_carea' id='block_1_29' title="bbox 2183 1401 3770 1474">
    <p class='ocr_par' dir='ltr' id='par_1_29' title="bbox 2183 1401 3770 1474">
     <span class='ocr_line' id='line_1_29' title="bbox 2183 1401 3770 1474; baseline 0.001 -19"><span class='ocrx_word' id='word_1_216' title='bbox 2183 1401 2384 1466; x_wconf 83' lang='grc' dir='ltr'>πάντες</span> <span class='ocrx_word' id='word_1_217' title='bbox 2422 1403 2559 1456; x_wconf 77' lang='grc' dir='ltr'>είσὶν</span> <span class='ocrx_word' id='word_1_218' title='bbox 2587 1404 2639 1456; x_wconf 78' lang='grc' dir='ltr'>οἱ</span> <span class='ocrx_word' id='word_1_219' title='bbox 2686 1403 2852 1471; x_wconf 80' lang='grc' dir='ltr'>ἀγιοι,</span> <span class='ocrx_word' id='word_1_220' title='bbox 2891 1402 3100 1474; x_wconf 80' lang='grc' dir='ltr'>βραχὺς</span> <span class='ocrx_word' id='word_1_221' title='bbox 3140 1403 3197 1457; x_wconf 79' lang='grc' dir='ltr'>δὲ</span> <span class='ocrx_word' id='word_1_222' title='bbox 3242 1403 3364 1457; x_wconf 89' lang='grc' dir='ltr'>λίαν</span> <span class='ocrx_word' id='word_1_223' title='bbox 3395 1406 3425 1458; x_wconf 81' lang='grc' dir='ltr'><strong>δ</strong></span> <span class='ocrx_word' id='word_1_224' title='bbox 3468 1405 3527 1456; x_wconf 67' lang='grc' dir='ltr'>ἐν</span> <span class='ocrx_word' id='word_1_225' title='bbox 3556 1402 3770 1473; x_wconf 79' lang='grc' dir='ltr'>σώματι</span> 
     </span>
    </p>
   </div>
   <div class='ocr_carea' id='block_1_30' title="bbox 2185 1494 3771 1567">
    <p class='ocr_par' dir='ltr' id='par_1_30' title="bbox 2185 1494 3771 1567">
     <span class='ocr_line' id='line_1_30' title="bbox 2185 1494 3771 1567; baseline 0.001 -19"><span class='ocrx_word' id='word_1_226' title='bbox 2185 1496 2298 1566; x_wconf 89' lang='grc' dir='ltr'>βίος</span> <span class='ocrx_word' id='word_1_227' title='bbox 2331 1495 2620 1567; x_wconf 86' lang='grc' dir='ltr'>ἀνθρώπου</span> <span class='ocrx_word' id='word_1_228' title='bbox 2658 1496 2880 1562; x_wconf 77' lang='grc' dir='ltr'>παντὸς,</span> <span class='ocrx_word' id='word_1_229' title='bbox 2912 1496 3014 1551; x_wconf 82' lang='grc' dir='ltr'>κᾶν</span> <span class='ocrx_word' id='word_1_230' title='bbox 3044 1494 3098 1549; x_wconf 80' lang='grc' dir='ltr'>ετ</span> <span class='ocrx_word' id='word_1_231' title='bbox 3120 1513 3207 1559; x_wconf 88' lang='grc' dir='ltr'><strong>τις</strong></span> <span class='ocrx_word' id='word_1_232' title='bbox 3236 1494 3399 1550; x_wconf 78' lang='grc' dir='ltr'>αὐτὸν</span> <span class='ocrx_word' id='word_1_233' title='bbox 3428 1495 3608 1564; x_wconf 82' lang='grc' dir='ltr'>ὀλίγον</span> <span class='ocrx_word' id='word_1_234' title='bbox 3642 1495 3771 1549; x_wconf 79' lang='grc' dir='ltr'>δντα</span> 
     </span>
    </p>
   </div>
   <div class='ocr_carea' id='block_1_31' title="bbox 2184 1587 3771 1660">
    <p class='ocr_par' dir='ltr' id='par_1_31' title="bbox 2184 1587 3771 1660">
     <span class='ocr_line' id='line_1_31' title="bbox 2184 1587 3771 1660; baseline 0 -19"><span class='ocrx_word' id='word_1_235' title='bbox 2184 1588 2484 1653; x_wconf 82' lang='grc' dir='ltr'><strong>παντελῶς,</strong></span> <span class='ocrx_word' id='word_1_236' title='bbox 2522 1588 2597 1652; x_wconf 87' lang='grc' dir='ltr'><strong>ὡς</strong></span> <span class='ocrx_word' id='word_1_237' title='bbox 2646 1588 2786 1659; x_wconf 83' lang='grc' dir='ltr'><strong>τάχα</strong></span> <span class='ocrx_word' id='word_1_238' title='bbox 2819 1605 2920 1643; x_wconf 90' lang='grc' dir='ltr'><strong>που</strong></span> <span class='ocrx_word' id='word_1_239' title='bbox 2971 1589 3064 1642; x_wconf 73' lang='grc' dir='ltr'>καὶ</span> <span class='ocrx_word' id='word_1_240' title='bbox 3098 1587 3282 1658; x_wconf 75' lang='grc' dir='ltr'>ἡμέρᾳ</span> <span class='ocrx_word' id='word_1_241' title='bbox 3338 1588 3771 1660; x_wconf 74' lang='grc' dir='ltr'>παρεικάζεσθαι</span> 
     </span>
    </p>
   </div>
   <div class='ocr_carea' id='block_1_32' title="bbox 2186 1680 3771 1752">
    <p class='ocr_par' dir='ltr' id='par_1_32' title="bbox 2186 1680 3771 1752">
     <span class='ocr_line' id='line_1_32' title="bbox 2186 1680 3771 1752; baseline 0 -19"><span class='ocrx_word' id='word_1_242' title='bbox 2186 1682 2304 1752; x_wconf 73' lang='grc' dir='ltr'>μιᾷ.</span> <span class='ocrx_word' id='word_1_243' title='bbox 2332 1680 2541 1734; x_wconf 79' lang='grc' dir='ltr'>Οὐκοῦν</span> <span class='ocrx_word' id='word_1_244' title='bbox 2574 1681 2696 1735; x_wconf 78' lang='grc' dir='ltr'>ἀντὶ</span> <span class='ocrx_word' id='word_1_245' title='bbox 2752 1684 2881 1751; x_wconf 85' lang='grc' dir='ltr'>μιᾶς</span> <span class='ocrx_word' id='word_1_246' title='bbox 2914 1680 3129 1751; x_wconf 83' lang='grc' dir='ltr'>ἡμέρας</span> <span class='ocrx_word' id='word_1_247' title='bbox 3155 1682 3255 1751; x_wconf 83' lang='grc' dir='ltr'>τῆς</span> <span class='ocrx_word' id='word_1_248' title='bbox 3308 1681 3605 1751; x_wconf 85' lang='grc' dir='ltr'>παροικίας</span> <span class='ocrx_word' id='word_1_249' title='bbox 3639 1697 3732 1734; x_wconf 89' lang='grc' dir='ltr'><strong>σου</strong></span> <span class='ocrx_word' id='word_1_250' title='bbox 3753 1721 3771 1742; x_wconf 92' lang='grc'><strong>,</strong></span> 
     </span>
    </p>
   </div>
   <div class='ocr_carea' id='block_1_33' title="bbox 2184 1771 3775 1844">
    <p class='ocr_par' dir='ltr' id='par_1_33' title="bbox 2184 1771 3775 1844">
     <span class='ocr_line' id='line_1_33' title="bbox 2184 1771 3775 1844; baseline -0.001 -19"><span class='ocrx_word' id='word_1_251' title='bbox 2184 1773 2339 1843; x_wconf 69' lang='grc' dir='ltr'>φησι,</span> <span class='ocrx_word' id='word_1_252' title='bbox 2377 1772 2653 1827; x_wconf 81' lang='grc' dir='ltr'>τουτέστιν</span> <span class='ocrx_word' id='word_1_253' title='bbox 2714 1772 2835 1827; x_wconf 77' lang='grc' dir='ltr'>ἀντὶ</span> <span class='ocrx_word' id='word_1_254' title='bbox 2863 1771 3095 1844; x_wconf 78' lang='grc' dir='ltr'>βραχέος</span> <span class='ocrx_word' id='word_1_255' title='bbox 3128 1788 3189 1824; x_wconf 87' lang='grc' dir='ltr'><strong>τε</strong></span> <span class='ocrx_word' id='word_1_256' title='bbox 3218 1773 3311 1826; x_wconf 76' lang='grc' dir='ltr'>καὶ</span> <span class='ocrx_word' id='word_1_257' title='bbox 3342 1772 3775 1842; x_wconf 79' lang='grc' dir='ltr'>συνεσταλμένου</span> 
     </span>
    </p>
   </div>
   <div class='ocr_carea' id='block_1_34' title="bbox 2112 1859 3775 1934">
    <p class='ocr_par' dir='ltr' id='par_1_34' title="bbox 2112 1859 3775 1934">
     <span class='ocr_line' id='line_1_34' title="bbox 2112 1859 3775 1934; baseline 0 -21"><span class='ocrx_word' id='word_1_258' title='bbox 2112 1859 2156 1913; x_wconf 87' lang='grc' dir='ltr'><strong><em>Β</em></strong></span> <span class='ocrx_word' id='word_1_259' title='bbox 2184 1863 2381 1933; x_wconf 80' lang='grc' dir='ltr'>χρόνον</span> <span class='ocrx_word' id='word_1_260' title='bbox 2400 1863 2499 1934; x_wconf 84' lang='grc' dir='ltr'>τῆς</span> <span class='ocrx_word' id='word_1_261' title='bbox 2527 1864 2584 1916; x_wconf 79' lang='grc' dir='ltr'>ἐν</span> <span class='ocrx_word' id='word_1_262' title='bbox 2616 1861 2829 1932; x_wconf 82' lang='grc' dir='ltr'>σώματι</span> <span class='ocrx_word' id='word_1_263' title='bbox 2880 1860 3026 1932; x_wconf 74' lang='grc' dir='ltr'>ζωῆς</span> <span class='ocrx_word' id='word_1_264' title='bbox 3054 1861 3248 1926; x_wconf 74' lang='grc' dir='ltr'>διπλᾶς</span> <span class='ocrx_word' id='word_1_265' title='bbox 3275 1879 3334 1914; x_wconf 86' lang='grc' dir='ltr'><strong>τε</strong></span> <span class='ocrx_word' id='word_1_266' title='bbox 3374 1863 3468 1915; x_wconf 73' lang='grc' dir='ltr'>καὶ</span> <span class='ocrx_word' id='word_1_267' title='bbox 3495 1865 3553 1915; x_wconf 77' lang='grc' dir='ltr'>ὲν</span> <span class='ocrx_word' id='word_1_268' title='bbox 3585 1862 3775 1915; x_wconf 48' lang='grc' dir='ltr'>πλεονκ</span> 
     </span>
    </p>
   </div>
   <div class='ocr_carea' id='block_1_35' title="bbox 503 1944 3777 2030">
    <p class='ocr_par' dir='ltr' id='par_1_35' title="bbox 503 1944 3777 2030">
     <span class='ocr_line' id='line_1_35' title="bbox 503 1944 3777 2030; baseline 0.005 -38"><span class='ocrx_word' id='word_1_269' title='bbox 503 1944 663 2016; x_wconf 76' lang='grc' dir='ltr'><strong>ισμῷ</strong></span> <span class='ocrx_word' id='word_1_270' title='bbox 727 1946 825 2010; x_wconf 82' lang='grc' dir='ltr'><strong>τὰς</strong></span> <span class='ocrx_word' id='word_1_271' title='bbox 877 1948 1112 2018; x_wconf 81' lang='grc' dir='ltr'>ἀμοιϐὰς</span> <span class='ocrx_word' id='word_1_272' title='bbox 1160 1948 1442 2004; x_wconf 82' lang='grc' dir='ltr'>ἀποδώσω.</span> <span class='ocrx_word' id='word_1_273' title='bbox 1519 1950 1663 2023; x_wconf 78' lang='grc' dir='ltr'>Ἔφη</span> <span class='ocrx_word' id='word_1_274' title='bbox 1726 1953 1784 2006; x_wconf 80' lang='grc' dir='ltr'><strong>δέ</strong></span> <span class='ocrx_word' id='word_1_275' title='bbox 1821 1971 1925 2007; x_wconf 83' lang='grc' dir='ltr'><strong>που</strong></span> <span class='ocrx_word' id='word_1_276' title='bbox 1962 1955 2056 2009; x_wconf 73' lang='grc' dir='ltr'>καὶ</span> <span class='ocrx_word' id='word_1_277' title='bbox 2093 1957 2121 2008; x_wconf 88' lang='grc' dir='ltr'>ὁ</span> <span class='ocrx_word' id='word_1_278' title='bbox 2157 1959 2415 2029; x_wconf 78' lang='grc' dir='ltr'>Χριστὸς,</span> <span class='ocrx_word' id='word_1_279' title='bbox 2482 1960 2565 2012; x_wconf 85' lang='grc' dir='ltr'>ὅτι</span> <span class='ocrx_word' id='word_1_280' title='bbox 2606 1978 2624 2011; x_wconf 85' lang='grc' dir='ltr'><strong>ι</strong></span> <span class='ocrx_word' id='word_1_281' title='bbox 2651 1960 2870 2030; x_wconf 79' lang='grc' dir='ltr'>Μέτρον</span> <span class='ocrx_word' id='word_1_282' title='bbox 2915 1958 3101 2023; x_wconf 86' lang='grc' dir='ltr'>καλὸν,</span> <span class='ocrx_word' id='word_1_283' title='bbox 3134 1959 3521 2028; x_wconf 80' lang='grc' dir='ltr'>πεπιεσμένον,</span> <span class='ocrx_word' id='word_1_284' title='bbox 3552 1957 3648 2011; x_wconf 74' lang='grc' dir='ltr'>καὶ</span> <span class='ocrx_word' id='word_1_285' title='bbox 3688 1973 3777 2009; x_wconf 85' lang='grc' dir='ltr'>σε-</span> 
     </span>
    </p>
   </div>
   <div class='ocr_carea' id='block_1_36' title="bbox 505 2041 3779 2126">
    <p class='ocr_par' dir='ltr' id='par_1_36' title="bbox 505 2041 3779 2126">
     <span class='ocr_line' id='line_1_36' title="bbox 505 2041 3779 2126; baseline 0.007 -32"><span class='ocrx_word' id='word_1_286' title='bbox 505 2041 854 2111; x_wconf 82' lang='grc' dir='ltr'>σαλευμένον,</span> <span class='ocrx_word' id='word_1_287' title='bbox 899 2044 991 2097; x_wconf 58' lang='grc' dir='ltr'><strong>καὶ⁵</strong></span> <span class='ocrx_word' id='word_1_288' title='bbox 1042 2044 1546 2117; x_wconf 82' lang='grc' dir='ltr'>ὑπερεκχυνόμενον</span> <span class='ocrx_word' id='word_1_289' title='bbox 1585 2047 1848 2102; x_wconf 86' lang='grc' dir='ltr'>δώσουσιν</span> <span class='ocrx_word' id='word_1_290' title='bbox 1882 2051 1963 2113; x_wconf 85' lang='grc' dir='ltr'><strong>εἱς</strong></span> <span class='ocrx_word' id='word_1_291' title='bbox 1990 2051 2082 2107; x_wconf 83' lang='grc' dir='ltr'>τὸν</span> <span class='ocrx_word' id='word_1_292' title='bbox 2119 2053 2320 2108; x_wconf 85' lang='grc' dir='ltr'>κόλπον</span> <span class='ocrx_word' id='word_1_293' title='bbox 2390 2055 2566 2125; x_wconf 84' lang='grc' dir='ltr'>ὑμῶν.</span> <span class='ocrx_word' id='word_1_294' title='bbox 2598 2075 2614 2106; x_wconf 74' lang='grc' dir='ltr'><strong>ι</strong></span> <span class='ocrx_word' id='word_1_295' title='bbox 2650 2055 2725 2109; x_wconf 82' lang='grc' dir='ltr'><strong>Οὐ</strong></span> <span class='ocrx_word' id='word_1_296' title='bbox 2765 2055 2879 2126; x_wconf 84' lang='grc' dir='ltr'><strong>γάρ</strong></span> <span class='ocrx_word' id='word_1_297' title='bbox 2910 2070 3012 2106; x_wconf 87' lang='grc' dir='ltr'><strong>που</strong></span> <span class='ocrx_word' id='word_1_298' title='bbox 3075 2053 3172 2117; x_wconf 77' lang='grc' dir='ltr'>τὰς</span> <span class='ocrx_word' id='word_1_299' title='bbox 3212 2051 3569 2121; x_wconf 72' lang='grc' dir='ltr'>ἱσοστάθμους</span> <span class='ocrx_word' id='word_1_300' title='bbox 3604 2043 3681 2106; x_wconf 72' lang='grc' dir='ltr'>ὧν</span> <span class='ocrx_word' id='word_1_301' title='bbox 3709 2051 3779 2105; x_wconf 70' lang='grc' dir='ltr'><strong>ἂν</strong></span> 
     </span>
    </p>
   </div>
   <div class='ocr_carea' id='block_1_37' title="bbox 502 2135 3142 2222">
    <p class='ocr_par' dir='ltr' id='par_1_37' title="bbox 502 2135 3142 2222">
     <span class='ocr_line' id='line_1_37' title="bbox 502 2135 3142 2222; baseline 0.005 -30"><span class='ocrx_word' id='word_1_302' title='bbox 502 2135 804 2209; x_wconf 76' lang='grc' dir='ltr'>δράσαιμεν</span> <span class='ocrx_word' id='word_1_303' title='bbox 833 2139 1221 2211; x_wconf 79' lang='grc' dir='ltr'>προσδοκῶμεν</span> <span class='ocrx_word' id='word_1_304' title='bbox 1259 2141 1511 2212; x_wconf 80' lang='grc' dir='ltr'>ἀμοιϐὰς,</span> <span class='ocrx_word' id='word_1_305' title='bbox 1551 2142 1669 2196; x_wconf 79' lang='grc' dir='ltr'>ἀλλ’</span> <span class='ocrx_word' id='word_1_306' title='bbox 1709 2144 1767 2198; x_wconf 81' lang='grc' dir='ltr'><strong>έν</strong></span> <span class='ocrx_word' id='word_1_307' title='bbox 1790 2145 2080 2221; x_wconf 81' lang='grc' dir='ltr'>προσθήκῃ</span> <span class='ocrx_word' id='word_1_308' title='bbox 2118 2148 2306 2222; x_wconf 77' lang='grc' dir='ltr'>πολλῇ,</span> <span class='ocrx_word' id='word_1_309' title='bbox 2342 2150 2737 2221; x_wconf 81' lang='grc' dir='ltr'>πλουσιόδωρος</span> <span class='ocrx_word' id='word_1_310' title='bbox 2764 2150 2874 2221; x_wconf 82' lang='grc' dir='ltr'>γὰρ</span> <span class='ocrx_word' id='word_1_311' title='bbox 2898 2152 2927 2204; x_wconf 81' lang='grc' dir='ltr'><strong>ό</strong></span> <span class='ocrx_word' id='word_1_312' title='bbox 2947 2149 3142 2212; x_wconf 79' lang='grc' dir='ltr'>διδούς.</span> 
     </span>
    </p>
   </div>
   <div class='ocr_carea' id='block_1_38' title="bbox 576 2231 2090 2306">
    <p class='ocr_par' dir='ltr' id='par_1_38' title="bbox 576 2231 2090 2306">
     <span class='ocr_line' id='line_1_38' title="bbox 576 2231 2090 2306; baseline 0.005 -19"><span class='ocrx_word' id='word_1_313' title='bbox 576 2231 743 2290; x_wconf 73' lang='lat' dir='ltr'><strong>Vsus.</strong></span> <span class='ocrx_word' id='word_1_314' title='bbox 782 2232 870 2288; x_wconf 80' lang='lat' dir='ltr'><strong>I5.</strong></span> <span class='ocrx_word' id='word_1_315' title='bbox 904 2232 1167 2299; x_wconf 82' lang='lat' dir='ltr'><strong>Quoniam</strong></span> <span class='ocrx_word' id='word_1_316' title='bbox 1195 2235 1389 2290; x_wconf 76' lang='lat' dir='ltr'><strong>tetendi</strong></span> <span class='ocrx_word' id='word_1_317' title='bbox 1426 2244 1474 2291; x_wconf 77' lang='lat' dir='ltr'><strong>te</strong></span> <span class='ocrx_word' id='word_1_318' title='bbox 1505 2237 1657 2305; x_wconf 78' lang='lat' dir='ltr'><strong>mihi,</strong></span> <span class='ocrx_word' id='word_1_319' title='bbox 1688 2237 1853 2306; x_wconf 73' lang='lat' dir='ltr'><strong>Iuda,</strong></span> <span class='ocrx_word' id='word_1_320' title='bbox 1896 2249 1952 2293; x_wconf 83' lang='lat' dir='ltr'><strong>ut</strong></span> <span class='ocrx_word' id='word_1_321' title='bbox 1998 2257 2090 2294; x_wconf 86' lang='lat' dir='ltr'><strong>ar-</strong></span> 
     </span>
    </p>
   </div>
   <div class='ocr_carea' id='block_1_39' title="bbox 509 2325 1194 2396">
    <p class='ocr_par' dir='ltr' id='par_1_39' title="bbox 509 2325 1194 2396">
     <span class='ocr_line' id='line_1_39' title="bbox 509 2325 1194 2396; baseline 0.007 -18"><span class='ocrx_word' id='word_1_322' title='bbox 509 2340 650 2389; x_wconf 77' lang='lat' dir='ltr'><strong>cum,</strong></span> <span class='ocrx_word' id='word_1_323' title='bbox 675 2325 884 2393; x_wconf 76' lang='lat' dir='ltr'><strong>implevi</strong></span> <span class='ocrx_word' id='word_1_324' title='bbox 916 2326 1194 2396; x_wconf 75' lang='lat' dir='ltr'><strong>prraim.</strong></span> 
     </span>
    </p>
   </div>
   <div class='ocr_carea' id='block_1_40' title="bbox 579 2416 2089 2497">
    <p class='ocr_par' dir='ltr' id='par_1_40' title="bbox 579 2416 2089 2497">
     <span class='ocr_line' id='line_1_40' title="bbox 579 2416 2089 2497; baseline 0.007 -26"><span class='ocrx_word' id='word_1_325' title='bbox 579 2416 741 2489; x_wconf 58' lang='lat'><strong>750</strong></span> <span class='ocrx_word' id='word_1_326' title='bbox 773 2416 886 2473; x_wconf 79' lang='lat' dir='ltr'><strong>LX.</strong></span> <span class='ocrx_word' id='word_1_327' title='bbox 919 2419 1167 2487; x_wconf 84' lang='lat' dir='ltr'><strong>Quonam</strong></span> <span class='ocrx_word' id='word_1_328' title='bbox 1224 2423 1383 2479; x_wconf 89' lang='lat' dir='ltr'><strong>modo</strong></span> <span class='ocrx_word' id='word_1_329' title='bbox 1442 2424 1681 2480; x_wconf 78' lang='lat' dir='ltr'><strong>vocanda</strong></span> <span class='ocrx_word' id='word_1_330' title='bbox 1734 2425 1825 2494; x_wconf 87' lang='lat' dir='ltr'><strong>sit,</strong></span> <span class='ocrx_word' id='word_1_331' title='bbox 1881 2435 1937 2481; x_wconf 84' lang='lat' dir='ltr'><strong>et</strong></span> <span class='ocrx_word' id='word_1_332' title='bbox 1990 2441 2089 2497; x_wconf 86' lang='lat' dir='ltr'><strong>per</strong></span> 
     </span>
    </p>
   </div>
   <div class='ocr_carea' id='block_1_41' title="bbox 506 2510 2086 2586">
    <p class='ocr_par' dir='ltr' id='par_1_41' title="bbox 506 2510 2086 2586">
     <span class='ocr_line' id='line_1_41' title="bbox 506 2510 2086 2586; baseline 0.005 -21"><span class='ocrx_word' id='word_1_333' title='bbox 506 2510 665 2566; x_wconf 77' lang='lat' dir='ltr'><strong>Iidem</strong></span> <span class='ocrx_word' id='word_1_334' title='bbox 705 2512 1015 2584; x_wconf 83' lang='lat' dir='ltr'><strong>ingressura</strong></span> <span class='ocrx_word' id='word_1_335' title='bbox 1048 2515 1288 2586; x_wconf 85' lang='lat' dir='ltr'><strong>gentium</strong></span> <span class='ocrx_word' id='word_1_336' title='bbox 1323 2516 1633 2586; x_wconf 82' lang='lat' dir='ltr'><strong>multitudo,</strong></span> <span class='ocrx_word' id='word_1_337' title='bbox 1685 2520 1852 2575; x_wconf 83' lang='lat' dir='ltr'><strong>miser</strong></span> <span class='ocrx_word' id='word_1_338' title='bbox 1894 2530 2086 2575; x_wconf 87' lang='lat' dir='ltr'><strong>contra</strong></span> 
     </span>
    </p>
   </div>
   <div class='ocr_carea' id='block_1_42' title="bbox 506 2605 2083 2679">
    <p class='ocr_par' dir='ltr' id='par_1_42' title="bbox 506 2605 2083 2679">
     <span class='ocr_line' id='line_1_42' title="bbox 506 2605 2083 2679; baseline 0.005 -21"><span class='ocrx_word' id='word_1_339' title='bbox 506 2605 747 2674; x_wconf 69' lang='lat' dir='ltr'><strong>futurus,</strong></span> <span class='ocrx_word' id='word_1_340' title='bbox 780 2606 875 2677; x_wconf 90' lang='lat' dir='ltr'><strong>qui</strong></span> <span class='ocrx_word' id='word_1_341' title='bbox 922 2607 1051 2662; x_wconf 81' lang='lat' dir='ltr'><strong>olim</strong></span> <span class='ocrx_word' id='word_1_342' title='bbox 1101 2607 1492 2679; x_wconf 79' lang='lat' dir='ltr'><strong>triumphabat,</strong></span> <span class='ocrx_word' id='word_1_343' title='bbox 1534 2612 1640 2667; x_wconf 85' lang='lat' dir='ltr'><strong>hoc</strong></span> <span class='ocrx_word' id='word_1_344' title='bbox 1686 2622 1771 2667; x_wconf 89' lang='lat' dir='ltr'><strong>est</strong></span> <span class='ocrx_word' id='word_1_345' title='bbox 1825 2613 2083 2678; x_wconf 80' lang='lat' dir='ltr'><strong>Satanas,</strong></span> 
     </span>
    </p>
   </div>
   <div class='ocr_carea' id='block_1_43' title="bbox 507 2698 2084 2774">
    <p class='ocr_par' dir='ltr' id='par_1_43' title="bbox 507 2698 2084 2774">
     <span class='ocr_line' id='line_1_43' title="bbox 507 2698 2084 2774; baseline 0.004 -24"><span class='ocrx_word' id='word_1_346' title='bbox 507 2698 770 2768; x_wconf 80' lang='lat' dir='ltr'><strong>spoliatus</strong></span> <span class='ocrx_word' id='word_1_347' title='bbox 804 2699 1155 2765; x_wconf 79' lang='lat' dir='ltr'><strong>adoraturus,</strong></span> <span class='ocrx_word' id='word_1_348' title='bbox 1178 2717 1320 2772; x_wconf 88' lang='lat' dir='ltr'><strong>quos</strong></span> <span class='ocrx_word' id='word_1_349' title='bbox 1356 2704 1708 2774; x_wconf 81' lang='lat' dir='ltr'><strong>cupidissime</strong></span> <span class='ocrx_word' id='word_1_350' title='bbox 1733 2705 2084 2774; x_wconf 75' lang='lat' dir='ltr'><strong>arquisierat,</strong></span> 
     </span>
    </p>
   </div>
   <div class='ocr_carea' id='block_1_44' title="bbox 510 2791 2086 2867">
    <p class='ocr_par' dir='ltr' id='par_1_44' title="bbox 510 2791 2086 2867">
     <span class='ocr_line' id='line_1_44' title="bbox 510 2791 2086 2867; baseline 0.006 -24"><span class='ocrx_word' id='word_1_351' title='bbox 510 2791 688 2846; x_wconf 78' lang='lat' dir='ltr'><strong>adhuc</strong></span> <span class='ocrx_word' id='word_1_352' title='bbox 732 2792 993 2849; x_wconf 82' lang='lat' dir='ltr'><strong>declarat.</strong></span> <span class='ocrx_word' id='word_1_353' title='bbox 1052 2795 1364 2865; x_wconf 79' lang='lat' dir='ltr'><strong>Alloquitur</strong></span> <span class='ocrx_word' id='word_1_354' title='bbox 1422 2805 1604 2852; x_wconf 81' lang='lat' dir='ltr'><strong>autem</strong></span> <span class='ocrx_word' id='word_1_355' title='bbox 1658 2797 1816 2867; x_wconf 88' lang='lat' dir='ltr'><strong>quasi</strong></span> <span class='ocrx_word' id='word_1_356' title='bbox 1864 2805 2086 2852; x_wconf 82' lang='lat' dir='ltr'><strong>sanctos</strong></span> 
     </span>
    </p>
   </div>
   <div class='ocr_carea' id='block_1_45' title="bbox 509 2882 2085 2959">
    <p class='ocr_par' dir='ltr' id='par_1_45' title="bbox 509 2882 2085 2959">
     <span class='ocr_line' id='line_1_45' title="bbox 509 2882 2085 2959; baseline 0.006 -25"><span class='ocrx_word' id='word_1_357' title='bbox 509 2882 808 2952; x_wconf 71' lang='lat' dir='ltr'><strong>apostolos,</strong></span> <span class='ocrx_word' id='word_1_358' title='bbox 836 2884 952 2940; x_wconf 88' lang='lat' dir='ltr'><strong>sive</strong></span> <span class='ocrx_word' id='word_1_359' title='bbox 975 2882 1277 2956; x_wconf 85' lang='lat' dir='ltr'><strong>magistros</strong></span> <span class='ocrx_word' id='word_1_360' title='bbox 1300 2903 1367 2943; x_wconf 76' lang='lat' dir='ltr'><strong>ex</strong></span> <span class='ocrx_word' id='word_1_361' title='bbox 1393 2887 1583 2954; x_wconf 85' lang='lat' dir='ltr'><strong>Israel,</strong></span> <span class='ocrx_word' id='word_1_362' title='bbox 1630 2890 1720 2958; x_wconf 90' lang='lat' dir='ltr'><strong>qui</strong></span> <span class='ocrx_word' id='word_1_363' title='bbox 1756 2899 1812 2944; x_wconf 92' lang='lat' dir='ltr'><strong>et</strong></span> <span class='ocrx_word' id='word_1_364' title='bbox 1842 2890 2085 2959; x_wconf 79' lang='lat' dir='ltr'><strong>gentium</strong></span> 
     </span>
    </p>
   </div>
   <div class='ocr_carea' id='block_1_46' title="bbox 521 2973 2088 3049">
    <p class='ocr_par' dir='ltr' id='par_1_46' title="bbox 521 2973 2088 3049">
     <span class='ocr_line' id='line_1_46' title="bbox 521 2973 2088 3049; baseline 0.005 -22"><span class='ocrx_word' id='word_1_365' title='bbox 521 2973 773 3043; x_wconf 80' lang='lat' dir='ltr'><strong>regiones</strong></span> <span class='ocrx_word' id='word_1_366' title='bbox 810 2986 1218 3044; x_wconf 87' lang='lat' dir='ltr'><strong>percursantes,</strong></span> <span class='ocrx_word' id='word_1_367' title='bbox 1250 2978 1317 3032; x_wconf 84' lang='lat' dir='ltr'><strong>ad</strong></span> <span class='ocrx_word' id='word_1_368' title='bbox 1357 2978 1690 3049; x_wconf 80' lang='lat' dir='ltr'><strong>agnitionem</strong></span> <span class='ocrx_word' id='word_1_369' title='bbox 1727 2980 1969 3035; x_wconf 78' lang='lat' dir='ltr'><strong>veritatis</strong></span> <span class='ocrx_word' id='word_1_370' title='bbox 2003 2979 2088 3034; x_wconf 66' lang='lat' dir='ltr'><strong>iu-</strong></span> 
     </span>
    </p>
   </div>
   <div class='ocr_carea' id='block_1_47' title="bbox 511 3066 2085 3136">
    <p class='ocr_par' dir='ltr' id='par_1_47' title="bbox 511 3066 2085 3136">
     <span class='ocr_line' id='line_1_47' title="bbox 511 3066 2085 3136; baseline 0.004 -17"><span class='ocrx_word' id='word_1_371' title='bbox 511 3066 742 3136; x_wconf 84' lang='lat' dir='ltr'><strong>digenas</strong></span> <span class='ocrx_word' id='word_1_372' title='bbox 774 3076 1061 3134; x_wconf 80' lang='lat' dir='ltr'><strong>vocarunt,</strong></span> <span class='ocrx_word' id='word_1_373' title='bbox 1086 3078 1142 3125; x_wconf 88' lang='lat' dir='ltr'><strong>et</strong></span> <span class='ocrx_word' id='word_1_374' title='bbox 1178 3070 1280 3125; x_wconf 89' lang='lat' dir='ltr'><strong>reti</strong></span> <span class='ocrx_word' id='word_1_375' title='bbox 1309 3085 1408 3127; x_wconf 89' lang='lat' dir='ltr'><strong>suo</strong></span> <span class='ocrx_word' id='word_1_376' title='bbox 1438 3071 1847 3126; x_wconf 88' lang='lat' dir='ltr'><strong>concluserunt.</strong></span> <span class='ocrx_word' id='word_1_377' title='bbox 1882 3071 1973 3125; x_wconf 77' lang='lat' dir='ltr'><strong>Ait</strong></span> <span class='ocrx_word' id='word_1_378' title='bbox 1996 3087 2085 3126; x_wconf 88' lang='lat' dir='ltr'><strong>er-</strong></span> 
     </span>
    </p>
   </div>
   <div class='ocr_carea' id='block_1_48' title="bbox 2260 2242 3775 2315">
    <p class='ocr_par' dir='ltr' id='par_1_48' title="bbox 2260 2242 3775 2315">
     <span class='ocr_line' id='line_1_48' title="bbox 2260 2242 3775 2315; baseline 0 -15"><span class='ocrx_word' id='word_1_379' title='bbox 2260 2246 2415 2300; x_wconf 83' lang='grc' dir='ltr'>Διότι</span> <span class='ocrx_word' id='word_1_380' title='bbox 2462 2244 2728 2299; x_wconf 81' lang='grc' dir='ltr'>ἐνέτεινά</span> <span class='ocrx_word' id='word_1_381' title='bbox 2756 2259 2832 2298; x_wconf 78' lang='grc' dir='ltr'><strong>σε</strong></span> <span class='ocrx_word' id='word_1_382' title='bbox 2883 2242 3137 2315; x_wconf 77' lang='grc' dir='ltr'>ἐμαυτῷ,</span> <span class='ocrx_word' id='word_1_383' title='bbox 3192 2244 3408 2306; x_wconf 75' lang='grc' dir='ltr'>Ἰούδα,</span> <span class='ocrx_word' id='word_1_384' title='bbox 3452 2242 3533 2308; x_wconf 84' lang='grc' dir='ltr'>ὡς</span> <span class='ocrx_word' id='word_1_385' title='bbox 3573 2242 3775 2307; x_wconf 68' lang='grc' dir='ltr'>τόξονι</span> 
     </span>
    </p>
   </div>
   <div class='ocr_carea' id='block_1_49' title="bbox 2188 2340 2880 2410">
    <p class='ocr_par' dir='ltr' id='par_1_49' title="bbox 2188 2340 2880 2410">
     <span class='ocr_line' id='line_1_49' title="bbox 2188 2340 2880 2410; baseline -0.003 -14"><span class='ocrx_word' id='word_1_386' title='bbox 2188 2343 2433 2409; x_wconf 75' lang='grc' dir='ltr'>ἕπλησα</span> <span class='ocrx_word' id='word_1_387' title='bbox 2463 2340 2569 2395; x_wconf 73' lang='grc' dir='ltr'><strong>τὸν</strong></span> <span class='ocrx_word' id='word_1_388' title='bbox 2612 2341 2880 2410; x_wconf 74' lang='grc' dir='ltr'>Ἐφραΐμ.</span> 
     </span>
    </p>
   </div>
   <div class='ocr_carea' id='block_1_50' title="bbox 2260 2426 3774 2499">
    <p class='ocr_par' dir='ltr' id='par_1_50' title="bbox 2260 2426 3774 2499">
     <span class='ocr_line' id='line_1_50' title="bbox 2260 2426 3774 2499; baseline -0.001 -19"><span class='ocrx_word' id='word_1_389' title='bbox 2260 2426 2333 2481; x_wconf 87' lang='grc' dir='ltr'>Ξ’.</span> <span class='ocrx_word' id='word_1_390' title='bbox 2376 2427 2511 2481; x_wconf 83' lang='grc' dir='ltr'>Τίνα</span> <span class='ocrx_word' id='word_1_391' title='bbox 2561 2427 2627 2499; x_wconf 80' lang='grc' dir='ltr'>δὴ</span> <span class='ocrx_word' id='word_1_392' title='bbox 2674 2428 2874 2498; x_wconf 84' lang='grc' dir='ltr'>τρόπον</span> <span class='ocrx_word' id='word_1_393' title='bbox 2912 2427 3243 2499; x_wconf 81' lang='grc' dir='ltr'>κληθήσεταί</span> <span class='ocrx_word' id='word_1_394' title='bbox 3271 2444 3332 2480; x_wconf 89' lang='grc' dir='ltr'><strong>τε</strong></span> <span class='ocrx_word' id='word_1_395' title='bbox 3374 2428 3467 2481; x_wconf 68' lang='grc' dir='ltr'>καὶ</span> <span class='ocrx_word' id='word_1_396' title='bbox 3508 2428 3774 2481; x_wconf 81' lang='grc' dir='ltr'>είσελάσει</span> 
     </span>
    </p>
   </div>
   <div class='ocr_carea' id='block_1_51' title="bbox 2188 2518 3777 2590">
    <p class='ocr_par' dir='ltr' id='par_1_51' title="bbox 2188 2518 3777 2590">
     <span class='ocr_line' id='line_1_51' title="bbox 2188 2518 3777 2590; baseline 0 -18"><span class='ocrx_word' id='word_1_397' title='bbox 2188 2518 2278 2572; x_wconf 80' lang='grc' dir='ltr'><strong>διὰ</strong></span> <span class='ocrx_word' id='word_1_398' title='bbox 2297 2519 2398 2589; x_wconf 84' lang='grc' dir='ltr'>τῆς</span> <span class='ocrx_word' id='word_1_399' title='bbox 2424 2519 2662 2582; x_wconf 86' lang='grc' dir='ltr'>πίστεως</span> <span class='ocrx_word' id='word_1_400' title='bbox 2702 2521 2734 2588; x_wconf 84' lang='grc' dir='ltr'>ἠ</span> <span class='ocrx_word' id='word_1_401' title='bbox 2767 2518 2826 2586; x_wconf 74' lang='grc' dir='ltr'>ἐξ</span> <span class='ocrx_word' id='word_1_402' title='bbox 2853 2518 3022 2574; x_wconf 74' lang='grc' dir='ltr'>ἐθνῶν</span> <span class='ocrx_word' id='word_1_403' title='bbox 3056 2520 3249 2589; x_wconf 81' lang='grc' dir='ltr'>ἀγέλη.</span> <span class='ocrx_word' id='word_1_404' title='bbox 3278 2519 3691 2590; x_wconf 82' lang='grc' dir='ltr'>ταλαιπωρήσει</span> <span class='ocrx_word' id='word_1_405' title='bbox 3718 2519 3777 2573; x_wconf 69' lang='grc' dir='ltr'>δὲ</span> 
     </span>
    </p>
   </div>
   <div class='ocr_carea' id='block_1_52' title="bbox 2193 2612 3775 2682">
    <p class='ocr_par' dir='ltr' id='par_1_52' title="bbox 2193 2612 3775 2682">
     <span class='ocr_line' id='line_1_52' title="bbox 2193 2612 3775 2682; baseline -0.001 -17"><span class='ocrx_word' id='word_1_406' title='bbox 2193 2612 2286 2665; x_wconf 73' lang='grc' dir='ltr'>καὶ</span> <span class='ocrx_word' id='word_1_407' title='bbox 2317 2613 2345 2665; x_wconf 80' lang='grc' dir='ltr'><strong>ό</strong></span> <span class='ocrx_word' id='word_1_408' title='bbox 2372 2612 2540 2666; x_wconf 85' lang='grc' dir='ltr'>πάλαι</span> <span class='ocrx_word' id='word_1_409' title='bbox 2583 2612 2826 2682; x_wconf 82' lang='grc' dir='ltr'>τρυφῶν,</span> <span class='ocrx_word' id='word_1_410' title='bbox 2873 2613 3151 2665; x_wconf 78' lang='grc' dir='ltr'>τουτέστιν</span> <span class='ocrx_word' id='word_1_411' title='bbox 3204 2614 3233 2667; x_wconf 86' lang='grc' dir='ltr'><strong>ό</strong></span> <span class='ocrx_word' id='word_1_412' title='bbox 3269 2612 3535 2676; x_wconf 81' lang='grc' dir='ltr'>Σατανᾶς,</span> <span class='ocrx_word' id='word_1_413' title='bbox 3570 2613 3680 2667; x_wconf 88' lang='grc' dir='ltr'><strong>τῶν</strong></span> <span class='ocrx_word' id='word_1_414' title='bbox 3713 2614 3775 2664; x_wconf 78' lang='grc' dir='ltr'>ὲκ</span> 
     </span>
    </p>
   </div>
   <div class='ocr_carea' id='block_1_53' title="bbox 2193 2702 3779 2775">
    <p class='ocr_par' dir='ltr' id='par_1_53' title="bbox 2193 2702 3779 2775">
     <span class='ocr_line' id='line_1_53' title="bbox 2193 2702 3779 2775; baseline 0 -21"><span class='ocrx_word' id='word_1_415' title='bbox 2193 2702 2505 2770; x_wconf 85' lang='grc' dir='ltr'>πλεονεξίας</span> <span class='ocrx_word' id='word_1_416' title='bbox 2553 2703 2703 2775; x_wconf 82' lang='grc' dir='ltr'>αὐτῷ</span> <span class='ocrx_word' id='word_1_417' title='bbox 2766 2704 3184 2775; x_wconf 87' lang='grc' dir='ltr'>πεπορισμένων</span> <span class='ocrx_word' id='word_1_418' title='bbox 3251 2703 3646 2775; x_wconf 87' lang='grc' dir='ltr'>προσκυνητῶν</span> <span class='ocrx_word' id='word_1_419' title='bbox 3692 2703 3779 2766; x_wconf 66' lang='lat' dir='ltr'><strong>EE-</strong></span> 
     </span>
    </p>
   </div>
   <div class='ocr_carea' id='block_1_54' title="bbox 2192 2794 3778 2868">
    <p class='ocr_par' dir='ltr' id='par_1_54' title="bbox 2192 2794 3778 2868">
     <span class='ocr_line' id='line_1_54' title="bbox 2192 2794 3778 2868; baseline -0.001 -21"><span class='ocrx_word' id='word_1_420' title='bbox 2192 2794 2521 2866; x_wconf 63' lang='lat' dir='ltr'><strong>wﬁoépsvoc,</strong></span> <span class='ocrx_word' id='word_1_421' title='bbox 2561 2796 2839 2868; x_wconf 83' lang='grc' dir='ltr'>διατρανοῖ</span> <span class='ocrx_word' id='word_1_422' title='bbox 2882 2796 3042 2850; x_wconf 84' lang='grc' dir='ltr'>πάλιν</span> <span class='ocrx_word' id='word_1_423' title='bbox 3064 2797 3121 2850; x_wconf 85' lang='grc' dir='ltr'>ὲν</span> <span class='ocrx_word' id='word_1_424' title='bbox 3153 2795 3379 2859; x_wconf 83' lang='grc' dir='ltr'>τούτοις.</span> <span class='ocrx_word' id='word_1_425' title='bbox 3430 2794 3670 2849; x_wconf 86' lang='grc' dir='ltr'>Ποιεῖταί</span> <span class='ocrx_word' id='word_1_426' title='bbox 3710 2811 3778 2862; x_wconf 78' lang='grc' dir='ltr'><strong>γε</strong></span> 
     </span>
    </p>
   </div>
   <div class='ocr_carea' id='block_1_55' title="bbox 2196 2884 3775 2957">
    <p class='ocr_par' dir='ltr' id='par_1_55' title="bbox 2196 2884 3775 2957">
     <span class='ocr_line' id='line_1_55' title="bbox 2196 2884 3775 2957; baseline -0.001 -19"><span class='ocrx_word' id='word_1_427' title='bbox 2196 2887 2303 2956; x_wconf 85' lang='grc' dir='ltr'>μὴν</span> <span class='ocrx_word' id='word_1_428' title='bbox 2350 2886 2441 2939; x_wconf 74' lang='grc' dir='ltr'><strong>τὸν</strong></span> <span class='ocrx_word' id='word_1_429' title='bbox 2489 2886 2665 2954; x_wconf 80' lang='grc' dir='ltr'>λόγον,</span> <span class='ocrx_word' id='word_1_430' title='bbox 2695 2887 2772 2950; x_wconf 85' lang='grc' dir='ltr'>ὡς</span> <span class='ocrx_word' id='word_1_431' title='bbox 2822 2885 2958 2957; x_wconf 78' lang='grc' dir='ltr'>πρὸς</span> <span class='ocrx_word' id='word_1_432' title='bbox 3005 2886 3132 2949; x_wconf 76' lang='grc' dir='ltr'>τοὺς</span> <span class='ocrx_word' id='word_1_433' title='bbox 3184 2886 3371 2954; x_wconf 84' lang='grc' dir='ltr'>ἁγίους</span> <span class='ocrx_word' id='word_1_434' title='bbox 3422 2884 3775 2947; x_wconf 83' lang='grc' dir='ltr'>ἀποστόλους,</span> 
     </span>
    </p>
   </div>
   <div class='ocr_carea' id='block_1_56' title="bbox 2192 2976 3778 3050">
    <p class='ocr_par' dir='ltr' id='par_1_56' title="bbox 2192 2976 3778 3050">
     <span class='ocr_line' id='line_1_56' title="bbox 2192 2976 3778 3050; baseline 0.001 -20"><span class='ocrx_word' id='word_1_435' title='bbox 2192 2977 2309 3047; x_wconf 71' lang='grc' dir='ltr'>ἦτοι</span> <span class='ocrx_word' id='word_1_436' title='bbox 2341 2978 2469 3041; x_wconf 82' lang='grc' dir='ltr'>τοὺς</span> <span class='ocrx_word' id='word_1_437' title='bbox 2508 2976 2569 3043; x_wconf 72' lang='grc' dir='ltr'>ἐξ</span> <span class='ocrx_word' id='word_1_438' title='bbox 2609 2980 2823 3050; x_wconf 76' lang='grc' dir='ltr'>Ἰσραὴλ</span> <span class='ocrx_word' id='word_1_439' title='bbox 2849 2980 3224 3045; x_wconf 77' lang='grc' dir='ltr'>διδασκάλους,</span> <span class='ocrx_word' id='word_1_440' title='bbox 3267 2980 3317 3032; x_wconf 85' lang='grc' dir='ltr'>οἲ</span> <span class='ocrx_word' id='word_1_441' title='bbox 3366 2978 3459 3031; x_wconf 73' lang='grc' dir='ltr'><strong>καὶ</strong></span> <span class='ocrx_word' id='word_1_442' title='bbox 3521 2978 3620 3047; x_wconf 78' lang='grc' dir='ltr'>τὴν</span> <span class='ocrx_word' id='word_1_443' title='bbox 3665 2976 3778 3031; x_wconf 87' lang='grc' dir='ltr'><strong>τῶν</strong></span> 
     </span>
    </p>
   </div>
   <div class='ocr_carea' id='block_1_57' title="bbox 2192 3069 3779 3144">
    <p class='ocr_par' dir='ltr' id='par_1_57' title="bbox 2192 3069 3779 3144">
     <span class='ocr_line' id='line_1_57' title="bbox 2192 3069 3779 3144; baseline 0.001 -23"><span class='ocrx_word' id='word_1_444' title='bbox 2192 3069 2361 3122; x_wconf 74' lang='grc' dir='ltr'>ἐθνῶν</span> <span class='ocrx_word' id='word_1_445' title='bbox 2400 3070 2810 3142; x_wconf 76' lang='grc' dir='ltr'>ὲκπεριθέοντες</span> <span class='ocrx_word' id='word_1_446' title='bbox 2839 3071 3045 3144; x_wconf 84' lang='grc' dir='ltr'>χώραν,</span> <span class='ocrx_word' id='word_1_447' title='bbox 3082 3074 3161 3134; x_wconf 80' lang='grc' dir='ltr'><strong>είς</strong></span> <span class='ocrx_word' id='word_1_448' title='bbox 3191 3072 3487 3138; x_wconf 75' lang='grc' dir='ltr'>ἐπίγνωσιν</span> <span class='ocrx_word' id='word_1_449' title='bbox 3518 3070 3779 3139; x_wconf 82' lang='grc' dir='ltr'>ἀληθείας</span> 
     </span>
    </p>
   </div>
   <div class='ocr_carea' id='block_1_58' title="bbox 511 3135 2090 3235">
    <p class='ocr_par' dir='ltr' id='par_1_58' title="bbox 511 3135 2090 3231">
     <span class='ocr_line' id='line_1_58' title="bbox 511 3135 2090 3231; baseline 0.003 -17"><span class='ocrx_word' id='word_1_450' title='bbox 511 3135 615 3227; x_wconf 75' lang='lat' dir='ltr'><strong>go:</strong></span> <span class='ocrx_word' id='word_1_451' title='bbox 656 3177 675 3212; x_wconf 82' lang='grc' dir='ltr'><strong>ι</strong></span> <span class='ocrx_word' id='word_1_452' title='bbox 712 3157 757 3215; x_wconf 91' lang='lat'><strong>0</strong></span> <span class='ocrx_word' id='word_1_453' title='bbox 807 3157 968 3226; x_wconf 72' lang='lat' dir='ltr'><strong>Iuda,</strong></span> <span class='ocrx_word' id='word_1_454' title='bbox 1022 3160 1227 3217; x_wconf 84' lang='lat' dir='ltr'><strong>intendi</strong></span> <span class='ocrx_word' id='word_1_455' title='bbox 1276 3171 1328 3218; x_wconf 94' lang='lat' dir='ltr'><strong>te</strong></span> <span class='ocrx_word' id='word_1_456' title='bbox 1374 3162 1505 3218; x_wconf 87' lang='lat' dir='ltr'><strong>mihi</strong></span> <span class='ocrx_word' id='word_1_457' title='bbox 1548 3178 1757 3231; x_wconf 85' lang='lat' dir='ltr'><strong>arcum,</strong></span> <span class='ocrx_word' id='word_1_458' title='bbox 1810 3184 1829 3217; x_wconf 84' lang='grc'>›</span> <span class='ocrx_word' id='word_1_459' title='bbox 1870 3165 1972 3220; x_wconf 91' lang='lat' dir='ltr'><strong>hoc</strong></span> <span class='ocrx_word' id='word_1_460' title='bbox 2009 3172 2090 3219; x_wconf 72' lang='lat' dir='ltr'><strong>est</strong></span> 
     </span>
    </p>
   </div>
   <div class='ocr_carea' id='block_1_59' title="bbox 2192 3135 3781 3235">
    <p class='ocr_par' dir='ltr' id='par_1_59' title="bbox 2194 3135 3781 3235">
     <span class='ocr_line' id='line_1_59' title="bbox 2194 3135 3781 3235; baseline -0.001 -20"><span class='ocrx_word' id='word_1_461' title='bbox 2194 3162 2423 3216; x_wconf 76' lang='grc' dir='ltr'>ἐκάλουν</span> <span class='ocrx_word' id='word_1_462' title='bbox 2454 3180 2515 3216; x_wconf 87' lang='grc' dir='ltr'><strong>τε</strong></span> <span class='ocrx_word' id='word_1_463' title='bbox 2540 3135 2651 3217; x_wconf 47' lang='grc' dir='ltr'>’καὶ</span> <span class='ocrx_word' id='word_1_464' title='bbox 2692 3135 3130 3235; x_wconf 27' lang='grc' dir='ltr'>σεσαγῚηνεύκασι</span> <span class='ocrx_word' id='word_1_465' title='bbox 3172 3135 3308 3227; x_wconf 21' lang='grc' dir='ltr'>τοὺς*</span> <span class='ocrx_word' id='word_1_466' title='bbox 3337 3166 3396 3219; x_wconf 77' lang='grc' dir='ltr'>ἑν</span> <span class='ocrx_word' id='word_1_467' title='bbox 3436 3135 3622 3233; x_wconf 40' lang='grc' dir='ltr'>αὐτῇ.-</span> <span class='ocrx_word' id='word_1_468' title='bbox 3646 3181 3665 3214; x_wconf 72' lang='grc' dir='ltr'><strong>ι</strong></span> <span class='ocrx_word' id='word_1_469' title='bbox 3707 3157 3781 3215; x_wconf 81' lang='grc' dir='ltr'><strong><em>Ὦ</em></strong></span> 
     </span>
    </p>
   </div>
   <div class='ocr_carea' id='block_1_60' title="bbox 508 3252 2091 3326">
    <p class='ocr_par' dir='ltr' id='par_1_60' title="bbox 508 3252 2091 3326">
     <span class='ocr_line' id='line_1_60' title="bbox 508 3252 2091 3326; baseline 0.004 -21"><span class='ocrx_word' id='word_1_470' title='bbox 508 3268 607 3319; x_wconf 84' lang='lat' dir='ltr'><strong>per</strong></span> <span class='ocrx_word' id='word_1_471' title='bbox 664 3259 721 3307; x_wconf 89' lang='lat' dir='ltr'><strong>te</strong></span> <span class='ocrx_word' id='word_1_472' title='bbox 773 3252 967 3323; x_wconf 86' lang='lat' dir='ltr'><strong>jaculis</strong></span> <span class='ocrx_word' id='word_1_473' title='bbox 1025 3262 1240 3326; x_wconf 85' lang='lat' dir='ltr'><strong>tangam</strong></span> <span class='ocrx_word' id='word_1_474' title='bbox 1294 3254 1684 3311; x_wconf 87' lang='lat' dir='ltr'><strong>adversarios:</strong></span> <span class='ocrx_word' id='word_1_475' title='bbox 1742 3264 1799 3311; x_wconf 90' lang='lat' dir='ltr'><strong>et</strong></span> <span class='ocrx_word' id='word_1_476' title='bbox 1846 3274 1865 3308; x_wconf 84' lang='grc' dir='ltr'><strong>ι</strong></span> <span class='ocrx_word' id='word_1_477' title='bbox 1925 3255 2024 3321; x_wconf 88' lang='lat' dir='ltr'><strong>Te,</strong></span> <span class='ocrx_word' id='word_1_478' title='bbox 2057 3269 2091 3311; x_wconf 86' lang='grc' dir='ltr'><strong>ο</strong></span> 
     </span>
    </p>
   </div>
   <div class='ocr_carea' id='block_1_61' title="bbox 512 3344 2089 3421">
    <p class='ocr_par' dir='ltr' id='par_1_61' title="bbox 512 3344 2089 3421">
     <span class='ocr_line' id='line_1_61' title="bbox 512 3344 2089 3421; baseline 0.004 -23"><span class='ocrx_word' id='word_1_479' title='bbox 512 3344 790 3414; x_wconf 74' lang='grc' dir='ltr'>Εριιι-οἱηι,</span> <span class='ocrx_word' id='word_1_480' title='bbox 817 3346 1057 3416; x_wconf 86' lang='lat' dir='ltr'><strong>implevi.</strong></span> <span class='ocrx_word' id='word_1_481' title='bbox 1096 3369 1118 3400; x_wconf 70' lang='grc' dir='ltr'><strong>ι</strong></span> <span class='ocrx_word' id='word_1_482' title='bbox 1151 3347 1304 3413; x_wconf 86' lang='lat' dir='ltr'><strong>Quod</strong></span> <span class='ocrx_word' id='word_1_483' title='bbox 1336 3349 1466 3418; x_wconf 91' lang='lat' dir='ltr'><strong>quid</strong></span> <span class='ocrx_word' id='word_1_484' title='bbox 1494 3349 1590 3415; x_wconf 85' lang='lat' dir='ltr'><strong>sit,</strong></span> <span class='ocrx_word' id='word_1_485' title='bbox 1628 3349 1804 3405; x_wconf 82' lang='lat' dir='ltr'><strong>dicam</strong></span> <span class='ocrx_word' id='word_1_486' title='bbox 1851 3363 2089 3421; x_wconf 87' lang='lat' dir='ltr'><strong>quoque.</strong></span> 
     </span>
    </p>
   </div>
   <div class='ocr_carea' id='block_1_62' title="bbox 512 3436 2091 3508">
    <p class='ocr_par' dir='ltr' id='par_1_62' title="bbox 512 3436 2091 3508">
     <span class='ocr_line' id='line_1_62' title="bbox 512 3436 2091 3508; baseline 0.004 -19"><span class='ocrx_word' id='word_1_487' title='bbox 512 3436 648 3490; x_wconf 87' lang='lat' dir='ltr'><strong>Cum</strong></span> <span class='ocrx_word' id='word_1_488' title='bbox 710 3438 856 3492; x_wconf 87' lang='lat' dir='ltr'><strong>enim</strong></span> <span class='ocrx_word' id='word_1_489' title='bbox 913 3439 1183 3506; x_wconf 85' lang='lat' dir='ltr'><strong>sagittarii</strong></span> <span class='ocrx_word' id='word_1_490' title='bbox 1243 3439 1504 3496; x_wconf 76' lang='lat' dir='ltr'><strong>ferratum</strong></span> <span class='ocrx_word' id='word_1_491' title='bbox 1545 3457 1730 3497; x_wconf 89' lang='lat' dir='ltr'><strong>arcum</strong></span> <span class='ocrx_word' id='word_1_492' title='bbox 1774 3451 2091 3508; x_wconf 87' lang='lat' dir='ltr'><strong>curvantes,</strong></span> 
     </span>
    </p>
   </div>
   <div class='ocr_carea' id='block_1_63' title="bbox 517 3528 2095 3599">
    <p class='ocr_par' dir='ltr' id='par_1_63' title="bbox 517 3528 2095 3599">
     <span class='ocr_line' id='line_1_63' title="bbox 517 3528 2095 3599; baseline 0.003 -19"><span class='ocrx_word' id='word_1_493' title='bbox 517 3543 742 3583; x_wconf 83' lang='lat' dir='ltr'><strong>nervum</strong></span> <span class='ocrx_word' id='word_1_494' title='bbox 795 3528 861 3583; x_wconf 87' lang='lat' dir='ltr'><strong>ad</strong></span> <span class='ocrx_word' id='word_1_495' title='bbox 908 3538 1099 3599; x_wconf 82' lang='lat' dir='ltr'><strong>pectus</strong></span> <span class='ocrx_word' id='word_1_496' title='bbox 1155 3528 1405 3595; x_wconf 85' lang='lat' dir='ltr'><strong>addunt,</strong></span> <span class='ocrx_word' id='word_1_497' title='bbox 1460 3540 1587 3584; x_wconf 89' lang='lat' dir='ltr'><strong>tunc</strong></span> <span class='ocrx_word' id='word_1_498' title='bbox 1629 3544 1816 3584; x_wconf 88' lang='lat' dir='ltr'><strong>arcum</strong></span> <span class='ocrx_word' id='word_1_499' title='bbox 1870 3529 2095 3599; x_wconf 88' lang='lat' dir='ltr'><strong>implere</strong></span> 
     </span>
    </p>
   </div>
   <div class='ocr_carea' id='block_1_64' title="bbox 515 3619 2092 3692">
    <p class='ocr_par' dir='ltr' id='par_1_64' title="bbox 515 3619 2092 3692">
     <span class='ocr_line' id='line_1_64' title="bbox 515 3619 2092 3692; baseline 0.004 -23"><span class='ocrx_word' id='word_1_500' title='bbox 515 3619 795 3687; x_wconf 79' lang='lat' dir='ltr'><strong>dicuntur,</strong></span> <span class='ocrx_word' id='word_1_501' title='bbox 827 3628 877 3675; x_wconf 91' lang='lat' dir='ltr'><strong>et</strong></span> <span class='ocrx_word' id='word_1_502' title='bbox 908 3623 1163 3692; x_wconf 88' lang='lat' dir='ltr'><strong>sagittam</strong></span> <span class='ocrx_word' id='word_1_503' title='bbox 1206 3620 1499 3689; x_wconf 85' lang='lat' dir='ltr'><strong>volantem,</strong></span> <span class='ocrx_word' id='word_1_504' title='bbox 1536 3622 1653 3679; x_wconf 84' lang='lat' dir='ltr'><strong>sive</strong></span> <span class='ocrx_word' id='word_1_505' title='bbox 1680 3620 1843 3677; x_wconf 87' lang='lat' dir='ltr'><strong>telum</strong></span> <span class='ocrx_word' id='word_1_506' title='bbox 1861 3621 2092 3692; x_wconf 88' lang='lat' dir='ltr'><strong>jaciunt.</strong></span> 
     </span>
    </p>
   </div>
   <div class='ocr_carea' id='block_1_65' title="bbox 518 3710 2096 3782">
    <p class='ocr_par' dir='ltr' id='par_1_65' title="bbox 518 3710 2096 3782">
     <span class='ocr_line' id='line_1_65' title="bbox 518 3710 2096 3782; baseline 0.001 -17"><span class='ocrx_word' id='word_1_507' title='bbox 518 3710 612 3765; x_wconf 82' lang='lat' dir='ltr'><strong>Est</strong></span> <span class='ocrx_word' id='word_1_508' title='bbox 639 3710 804 3782; x_wconf 86' lang='lat' dir='ltr'><strong>igitur</strong></span> <span class='ocrx_word' id='word_1_509' title='bbox 828 3710 972 3766; x_wconf 83' lang='lat' dir='ltr'><strong>idem</strong></span> <span class='ocrx_word' id='word_1_510' title='bbox 1008 3710 1225 3767; x_wconf 84' lang='lat' dir='ltr'><strong>diverse</strong></span> <span class='ocrx_word' id='word_1_511' title='bbox 1266 3711 1491 3767; x_wconf 82' lang='lat' dir='ltr'><strong>dictum.</strong></span> <span class='ocrx_word' id='word_1_512' title='bbox 1525 3712 1728 3767; x_wconf 79' lang='lat' dir='ltr'><strong>Areum</strong></span> <span class='ocrx_word' id='word_1_513' title='bbox 1766 3719 1819 3767; x_wconf 91' lang='lat' dir='ltr'><strong>te</strong></span> <span class='ocrx_word' id='word_1_514' title='bbox 1845 3710 1972 3778; x_wconf 84' lang='lat' dir='ltr'><strong>feci,</strong></span> <span class='ocrx_word' id='word_1_515' title='bbox 2013 3711 2096 3766; x_wconf 91' lang='lat' dir='ltr'><strong>in-</strong></span> 
     </span>
    </p>
   </div>
   <div class='ocr_carea' id='block_1_66' title="bbox 519 3802 2096 3875">
    <p class='ocr_par' dir='ltr' id='par_1_66' title="bbox 519 3802 2096 3875">
     <span class='ocr_line' id='line_1_66' title="bbox 519 3802 2096 3875; baseline 0.001 -17"><span class='ocrx_word' id='word_1_516' title='bbox 519 3806 658 3874; x_wconf 88' lang='lat' dir='ltr'><strong>quit,</strong></span> <span class='ocrx_word' id='word_1_517' title='bbox 673 3821 708 3860; x_wconf 93' lang='lat' dir='ltr'><strong>o</strong></span> <span class='ocrx_word' id='word_1_518' title='bbox 728 3804 863 3859; x_wconf 79' lang='lat' dir='ltr'><strong>Juda</strong></span> <span class='ocrx_word' id='word_1_519' title='bbox 890 3821 906 3871; x_wconf 90' lang='lat'><strong>;</strong></span> <span class='ocrx_word' id='word_1_520' title='bbox 930 3804 1147 3875; x_wconf 83' lang='lat' dir='ltr'><strong>implevi</strong></span> <span class='ocrx_word' id='word_1_521' title='bbox 1172 3804 1335 3859; x_wconf 88' lang='lat' dir='ltr'><strong>etiam</strong></span> <span class='ocrx_word' id='word_1_522' title='bbox 1356 3814 1431 3871; x_wconf 89' lang='lat' dir='ltr'><strong>te,</strong></span> <span class='ocrx_word' id='word_1_523' title='bbox 1452 3805 1731 3875; x_wconf 87' lang='lat' dir='ltr'><strong>Ephraim.</strong></span> <span class='ocrx_word' id='word_1_524' title='bbox 1751 3802 1918 3860; x_wconf 78' lang='lat' dir='ltr'><strong>Judas</strong></span> <span class='ocrx_word' id='word_1_525' title='bbox 1934 3818 2096 3873; x_wconf 90' lang='lat' dir='ltr'><strong>porro</strong></span> 
     </span>
    </p>
   </div>
   <div class='ocr_carea' id='block_1_67' title="bbox 515 3895 2098 3965">
    <p class='ocr_par' dir='ltr' id='par_1_67' title="bbox 515 3895 2098 3965">
     <span class='ocr_line' id='line_1_67' title="bbox 515 3895 2098 3965; baseline -0.001 -14"><span class='ocrx_word' id='word_1_526' title='bbox 515 3906 573 3951; x_wconf 87' lang='lat' dir='ltr'><strong>et</strong></span> <span class='ocrx_word' id='word_1_527' title='bbox 605 3897 863 3965; x_wconf 83' lang='lat' dir='ltr'><strong>Ephraim</strong></span> <span class='ocrx_word' id='word_1_528' title='bbox 894 3896 1213 3951; x_wconf 85' lang='lat' dir='ltr'><strong>universum</strong></span> <span class='ocrx_word' id='word_1_529' title='bbox 1250 3910 1426 3965; x_wconf 87' lang='lat' dir='ltr'><strong>genus</strong></span> <span class='ocrx_word' id='word_1_530' title='bbox 1455 3895 1817 3951; x_wconf 85' lang='lat' dir='ltr'><strong>lsraeliticum</strong></span> <span class='ocrx_word' id='word_1_531' title='bbox 1859 3895 2098 3965; x_wconf 79' lang='lat' dir='ltr'><strong>comple-</strong></span> 
     </span>
    </p>
   </div>
   <div class='ocr_carea' id='block_1_68' title="bbox 517 3983 2095 4056">
    <p class='ocr_par' dir='ltr' id='par_1_68' title="bbox 517 3983 2095 4056">
     <span class='ocr_line' id='line_1_68' title="bbox 517 3983 2095 4056; baseline 0 -15"><span class='ocrx_word' id='word_1_532' title='bbox 517 3996 760 4041; x_wconf 79' lang='lat' dir='ltr'><strong>ctuntur.</strong></span> <span class='ocrx_word' id='word_1_533' title='bbox 793 3984 982 4056; x_wconf 84' lang='lat' dir='ltr'><strong>Itaque</strong></span> <span class='ocrx_word' id='word_1_534' title='bbox 1014 3993 1141 4041; x_wconf 89' lang='lat' dir='ltr'><strong>ante</strong></span> <span class='ocrx_word' id='word_1_535' title='bbox 1167 3985 1306 4041; x_wconf 84' lang='lat' dir='ltr'><strong>alios</strong></span> <span class='ocrx_word' id='word_1_536' title='bbox 1322 4002 1389 4042; x_wconf 80' lang='lat' dir='ltr'><strong>ex</strong></span> <span class='ocrx_word' id='word_1_537' title='bbox 1411 3983 1610 4041; x_wconf 65' lang='lat' dir='ltr'><strong>Iudaeis</strong></span> <span class='ocrx_word' id='word_1_538' title='bbox 1634 3987 1922 4042; x_wconf 87' lang='lat' dir='ltr'><strong>credentes</strong></span> <span class='ocrx_word' id='word_1_539' title='bbox 1950 3985 2095 4041; x_wconf 87' lang='lat' dir='ltr'><strong>velut</strong></span> 
     </span>
    </p>
   </div>
   <div class='ocr_carea' id='block_1_69' title="bbox 517 4078 2099 4149">
    <p class='ocr_par' dir='ltr' id='par_1_69' title="bbox 517 4078 2099 4149">
     <span class='ocr_line' id='line_1_69' title="bbox 517 4078 2099 4149; baseline -0.001 -15"><span class='ocrx_word' id='word_1_540' title='bbox 517 4095 705 4136; x_wconf 87' lang='lat' dir='ltr'><strong>arcum</strong></span> <span class='ocrx_word' id='word_1_541' title='bbox 736 4079 885 4145; x_wconf 79' lang='lat' dir='ltr'><strong>fecit,</strong></span> <span class='ocrx_word' id='word_1_542' title='bbox 941 4093 1007 4134; x_wconf 93' lang='lat' dir='ltr'><strong>eo</strong></span> <span class='ocrx_word' id='word_1_543' title='bbox 1040 4079 1203 4133; x_wconf 83' lang='lat' dir='ltr'><strong>animi</strong></span> <span class='ocrx_word' id='word_1_544' title='bbox 1243 4085 1550 4148; x_wconf 90' lang='lat' dir='ltr'><strong>provectos,</strong></span> <span class='ocrx_word' id='word_1_545' title='bbox 1600 4086 1662 4133; x_wconf 91' lang='lat' dir='ltr'><strong>ut</strong></span> <span class='ocrx_word' id='word_1_546' title='bbox 1698 4086 1885 4149; x_wconf 85' lang='lat' dir='ltr'><strong>gentes</strong></span> <span class='ocrx_word' id='word_1_547' title='bbox 1943 4078 2099 4134; x_wconf 81' lang='lat' dir='ltr'><strong>insti-</strong></span> 
     </span>
    </p>
   </div>
   <div class='ocr_carea' id='block_1_70' title="bbox 519 4167 2094 4240">
    <p class='ocr_par' dir='ltr' id='par_1_70' title="bbox 519 4167 2094 4240">
     <span class='ocr_line' id='line_1_70' title="bbox 519 4167 2094 4240; baseline -0.001 -16"><span class='ocrx_word' id='word_1_548' title='bbox 519 4178 754 4234; x_wconf 87' lang='lat' dir='ltr'><strong>tuerent,</strong></span> <span class='ocrx_word' id='word_1_549' title='bbox 795 4176 850 4223; x_wconf 87' lang='lat' dir='ltr'><strong>et</strong></span> <span class='ocrx_word' id='word_1_550' title='bbox 882 4182 914 4223; x_wconf 91' lang='lat' dir='ltr'><strong>a</strong></span> <span class='ocrx_word' id='word_1_551' title='bbox 940 4167 1181 4223; x_wconf 83' lang='lat' dir='ltr'><strong>seductis</strong></span> <span class='ocrx_word' id='word_1_552' title='bbox 1206 4167 1514 4223; x_wconf 69' lang='lat' dir='ltr'><strong>daemonum</strong></span> <span class='ocrx_word' id='word_1_553' title='bbox 1558 4182 1752 4240; x_wconf 85' lang='lat' dir='ltr'><strong>greges</strong></span> <span class='ocrx_word' id='word_1_554' title='bbox 1796 4168 2094 4238; x_wconf 84' lang='lat' dir='ltr'><strong>abigerent,</strong></span> 
     </span>
    </p>
   </div>
   <div class='ocr_carea' id='block_1_71' title="bbox 519 4261 2097 4336">
    <p class='ocr_par' dir='ltr' id='par_1_71' title="bbox 519 4261 2097 4336">
     <span class='ocr_line' id='line_1_71' title="bbox 519 4261 2097 4336; baseline 0 -20"><span class='ocrx_word' id='word_1_555' title='bbox 519 4263 859 4336; x_wconf 78' lang='lat' dir='ltr'><strong>terirentque</strong></span> <span class='ocrx_word' id='word_1_556' title='bbox 910 4261 1192 4327; x_wconf 87' lang='lat' dir='ltr'><strong>Satanam,</strong></span> <span class='ocrx_word' id='word_1_557' title='bbox 1222 4269 1278 4317; x_wconf 90' lang='lat' dir='ltr'><strong>et</strong></span> <span class='ocrx_word' id='word_1_558' title='bbox 1306 4262 1562 4319; x_wconf 84' lang='lat' dir='ltr'><strong>universe</strong></span> <span class='ocrx_word' id='word_1_559' title='bbox 1616 4261 1819 4317; x_wconf 86' lang='lat' dir='ltr'><strong>divinis</strong></span> <span class='ocrx_word' id='word_1_560' title='bbox 1862 4262 2097 4318; x_wconf 84' lang='lat' dir='ltr'><strong>decretis</strong></span> 
     </span>
    </p>
   </div>
   <div class='ocr_carea' id='block_1_72' title="bbox 518 4353 2097 4425">
    <p class='ocr_par' dir='ltr' id='par_1_72' title="bbox 518 4353 2097 4425">
     <span class='ocr_line' id='line_1_72' title="bbox 518 4353 2097 4425; baseline -0.002 -16"><span class='ocrx_word' id='word_1_561' title='bbox 518 4357 892 4421; x_wconf 82' lang='lat' dir='ltr'><strong>adversantes,</strong></span> <span class='ocrx_word' id='word_1_562' title='bbox 932 4366 988 4411; x_wconf 90' lang='lat' dir='ltr'><strong>et</strong></span> <span class='ocrx_word' id='word_1_563' title='bbox 1027 4355 1291 4411; x_wconf 71' lang='lat' dir='ltr'><strong>doctrinas</strong></span> <span class='ocrx_word' id='word_1_564' title='bbox 1328 4369 1501 4410; x_wconf 69' lang='lat' dir='ltr'><strong>sacrae</strong></span> <span class='ocrx_word' id='word_1_565' title='bbox 1551 4354 1679 4410; x_wconf 89' lang='lat' dir='ltr'><strong>inde</strong></span> <span class='ocrx_word' id='word_1_566' title='bbox 1727 4353 2097 4425; x_wconf 80' lang='lat' dir='ltr'><strong>proﬁciscenti</strong></span> 
     </span>
    </p>
   </div>
   <div class='ocr_carea' id='block_1_73' title="bbox 2208 3254 3775 3327">
    <p class='ocr_par' dir='ltr' id='par_1_73' title="bbox 2208 3254 3775 3327">
     <span class='ocr_line' id='line_1_73' title="bbox 2208 3254 3775 3327; baseline -0.001 -20"><span class='ocrx_word' id='word_1_567' title='bbox 2208 3254 2396 3319; x_wconf 77' lang='grc' dir='ltr'>Ἰούδα,</span> <span class='ocrx_word' id='word_1_568' title='bbox 2438 3256 2619 3310; x_wconf 83' lang='grc' dir='ltr'>τοίνυν</span> <span class='ocrx_word' id='word_1_569' title='bbox 2661 3258 2847 3326; x_wconf 76' lang='grc' dir='ltr'>φησὶν,</span> <span class='ocrx_word' id='word_1_570' title='bbox 2884 3257 3124 3311; x_wconf 85' lang='grc' dir='ltr'>ένέτεινά</span> <span class='ocrx_word' id='word_1_571' title='bbox 3177 3274 3235 3310; x_wconf 85' lang='grc' dir='ltr'><strong>σε</strong></span> <span class='ocrx_word' id='word_1_572' title='bbox 3284 3256 3504 3327; x_wconf 79' lang='grc' dir='ltr'>ἐμαυτῴ</span> <span class='ocrx_word' id='word_1_573' title='bbox 3535 3254 3711 3320; x_wconf 81' lang='grc' dir='ltr'>τόξον,</span> <span class='ocrx_word' id='word_1_574' title='bbox 3753 3273 3775 3305; x_wconf 75' lang='grc' dir='ltr'><strong>ι</strong></span> 
     </span>
    </p>
   </div>
   <div class='ocr_carea' id='block_1_74' title="bbox 2193 3347 3782 3416">
    <p class='ocr_par' dir='ltr' id='par_1_74' title="bbox 2193 3347 3782 3416">
     <span class='ocr_line' id='line_1_74' title="bbox 2193 3347 3782 3416; baseline -0.001 -16"><span class='ocrx_word' id='word_1_575' title='bbox 2193 3349 2436 3401; x_wconf 84' lang='grc' dir='ltr'>τουτέστι</span> <span class='ocrx_word' id='word_1_576' title='bbox 2471 3348 2560 3402; x_wconf 80' lang='grc' dir='ltr'><strong>διὰ</strong></span> <span class='ocrx_word' id='word_1_577' title='bbox 2592 3349 2687 3403; x_wconf 81' lang='grc' dir='ltr'><strong>σοῦ</strong></span> <span class='ocrx_word' id='word_1_578' title='bbox 2720 3349 2963 3416; x_wconf 75' lang='grc' dir='ltr'>τοξεύσω</span> <span class='ocrx_word' id='word_1_579' title='bbox 2984 3350 3110 3413; x_wconf 74' lang='grc' dir='ltr'>τοὺς</span> <span class='ocrx_word' id='word_1_580' title='bbox 3143 3348 3493 3411; x_wconf 81' lang='grc' dir='ltr'>ὑπεναντίους</span> <span class='ocrx_word' id='word_1_581' title='bbox 3514 3363 3526 3375; x_wconf 87' lang='grc'><strong>·</strong></span> <span class='ocrx_word' id='word_1_582' title='bbox 3552 3347 3648 3400; x_wconf 79' lang='grc' dir='ltr'>καὶ</span> <span class='ocrx_word' id='word_1_583' title='bbox 3675 3366 3693 3397; x_wconf 82' lang='grc' dir='ltr'><strong>ι</strong></span> <span class='ocrx_word' id='word_1_584' title='bbox 3719 3348 3782 3399; x_wconf 75' lang='grc' dir='ltr'>σὲ</span> 
     </span>
    </p>
   </div>
   <div class='ocr_carea' id='block_1_75' title="bbox 2194 3435 3778 3513">
    <p class='ocr_par' dir='ltr' id='par_1_75' title="bbox 2194 3435 3778 3513">
     <span class='ocr_line' id='line_1_75' title="bbox 2194 3435 3778 3513; baseline -0.004 -18"><span class='ocrx_word' id='word_1_585' title='bbox 2194 3440 2269 3507; x_wconf 86' lang='grc' dir='ltr'>δὲ,</span> <span class='ocrx_word' id='word_1_586' title='bbox 2313 3435 2359 3494; x_wconf 77' lang='grc' dir='ltr'>ὦ</span> <span class='ocrx_word' id='word_1_587' title='bbox 2400 3441 2660 3513; x_wconf 83' lang='grc' dir='ltr'>Ἐφραῒμ,</span> <span class='ocrx_word' id='word_1_588' title='bbox 2697 3442 2929 3512; x_wconf 76' lang='grc' dir='ltr'>ἔπλησα.</span> <span class='ocrx_word' id='word_1_589' title='bbox 2974 3459 2992 3492; x_wconf 72' lang='lat' dir='ltr'><strong>s</strong></span> <span class='ocrx_word' id='word_1_590' title='bbox 3040 3441 3149 3493; x_wconf 78' lang='grc' dir='ltr'><strong>Καὶ</strong></span> <span class='ocrx_word' id='word_1_591' title='bbox 3186 3441 3239 3493; x_wconf 89' lang='grc' dir='ltr'><strong>τί</strong></span> <span class='ocrx_word' id='word_1_592' title='bbox 3287 3440 3352 3510; x_wconf 84' lang='grc' dir='ltr'>δὴ</span> <span class='ocrx_word' id='word_1_593' title='bbox 3401 3437 3558 3491; x_wconf 77' lang='grc' dir='ltr'>τοῦτό</span> <span class='ocrx_word' id='word_1_594' title='bbox 3607 3439 3778 3499; x_wconf 72' lang='grc' dir='ltr'>ἔστιν,</span> 
     </span>
    </p>
   </div>
   <div class='ocr_carea' id='block_1_76' title="bbox 2196 3529 3782 3603">
    <p class='ocr_par' dir='ltr' id='par_1_76' title="bbox 2196 3529 3782 3603">
     <span class='ocr_line' id='line_1_76' title="bbox 2196 3529 3782 3603; baseline -0.002 -20"><span class='ocrx_word' id='word_1_595' title='bbox 2196 3531 2307 3603; x_wconf 71' lang='grc' dir='ltr'>ἐρῶ</span> <span class='ocrx_word' id='word_1_596' title='bbox 2350 3532 2532 3586; x_wconf 86' lang='grc' dir='ltr'>πάλιν.</span> <span class='ocrx_word' id='word_1_597' title='bbox 2586 3533 2715 3585; x_wconf 86' lang='grc' dir='ltr'>Ὅτε</span> <span class='ocrx_word' id='word_1_598' title='bbox 2764 3533 2872 3602; x_wconf 85' lang='grc' dir='ltr'>γὰρ</span> <span class='ocrx_word' id='word_1_599' title='bbox 2923 3533 3021 3601; x_wconf 80' lang='grc' dir='ltr'>τῆς</span> <span class='ocrx_word' id='word_1_600' title='bbox 3059 3531 3272 3597; x_wconf 78' lang='grc' dir='ltr'>τοξείας</span> <span class='ocrx_word' id='word_1_601' title='bbox 3313 3530 3362 3582; x_wconf 79' lang='grc' dir='ltr'>οἱ</span> <span class='ocrx_word' id='word_1_602' title='bbox 3419 3529 3782 3599; x_wconf 75' lang='grc' dir='ltr'>ἐπιστήμονες</span> 
     </span>
    </p>
   </div>
   <div class='ocr_carea' id='block_1_77' title="bbox 2194 3620 3781 3694">
    <p class='ocr_par' dir='ltr' id='par_1_77' title="bbox 2194 3620 3781 3694">
     <span class='ocr_line' id='line_1_77' title="bbox 2194 3620 3781 3694; baseline -0.004 -16"><span class='ocrx_word' id='word_1_603' title='bbox 2194 3621 2395 3694; x_wconf 77' lang='grc' dir='ltr'>νευρὰν</span> <span class='ocrx_word' id='word_1_604' title='bbox 2432 3624 2530 3694; x_wconf 84' lang='grc' dir='ltr'>μὲν</span> <span class='ocrx_word' id='word_1_605' title='bbox 2566 3623 2740 3693; x_wconf 78' lang='grc' dir='ltr'>μαζῷ,</span> <span class='ocrx_word' id='word_1_606' title='bbox 2766 3623 2859 3677; x_wconf 83' lang='grc' dir='ltr'>τοῦ</span> <span class='ocrx_word' id='word_1_607' title='bbox 2889 3624 2946 3676; x_wconf 86' lang='grc' dir='ltr'>δὲ</span> <span class='ocrx_word' id='word_1_608' title='bbox 2988 3622 3140 3687; x_wconf 80' lang='grc' dir='ltr'>τόξου</span> <span class='ocrx_word' id='word_1_609' title='bbox 3173 3621 3263 3675; x_wconf 80' lang='grc' dir='ltr'><strong>τδν</strong></span> <span class='ocrx_word' id='word_1_610' title='bbox 3307 3621 3524 3692; x_wconf 79' lang='grc' dir='ltr'>σίδηρον</span> <span class='ocrx_word' id='word_1_611' title='bbox 3556 3620 3781 3688; x_wconf 78' lang='grc' dir='ltr'>ἄγουσιν</span> 
     </span>
    </p>
   </div>
   <div class='ocr_carea' id='block_1_78' title="bbox 2197 3711 3784 3784">
    <p class='ocr_par' dir='ltr' id='par_1_78' title="bbox 2197 3711 3784 3784">
     <span class='ocr_line' id='line_1_78' title="bbox 2197 3711 3784 3784; baseline 0 -19"><span class='ocrx_word' id='word_1_612' title='bbox 2197 3713 2385 3782; x_wconf 71' lang='grc' dir='ltr'>ιγγὺς,</span> <span class='ocrx_word' id='word_1_613' title='bbox 2420 3713 2540 3768; x_wconf 86' lang='grc' dir='ltr'>τότε</span> <span class='ocrx_word' id='word_1_614' title='bbox 2575 3715 2781 3784; x_wconf 84' lang='grc' dir='ltr'>πλῆσαι</span> <span class='ocrx_word' id='word_1_615' title='bbox 2815 3714 2878 3766; x_wconf 81' lang='grc' dir='ltr'>τὸ</span> <span class='ocrx_word' id='word_1_616' title='bbox 2901 3714 3053 3779; x_wconf 79' lang='grc' dir='ltr'>τόξον</span> <span class='ocrx_word' id='word_1_617' title='bbox 3096 3714 3368 3783; x_wconf 83' lang='grc' dir='ltr'>λέγονται,</span> <span class='ocrx_word' id='word_1_618' title='bbox 3401 3713 3657 3784; x_wconf 86' lang='grc' dir='ltr'>βάλλουσι</span> <span class='ocrx_word' id='word_1_619' title='bbox 3689 3711 3784 3765; x_wconf 77' lang='grc' dir='ltr'><strong>καὶ</strong></span> 
     </span>
    </p>
   </div>
   <div class='ocr_carea' id='block_1_79' title="bbox 2196 3804 3783 3877">
    <p class='ocr_par' dir='ltr' id='par_1_79' title="bbox 2196 3804 3783 3877">
     <span class='ocr_line' id='line_1_79' title="bbox 2196 3804 3783 3877; baseline 0.001 -20"><span class='ocrx_word' id='word_1_620' title='bbox 2196 3804 2548 3876; x_wconf 81' lang='grc' dir='ltr'>διιπτάμενον</span> <span class='ocrx_word' id='word_1_621' title='bbox 2605 3805 2696 3860; x_wconf 84' lang='grc' dir='ltr'>τὸν</span> <span class='ocrx_word' id='word_1_622' title='bbox 2753 3806 2848 3872; x_wconf 79' lang='grc' dir='ltr'>ιδν,</span> <span class='ocrx_word' id='word_1_623' title='bbox 2909 3806 3028 3877; x_wconf 76' lang='grc' dir='ltr'>ἦτοι</span> <span class='ocrx_word' id='word_1_624' title='bbox 3075 3806 3137 3859; x_wconf 85' lang='grc' dir='ltr'>τὸ</span> <span class='ocrx_word' id='word_1_625' title='bbox 3173 3805 3345 3875; x_wconf 80' lang='grc' dir='ltr'>βέλος.</span> <span class='ocrx_word' id='word_1_626' title='bbox 3400 3806 3555 3859; x_wconf 83' lang='grc' dir='ltr'>Ἔστι</span> <span class='ocrx_word' id='word_1_627' title='bbox 3600 3805 3783 3858; x_wconf 88' lang='grc' dir='ltr'>τοίνυν</span> 
     </span>
    </p>
   </div>
   <div class='ocr_carea' id='block_1_80' title="bbox 2196 3893 3779 3967">
    <p class='ocr_par' dir='ltr' id='par_1_80' title="bbox 2196 3893 3779 3967">
     <span class='ocr_line' id='line_1_80' title="bbox 2196 3893 3779 3967; baseline -0.001 -19"><span class='ocrx_word' id='word_1_628' title='bbox 2196 3893 2330 3948; x_wconf 79' lang='grc' dir='ltr'>αὐτὸ</span> <span class='ocrx_word' id='word_1_629' title='bbox 2384 3894 2656 3966; x_wconf 85' lang='grc' dir='ltr'>διαφόρως</span> <span class='ocrx_word' id='word_1_630' title='bbox 2710 3895 3045 3967; x_wconf 83' lang='grc' dir='ltr'>πεφαμένον.</span> <span class='ocrx_word' id='word_1_631' title='bbox 3084 3895 3249 3961; x_wconf 73' lang='grc' dir='ltr'>Τόξον</span> <span class='ocrx_word' id='word_1_632' title='bbox 3320 3913 3381 3949; x_wconf 89' lang='grc' dir='ltr'><strong>σε</strong></span> <span class='ocrx_word' id='word_1_633' title='bbox 3446 3896 3779 3967; x_wconf 83' lang='grc' dir='ltr'>πεποίημαι,</span> 
     </span>
    </p>
   </div>
   <div class='ocr_carea' id='block_1_81' title="bbox 2198 3979 3786 4060">
    <p class='ocr_par' dir='ltr' id='par_1_81' title="bbox 2198 3979 3786 4060">
     <span class='ocr_line' id='line_1_81' title="bbox 2198 3979 3786 4060; baseline 0.001 -23"><span class='ocrx_word' id='word_1_634' title='bbox 2198 3984 2385 4054; x_wconf 75' lang='grc' dir='ltr'>φησὶν,</span> <span class='ocrx_word' id='word_1_635' title='bbox 2415 3979 2462 4039; x_wconf 82' lang='grc' dir='ltr'><strong>ὧ</strong></span> <span class='ocrx_word' id='word_1_636' title='bbox 2489 3985 2679 4052; x_wconf 82' lang='grc' dir='ltr'>Ἰούδα,</span> <span class='ocrx_word' id='word_1_637' title='bbox 2710 3984 2922 4057; x_wconf 76' lang='grc' dir='ltr'>ἐπλησα</span> <span class='ocrx_word' id='word_1_638' title='bbox 2950 3987 3007 4039; x_wconf 82' lang='grc' dir='ltr'>δὲ</span> <span class='ocrx_word' id='word_1_639' title='bbox 3032 3987 3134 4041; x_wconf 83' lang='grc' dir='ltr'><strong>καί</strong></span> <span class='ocrx_word' id='word_1_640' title='bbox 3172 4004 3252 4054; x_wconf 91' lang='grc' dir='ltr'><strong>σε,</strong></span> <span class='ocrx_word' id='word_1_641' title='bbox 3276 3984 3321 4040; x_wconf 81' lang='grc' dir='ltr'>ὦ</span> <span class='ocrx_word' id='word_1_642' title='bbox 3362 3988 3621 4060; x_wconf 82' lang='grc' dir='ltr'>Ἐφραῖμ.</span> <span class='ocrx_word' id='word_1_643' title='bbox 3661 3986 3786 4040; x_wconf 81' lang='grc' dir='ltr'>Ἰού-</span> 
     </span>
    </p>
   </div>
   <div class='ocr_carea' id='block_1_82' title="bbox 2197 4077 3786 4150">
    <p class='ocr_par' dir='ltr' id='par_1_82' title="bbox 2197 4077 3786 4150">
     <span class='ocr_line' id='line_1_82' title="bbox 2197 4077 3786 4150; baseline 0.001 -19"><span class='ocrx_word' id='word_1_644' title='bbox 2197 4077 2293 4141; x_wconf 88' lang='grc' dir='ltr'><strong>δας</strong></span> <span class='ocrx_word' id='word_1_645' title='bbox 2341 4077 2399 4130; x_wconf 83' lang='grc' dir='ltr'>δὲ</span> <span class='ocrx_word' id='word_1_646' title='bbox 2433 4078 2526 4132; x_wconf 77' lang='grc' dir='ltr'><strong>καὶ</strong></span> <span class='ocrx_word' id='word_1_647' title='bbox 2560 4078 2802 4150; x_wconf 83' lang='grc' dir='ltr'>Ἐφραῒμ</span> <span class='ocrx_word' id='word_1_648' title='bbox 2834 4079 2981 4134; x_wconf 76' lang='grc' dir='ltr'>ἅπαν</span> <span class='ocrx_word' id='word_1_649' title='bbox 3024 4079 3142 4132; x_wconf 79' lang='grc' dir='ltr'>ἐστὶ</span> <span class='ocrx_word' id='word_1_650' title='bbox 3179 4080 3241 4134; x_wconf 83' lang='grc' dir='ltr'>τὸ</span> <span class='ocrx_word' id='word_1_651' title='bbox 3268 4081 3425 4150; x_wconf 84' lang='grc' dir='ltr'>γένος</span> <span class='ocrx_word' id='word_1_652' title='bbox 3455 4081 3518 4134; x_wconf 76' lang='grc' dir='ltr'>τὸ</span> <span class='ocrx_word' id='word_1_653' title='bbox 3564 4080 3627 4144; x_wconf 78' lang='grc' dir='ltr'><strong>ἐξ</strong></span> <span class='ocrx_word' id='word_1_654' title='bbox 3684 4080 3786 4133; x_wconf 84' lang='grc' dir='ltr'><strong>Ἰσ-</strong></span> 
     </span>
    </p>
   </div>
   <div class='ocr_carea' id='block_1_83' title="bbox 2202 4168 3788 4243">
    <p class='ocr_par' dir='ltr' id='par_1_83' title="bbox 2202 4168 3788 4243">
     <span class='ocr_line' id='line_1_83' title="bbox 2202 4168 3788 4243; baseline 0.002 -22"><span class='ocrx_word' id='word_1_655' title='bbox 2202 4168 2361 4239; x_wconf 85' lang='grc' dir='ltr'>ραήλ.</span> <span class='ocrx_word' id='word_1_656' title='bbox 2407 4170 2616 4223; x_wconf 79' lang='grc' dir='ltr'>Οὐκοῦν</span> <span class='ocrx_word' id='word_1_657' title='bbox 2667 4170 2821 4236; x_wconf 78' lang='grc' dir='ltr'>τόξον</span> <span class='ocrx_word' id='word_1_658' title='bbox 2878 4171 3172 4243; x_wconf 80' lang='grc' dir='ltr'>ὤσπερ-τι</span> <span class='ocrx_word' id='word_1_659' title='bbox 3212 4173 3505 4242; x_wconf 86' lang='grc' dir='ltr'>πεποίηται</span> <span class='ocrx_word' id='word_1_660' title='bbox 3551 4173 3681 4235; x_wconf 84' lang='grc' dir='ltr'>τοὺς</span> <span class='ocrx_word' id='word_1_661' title='bbox 3724 4170 3788 4236; x_wconf 77' lang='grc' dir='ltr'>ἐξ</span> 
     </span>
    </p>
   </div>
   <div class='ocr_carea' id='block_1_84' title="bbox 2213 4259 3787 4334">
    <p class='ocr_par' dir='ltr' id='par_1_84' title="bbox 2213 4259 3787 4334">
     <span class='ocr_line' id='line_1_84' title="bbox 2213 4259 3787 4334; baseline 0.003 -22"><span class='ocrx_word' id='word_1_662' title='bbox 2213 4259 2481 4314; x_wconf 82' lang='grc' dir='ltr'>Ἰουδαίων</span> <span class='ocrx_word' id='word_1_663' title='bbox 2506 4262 2941 4326; x_wconf 86' lang='grc' dir='ltr'>πεπιστευκότας</span> <span class='ocrx_word' id='word_1_664' title='bbox 2961 4263 3066 4333; x_wconf 85' lang='grc' dir='ltr'>πρὸ</span> <span class='ocrx_word' id='word_1_665' title='bbox 3085 4264 3194 4318; x_wconf 89' lang='grc' dir='ltr'><strong>τῶν</strong></span> <span class='ocrx_word' id='word_1_666' title='bbox 3214 4263 3408 4327; x_wconf 79' lang='grc' dir='ltr'>ἄλλων,</span> <span class='ocrx_word' id='word_1_667' title='bbox 3434 4264 3524 4316; x_wconf 69' lang='grc' dir='ltr'>κα“</span> <span class='ocrx_word' id='word_1_668' title='bbox 3555 4263 3787 4334; x_wconf 81' lang='grc' dir='ltr'>γνώμης</span> 
     </span>
    </p>
   </div>
   <div class='ocr_carea' id='block_1_85' title="bbox 2200 4349 3787 4421">
    <p class='ocr_par' dir='ltr' id='par_1_85' title="bbox 2200 4349 3787 4421">
     <span class='ocr_line' id='line_1_85' title="bbox 2200 4349 3787 4421; baseline 0.001 -20"><span class='ocrx_word' id='word_1_669' title='bbox 2200 4351 2281 4413; x_wconf 82' lang='grc' dir='ltr'><strong>εἰς</strong></span> <span class='ocrx_word' id='word_1_670' title='bbox 2306 4349 2462 4402; x_wconf 78' lang='grc' dir='ltr'>τοῦτο</span> <span class='ocrx_word' id='word_1_671' title='bbox 2495 4350 2947 4421; x_wconf 88' lang='grc' dir='ltr'>προεληλυθότας,</span> <span class='ocrx_word' id='word_1_672' title='bbox 2979 4353 3054 4416; x_wconf 87' lang='grc' dir='ltr'>ὼς</span> <span class='ocrx_word' id='word_1_673' title='bbox 3083 4350 3211 4421; x_wconf 78' lang='grc' dir='ltr'>ἔθνη</span> <span class='ocrx_word' id='word_1_674' title='bbox 3262 4351 3653 4420; x_wconf 85' lang='grc' dir='ltr'>παιδαγωγεῖν,</span> <span class='ocrx_word' id='word_1_675' title='bbox 3689 4350 3787 4404; x_wconf 75' lang='grc' dir='ltr'>καὶ</span> 
     </span>
    </p>
   </div>
   <div class='ocr_carea' id='block_1_86' title="bbox 520 4439 2090 4539">
    <p class='ocr_par' dir='ltr' id='par_1_86' title="bbox 520 4445 2090 4518">
     <span class='ocr_line' id='line_1_86' title="bbox 520 4445 2090 4518; baseline -0.002 -15"><span class='ocrx_word' id='word_1_676' title='bbox 520 4457 909 4518; x_wconf 78' lang='lat' dir='ltr'><strong>repugnantes.</strong></span> <span class='ocrx_word' id='word_1_677' title='bbox 944 4447 1037 4501; x_wconf 86' lang='lat' dir='ltr'><strong>Sic</strong></span> <span class='ocrx_word' id='word_1_678' title='bbox 1078 4446 1277 4505; x_wconf 87' lang='lat' dir='ltr'><strong>alicubi</strong></span> <span class='ocrx_word' id='word_1_679' title='bbox 1316 4454 1371 4501; x_wconf 88' lang='lat' dir='ltr'><strong>et</strong></span> <span class='ocrx_word' id='word_1_680' title='bbox 1402 4446 1621 4501; x_wconf 85' lang='lat' dir='ltr'><strong>divinus</strong></span> <span class='ocrx_word' id='word_1_681' title='bbox 1654 4445 1824 4501; x_wconf 89' lang='lat' dir='ltr'><strong>David</strong></span> <span class='ocrx_word' id='word_1_682' title='bbox 1866 4446 1933 4499; x_wconf 86' lang='lat' dir='ltr'><strong>ad</strong></span> <span class='ocrx_word' id='word_1_683' title='bbox 1977 4445 2090 4500; x_wconf 91' lang='lat' dir='ltr'><strong>uni-</strong></span> 
     </span>
    </p>
   </div>
   <div class='ocr_carea' id='block_1_87' title="bbox 2192 4439 3786 4539">
    <p class='ocr_par' dir='ltr' id='par_1_87' title="bbox 2201 4439 3786 4511">
     <span class='ocr_line' id='line_1_87' title="bbox 2201 4439 3786 4511; baseline -0.001 -19"><span class='ocrx_word' id='word_1_684' title='bbox 2201 4439 2310 4493; x_wconf 84' lang='grc' dir='ltr'><strong>τῶν</strong></span> <span class='ocrx_word' id='word_1_685' title='bbox 2338 4440 2708 4509; x_wconf 86' lang='grc' dir='ltr'>πλανωμένων</span> <span class='ocrx_word' id='word_1_686' title='bbox 2739 4440 3029 4493; x_wconf 78' lang='grc' dir='ltr'>ἀποσοϐεῖν</span> <span class='ocrx_word' id='word_1_687' title='bbox 3070 4440 3168 4505; x_wconf 80' lang='grc' dir='ltr'><strong>τὰς</strong></span> <span class='ocrx_word' id='word_1_688' title='bbox 3207 4440 3314 4494; x_wconf 92' lang='grc' dir='ltr'><strong>τῶν</strong></span> <span class='ocrx_word' id='word_1_689' title='bbox 3357 4440 3631 4511; x_wconf 88' lang='grc' dir='ltr'>δαιμόνων</span> <span class='ocrx_word' id='word_1_690' title='bbox 3653 4439 3786 4507; x_wconf 78' lang='grc' dir='ltr'>ἀγέ-</span> 
     </span>
    </p>
   </div>
   <div class='ocr_carea' id='block_1_88' title="bbox 519 4536 2099 4602">
    <p class='ocr_par' dir='ltr' id='par_1_88' title="bbox 519 4536 2099 4602">
     <span class='ocr_line' id='line_1_88' title="bbox 519 4536 2099 4602; baseline -0.001 -11"><span class='ocrx_word' id='word_1_691' title='bbox 519 4552 799 4593; x_wconf 80' lang='lat' dir='ltr'><strong>versurum</strong></span> <span class='ocrx_word' id='word_1_692' title='bbox 829 4536 998 4591; x_wconf 90' lang='lat' dir='ltr'><strong>Deum</strong></span> <span class='ocrx_word' id='word_1_693' title='bbox 1032 4546 1088 4592; x_wconf 88' lang='lat' dir='ltr'><strong>et</strong></span> <span class='ocrx_word' id='word_1_694' title='bbox 1116 4536 1500 4591; x_wconf 83' lang='lat' dir='ltr'><strong>Salvatorem:</strong></span> <span class='ocrx_word' id='word_1_695' title='bbox 1540 4555 1561 4589; x_wconf 76' lang='grc' dir='ltr'><strong>ι</strong></span> <span class='ocrx_word' id='word_1_696' title='bbox 1605 4536 1827 4602; x_wconf 69' lang='lat' dir='ltr'><strong>Sagittae</strong></span> <span class='ocrx_word' id='word_1_697' title='bbox 1875 4545 1979 4590; x_wconf 64' lang='lat' dir='ltr'><strong>tua</strong></span> <span class='ocrx_word' id='word_1_698' title='bbox 2009 4550 2099 4590; x_wconf 82' lang='lat' dir='ltr'><strong>sa-</strong></span> 
     </span>
    </p>
   </div>
   <div class='ocr_carea' id='block_1_89' title="bbox 520 4628 2101 4699">
    <p class='ocr_par' dir='ltr' id='par_1_89' title="bbox 520 4628 2101 4699">
     <span class='ocr_line' id='line_1_89' title="bbox 520 4628 2101 4699; baseline -0.003 -12"><span class='ocrx_word' id='word_1_699' title='bbox 520 4632 649 4687; x_wconf 89' lang='lat' dir='ltr'><strong>lutis</strong></span> <span class='ocrx_word' id='word_1_700' title='bbox 701 4640 893 4696; x_wconf 71' lang='lat' dir='ltr'><strong>acutar,</strong></span> <span class='ocrx_word' id='word_1_701' title='bbox 944 4644 980 4685; x_wconf 93' lang='lat' dir='ltr'><strong>o</strong></span> <span class='ocrx_word' id='word_1_702' title='bbox 1018 4639 1230 4699; x_wconf 86' lang='lat' dir='ltr'><strong>potens,</strong></span> <span class='ocrx_word' id='word_1_703' title='bbox 1283 4630 1464 4699; x_wconf 87' lang='lat' dir='ltr'><strong>populi</strong></span> <span class='ocrx_word' id='word_1_704' title='bbox 1525 4628 1627 4683; x_wconf 90' lang='lat' dir='ltr'><strong>sub</strong></span> <span class='ocrx_word' id='word_1_705' title='bbox 1674 4636 1729 4682; x_wconf 84' lang='lat' dir='ltr'><strong>te</strong></span> <span class='ocrx_word' id='word_1_706' title='bbox 1783 4628 1999 4695; x_wconf 84' lang='lat' dir='ltr'><strong>cadent,</strong></span> <span class='ocrx_word' id='word_1_707' title='bbox 2048 4628 2101 4683; x_wconf 89' lang='lat' dir='ltr'><strong>in</strong></span> 
     </span>
    </p>
   </div>
   <div class='ocr_carea' id='block_1_90' title="bbox 519 4720 2102 4793">
    <p class='ocr_par' dir='ltr' id='par_1_90' title="bbox 519 4720 2102 4793">
     <span class='ocr_line' id='line_1_90' title="bbox 519 4720 2102 4793; baseline -0.003 -13"><span class='ocrx_word' id='word_1_708' title='bbox 519 4725 687 4781; x_wconf 78' lang='lat' dir='ltr'><strong>corde</strong></span> <span class='ocrx_word' id='word_1_709' title='bbox 728 4724 1070 4779; x_wconf 86' lang='lat' dir='ltr'><strong>inimicorum</strong></span> <span class='ocrx_word' id='word_1_710' title='bbox 1102 4722 1247 4793; x_wconf 87' lang='lat' dir='ltr'><strong>regis</strong></span> <span class='ocrx_word' id='word_1_711' title='bbox 1278 4721 1321 4776; x_wconf 82' lang='grc'>⁸.</span> <span class='ocrx_word' id='word_1_712' title='bbox 1364 4741 1383 4773; x_wconf 86' lang='grc'>›</span> <span class='ocrx_word' id='word_1_713' title='bbox 1420 4721 1645 4777; x_wconf 82' lang='lat' dir='ltr'><strong>Feriunt</strong></span> <span class='ocrx_word' id='word_1_714' title='bbox 1680 4722 1824 4775; x_wconf 84' lang='lat' dir='ltr'><strong>enim</strong></span> <span class='ocrx_word' id='word_1_715' title='bbox 1851 4720 2102 4776; x_wconf 85' lang='lat' dir='ltr'><strong>inimicos</strong></span> 
     </span>
    </p>
   </div>
   <div class='ocr_carea' id='block_1_91' title="bbox 519 4811 2097 4881">
    <p class='ocr_par' dir='ltr' id='par_1_91' title="bbox 519 4811 2097 4881">
     <span class='ocr_line' id='line_1_91' title="bbox 519 4811 2097 4881; baseline -0.004 -10"><span class='ocrx_word' id='word_1_716' title='bbox 519 4818 615 4872; x_wconf 86' lang='lat' dir='ltr'><strong>Dei</strong></span> <span class='ocrx_word' id='word_1_717' title='bbox 635 4827 684 4873; x_wconf 91' lang='lat' dir='ltr'><strong>et</strong></span> <span class='ocrx_word' id='word_1_718' title='bbox 713 4815 890 4871; x_wconf 81' lang='lat' dir='ltr'><strong>Patris</strong></span> <span class='ocrx_word' id='word_1_719' title='bbox 913 4814 965 4870; x_wconf 91' lang='lat' dir='ltr'><strong>in</strong></span> <span class='ocrx_word' id='word_1_720' title='bbox 987 4829 1104 4879; x_wconf 91' lang='lat' dir='ltr'><strong>eor,</strong></span> <span class='ocrx_word' id='word_1_721' title='bbox 1127 4825 1182 4870; x_wconf 91' lang='lat' dir='ltr'><strong>et</strong></span> <span class='ocrx_word' id='word_1_722' title='bbox 1204 4829 1360 4869; x_wconf 85' lang='lat' dir='ltr'><strong>renes</strong></span> <span class='ocrx_word' id='word_1_723' title='bbox 1384 4814 1530 4868; x_wconf 90' lang='lat' dir='ltr'><strong>intus</strong></span> <span class='ocrx_word' id='word_1_724' title='bbox 1556 4812 1768 4881; x_wconf 62' lang='lat' dir='ltr'><strong>sagittae</strong></span> <span class='ocrx_word' id='word_1_725' title='bbox 1795 4811 2033 4881; x_wconf 82' lang='lat' dir='ltr'><strong>potentis</strong></span> <span class='ocrx_word' id='word_1_726' title='bbox 2057 4812 2097 4877; x_wconf 83' lang='grc'>⁸,</span> 
     </span>
    </p>
   </div>
   <div class='ocr_carea' id='block_1_92' title="bbox 524 4903 2097 4976">
    <p class='ocr_par' dir='ltr' id='par_1_92' title="bbox 524 4903 2097 4976">
     <span class='ocr_line' id='line_1_92' title="bbox 524 4903 2097 4976; baseline -0.006 -8"><span class='ocrx_word' id='word_1_727' title='bbox 524 4916 631 4970; x_wconf 83' lang='lat' dir='ltr'><strong>hoc</strong></span> <span class='ocrx_word' id='word_1_728' title='bbox 668 4919 755 4966; x_wconf 85' lang='lat' dir='ltr'><strong>est</strong></span> <span class='ocrx_word' id='word_1_729' title='bbox 792 4908 1016 4965; x_wconf 87' lang='lat' dir='ltr'><strong>Christi.</strong></span> <span class='ocrx_word' id='word_1_730' title='bbox 1048 4906 1287 4961; x_wconf 81' lang='lat' dir='ltr'><strong>Rursum</strong></span> <span class='ocrx_word' id='word_1_731' title='bbox 1315 4905 1529 4976; x_wconf 66' lang='lat' dir='ltr'><strong>sagittae</strong></span> <span class='ocrx_word' id='word_1_732' title='bbox 1562 4904 1683 4974; x_wconf 87' lang='lat' dir='ltr'><strong>ejus</strong></span> <span class='ocrx_word' id='word_1_733' title='bbox 1715 4912 1844 4960; x_wconf 87' lang='lat' dir='ltr'><strong>sunt</strong></span> <span class='ocrx_word' id='word_1_734' title='bbox 1870 4904 1962 4972; x_wconf 82' lang='lat' dir='ltr'><strong>qui</strong></span> <span class='ocrx_word' id='word_1_735' title='bbox 1999 4903 2097 4958; x_wconf 81' lang='lat' dir='ltr'><strong>do-</strong></span> 
     </span>
    </p>
   </div>
   <div class='ocr_carea' id='block_1_93' title="bbox 521 4996 2094 5066">
    <p class='ocr_par' dir='ltr' id='par_1_93' title="bbox 521 4996 2094 5066">
     <span class='ocr_line' id='line_1_93' title="bbox 521 4996 2094 5066; baseline -0.003 -9"><span class='ocrx_word' id='word_1_736' title='bbox 521 5011 648 5057; x_wconf 83' lang='lat' dir='ltr'><strong>cent</strong></span> <span class='ocrx_word' id='word_1_737' title='bbox 676 5010 947 5066; x_wconf 88' lang='lat' dir='ltr'><strong>errantes,</strong></span> <span class='ocrx_word' id='word_1_738' title='bbox 1002 5007 1057 5054; x_wconf 90' lang='lat' dir='ltr'><strong>et</strong></span> <span class='ocrx_word' id='word_1_739' title='bbox 1086 5011 1279 5053; x_wconf 84' lang='lat' dir='ltr'><strong>natura</strong></span> <span class='ocrx_word' id='word_1_740' title='bbox 1314 5008 1368 5054; x_wconf 90' lang='lat' dir='ltr'><strong>et</strong></span> <span class='ocrx_word' id='word_1_741' title='bbox 1395 5012 1523 5053; x_wconf 91' lang='lat' dir='ltr'><strong>vere</strong></span> <span class='ocrx_word' id='word_1_742' title='bbox 1563 4996 1731 5053; x_wconf 89' lang='lat' dir='ltr'><strong>Deum</strong></span> <span class='ocrx_word' id='word_1_743' title='bbox 1768 4996 2094 5053; x_wconf 83' lang='lat' dir='ltr'><strong>nescientes.</strong></span> 
     </span>
    </p>
   </div>
   <div class='ocr_carea' id='block_1_94' title="bbox 520 5089 2097 5158">
    <p class='ocr_par' dir='ltr' id='par_1_94' title="bbox 520 5089 2097 5158">
     <span class='ocr_line' id='line_1_94' title="bbox 520 5089 2097 5158; baseline -0.003 -8"><span class='ocrx_word' id='word_1_744' title='bbox 520 5094 746 5150; x_wconf 84' lang='lat' dir='ltr'><strong>Feriunt</strong></span> <span class='ocrx_word' id='word_1_745' title='bbox 773 5103 977 5158; x_wconf 88' lang='lat' dir='ltr'><strong>autem,</strong></span> <span class='ocrx_word' id='word_1_746' title='bbox 1013 5106 1121 5148; x_wconf 87' lang='lat' dir='ltr'><strong>non</strong></span> <span class='ocrx_word' id='word_1_747' title='bbox 1149 5092 1217 5146; x_wconf 87' lang='lat' dir='ltr'><strong>ad</strong></span> <span class='ocrx_word' id='word_1_748' title='bbox 1252 5101 1505 5153; x_wconf 84' lang='lat' dir='ltr'><strong>mortem.</strong></span> <span class='ocrx_word' id='word_1_749' title='bbox 1539 5092 1638 5147; x_wconf 87' lang='lat' dir='ltr'><strong>sed</strong></span> <span class='ocrx_word' id='word_1_750' title='bbox 1677 5090 1743 5145; x_wconf 91' lang='lat' dir='ltr'><strong>ad</strong></span> <span class='ocrx_word' id='word_1_751' title='bbox 1777 5089 2097 5147; x_wconf 86' lang='lat' dir='ltr'><strong>charitatem</strong></span> 
     </span>
    </p>
   </div>
   <div class='ocr_carea' id='block_1_95' title="bbox 523 5180 2095 5251">
    <p class='ocr_par' dir='ltr' id='par_1_95' title="bbox 523 5180 2095 5251">
     <span class='ocr_line' id='line_1_95' title="bbox 523 5180 2095 5251; baseline -0.003 -12"><span class='ocrx_word' id='word_1_752' title='bbox 523 5188 577 5239; x_wconf 89' lang='lat' dir='ltr'><strong>in</strong></span> <span class='ocrx_word' id='word_1_753' title='bbox 608 5183 829 5239; x_wconf 85' lang='lat' dir='ltr'><strong>Christo</strong></span> <span class='ocrx_word' id='word_1_754' title='bbox 886 5196 981 5238; x_wconf 86' lang='lat' dir='ltr'><strong>eos</strong></span> <span class='ocrx_word' id='word_1_755' title='bbox 1014 5182 1303 5248; x_wconf 86' lang='lat' dir='ltr'><strong>deducent,</strong></span> <span class='ocrx_word' id='word_1_756' title='bbox 1356 5189 1415 5236; x_wconf 87' lang='lat' dir='ltr'><strong>ut</strong></span> <span class='ocrx_word' id='word_1_757' title='bbox 1462 5189 1517 5236; x_wconf 88' lang='lat' dir='ltr'><strong>et</strong></span> <span class='ocrx_word' id='word_1_758' title='bbox 1564 5182 1666 5237; x_wconf 87' lang='lat' dir='ltr'><strong>sub</strong></span> <span class='ocrx_word' id='word_1_759' title='bbox 1723 5182 1840 5251; x_wconf 88' lang='lat' dir='ltr'><strong>ipso</strong></span> <span class='ocrx_word' id='word_1_760' title='bbox 1876 5180 2095 5236; x_wconf 84' lang='lat' dir='ltr'><strong>feriant.</strong></span> 
     </span>
    </p>
   </div>
   <div class='ocr_carea' id='block_1_96' title="bbox 524 5274 2103 5345">
    <p class='ocr_par' dir='ltr' id='par_1_96' title="bbox 524 5274 2103 5345">
     <span class='ocr_line' id='line_1_96' title="bbox 524 5274 2103 5345; baseline -0.001 -16"><span class='ocrx_word' id='word_1_761' title='bbox 524 5277 713 5344; x_wconf 82' lang='lat' dir='ltr'><strong>Qualis</strong></span> <span class='ocrx_word' id='word_1_762' title='bbox 750 5285 832 5331; x_wconf 87' lang='lat' dir='ltr'><strong>est</strong></span> <span class='ocrx_word' id='word_1_763' title='bbox 861 5290 981 5345; x_wconf 62' lang='lat' dir='ltr'><strong>quae</strong></span> <span class='ocrx_word' id='word_1_764' title='bbox 1024 5276 1077 5330; x_wconf 91' lang='lat' dir='ltr'><strong>in</strong></span> <span class='ocrx_word' id='word_1_765' title='bbox 1109 5276 1346 5330; x_wconf 76' lang='lat' dir='ltr'><strong>Canticis</strong></span> <span class='ocrx_word' id='word_1_766' title='bbox 1381 5274 1718 5330; x_wconf 82' lang='lat' dir='ltr'><strong>canticorum</strong></span> <span class='ocrx_word' id='word_1_767' title='bbox 1767 5288 1965 5343; x_wconf 85' lang='lat' dir='ltr'><strong>sponsa</strong></span> <span class='ocrx_word' id='word_1_768' title='bbox 2006 5274 2103 5329; x_wconf 89' lang='lat' dir='ltr'><strong>de-</strong></span> 
     </span>
    </p>
   </div>
   <div class='ocr_carea' id='block_1_97' title="bbox 523 5366 2106 5439">
    <p class='ocr_par' dir='ltr' id='par_1_97' title="bbox 523 5366 2106 5439">
     <span class='ocr_line' id='line_1_97' title="bbox 523 5366 2106 5439; baseline -0.003 -13"><span class='ocrx_word' id='word_1_769' title='bbox 523 5369 808 5434; x_wconf 86' lang='lat' dir='ltr'><strong>scribitur,</strong></span> <span class='ocrx_word' id='word_1_770' title='bbox 848 5369 1038 5423; x_wconf 90' lang='lat' dir='ltr'><strong>dicens</strong></span> <span class='ocrx_word' id='word_1_771' title='bbox 1082 5382 1380 5439; x_wconf 81' lang='lat' dir='ltr'><strong>expresse:</strong></span> <span class='ocrx_word' id='word_1_772' title='bbox 1412 5386 1431 5419; x_wconf 77' lang='grc' dir='ltr'><strong>ι</strong></span> <span class='ocrx_word' id='word_1_773' title='bbox 1476 5368 1767 5423; x_wconf 78' lang='lat' dir='ltr'><strong>Vulnerata</strong></span> <span class='ocrx_word' id='word_1_774' title='bbox 1817 5366 2106 5421; x_wconf 88' lang='lat' dir='ltr'><strong>charitatis</strong></span> 
     </span>
    </p>
   </div>
   <div class='ocr_carea' id='block_1_98' title="bbox 522 5457 2105 5527">
    <p class='ocr_par' dir='ltr' id='par_1_98' title="bbox 522 5457 2105 5527">
     <span class='ocr_line' id='line_1_98' title="bbox 522 5457 2105 5527; baseline -0.001 -15"><span class='ocrx_word' id='word_1_775' title='bbox 522 5474 623 5527; x_wconf 77' lang='lat' dir='ltr'><strong>rgo</strong></span> <span class='ocrx_word' id='word_1_776' title='bbox 658 5473 776 5513; x_wconf 90' lang='lat' dir='ltr'><strong>sum</strong></span> <span class='ocrx_word' id='word_1_777' title='bbox 814 5460 879 5511; x_wconf 80' lang='lat'><strong>“.</strong></span> <span class='ocrx_word' id='word_1_778' title='bbox 920 5478 938 5511; x_wconf 71' lang='grc' dir='ltr'><strong>ι</strong></span> <span class='ocrx_word' id='word_1_779' title='bbox 972 5460 1224 5515; x_wconf 84' lang='lat' dir='ltr'><strong>Evasisse</strong></span> <span class='ocrx_word' id='word_1_780' title='bbox 1268 5469 1445 5515; x_wconf 86' lang='lat' dir='ltr'><strong>autem</strong></span> <span class='ocrx_word' id='word_1_781' title='bbox 1491 5458 1821 5515; x_wconf 79' lang='lat' dir='ltr'><strong>fortissimos</strong></span> <span class='ocrx_word' id='word_1_782' title='bbox 1859 5474 1923 5513; x_wconf 87' lang='lat' dir='ltr'><strong>ac</strong></span> <span class='ocrx_word' id='word_1_783' title='bbox 1969 5457 2105 5511; x_wconf 88' lang='lat' dir='ltr'><strong>vali-</strong></span> 
     </span>
    </p>
   </div>
   <div class='ocr_carea' id='block_1_99' title="bbox 523 5550 2101 5622">
    <p class='ocr_par' dir='ltr' id='par_1_99' title="bbox 523 5550 2101 5622">
     <span class='ocr_line' id='line_1_99' title="bbox 523 5550 2101 5622; baseline 0.001 -21"><span class='ocrx_word' id='word_1_784' title='bbox 523 5552 779 5607; x_wconf 65' lang='lat' dir='ltr'><strong>dissimos</strong></span> <span class='ocrx_word' id='word_1_785' title='bbox 808 5551 1021 5607; x_wconf 79' lang='lat' dir='ltr'><strong>divinos</strong></span> <span class='ocrx_word' id='word_1_786' title='bbox 1049 5553 1368 5622; x_wconf 89' lang='lat' dir='ltr'><strong>discipulos,</strong></span> <span class='ocrx_word' id='word_1_787' title='bbox 1405 5552 1729 5607; x_wconf 76' lang='lat' dir='ltr'><strong>testificatur</strong></span> <span class='ocrx_word' id='word_1_788' title='bbox 1774 5553 1842 5605; x_wconf 87' lang='lat' dir='ltr'><strong>de</strong></span> <span class='ocrx_word' id='word_1_789' title='bbox 1876 5550 2011 5619; x_wconf 84' lang='lat' dir='ltr'><strong>ipsis</strong></span> <span class='ocrx_word' id='word_1_790' title='bbox 2049 5550 2101 5603; x_wconf 91' lang='lat' dir='ltr'><strong>in</strong></span> 
     </span>
    </p>
   </div>
   <div class='ocr_carea' id='block_1_100' title="bbox 528 5641 2101 5717">
    <p class='ocr_par' dir='ltr' id='par_1_100' title="bbox 528 5641 2101 5717">
     <span class='ocr_line' id='line_1_100' title="bbox 528 5641 2101 5717; baseline -0.003 -19"><span class='ocrx_word' id='word_1_791' title='bbox 528 5646 723 5714; x_wconf 72' lang='lat' dir='ltr'><strong>Spiritu</strong></span> <span class='ocrx_word' id='word_1_792' title='bbox 776 5646 1002 5717; x_wconf 89' lang='lat' dir='ltr'><strong>loquens</strong></span> <span class='ocrx_word' id='word_1_793' title='bbox 1050 5647 1263 5716; x_wconf 81' lang='lat' dir='ltr'><strong>sapiens</strong></span> <span class='ocrx_word' id='word_1_794' title='bbox 1312 5645 1812 5715; x_wconf 78' lang='lat' dir='ltr'><strong>I’salmographus:</strong></span> <span class='ocrx_word' id='word_1_795' title='bbox 1870 5662 1885 5695; x_wconf 85' lang='grc' dir='ltr'><strong>ι</strong></span> <span class='ocrx_word' id='word_1_796' title='bbox 1947 5641 2101 5698; x_wconf 88' lang='lat' dir='ltr'><strong>Sicut</strong></span> 
     </span>
    </p>
   </div>
   <div class='ocr_carea' id='block_1_101' title="bbox 614 5814 2064 5889">
    <p class='ocr_par' dir='ltr' id='par_1_101' title="bbox 614 5814 2064 5889">
     <span class='ocr_line' id='line_1_101' title="bbox 614 5814 2064 5889; baseline -0.006 -14"><span class='ocrx_word' id='word_1_797' title='bbox 614 5821 633 5855; x_wconf 75' lang='grc'><strong>⁷</strong></span> <span class='ocrx_word' id='word_1_798' title='bbox 658 5817 788 5876; x_wconf 72' lang='lat' dir='ltr'><strong>Luc.</strong></span> <span class='ocrx_word' id='word_1_799' title='bbox 821 5835 892 5889; x_wconf 74' lang='lat' dir='ltr'><strong>vr,</strong></span> <span class='ocrx_word' id='word_1_800' title='bbox 920 5817 1008 5874; x_wconf 78' lang='lat'><strong>38.</strong></span> <span class='ocrx_word' id='word_1_801' title='bbox 1085 5817 1263 5873; x_wconf 71' lang='lat' dir='ltr'><strong>&#39;Psal.</strong></span> <span class='ocrx_word' id='word_1_802' title='bbox 1304 5832 1446 5870; x_wconf 66' lang='lat' dir='ltr'><strong>XLIV.</strong></span> <span class='ocrx_word' id='word_1_803' title='bbox 1487 5816 1536 5873; x_wconf 78' lang='grc'>6.</span> <span class='ocrx_word' id='word_1_804' title='bbox 1635 5819 1652 5837; x_wconf 76' lang='grc'><strong><em>⁵</em></strong></span> <span class='ocrx_word' id='word_1_805' title='bbox 1678 5815 1815 5869; x_wconf 68' lang='lat' dir='ltr'><strong>Psal.</strong></span> <span class='ocrx_word' id='word_1_806' title='bbox 1849 5814 2064 5880; x_wconf 50' lang='lat' dir='ltr'><strong>cuni.</strong></span> 
     </span>
    </p>
   </div>
   <div class='ocr_carea' id='block_1_102' title="bbox 748 6050 771 6081">
    <p class='ocr_par' dir='ltr' id='par_1_102' title="bbox 748 6050 771 6081">
     <span class='ocr_line' id='line_1_102' title="bbox 748 6050 771 6081; baseline 0 0"><span class='ocrx_word' id='word_1_807' title='bbox 748 6050 771 6081; x_wconf 60' lang='grc' dir='ltr'><strong>ἰν</strong></span> 
     </span>
    </p>
   </div>
   <div class='ocr_carea' id='block_1_103' title="bbox 2202 4530 3785 4600">
    <p class='ocr_par' dir='ltr' id='par_1_103' title="bbox 2202 4530 3785 4600">
     <span class='ocr_line' id='line_1_103' title="bbox 2202 4530 3785 4600; baseline -0.001 -15"><span class='ocrx_word' id='word_1_808' title='bbox 2202 4530 2323 4596; x_wconf 89' lang='grc' dir='ltr'>λας,</span> <span class='ocrx_word' id='word_1_809' title='bbox 2346 4532 2672 4585; x_wconf 82' lang='grc' dir='ltr'>καταπαεειν</span> <span class='ocrx_word' id='word_1_810' title='bbox 2694 4548 2754 4584; x_wconf 82' lang='grc' dir='ltr'><strong>τε</strong></span> <span class='ocrx_word' id='word_1_811' title='bbox 2774 4530 2864 4585; x_wconf 79' lang='grc' dir='ltr'>τὸν</span> <span class='ocrx_word' id='word_1_812' title='bbox 2887 4533 3149 4599; x_wconf 82' lang='grc' dir='ltr'>Σατανᾶν,</span> <span class='ocrx_word' id='word_1_813' title='bbox 3181 4535 3275 4586; x_wconf 80' lang='grc' dir='ltr'>καὶ</span> <span class='ocrx_word' id='word_1_814' title='bbox 3302 4531 3640 4600; x_wconf 75' lang='grc' dir='ltr'>ἁπαξαπλῶς</span> <span class='ocrx_word' id='word_1_815' title='bbox 3658 4531 3785 4594; x_wconf 76' lang='grc' dir='ltr'>τοὺς</span> 
     </span>
    </p>
   </div>
   <div class='ocr_carea' id='block_1_104' title="bbox 2200 4620 3781 4693">
    <p class='ocr_par' dir='ltr' id='par_1_104' title="bbox 2200 4620 3781 4693">
     <span class='ocr_line' id='line_1_104' title="bbox 2200 4620 3781 4693; baseline -0.003 -17"><span class='ocrx_word' id='word_1_816' title='bbox 2200 4626 2314 4687; x_wconf 87' lang='grc' dir='ltr'>τοῖς</span> <span class='ocrx_word' id='word_1_817' title='bbox 2347 4624 2511 4686; x_wconf 86' lang='grc' dir='ltr'>θείοις</span> <span class='ocrx_word' id='word_1_818' title='bbox 2539 4624 2802 4693; x_wconf 86' lang='grc' dir='ltr'>δόγμασιν</span> <span class='ocrx_word' id='word_1_819' title='bbox 2836 4623 3249 4693; x_wconf 80' lang='grc' dir='ltr'>ἀντεξάγοντας,</span> <span class='ocrx_word' id='word_1_820' title='bbox 3282 4625 3378 4677; x_wconf 75' lang='grc' dir='ltr'>καὶ</span> <span class='ocrx_word' id='word_1_821' title='bbox 3409 4623 3537 4686; x_wconf 84' lang='grc' dir='ltr'>τοὺς</span> <span class='ocrx_word' id='word_1_822' title='bbox 3564 4624 3687 4685; x_wconf 82' lang='grc' dir='ltr'>ταῖς</span> <span class='ocrx_word' id='word_1_823' title='bbox 3712 4620 3781 4673; x_wconf 80' lang='grc' dir='ltr'>δι’</span> 
     </span>
    </p>
   </div>
   <div class='ocr_carea' id='block_1_105' title="bbox 2201 4715 3785 4789">
    <p class='ocr_par' dir='ltr' id='par_1_105' title="bbox 2201 4715 3785 4789">
     <span class='ocr_line' id='line_1_105' title="bbox 2201 4715 3785 4789; baseline -0.004 -16"><span class='ocrx_word' id='word_1_824' title='bbox 2201 4717 2382 4773; x_wconf 76' lang='grc' dir='ltr'>αὐτῶν</span> <span class='ocrx_word' id='word_1_825' title='bbox 2432 4718 2775 4789; x_wconf 84' lang='grc' dir='ltr'>μαχομένους</span> <span class='ocrx_word' id='word_1_826' title='bbox 2821 4717 3252 4786; x_wconf 87' lang='grc' dir='ltr'>μυσταγωγίαις.</span> <span class='ocrx_word' id='word_1_827' title='bbox 3305 4715 3463 4771; x_wconf 73' lang='grc' dir='ltr'>Οὕτω</span> <span class='ocrx_word' id='word_1_828' title='bbox 3506 4715 3608 4768; x_wconf 80' lang='grc' dir='ltr'>πού</span> <span class='ocrx_word' id='word_1_829' title='bbox 3653 4731 3785 4783; x_wconf 87' lang='grc' dir='ltr'>φησι</span> 
     </span>
    </p>
   </div>
   <div class='ocr_carea' id='block_1_106' title="bbox 2201 4806 3788 4880">
    <p class='ocr_par' dir='ltr' id='par_1_106' title="bbox 2201 4806 3788 4880">
     <span class='ocr_line' id='line_1_106' title="bbox 2201 4806 3788 4880; baseline -0.001 -18"><span class='ocrx_word' id='word_1_830' title='bbox 2201 4810 2295 4863; x_wconf 79' lang='grc' dir='ltr'>καὶ</span> <span class='ocrx_word' id='word_1_831' title='bbox 2339 4810 2368 4861; x_wconf 85' lang='grc' dir='ltr'><strong>ό</strong></span> <span class='ocrx_word' id='word_1_832' title='bbox 2409 4808 2693 4872; x_wconf 84' lang='grc' dir='ltr'>θεσπέσιος</span> <span class='ocrx_word' id='word_1_833' title='bbox 2737 4809 2902 4861; x_wconf 76' lang='grc' dir='ltr'>Δαϐὶδ</span> <span class='ocrx_word' id='word_1_834' title='bbox 2932 4809 3068 4880; x_wconf 86' lang='grc' dir='ltr'>πρὸς</span> <span class='ocrx_word' id='word_1_835' title='bbox 3106 4810 3197 4861; x_wconf 78' lang='grc' dir='ltr'>τὸν</span> <span class='ocrx_word' id='word_1_836' title='bbox 3235 4806 3344 4861; x_wconf 89' lang='grc' dir='ltr'><strong>τῶν</strong></span> <span class='ocrx_word' id='word_1_837' title='bbox 3375 4807 3511 4861; x_wconf 87' lang='grc' dir='ltr'>δλων</span> <span class='ocrx_word' id='word_1_838' title='bbox 3555 4806 3788 4876; x_wconf 82' lang='grc' dir='ltr'>Σωτῆρα</span> 
     </span>
    </p>
   </div>
   <div class='ocr_carea' id='block_1_107' title="bbox 2202 4898 3790 4973">
    <p class='ocr_par' dir='ltr' id='par_1_107' title="bbox 2202 4898 3790 4973">
     <span class='ocr_line' id='line_1_107' title="bbox 2202 4898 3790 4973; baseline -0.003 -18"><span class='ocrx_word' id='word_1_839' title='bbox 2202 4902 2297 4955; x_wconf 77' lang='grc' dir='ltr'>καὶ</span> <span class='ocrx_word' id='word_1_840' title='bbox 2338 4902 2497 4955; x_wconf 82' lang='grc' dir='ltr'><strong>Θεόν⁹</strong></span> <span class='ocrx_word' id='word_1_841' title='bbox 2539 4920 2559 4954; x_wconf 81' lang='grc' dir='ltr'><strong>ι</strong></span> <span class='ocrx_word' id='word_1_842' title='bbox 2606 4902 2688 4955; x_wconf 86' lang='grc' dir='ltr'><strong>Τὰ</strong></span> <span class='ocrx_word' id='word_1_843' title='bbox 2723 4902 2851 4973; x_wconf 86' lang='grc' dir='ltr'>βέλη</span> <span class='ocrx_word' id='word_1_844' title='bbox 2892 4919 2986 4954; x_wconf 85' lang='grc' dir='ltr'><strong>σου</strong></span> <span class='ocrx_word' id='word_1_845' title='bbox 3017 4901 3350 4972; x_wconf 74' lang='grc' dir='ltr'>ἠκονημένα,</span> <span class='ocrx_word' id='word_1_846' title='bbox 3400 4898 3634 4963; x_wconf 85' lang='grc' dir='ltr'>δυνατέ·</span> <span class='ocrx_word' id='word_1_847' title='bbox 3666 4899 3790 4952; x_wconf 74' lang='grc' dir='ltr'>λαοὶ</span> 
     </span>
    </p>
   </div>
   <div class='ocr_carea' id='block_1_108' title="bbox 2207 4988 3785 5064">
    <p class='ocr_par' dir='ltr' id='par_1_108' title="bbox 2207 4988 3785 5064">
     <span class='ocr_line' id='line_1_108' title="bbox 2207 4988 3785 5064; baseline -0.004 -18"><span class='ocrx_word' id='word_1_848' title='bbox 2207 4992 2466 5046; x_wconf 82' lang='grc' dir='ltr'>ὑποκάτω</span> <span class='ocrx_word' id='word_1_849' title='bbox 2508 5009 2603 5046; x_wconf 92' lang='grc' dir='ltr'><strong>σου</strong></span> <span class='ocrx_word' id='word_1_850' title='bbox 2630 4992 2924 5046; x_wconf 81' lang='grc' dir='ltr'>πεσοῦνται</span> <span class='ocrx_word' id='word_1_851' title='bbox 2946 5007 2962 5028; x_wconf 88' lang='grc'><strong>·-</strong></span> <span class='ocrx_word' id='word_1_852' title='bbox 2991 4994 3048 5046; x_wconf 72' lang='grc' dir='ltr'>ὲν</span> <span class='ocrx_word' id='word_1_853' title='bbox 3074 4992 3273 5064; x_wconf 77' lang='grc' dir='ltr'>καρδίᾲ</span> <span class='ocrx_word' id='word_1_854' title='bbox 3299 4990 3406 5044; x_wconf 85' lang='grc' dir='ltr'><strong>τῶν</strong></span> <span class='ocrx_word' id='word_1_855' title='bbox 3436 4990 3649 5061; x_wconf 77' lang='grc' dir='ltr'>ἐχθρῶν</span> <span class='ocrx_word' id='word_1_856' title='bbox 3689 4988 3785 5041; x_wconf 80' lang='grc' dir='ltr'>τοῦ</span> 
     </span>
    </p>
   </div>
   <div class='ocr_carea' id='block_1_109' title="bbox 2208 5082 3788 5157">
    <p class='ocr_par' dir='ltr' id='par_1_109' title="bbox 2208 5082 3788 5157">
     <span class='ocr_line' id='line_1_109' title="bbox 2208 5082 3788 5157; baseline -0.003 -19"><span class='ocrx_word' id='word_1_857' title='bbox 2208 5086 2490 5156; x_wconf 87' lang='grc' dir='ltr'>βασιλέως.</span> <span class='ocrx_word' id='word_1_858' title='bbox 2531 5103 2549 5134; x_wconf 76' lang='grc' dir='ltr'><strong>ι</strong></span> <span class='ocrx_word' id='word_1_859' title='bbox 2602 5086 2900 5156; x_wconf 75' lang='grc' dir='ltr'>Πλὴττουσι</span> <span class='ocrx_word' id='word_1_860' title='bbox 2940 5085 3040 5154; x_wconf 73' lang='grc' dir='ltr'>μὲν</span> <span class='ocrx_word' id='word_1_861' title='bbox 3092 5085 3201 5157; x_wconf 77' lang='grc' dir='ltr'><strong>γὰρ</strong></span> <span class='ocrx_word' id='word_1_862' title='bbox 3246 5086 3373 5149; x_wconf 76' lang='grc' dir='ltr'>τοὺς</span> <span class='ocrx_word' id='word_1_863' title='bbox 3417 5084 3645 5155; x_wconf 75' lang='grc' dir='ltr'>ἐχθροὺς</span> <span class='ocrx_word' id='word_1_864' title='bbox 3691 5082 3788 5135; x_wconf 78' lang='grc' dir='ltr'>τοῦ</span> 
     </span>
    </p>
   </div>
   <div class='ocr_carea' id='block_1_110' title="bbox 2205 5172 3791 5249">
    <p class='ocr_par' dir='ltr' id='par_1_110' title="bbox 2205 5172 3791 5249">
     <span class='ocr_line' id='line_1_110' title="bbox 2205 5172 3791 5249; baseline -0.004 -18"><span class='ocrx_word' id='word_1_865' title='bbox 2205 5177 2342 5231; x_wconf 84' lang='grc' dir='ltr'><strong>Θεοῦ</strong></span> <span class='ocrx_word' id='word_1_866' title='bbox 2382 5178 2475 5231; x_wconf 59' lang='grc' dir='ltr'><strong>καὶ¹</strong></span> <span class='ocrx_word' id='word_1_867' title='bbox 2504 5177 2717 5247; x_wconf 80' lang='grc' dir='ltr'>Πατρδς</span> <span class='ocrx_word' id='word_1_868' title='bbox 2758 5179 2837 5240; x_wconf 85' lang='grc' dir='ltr'><strong>είς</strong></span> <span class='ocrx_word' id='word_1_869' title='bbox 2880 5177 3109 5249; x_wconf 83' lang='grc' dir='ltr'>καρδίαν</span> <span class='ocrx_word' id='word_1_870' title='bbox 3150 5177 3276 5240; x_wconf 83' lang='grc' dir='ltr'>ἔσω,</span> <span class='ocrx_word' id='word_1_871' title='bbox 3312 5176 3405 5229; x_wconf 73' lang='grc' dir='ltr'>καὶ</span> <span class='ocrx_word' id='word_1_872' title='bbox 3454 5174 3685 5244; x_wconf 77' lang='grc' dir='ltr'>νεφροὺς</span> <span class='ocrx_word' id='word_1_873' title='bbox 3718 5172 3791 5225; x_wconf 75' lang='grc' dir='ltr'><strong>τὰ</strong></span> 
     </span>
    </p>
   </div>
   <div class='ocr_carea' id='block_1_111' title="bbox 2202 5262 3783 5339">
    <p class='ocr_par' dir='ltr' id='par_1_111' title="bbox 2202 5262 3783 5339">
     <span class='ocr_line' id='line_1_111' title="bbox 2202 5262 3783 5339; baseline -0.007 -15"><span class='ocrx_word' id='word_1_874' title='bbox 2202 5269 2296 5324; x_wconf 80' lang='grc' dir='ltr'><strong>τοῦ</strong></span> <span class='ocrx_word' id='word_1_875' title='bbox 2337 5268 2563 5323; x_wconf 83' lang='grc' dir='ltr'>δυνατοῦ</span> <span class='ocrx_word' id='word_1_876' title='bbox 2597 5268 2746 5338; x_wconf 87' lang='grc' dir='ltr'>βέλη,</span> <span class='ocrx_word' id='word_1_877' title='bbox 2776 5270 3023 5322; x_wconf 83' lang='grc' dir='ltr'>τουτέστι</span> <span class='ocrx_word' id='word_1_878' title='bbox 3071 5266 3330 5339; x_wconf 84' lang='grc' dir='ltr'>Χριστοῦ.</span> <span class='ocrx_word' id='word_1_879' title='bbox 3365 5265 3502 5335; x_wconf 83' lang='grc' dir='ltr'>Βέλη</span> <span class='ocrx_word' id='word_1_880' title='bbox 3530 5265 3588 5319; x_wconf 81' lang='grc' dir='ltr'>δὲ</span> <span class='ocrx_word' id='word_1_881' title='bbox 3618 5262 3783 5318; x_wconf 73' lang='grc' dir='ltr'>αὑτοῦ</span> 
     </span>
    </p>
   </div>
   <div class='ocr_carea' id='block_1_112' title="bbox 2204 5357 3782 5432">
    <p class='ocr_par' dir='ltr' id='par_1_112' title="bbox 2204 5357 3782 5432">
     <span class='ocr_line' id='line_1_112' title="bbox 2204 5357 3782 5432; baseline -0.004 -17"><span class='ocrx_word' id='word_1_882' title='bbox 2204 5362 2368 5417; x_wconf 87' lang='grc' dir='ltr'>πάλιν</span> <span class='ocrx_word' id='word_1_883' title='bbox 2410 5363 2460 5415; x_wconf 90' lang='grc' dir='ltr'>οἱ</span> <span class='ocrx_word' id='word_1_884' title='bbox 2508 5361 2873 5432; x_wconf 81' lang='grc' dir='ltr'>μυσταγωγοὶ,</span> <span class='ocrx_word' id='word_1_885' title='bbox 2909 5363 3035 5424; x_wconf 76' lang='grc' dir='ltr'>τοὺς</span> <span class='ocrx_word' id='word_1_886' title='bbox 3087 5361 3144 5414; x_wconf 90' lang='grc' dir='ltr'><strong>δέ</strong></span> <span class='ocrx_word' id='word_1_887' title='bbox 3191 5377 3254 5429; x_wconf 90' lang='grc' dir='ltr'><strong>γε</strong></span> <span class='ocrx_word' id='word_1_888' title='bbox 3309 5357 3782 5427; x_wconf 84' lang='grc' dir='ltr'>πεπλανημένους,</span> 
     </span>
    </p>
   </div>
   <div class='ocr_carea' id='block_1_113' title="bbox 2204 5446 3786 5521">
    <p class='ocr_par' dir='ltr' id='par_1_113' title="bbox 2204 5446 3786 5521">
     <span class='ocr_line' id='line_1_113' title="bbox 2204 5446 3786 5521; baseline -0.008 -14"><span class='ocrx_word' id='word_1_889' title='bbox 2204 5453 2296 5507; x_wconf 81' lang='grc' dir='ltr'>καὶ</span> <span class='ocrx_word' id='word_1_890' title='bbox 2315 5453 2405 5506; x_wconf 85' lang='grc' dir='ltr'>τὸν</span> <span class='ocrx_word' id='word_1_891' title='bbox 2421 5452 2582 5521; x_wconf 80' lang='grc' dir='ltr'>φύσει</span> <span class='ocrx_word' id='word_1_892' title='bbox 2610 5469 2669 5504; x_wconf 85' lang='grc' dir='ltr'><strong>τε</strong></span> <span class='ocrx_word' id='word_1_893' title='bbox 2701 5452 2794 5505; x_wconf 82' lang='grc' dir='ltr'>καὶ</span> <span class='ocrx_word' id='word_1_894' title='bbox 2819 5451 3033 5521; x_wconf 87' lang='grc' dir='ltr'>ἀληθῶς</span> <span class='ocrx_word' id='word_1_895' title='bbox 3061 5451 3193 5505; x_wconf 82' lang='grc' dir='ltr'>Θεὸν</span> <span class='ocrx_word' id='word_1_896' title='bbox 3215 5451 3313 5502; x_wconf 80' lang='grc' dir='ltr'>οὐκ</span> <span class='ocrx_word' id='word_1_897' title='bbox 3346 5449 3575 5511; x_wconf 82' lang='grc' dir='ltr'>εἰδότας.</span> <span class='ocrx_word' id='word_1_898' title='bbox 3602 5446 3786 5514; x_wconf 56' lang='lat' dir='ltr'><strong>Illi}:-</strong></span> 
     </span>
    </p>
   </div>
   <div class='ocr_carea' id='block_1_114' title="bbox 2202 5539 3788 5611">
    <p class='ocr_par' dir='ltr' id='par_1_114' title="bbox 2202 5539 3788 5611">
     <span class='ocr_line' id='line_1_114' title="bbox 2202 5539 3788 5611; baseline -0.006 -11"><span class='ocrx_word' id='word_1_899' title='bbox 2202 5562 2384 5600; x_wconf 81' lang='grc' dir='ltr'>τουσιν</span> <span class='ocrx_word' id='word_1_900' title='bbox 2414 5546 2513 5598; x_wconf 81' lang='grc' dir='ltr'>οὐκ</span> <span class='ocrx_word' id='word_1_901' title='bbox 2543 5547 2619 5611; x_wconf 82' lang='grc' dir='ltr'><strong>είς</strong></span> <span class='ocrx_word' id='word_1_902' title='bbox 2647 5544 2895 5606; x_wconf 73' lang='grc' dir='ltr'>θάνατον,</span> <span class='ocrx_word' id='word_1_903' title='bbox 2916 5543 3029 5597; x_wconf 79' lang='grc' dir='ltr'>ἀλλ’</span> <span class='ocrx_word' id='word_1_904' title='bbox 3054 5545 3131 5606; x_wconf 82' lang='grc' dir='ltr'>εἰς</span> <span class='ocrx_word' id='word_1_905' title='bbox 3170 5542 3391 5610; x_wconf 76' lang='grc' dir='ltr'>ἀγάπην</span> <span class='ocrx_word' id='word_1_906' title='bbox 3421 5539 3618 5601; x_wconf 75' lang='grc' dir='ltr'>αὐτοὺς</span> <span class='ocrx_word' id='word_1_907' title='bbox 3653 5540 3788 5591; x_wconf 79' lang='grc' dir='ltr'>ἀπο-</span> 
     </span>
    </p>
   </div>
   <div class='ocr_carea' id='block_1_115' title="bbox 2206 5627 3777 5708">
    <p class='ocr_par' dir='ltr' id='par_1_115' title="bbox 2206 5627 3777 5708">
     <span class='ocr_line' id='line_1_115' title="bbox 2206 5627 3777 5708; baseline -0.006 -19"><span class='ocrx_word' id='word_1_908' title='bbox 2206 5638 2463 5708; x_wconf 78' lang='grc' dir='ltr'>φέροντες</span> <span class='ocrx_word' id='word_1_909' title='bbox 2526 5637 2711 5707; x_wconf 76' lang='grc' dir='ltr'>τὴνέν</span> <span class='ocrx_word' id='word_1_910' title='bbox 2771 5634 3014 5705; x_wconf 70' lang='grc' dir='ltr'>Χριστῷ,</span> <span class='ocrx_word' id='word_1_911' title='bbox 3079 5635 3163 5688; x_wconf 69' lang='grc' dir='ltr'>ἵνα</span> <span class='ocrx_word' id='word_1_912' title='bbox 3229 5636 3318 5687; x_wconf 71' lang='grc' dir='ltr'>καὶ</span> <span class='ocrx_word' id='word_1_913' title='bbox 3363 5630 3624 5685; x_wconf 72' lang='grc' dir='ltr'>ὑποκάτω</span> <span class='ocrx_word' id='word_1_914' title='bbox 3694 5627 3777 5689; x_wconf 57' lang='lat' dir='ltr'><strong>vi»</strong></span> 
     </span>
    </p>
   </div>
   <div class='ocr_carea' id='block_1_116' title="bbox 2175 5810 2574 5877">
    <p class='ocr_par' dir='ltr' id='par_1_116' title="bbox 2175 5810 2574 5877">
     <span class='ocr_line' id='line_1_116' title="bbox 2175 5810 2574 5877; baseline 0 -14"><span class='ocrx_word' id='word_1_915' title='bbox 2175 5817 2214 5846; x_wconf 79' lang='grc' dir='ltr'><strong><em>ὀ</em></strong></span> <span class='ocrx_word' id='word_1_916' title='bbox 2241 5816 2395 5870; x_wconf 79' lang='lat' dir='ltr'><strong>Cant.</strong></span> <span class='ocrx_word' id='word_1_917' title='bbox 2440 5827 2488 5877; x_wconf 73' lang='grc' dir='ltr'><strong>ν,</strong></span> <span class='ocrx_word' id='word_1_918' title='bbox 2526 5810 2574 5863; x_wconf 86' lang='lat'><strong>&#39;7.</strong></span> 
     </span>
    </p>
   </div>
  </div>
