4080 6284
359 373 461 427 155

1167 371 1718 431 COMMENTARIUS
1754 371 1819 427 IN
1863 370 2271 429 ZACHARIAM
2308 364 2752 426 PIKOPIIETAM.

3522 352 3624 418 is!

359 506 548 544 πνοιεν
574 490 650 562 (1)
667 490 852 546 αὐτοῦ.
888 491 1077 544 Ὀποία
1107 508 1192 554 τις
1216 493 1369 545 ἐστὶν
1392 494 1450 545 ὲν
1471 494 1547 563 τῷ
1570 495 1809 565 ’ᾼσματι
1833 495 1939 548 τῶν

2044 496 2256 564 sagitta
2287 493 2339 547 in
2368 506 2531 547 manu
2568 489 2827 560 potentis,
2865 487 2936 540 ita
2982 486 3078 540 lilii
3111 500 3465 543 esenssornm
3498 485 3558 535 ιι.
3600 503 3617 533 ι

360 584 622 653 ᾀσμάτων
662 582 976 653 γραφομένη
1024 582 1232 653 νύμφη,
1294 584 1528 653 λέγουσα
1603 585 1814 654 σαφῶς,
1858 587 1943 638 ὅτι

365 691 386 726 ι
411 674 733 743 Τετρωμένη
759 675 977 742 ἀγάπης
995 673 1106 741 ἐγώ
1133 676 1267 744 εῖμι.
1284 676 1433 727 »Ὅτι
1457 677 1514 729 δὲ
1542 677 1828 745 γεγόνασιν
1850 676 1945 731 ἀλ-

362 762 682 830 κιμώτατοι,
712 761 807 815 κα)⁸
836 761 1109 826 εὐσθενεῖς
1164 767 1211 816 οἱ
1243 763 1519 819 θεσπέσιοι
1553 766 1811 835 μαθηταὶ,
1850 783 1945 817 πι-

2043 588 2313 642 Excussos
2345 587 2491 640 enim
2520 583 2781 638 oriundos
2812 585 2879 635 de
2908 579 3111 636 Israele
3155 579 3422 642 nominat,
3455 586 3509 630 nt
3530 576 3623 644 qui

2043 679 2137 734 Dei
2166 679 2337 747 gratia
2372 688 2590 747 propter
2626 672 3080 731 debacchationes
3114 671 3165 724 in
3213 670 3491 724 Christum
3529 684 3627 723 ex—

2045 770 2299 826 ciderint.
2329 773 2568 835 Quorum
2609 767 2703 820 ﬁlii
2738 776 2916 819 tamen
2951 762 3164 831 sagittae
3197 758 3440 822 fuerunt,
3470 769 3526 811 ut
3558 759 3627 812 de

364 848 630 903 στώσεται
678 848 851 917 λέγων
901 852 1028 922 περὶ
1064 852 1242 906 αὐτῶν
1282 856 1310 906 ὁ
1342 856 1503 924 σοφὸς
1548 855 1856 926 Ψαλμῳδὸς
1890 857 1948 908 ἐν

2049 876 2210 915 ιιιιιιιιι
2244 860 2480 928 potentis
2511 860 2742 913 emissae.
2773 854 2866 909 Ait
2891 864 2946 908 et
2977 854 3232 907 Ilabacuc
3261 850 3414 919 quasi
3439 850 3507 902 ad
3540 850 3624 915 ip-

362 940 656 1010 πνεύματι·
700 961 719 994 ι
772 942 917 994 Ὠσεὶ
961 942 1091 1012 βέλη
1124 945 1183 996 ὲν
1216 946 1361 1015 χειρὶ
1391 946 1642 1013 δυνατοῦ,
1678 946 1851 1009 οὕτως
1891 949 1940 999 οἱ

360 1032 464 1083 υἱοὶ
506 1032 616 1085 τῶν
672 1032 1157 1103 ὲκτετιναγμένων.
1192 1054 1209 1084 ι
1264 1036 1781 1107 Ἐκτετιναγμένους
1839 1037 1939 1107 μὲν

355 1121 466 1194 γὰρ
498 1124 626 1188 τοὺς
666 1123 727 1189 ἐξ
773 1126 990 1196 Ἰσραὴλ
1030 1128 1314 1191 ἀποκαλεῖ,
1350 1127 1426 1191 ὡς
1457 1130 1557 1199 τῆς
1593 1130 1743 1194 θείας
1787 1131 1938 1201 χάρι-

2052 968 2175 1008 sum
2226 950 2639 1007 Emmanuelem
2697 947 2763 1003 de
2796 946 3002 1001 sanctis
3048 942 3341 1013 apostolis:
3383 960 3400 991 ι
3434 939 3623 993 Jaeula

2048 1054 2138 1098 tua
2198 1044 2353 1098 ibunt
2407 1043 2462 1097 in
2521 1040 2643 1096 luce
2691 1037 3087 1095 coruscationis
3161 1049 3441 1089 armorum
3505 1042 3626 1085 tuo—

2044 1148 2164 1188 rum
2196 1135 2258 1185 “.
2296 1152 2314 1185 ι

354 1231 447 1277 τος
476 1216 905 1279 ἐκπεπτωκότας
931 1217 1018 1272 διὰ
1048 1235 1132 1271 τοι
1164 1219 1226 1271 τὸ
1260 1221 1660 1291 ἐμπαροινῆσαι
1690 1221 1931 1291 Χριστῷ.
1972 1222 2040 1274 Οἵ
2077 1240 2141 1291 γε
2184 1222 2293 1294 μὴν
2331 1221 2509 1276 αὐτῶν
2545 1221 2652 1277 υἱοὶ
2673 1261 2688 1286 ,
2739 1220 2868 1291 βέλη
2901 1220 3193 1289 γεγόνασιν
3224 1219 3300 1281 ὡς
3332 1219 3397 1271 ὲκ
3443 1214 3625 1287 χειρὸς

354 1304 583 1358 δυνατοῦ
617 1306 960 1377 πεμπόμενα.
1003 1307 1147 1376 Ἔφη
1216 1309 1274 1362 δέ
1313 1326 1416 1363 που
1446 1313 1540 1363 καὶ
1576 1313 1623 1363 ὁ¹
1651 1312 1973 1383 Ἀμῦακοὺμ
2007 1313 2085 1375 ὼς
2130 1312 2269 1381 πρὸς
2336 1312 2498 1365 αὐτὸν
2530 1311 2595 1381 δὴ
2642 1310 2806 1364 πάλιν
2834 1311 2923 1363 τὸν
2974 1308 3321 1380 Ἐμμανουήλ
3351 1307 3479 1376 περὶ
3517 1304 3625 1357 τῶν

356 1400 533 1468 ἁγίων
575 1402 921 1455 ἀποστόλων·
974 1421 993 1454 ι
1049 1402 1263 1467 Βολίδες
1310 1422 1405 1458 σου
1453 1406 1806 1476 πορεύσονται
1858 1409 1939 1470 είς
1976 1407 2179 1476 φέγγος
2205 1406 2495 1477 ἀστραπῆς
2523 1404 2704 1458 ὅπλων
2734 1421 2849 1457 σου.
2888 1421 2907 1454 ι

429 1496 540 1547 Καὶ
580 1496 837 1565 ἐπεγερῶ
867 1497 937 1550 τὰ
963 1497 1146 1551 τέκνα
1187 1514 1305 1552 σου
1338 1499 1492 1553 Σιὼν
1519 1502 1617 1554 ἐπὶ
1654 1504 1728 1555 τὰ
1762 1502 1944 1557 τέκνα

2114 1500 2272 1573 741
2304 1500 2366 1553 Et
2421 1498 2691 1554 suscitabo
2729 1498 2873 1565 ﬁlios
2912 1506 3056 1561 tuos,
3098 1494 3248 1560 Sion,
3281 1510 3437 1563 super
3480 1492 3623 1561 ﬁlios

355 1583 477 1638 τῶν
513 1584 848 1652 Ἑλλήνων,
892 1586 989 1640 καὶ
1034 1589 1387 1658 ψηλαφήσω
1423 1607 1497 1645 σε
1537 1593 1618 1656 ὡς
1637 1594 1944 1662 ῥομφαίαν

2044 1589 2367 1655 (ἱνιεεοηιηι,
2410 1598 2458 1643 cl
2504 1588 2795 1642 attrectabo
2843 1595 2892 1639 te
2935 1587 3088 1656 quasi
3145 1585 3382 1656 gladium
3415 1599 3621 1653 pugnu-

354 1677 651 1747 μαχητοῦ.

428 1766 549 1820 ΞΑ¹⁸
604 1768 737 1822 Ἰδοὺ
767 1769 852 1839 δὴ,
881 1771 1066 1841 σαφῶς
1102 1773 1227 1837 τοὺς
1253 1775 1311 1841 ἐξ
1354 1776 1625 1830 Ἰουδαίων
1660 1796 1943 1848 μυσταγω-

2039 1684 2188 1735 toris.

2112 1771 2363 1846 LXI.En
2399 1772 2655 1827 doctores
2707 1784 2896 1825 saeros
2934 1785 2999 1823 ex
3046 1766 3245 1821 JUdﬂ‘IS
3301 1765 3503 1833 liquido
3544 1778 3625 1815 ar-

359 1856 488 1960 Ξοῦς
520 1855 673 1960 τόξον
709 1858 839 1960 rem
870 1861 1148 1931 ὀνομάζει.
1204 1866 1341 1918 Ποῖα
1377 1866 1484 1937 γὰρ
1526 1867 1596 1921 τὰ
1643 1870 1809 1923 τέκνα
1840 1873 1941 1941 τῆς

2044 1881 2163 1921 cum
2201 1881 2355 1919 suum
2389 1874 2567 1918 vocat.
2625 1862 2857 1927 Quinam
2924 1862 3070 1915 enim
3143 1859 3236 1911 ﬁlii
3273 1858 3403 1911 Sion
3445 1857 3621 1909 insur-

358 1944 498 2000 Σιὼν
516 1947 587 2000 τὰ
608 1948 750 2001 κατὰ
768 1949 880 2003 τῶν
908 1951 1237 2022 Ἑλληνικῶν
1260 1955 1692 2029 κατεξιστάμενα
1713 1961 1937 2026 τέκνων,

358 2041 409 2092 sl
446 2040 519 2110 μὴ
545 2041 594 2092 oi
624 2040 902 2095 θεσπέσιοι
936 2042 1196 2115 μαθηταὶ,
1242 2048 1333 2100 καὶ
1360 2050 1407 2101 οἱ
1436 2048 1546 2102 τῶν
1605 2051 1939 2120 Ἐκκλησιῶν

359 2131 501 2184 κατᾶ
537 2132 761 2202 καιροὺς
803 2134 1114 2204 ἡγούμενοι,
1153 2155 1171 2188 ι
1217 2139 1308 2191 καὶ
1343 2140 1443 2209 τῆς
1479 2141 1737 2212 ἀληθείας
1781 2144 1940 2214 ὀρθο-

358 2221 650 2291 τομοῦντες
692 2224 783 2277 τὸν
815 2224 1005 2293 λόγον;
1044 2245 1063 2278 ι
1097 2227 1235 2281 Σιὼν
1265 2229 1373 2300 γὰρ
1414 2232 1447 2301 ή
1493 2234 1677 2302 νοητὴ.
1717 2234 1833 2297 πῶς
1874 2235 1940 2287 ἂν

357 2312 522 2383 ἑτέρα
554 2316 722 2367 νοοῖτο
764 2315 914 2386 παρὰ
966 2316 1065 2387 τὴν
1105 2318 1464 2389 Ἑκκλησίαν;
1499 2322 1844 2376 Καταθλοῦσι
1883 2324 1939 2376 δὲ

354 2406 467 2460 τῶν
494 2406 700 2461 τέκνων
727 2409 835 2462 τῶν
892 2410 1241 2480 Ἑλληνικῶν,
1284 2415 1378 2466 καὶ
1412 2418 1938 2486 καταστρατεύονται

356 2498 465 2551 τῶν
488 2500 943 2571 πεπλανημένων,
971 2502 1107 2555 Θεοῦ
1137 2504 1441 2569 τεθεικότος
1471 2508 1671 2570 αὐτοὺς
1698 2508 1774 2572 ὡς
1808 2512 1941 2580 ῥομ-

357 2588 524 2657 φαίαν
567 2591 832 2661 μαχητοῦ.
880 2593 1036 2647 Οὕτω
1075 2596 1167 2647 καὶ
1198 2598 1226 2649 ὁ
1274 2596 1559 2662 Θεσπέσιος
1592 2599 1803 2662 Παῦλος
1848 2601 1939 2653 τὸν

357 2681 417 2733 ὲν
439 2682 657 2752 Χριστῷ
680 2682 967 2753 νοούμενον
997 2687 1336 2758 στρατιώτην
1363 2690 1787 2744 κατακαλλύνων
1810 2692 1940 2762 ὁρᾶ-

354 2786 466 2825 ται.
503 2788 522 2823 ι
576 2772 812 2843 Θώρακα
844 2776 942 2845 μὲν
988 2779 1097 2848 γὰρ
1126 2779 1216 2831 τὸν
1255 2781 1352 2849 τῆς
1385 2782 1442 2833 ὲν
1475 2782 1696 2853 Χριστῷ
1736 2783 1940 2837 δικαιο-

358 2861 524 2932 σύνης
559 2882 578 2915 ›
617 2866 960 2936 περιτίθησιν
1002 2870 1171 2941 αὐτῷ·
1208 2874 1299 2925 καὶ
1353 2873 1457 2943 μὴν
1488 2875 1584 2928 καὶ
1631 2894 1649 2926 ι
1696 2874 1794 2946 τὴν
1842 2876 1937 2929 τοῦ

351 2954 627 3024 σωτηρίου
670 2958 1122 3027 περικεφαλαίαν.
1165 2979 1184 3011 ι
1226 2958 1361 3015 Εἶτα
1404 2964 1585 3017 δίδωσι
1622 2983 1640 3016 ι
1688 2967 1788 3036 τὴν
1833 2967 1938 3036 μά-

355 3058 555 3113 χαιραν
579 3044 674 3097 τοῦ
719 3047 1049 3117 πνεύματος,
1079 3050 1107 3100 ὅ
1140 3050 1255 3103 ἐστι
1299 3052 1450 3121 ῥῆμα
1491 3052 1648 3106 Θεοῦ.
1696 3073 1714 3105 ι
1754 3056 1936 3126 Ταύτῃ

353 3134 419 3207 δὴ
446 3130 539 3189 οὖν
563 3138 629 3207 τῇ
665 3138 1080 3210 μαχαίραικατὰ
1109 3140 1217 3193 τῶν
1252 3142 1578 3212 Ἑλληνικῶν
1610 3146 1938 3215 κεχρημένοι

2042 1969 2232 2027 gentes
2283 1966 2471 2011 contra
2512 1956 2653 2009 tilios
2684 1953 3026 2016 Graecorum,
3084 1952 3187 2005 nisi
3240 1950 3407 2003 divini
3458 1948 3622 2002 disci-

2042 2048 2173 2117 puli,
2209 2059 2264 2103 et
2294 2046 2656 2102 Ecclesiaruni
2712 2046 2827 2099 suis
2873 2044 3073 2112 quique
3112 2041 3444 2109 temporibus
3480 2053 3619 2107 prte-

2043 2141 2211 2207 sides,
2247 2158 2266 2190 ι
2314 2138 2379 2192 Ει
2407 2146 2554 2193 recte
2588 2145 2891 2191 tractantes
2930 2134 3153 2188 verbum
3190 2131 3282 2184 Dei
3310 2132 3388 2183 "?
3418 2149 3435 2182 ι
3487 2129 3616 2182 Nam

2042 2231 2173 2287 Sion
2201 2247 2321 2301 qute
2354 2232 2539 2285 animo
2566 2230 2804 2293 videtur,
2838 2226 3109 2297 quomodo
3137 2224 3238 2278 alia
3276 2234 3471 2293 pra-ter
3515 2221 3619 2275 Ec—

2040 2324 2263 2378 clesiam
2298 2322 3016 2392 intelligatur?Oppugnant
3059 2326 3241 2371 autem
3292 2316 3431 2368 filios
3476 2312 3622 2367 Gran-

2043 2430 2255 2479 corum,
2289 2424 2343 2469 et
2371 2412 2511 2468 bello
2541 2412 2815 2466 lacessunt
2849 2425 3037 2467 errore
3069 2409 3340 2470 seductos,
3380 2405 3489 2458 Deo
3515 2405 3622 2459 illis

2041 2516 2229 2561 utente
2276 2515 2335 2559 ut
2384 2505 2564 2575 gladio
2608 2504 2905 2559 bellatoris.
2937 2502 3030 2556 Sic
3078 2511 3133 2556 et
3176 2500 3389 2553 divinus
3424 2496 3623 2556 Paulus

2041 2599 2267 2652 militem
2315 2598 2516 2652 Christi
2571 2612 2772 2651 ornare
2825 2596 3089 2650 cernitur.
3126 2612 3143 2644 ι
3181 2593 3430 2646 Thorace
3474 2589 3620 2641 enim

2035 2690 2264 2761 justitiaa
2295 2689 2339 2721 ίδ
2375 2709 2393 2742 ι
2459 2690 2510 2742 ἰιι
2567 2686 2787 2742 Christo
2859 2685 3008 2739 illum
3063 2683 3235 2738 induit
3282 2699 3295 2734 :
3363 2687 3623 2748 praeterea

2048 2802 2067 2835 ι
2100 2785 2252 2853 galea
2287 2782 2479 2837 salutis
2516 2780 2579 2834 “.
2619 2800 2636 2833 ι
2666 2780 2892 2849 Insuper
2922 2779 3011 2831 dat
3038 2777 3086 2829 ei
3127 2794 3144 2826 ι
3190 2772 3424 2844 gladium
3473 2770 3627 2840 spiri-

2043 2885 2150 2942 tus,
2182 2876 2327 2945 quod
2374 2884 2454 2928 est
2507 2874 2734 2927 verbum
2768 2870 2863 2925 Dei
2896 2869 2958 2923 ‘°.
2999 2887 3018 2921 ι
3056 2867 3168 2921 Iloc
3226 2865 3390 2935 igitur
3447 2862 3622 2934 gladio

2041 2976 2229 3023 contra
2265 2966 2485 3021 Graecos
2520 2965 2627 3026 usi.
2659 2962 3015 3033 pullulantem
3052 2960 3105 3014 in
3132 2958 3240 3012 illis
3280 2956 3471 3010 falsam
3525 2954 3620 3006 dn-

2040 3060 2272 3113 etrinam
2303 3066 2611 3128 amputant,
2640 3068 2696 3112 et
2724 3055 2819 3110 Dei
2867 3067 3171 3109 sermonem
3212 3049 3444 3103 maxime
3484 3064 3503 3096 ι
3539 3060 3624 3113 pe-

2042 3150 2385 3215 netrabilem,
2414 3150 2593 3202 vivum
2620 3156 2676 3202 et
2705 3146 2976 3199 efficacem
3010 3144 3051 3172 "
3100 3160 3118 3192 ι
3149 3142 3255 3194 illis
3279 3137 3621 3199 adhibentes,

351 3225 579 3294 τέκνων,
620 3228 973 3299 ἀποκείρουσι
1011 3230 1108 3300 μὲν
1148 3230 1245 3301 τὴν
1282 3233 1339 3283 ὲν
1377 3233 1563 3295 αὐτοῖς
1608 3232 1941 3303 βλαστοῦσαν

2044 3254 2277 3307 nequam
2340 3250 2395 3293 et
2428 3238 2763 3293 immundum
2809 3236 3058 3304 spiritum
3092 3231 3440 3293 exseindunt,
3475 3237 3532 3279 ut
3558 3227 3625 3279 de

351 3317 588 3388 ἀπάτην,
620 3320 835 3373 καὶτὸν
864 3322 1180 3390 τομὼτατον
1216 3322 1312 3374 τοῦ
1360 3323 1495 3375 Θεοῦ
1536 3323 1693 3391 λόγον
1739 3326 1932 3395 ἐπιφέ-

355 3423 541 3475 ροντες
583 3408 786 3474 αὐτοῖς,
829 3426 849 3461 ι
901 3410 959 3470 ὃς
999 3411 1117 3463 ἐστι
1151 3408 1259 3473 ζῶν
1304 3427 1364 3463 τε
1396 3412 1487 3464 καὶ
1521 3414 1769 3482 ἐνεργὴς,
1811 3433 1829 3465 ι
1873 3415 1934 3467 τὸ

353 3497 588 3568 πονηρὸν
620 3498 716 3552 καὶ
742 3498 1050 3570 ἀκάθαρτον
1082 3500 1409 3553 ἐκκόπτουσι
1436 3502 1673 3571 πνεῦμα,
1712 3503 1797 3556 ἵνα
1839 3504 1931 3556 δύ-

2037 3341 2235 3383 emero
2260 3339 2438 3384 mente
2462 3343 2597 3398 pura
2644 3335 2701 3382 et
2731 3326 2921 3392 libera,
2957 3334 3009 3379 et
3051 3340 3079 3378 ιι
3112 3324 3413 3378 d.emonum
3454 3319 3625 3373 servi-

2043 3428 2154 3474 tute
2181 3422 2454 3489 expedita,
2480 3435 2618 3475 vera:
2640 3418 2965 3489 cognitionis
2991 3416 3082 3471 Dei
3113 3426 3421 3469 sermonem
3449 3408 3623 3464 susci-

2040 3524 2166 3577 pere
2194 3521 2412 3581 queant.

352 3606 535 3642 ναιντο
569 3590 752 3644 λοιπὸν
820 3589 896 3661 νῷ
962 3591 1190 3661 καθαρῷ
1229 3609 1292 3645 τε
1323 3593 1416 3646 καὶ
1457 3594 1747 3663 ἐλευθέρῳ,
1782 3596 1874 3647 καὶ
1908 3598 2006 3667 τῆς
2048 3602 2156 3655 τῶν
2200 3602 2495 3675 δαιμονίων
2553 3600 2864 3666 πλεονεξίας
2917 3598 3339 3670 ἀπηλλαγμένῳ,
3388 3593 3478 3646 τὸν
3524 3592 3624 3660 τῆς

354 3684 590 3755 ἀληθοῦς
617 3685 949 3754 θεογνωσίας
983 3686 1392 3758 παραδέξασθαι
1418 3688 1593 3757 λόγον.

426 3779 537 3832 Καὶ
575 3781 746 3835 ἔσται
786 3781 999 3848 Κύριος
1039 3782 1132 3835 ἐπ’
1177 3783 1419 3850 αὐτοὺς,
1457 3784 1806 3853 ὀφθήσεται,
1834 3788 1935 3841 καὶ

352 3870 737 3935 ἐξελεύσεται
764 3871 843 3937 ὠς
868 3872 1149 3941 ἀστραπὴ
1173 3874 1354 3939 βολίς
1378 3875 1586 3930 αὐτοῦ.

425 3961 511 4013 ΞΒ
532 4002 546 4015 .
576 3961 700 4014 Ὅτι
739 3963 832 4015 καὶ
858 3964 1111 4018 συνέσται
1145 3963 1348 4035 Κύριος
1386 3967 1414 4017 ὁ
1442 3965 1575 4029 Θεὸς
1607 3969 1815 4035 αὐτοῖς,
1844 3969 1936 4021 καὶ

358 4054 666 4116 συνασπιεῖ,
720 4052 1061 4124 καταδῃώσει
1109 4069 1170 4106 τε
1218 4056 1342 4117 τοὺς
1395 4055 1795 4126 ἀνθεστηκότας
1850 4058 1941 4111 διὰ

353 4141 557 4196 τούτων
589 4142 866 4215 ὑποδηλοῖ.
919 4163 937 4195 ι
985 4146 1179 4198 Ἔσται
1222 4146 1351 4216 γὰρ,
1402 4151 1555 4216 φησι,
1599 4148 1803 4220 Κύριος
1853 4150 1939 4201 ἐπ’

352 4236 574 4299 αὐτοὺς,
609 4254 628 4287 ι
661 4236 820 4308 δῆλον
862 4237 918 4290 δὲ
946 4240 1027 4291 ὅτι
1059 4240 1186 4302 τοὺς
1228 4240 1584 4295 ἀνθίστασθαι
1634 4243 1939 4312 μεμελετη-

350 4329 519 4392 κότας
550 4332 662 4393 τοῖς
688 4331 1027 4401 ίερουργοῦσι
1066 4333 1126 4385 τὸ
1172 4333 1506 4402 Εὐαγγέλιον
1535 4335 1721 4388 αὑτοῦ.
1769 4335 1932 4388 Ἐκά-

2118 3787 2282 3842 Vens.
2322 3786 2410 3841 M.
2460 3785 2523 3839 Et
2548 3788 2645 3840 erit
2694 3786 2950 3839 Dominus
2984 3799 3139 3853 super
3172 3798 3281 3841 eos.
3333 3782 3622 3851 apparebit,

2043 3888 2090 3933 et
2118 3878 2416 3946 egredietur
2450 3880 2586 3931 sicut
2621 3878 2804 3948 fulgur
2834 3877 3028 3945 sagitta
3065 3874 3201 3941 ejus.

2114 3969 2276 4024 LXII.
2343 3969 2511 4025 Docet
2566 3970 2851 4024 Dominum
2908 3967 3076 4021 Deum
3131 3965 3235 4019 illis
3287 3961 3622 4020 adfuturum.

2046 4075 2262 4130 unaque
2298 4069 2688 4130 pugnaturum,
2724 4070 2778 4113 et
2810 4058 3129 4112 resistentes
3165 4068 3507 4109 eversnrum.
3532 4054 3626 4105 Ait

2046 4154 2188 4207 enim
2222 4169 2235 4205 :
2277 4171 2295 4202 ι
2339 4151 2453 4205 Erit
2516 4150 2779 4204 Dominus
2815 4163 2979 4216 super
3021 4162 3135 4212 eos,
3177 4164 3195 4197 ι
3233 4144 3417 4212 utique
3463 4157 3626 4209 super

2045 4258 2160 4308 eos,
2211 4242 2305 4311 qui
2357 4242 2622 4295 ministris
2665 4237 2935 4307 Evangelii
2989 4237 3161 4304 ipsius
3204 4235 3444 4302 objieere
3506 4246 3626 4286 sese

2045 4335 2474 4389 constituerunt.
2509 4330 2775 4398 Quaelibet
2805 4338 2985 4381 autem
3042 4326 3236 4394 sagitta
3272 4331 3355 4376 est
3404 4322 3623 4375 ἰιιειὶιιιρ

356 4436 459 4489 στη
492 4419 549 4472 δὲ
588 4420 732 4488 βολὶς
782 4427 1156 4494 μυσταγωγὸς,
1197 4427 1230 4497 ἢ
1269 4429 1597 4493 ἀπόστολος·
1644 4430 1789 4498 βέλει
1831 4429 1941 4499 γὰρ

2050 4436 2157 4491 tor,
2188 4426 2303 4480 sive
2354 4424 2653 4492 apostolus.
2683 4419 2810 4473 Telo
2845 4416 3015 4480 enim,
3052 4418 3164 4470 sive
3191 4415 3398 4483 sagitta:
3446 4427 3477 4465 a
3514 4412 3623 4465 Deo

356 4512 479 4578 ἧτοι
522 4508 687 4577 βολίδι
723 4514 1047 4580 παρεικάζει
1080 4516 1241 4568 πάλιν
1283 4518 1479 4579 αὐτοὺς
1527 4518 1661 4569 Θεοῦ
1698 4519 1941 4586 πέμπον-

354 4616 469 4665 τος,
500 4600 577 4663 ὡς
607 4601 863 4673 ἀστραπὴ
897 4603 954 4656 δὲ
999 4605 1307 4675 δραμεῖται,
1354 4606 1509 4676 φησι,
1559 4607 1717 4675 δῆλον
1762 4608 1819 4660 δὲ
1857 4610 1940 4662 ὅτι

355 4692 800 4761 καταυγάζουσα,
828 4694 920 4747 καὶ
951 4696 1063 4758 τοῖς
1090 4695 1344 4749 ἁπάντων
1374 4697 1668 4767 ὀφθαλμοῖς
1699 4699 1940 4769 ἀμογητὶ

356 4786 793 4857 προσπίπτουσα.
814 4787 1070 4856 Γεγόνασι
1101 4788 1157 4840 δὲ
1188 4787 1331 4841 οὕτω
1359 4790 1604 4861 λαμπροὶ
1634 4793 1727 4844 καὶ
1746 4793 1796 4845 οί
1821 4793 1944 4846 θεσ-

358 4875 537 4929 πέσιοι
598 4875 860 4946 μαθηταὶ,
893 4880 988 4931 καὶ
1044 4878 1153 4931 τῶν
1182 4878 1276 4932 τοῦ
1311 4880 1560 4951 Σωτῆρος
1589 4882 1939 4952 Εὑαγγελίων

358 4967 620 5036 κήρυκες,
651 4966 747 5018 καὶ
773 4968 823 5019 οἱ
871 4966 988 5035 μετ’
1020 4970 1284 5033 ἐκείνους,
1314 4970 1458 5024 λαῶν
1491 4973 1808 5041 ἡγούμενοι,
1843 4977 1937 5028 καὶ

357 5057 760 5129 προεστηκότες
801 5058 1159 5130 Ἐκκλησιῶν,
1200 5061 1275 5124 ὡς
1312 5063 1576 5132 ἀγνοῆσαι
1606 5064 1810 5133 μηδένα
1841 5066 1940 5137 τῆς

356 5147 584 5217 ἐνούσης
639 5148 822 5212 αὐτοῖς
866 5151 1067 5221 ἀρετῆς
1098 5152 1196 5222 τὴν
1248 5153 1597 5224 φαιδρότητα.
1629 5156 1739 5207 Καὶ
1782 5155 1941 5209 τοῦτο

355 5238 489 5292 αὐτὸ
530 5239 728 5308 δηλῶν,
761 5240 999 5309 ἔφασκεν
1052 5244 1081 5294 ό
1132 5244 1359 5313 Σωτήρ·
1421 5265 1439 5295 ι
1501 5246 1693 5310 Οὐδεὶς
1750 5246 1942 5316 λύχνον

357 5331 519 5398 ἅψας,
555 5332 820 5384 καλύπτει
860 5333 1023 5385 αὐτὸν
1066 5333 1328 5405 σκεύει,ῆ
1363 5337 1619 5390 ὑποκάτω
1649 5338 1837 5405 κλίνης
1863 5338 1942 5389 τί-

358 5424 535 5491 θησιν,
582 5423 698 5477 ἀλλ’
736 5424 828 5477 ἐπὶ
863 5424 1108 5495 λυχνίας,
1155 5425 1242 5479 ἵνα
1286 5428 1335 5479 oi
1368 5428 1794 5499 ἐκπορευόμενοι
1823 5428 1942 5497 βλέ-

434 5580 470 5608 ¹¹
511 5578 654 5632 Ρεειι.
698 5596 879 5642 cxxrr,
925 5580 976 5632 4.
1091 5581 1131 5612 ¹¹
1166 5580 1369 5635 Ilabar.
1403 5597 1484 5637 tu.
1523 5584 1606 5636 Il.

365 5649 403 5677 ¹⁷
440 5647 599 5702 ιιιςιη.
635 5666 705 5716 Iv,
739 5651 821 5702 12.
902 5652 944 5681 ¹³
970 5650 1154 5704 Matth.
1196 5668 1243 5719 ν,
1290 5653 1373 5704 15.

1714 5584 1754 5612 ³³
1791 5580 1832 5635 II
1864 5580 2099 5633 Τιιηοιίι.
2133 5596 2189 5641 ιι,
2227 5578 2308 5631 13.

2045 4517 2258 4571 emissae
2286 4530 2502 4569 rursum
2534 4529 2628 4568 eos
2674 4517 2948 4579 comparat
2978 4525 2994 4575 ;
3027 4508 3193 4572 addit,
3231 4520 3514 4560 cursuram
3564 4513 3625 4555 ut

2047 4607 2252 4678 fulgur,
2300 4606 2698 4661 illuminanlem
2729 4602 3004 4666 videlicet,
3060 4610 3114 4654 et
3163 4598 3404 4653 omnium
3449 4595 3624 4651 oculis

2045 4698 2181 4754 citra
2233 4699 2420 4753 nixum
2478 4696 2832 4751 allabentem.
2900 4693 3204 4747 Evaserunt
3250 4702 3428 4745 autem
3487 4689 3621 4742 adeo

2052 4789 2183 4845 clari
2214 4804 2277 4843 ac
2301 4788 2595 4858 fulgentes,
2638 4796 2750 4839 tum
2778 4783 2946 4838 divini
2973 4782 3241 4852 discipuli,
3274 4793 3385 4834 tum
3421 4794 3625 4848 praeco-

2048 4897 2144 4939 nes
2172 4880 2447 4950 Evangelii
2493 4876 2818 4941 Salvatoris,
2847 4885 2902 4929 et
2938 4875 3027 4943 qni
3061 4889 3152 4927 eos
3171 4871 3338 4925 smnti
3377 4878 3499 4921 sunt
3532 4882 3626 4934 po-

2046 4972 2293 5042 pulorum
2327 4979 2567 5024 rectores
2599 4975 2651 5021 et
2682 4963 2939 5033 praasides
2972 4959 3362 5016 Ecrlesiarum,
3406 4963 3463 5005 ut
3508 4954 3625 5005 ela-

2048 5063 2339 5117 ritudinem
2370 5059 2588 5113 virtutis
2631 5071 2818 5111 eorum
2864 5066 3022 5108 nemo
3053 5044 3403 5119 ignoraverit.
3449 5044 3625 5111 Atque

2047 5157 2150 5209 hoc
2176 5155 2347 5223 ipsum
2379 5151 2692 5221 significans
2713 5147 2894 5201 aiebat
2932 5142 3185 5195 Salvator
3225 5154 3238 5190 :
3281 5152 3301 5185 ι
3344 5133 3509 5186 Nemo
3536 5148 3625 5186 ac-

2045 5246 2227 5300 cendit
2254 5246 2557 5307 lucernam,
2599 5252 2652 5296 et
2688 5239 2841 5307 ponit
2882 5248 3002 5287 eam
3030 5230 3129 5285 sub
3160 5226 3361 5285 modio,
3394 5233 3487 5276 aut
3526 5223 3625 5276 sub

2046 5336 2219 5401 lecto,
2258 5334 2353 5388 sed
2394 5348 2556 5401 super
2591 5327 3001 5385 candelabrum,
3050 5326 3107 5371 ιιι
3148 5312 3508 5384 ingredientes
3545 5312 3625 5363 lu-

2049 5442 2167 5480 men
2206 5424 2507 5479 videant”.
2543 5441 2561 5471 ι
2605 5423 2667 5475 Et
2698 5420 2913 5470 iterum:
2951 5430 2968 5460 ι
3006 5409 3097 5464 Sic
3128 5408 3302 5461 luceat
3334 5406 3422 5458 lux
3445 5412 3623 5457 vestra

2422 5576 2465 5605 Ν
2496 5574 2686 5644 [ιῖριιεε.
2726 5587 2797 5633 vr,
2832 5568 2915 5622 I4.
3012 5565 3051 5595 ”
3078 5561 3207 5617 ibid.
3247 5559 3330 5613 17.
3428 5552 3620 5606 "ibid-

438 5804 509 5873 (ε)
556 5804 686 5875 Lege
717 5808 979 5872 πίπτοιεν,
1017 5812 1225 5861 cadant.
1266 5808 1537 5862 Cornea
1583 5804 1814 5859 Menum.
1857 5803 1954 5858 lite

2044 5803 2101 5856 Ci
2168 5799 2248 5863 III,
2291 5798 2409 5851 362.
