4080 6284
449 332 554 390 155

1442 315 1499 370 S.
1541 311 1819 370 CYRILLI
1855 304 2325 365 ALEXANDBINI
2363 298 2678 359 ARCIIIEP.

3611 283 3712 338 136

452 460 636 501 coram
669 441 1002 506 hominibus,
1026 445 1086 494 ut
1112 435 1330 492 videant
1351 448 1514 503 opera
1552 443 1729 487 vestra
1765 434 1926 496 bona,
1968 439 2023 486 et
2053 440 2072 496 ι

2169 443 2271 484 ωσι
2319 425 2380 478 τὸ
2424 422 2558 492 φῶς.
2601 439 2619 471 ι
2672 417 2782 471 Καὶ
2816 413 2975 468 πάλιν
3008 407 3268 480 ὲτέρωθι’
3313 424 3332 456 ‹
3377 403 3541 506 ,Οὕτω
3570 402 3713 506 λαμ-

452 536 746 609 gloriticent
771 533 986 588 Patrem
1016 536 1254 584 vestrum
1294 526 1384 596 qui
1413 528 1464 580 in
1493 524 1645 581 ctelis
1678 533 1762 580 est
1797 527 1859 578 ιν.
1895 543 1913 576 ι

533 797 694 869 742
712 795 873 851 Vens.
893 795 982 859 15,
1013 792 1094 848 16.
1124 792 1190 846 Ει
1213 792 1464 846 Dominus
1485 792 1810 860 omnipotens
1829 792 1883 844 in
1907 791 2030 845 tuba

458 889 700 958 clanget;
745 898 793 940 et
845 885 936 938 ibit
984 888 1038 936 in
1086 884 1432 936 commotione
1478 883 1739 934 minarum
1791 894 2030 932 suarum.

460 975 719 1030 Dominus
749 974 1074 1040 omnipotens
1120 971 1340 1038 protegit
1365 986 1474 1030 eos,
1505 980 1550 1022 et
1592 975 1894 1022 consument
1923 983 2030 1030 eos,

462 1073 509 1116 ct
559 1062 782 1116 obruent
845 1078 930 1115 eos
967 1063 1020 1115 in
1049 1059 1310 1127 lapidibus
1343 1059 1542 1129 fundis,
1577 1068 1626 1112 et
1667 1059 1865 1130 ebibent
1906 1073 2034 1110 san-

461 1154 671 1222 guinem
711 1169 892 1206 eorum
938 1153 1070 1206 sicut
1109 1153 1302 1215 vinum,
1329 1160 1377 1203 et
1415 1150 1699 1217 implebunt
1740 1160 1792 1202 ut
1823 1149 2034 1217 phialas

464 1244 654 1298 altare.
685 1243 753 1297 Et
783 1245 999 1298 salvabit
1028 1259 1113 1299 eos
1147 1244 1404 1298 Dominus
1433 1243 1483 1296 in
1514 1243 1598 1296 die
1635 1241 1727 1295 illa
1758 1243 1889 1294 sicut
1919 1257 2038 1293 oves

465 1336 713 1406 populum
739 1353 914 1390 suum.

537 1513 720 1570 LXIII.
759 1515 1188 1570 Commilitonem
1246 1523 1301 1568 et
1345 1527 1620 1570 armorum
1681 1512 1884 1566 socium
1917 1551 1932 1574 ,
1986 1517 2044 1563 ut

470 1607 606 1669 dixi,
631 1606 794 1661 claris
821 1606 1001 1661 verbis
1025 1607 1156 1676 ipsis
1184 1605 1423 1674 adjungit
1444 1605 1822 1657 universorum
1849 1600 2040 1663 Deum,

479 1698 610 1750 adeo
646 1696 994 1760 instructum,
1022 1705 1076 1750 et
1106 1695 1266 1749 simul
1301 1702 1509 1748 certare
1537 1693 1810 1758 cupidum,
1849 1701 1904 1743 ut
1930 1690 2041 1758 jam

477 1787 749 1842 hostiliter
803 1789 1079 1855 ingruere,
1122 1787 1230 1840 imo
1267 1786 1453 1852 pedem
1483 1782 1752 1848 coaferre,
1783 1793 1834 1834 et
1886 1780 2044 1850 quid—
2079 1788 2127 1848 Β

474 1878 603 1945 quid
647 1877 698 1930 in
744 1891 804 1931 se
830 1884 911 1929 est
946 1877 1139 1929 virium
1177 1876 1230 1928 in
1273 1877 1472 1933 hostes.
1505 1882 1560 1926 et
1588 1874 1638 1926 in
1678 1873 1914 1940 ipsorum
1957 1887 2045 1925 ro-

478 1970 581 2023 bur
632 1966 912 2022 eﬂundere
964 1968 1235 2020 videatur.
1281 1964 1604 2019 Rectissime
1651 1979 1811 2034 porro
1855 1964 2046 2031 inquit,

477 2059 680 2113 bellum
721 2058 989 2113 facturum
1027 2073 1129 2112 non
1164 2058 1228 2112 iis
1256 2057 1345 2126 qui
1371 2072 1465 2124 per
1499 2056 1655 2110 fidem
1689 2056 1754 2110 ad
1790 2055 2050 2122 justifica-

482 2151 683 2204 tionem
743 2157 1003 2218 tanquam
1049 2165 1245 2218 sagena
1301 2150 1442 2218 capti
1497 2157 1664 2202 sunt:
1721 2148 1816 2202 sed
1857 2147 2053 2202 divinae

480 2242 858 2311 prazdicationi
887 2242 1177 2296 infeliciter
1197 2241 1579 2304 obnitentibus,
1609 2256 1744 2309 quos
1774 2249 1828 2293 et
1856 2238 2055 2292 Paulus

485 2333 714 2394 notavit,
753 2348 873 2386 cum
904 2333 1040 2385 dixit
1070 2351 1084 2387 :
1127 2351 1145 2384 ι
1187 2331 1393 2388 Ostium
1420 2332 1562 2384 enim
1597 2331 1726 2385 mihi
1775 2344 2056 2396 maguum,

485 2433 540 2478 et
591 2425 808 2478 evidens
839 2435 1083 2494 apertum
1115 2433 1218 2488 est,
1269 2434 1322 2476 et
1379 2423 1670 2478 adversarii
1723 2422 1874 2475 multi
1912 2422 1997 2474 ’9‘.
2032 2439 2050 2470 ι

484 2498 655 2571 (lauet
694 2517 876 2586 igitur,
929 2517 1125 2586 inquit,
1182 2518 1306 2572 tuba
1364 2515 1641 2570 Dominus.
1699 2513 1934 2569 Locutus
1977 2522 2060 2568 est

487 2609 630 2663 enim
686 2610 942 2665 Dominus
993 2609 1428 2678 praedicationem
1491 2607 1895 2676 evangelicum,
1931 2620 2053 2674 quae

489 2715 679 2754 omnes
727 2710 900 2755 terras
957 2701 1218 2770 pervasit,
1266 2699 1482 2770 quando
1543 2699 1714 2754 audiri
1770 2705 1946 2767 potest
1997 2697 2064 2751 ab

489 2789 743 2844 omnibus
785 2791 1100 2860 mysterium
1131 2804 1144 2841 :
1185 2799 1303 2844 erat
1331 2788 1474 2843 enim
1503 2787 1647 2840 tenui
1681 2801 1833 2852 voce,
1863 2795 1916 2840 et
1960 2785 2066 2838 Iin-

490 2895 595 2948 gua
643 2877 828 2932 tardus
869 2878 1064 2942 Moses,
1097 2895 1266 2948 quare
1315 2880 1476 2933 etiam
1508 2877 1596 2931 vix
1640 2892 1734 2944 per
1768 2875 1936 2931 solam
1972 2876 2068 2930 Ju-

495 2972 665 3024 dzram
704 2972 1097 3026 exaudiebatur
1119 2971 1186 3028 ²⁰.
1213 2972 1280 3026 At
1305 2986 1483 3026 sermo
1510 2971 1576 3024 de
1605 2971 1824 3024 Christo
1871 2969 2069 3023 talibus

494 3062 740 3119 terminis
784 3077 1122 3133 nequaquam
1175 3065 1504 3119 continetur.
1559 3053 1691 3115 Nam
1737 3070 1794 3115 ut
1842 3061 2069 3115 buccina

494 3155 711 3224 egregia
760 3161 814 3208 et
846 3155 1254 3220 sonantissima,
1307 3155 1546 3207 omnium
1596 3153 1832 3208 auribus
1869 3153 2067 3221 ubique
2099 3126 2139 3182 ο

498 3243 757 3299 insonuit.
795 3264 813 3296 ι
849 3245 948 3300 Ibit
974 3257 1152 3300 autem
1187 3261 1283 3300 ceu
1321 3245 1372 3300 in
1407 3247 1770 3300 commotione
1803 3245 2069 3299 minarum

499 3347 747 3398 suarum,
786 3353 805 3386 ι
837 3345 891 3388 et
918 3339 996 3390 sic
1025 3345 1271 3406 proteget
1299 3337 1559 3391 satellites
1605 3350 1755 3400 suos,
1788 3344 1846 3388 ut
1877 3335 2074 3390 adver-

499 3424 629 3476 sarii
679 3427 830 3492 quasi
881 3427 948 3478 ab
989 3426 1109 3495 igne
1158 3433 1571 3490 consumantur,
1617 3435 1672 3479 et
1720 3433 1928 3478 tantum
1967 3441 2071 3478 non

497 3516 663 3570 etiam
728 3517 906 3570 fundae
955 3516 1223 3585 lapidibus
1263 3531 1358 3571 eos
1408 3518 1659 3571 universe
1729 3517 2078 3572 verberantes

502 3605 750 3659 obruent.
789 3624 806 3657 ι
843 3605 1074 3661 Ebibeut
1129 3606 1255 3661 item
1303 3607 1617 3677 sanguinem
1658 3621 1866 3674 eorum,
1909 3625 1930 3659 ι
1976 3608 2079 3662 hoc

499 3705 610 3762 est,
667 3698 832 3753 veluti
881 3699 1130 3768 quadam
1179 3697 1372 3753 bellum
1412 3698 1732 3765 iusilientes,
1779 3698 1936 3754 facile
1991 3715 2080 3753 su.

507 3795 773 3862 perabunt
829 3800 881 3845 et
908 3792 1298 3844 occidenteos.
1344 3789 1422 3842 Ad
1460 3791 1572 3844 haec
1612 3789 1845 3843 olI‘erent
1875 3791 2082 3859 phialas

507 3881 771 3950 sanguine
806 3879 1243 3932 occumbentium
1280 3877 1487 3945 plenas,
1531 3886 1590 3931 ut
1631 3878 1942 3933 libationem
1985 3881 2082 3934 ali-

508 3985 672 4042 quam
719 3969 786 4024 ad
829 3969 1023 4022 altare.
1063 3968 1327 4041 Estenim
1358 3970 1540 4022 suavis
1577 3968 1711 4022 odor
1741 3969 1868 4034 Deo,
1909 3979 1963 4025 et
1999 3986 2084 4026 ac-

511 4061 781 4131 ceptabile
804 4061 1152 4126 sacrificium,
1181 4070 1426 4116 errantes
1458 4061 1653 4116 salvari
1687 4061 2084 4131 prohibentium

515 4154 788 4208 interitus.
841 4150 896 4207 Si
932 4153 1075 4206 enim
1124 4151 1500 4207 interfectores
1537 4139 1826 4222 corporum
1874 4155 2088 4209 miseri-

513 4248 752 4302 cordiam
804 4263 908 4301 non
961 4257 1258 4314 merentur,
1299 4247 1391 4300 sed
1433 4238 1546 4316 pari
1597 4248 1777 4313 potius
1828 4248 2088 4317 supplicio

514 4336 774 4390 multandi
823 4346 983 4401 sunt,
1006 4335 1131 4405 quid
1179 4337 1244 4389 de
1288 4337 1697 4405 corruptoribus
1726 4347 1779 4392 et
1813 4336 2089 4408 jugulato-

515 4429 666 4486 ribus
693 4430 999 4481 animarum
1034 4425 1314 4482 dicemus?

588 4603 786 4671 Quales
830 4602 1014 4656 haberi
1062 4617 1278 4672 quoque
1323 4611 1547 4670 possunt
1595 4611 1912 4672 prmstantes
1948 4603 2094 4658 inter

518 4695 760 4758 Gnaeos,
785 4704 836 4748 et
886 4693 1174 4746 mundana:
1215 4694 1496 4762 sapientia:
1527 4693 1753 4762 gloriam
1789 4685 2091 4758 consecuti,

520 4787 720 4855 quibus
755 4782 950 4838 crebro
979 4782 1030 4836 in
1083 4797 1180 4836 ore
1208 4791 1334 4836 sunt
1378 4783 1451 4836 dii
1499 4783 1743 4850 deaeque,
1790 4793 1844 4835 et
1895 4785 1983 4851 qui
2027 4785 2093 4838 ad

520 4888 827 4932 creaturam
859 4875 1029 4944 magis
1062 4888 1222 4943 quam
1255 4874 1320 4926 ad
1366 4873 1524 4946 743
1551 4872 1863 4928 Creatorem
1915 4876 2098 4930 colen-

523 4969 649 5023 dum
693 4968 1008 5031 sollicitant,
1052 4974 1106 5020 ct
1151 4965 1375 5020 cuilibet
1404 4967 1673 5020 elemento
1716 4965 1826 5019 Deo
1861 4966 2097 5022 debitum

528 5057 789 5112 honorem
839 5063 1183 5110 consecrant.
1227 5055 1389 5124 Atqui
1443 5055 1725 5120 niundum,
1769 5070 1874 5110 non
1924 5057 2096 5111 solum

526 5149 762 5219 quandiu
795 5148 895 5217 ipsi
925 5148 1194 5210 vivebant,
1238 5149 1332 5202 sed
1369 5147 1534 5201 etiam
1570 5146 1637 5200 ad
1690 5156 1932 5216 tempora
1969 5165 2101 5203 con-

529 5241 808 5309 sequentia
854 5240 1207 5296 seduxerunt.
1257 5238 1418 5293 Multa
1453 5239 1594 5295 enim
1653 5238 1821 5295 millia
1872 5239 2103 5295 diversis

535 5333 784 5387 aetatibus
828 5332 1039 5386 illorum
1083 5334 1382 5388 mendaciis
1430 5331 1674 5402 persuasi
1703 5371 1717 5393 ,
1791 5341 1846 5386 et
1895 5330 2105 5400 frigidis

534 5432 700 5492 atque
725 5423 956 5479 anilibus
991 5424 1196 5480 fabellis
1227 5425 1598 5480 auscultantes
1621 5423 1919 5493 perierunt.
1955 5421 2100 5474 Sub-

539 5515 634 5570 lati
671 5527 798 5571 sunt
857 5517 1038 5587 itaque
1070 5532 1099 5571 e
1126 5517 1299 5572 medio
1355 5518 1408 5571 in
1453 5527 1726 5585 posterum
1769 5513 1926 5569 tales.
1964 5512 2107 5566 Eva-

616 5691 661 5726 “
683 5689 873 5745 Matth.
897 5711 923 5742 v
986 5693 1065 5745 ιϐ.
1149 5696 1208 5733 ¹⁹⁵
1239 5692 1254 5748 ι
1287 5692 1411 5746 Cor.
1443 5706 1550 5756 xu,
1586 5690 1637 5744 9.

1719 5689 1760 5718 9°
1790 5687 1957 5742 Exod.
1996 5701 2067 5755 ιν,
2101 5687 2181 5741 i0.

2130 518 2288 587 ψάτω
2315 515 2375 568 τὸ
2403 512 2517 582 φῶς
2559 510 2712 579 ὑμῶν
2738 505 3048 576 ἔμπροσθεν
3083 500 3192 552 τῶν
3221 494 3543 567 ἀνθρώπων,
3568 494 3717 587 ὅπως

2105 583 2283 659 ίδωσι
2311 604 2382 656 τὰ
2412 602 2551 655 καλὰ
2585 601 2739 670 ὑμῶν
2767 597 2922 667 ἔργα.
2952 595 3045 648 καὶ
3078 591 3345 656 δοξάσωσι
3373 585 3462 640 τὸν
3498 583 3718 653 Πατέρα

2133 697 2285 768 ὑμῶν
2316 696 2406 748 τὸν
2453 697 2510 746 ἐν
2538 694 2648 754 τοῖς
2682 691 2953 758 οὐρανοῖς.
2997 705 3015 736 ι

2202 788 2312 842 Καὶ
2349 787 2564 854 Κύριος
2588 777 3009 846 παντοκράτωρ
3043 776 3113 829 ἐν
3138 771 3427 838 σάλπιγγι
3451 763 3718 828 σαλπιεῇ

2134 880 2232 932 καὶ
2262 877 2612 944 πορεύσεται
2649 874 2719 924 ἐν
2756 870 2928 934 σάλῳ
2957 864 3217 932 ἀπειλῆς
3262 860 3472 916 αὑτοῦ.
3508 857 3725 923 Κύριος

2136 967 2554 1037 παντοκράτωρ
2585 961 2943 1030 ὑπερασπιεῖ
2995 955 3215 1021 αὐτῶν,
3247 951 3346 1007 καὶ
3380 945 3726 1004 καταναλώ-

2137 1076 2361 1114 σουσιι⁴
2389 1057 2629 1120 αὐτοὺς,
2661 1054 2759 1108 καὶ
2788 1049 3211 1119 καταχώσουσι
3242 1043 3520 1106 ἐνλίθοις
3545 1055 3728 1107 σφεν-

2138 1150 2343 1217 δόνης,
2390 1149 2486 1202 καὶ
2536 1146 2848 1200 ἐκπίογται
2898 1143 2962 1194 τὸ
2998 1135 3143 1208 αἷμα
3183 1133 3382 1189 αὐτῶν
3413 1132 3493 1196 ὠς
3537 1129 3726 1188 οἶνον,

2140 1241 2238 1294 καὶ
2300 1239 2611 1304 πλήσουσι
2669 1237 2750 1302 ὡς
2813 1232 3035 1302 φιάλας
3097 1222 3552 1290 θυσιαστήριον.
3619 1217 3728 1272 Καὶ

2141 1331 2324 1387 σώσει
2365 1331 2588 1395 αὐτοὺς
2636 1329 2849 1395 Κύριος
2901 1325 2971 1377 ἐν
3035 1320 3110 1390 τῇ
3161 1317 3351 1386 ἡμέρᾳ
3397 1312 3597 1377 ἐκείνῃ
3651 1308 3730 1372 ὡς

2143 1425 2408 1490 πρόϐατα
2443 1419 2553 1474 λιιι)
2565 1437 2598 1472 ν
2630 1416 2840 1472 αὐτοῦ.

2213 1533 2328 1587 ΞΡ.
2371 1527 2771 1598 Συνασπιστὴν,
2804 1526 2879 1588 ὡς
2926 1523 3084 1594 ἔφην,
3135 1521 3230 1574 κού⁵
3264 1515 3524 1572 σύνοπλον
3552 1511 3732 1572 αὐτοῖς

2149 1625 2476 1696 παρίστησιν
2508 1619 2756 1690 ἐναργῶς
2779 1620 2805 1670 6
2825 1615 3004 1684 λόγος,
3026 1613 3116 1664 τὸν
3140 1610 3249 1662 τῶν
3288 1608 3423 1661 ὅλων
3451 1604 3603 1668 Θεὸν,
3629 1618 3732 1654 πα-

2150 1714 2546 1787 ραταττόμενον
2587 1710 2748 1772 οὓτω,
2775 1710 2868 1762 καὶ
2907 1704 3188 1759 συναθλεῖν
3212 1699 3508 1772 ᾑρημένον,
3532 1696 3604 1758 ὡς
3633 1694 3732 1764 ἤδη

2157 1784 2335 1859 δοκεῖν
2385 1804 2478 1856 καὶ
2516 1799 2850 1872 ἐξηρτῆσθαι
2902 1793 3234 1865 πολεμικῶς,
3266 1791 3361 1844 καὶ
3405 1784 3515 1842 οἷον
3540 1787 3738 1856 χωρεῖν

2154 1896 2372 1966 μᾶλλον,
2422 1895 2524 1947 ’καὶ
2583 1895 2649 1962 τῇ
2683 1892 2802 1944 κατ’
2841 1886 3054 1959 ἐχθρῶν
3078 1885 3174 1958 ὅλῃ
3216 1880 3457 1954 χρῆσθαι
3489 1878 3736 1966 δυνάμει,

2153 1965 2381 2054 καὶτῆς
2425 1982 2648 2052 ἐνούσης
2696 1979 3008 2042 εὑσθενείας
3061 1977 3268 2036 αὐτοῖς.
3317 1965 3742 2038 Καταστρατεύ-

2153 2075 2306 2129 εσθαί
2335 2091 2399 2143 γε
2433 2073 2538 2145 μὴν
2573 2068 2632 2126 εὗ
2671 2071 2814 2142 μάλα
2863 2072 3048 2138 φησὶν,
3078 2067 3201 2136 οὐχὶ
3231 2063 3340 2116 τῶν
3373 2060 3459 2114 διά
3503 2060 3742 2118 πίστεως

2155 2169 2234 2228 είς
2264 2165 2546 2218 δικαίωσιν
2575 2159 3048 2232 σαγηνεύομένων,
3078 2155 3214 2210 ἀλλὰ
3246 2152 3357 2206 τῶν
3397 2149 3597 2211 ἀθλίως
3621 2146 3742 2200 ἀνθ-

2156 2256 2464 2326 εστηκότων
2509 2254 2588 2324 τῷ
2632 2253 2760 2318 θείῳ
2801 2249 3138 2321 κηρύγματι,
3188 2243 3282 2306 οὓς
3323 2243 3420 2296 καὶ
3456 2241 3486 2293 6
3525 2238 3742 2299 Παῦλος

2159 2349 2526 2418 κατεσήμηνε,
2575 2346 2785 2413 λέγων’
2834 2364 2852 2396 ι
2913 2343 3066 2412 Θύρα
3107 2339 3215 2410 γάρ
3259 2353 3348 2407 μοι
3397 2332 3604 2403 ἀνέῳγε
3651 2345 3747 2398 με·

2159 2437 2298 2507 γάλη
2329 2439 2423 2490 καὶ
2452 2435 2708 2506 ἐναργὴς,
2737 2434 2840 2487 καὶ
2857 2436 2907 2486 οἱ
2936 2429 3302 2497 ἀντικείμενοι
3329 2422 3531 2480 πολλοί.
3566 2440 3585 2472 ι
3621 2419 3750 2471 Σαλ-

2162 2531 2278 2582 πιεί
2310 2529 2488 2582 τοίνυν
2514 2530 2540 2580 6
2571 2528 2795 2598 Κύριος,
2831 2524 3014 2594 φησὶν,
3053 2525 3112 2575 ὲν
3145 2520 3434 2585 σάλπιγγι.
3465 2513 3746 2579 Λελάληκε

2162 2619 2275 2690 γάρ
2301 2622 2328 2672 6
2363 2619 2569 2690 Κύριος
2603 2617 2662 2670 τὸ
2688 2618 2949 2688 κήρυγμα
2973 2615 3034 2667 τὸ
3063 2609 3436 2680 εὐαγγελικὺν,
3465 2608 3545 2667 εἰς
3571 2606 3748 2657 πᾶσαν

2163 2710 2376 2780 διᾴττον
2407 2709 2506 2779 τὴν
2528 2709 2616 2760 ὑπ’
2634 2706 2882 2775 οὐρανὸν,
2901 2704 3228 2769 ἐξάκουστον
3245 2700 3354 2770 γὰρ
3378 2699 3490 2754 τοῖς
3510 2696 3749 2748 ἅπαντα·

2167 2799 2262 2869 λοῦ
2291 2798 2353 2851 τδ
2377 2801 2670 2869 μυστήριον
2691 2816 2704 2830 '
2725 2794 2792 2867 ἦν
2829 2797 2927 2868 μὲν
2943 2798 3052 2866 γὰρ
3073 2795 3416 2865 ἰσχνόφωνος,
3435 2790 3526 2844 καὶ
3556 2786 3751 2858 βραδύ-

2169 2892 2411 2959 γλωσσος
2443 2893 2470 2944 6
2501 2891 2725 2959 Μωσῆς,
2751 2889 3030 2958 τοιγάρτοι
3051 2887 3144 2939 καὶ
3177 2884 3331 2955 μόλις
3367 2880 3597 2951 ἠκούετο
3613 2875 3753 2929 κατὰ

2175 2984 2340 3053 μόνην
2355 2984 2452 3053 τὴν
2483 2982 2761 3036 Ἰουδαίαν.
2789 2979 3026 3034 ’Ἥκιστά
3044 2995 3106 3046 γε
3128 2980 3233 3048 μὴν
3249 2977 3306 3028 ὲν
3327 2973 3536 3034 τούτοις
3560 2969 3703 3023 ἐστὶν
3723 2968 3756 3020 6

2175 3074 2299 3142 περὶ
2323 3070 2560 3142 Χριστοῦ
2595 3071 2770 3139 λόγος.
2819 3066 3240 3136 Ἀναπεφώνηκε
3267 3064 3376 3133 γάρ
3403 3057 3491 3115 οἷά
3518 3075 3600 3121 τις
3631 3055 3757 3108 σάλ-

2175 3164 2304 3231 πιγξ
2345 3161 2610 3233 λαμπρὰ,
2645 3162 2740 3214 καὶ
2788 3158 3151 3230 εὐηχεστάτη,
3196 3155 3292 3208 καὶ
3341 3154 3461 3214 ταῖς
3503 3148 3756 3203 ἁπάντων

2174 3257 2362 3317 ἀκοαῖς
2400 3254 2539 3324 ἠχὴν
2567 3255 2769 3306 ὲνιεῖσα
2806 3252 2906 3323 τὴν
2939 3249 3281 3318 διαπρύσιον.
3331 3263 3351 3296 ι
3392 3243 3663 3296 Βαδιεῖται
3700 3236 3758 3290 δὲ

2175 3346 2363 3423 ὥσπερ
2411 3347 2469 3399 ἐν
2505 3343 2650 3412 σάλῳ
2675 3343 2904 3412 ἀπειλῆς
2937 3340 3124 3405 αὐτοῦ,
3164 3358 3182 3390 ι
3225 3337 3319 3390 καὶ
3339 3331 3760 3405 ὑπερασπιεῖται

2176 3437 2318 3490 οὕτω
2338 3438 2444 3489 τῶν
2478 3436 2672 3489 ἑαυτοῦ
2689 3435 3022 3506 δορυφόρων,
3039 3434 3114 3496 ὠς
3128 3426 3238 3485 οἷον
3254 3430 3358 3482 ὑπὸ
3382 3427 3552 3496 πυρὸς
3580 3424 3758 3477 δαπα-

2178 3526 2372 3579 νᾶσθαι
2397 3526 2522 3589 τοὺς
2552 3525 3002 3596 ἀνθισταμένους,
3022 3523 3179 3593 μόνον
3201 3521 3255 3574 δὲ
3274 3520 3393 3589 οὐχὶ
3421 3519 3516 3572 καὶ
3547 3511 3765 3584 σφενδό-

2179 3631 2276 3684 νης
2309 3613 2477 3676 λίθοις
2523 3613 2721 3676 αὐτοὺς
2757 3611 3131 3682 καταχώσουσι
3171 3606 3565 3669 καταπαίοντες
3595 3619 3767 3673 γεννι-

2182 3705 2312 3768 κῶς.
2347 3705 2659 3758 Ἐκπίονται
2688 3705 2746 3758 δὲ
2773 3705 2863 3757 καὶ
2888 3705 2948 3757 τὸ
2971 3697 3116 3773 αἷμα
3147 3701 3350 3766 αὐτῶν,
3366 3697 3644 3754 τουτέστιν
3675 3688 3763 3745 οἷά

2182 3811 2327 3857 τινες
2357 3794 2523 3865 θῆρες
2564 3792 2997 3864 ὲπιθρὼσκοντες
3040 3791 3385 3861 περιέσονται
3416 3785 3633 3866 ῥᾳδίως,
3669 3780 3768 3836 καὶ

2184 3887 2410 3957 νεκροὺς
2446 3884 2805 3954 ἀποφανοῦσι.
2853 3880 3258 3956 Προσκομιοῦσι
3297 3881 3354 3934 δὲ
3392 3878 3470 3948 τῷ
3506 3876 3617 3929 τῶν
3669 3890 3770 3926 πε-

2186 3977 2481 4032 πτωκότων
2529 3979 2725 4048 αἵματι
2774 3977 2972 4047 φιάλας
3021 3973 3473 4045 πεπληρωμένας,
3519 3968 3770 4036 καθάπερ

2187 4070 2306 4124 τινὰ
2325 4069 2554 4140 σπονδὴν
2571 4070 2662 4124 ἐπὶ
2679 4069 2740 4123 τὸ
2764 4069 3169 4139 θυσιαστήριον.
3193 4064 3402 4119 Εὐωδία
3417 4061 3613 4133 γὰρτῷ
3627 4057 3770 4129 Θεῷ,

2189 4163 2284 4214 καὶ
2321 4162 2482 4215 θυσία
2517 4162 2680 4234 δεκτὴ
2714 4162 2820 4216 τῶν
2841 4163 2940 4215 οὐκ
2970 4162 3182 4215 ἐώντων
3214 4155 3482 4222 σώζεσθαι
3510 4157 3634 4216 τοὺς
3672 4168 3771 4204 πε·-

2192 4249 2571 4319 πλανημένους
2610 4252 2636 4303 6
2659 4249 2906 4313 θάνατος.
2941 4251 3004 4303 Εἰ
3050 4249 3161 4319 γὰρ
3203 4247 3313 4302 τῶν
3346 4246 3613 4315 σωμάτων
3648 4243 3772 4301 τοὺς

2194 4340 2459 4410 φονευτάς
2484 4341 2583 4394 οὐκ
2605 4340 2753 4406 ἄξιον
2783 4339 3072 4406 ἐλεεῖσθαι,
3101 4338 3468 4410 ὑποφέρεσθαι
3501 4337 3557 4388 δὲ
3577 4333 3772 4405 μᾶλλον

2123 4461 2167 4515 D
2195 4434 2317 4494 ταῖς
2372 4430 2571 4497 δίκαις,
2615 4432 2685 4484 τὰ
2719 4432 2807 4484 ἴσα
2845 4431 3135 4495 παθόντας,
3165 4431 3217 4482 τί
3256 4430 3321 4485 ἄν
3349 4446 3431 4492 τις
3469 4427 3616 4494 λέγοι
3647 4423 3774 4493 περὶ

2194 4523 2302 4576 τῶν
2333 4523 2382 4575 οἳ
2416 4523 2602 4594 ψυχῶν
2638 4524 2895 4594 ὀλετῆρες
2921 4523 3174 4592 γεγόνασι
3211 4521 3302 4574 καὶ
3334 4520 3584 4590 φθορεῖς.

2265 4608 2387 4665 Εἶεν
2413 4611 2456 4663 δ’
2485 4613 2557 4688 ,ἂν
2589 4607 2733 4666 οὗτοι
2783 4614 2944 4666 πάλιν
2983 4616 3030 4666 οἱ
3087 4613 3351 4683 Ἑλλήνων
3397 4609 3642 4678 λογάδες,
3686 4607 3776 4660 καὶ

2193 4702 2291 4772 τῆς
2324 4705 2380 4756 ἐν
2408 4704 2598 4775 κόσμῳ
2632 4705 2824 4774 σοφίας
2857 4705 3094 4775 ἡμμένοι
3141 4703 3237 4774 τὴν
3278 4702 3456 4767 δόξαν,
3487 4703 3534 4754 oi
3576 4701 3686 4754 ἄνω
3718 4715 3776 4750 τε

2197 4795 2290 4848 καὶ
2323 4795 2473 4848 κάτω
2508 4796 2662 4859 θεοὺς
2685 4797 2780 4849 καὶ
2815 4796 2943 4858 θεάς
2975 4794 3352 4865 ὀνομάζοντες,
3389 4793 3483 4846 καὶ
3506 4794 3573 4862 τῇ
3604 4791 3778 4844 κτίσει

2197 4886 2348 4958 παρὰ
2398 4887 2486 4940 τὸν
2550 4889 2781 4958 ποιητὴν
2837 4887 3225 4950 ἀναπείθοντες
3273 4886 3635 4957 προσκυνεῖν,
3686 4883 3782 4936 καὶ

2197 4977 2411 5046 ἑκάστῳ
2436 4975 2543 5029 τῶν
2572 4977 2848 5046 στοιχείων
2880 4979 2977 5048 τὴν
3007 4977 3125 5047 Θεῷ
3157 4976 3472 5048 πρέπουσαν
3502 4973 3784 5028 ἀνατιθέν-

2198 5083 2286 5127 τες
2313 5063 2488 5128 δόξαν,
2525 5066 2697 5119 καίτοι
2725 5066 3104 5137 πεπλανήκασι
3135 5068 3234 5135 τὴν
3273 5065 3364 5118 ὑπ’
3394 5062 3641 5135 οὐρανὸν,
3690 5054 3784 5113 καὶ

2200 5156 2320 5226 οὐχὶ
2363 5156 2428 5225 δὴ
2479 5156 2637 5226 μόνον
2683 5158 2826 5210 κατά
2854 5174 2916 5226 γε
2954 5157 3045 5210 τὸν
3098 5157 3288 5227 χρόνον
3328 5156 3426 5226 τῆς
3476 5156 3534 5207 ὲν
3571 5151 3783 5222 σώματι

2203 5244 2383 5313 ζωῆς·
2427 5243 2561 5297 ἀλλὰ
2610 5244 2702 5297 καὶ
2751 5246 2830 5307 είς
2863 5247 3088 5316 χρόνους
3137 5245 3265 5306 τοὺς
3313 5241 3532 5312 ἑφεξῆς.
3581 5239 3784 5308 Μύριοι

2204 5335 2312 5405 γὰρ
2353 5336 2465 5388 ὅσοι
2510 5337 2646 5388 κατὰ
2689 5339 2912 5408 καιροὺς
2945 5334 3232 5390 διολώλασι
3262 5334 3361 5405 τῆς
3399 5332 3622 5386 ἐκείνων
3655 5329 3783 5400 dieu—

2206 5425 2455 5487 δοεπείας
2485 5421 2808 5496 ἡττώμενοι,
2845 5430 2936 5480 καὶ
2965 5426 3191 5496 ψυχροῖς
3228 5425 3318 5478 καὶ
3360 5422 3631 5494 γραώᾶεσι
3680 5438 3779 5490 μυ·

2211 5515 2416 5584 θαρίοις
2445 5521 2899 5588 προσεσχηκότες.
2945 5517 3269 5587 Ἀνῂρηνται
3299 5517 3360 5585 δὴ
3396 5511 3487 5568 οὖν
3513 5516 3561 5566 οἱ
3593 5511 3786 5567 τοιοίδε
