4080 6284
424 371 524 425 157

1235 369 1789 426 COMMENTARIUS
1829 369 1894 424 ΙΝ
1939 371 2346 430 ΖΑΟΙΙΑΚΙΑΜ
2388 373 2833 429 PROPllETAM.

3586 382 3687 436 lLB

423 475 628 529 λοιπόν.
657 473 868 544 υίχεται
905 473 1010 542 γὰρ
1043 474 1138 542 τῆς
1171 473 1394 526 ἐκείνων
1434 477 1758 546 συγγραφῆς
1785 479 1817 546 ἡ
1850 477 2003 548 βεϐή-

2111 482 2284 538 nescit
2336 483 2481 537 enim
2538 483 2866 552 scriptorum
2933 483 3147 539 illorum
3199 487 3431 554 vanitas,
3495 489 3690 543 fabulae

425 566 607 632 λωσις,
637 567 1006 638 ἀπρακτοῦσιν
1038 569 1085 618 οἱ
1118 565 1297 635 μῦθοι,
1329 567 1420 620 καὶ
1448 561 1557 620 οἷον
1613 567 1914 623 ἐκπέποται
1943 571 2003 624 τὸ

425 653 563 726 αἷμα
591 656 784 709 αὐτῶν.
814 656 937 718 Τοῖς
965 655 1072 725 γὰρ
1097 657 1194 724 τῆς
1215 654 1470 724 ἀληθείας
1491 657 1725 726 δόγμασι
1750 658 2002 730 καθάπερ

423 753 532 804 τισὶ
560 749 724 810 λίθοις
767 749 882 807 τοῖς
929 747 993 797 ἐκ
1038 745 1328 814 σφενδόνης
1363 748 1789 818 καταπαιὸμενοι
1833 768 2004 803 καταο

422 840 732 911 χώννυνται,
764 836 858 888 κοιλ⁹
900 835 1144 902 γέγονεν,
1182 834 1256 897 ὡς
1298 834 1454 906 ἔφην,
1504 837 1698 890 εὐωδία
1738 838 1856 908 Θεῷ
1902 841 2003 908 τῆς

421 931 637 983 ἐκείνων
668 927 1071 996 ἀθυροστομίας
1103 927 1134 995 ἡ
1163 924 1428 992 ἀπώλεια,
1457 947 1474 978 ι
1509 931 1618 982 Καὶ
1646 931 1854 984 σέσωκε
1890 931 2001 984 Κύ-

419 1037 531 1088 ριος
561 1019 636 1081 ὡς
666 1018 915 1087 πρόϐατα
945 1017 1034 1069 τὸν
1055 1017 1179 1070 λαὸν
1213 1018 1398 1071 αὑτοῦ.
1440 1039 1457 1069 ι
1504 1021 1720 1091 Ἐπειδὴ
1748 1023 1854 1094 γάρ
1885 1026 2002 1076 ἐστι

413 1111 521 1164 τῶν
547 1111 683 1163 ὅλων
713 1110 872 1172 αὐτὸς
897 1108 1290 1178 ποιητὴς,λαὸς
1322 1110 1488 1162 αὐτοῦ
1516 1111 1756 1180 λέγοιντο
1785 1114 1849 1167 ἂν
1867 1116 2004 1168 εἰκό-

414 1221 520 1266 τως
550 1203 644 1254 καὶ
681 1205 729 1254 οἱ
763 1202 933 1254 παλαι
968 1201 1330 1270 πλανώμενοι,
1354 1202 1445 1266 οὒς
1475 1205 1547 1269 ὼς
1574 1207 1773 1276 ἀγέλην
1796 1208 2003 1278 ἀπελη-

415 1295 659 1365 λαμὲνην
703 1294 804 1346 ὑπὸ
845 1293 1056 1363 λῃστῶν
1095 1295 1333 1347 σέσωκεν
1367 1298 1394 1348 ὁ
1429 1296 1652 1366 Κύριος,
1698 1300 1823 1361 τοὺς
1867 1300 2000 1369 ψευ-

418 1389 746 1457 δοποίμενας
783 1385 1047 1446 ἐκϐαλὼν,
1085 1386 1178 1438 καὶ
1226 1388 1327 1439 ὑπὸ
1361 1391 1517 1457 χεῖρα
1552 1389 1720 1452 τιθεὶς
1766 1391 1903 1444 ἰδίαν
1943 1393 2003 1445 τὸ

417 1479 756 1550 ἀνθρώπινον
789 1477 962 1546 γένος.
1001 1479 1152 1530 Ἐστι
1183 1477 1290 1546 γὰρ
1326 1479 1486 1542 αὐτὸς
1522 1482 1549 1532 ὁ
1604 1482 1807 1551 ποιμὴν
1841 1485 1869 1535 ὁ
1905 1500 2001 1536 κα-

416 1569 524 1632 λὸς,
558 1569 585 1620 ὁ
619 1567 787 1630 τιθεὶς
817 1568 914 1636 τὴν
944 1567 1120 1636 ψυχὴν
1160 1567 1322 1620 αὑτοῦ
1356 1569 1496 1638 ὑπὲρ
1544 1570 1650 1624 τῶν
1684 1572 1994 1642 προϐάτων.

484 1656 637 1708 Διοίτι
671 1656 822 1708 λίθοι
847 1655 1000 1723 ἅγιοι
1033 1655 1344 1708 κυλίοι-ται
1375 1657 1472 1710 ἐπὶ
1509 1657 1619 1726 τῆς
1648 1658 1758 1728 γῆς
1785 1661 1994 1714 αὑτοῦ.

417 1747 545 1798 Ὅτι
587 1746 642 1799 εἴ
683 1764 735 1799 τι
769 1737 1002 1815 ἀγαθὸν
1028 1746 1236 1814 αὑτοῦ,
1281 1748 1376 1801 καί
1411 1751 1466 1802 εἴ
1508 1767 1563 1803 τι
1615 1753 1810 1804 καλὸν
1849 1753 1991 1819 παρ’

2109 573 2244 628 nihil
2275 583 2464 643 agunt,
2494 583 2544 629 et
2578 576 2799 642 sanguis
2833 590 3022 628 eorum
3057 577 3456 645 quodammodo
3495 589 3685 648 epotus

2105 675 2210 719 est.
2242 667 2495 720 Veritatis
2517 667 2717 735 quippe
2751 667 3025 733 dogmatis
3053 668 3216 722 veluti
3249 671 3570 738 quihusdam
3611 672 3687 725 la-

2105 755 2316 824 pidibus
2355 773 2385 811 e
2427 757 2588 810 funda
2641 759 2882 826 percussi
2929 760 3263 823 obruuntur,
3315 769 3370 815 et
3427 772 3685 832 tanquam

2104 849 2284 902 suavis
2319 850 2452 902 odor
2485 849 2646 901 Deum
2691 847 2889 901 alllavit
2919 851 3184 903 exstincta
3217 865 3402 903 eorum
3441 853 3684 920 loquaci-

2107 949 2186 993 tas
2218 958 2230 993 :
2260 960 2275 991 ι
2312 939 2373 992 Et
2397 940 2628 992 salvavit
2655 939 2915 992 Dominus
2947 949 3003 991 ut
3028 955 3155 993 oves
3174 942 3427 1009 populum
3455 957 3632 994 suum.
3660 961 3679 992 ι

2105 1030 2370 1096 Quoniam
2419 1032 2560 1085 enim
2608 1033 2719 1100 ipse
2758 1042 2843 1085 est
2889 1033 3138 1086 conditor
3173 1033 3437 1095 omnium,
3487 1036 3682 1086 merito

2106 1123 2233 1176 item
2287 1123 2511 1191 populus
2554 1121 2669 1189 ejus
2708 1122 2976 1187 dicentur,
3013 1125 3102 1192 qui
3151 1123 3278 1177 olim
3328 1133 3679 1187 erraverunt;

2105 1229 2241 1285 quos
2269 1223 2325 1268 ut
2357 1229 2573 1284 gregem
2605 1229 2634 1267 a
2667 1213 2966 1268 latroaibus
2999 1217 3250 1270 abactum
3290 1215 3536 1269 Christus
3565 1217 3677 1268 sal-

2106 1305 2269 1366 vavit,
2303 1302 2454 1357 falsis
2500 1303 2807 1372 pastoribus
2845 1302 3052 1371 ejectis,
3095 1313 3150 1357 et
3186 1319 3384 1372 genere
3437 1305 3678 1358 humano

2104 1393 2156 1446 in
2185 1394 2405 1448 tutelam
2445 1410 2598 1448 suam
2644 1404 2885 1464 recepto.
2922 1395 3040 1463 Ipse
3067 1397 3209 1448 enim
3243 1405 3326 1450 est
3369 1406 3550 1464 pastor
3582 1400 3680 1450 bo-

2102 1499 2224 1546 nus,
2251 1485 2339 1551 qui
2373 1485 2523 1553 ponit
2561 1487 2801 1540 animam
2831 1501 2982 1540 suam
3015 1503 3112 1556 pro
3137 1489 3326 1543 ovibus
3356 1491 3567 1544 suisw.

2173 1661 2337 1716 Vens.
2368 1660 2552 1727 16,17.
2600 1661 2742 1726 Quia
2776 1661 2975 1730 lapides
3007 1666 3177 1717 sancti
3210 1669 3486 1718 volvuntur
3520 1683 3675 1732 super

2103 1764 2295 1806 terram
2334 1754 2468 1822 ejus.
2507 1753 2643 1817 Quia
2681 1756 2727 1807 si
2776 1755 2902 1826 quid
2952 1756 3140 1807 bonum
3183 1755 3348 1820 illius,
3377 1768 3423 1808 et
3469 1758 3512 1806 si
3545 1757 3670 1824 quid

412 1838 619 1900 αὐτοῦ,
645 1837 813 1904 σῖτος
842 1838 1202 1903 νεανίσκοις,
1237 1839 1335 1892 καὶ
1368 1841 1532 1908 οἶνος
1556 1841 1882 1902 εὺωὸιιίζῖυν
1908 1846 1997 1910 εὶς

2100 1846 2290 1898 bonum
2334 1846 2396 1896 ab
2427 1862 2507 1907 eo,
2544 1849 2867 1912 [ramentum
2905 1847 3206 1914 juvenibus,
3245 1858 3292 1900 et
3340 1850 3514 1902 viuum
3547 1850 3666 1902 bom'

415 1929 771 1997 παρθένους.

483 2017 596 2071 ΞΔ⁹.
636 2019 831 2082 Λίθους
877 2019 976 2089 μὲν
1017 2021 1204 2090 ἁγίους
1238 2025 1366 2086 τοὺς
1407 2025 1464 2076 ἐν
1505 2025 1569 2093 τῇ
1613 2025 1682 2093 γῇ
1733 2022 1825 2076 τοῦ
1860 2021 1996 2076 Θεοῦ

416 2109 762 2179 κυλιομένους
795 2113 920 2174 τοὺς
953 2115 1010 2167 ἐν
1051 2117 1172 2177 ταῖς
1217 2114 1563 2184 Ἐκκλησίαις
1598 2113 1735 2165 κατὰ
1770 2115 1996 2183 καιροὺς

415 2200 625 2270 ἁγίους,
650 2201 804 2272 οἵπερ
835 2202 899 2255 ἂν
927 2204 1166 2271 γένοιντο
1191 2205 1545 2276 μυσταγωγοὶ
1575 2206 1667 2258 καὶ
1687 2205 1996 2257 διδάσκαλοι

416 2292 833 2362 κατωνομὰσθαι
864 2294 1062 2364 φαμέν.
1094 2297 1412 2366 Σύμμορφοι
1443 2296 1550 2369 γὰρ
1586 2297 1840 2365 γεγόνασι
1868 2315 1885 2346 t
1918 2295 1995 2365 τῷ

413 2383 543 2454 λιθῳ
571 2383 646 2454 τῷ
673 2385 938 2456 ἐκλεκτῷ,
967 2387 1059 2438 καὶ
1085 2386 1484 2458 ἀκρογωνιαίῳ,
1531 2388 1624 2440 καὶ
1658 2387 1880 2456 ἐντίμῳ,
1921 2386 1998 2456 τῷ

415 2478 717 2550 τεθειμένῳ
745 2480 895 2549 παρὰ
919 2481 1014 2534 τοῦ
1047 2481 1181 2534 Θεοῦ
1210 2481 1303 2534 καὶ
1330 2481 1540 2550 Πατρὺς
1570 2483 1649 2543 εἰς
1673 2483 1742 2534 τὰ
1773 2480 1997 2551 θεμέλια

413 2569 573 2626 Σιών.
607 2591 626 2622 ι
661 2573 722 2624 Εἰ
746 2572 801 2625 δὲ
826 2571 968 2636 λίθος
1001 2575 1028 2626 ὁ
1053 2573 1321 2642 θεμέλιος,
1353 2574 1404 2625 οἱ
1430 2574 1996 2643 συναρμολογούμενοί

412 2680 473 2715 τε
514 2664 609 2717 καὶ
644 2664 1123 2734 συμϐιὸαζόμενοι,
1164 2665 1258 2718 καὶ⁸
1309 2666 1388 2728 είς
1425 2665 1552 2717 ναὸν
1584 2665 1737 2733 ἅγιον
1775 2666 1997 2718 ἀνιστά-

418 2773 570 2824 μενοι
603 2755 680 2826 τῷ
709 2755 846 2826 Θεῷ,
877 2757 1011 2810 λίθοι
1042 2758 1134 2811 καὶ
1162 2757 1314 2809 αὐτοὶ
1350 2757 1590 2820 πιθανῶς
1618 2757 1993 2828 ὀνομάζονται.

416 2844 718 2898 Κυλίεσθαί
744 2863 808 2913 γε
839 2845 945 2916 μὴν
967 2847 1164 2908 αὐτοὺς
1188 2842 1245 2900 εὖ
1274 2847 1418 2916 μάλα
1443 2849 1598 2917 φησι,
1627 2847 1689 2900 τὸ
1727 2848 1863 2918 πρὸς
1890 2849 1996 2901 πᾶν

411 2936 594 2990 ὁτιοῦν
614 2938 722 2990 τῶν
761 2938 930 3006 ἁγίων
959 2939 1121 2990 οἱονεί
1149 2954 1264 3000 πως
1293 2938 1612 3011 εὔστροφον,
1653 2941 1745 2993 καὶ
1773 2941 1993 3010 γοργὸν,

411 3029 502 3082 διὰ
529 3030 721 3084 τούτου
762 3031 1061 3102 σημαίνων.
1091 3033 1156 3085 Οἱ
1189 3033 1298 3102 γάρ
1329 3049 1410 3085 τοι
1451 3036 1790 3104 περιφερεῖς,
1829 3033 1996 3103 ἤγουν

415 3122 774 3192 σφαιροειδεῖς
794 3121 903 3175 τῶν
933 3122 1115 3189 λίθων,
1140 3122 1298 3177 ὄκνου
1330 3125 1526 3186 παντός
1552 3125 1688 3176 εἰσιν
1715 3125 1991 3194 ἀμείνους,

2101 1934 2275 1987 odoris
2314 1936 2382 1988 ad
2413 1930 2653 2003 virgines.

2176 2027 2359 2082 LXIV.
2405 2027 2634 2096 Lapides
2665 2036 2881 2082 sanctos
2903 2029 2996 2098 qui
3035 2029 3087 2082 in
3126 2037 3266 2082 terra
3298 2030 3416 2099 ejus
3449 2031 3676 2085 volvun-

2103 2129 2228 2184 tur,
2287 2121 2590 2190 quibusque
2641 2121 2971 2192 temporihus
3022 2120 3384 2175 Ecclesiarum
3432 2137 3672 2187 sanctos,

2099 2214 2192 2282 qui
2247 2222 2687 2282 mystagogorum
2765 2213 3252 2281 magistrorumque
3295 2213 3474 2267 allii-io
3523 2216 3673 2285 [litigi

2101 2305 2328 2374 possint,
2385 2306 2690 2357 nominatos
2741 2316 2881 2364 esse,
2944 2303 3295 2360 allirmamus.
3352 2305 3674 2361 Coul‘ormes

2099 2396 2243 2452 enim
2293 2403 2420 2451 sunt
2466 2412 2484 2445 ι
2530 2394 2690 2464 lapidi
2724 2394 2918 2460 electo,
2968 2404 3022 2450 et
3067 2412 3281 2452 summo
3315 2398 3584 2466 angulari,
3623 2406 3678 2451 et

2099 2488 2361 2557 pretioso,
2421 2487 2599 2556 posito
2649 2501 2678 2540 a
2736 2485 2846 2541 Deo
2909 2497 2964 2542 et
3012 2487 3172 2543 Patre
3226 2490 3277 2542 in
3325 2489 3674 2542 futnlamenta

2102 2578 2231 2632 Sion
2257 2579 2324 2631 ³¹.
2369 2595 2389 2629 ι
2427 2577 2578 2644 Quod
2611 2577 2654 2631 si
2687 2577 3100 2632 fundamentum
3143 2577 3300 2645 lapis,
3326 2578 3586 2646 coaptati,
3619 2588 3676 2629 et

2099 2666 2483 2731 coagmentati,
2502 2653 2635 2719 etin
2663 2667 2918 2735 templum
2949 2674 3197 2720 sanctum
3230 2666 3462 2720 Domino
3478 2667 3646 2718 erecti
3665 2705 3681 2730 ,

2098 2759 2260 2814 etiam
2311 2758 2407 2826 ipsi
2453 2774 2556 2811 nou
2605 2759 2786 2826 inepte
2853 2757 3060 2826 lapides
3109 2758 3477 2811 nominantur.
3522 2757 3672 2811 Volvi

2097 2861 2275 2905 autem
2306 2851 2426 2906 illos
2473 2850 2878 2919 appositissime
2909 2850 3066 2915 dicit,
3100 2857 3158 2903 ut
3203 2850 3267 2903 ad
3310 2850 3524 2918 quidvis
3549 2865 3676 2904 san-

2097 2955 2310 2996 ctorum
2339 2942 2635 3012 agilitatem
2684 2942 3128 3011 celeritatemque
3157 2941 3415 2996 declaret.
3443 2941 3676 3009 Lapides

2098 3039 2243 3091 enim
2269 3035 2626 3100 orbiculares,
2680 3049 2774 3090 seu
2811 3035 3049 3097 rotundi,
3087 3035 3226 3088 citra
3261 3034 3421 3086 ullam
3454 3031 3678 3085 dillicul-

2103 3138 2268 3182 tatem
2319 3125 2664 3180 mobilissimi
2710 3135 2857 3187 sunt,
2903 3127 2946 3178 si
2985 3126 3107 3192 quis
3144 3139 3236 3177 eos
3281 3123 3554 3188 impellere
3585 3138 3678 3176 vo-

414 3215 508 3266 καὶ
529 3213 638 3268 τῶν
671 3214 846 3268 ἄλλων
887 3217 968 3277 είς
993 3217 1205 3286 κίνησιν
1234 3217 1590 3286 ἑτοιμότεροι,
1628 3216 1680 3267 εἴ
1708 3234 1790 3278 τις
1825 3217 1995 3268 ἕλοιτο

2101 3220 2300 3273 luerit:
2340 3219 2418 3271 sic
2447 3219 2663 3270 animus
2693 3228 3003 3269 sanctorum
3049 3216 3114 3268 ad
3167 3215 3345 3267 omnia
3377 3214 3488 3268 Deo
3528 3222 3678 3283 grata

415 3307 586 3359 κινεῖν
607 3321 620 3333 ·
655 3305 937 3372 εὐάγωγος
963 3306 1021 3357 δὲ
1057 3305 1175 3359 λίαν
1214 3307 1292 3368 είς
1327 3306 1389 3358 τὸ
1415 3307 1493 3376 τῷ
1528 3306 1645 3375 Θεῷ
1674 3306 1862 3358 δοκοῦν
1888 3305 1996 3357 τῶν

415 3398 585 3465 ἁγίων
632 3399 662 3450 ὁ
708 3396 854 3460 νοῦς.
883 3395 1070 3460 υῦτως
1111 3392 1203 3450 οὖν
1240 3399 1371 3467 ἡμῖν
1405 3398 1636 3467 ἐχόντων
1675 3397 1782 3449 τῶν
1809 3396 1993 3459 λίθων,

412 3488 614 3558 πρέποι
652 3487 717 3541 ἂν
763 3488 912 3558 ἡμᾶς
957 3487 1260 3541 διακεῖσθαι
1285 3489 1393 3540 καὶ
1431 3487 1735 3559 ἀραρότως.
1784 3487 1902 3539 Ὅτι
1944 3485 1997 3538 ετ

411 3597 466 3632 τι
484 3579 704 3646 ἀγαθὸν,
726 3577 913 3644 αὑτοῦ,
946 3579 1037 3632 καλ⁸
1066 3577 1119 3630 εἴ
1150 3595 1204 3631 τι
1252 3579 1436 3640 καλὸν,
1472 3579 1602 3648 παρ’
1628 3578 1814 3640 αὐτοῦ,
1837 3577 1993 3647 δῆλον

414 3671 472 3724 δὲ
500 3671 580 3724 ὅτι
603 3672 694 3725 τοῦ
721 3673 898 3726 πάντα
928 3673 1058 3743 ἡμῖν
1084 3672 1152 3725 τὰ
1179 3672 1318 3742 πρὸς
1344 3671 1626 3724 εὐσέϐειαν
1648 3670 1995 3740 διανέμοντος

414 3761 568 3817 Θεοῦ.
619 3766 753 3818 Ποῖα
782 3765 840 3819 δὲ
878 3765 1052 3819 ταῦτα
1091 3766 1207 3818 ἐστί
1230 3781 1244 3829 ;
1287 3785 1304 3816 ι
1342 3765 1496 3825 Σῖτος
1540 3762 1862 3824 νεανίσκοις,
1904 3763 1996 3814 καὶ

411 3853 556 3920 οἶνος
590 3856 896 3922 εὐωδιάζων
923 3859 1002 3921 είς
1039 3859 1364 3929 παρθένους.
1396 3876 1415 3908 ι
1453 3856 1578 3918 Τοῖς
1618 3855 1718 3925 μὲν
1753 3854 1864 3924 γάρ
1902 3855 1996 3906 ἁν-

411 3947 770 4019 δριζομένοις,
809 3949 902 4002 καὶ
938 3949 1170 4018 νεανικῷ
1215 3950 1521 4021 φρονήματι
1568 3947 1704 4017 πρὸς
1751 3946 1812 3998 τὸ
1843 3945 1992 4016 αὐτῷ

411 4039 604 4093 δοκοῦν
628 4041 1039 4102 ἀπονενευκόσι,
1067 4041 1161 4093 καὶ
1192 4040 1435 4110 πληροῦν
1459 4039 1736 4109 ἑλομένοις
1768 4035 1829 4089 τὸ
1857 4037 1994 4104 ἀγα-

413 4131 526 4196 θὸν,
560 4131 845 4201 δοθήσεται
887 4133 1016 4204 παρ’
1037 4130 1202 4185 αὐτοῦ
1235 4131 1327 4183 καὶ
1363 4129 1443 4181 ἔτι
1479 4130 1678 4200 μείζων
1721 4130 1894 4199 ἰσχὺς,
1919 4127 1995 4191 ὡς

413 4225 473 4276 ἐν
521 4223 653 4294 σίτῳ
697 4225 996 4296 νοουμένηο
1036 4241 1053 4274 ι
1103 4220 1358 4292 Στηρίζει
1406 4219 1515 4290 γὰρ
1557 4219 1719 4289 ἄρτος
1763 4217 1994 4288 καρδίαν

413 4312 730 4382 ἀνθρώπου.
779 4333 798 4364 ι
845 4315 965 4376 Τοῖς
1017 4328 1081 4379 γε
1131 4311 1235 4380 μὴν
1284 4310 1386 4379 ήδη
1430 4307 1850 4378 διηγνισμένοις,
1903 4306 1997 4358 καὶ

416 4404 716 4471 ἀμόλυντον
765 4404 942 4472 ἔχουσι
998 4404 1089 4456 τὸν
1148 4402 1305 4464 νοῦν,
1372 4401 1421 4453 οἳ
1467 4402 1559 4453 καὶ
1607 4403 1831 4470 σεμναῖς
1903 4399 1996 4452 καὶ

2098 3309 2346 3362 obeunda
2379 3315 2462 3360 est
2505 3305 2806 3358 versatilis.
2844 3305 3112 3369 Quoniam
3163 3303 3322 3372 igitur
3366 3302 3572 3370 lapides
3603 3303 3676 3356 ita

2099 3413 2158 3452 se
2201 3399 2422 3462 habent,
2471 3397 2630 3450 docet
2685 3409 2784 3449 nos
2827 3403 3188 3463 congruenter
3217 3394 3486 3447 animatos
3532 3407 3673 3448 esse.

2102 3492 2234 3558 Quia
2280 3489 2324 3544 si
2359 3489 2486 3559 quid
2512 3492 2710 3542 bonum
2745 3488 2860 3554 ejus
2890 3497 2991 3549 est,
3022 3495 3075 3541 et
3120 3487 3165 3540 si
3210 3486 3338 3554 quid
3372 3487 3674 3548 honestum,

2099 3583 2164 3634 ab
2190 3582 2305 3649 ipso
2334 3587 2437 3642 est,
2483 3593 2679 3648 nempe
2711 3593 2739 3629 a
2770 3577 2879 3630 Deo
2912 3578 3090 3630 omnia
3128 3577 3281 3629 nobis
3324 3577 3388 3629 ad
3423 3578 3675 3644 pietatem

2100 3670 2382 3739 largiente.
2415 3669 2545 3734 Quae
2587 3675 2713 3722 sunt
2759 3677 2936 3720 autem
2966 3666 3113 3720 ista?
3148 3685 3167 3716 ι
3207 3665 3558 3718 Frumentum
3583 3665 3674 3733 ju-

2098 3761 2349 3823 venibus,
2398 3757 2561 3830 744
2607 3767 2662 3812 et
2703 3758 2889 3810 vinum
2940 3757 3225 3809 odoratum
3257 3755 3323 3808 ad
3361 3755 3616 3822 virgines.
3651 3772 3670 3806 ι

2100 3851 2259 3906 Viros
2299 3850 2444 3904 enim
2475 3865 2532 3904 se
2566 3848 2954 3917 praebentibus,
2994 3857 3046 3900 et
3078 3847 3320 3899 animose
3349 3844 3468 3915 ejus
3513 3845 3674 3898 bene-

2099 3943 2355 4011 placitum
2387 3939 2734 4000 curantibus,
2768 3948 2824 3992 et
2852 3936 3042 3991 virtuti
3073 3939 3280 3992 servire
3306 3935 3675 4005 cupientibus,

2097 4034 2318 4088 dabitur
2356 4031 2424 4085 ab
2475 4045 2540 4086 eo
2593 4030 2772 4098 majus
2825 4031 3003 4084 adhue
3052 4029 3238 4094 robur,
3285 4029 3426 4098 quod
3476 4029 3529 4081 in
3565 4025 3678 4081 {ru-

2100 4136 2286 4180 mento
2336 4121 2699 4192 intelligitur:
2741 4139 2760 4172 ‹
2802 4121 2965 4175 Panis
2991 4121 3258 4189 siquidem
3304 4135 3401 4175 eor
3441 4119 3677 4173 hominis

2110 4216 2401 4272 conﬁrmat
2439 4215 2506 4268 ".
2549 4232 2565 4263 ι
2599 4211 2849 4280 Purgatis
2882 4227 3031 4275 vero,
3082 4221 3134 4263 et
3170 4211 3405 4262 animum
3451 4211 3680 4278 gerenti-

2103 4312 2203 4362 bus
2254 4304 2764 4364 incotttamiuatum,
2801 4303 2904 4368 qui
2931 4311 2985 4353 et
3013 4299 3410 4356 venerabilibus
3459 4309 3515 4352 et
3560 4315 3680 4352 san-

2099 4402 2202 4455 ctis
2231 4398 2533 4469 virginibus
2563 4391 2871 4462 comparari
2906 4392 3028 4460 jure
3058 4400 3277 4460 queant,
3303 4391 3484 4445 vinum
3521 4391 3678 4445 dabi-

418 4493 605 4559 ἁγίαις
652 4493 936 4560 παρθένοις
977 4494 1396 4562 παρεικάζωντο
1445 4491 1510 4544 ἂν
1559 4491 1806 4554 εἰκότως,
1853 4486 1995 4554 οἶνος

2102 4502 2209 4560 tur,
2246 4492 2388 4562 quod
2415 4485 2786 4558 intelligentia:
2821 4493 2986 4554 patet,
3026 4485 3118 4538 Dei
3153 4485 3408 4538 nimirum
3445 4483 3597 4552 plena
3625 4495 3678 4539 et

416 4583 703 4655 δοθήσεται
751 4584 952 4653 νοητὸς,
992 4586 1025 4654 ἡ
1076 4586 1202 4654 περὶ
1249 4584 1384 4636 Θεοῦ
1426 4583 1668 4654 δηλονότι
1719 4585 1893 4654 σαφής
1933 4601 1992 4636 τε

418 4673 514 4727 καὶ
553 4673 932 4742 ἀκιὸδήλευτος
967 4673 1188 4741 γνῶσις,
1226 4695 1243 4726 ι
1277 4677 1308 4744 ἡ
1352 4674 1820 4745 κατευφραίνουσα
1855 4693 1990 4745 καρ-

415 4765 533 4818 δίαν
566 4765 873 4836 ἀνθρώπου.
918 4784 936 4817 ι
965 4766 1173 4818 Οὐκοῦν
1200 4767 1470 4819 νεανίσκοι
1504 4785 1561 4819 τε
1591 4768 1683 4820 καὶ
1712 4767 1988 4838 παρθένοι,

414 4857 464 4909 oi
496 4857 638 4908 κατά
668 4873 727 4923 γε
747 4857 870 4917 τοὺς
894 4856 1095 4926 ἀρτίως
1123 4859 1253 4926 ἡμῖν
1286 4856 1642 4920 ἀποδοθέντας
1669 4856 1879 4924 λόγους,
1913 4857 1990 4918 είς

412 4948 629 5016 εὐρεῖαν
651 4960 708 4998 τε
734 4947 827 5000 καὶ
854 4947 1142 5018 ἀμφιλαυῆ
1168 4947 1386 5018 μέθεξιν
1411 4948 1516 5002 τῶν
1548 4950 1751 5002 ἄνωθεν
1777 4947 1996 5015 ἀγαθῶν

414 5040 770 5111 κεκλήσονταί
815 5058 875 5093 τε
927 5041 1175 5105 εἰκότως,
1217 5043 1310 5094 καὶ
1350 5041 1668 5095 ἀκούσονται
1719 5041 1853 5094 Θεοῦ
1907 5041 1994 5094 λέ-

412 5149 638 5202 γοντοςο
677 5152 698 5176 ι
734 5134 958 5197 Φάγετε,
993 5135 1084 5186 καὶ
1121 5136 1291 5198 πίετε,
1322 5136 1415 5187 καὶ
1450 5134 1752 5204 μεθύσθητε
1782 5137 1827 5187 οἱ
1856 5134 1996 5202 πλη-

413 5226 548 5280 σίον.
594 5246 611 5276 ι
647 5227 876 5294 Πλησίον
895 5228 1004 5296 γάρ
1035 5228 1084 5277 οἱ
1112 5228 1301 5279 τοιοίδε
1341 5226 1476 5278 Θεοῦ
1499 5243 1510 5255 ·
1557 5227 1647 5279 καὶ
1693 5228 1752 5278 οὐ
1780 5226 1994 5294 σχέσεσι

410 5319 666 5380 τοπικαῖς
690 5334 703 5346 °
734 5318 896 5386 ληρία
923 5320 1032 5390 γὰρ
1068 5317 1225 5370 τοῦτο
1254 5321 1412 5379 νοεῖν,
1437 5319 1468 5388 ἢ
1505 5320 1799 5388 φρονῆσαιι
1831 5332 2004 5385 παρα-

412 5408 652 5474 στήματι
697 5405 752 5459 δὲ
787 5407 1022 5470 διανοίας
1073 5408 1150 5476 τῷ
1196 5408 1314 5460 λίαν
1363 5409 1748 5478 ἀλκιμωτάτῳ,
1795 5408 1889 5459 καὶ
1929 5407 1993 5475 τῇ

415 5495 555 5563 πρὸς
595 5498 702 5548 πᾶν
750 5496 923 5549 ὁτιοῦν
964 5497 1072 5550 τῶν
1118 5498 1353 5567 ἀρίστων
1403 5500 1608 5567 ἐφέσει,
1662 5499 1754 5551 καὶ
1809 5498 1995 5566 ἀγάπῃ

416 5586 482 5653 τὴ
516 5587 594 5646 εἰς
634 5586 814 5638 αὑτὸν.
844 5589 1051 5659 Ὥσπερ
1099 5589 1203 5657 γὰρ
1239 5590 1511 5660 ἐξίστησιν
1554 5591 1718 5659 ἡμᾶς,
1757 5590 1847 5639 καὶ
1887 5584 1996 5638 οἷον

509 5755 747 5814 “’Joan.
778 5778 828 5820 Χ,
869 5762 949 5824 ll,
991 5765 1067 5818 15.

1147 5765 1289 5819 "lea
1340 5781 1528 5826 xvvtu,
1576 5764 1654 5816 lC.
1716 5765 1757 5793 τ’
1787 5763 1925 5816 Psal.
1964 5779 2077 5826 Clll,
2115 5762 2197 5818 l5.

2102 4600 2354 4655 germana
2374 4582 2628 4652 cognitio,
2656 4596 2674 4630 ι
2704 4578 2983 4632 laetilicans
3009 4592 3104 4632 cor
3126 4578 3357 4632 hominis
3377 4577 3440 4630 ³³.
3480 4595 3498 4627 ι
3528 4575 3674 4642 Quo-

2100 4676 2242 4729 circa
2275 4676 2644 4727 adolescentes
2677 4680 2730 4725 et
2758 4670 3020 4738 virgines,
3046 4668 3197 4736 juxta
3233 4668 3471 4723 rationes
3519 4668 3676 4720 modo

2100 4782 2128 4820 a
2164 4767 2318 4820 nobis
2339 4765 2661 4834 explicatas,
2696 4764 2761 4816 ad
2793 4763 3027 4829 amplam
3091 4771 3147 4816 et
3181 4763 3456 4830 copiosam
3506 4760 3676 4812 bono-

2099 4875 2215 4912 rum
2240 4873 2592 4926 supernorum
2620 4858 3062 4910 communionem
3087 4856 3278 4908 merito
3313 4852 3670 4914 vocabuntur,

2096 4952 2424 5018 audientque
2456 4950 2620 5002 Deum
2646 4950 2916 5002 dicentem
2954 4965 2966 4998 :
3006 4965 3022 4996 ‹
3063 4945 3366 5006 Contcdite,
3393 4951 3448 4995 et
3483 4942 3671 5007 bibite,

2094 5053 2148 5093 et
2172 5038 2534 5103 inebriamini,
2560 5038 2848 5106 propinqui
2879 5035 2945 5088 “.
2981 5053 2999 5085 ι
3030 5032 3090 5085 lli
3122 5033 3265 5084 enim
3297 5039 3424 5083 sunt
3455 5032 3674 5098 prepin-

2094 5135 2184 5202 qui
2241 5133 2368 5186 Dei:
2408 5149 2512 5186 non
2566 5131 2850 5183 all'ectioue
2909 5126 3211 5182 secundum
3257 5123 3477 5176 locum:
3531 5123 3674 5190 quod

2097 5228 2212 5279 sine
2250 5227 2448 5293 ineptia
2485 5222 2709 5292 intelligi
2761 5229 2852 5273 aut
2902 5216 3132 5284 cogitari
3181 5229 3286 5267 non
3332 5221 3542 5282 potest;
3577 5216 3672 5267 sed

2099 5315 2261 5366 animi
2289 5314 2572 5382 praesentia
2603 5314 2761 5380 longe
2793 5305 3191 5369 robustissima,
3224 5313 3278 5358 et
3305 5304 3576 5358 desiderio
3605 5305 3670 5356 ad

2099 5405 2312 5472 quidvis
2335 5406 2620 5471 optimum,
2645 5412 2698 5454 et
2722 5398 2988 5452 charitate
3020 5409 3146 5466 erga
3183 5397 3354 5451 illum.
3391 5394 3676 5462 Quomodo

2099 5495 2240 5547 enim
2272 5494 2518 5546 deturbat
2577 5506 2694 5552 nos,
2745 5497 2798 5542 ct
2839 5487 2993 5554 quasi
3037 5488 3249 5558 longius
3303 5485 3524 5541 abducit
3573 5485 3676 5535 itu-

2101 5587 2386 5656 probitas:
2436 5585 2514 5637 sic
2567 5584 2735 5636 virtus
2781 5597 2879 5635 nos
2936 5583 3040 5636 Deo
3095 5583 3256 5650 sistit,
3303 5581 3355 5636 id
3400 5574 3542 5646 quod
3581 5588 3677 5628 nos

2278 5764 2318 5793 η
2355 5763 2513 5817 [Σεξιίἰ.
2554 5780 2640 5829 XL,
2675 5762 2764 5816 c20.
2843 5763 2886 5792 “
2914 5761 3067 5816 Cant.
3107 5760 3160 5823 5,
3196 5759 3242 5813 ί.
