4080 6284
418 376 521 432 159

1445 371 1500 426 S.
1544 368 1818 426 CYRILLI
1860 364 2325 424 ALLXA‘ADRINI
2363 362 2679 419 ARCIIIEP.

3566 362 3670 419 {GU

417 488 689 557 disjungit,
711 498 763 543 et
792 489 1102 559 intercedit,
1137 496 1437 560 peccatum,
1478 490 1716 557 inquam.
1746 504 1775 544 e
1805 486 1984 542 medio

2108 483 2351 553 ιποφέρει
2384 479 2599 551 μακρὰν
2632 483 2665 548 ή
2692 477 2961 548 φαυλότης
2989 494 2998 507 ·
3023 477 3166 530 οὕτω
3192 474 3310 547 Θεῷ
3341 476 3668 547 παρίστησιν

419 593 724 632 τοιιιονειις.

1078 881 1227 936 CAP.
1270 883 1337 935 Χ.

491 1013 658 1068 Vens.
694 1016 714 1068 ι
772 1012 941 1067 Petita
980 1031 1013 1068 a
1054 1013 1277 1071 Domino
1304 1015 1536 1085 pluviam
1568 1032 1623 1070 ιη
1660 1016 1838 1083 horas,
1873 1033 1988 1070 ma~

426 1108 675 1169 latinam,
704 1116 750 1158 et
782 1106 1095 1159 serotinum.
1156 1163 1201 1193 Ι
1947 1170 1953 1177 _

496 1192 654 1249 LXV.
688 1192 1326 1259 Quemadmodumenim
1364 1209 1541 1267 neque
1573 1196 1903 1251 frumentum
1936 1197 1991 1251 in

426 1286 573 1353 agris
615 1285 754 1339 citra
801 1284 1039 1339 laborem
1073 1287 1404 1353 provenerit,
1443 1302 1619 1357 neque
1659 1288 1819 1343 vinea
1850 1289 1993 1341 mul-

425 1382 539 1427 tum
601 1389 664 1428 ac
706 1374 903 1428 bonum
950 1375 1128 1427 viuum
1169 1377 1453 1444 protulerit
1487 1394 1501 1431 :
1551 1377 1624 1431 ita
1656 1388 1711 1433 et
1759 1379 1812 1431 in
1840 1380 1997 1434 nobis

427 1465 570 1518 nulla
594 1465 856 1520 exsistere
880 1464 1078 1533 poterit
1108 1464 1364 1520 fertilitas
1381 1467 1703 1535 spiritualis,
1739 1470 1839 1523 nisi
1856 1469 1996 1525 Deus

428 1557 605 1611 instar
634 1558 825 1627 pluvia:
869 1559 1208 1629 eloquiorum
1258 1575 1481 1615 suorum
1528 1561 1910 1617 revelationetn
1941 1565 1994 1618 in

425 1649 632 1703 animos
691 1658 745 1704 et
814 1652 974 1704 corda
1030 1660 1213 1705 nostra
1285 1652 1584 1717 demiserit,
1641 1654 1996 1722 notitiamque

425 1741 579 1795 nobis
635 1741 840 1796 Veteris
875 1756 939 1795 ac
973 1742 1108 1797 Novi
1143 1742 1499 1808 Testamenti,
1544 1744 1647 1798 hoc
1695 1755 1779 1799 est
1809 1745 1996 1814 legalis

2095 578 2128 645 ἡ
2168 573 2355 645 ἀρετὴ,
2383 572 2445 624 τὸ
2483 572 2701 624 διιστῶν
2754 572 2923 640 ἡμᾶς,
2961 572 3054 623 καὶ
3098 568 3429 639 μεσολαόοῦν
3464 571 3526 620 ἐκ
3572 568 3667 637 μέ-

2094 683 2189 717 σου
2235 663 2483 733 γενέσθαι
2525 658 3038 731 παρασκευάζουσα,
3075 658 3217 728 φημὶ
3250 658 3315 728 δὴ
3354 659 3451 727 τὴν
3491 658 3667 726 ἁμαρ-

2091 756 2233 809 τίαν.

2710 879 2963 933 ΚΕΦΑΛ.
3016 879 3073 930 l'.

2162 1014 2433 1068 Αίτεῖσθε
2459 1011 2619 1081 παρὰ
2648 1012 2864 1080 Κυρίου
2904 1011 3083 1066 ὑετὸν
3123 1011 3253 1065 καθ’
3279 1008 3459 1078 ἄιοαν,
3495 1007 3669 1079 πρώτ-

2089 1122 2227 1175 μον,
2268 1103 2364 1157 καί
2404 1104 2643 1172 ὄψιμον.

2164 1193 2282 1249 EE’.
2325 1195 2536 1264 Ὠσπερ
2584 1193 2692 1263 γὰρ
2720 1190 2843 1244 οὔτε
2872 1192 3019 1254 σῖτος
3063 1192 3122 1245 ἐν
3154 1190 3343 1261 ἀγροῖς
3377 1190 3574 1260 γένοιτ’
3601 1191 3668 1245 ἂν

2095 1286 2258 1338 πόνου
2286 1284 2429 1355 δίχα,
2467 1283 2578 1336 οὔτ’
2616 1283 2682 1337 ἂν
2710 1283 2970 1354 εὖόοτρύς
3019 1300 3078 1337 τε
3110 1284 3201 1337 καὶ
3246 1282 3453 1345 εῦοινος
3487 1285 3667 1352 ἀμπε-

2093 1373 2231 1427 λώνο
2263 1374 2403 1427 οὕτω
2432 1373 2525 1427 καὶ
2552 1374 2609 1425 ἐν
2640 1373 2771 1442 ἡμῖν
2802 1373 2901 1425 οὐκ
2941 1372 3007 1425 ἂν
3048 1371 3257 1440 γένοιτὸ
3287 1388 3371 1434 τις
3397 1370 3670 1439 εύκαρπία

2096 1464 2458 1535 πνευματικὴ.
2490 1464 2564 1535 μὴ
2578 1464 2697 1533 οὐχὶ
2732 1461 2868 1516 Θεοῦ
2887 1462 3167 1526 καθιέντος
3193 1461 3347 1515 ὑετοῦ
3390 1461 3545 1530 δίκην
3588 1462 3669 1524 είς

2096 1558 2240 1620 νοῦν,
2261 1556 2355 1611 καὶ⁸
2372 1556 2597 1627 καρδίαν
2611 1554 2719 1607 τῶν
2746 1552 2939 1608 ἑαυτοῦ
2973 1551 3168 1621 λογίων
3192 1553 3291 1624 τὴν
3308 1551 3668 1620 ἀποκάλυψιν.

2096 1646 2191 1697 καὶ
2236 1644 2436 1712 γνῶσιν
2470 1645 2600 1713 ἡμῖν
2627 1643 2896 1714 οίονείπερ
2929 1644 3278 1708 ἐνστάζοντος
3310 1642 3402 1695 τοῦ
3436 1659 3496 1694 τε
3549 1642 3673 1711 Ἀρ-

2098 1736 2251 1805 χαίου
2284 1735 2379 1787 καὶ
2397 1734 2537 1787 Νέου
2562 1734 2912 1805 Γράμματος,
2928 1734 3174 1787 τουτέστι
3218 1733 3315 1786 τοῦ
3334 1731 3560 1803 νομικοῦ
3583 1732 3675 1786 καὶ

425 1837 481 1883 et
521 1830 839 1900 evangelici,
870 1833 1022 1900 quasi
1051 1831 1430 1887 instillaverit:
1477 1834 1560 1886 ha:
1602 1850 1836 1903 namque
1882 1853 1997 1889 ma-

2108 1821 2190 1873 τοῦ
2207 1820 2557 1889 εὐαγγελικοῦ
2580 1837 2592 1850 ’
2635 1821 2778 1873 ὑετοὶ
2798 1821 2904 1891 γὰρ
2932 1823 2981 1874 oi
3000 1820 3190 1873 τοιοίδε
3222 1819 3470 1891 πρώῖμός
3494 1838 3551 1873 τε
3581 1822 3676 1873 καὶ

429 1919 601 1973 tutina
655 1931 710 1973 et
744 1922 979 1975 serotina
1022 1922 1214 1987 pluvia:
1245 1922 1465 1976 fuerint.
1504 1922 1618 1977 Non
1650 1940 1770 1980 esse
1820 1935 1999 1982 autem

429 2005 821 2061 infructuosam
852 2010 1215 2078 cognitionem
1274 2022 1328 2066 et
1355 2016 1864 2069 commentationem
1891 2017 2003 2084 spi-

429 2097 683 2151 ritualem
728 2098 878 2165 legis,
920 2100 1049 2166 quin
1078 2115 1194 2153 eam
1234 2102 1450 2156 erudire
1502 2118 1599 2158 nos
1643 2119 1737 2173 per
1791 2106 1992 2175 ﬁguras

429 2199 485 2240 et
523 2188 740 2242 umbras
776 2188 841 2241 ad
878 2189 1191 2259 mysterium
1226 2190 1451 2258 Christi,
1486 2195 1678 2262 probat
1713 2195 1987 2261 Salvator,

431 2276 633 2332 Iudaeis
682 2280 795 2346 ipse
838 2280 1064 2349 loquens
1099 2298 1112 2335 :
1160 2299 1178 2332 ι
1218 2280 1293 2335 Ne
1345 2286 1542 2352 putetis
1586 2302 1671 2340 me
1712 2300 1994 2341 accusatu-

431 2382 553 2421 rum
582 2383 678 2422 vos
712 2370 849 2438 apud
893 2370 1107 2424 Patrem
1136 2389 1148 2423 :
1195 2382 1276 2426 est
1308 2374 1398 2441 qui
1428 2385 1649 2430 accusat
1695 2393 1789 2432 vos
1828 2377 2002 2434 Moses

435 2466 637 2523 vester,
694 2458 746 2512 in
787 2475 945 2528 quem
976 2475 1070 2515 vos
1115 2465 1393 2530 sperastis.
1433 2463 1489 2518 Si
1517 2467 1660 2519 enim
1707 2470 2003 2524 crederetis

435 2547 591 2614 Mosi,
629 2551 924 2603 crederetis
955 2550 1181 2606 forsitan
1213 2561 1270 2607 et
1295 2554 1468 2619 mihi;
1523 2556 1588 2608 de
1615 2572 1701 2610 me
1735 2559 1880 2611 enim
1915 2558 2004 2612 ille

435 2639 653 2707 scripsit
682 2641 749 2697 ”.
792 2658 810 2691 ι
849 2642 940 2693 Ait
974 2650 1027 2695 et
1053 2642 1248 2697 alicubi
1279 2645 1345 2699 de
1378 2645 1584 2701 Scribis
1611 2656 1665 2700 et
1691 2646 2002 2716 Pharisaeis,

438 2740 495 2782 ut
522 2744 586 2783 ex
612 2730 764 2797 legali
794 2732 1134 2790 institutione
1163 2736 1229 2790 ad
1263 2736 1422 2808 745
1452 2738 1751 2804 meliorem,
1773 2741 1875 2796 hoc
1923 2752 2007 2798 cst

435 2819 801 2888 evangelicum
833 2822 1077 2876 vocatis:
1110 2842 1127 2873 ι
1159 2824 1284 2877 ideo
1306 2825 1481 2881 omnis
1511 2828 1689 2881 scriba
1728 2829 1920 2885 doctus
1952 2831 2004 2884 in

440 2922 609 2976 regno
635 2910 897 2964 caelorum
931 2912 1126 2967 similis
1154 2923 1237 2968 est
1262 2915 1464 2969 homini
1490 2916 1889 2984 patrifamilias,
1914 2921 2004 2989 qui

438 2995 640 3063 ιιιοῐιτι
669 3001 733 3051 de
761 2999 1018 3055 thesauro
1053 3018 1149 3055 suo
1179 3018 1313 3056 nova
1345 3013 1397 3058 et
1424 3015 1607 3061 vetera
1642 3009 1708 3060 ".
1752 3025 1771 3058 ι
1809 3008 2007 3063 Peten-

448 3093 535 3139 tes
568 3086 732 3155 igitur
759 3102 787 3139 a
818 3087 927 3143 Deo
954 3088 1176 3157 legalem
1224 3100 1278 3144 et
1303 3094 1663 3163 evangelicum
1689 3096 1972 3150 scientiam

439 3185 493 3229 et
518 3191 614 3230 uos
640 3177 831 3245 dignos
853 3180 1172 3235 exhibentes
1195 3182 1287 3251 qui
1316 3185 1677 3250 obtineamus,
1708 3187 1891 3258 utique
1921 3203 2012 3243 ae-

441 3266 722 3334 cipiemus,
775 3282 828 3323 et
886 3270 936 3324 in
995 3273 1235 3327 animum
1298 3276 1584 3332 thesauros
1628 3293 2008 3349 congeremus,

438 3368 625 3412 vetera
678 3368 731 3412 et
786 3375 922 3413 nova
982 3364 1318 3432 colligentes,
1366 3378 1418 3422 et
1470 3377 1708 3425 mentem
1767 3371 2013 3426 ubertate

444 3445 681 3499 maxima
709 3448 1065 3504 cumulantes.

1980 3138 1997 3164 ’
2035 3139 2078 3197 C

2102 1912 2293 1981 ὄψιμος
2313 1907 2419 1963 εἷεν
2442 1911 2527 1964 ἄν.
2547 1911 2665 1963 Ὅτι
2693 1910 2749 1962 δὲ
2771 1912 2870 1964 οὐκ
2899 1910 3194 1981 ἀσυντελὴς
3222 1912 3302 1973 είς
3323 1912 3508 1980 ὄνησιν
3532 1910 3674 1981 ὴτοῦ

2102 2001 2265 2068 νόμου
2289 1998 2506 2066 γνῶσις,
2523 2000 2616 2051 καὶ
2634 1997 2836 2069 θεωρία
2865 1997 3229 2069 πνευματικὴ,
3253 1999 3596 2066 παιδαγωγεῖ
3620 1998 3677 2050 δέ

2107 2089 2304 2159 μᾶλλον
2335 2090 2482 2159 ἡμᾶς
2506 2088 2596 2141 διὰ
2639 2089 2832 2154 τύπου,
2882 2090 2977 2143 καὶ
3026 2091 3184 2153 σκιᾶς
3225 2090 3317 2143 ἐπὶ
3353 2090 3411 2143 τὸ
3440 2088 3675 2159 Χριστοῦ

2107 2180 2428 2251 μυστήριον,
2472 2178 2802 2232 πιστώσεται
2846 2179 3021 2248 λέγων
3060 2182 3222 2243 αὐτὸς
3258 2184 3286 2233 ὁ
3324 2181 3517 2251 Σωτὴρ
3565 2182 3676 2242 τοῖς

2115 2270 2380 2324 Ἰουδαίων
2406 2271 2600 2341 δήμοις
2620 2286 2632 2299 ο
2672 2288 2692 2318 ι
2719 2271 2810 2339 Μὴ
2844 2270 3049 2323 δοκεῖτε
3072 2272 3152 2324 ὅτι
3179 2272 3289 2340 ἐγὼ
3318 2275 3678 2342 κατηγορήσω

2104 2360 2258 2429 ὑμῶν
2283 2360 2416 2429 πρὸς
2440 2359 2532 2412 τὸν
2568 2358 2817 2429 Πατέρα·
2844 2360 2871 2411 ὁ
2911 2362 3231 2431 κατηγορῶν
3260 2361 3412 2430 ὑμῶν
3450 2362 3673 2431 Μωσῆς,

2104 2452 2182 2513 είς
2204 2449 2261 2502 ὃν
2278 2451 2435 2519 ὑμεῖς
2452 2448 2737 2517 ἠλπίκατε.
2776 2450 2839 2501 El
2856 2449 2963 2520 γὰρ
2981 2449 3295 2502 ἐπιστεύετε
3329 2452 3533 2512 Μωσεῖ,
3560 2452 3677 2501 ἐπι-

2107 2542 2321 2594 στεύετε
2353 2542 2417 2595 ἂν
2446 2540 2606 2611 ἐμοί’
2639 2542 2768 2611 περὶ
2796 2541 2906 2612 γὰρ
2951 2541 3085 2612 ἐμοῦ
3119 2543 3323 2605 ἐκεῖνος
3356 2541 3614 2611 ἔγραψεν.
3651 2561 3668 2591 s

2108 2633 2255 2702 Ἔφη
2270 2634 2325 2685 δέ
2342 2649 2443 2684 που
2462 2632 2554 2684 καὶ
2575 2630 2827 2701 περὶτῶν
2852 2632 3227 2703 Γραμματέων
3242 2632 3335 2685 καὶ
3349 2631 3677 2701 Φαρισαίων,

2104 2721 2179 2783 ὡς
2196 2723 2259 2775 ἐκ
2284 2721 2514 2791 νομικῆς
2542 2720 2879 2783 παιδεύσεως
2910 2721 3258 2791 καλουμένων
3289 2722 3378 2773 ἐπὶ
3401 2721 3497 2792 τὴν
3513 2723 3676 2789 εὐαγ-

2105 2812 2360 2882 γελικήν’
2396 2831 2415 2863 ι
2455 2810 2553 2875 Διὰ
2590 2811 2747 2865 τοῦτο
2787 2813 2896 2874 πᾶς
2933 2814 3294 2882 γραμματεὺς
3325 2811 3714 2882 μαθητευθεὶςι

2106 2903 2163 2954 ὲν
2196 2904 2261 2971 τῇ
2294 2900 2537 2970 βασιλεία
2562 2899 2669 2953 τῶν
2711 2899 2976 2968 οὐρανῶν,
3009 2899 3191 2969 ὅμοιός
3239 2899 3385 2951 ἐστιν
3414 2896 3682 2968 ἀνθρώπῳ

2107 2992 2477 3061 οἰκοδεσπότῃ,
2511 2993 2659 3055 ὅστις
2685 2989 2938 3044 ἐκϐάλλει
2988 2992 3053 3042 ἐκ
3081 2988 3172 3042 τοῦ
3201 2989 3476 3059 θησαυροῦ
3517 2987 3681 3042 αὑτοῦ

2110 3081 2271 3135 καινὰ
2303 3082 2396 3134 καὶ
2426 3079 2652 3133 παλαιά.
2697 3098 2716 3130 ι
2758 3078 2965 3132 Οὐκοῦν
2982 3077 3257 3142 αἰτοῦντες
3274 3078 3423 3148 παρὰ
3439 3078 3573 3132 Θεοῦ
3585 3083 3683 3149 τήν

2110 3183 2170 3219 τε
2206 3167 2433 3237 νομικὴν
2451 3168 2542 3220 καὶ
2565 3166 2924 3236 εὐαγγελικὴν
2946 3168 3252 3237 ἐπιστήμην
3278 3168 3459 3233 ἀξίους
3491 3185 3549 3221 τε
3588 3170 3685 3222 τοῦ

2111 3258 2292 3312 λαϐεῖν
2330 3259 2557 3322 ἑαυτοὺς
2607 3259 3081 3327 παραστήσαντες,
3113 3257 3398 3328 ληψόμεθα
3448 3262 3683 3323 πάντως,

2113 3350 2206 3402 καὶ
2238 3350 2362 3412 τοὺς
2394 3351 2472 3411 είς
2500 3349 2622 3401 νοῦν
2668 3348 2776 3401 ἔσω
2810 3349 3170 3420 πληρώσομεν
3214 3350 3539 3421 θησαυροὺς,
3591 3369 3690 3405 πα·
3784 3336 3797 3347 ’

2114 3440 2242 3493 λαιά
2262 3457 2321 3491 τε
2351 3442 2443 3492 καὶ
2470 3440 2567 3494 νέα
2589 3440 2958 3507 συλλέγοντες,
2994 3441 3252 3510 πλείστης
3282 3459 3339 3494 τε
3369 3444 3499 3512 ὅσης
3535 3446 3688 3495 πνευ-

2120 3532 2353 3600 ματικῆς
2379 3530 2684 3599 εὐκαρπίας
2710 3532 3139 3600 ἀναμεστοῦντες
3175 3534 3265 3586 τὸν
3296 3535 3436 3588 νοῦν.

520 3615 676 3671 Vens.
714 3617 767 3673 2.
807 3618 1055 3675 Dominus
1088 3623 1208 3691 fecit
1232 3622 1535 3691 phantasias
1554 3665 1567 3691 ,
1598 3636 1645 3679 et
1671 3626 1901 3694 pluviam
1927 3629 2005 3682 hi-

2185 3624 2398 3690 Κύριος
2430 3623 2680 3688 ἐποίησε
2726 3626 3086 3691 φαντασίας,
3133 3626 3231 3677 καὶ
3278 3626 3457 3680 ὑετὸν
3503 3642 3692 3694 χειμε-

447 3709 654 3761 bernam
685 3709 827 3763 dabit
886 3712 982 3775 eis,
1034 3714 1309 3782 unicuique
1357 3714 1565 3769 herbam
1608 3718 1663 3770 in
1688 3734 1833 3787 agro.
1873 3718 2005 3783 Quo-

2108 3716 2284 3784 ρινὸν
2315 3714 2493 3768 δώσει
2527 3714 2752 3780 αὐτοῖς,
2803 3716 3041 3781 ἑκάστῳ
3086 3716 3362 3784 βοτάνην
3397 3719 3467 3770 ἐν
3510 3715 3689 3785 άγρῷ.

446 3800 587 3852 niam
619 3798 881 3869 loquentes
912 3801 1073 3855 locuti
1096 3814 1215 3855 sunt
1242 3803 1467 3869 labores,
1511 3817 1559 3860 et
1608 3808 1771 3859 divini
1795 3807 2005 3861 visionet

2118 3808 2271 3861 Διότι
2310 3809 2365 3859 ol
2412 3806 2922 3874 ἁποξρθεγγόμενοι
2969 3806 3286 3871 ἐλάλησαν
3314 3811 3558 3873 κόπους,
3595 3809 3693 3862 καί

447 3892 635 3958 falsas,
672 3902 721 3945 et
749 3894 1008 3945 insomnia
1042 3894 1181 3961 falsa
1228 3896 1591 3963 loquebantur,
1624 3914 1752 3951 varie
1779 3902 2005 3952 consola-

2119 3901 2172 3951 ol
2199 3894 2442 3965 μάντεις
2465 3896 2705 3964 ὁράσεις
2737 3897 3002 3965 ψευδεῖς,
3030 3899 3126 3951 καί
3165 3899 3237 3953 τὰ
3260 3900 3513 3953 ἐνύπνια
3542 3903 3691 3967 ψευο

448 3985 660 4036 bantur.
701 3981 827 4035 Ideo
854 3996 1169 4037 exaruerunt
1198 3995 1255 4037 ut
1289 4002 1389 4039 non
1413 3987 1656 4042 habentes
1687 3990 1939 4057 pluviam,
1970 4007 2005 4046 et

2118 3985 2195 4055 δῆ
2223 3985 2509 4051 ἐλάλουν,
2536 3985 2759 4054 μάταια
2795 3986 3199 4054 παρεκάλουν.
3230 3988 3331 4040 Διὰ
3362 3989 3537 4042 τοῦτο
3558 3988 3695 4057 ἐξη-

449 4077 626 4146 amicti
658 4085 779 4131 sunt
805 4078 937 4130 sicut
970 4093 1105 4143 oves,
1139 4080 1263 4151 quia
1287 4095 1387 4135 non
1417 4091 1528 4135 erat
1554 4086 1780 4137 sanatio.

2112 4079 2429 4149 ράνθησαν
2453 4080 2531 4145 ὼς
2561 4081 2671 4132 οὐκ
2696 4079 2941 4146 ἔχοντες
2961 4078 3159 4142 ὑετὸν,
3184 4078 3282 4133 καί
3308 4079 3696 4148 ἐκακώθησαν

2118 4174 2199 4238 ὡς
2228 4172 2510 4239 πρόϐατα,
2539 4170 2686 4223 διότι
2717 4172 2827 4223 οὐκ
2855 4170 2936 4238 ἦν
2958 4170 3139 4236 ἴασις.

521 4256 702 4312 LXVI.
776 4253 995 4313 Occulta
1084 4261 1313 4330 quadam
1382 4263 1644 4319 sententia
1699 4264 1787 4320 hic
1868 4264 2005 4321 locus

2190 4263 2324 4329 Ξςι.
2369 4260 2557 4314 Ὠδίνει
2584 4259 2705 4312 τινὰ
2743 4260 3132 4331 κεκρυμμένην
3159 4260 3364 4316 ἔννοιαν
3393 4263 3453 4317 τὸ
3485 4265 3698 4334 προκεί-

451 4364 733 4420 praegnans
758 4358 858 4415 est,
883 4366 1042 4421 quam
1072 4353 1222 4422 prius
1262 4368 1291 4407 ιι
1326 4369 1411 4409 me
1433 4356 1716 4425 perspicue
1738 4356 2005 4412 declaran-

2124 4368 2305 4425 μενον,
2340 4352 2407 4423 ἢν
2441 4352 2757 4418 ἀναγκαῖον,
2799 4348 2953 4422 οίμαί
2998 4370 3124 4415 που,
3172 4354 3698 4423 προδιατρανοῦσθαι

450 4440 574 4493 datu
614 4440 907 4495 existimo:
953 4442 1032 4495 sic
1056 4443 1198 4496 enim
1236 4444 1518 4498 consilium
1557 4456 1611 4500 et
1646 4461 1866 4516 scopum
1897 4464 2005 4517 pro

2128 4443 2334 4513 σαφῶς,
2365 4444 2573 4495 συνεῖεν
2619 4441 2728 4511 γὰρ
2758 4440 2900 4495 οὕτω
2923 4442 3032 4495 τῶν
3074 4444 3166 4497 τοῦ
3215 4446 3492 4515 προφήτου
3522 4446 3700 4515 ῥημά-

451 4530 626 4600 pheta:
668 4532 719 4583 in
750 4529 927 4584 verbis
968 4531 1207 4585 recitatis
1248 4533 1471 4587 studiosi
1520 4536 1841 4602 percipient.
1894 4537 1997 4590 Era

2118 4554 2227 4589 των
2255 4536 2347 4588 τὸν
2396 4533 2597 4587 σκοπὸν
2645 4533 2696 4585 ol
2729 4532 3207 4604 φιλεπιστήμονες.
3234 4530 3342 4587 Ἦν
3376 4536 3474 4604 μὲν
3520 4536 3627 4607 γὰρ
3671 4538 3700 4588 ὁ

451 4620 595 4675 enim
631 4620 705 4674 illi
737 4635 915 4675 sermo
943 4622 1009 4675 de
1039 4622 1260 4687 sanctis,
1293 4636 1426 4690 quos
1458 4632 1512 4676 et
1562 4623 1766 4693 lapides
1810 4636 2005 4681 sancto:

2117 4625 2274 4693 λόγος
2304 4623 2452 4693 αὐτῷ
2501 4624 2629 4693 περὶ
2666 4620 2774 4675 τῶν
2816 4622 3007 4688 ἁγίων,
3039 4622 3131 4685 οῦς
3170 4623 3263 4676 καὶ
3301 4624 3482 4687 λίθους
3514 4625 3698 4692 ἁγίους

451 4711 766 4766 nominabat
798 4713 865 4777 ’⁷,
900 4712 1075 4782 iisque
1098 4712 1421 4765 frumentum
1441 4712 1704 4783 imprimis
1737 4717 2005 4769 conveniri

2118 4711 2389 4783 ὠνόμαζε,
2430 4711 2572 4763 σῖτόν
2603 4727 2661 4763 τε
2696 4711 2879 4772 αὐτοῖς
2907 4711 2990 4763 ὅτι
3029 4710 3263 4780 μάλιστα
3305 4712 3534 4783 πρέπειν
3566 4714 3699 4782 ἐφα-

451 4801 773 4867 aﬂirmabat,
824 4811 883 4857 ut
932 4804 1159 4877 viriliter
1198 4802 1505 4873 agentibus,
1558 4804 1673 4859 sive
1714 4803 2021 4872 juvenibus,

452 4903 614 4961 atque
646 4896 807 4951 etiam
839 4894 1025 4949 vinum
1048 4894 1356 4957 beueoleus,
1387 4894 1528 4963 quod
1556 4905 1740 4951 essent
1769 4898 2022 4966 virgines,

2120 4823 2267 4869 axev,
2303 4804 2377 4865 ὠς
2415 4801 2839 4873 ἀνδριζομένοις,
2888 4802 3055 4872 ἤγουν
3098 4803 3419 4869 νεανίσκοις,
3456 4804 3551 4857 καὶ
3596 4806 3701 4874 μὴν

2130 4898 2222 4951 καὶ
2247 4893 2387 4949 οἶνον
2431 4894 2811 4957 εύωδιὰζοντα,
2847 4893 2934 4947 διά
2977 4911 3059 4947 τοι
3114 4894 3173 4947 τὸ
3192 4890 3330 4948 εἶναι
3378 4895 3701 4966 παρθένους,

451 4985 507 5042 id
536 4990 777 5053 δεκετειί
805 4998 859 5043 et
889 4986 1342 5043 incontaminatiu
1379 4987 1477 5051 Qui
1503 4988 1643 5041 enim
1674 4996 1798 5043 sunt
1824 4990 2003 5045 Christ

2128 4986 2407 5040 τουτέστιν
2461 4982 2657 5052 ἁγνούς
2700 5000 2760 5036 τε
2820 4985 2913 5036 καὶ
2953 4984 3276 5055 ἀϐεϐήλους.
3314 5004 3333 5036 ι
3369 4988 3431 5039 Ol
3477 4986 3587 5056 γὰρ
3612 4989 3704 5041 τοῦ

449 5076 597 5145 Jesu,
624 5094 838 5134 carnem
871 5093 1023 5132 suam
1046 5076 1431 5132 cruciﬁxerunt
1460 5091 1582 5132 cum
1601 5079 1767 5146 vitiis,
1801 5090 1857 5135 et
1890 5096 2021 5136 con-

453 5173 818 5243 cupiscentiis,
858 5192 877 5223 ι
900 5181 959 5227 ιιι
986 5172 1199 5226 divinus
1219 5170 1415 5226 Paulus
1445 5172 1633 5228 scribit
1652 5175 1717 5229 “.
1752 5174 2015 5245 Praecepit

457 5272 635 5318 autem
660 5263 791 5333 ipsis
813 5272 996 5334 petere
1015 5263 1245 5334 pluviam
1275 5266 1593 5319 matutinum
1611 5275 1665 5322 et
1685 5266 1975 5321 serotinam
2001 5282 2015 5331 ;

456 5355 649 5409 deinde
673 5355 969 5410 errantium
992 5357 1266 5413 mentione
1297 5356 1597 5425 interiecta,
1630 5357 1774 5412 velut
1796 5372 2017 5412 causam

457 5444 693 5509 adducit,
738 5460 837 5500 cur
889 5462 988 5501 nec
1036 5446 1386 5512 frumentum,
1430 5463 1529 5502 nec
1570 5448 1752 5501 vinum
1790 5448 2021 5501 habeant

459 5532 581 5606 ipsi,
611 5549 709 5590 nec
740 5535 949 5607 pluviis,
979 5551 1099 5607 quae
1150 5536 1420 5593 intellectu
1452 5538 1869 5608 perspiciuntur,
1898 5537 2021 5591 irri—

538 5709 749 5765 “Joan.
790 5727 836 5778 v,
872 5712 956 5777 lii,
992 5713 1077 5769 alii.
1156 5714 1198 5745 "
1222 5712 1407 5771 Matth.
1447 5730 1565 5777 xm,
1604 5713 1687 5769 52.

1766 5714 1807 5743 ’7
1839 5711 2061 5767 Ζιριιτιι.
2108 5728 2181 5779 ix,
2224 5712 2305 5767 10.

2128 5077 2365 5149 Χριστοῦ
2408 5075 2602 5146 Ἰησοῦ,
2626 5075 2723 5145 τὴν
2752 5076 2932 5145 σάρκα
2960 5076 3308 5147 ἐσταύρωσαν
3333 5079 3432 5131 σὺν
3458 5080 3570 5140 τοῖς
3607 5096 3707 5129 παο

2122 5170 2351 5240 θήμασι,
2383 5167 2477 5220 καὶ
2513 5170 2631 5229 ταῖς
2658 5165 2995 5236 ἐπιθυμίαις,
3032 5185 3050 5217 ι
3089 5167 3233 5220 καθά
3266 5185 3431 5238 φησιν
3453 5171 3481 5220 ὁ
3507 5167 3710 5219 Θεσπέ-

2125 5278 2237 5322 σιος
2274 5259 2503 5323 Παῦλος.
2539 5258 2719 5310 Αίτεῖν
2747 5257 2802 5311 δὲ
2827 5258 3008 5322 αὐτοῖς
3042 5260 3379 5329 προστέταχε
3412 5261 3508 5316 καὶ
3556 5260 3709 5311 ὑετὸν

2125 5352 2372 5423 πρὼῖμον
2401 5350 2495 5404 καὶ
2516 5349 2742 5419 δψιμον·
2772 5346 2889 5403 εἶτα
2920 5350 3125 5421 μεταξὺ
3150 5354 3254 5421 τῆς
3282 5351 3407 5419 περὶ
3438 5330 3545 5402 raw
3575 5367 3707 5401 πΑα-

2125 5443 2382 5511 νωμὲνων
2414 5440 2871 5511 παρεμϐαλούσης
2900 5443 3139 5513 μνήμης,
3170 5441 3269 5511 τὴν
3300 5442 3480 5495 αἰτίαν
3514 5440 3707 5508 ὥσπερ

2125 5533 2445 5589 ἀποδίδωσιν
2487 5533 2545 5583 ἐν
2591 5531 2820 5595 τούτοις,
2855 5531 2946 5584 τοῦ
3000 5533 3133 5603 μήτε
3188 5535 3352 5599 σῖτον,
3409 5533 3545 5601 μήτε
3601 5531 3708 5601 μὴν

2401 5710 2443 5743 ⁵⁸
2470 5710 2641 5766 Galut.
2678 5724 2729 5776 ν,
2754 5709 2845 5766 24.
