4080 6284
377 285 471 340 161

1186 284 1735 342 COMMENTARIUS
1774 283 1838 337 ΙΝ
1884 282 2285 340 ZACBARHM
2328 287 2767 345 ΡΝῚἨΕΤΑΜ.

3539 294 3641 349 £83

348 364 518 453 (οἶνον
546 398 693 470 ἐχειν
724 398 913 465 αῢτάς.
945 400 1042 454 ἀλλ
1089 402 1209 455 οὐδὲ
1239 404 1414 466 ὑετοῖς
1444 402 1811 474 κατάρδεσθαι
1844 405 1956 466 τοῖς

2064 416 2273 470 gentur,
2320 419 2375 461 ut
2424 408 2542 463 inde
2591 410 2643 461 in
2681 411 2825 476 agris
2869 410 3090 465 herbam
3130 428 3232 467 non
3270 414 3521 470 habeant.
3574 415 3639 469 Et

376 492 609 560 νοητοῖς,
641 492 716 555 ὡς
737 492 986 545 ἐντεῦθεν
1012 494 1210 556 αὐτοὺς
1246 495 1319 564 μὴ
1351 494 1493 563 ἔχειν
1523 496 1579 547 ἐν
1609 494 1762 565 ἀγρῷ
1794 494 1952 564 βοτά-

376 596 497 650 νην.
526 582 635 634 Καὶ
666 586 694 635 ό
744 583 843 653 μὲν
890 584 1047 651 λόγος
1080 585 1154 648 ὡς
1191 587 1284 637 ἐπὶ
1327 588 1667 657 πραγμάτων
1695 588 1953 639 ὲκπεποί-

377 687 500 743 ηται
527 674 635 726 τῶν
658 674 929 744 αἰσθητῶν
950 694 962 705 ’
990 676 1023 744 ἦ
1052 693 1112 742 γε
1139 677 1246 745 μὴν
1270 679 1327 729 ὲν
1348 679 1531 741 αὐτοῖς
1558 677 1760 747 Θεωρία
1784 679 1952 748 λεπτή

378 779 435 815 τε
462 763 597 830 ἄγαν
640 766 777 829 ἐστὶ,
822 767 916 819 καλ¹
963 766 1097 819 πολὺ
1142 767 1261 821 λίαν
1291 768 1490 838 ἔχουσα
1528 769 1589 822 τὸ
1641 768 1952 839 εἰλικρινές.

376 853 511 906 Θεοῦ
560 853 687 925 γὰρ,
745 857 904 926 φησὶ,
959 858 1240 921 ποιοῦντος
1285 860 1609 927 φαντασίας,
1674 859 1954 913 τουτέστιν

372 946 676 1015 ἀστραπὰς,
712 948 807 1000 καὶ
855 948 1010 1001 ὑετὸν
1048 953 1112 1019 τῇ
1142 952 1211 1019 γῇ
1242 950 1334 1003 τὸν
1377 951 1685 1021 χειμερινὸν
1713 951 1953 1021 χέοντος,

370 1036 428 1098 ὃς
456 1038 573 1090 ἐστι
591 1040 885 1109 χρήσιμος.
914 1042 1007 1094 καὶ
1037 1041 1144 1111 μὴν
1170 1041 1264 1094 καὶ
1294 1042 1531 1112 ἑκάστῳ,
1555 1042 1663 1094 τῶν
1685 1044 1742 1095 ὲν
1765 1043 1954 1112 ἀγροῖς

367 1128 637 1198 δηλονότι,
666 1132 900 1196 διδόντος
927 1132 1178 1203 βοτάνην,
1205 1134 1615 1204 πεπλανήκασιν
1639 1135 1879 1197 ἐκείνους
1905 1136 1954 1186 oi.

368 1221 882 1294 dm'pOsTyopsvot,
940 1225 1241 1290 τουτέστιν,
1292 1228 1342 1278 oi
1386 1226 1697 1295 ψευδοεπείς
1742 1244 1802 1279 τι
1862 1226 1955 1279 καὶ

369 1309 721 1383 ψευδηγόροι,
763 1314 860 1368 καὶ
915 1318 1173 1383 μαντείας
1210 1317 1460 1385 λέγοντες
1480 1319 1579 1382 τὰς
1607 1319 1714 1371 ἀπό
1742 1335 1806 1386 γε
1853 1319 1955 1389 τῆς

372 1397 525 1463 σφῶν
566 1400 810 1471 καρδίας.
844 1397 1001 1456 Οὗτοι
1030 1404 1356 1475 λελαλήκασι
1400 1407 1620 1470 κόπους,
1674 1407 1953 1459 τουτέστιν

362 1487 433 1537 οὐ
461 1486 530 1540 τὰ
564 1491 644 1551 εἰς
693 1492 999 1546 ἀνάπαυσιν
1032 1498 1143 1557 τοῖς
1185 1496 1531 1549 πιστεύουσιν
1573 1496 1778 1562 αὐτοῖς,
1814 1496 1951 1551 ἀλλά

369 1576 436 1629 δι’
461 1572 537 1631 ὧν
563 1580 776 1650 ἀνάγκη
803 1586 1018 1652 καμεῖν,
1053 1585 1172 1656 Θεῷ
1199 1587 1661 1658 προσκρούοντας,
1690 1588 1785 1641 καὶ
1808 1606 1950 1661 παρ-

368 1671 701 1739 ορωμένους.
749 1675 810 1725 Ui
842 1674 898 1727 δέ
931 1693 993 1744 γε
1036 1676 1257 1746 μάντεις
1297 1680 1389 1731 καὶ
1422 1680 1489 1733 τὰ
1516 1682 1742 1734 ἐνύπνια
1778 1681 1949 1752 ψευδῆ

2066 500 2222 551 verba
2255 500 2466 566 quidem
2491 510 2748 567 tanquam
2773 502 2839 555 de
2868 502 3026 555 rebus
3054 519 3268 559 sensum
3297 506 3639 575 tangentibus

2064 587 2216 653 fiunt,
2272 590 2365 643 sed
2416 605 2577 658 quam
2633 593 2910 644 continent
2970 591 3253 659 tlteoriam,
3294 596 3507 649 subtilis
3554 608 3638 649 est

2062 681 2370 748 admodum,
2404 692 2457 736 et
2499 684 2803 751 purissima.
2854 682 3222 753 lnqnitenitn,
3254 686 3359 737 Deo
3409 688 3639 740 facietne.

2061 772 2395 840 phantasias,
2431 775 2531 828 hoc
2578 784 2661 828 est
2698 773 2929 845 fulgura,
2978 786 3031 830 et
3083 775 3315 844 pluviam
3355 775 3634 829 hibernam

2064 864 2219 918 terris
2251 865 2434 919 utilem
2462 864 2790 933 eﬂ‘undente,
2832 877 2883 920 et
2911 869 3127 935 cuique,
3158 868 3448 936 agrestium
3488 868 3636 920 ride—

2061 953 2205 1019 licet,
2258 956 2477 1011 herbam
2508 959 2902 1027 suppeditante,
2931 959 3396 1017 seduxerunteos.
3426 956 3517 1023 qui
3561 957 3636 1010 lo-

2062 1058 2319 1117 quuntur,
2347 1050 2453 1104 hoc
2478 1059 2561 1105 est
2618 1051 2905 1120 falsiloqui,
2941 1059 2992 1106 et
3028 1052 3339 1118 mendaces,
3359 1064 3412 1108 et
3441 1054 3631 1107 vatici-

2064 1141 2153 1195 nia
2175 1142 2241 1195 de
2268 1142 2427 1196 corde
2452 1156 2553 1196 suo
2578 1141 2929 1211 proferentes.
2957 1141 3019 1196 ili
3052 1142 3212 1197 locuti
3246 1153 3368 1197 sunt
3398 1145 3635 1209 labores,

2060 1231 2165 1286 hoc
2194 1241 2279 1287 est
2339 1246 2448 1287 non
2483 1233 2548 1285 ad
2589 1232 2825 1301 requiem
2853 1234 3188 1287 credentium
3235 1236 3374 1300 illis;
3412 1239 3503 1290 sed
3538 1252 3634 1304 per

2061 1337 2182 1391 qua:
2236 1334 2557 1392 cogerentur
2585 1326 2792 1379 versari
2822 1325 2873 1377 in
2907 1325 3141 1391 miseria,
3182 1336 3238 1379 ut
3267 1326 3433 1380 Deum
3464 1326 3634 1381 offen-

2059 1410 2268 1476 dentes,
2298 1424 2352 1466 et
2394 1412 2462 1467 ab
2484 1429 2549 1467 eo
2579 1415 2836 1483 despecti.
2876 1413 3039 1485 746
3070 1415 3237 1469 Porro
3288 1416 3438 1470 arioli
3466 1422 3632 1471 etiam

2056 1506 2267 1559 somnia
2308 1503 2440 1560 falsa
2468 1507 2855 1573 loquebantur,
2886 1508 3185 1562 mulcentes
3239 1522 3425 1562 eorum
3471 1524 3632 1563 aures

2057 1595 2309 1652 videlicet
2335 1598 2493 1651 rebus
2515 1596 2789 1666 jucundis,
2823 1605 2875 1652 et
2896 1595 3034 1650 bona
3060 1612 3154 1667 spe
3176 1612 3478 1667 pascentes,
3500 1599 3632 1653 nihil

2060 1697 2241 1744 tamen
2270 1703 2457 1743 verum
2509 1690 2749 1745 dicentes
2776 1707 2789 1743 :
2821 1691 2914 1744 sed
2945 1690 2999 1744 in
3044 1690 3285 1746 fraudem
3306 1702 3360 1747 et
3388 1707 3629 1747 errorem

369 1758 613 1823 ὶλάλουν,
654 1763 977 1833 εὑηχοῦντες
1015 1768 1199 1830 αὐτοῖς
1228 1768 1468 1838 δηλονότι
1504 1769 1574 1823 τὰ
1611 1770 1947 1842 καταθύμια,

2054 1782 2402 1851 abripientes,
2457 1781 2787 1850 minimeque
2868 1782 3226 1851 spiritualium
3278 1785 3518 1837 datorem
3578 1793 3634 1836 et

368 1849 465 1901 καὶ
494 1855 756 1921 χρησταῖς
787 1854 887 1924 μὲν
926 1854 1109 1909 ἐλπίσι
1147 1860 1610 1924 καταπιαίνοντες,
1651 1861 1951 1931 φάσκοντες

371 1940 425 1993 δὲ
456 1942 651 2012 ἀληθὲς
675 1944 858 1997 οὐδέν·
885 1946 999 1999 ἀλλ’
1039 1950 1117 2011 εἰς
1147 1950 1363 2020 ἀπάτην
1394 1952 1487 2004 καὶ
1519 1952 1784 2022 πλάνησιν
1814 1955 1950 2006 ἀπο-

368 2031 649 2103 φέροντες,
690 2036 895 2105 ἥκιστα
921 2038 1018 2108 μὲν
1047 2040 1523 2105 καταδεικνύεντές
1550 2060 1699 2110 σφισι
1728 2044 1817 2097 τὸν
1840 2044 1949 2097 τῶν

371 2128 753 2197 πνευματικῶν
786 2129 990 2200 δοτῆρα
1036 2134 1131 2185 καὶ
1169 2134 1404 2204 χορηγόν
1426 2149 1439 2163 '
1467 2136 1850 2201 ἀναπείθοντες
1894 2138 1949 2191 δὲ

372 2217 573 2286 μᾶλλον
603 2222 775 2272 αἰτεῖν
804 2222 903 2292 τὴν
930 2224 1233 2294 εὐημερίαν
1267 2225 1417 2295 παρά
1444 2226 1553 2278 τῶν
1579 2226 1949 2298 ψευδωνύμων

372 2307 530 2361 θεῶν.
569 2328 587 2359 ι
612 2310 795 2381 Ταύτῃ
816 2329 918 2376 τοι,
949 2315 1137 2384 φησιν,
1157 2315 1554 2387 ὲξηράνθησαν,
1578 2320 1654 2382 ὡς
1676 2322 1775 2372 οὐκ
1802 2322 1952 2392 ἕχον-

365 2415 459 2463 τες
494 2400 668 2464 ὑετὸν,
704 2404 797 2455 καὶ
847 2405 1207 2477 ἐκακώθησαν
1242 2409 1317 2472 ώς
1360 2410 1628 2480 πρόϐατα.
1673 2432 1691 2463 ι
1720 2413 1795 2464 Οὐ
1842 2415 1950 2483 γὰρ

366 2485 435 2559 ἦν
468 2491 687 2561 βοτάνη,
718 2511 736 2543 ι
769 2494 870 2547 οὑκ
894 2489 961 2565 ἦν
988 2496 1150 2560 ἴασις.
1184 2519 1203 2549 ι
1236 2500 1309 2551 Οὐ
1338 2500 1446 2570 γὰρ
1479 2494 1548 2571 ἦν
1576 2502 1757 2565 αὐτοῖς
1793 2505 1819 2554 ό
1847 2520 1949 2557 κα-

364 2584 652 2653 τάδεσμῶν
700 2584 761 2637 τὺ
800 2591 1280 2661 συντετριμμένον,
1330 2594 1357 2645 ὁ
1400 2593 1633 2646 ἀνιστῶν
1660 2593 1719 2646 τὸ
1750 2598 1949 2668 κατερ-

369 2674 664 2743 ραγμένον,
698 2678 727 2728 ό
753 2678 1137 2750 ἀνακτώμενος
1169 2683 1231 2736 τὸ
1257 2685 1661 2756 κεκακωμένον.
1702 2685 1946 2756 Προσεκ-

366 2764 488 2816 τέον
541 2764 605 2835 δὴ
648 2762 761 2831 οὗν,
792 2768 912 2838 οὐχὶ
959 2774 1072 2833 τοῖς
1117 2773 1620 2848 ἀποφθεγγομένοις
1642 2782 1710 2837 τὰ
1734 2779 1955 2852 μάταια,

363 2854 688 2923 ψευδοεπέσι
712 2875 772 2910 τε
788 2860 879 2911 καὶ
903 2859 1253 2932 βωμολόχοις,
1282 2864 1371 2916 καὶ
1395 2866 1774 2930 ἑνυπνιασταῑς
1790 2885 1804 2900 ’
1828 2868 1946 2940 Θεῷ

363 2947 423 2998 δὲ
454 2946 655 3017 μᾶλλον
682 2948 759 3020 τῷ
792 2950 870 3014 εἰς
898 2949 1022 3003 νοῦν
1058 2954 1190 3022 ἡμῖν
1223 2956 1649 3026 ὲναστράπτοντι
1687 2958 1783 3028 τῆς
1814 2959 1946 3030 ἀλη-

365 3038 494 3102 Θοῦς
517 3040 845 3109 θεογνωσίας
874 3042 936 3096 τὸ
978 3044 1115 3112 φῶς,
1146 3046 1239 3097 καὶ
1274 3050 1496 3116 νοητοὺς
1545 3050 1733 3113 ὑετοὺς
1776 3068 1943 3105 κατα-

2053 1872 2505 1941 snppeditatorem
2528 1870 2635 1925 illis
2666 1872 3013 1925 ostendentes
3034 1890 3047 1937 ;
3068 1874 3194 1942 quin
3220 1875 3636 1944 persuadentes,

2050 1963 2131 2017 uti
2166 1963 2478 2017 felicitatem
2527 1963 2705 2031 patins
2732 1978 2759 2014 a
2793 1963 2896 2016 diis
2926 1965 3312 2018 connnentitiis
3371 1980 3631 2033 exposce-

2050 2064 2191 2109 rent.
2229 2073 2248 2105 ι
2306 2054 2450 2118 ideo,
2482 2054 2672 2122 inquit,
2718 2064 3067 2118 exaruerunt,
3120 2064 3176 2108 ut
3231 2070 3334 2109 non
3369 2057 3627 2111 habentes

2051 2146 2306 2217 pluviam,
2337 2156 2389 2200 et
2432 2144 2616 2201 amicti
2656 2156 2801 2211 sunt,
2864 2153 2921 2200 ut
2960 2160 3106 2200 oves.
3149 2165 3168 2199 ι
3203 2146 3315 2200 Non
3337 2149 3479 2202 enim
3512 2159 3630 2203 erat

2053 2242 2241 2304 herba,
2277 2263 2297 2291 ι
2344 2257 2450 2295 non
2474 2250 2592 2297 erat
2617 2240 2847 2295 sanatio.
2888 2260 2907 2291 ι
2953 2240 3134 2309 Neque
3167 2242 3309 2294 enim
3341 2252 3458 2295 erat
3488 2244 3628 2295 inter

2055 2347 2149 2386 eos
2172 2332 2262 2400 qui
2292 2332 2531 2401 alligaret
2556 2334 2695 2400 (μιιηί
2731 2333 3043 2392 contritum.
3080 2332 3170 2400 qui
3201 2335 3432 2398 erigeret
3485 2335 3626 2402 quod

2052 2423 2408 2486 confractum,
2465 2422 2557 2490 qui
2596 2432 2869 2477 recrearet
2935 2425 3074 2491 quod
3116 2420 3367 2476 aﬂiictum
3404 2432 3521 2477 erat
3558 2424 3624 2477 ”.

2050 2511 2445 2565 Attendendnm
2481 2512 2664 2577 igitur,
2696 2526 2798 2564 non
2832 2512 3170 2578 loquentibus
3203 2528 3359 2575 vana,
3407 2515 3627 2565 menda-

2051 2600 2308 2668 cibuSque
2355 2608 2411 2652 et
2456 2600 2881 2654 assentatoribus
2925 2610 2977 2653 et
3040 2602 3479 2666 somniatoribus,
3531 2600 3626 2655 sed

2050 2688 2159 2744 Deo
2188 2692 2389 2758 potius,
2425 2690 2630 2744 lumine
2660 2707 2799 2746 verte
2833 2694 3157 2761 cognitionis
3191 2693 3386 2745 tiitlittte
3411 2694 3461 2745 in
3507 2695 3627 2747 ani-

2052 2795 2194 2833 mum
2247 2783 2577 2845 coruscanti,
2616 2792 2669 2836 et
2719 2784 2929 2850 pluvias
2980 2783 3339 2846 intellectiles,
3390 2782 3625 2852 Spiritus

2049 2871 2219 2925 sancti
2246 2872 2658 2940 consolationes,
2687 2874 2935 2942 inquam,
2976 2874 3278 2928 detnittenti
3311 2885 3363 2928 et
3405 2875 3624 2928 herbam

2049 2964 2349 3036 agrestibus
2383 2966 2721 3035 producenti,
2757 2969 2896 3035 quod
2942 2977 3043 3030 est,
3082 2968 3218 3020 velut
3261 2967 3312 3019 in
3365 2965 3627 3019 viridissi-

2051 3071 2135 3106 ma
2154 3055 2342 3117 herba,
2370 3055 2420 3107 in
2443 3058 2746 3125 cognitione
2766 3057 2892 3109 nulli
2921 3056 3321 3122 reprehensioni
3353 3058 3584 3109 obnoxia
3606 3096 3623 3118 ,

365 3131 564 3200 χέοντι,
610 3133 709 3195 τὰς
741 3132 827 3186 διὰ
856 3133 949 3186 τοῦ
994 3136 1149 3203 ἀγίου
1181 3138 1498 3208 Πνεῦματος
1548 3142 1942 3213 παρακλήσεις,

2053 3160 2110 3199 ac
2166 3146 2424 3199 divinitus
2489 3147 2762 3214 inspirata:
2840 3146 3136 3215 Scriptura:
3192 3162 3287 3199 nos
3363 3149 3621 3213 poscenti.

365 3221 530 3290 λέγω,
566 3223 659 3275 καὶ
683 3223 915 3293 βοτάνην
945 3226 1237 3293 ἀναφύοντι
1267 3231 1379 3291 τοῖς
1409 3230 1466 3282 ὲν
1496 3230 1668 3300 ἀγρῷ,
1697 3234 1945 3285 τουτέστι

366 3312 548 3377 πάλιν,
581 3313 979 3386 εὑανθεστάτην
1010 3317 1197 3389 ὥσπερ
1226 3320 1373 3389 ἡμᾶς
1403 3321 1760 3390 κατανέμοντι
1787 3324 1943 3388 πόαν,

360 3402 463 3472 τῆς
513 3403 878 3459 θεοπνεύστου
940 3407 979 3458 Γ
984 3411 1160 3478 ραςρῆς
1212 3410 1311 3480 τὴν
1366 3410 1667 3482 ἀμώμητον
1718 3414 1937 3480 γνῶσιν.

368 3512 389 3547 ο
431 3495 753 3567 Ἀνθρωπος
795 3498 898 3568 μὲν
926 3498 1035 3569 γάρ
1075 3503 1131 3553 ἐν
1164 3504 1296 3571 τιμῇ
1328 3500 1426 3565 ὢν,
1471 3504 1529 3556 οὐ
1580 3503 1800 3574 συνῆκε,
1832 3522 1936 3558 πα-

364 3588 739 3659 ρασυνεϐλήθη
765 3594 875 3654 τοῖς
898 3592 1115 3663 κτήνεσι
1141 3596 1253 3657 τοῖς
1272 3596 1536 3664 ἀνοήτοις,
1566 3596 1658 3649 καὶ
1685 3596 1941 3667 ὠμοιὼοη

362 3680 569 3742 αὐτοῖς.
610 3699 629 3731 ι
673 3681 812 3734 Ἀλλ’
848 3683 896 3735 εί
940 3682 1049 3735 ἕλοι
1079 3701 1195 3748 πως
1242 3687 1321 3749 εἰς
1354 3684 1479 3739 νοῦν
1517 3686 1623 3739 τῶν
1671 3687 1830 3739 Οείων
1856 3688 1943 3739 λο-

362 3770 499 3838 γίων
519 3771 615 3842 τὴν
641 3772 861 3841 γνῶσιν,
893 3774 985 3827 καὶ
1013 3776 1217 3846 τροφῆς
1266 3779 1523 3848 μετάσχοι
1554 3779 1654 3848 τῆς
1698 3795 1944 3849 πνευμα-

2054 3253 2072 3284 ι
2112 3233 2282 3287 llomo
2305 3236 2448 3288 enim
2480 3251 2600 3289 cum
2652 3239 2705 3288 in
2740 3237 2942 3289 honore
2973 3247 3136 3299 esset,
3168 3252 3269 3290 non
3315 3237 3575 3291 intellexit
3608 3256 3622 3291 :

2049 3337 2394 3393 eontparatus
2444 3338 2525 3382 est
2566 3327 2830 3396 jumentis
2883 3330 3294 3397 insipientibus,
3330 3338 3385 3384 et
3433 3330 3626 3384 similis

2052 3417 2226 3473 factus
2254 3428 2337 3472 est
2386 3419 2490 3473 illis
2524 3420 2589 3471 ".
2625 3438 2643 3472 ι
2680 3420 2786 3473 Sed
2819 3421 2861 3474 si
2893 3422 3138 3473 notitiam
3182 3421 3484 3475 divinorum
3519 3421 3627 3474 elo-

2048 3512 2294 3580 quiorum
2324 3512 2376 3565 in
2408 3524 2594 3580 pectus
2634 3511 2937 3578 admiserit,
2967 3523 3018 3566 et
3053 3514 3118 3566 de
3157 3514 3413 3567 alimento
3460 3513 3623 3580 Spiri-

2048 3600 2175 3652 tuali
2209 3602 2635 3669 participaverit,
2673 3613 2783 3657 tum
2821 3605 3033 3655 demum
3084 3604 3299 3671 spurius
3322 3618 3443 3658 esse
3480 3604 3623 3656 desi-

2050 3705 2204 3754 nens,
2234 3692 2481 3761 prudenti
2513 3695 2720 3748 ratione
2748 3693 3097 3762 gubernntns,
3122 3701 3176 3746 et
3208 3694 3625 3760 cogitationibus

2049 3781 2269 3836 homine
2304 3784 2479 3852 dignis
2509 3785 2793 3852 susceptis,
2829 3799 3039 3838 rursum
3070 3786 3119 3836 in
3159 3784 3363 3838 honore
3399 3785 3522 3838 erit.

362 3866 542 3933 τικῆς,
583 3865 701 3918 τότε
724 3865 807 3936 δὴ,
866 3867 984 3920 τότε
1018 3867 1116 3938 τὴν
1147 3869 1374 3922 νωθείαν
1411 3870 1721 3936 ἀποϐαλὼν,
1751 3872 1808 3924 ὲν
1836 3874 1969 3943 τιμῇ
2012 3874 2174 3928 πάλιν
2238 3875 2414 3941 ἔσται,
2445 3876 2688 3947 λογισμῴ
2732 3877 2810 3947 τῷ
2840 3876 3076 3947 σώφρονι
3111 3876 3496 3947 διοικούμενος,
3531 3880 3625 3932 καὶ⁵

362 3953 462 4021 τὴν
491 3953 760 4026 ἀνθρώπῳ
786 3959 1099 4028 πρέπουσαν
1130 3961 1412 4015 ἀναλαϐὼν
1437 3964 1510 4034 (Ι)
1535 3965 1725 4033 φρένα.

448 4049 573 4101 Ἐπὶ
610 4050 754 4116 τοὺς
804 4052 1090 4122 ποιμένας
1128 4057 1485 4126 παρωξύνθη
1522 4060 1553 4110 ό
1589 4060 1774 4128 θυμός
1797 4078 1937 4129 μου,

364 4138 465 4194 καί
498 4141 593 4193 ἐπὶ
626 4143 767 4207 τοὺς
794 4143 1021 4213 ἀμνοὺς
1044 4146 1466 4217 ἐπισκέψομαι.

436 4231 552 4286 ΞΖ’.
589 4235 881 4302 Ποιμένας
908 4238 966 4289 ὲν
1001 4238 1233 4303 τούτοις,
1270 4239 1520 4312 καθάπερ
1553 4236 1787 4311 ἐγῷμαι,
1815 4243 1942 4306 τοὺς

2124 4060 2281 4117 Vens.
2314 4061 2364 4115 5.
2399 4060 2571 4127 Super
2598 4074 2828 4130 pastores
2846 4064 3136 4118 concitatus
3164 4074 3237 4119 εει
3273 4064 3425 4134 [uror
3457 4083 3623 4134 niam,

2046 4166 2095 4211 et
2122 4172 2279 4221 super
2305 4172 2479 4226 agnos.
2492 4156 2733 4209 visitabo.

2118 4246 2328 4301 LXVII.
2393 4246 2637 4300 Pastorcs
2694 4247 2793 4299 hoc
2829 4247 2966 4313 loco,
2998 4255 3054 4298 ut
3081 4247 3341 4307 arbitror,
3395 4250 3623 4315 pseudo-

360 4321 814 4393 ψευδοπροφήτας
841 4327 935 4380 καὶ
954 4326 1343 4398 ψευδομάντεις
1377 4332 1662 4396 ἀποκαλεῖ,
1694 4334 1790 4389 καὶ
1816 4335 1942 4397 τοὺς

2053 4337 2339 4406 prophetas
2364 4343 2418 4389 et
2449 4335 2613 4389 falsos
2644 4343 2877 4393 vates.et
2905 4336 3194 4403 magistros
3214 4337 3415 4390 erroris
3442 4336 3623 4404 appet.

360 4411 464 4479 τῆς
494 4411 706 4482 ἀπάτης
760 4414 1095 4484 καθηγητὰς,
1139 4419 1360 4491 ὄλεθρόν
1392 4440 1449 4475 τε
1498 4424 1592 4476 καὶ
1637 4424 1820 4494 πάγην
1850 4442 1943 4493 γε·

363 4500 595 4568 γονότας
627 4503 758 4565 τοῖς,
790 4503 838 4555 οἳ
867 4505 962 4573 τῆς
992 4508 1224 4576 ἀληθοῦς
1248 4514 1377 4582 περὶ
1406 4512 1541 4564 Θεοῦ
1573 4513 1729 4583 δόξης
1763 4517 1946 4586 ἡμαρ-

360 4590 617 4660 τηκότες,
648 4592 748 4661 τὴν
790 4593 936 4665 αῦτῷ
971 4599 1284 4664 πρέπουσαν
1330 4602 1516 4672 τιμὴν,
1570 4603 1662 4655 καὶ
1691 4604 1944 4676 λατρείαν

361 4680 747 4737 ἀνατεθείκασι
799 4688 863 4756 τῇ
910 4688 1104 4754 κτίσει,
1144 4694 1237 4743 καὶ
1272 4693 1681 4765 προσεκύνησαν
1712 4699 1824 4759 τοῖς
1853 4696 1945 4769 ἔρ-

361 4786 481 4837 γοις
510 4770 618 4822 τῶν
653 4772 798 4823 ἰδίων
831 4775 1050 4845 χειρῶν,
1088 4778 1233 4832 καθᾶ
1258 4780 1585 4850 γέγραπται.

438 4861 552 4912 Οὐκ
586 4861 847 4915 ἀπίθανον
882 4865 936 4917 δὲ
967 4870 1077 4927 τοῖς
1108 4868 1501 4938 ψευδομάντεσι
1543 4872 1635 4925 καὶ
1678 4876 1803 4938 τοὺς
1835 4876 1943 4933 τῶν

373 4950 644 5021 Ἑλλήνων
695 4955 926 5024 συνάψαι
973 4958 1226 5025 λογάδας,
1259 4963 1306 5014 οἳ
1345 4962 1408 5033 δὴ
1458 4967 1609 5031 σοφοὶ
1660 4967 1939 5033 δοκοῦντες

359 5043 423 5107 ἄγ
437 5059 518 5103 αν,
556 5045 675 5107 ταῖς
705 5046 913 5100 ἑαυτῶν
942 5049 1296 5117 εὐγλωττίαις
1320 5056 1442 5117 τοὺς
1470 5056 1652 5119 αὐτοῖς
1679 5076 1940 5130 προσκειο

361 5132 559 5200 μένους
594 5136 999 5208 πεπλανήκασι,
1038 5142 1129 5193 καὶ
1156 5142 1344 5214 ὥσπερ
1370 5147 1511 5209 τινὲς
1552 5150 1808 5220 ποιμένες
1840 5153 1941 5203 οὐκ

358 5224 557 5289 ἁγαθοὶ
612 5230 1022 5300 κατεόόσκησαν
1065 5237 1121 5286 ἐν
1166 5237 1449 5305 ἀκάνθαις,
1484 5241 1577 5292 καὶ
1618 5243 1696 5304 εἰς
1738 5244 1939 5313 πολλὴν

360 5315 689 5387 ἁχρειότητα
732 5320 947 5392 σαθρῶν
987 5324 1223 5381 ἐννοιῶν.
1270 5328 1335 5381 Τί
1382 5330 1489 5399 γάρ
1542 5335 1671 5401 παρ’
1711 5333 1939 5396 ἐκείνοις

2045 4428 2140 4492 lat,
2198 4438 2510 4497 pestemque
2552 4436 2605 4480 et
2657 4424 2904 4495 laqueum
2939 4426 3027 4488 iis,
3088 4425 3177 4493 qui
3239 4439 3363 4479 vera
3397 4429 3461 4480 de
3518 4428 3622 4479 υινο

2043 4520 2294 4589 Opinione
2327 4518 2535 4584 relicta,
2590 4518 2846 4572 honorem
2876 4526 2928 4569 et
2960 4517 3160 4571 cultum
3213 4517 3309 4584 ipsi
3342 4518 3619 4586 proprium

2045 4620 2306 4668 creatura:
2337 4612 2673 4673 dedicarunt.
2696 4620 2927 4680 etopera
2954 4626 3211 4665 manuum
3268 4627 3491 4665 suarum
3528 4612 3623 4664 ad-

2045 4711 2360 4769 orarerunt,
2395 4702 2535 4756 sicut
2564 4702 2822 4771 scriptum
2848 4710 2930 4754 est
2951 4700 3016 4753 ³⁸.

2119 4880 2231 4935 Nec
2280 4881 2513 4934 alienum
2578 4888 2659 4935 est
2719 4879 2869 4935 falsis
2919 4881 3131 4934 vatibus
3189 4880 3351 4934 etiam
3408 4877 3624 4933 Gueros

2045 4975 2304 5042 quosdam
2354 4972 2505 5041 quasi
2558 4972 2817 5040 majorum
2865 4973 3104 5041 gentium
3164 4970 3478 5037 atljungere,
3532 4972 3622 5035 qui

2046 5078 2168 5115 cum
2221 5062 2604 5130 sapientissimi
2663 5072 3096 5127 numerarentur,
3146 5060 3455 5128 eloquentia
3521 5074 3617 5111 sua

2048 5154 2179 5222 ipsis
2211 5157 2550 5209 adhaerentes
2604 5155 2956 5217 seduxerunt,
3013 5164 3067 5205 et
3121 5161 3179 5205 ut
3217 5161 3460 5219 pastores
3516 5168 3619 5203 Itun

2049 5246 2169 5299 boni
2207 5247 2257 5298 in
2304 5248 2492 5314 spinis,
2529 5255 2579 5299 et
2632 5249 2684 5300 in
2746 5248 2908 5301 multa
2951 5246 3188 5300 vanitate
3238 5246 3620 5315 cogitationum

2049 5337 2319 5390 inutilium
2359 5347 2637 5406 paverunt.
2673 5338 2810 5404 Quid
2839 5337 2981 5391 enim
3021 5336 3161 5406 apud
3193 5336 3311 5393 illos
3342 5338 3407 5392 ad
3434 5335 3619 5407 cogni-

436 5492 481 5524 ⁸⁹
505 5492 704 5549 Ezech.
739 5511 923 5563 xutv,
966 5498 1020 5554 4.
1097 5500 1141 5532 ³⁵
1163 5499 1305 5556 Psal.
1338 5519 1522 5572 sunt,
1556 5506 1644 5561 15.
1722 5507 1761 5538 "
1786 5505 1925 5562 Psal.
1955 5524 1965 5561 ι

2053 5522 2106 5574 ιι,
2140 5508 2170 5562 4
2199 5524 2347 5577 ςυψι.

431 5669 511 5740 (i)
546 5672 829 5743 Aubertus,
867 5678 1167 5733 ἀναϐαλών.
1200 5680 1355 5737 Εωτ.
