4080 6284
480 330 578 384 {85

1469 321 1520 374 s.
1563 319 1837 374 CYittLLl
1877 279 2345 374 ALEXANDMM
2386 316 2706 374 ARClllEP.

3653 317 3745 373 ιιι

485 441 684 493 tionem
712 436 955 492 veritatis
1005 433 1297 489 conducit?
1322 433 1385 488 lli
1417 435 1715 503 dignissimi
1752 445 1874 488 sunt
1907 433 1994 502 qui
2032 449 2046 486 ι

2165 435 2225 487 τὸ
2253 437 2330 497 είς
2360 435 2654 502 ἐπίγνωσιν
2683 435 2938 505 ἀληθείας
2965 434 3203 504 ὠφελοῦν
3226 453 3240 500 ;
3271 431 3428 486 Κατὰ
3455 432 3660 485 τούτων
3685 435 3748 487 ειν

482 533 592 584 Deo
612 529 919 597 puniantur.
955 527 1068 581 Non
1099 529 1244 582 enim
1296 526 1669 580 tantummodo
1698 541 1824 578 suas
1850 527 2060 580 animas

481 620 864 691 perdiderunt,
903 621 995 674 sed
1036 621 1255 689 insuper
1284 620 1510 674 aliorum
1539 619 1591 672 in
1622 633 1863 673 errorem
1904 619 2062 672 indu-

482 719 698 772 xerunt,
752 719 809 761 ut
864 709 996 772 dixi,
1051 710 1340 764 verborum
1399 709 1649 778 ampullis
1720 710 2058 762 mendacium

484 801 636 868 quasi
669 801 1000 864 inaurantes,
1037 801 1196 873 747
1231 812 1283 855 et
1315 802 1561 854 oratione
1593 801 1658 852 ad
1690 801 2059 868 deceptionem

487 891 793 945 abutentes.
827 889 1020 945 Visitat
1051 905 1226 946 autem
1261 908 1444 962 agnos,
1479 893 1762 946 miseratus
1791 893 2059 958 videlicet,

483 992 538 1034 ct
564 995 626 1034 ex
665 980 877 1034 fallacia
906 982 970 1034 ad
998 984 1324 1049 agnitionem
1361 982 1600 1036 veritatis
1626 981 1978 1049 transferens,
2009 993 2063 1038 et

485 1085 552 1124 ex
576 1073 728 1138 vagis
761 1073 1036 1126 erroribus
1079 1074 1131 1125 in
1175 1074 1318 1126 viam
1349 1081 1549 1126 rectam
1581 1073 1877 1142 impellens.
1913 1074 2063 1130 Sicut

487 1163 627 1215 enim
666 1177 752 1216 res
807 1162 1084 1232 poscebat,
1121 1174 1178 1218 ut
1214 1164 1487 1233 iniuriosis
1527 1164 1578 1216 in
1607 1179 1700 1218 eos
1729 1181 1824 1233 pro
1853 1167 2062 1236 magni-

487 1255 672 1307 tudine
707 1255 1026 1324 injuriarum
1077 1255 1337 1324 supplicia
1382 1257 1788 1326 irrugarentur;
1841 1260 1910 1312 ita
1946 1275 2066 1312 rur-

483 1360 600 1398 sum
655 1361 776 1398 cum
845 1347 1026 1399 divina
1074 1349 1509 1410 mansuetudine,
1554 1357 1607 1400 et
1651 1349 1798 1415 justo
1837 1348 2059 1416 judicio,

485 1437 991 1503 conjunctissimum
1051 1439 1176 1500 erit,
1216 1439 1502 1507 benignam
1565 1441 1616 1493 in
1647 1456 1740 1495 eos
1790 1443 1879 1510 qui
1937 1443 2062 1496 talia

482 1531 625 1596 passi
673 1540 792 1583 sunt
829 1529 969 1584 ferre
999 1532 1348 1584 sententiam.
1386 1531 1682 1600 Oportebat
1709 1535 1872 1598 enim,
1905 1550 2066 1603 opor-

484 1621 644 1684 lebat,
701 1623 937 1690 inquam,
977 1623 1176 1677 salvari
1212 1624 1396 1693 inique
1450 1634 1729 1688 tractatus,
1764 1626 1871 1679 Deo
1910 1642 1969 1680 se
1995 1629 2062 1682 ab

481 1713 558 1767 eis
594 1721 751 1768 antea
786 1715 967 1769 laesum
999 1716 1377 1780 oltliviscente,
1404 1725 1458 1769 et
1483 1727 1758 1785 pastorum
1784 1718 2062 1774 fraudibus

2163 528 2392 595 γένοιτο,
2438 531 2531 581 καὶ
2577 528 2646 580 τὰ
2675 531 2737 581 ἐκ
2785 529 2935 591 θείας
2976 528 3166 598 ὀργῆς,
3211 527 3306 579 καὶ
3355 525 3501 595 μάλα
3532 525 3743 585 αἰσίως.

2176 619 2530 688 Ὡλόθρευσαν
2577 619 2686 688 γὰρ
2721 618 2841 688 οὐχὶ
2881 618 2942 688 δὴ
2975 618 3132 686 μόνον
3160 616 3257 679 τὰς
3296 614 3504 668 ἑαυτῶν
3547 614 3746 683 ψυχὰς,

2162 708 2299 762 ἀλλὰ
2325 708 2462 779 πρὸς
2487 707 2711 769 ταύταις
2734 709 2827 760 καὶ
2856 709 2953 770 τὰς
2981 709 3183 776 ἐτέρων
3208 705 3641 774 πεπλανήκασιν.
3675 704 3751 765 ὡς

2163 799 2322 867 έςρην,
2354 798 2432 866 τῷ
2465 799 2563 866 τῆς
2592 798 2789 862 λέξεως
2813 799 3009 868 κόμπῳ
3037 798 3320 867 μονονουχὶ
3353 794 3774 864 καταχρυσοῦν-

2163 905 2251 951 τες
2278 887 2339 940 τὸ
2376 887 2572 956 ψεῦδος
2599 890 2690 940 καὶ
2720 887 2817 957 τὴν
2843 887 2936 940 τοῦ
2981 887 3140 954 λόγου
3171 887 3360 956 χρείαν
3393 885 3755 946 δαπανῶντες

2164 982 2244 1044 εἰς
2268 980 2658 1050 φενακισμούς.
2695 979 3112 1033 Ἐπισκέπτεταί
3143 996 3206 1046 γε
3241 979 3347 1048 μὴν
3374 977 3500 1038 τοὺς
3520 976 3746 1045 ἁμνοὺς,

2163 1073 2447 1142 οἰκτείρων
2497 1073 2762 1140 δηλονότι,
2813 1072 2907 1124 καὶ
2962 1071 3269 1141 μετατιθεὶς
3304 1069 3366 1133 ἐξ
3413 1068 3634 1137 ἀπάτης
3667 1069 3746 1130 εἰς

2163 1165 2260 1234 τὴν
2287 1165 2385 1234 τῆς
2417 1163 2672 1233 ἀληθείας
2710 1164 3031 1232 ἐπίγνωσιν,
3058 1163 3150 1216 καὶ
3187 1165 3250 1214 ἐκ
3281 1159 3376 1213 τοῦ
3409 1159 3748 1230 περιπλανᾶ-

2167 1257 2289 1309 σθαι
2345 1255 2662 1325 μετασοϐῶν
2705 1256 2783 1316 είς
2832 1254 3050 1308 εὐθεῖαν
3092 1253 3230 1306 ὁδόν.
3261 1252 3474 1322 ’Ὠσπερ
3521 1249 3630 1318 γὰρ
3676 1244 3746 1318 ἦν

2165 1350 2476 1411 ἀκόλουθον,
2531 1351 2644 1412 τοῖς
2683 1348 3000 1417 ἠδικηκόσιν
3040 1347 3233 1408 αὐτοὺς
3263 1345 3361 1416 τὴν
3398 1347 3511 1406 τοῖς
3555 1343 3742 1410 ἀδική-

2169 1460 2301 1512 μασι
2352 1441 2669 1512 πρέπουσαν
2719 1439 3027 1509 ἐπαρτῆσαι
3068 1438 3252 1506 δίκηνο
3299 1435 3442 1488 οὕτω
3489 1434 3552 1504 δὴ
3581 1433 3742 1486 πάλιν

2165 1533 2502 1605 θεοπρεποῦς
2533 1533 2889 1602 ἡμερότητος,
2929 1530 3021 1583 καὶ
3045 1529 3228 1598 ψήφου
3258 1527 3471 1590 δικαίας
3511 1529 3746 1594 ἁμςιρὴο

2166 1642 2307 1677 σειεν
2332 1626 2397 1678 ἂν
2419 1624 2689 1694 οὐδαμῶς,
2710 1623 2768 1675 τὸ
2796 1624 2888 1675 ἐπὶ
2910 1623 3020 1683 τοῖς
3045 1619 3336 1672 πεπονθόσι
3363 1618 3742 1688 φιλάνθρωπον

2165 1720 2358 1788 κρῖμα.
2391 1717 2538 1769 Ἔδει
2565 1717 2693 1787 γὰρ,
2725 1715 2832 1768 ἔδει
2881 1714 3146 1777 σώζεσθαι
3188 1713 3314 1774 τοὺς
3355 1710 3739 1780 ἠδικημένους,

480 1805 666 1875 magis,
690 1822 752 1862 ac
807 1815 1005 1876 praeter
1063 1809 1392 1863 voluntatem
1441 1810 1694 1864 subactos
1721 1823 1880 1878 parua
1928 1810 2046 1864 lihe-

2164 1808 2672 1878 ἀμνησικακοῦντος
2723 1806 2880 1869 Θεοῦ,
2935 1806 3028 1858 καὶ⁹
3079 1805 3272 1874 ποινῆς
3310 1801 3742 1862 ἀπαλλάττοντος

479 1907 648 1952 raute.

552 2072 718 2128 Vens.
755 2074 810 2141 4,
848 2075 900 2129 5.
922 2073 991 2127 Et
1013 2075 1240 2128 uisitauit
1269 2073 1524 2129 Dominus
1562 2075 1700 2129 Deus
1735 2077 2056 2145 omnipotens

485 2184 686 2240 gregem
721 2183 870 2219 suum
917 2168 1129 2220 domum
1171 2166 1339 2229 Juda,
1368 2177 1414 2220 el
1457 2178 1608 2235 ponet
1648 2184 1733 2221 eos
1785 2177 1840 2220 ut
1869 2185 2057 2239 equum

479 2261 725 2312 decorum
755 2274 904 2311 suum
932 2259 984 2310 iu
1017 2258 1220 2325 pra-lio,
1251 2269 1295 2312 et
1314 2274 1377 2312 ea:
1401 2262 1509 2327 ipso
1533 2262 1828 2324 περσαῖαι
1852 2276 1915 2313 ex
1943 2261 2056 2328 ipso

481 2349 653 2416 posuit
693 2365 870 2401 arcum
907 2350 960 2401 in
989 2351 1173 2417 spiritu
1211 2349 1426 2418 furoris.
1454 2348 1519 2401 Et
1545 2365 1608 2402 ea:
1632 2352 1741 2418 ipso
1765 2351 2057 2418 egredietur

483 2441 651 2492 omnis
700 2439 914 2493 abactnr
939 2443 992 2493 in
1034 2442 1281 2508 idipsum,
1307 2452 1354 2494 et
1383 2451 1536 2494 erunt
1585 2445 1734 2511 quasi
1780 2443 2056 2497 bellatores

484 2532 850 2584 conon/cantes
879 2532 1043 2585 lutum
1076 2533 1128 2586 in
1143 2532 1238 2587 riis
1270 2533 1321 2585 in
1357 2531 1513 2598 bello,
1539 2542 1586 2586 et
1607 2533 1889 2600 bellabunt,
1929 2535 2055 2604 quia

483 2619 738 2676 Dominus
771 2640 884 2677 cum
911 2625 1004 2678 eis.

550 2897 636 2950 LX
652 2897 776 2950 \‘ill.
807 2899 1049 2964 Quonam
1093 2906 1248 2954 modo
1274 2917 1515 2971 pastores
1549 2906 1690 2960 male
1729 2910 2051 2964 ntultaturus

480 2990 570 3055 sit,
627 2993 1046 3060 visitaturusque
1096 3002 1150 3047 et
1200 3005 1612 3063 recuperaturus
1668 3015 1856 3068 agnos,
1909 3004 2050 3057 clare

2161 1901 2287 1962 τοὺς
2319 1902 2438 1962 ταῖς
2462 1899 2686 1952 ἐκείνων
2714 1896 3050 1960 πλεονεξίαις
3073 1895 3215 1966 τάχα
3247 1911 3350 1946 που
3383 1893 3479 1947 καὶ
3504 1892 3740 1961 ἀϐουλή-

2160 2002 2267 2054 τως
2292 1991 2780 2060 ὑπενηνεγμένους.

2234 2083 2338 2135 Καὶ
2370 2082 2765 2150 ἐπισκέψεται
2791 2083 3006 2149 Κύριος
3034 2084 3065 2134 ό
3097 2081 3241 2146 Θεὸς
3264 2081 3295 2133 ό
3318 2075 3740 2144 παντοκράτωρ

2161 2173 2228 2227 τὸ
2274 2175 2556 2243 ποίμνιον
2592 2173 2780 2228 αὑτοῦ
2829 2175 2936 2228 τὸν
2971 2172 3140 2226 οἶκον
3180 2171 3394 2233 Ἰούδα,
3439 2171 3536 2223 καὶ
3574 2169 3740 2232 τάξει

2159 2263 2380 2328 αὐτοὺς
2427 2265 2506 2329 ὠς
2545 2265 2733 2318 ἵππον
2787 2261 3060 2332 εὐπρεπῆ
3120 2262 3306 2316 αὐτοῦ
3359 2261 3430 2314 ἐν
3474 2261 3736 2328 πολέμῳ.

2159 2355 2256 2406 καί
2298 2354 2367 2418 ἐξ
2401 2355 2586 2408 αὑτοῦ
2621 2355 2938 2423 ἐπέΰλεψε,
2981 2355 3080 2409 καί
3118 2353 3188 2418 ἐξ
3234 2351 3423 2406 αὑτοῦ
3464 2351 3641 2413 ἔταξε
3672 2349 3740 2402 τὸ

2158 2447 2338 2510 τόξον
2378 2449 2445 2500 ἐν
2476 2449 2767 2516 πνεύματι
2801 2447 3009 2516 θυμοῦ,
3041 2447 3135 2500 καὶ
3171 2447 3240 2509 ἐξ
3272 2444 3458 2498 αὑτοῦ
3504 2443 3740 2506 ἐξελεύο

2156 2553 2324 2593 σεται
2351 2538 2466 2606 πᾶς
2497 2543 2530 2593 d
2562 2539 2907 2604 ἐξελαύνων
2932 2540 3002 2592 ἐν
3028 2538 3108 2603 τῷ
3136 2536 3316 2602 αὐτῷ.
3354 2537 3466 2590 Καὶ
3495 2536 3738 2590 ἔσονται

2154 2633 2234 2697 ὡς
2260 2632 2524 2702 μαχηταὶ
2572 2633 2904 2697 πατοῦντες
2949 2631 3152 2698 πηλὸν
3195 2632 3265 2684 ἐν
3299 2630 3431 2692 ταῖς
3477 2627 3638 2693 ὁδοῖς
3667 2627 3738 2679 ἐν

2155 2723 2417 2792 πολέμῳ,
2468 2724 2565 2777 καὶ
2618 2724 3096 2792 παρατάξονται,
3147 2721 3299 2776 διότι
3347 2721 3563 2788 Κύριος
3608 2717 3732 2789 μετ’

2156 2814 2378 2869 αὐτῶν.

2225 2928 2351 2982 ΞΗ’.
2383 2927 2518 2982 Τίνα
2545 2928 2608 2999 δὴ
2635 2927 2834 3000 τρόπον
2883 2927 3092 2980 ἐποίσει
3141 2925 3239 2996 μὲν
3275 2929 3382 2989 τοῖς
3414 2924 3635 2995 ποιμέσι
3667 2923 3734 2978 τὰ

2155 3020 2214 3086 ἐξ
2246 3021 2438 3092 ὀργῆς,
2478 3021 2831 3089 ἐπισκέψεται
2861 3020 2915 3072 δὲ
2941 3020 3033 3070 καὶ
3061 3017 3330 3071 ἀνασώσει
3353 3019 3477 3079 τοὺς
3508 3019 3731 3086 ἀμνοὺς,

478 3084 734 3136 ostendit.
763 3082 1043 3138 Productis
1069 3086 1210 3139 enim
1244 3100 1306 3141 ex
1348 3087 1544 3144 Judwis
1585 3094 1768 3148 mundi
1809 3095 2045 3148 doctori-

2154 3082 2474 3183 καθίστησιν
2522 3082 2769 3184 ἐναργές.
2836 3108 3142 3174 Ἀναδείξας
3187 3109 3295 3180 γὰρ
3346 3107 3403 3172 ἐξ
3469 3082 3733 3162 Ἰουδαίων

485 3173 584 3228 bus
611 3176 812 3228 sanctis
836 3177 1092 3243 apostolis
1140 3185 1192 3231 et
1215 3181 1572 3250 evangelistis,
1597 3199 1691 3252 per
1715 3199 1806 3238 cos
1831 3185 2050 3240 Graeciae

485 3267 756 3332 sapientes
782 3267 1087 3333 debellavit,
1124 3279 1176 3324 et
1209 3274 1276 3326 ab
1323 3286 1507 3328 eorum
1532 3277 1849 3345 garrulitate
1881 3293 2050 3347 agnos

476 3359 695 3423 eripuit,
727 3358 1054 3430 fallaciteque
1083 3361 1288 3434 laqueis
1328 3368 1642 3434 extricatos,
1673 3370 1724 3423 in
1761 3385 1961 3436 veram,
1997 3381 2052 3426 et

475 3447 606 3500 nulli
650 3448 818 3515 eulpae
853 3449 1065 3504 amnem
1098 3452 1189 3506 Dei
1243 3457 1600 3524 cognitionem
1640 3461 1934 3516 transtulit.
1962 3464 2050 3517 Ait

471 3551 640 3606 ergo:
676 3558 693 3589 ι
732 3538 985 3595 Visitaliit
1014 3557 1230 3612 gregem
1259 3561 1412 3599 suum
1443 3553 1656 3604 domum
1682 3550 1837 3609 Juda.
1887 3573 1905 3606 ι
1941 3553 2046 3607 Fa-

472 3629 578 3681 ciet
601 3637 782 3682 autem
802 3645 922 3685 eum
945 3633 1084 3687 velut
1110 3650 1304 3704 equum
1335 3638 1610 3706 decorum,
1626 3651 1678 3696 et
1702 3643 2048 3701 bellicosissi-

473 3733 641 3779 munt.
675 3735 781 3789 quo
808 3723 961 3790 quasi
991 3725 1342 3795 spiritualiter
1372 3742 1576 3796 vectus,
1603 3732 1914 3790 Grzccorutn
1943 3738 2046 3792 lin-

468 3825 652 3879 guam,
701 3823 760 3866 ut
787 3815 918 3879 dixi,
959 3821 1289 3888 oppugnabit
1322 3835 1612 3893 eorumque
1643 3827 1920 3896 sapientia:
1953 3831 2047 3884 de-

471 3899 823 3966 formitatem,
853 3914 906 3956 et
931 3909 1110 3960 omnis
1144 3907 1352 3963 fruetus
1379 3914 1699 3966 vacuitatem
1734 3915 2040 3981 patefaciet.

465 3989 604 4057 Quin
633 3991 774 4043 enim
805 4007 897 4058 per
919 3993 1227 4049 Graecorum
1279 3999 1644 4065 dispersiones
1677 4005 1842 4060 divini
1882 4009 2043 4063 disci-

465 4083 574 4151 puli
605 4092 858 4152 tanquam
891 4086 1014 4153 equi
1049 4088 1264 4154 quidam
1305 4091 1522 4157 fuerint,
1565 4095 1824 4152 adversus
1855 4115 2038 4156 eorum

468 4174 868 4242 loquacitatem,
909 4186 961 4230 et
1009 4175 1116 4232 Deo
1146 4194 1363 4235 exesam
1400 4182 1662 4239 fallaciam
1698 4197 1900 4244 tantum
1935 4208 2038 4247 nou

467 4265 800 4331 hinnientes,
861 4269 984 4330 quis
1010 4268 1256 4324 dubitet?
1313 4286 1436 4326 eum
1476 4274 1726 4333 Christus
1779 4281 1846 4335 de
1883 4281 2039 4337 beato

468 4353 636 4410 Paulo
665 4357 808 4410 dicat
843 4357 910 4410 ad
945 4358 1230 4426 Ananiam,
1269 4379 1288 4412 ι
1319 4361 1486 4428 Vade,
1515 4369 1770 4434 quoniam
1799 4386 1895 4427 vas
1929 4373 2037 4428 ele-

460 4447 656 4501 ctionis
688 4449 815 4501 mihi
853 4457 936 4502 est
969 4449 1088 4514 iste,
1127 4462 1182 4505 ut
1217 4465 1392 4520 portet
1419 4473 1612 4512 nomen
1643 4476 1817 4515 meum
1853 4479 2032 4519 coram
2071 4453 2111 4504 D
2142 4480 2168 4533 0

460 4536 733 4605 gentibus,
775 4545 829 4590 et
875 4538 1110 4607 regibus,
1143 4550 1198 4594 et
1227 4543 1350 4598 filiis
1378 4545 1664 4602 lsrael’m
1699 4552 1761 4604 Et
1791 4553 2038 4610 llabaeuc

457 4630 609 4696 quasi
631 4627 912 4682 Dominum
945 4640 1191 4685 nostrum
1230 4632 1410 4688 Jesum
1427 4637 1696 4693 Christum
1723 4643 2031 4711 alloquens:

460 4737 480 4772 ι
513 4719 778 4786 Quoniam
813 4723 1078 4796 ascende;
1111 4739 1274 4792 super
1306 4740 1474 4795 equos
1501 4738 1642 4795 tuos,
1692 4743 1746 4787 et
1770 4735 2034 4804 equitatio

458 4822 546 4866 tua
581 4813 726 4869 salus
759 4832 777 4866 ι
812 4813 993 4884 lnquit
1018 4816 1183 4886 igitur
1213 4833 1227 4870 :
1259 4836 1278 4870 ι
1311 4817 1484 4874 Ponet
1515 4821 1710 4890 ipsum,
1743 4836 1800 4878 ut
1833 4841 2028 4895 equum

453 4903 710 4958 decorum
736 4907 787 4960 in
811 4906 968 4976 bello,
988 4917 1122 4965 etex
1144 4910 1262 4980 ipso
1291 4914 1526 4980 respexit
1548 4914 1612 4968 ³³.
1645 4932 1664 4966 ›
1697 4915 1931 4970 Proinde
1963 4934 2025 4973 ac

451 4997 494 5049 si
515 4996 656 5051 dicat
681 5013 694 5050 :
729 4998 894 5071 748
923 5001 1301 5056 Consideravit
1332 5019 1436 5058 non
1457 5005 1672 5073 quidem
1701 5016 1759 5060 ut
1785 5008 1922 5063 Deus
1957 5011 2022 5064 ad

451 5087 809 5142 ministerium
843 5092 1243 5157 praedicationis
1273 5097 1597 5163 evangelicae
1627 5099 1876 5165 idoneos,
1909 5102 2022 5156 ele-

435 5174 525 5262 ¹ιζίι
555 5185 730 5228 autem
773 5180 838 5230 de
892 5181 1030 5232 tribu
1057 5178 1213 5247 Juda,
1246 5193 1300 5237 et
1355 5199 1421 5238 ex
1467 5186 1597 5252 ipsis
1649 5190 2027 5257 prmdicatores

431 5269 750 5334 ,‘wnstituit.
787 5269 963 5324 Voluit
992 5273 1135 5328 enim
1163 5291 1255 5330 eos
1278 5292 1390 5331 sua:
1413 5278 1704 5336 voluntatis
1732 5285 2023 5350 ministros,

447 5365 501 5410 et.
531 5361 828 5428 adjutores,
877 5377 928 5419 et
959 5371 1144 5435 gratia:
1169 5372 1235 5424 ab
1278 5373 1392 5441 ipso
1423 5375 1682 5430 donanda:
1725 5378 1867 5432 velut
1913 5396 2025 5434 mc-

448 5449 685 5505 diatores
735 5464 787 5508 et
834 5458 1237 5525 dispensatores
1301 5467 1438 5520 fieri.
1494 5467 1754 5524 Praeterea
1799 5489 1860 5524 ex
1892 5475 2021 5540 ipso,

447 5539 644 5608 inquit,
675 5546 777 5601 hoc
828 5559 909 5604 est
963 5549 1099 5607 Juda
1159 5555 1209 5606 iu
1240 5554 1425 5612 furore
1461 5561 1701 5618 intentus
1736 5572 1822 5618 est
1863 5539 2022 5621 arcus

513 5719 556 5754 ³²
582 5723 701 5778 Act.
736 5741 808 5794 lx,
841 5729 924 5782 15.
1002 5730 1269 5786 ³³11αὺῑιρ.
1305 5750 1384 5799 m,
1427 5740 1478 5795 8.

2157 3205 2282 3268 τοὺς
2313 3205 2412 3275 τῆς
2431 3204 2756 3274 οἰκουμένης
2788 3202 3202 3272 μυσταγωγοὺς,
3242 3203 3366 3264 τοῦς
3396 3201 3585 3268 ἁγίους
3608 3200 3734 3252 ἀπο·

2157 3295 2376 3358 στόλους
2397 3295 2487 3348 καὶ
2518 3294 2928 3363 εύαγγελιστὰς,
2974 3294 3385 3363 κατηγωνίσατο
3417 3293 3516 3363 μὲν
3551 3292 3619 3345 δι’
3641 3292 3730 3343 αύ·

2155 3387 2261 3440 τῶν
2294 3388 2420 3450 τοὺς
2463 3385 2728 3457 Ἑλλήνων
2758 3387 2976 3454 σοφοὺς,
2999 3384 3231 3450 ἐξείλετο
3258 3385 3314 3438 δέ
3336 3385 3463 3447 τοὺς
3498 3384 3725 3454 ἀμνοὺς,

2151 3480 2250 3548 τῆς
2273 3478 2497 3530 ἐκείνων
2525 3477 2947 3548 ἀθυροστομίας,
2981 3477 3074 3530 καὶ
3107 3475 3214 3528 τῶν
3239 3476 3333 3544 τῆς
3357 3473 3571 3543 ἀπάτης
3605 3473 3727 3544 βρό-

2152 3587 2260 3639 χων
2325 3567 2660 3630 ἀπαλλάξας,
2723 3566 3060 3637 μετέστησαν
3115 3568 3193 3628 εἰς
3251 3564 3576 3632 θεογνωσίαν
3633 3563 3728 3633 τὴν

2149 3658 2325 3730 ἁληθῆ
2365 3659 2458 3711 καὶ
2497 3657 2816 3729 ἀμώμητον.
2851 3676 2870 3709 ‹
2899 3647 3301 3726 ”Επισκέψεται
3341 3657 3539 3719 τοίνυν,
3574 3654 3724 3726 φησί.

2147 3751 2205 3804 τὸ
2239 3750 2487 3822 ποίμνιον
2523 3749 2689 3803 αὐτοῦ
2719 3750 2808 3802 τὸν
2851 3745 2996 3802 οἶκον
3049 3749 3234 3800 Ἰούδα.
3276 3767 3294 3798 ι
3332 3749 3626 3818 Ποιήσεται
3670 3745 3724 3798 δέ

2147 3843 2309 3896 αὑτὸν
2361 3837 2473 3894 οἷον
2511 3843 2675 3895 ἵππον
2715 3841 2964 3912 εὐπρεπῆ
3004 3841 3096 3895 καὶ
3141 3838 3609 3911 πολεμικώτατον,
3641 3839 3724 3907 ἐφ’

2146 3928 2188 4002 ᾧ
2222 3933 2427 4004 νοητῶς
2457 3935 2738 4004 μονονουχὶ
2765 3936 2856 3988 καὶ
2881 3933 3264 4004 ἐποχούμενος,
3293 3932 3392 4002 τῆς
3437 3931 3720 4001 Ἑλλήνων,

2145 4027 2218 4089 ὡς
2250 4026 2407 4094 ἔφην,
2439 4026 2975 4096 καταστρατεύσεται
3016 4025 3280 4095 γλώττης,
3315 4024 3410 4076 καὶ
3439 4024 3538 4094 τῆς
3578 4023 3721 4077 ἐνούα

2147 4134 2244 4187 σης
2267 4118 2448 4180 αὐτοῖς
2480 4118 2670 4186 σοφίας
2713 4117 3054 4186 καταγράψει
3088 4116 3148 4168 τὸ
3188 4116 3441 4181 ἀκαλλὲς,
3481 4115 3576 4169 καὶ
3631 4117 3720 4168 ἀν-

2141 4208 2351 4276 όνητον.
2379 4209 2500 4261 ’Ότι
2526 4209 2632 4278 γὰρ
2677 4210 2733 4260 ἐν
2759 4212 2880 4270 ταῖς
2921 4209 3186 4278 Ἑλλήνων
3218 4207 3540 4278 διασποραῖς
3567 4209 3615 4259 οἱ
3637 4206 3718 4258 Οε-

2145 4300 2354 4352 σπέσιοι
2383 4299 2638 4366 γεγόνασι
2664 4298 2902 4368 μαθηταὶ
2943 4295 3030 4351 οἷά
3067 4316 3209 4361 τινες
3237 4300 3410 4361 ἵπποι,
3440 4298 3715 4368 μονονουχὶ

2142 4389 2698 4461 καταχρεμετίζοντες
2719 4391 2818 4460 τῆς
2835 4392 2961 4460 παρ’
2986 4391 3163 4453 αὐτοῖς
3185 4391 3610 4460 ἀθυροστομίας,
3626 4391 3714 4442 καὶ

2176 4480 2465 4548 εοστυγοῦς
2491 4481 2726 4551 ἀπάτης,
2754 4481 2869 4544 πῶς
2903 4481 2968 4534 ἂν
3000 4481 3288 4534 ἐνδοιάσειέ
3332 4499 3452 4546 τις;
3479 4481 3709 4552 Χριστοῦ

2137 4569 2386 4638 λέγοντος
2418 4573 2544 4641 περὶ
2571 4571 2664 4624 τοῦ
2705 4571 2972 4641 μακαρίου
3006 4573 3217 4625 Παύλου
3255 4573 3389 4640 πρὸς
3427 4574 3708 4625 ’Λνανίανο

2141 4681 2158 4713 ι
2196 4663 2454 4732 Πορεύου,
2497 4666 2576 4717 ὅτι
2614 4663 2806 4728 σκεῦος
2836 4665 3063 4734 ἐκλογῆς
3095 4665 3184 4734 μοί
3231 4667 3378 4718 ἐστιν
3418 4659 3594 4731 οὗτος,
3618 4665 3710 4719 τοῦ

2135 4751 2400 4820 βαστάσαι
2434 4753 2495 4806 τὸ
2528 4753 2697 4824 ὄνομά
2735 4771 2833 4823 μου
2872 4753 3101 4806 ἐνώπιον
3134 4754 3302 4808 ἐθνῶν
3335 4772 3394 4807 τε
3435 4757 3526 4809 καὶ
3559 4757 3710 4826 βασι-

2133 4843 2264 4896 λέων
2296 4846 2386 4898 καὶ
2413 4846 2544 4898 υἱῶν
2600 4846 2834 4917 Ἰσραήλ.
2872 4864 2889 4896 ι
2930 4847 3074 4917 Ἔφη
3115 4847 3170 4898 δέ
3198 4865 3298 4900 που
3328 4849 3420 4900 καὶ
3447 4850 3475 4900 ὁ
3511 4849 3710 4919 Ἀμῦα-

2133 4937 2277 5004 κοὺμ
2319 4936 2394 4999 ώς
2437 4936 2571 5003 πρὸς
2607 4938 2697 4990 τὸν
2748 4939 2951 5008 Κύριον
2980 4939 3135 5009 ἡμῶν
3180 4941 3386 5012 Ἰησοῦν
3435 4943 3667 5012 Χριστόν
3692 4959 3704 4972 ⁸

2137 5045 2154 5077 ι
2203 5028 2320 5080 ’Ὁτι
2351 5029 2583 5100 ἐπιϐἡσῃ
2615 5029 2705 5082 ἐπὶ
2736 5033 2861 5093 τοὺς
2904 5031 3104 5094 ἵππους
3133 5048 3246 5097 σου,
3289 5032 3381 5085 καὶ
3409 5034 3442 5104 ἡ
3477 5033 3706 5086 ίππασία

2137 5134 2251 5182 σου,
2301 5119 2564 5188 σωτηρία.
2619 5137 2638 5170 ι
2672 5119 2879 5172 Οὐκοῦν
2912 5140 2930 5172 ι
2974 5121 3126 5186 τάξει
3186 5122 3369 5187 αὐτὸν,
3416 5127 3600 5194 φησὶν,
3635 5125 3707 5186 ὡς

2133 5208 2298 5261 ἵππον
2327 5209 2576 5280 εὐπρεπῆ
2604 5211 2662 5262 ἐν
2694 5210 2933 5282 πολέμῳ,
2968 5214 3060 5265 καὶ
3083 5211 3142 5276 ἐξ
3158 5214 3320 5265 αὐτοῦ
3350 5213 3698 5282 ἐπέὄλεψεν.»

2127 5296 2351 5367 ”Ομοιον
2389 5299 2464 5362 ὡς
2489 5303 2535 5353 εί
2559 5301 2744 5368 λέγοι·
2781 5305 3172 5373 Κατεσκέψατο
3207 5305 3304 5373 μὲν
3329 5305 3404 5366 ώς
3427 5305 3557 5368 Θεὸς
3582 5306 3702 5365 τοὺς

2123 5389 2462 5458 ἐπιτηδείους
2490 5395 2567 5454 εἰς
2596 5392 2868 5448 διακονίαν
2894 5396 3001 5448 τῶν
3031 5395 3401 5463 εύαγγελικῶν
3425 5394 3704 5465 κηρυγμά-

2122 5498 2248 5544 των,
2279 5482 2610 5546 ἁπολέκτους
2655 5501 2717 5552 γε
2757 5487 2860 5556 μὴν
2909 5489 3200 5557 ἐποιήσατο
3244 5489 3369 5546 τοὺς
3416 5486 3474 5548 ἐξ
3511 5485 3698 5547 Ἰούδα,
