4026 6276
485 340 581 396 ίθἾ

1468 329 1527 384 3.
1570 325 1847 384 CYRILLI
1889 317 2350 381 ALEXANURlNl
2394 314 2710 373 ARCHIEP.

3637 303 3736 359 168

483 456 645 509 rurdo
671 451 906 507 Iudaeam
934 446 1459 509 eircumferentium,
1485 456 1540 499 et
1586 443 2053 499 circttmcisionem

2173 440 2395 503 Ἰούδας,
2429 436 2695 489 σέσωσται
2744 434 2799 485 δὲ
2842 432 2932 484 καὶ
2961 432 2987 484 ὁ
3025 424 3169 491 οἶκος
3214 426 3434 497 Ἰωσήφ.
3478 426 3740 495 ισταση-

482 546 795 601 sortitorum
845 544 898 595 in
927 540 1142 610 spiritu,
1194 548 1249 594 et
1299 546 1533 592 mentem
1577 538 1900 606 gerentiutn,
1938 548 2057 602 quae

483 636 626 691 videt
650 634 815 688 Deum
847 632 911 696 ³⁸,
942 633 1042 686 hoc
1072 632 1215 684 enim
1245 629 1437 683 Latine
1490 638 1649 682 sonat
1690 625 1877 680 Israel.
1920 624 2054 690 Quia

482 741 611 781 vero
634 724 817 780 dilecti
843 731 968 777 sunt
1008 737 1036 775 a
1066 721 1198 785 Deo,
1240 720 1361 774 ideo
1390 718 1521 774 etin
1558 716 1895 772 habitatione
1942 713 2053 769 col~

482 815 666 879 locati,
692 815 794 867 hoc
819 820 902 866 est
955 809 1247 871 lirmamén
1266 808 1516 863 omnibus
1545 806 1895 861 felicitatibus
1936 818 2059 873 per-

484 905 821 960 mansionem
855 902 1031 971 adepti
1067 910 1214 954 sunt.
1245 900 1517 968 Scriptum
1543 907 1626 953 est
1652 899 1794 951 enim
1833 915 1845 950 :
1889 914 1908 947 ι
1951 896 2056 949 Do-

483 998 664 1051 minus
692 996 937 1050 habitare
962 992 1091 1046 facit
1124 991 1408 1045 unanimes
1437 990 1487 1043 in
1527 990 1685 1043 domo
1718 988 1782 1041 ”.
1815 1004 1833 1037 ι
1893 986 1983 1038 Ait
2004 993 2061 1039 et

480 1086 680 1139 alicubi
709 1084 924 1138 divinus
948 1080 1116 1135 Isaias
1154 1082 1219 1135 de
1244 1094 1308 1134 eo
1337 1079 1431 1147 qui
1482 1078 1651 1131 vitam
1699 1076 1810 1145 agit
1857 1075 2060 1129 virtute

481 1175 807 1247 singularem
838 1191 851 1227 :
893 1190 911 1224 ι
942 1170 1240 1227 Ambulans
1263 1170 1315 1223 in
1339 1168 1549 1236 justitia
1574 1167 1665 1236 qui
1702 1166 1818 1219 odit
1860 1164 2061 1233 iniqui-

489 1278 653 1322 tatem
690 1274 746 1321 et
804 1264 1151 1334 iniustitiam,
1193 1272 1248 1316 et
1287 1276 1477 1314 manus
1497 1259 1776 1313 abstinens
1806 1271 1835 1309 a
1873 1270 2058 1310 mune-

483 1360 653 1415 ribus.
675 1358 949 1413 Obturans
983 1369 1164 1418 aures,
1205 1361 1263 1405 nt
1292 1367 1396 1407 non
1423 1351 1605 1403 audiat
1642 1349 1905 1417 judicium
1932 1363 2061 1402 san-

483 1450 683 1520 guinis,
714 1457 768 1501 et
790 1446 1044 1501 claudens
1072 1442 1281 1505 oculos,
1307 1452 1365 1494 ut
1392 1456 1495 1495 non
1516 1440 1693 1494 videat
1718 1439 2061 1505 iniquitatem

483 1541 571 1595 hic
600 1538 867 1594 habitabit
897 1537 948 1589 in
976 1534 1187 1591 excelsa
1230 1531 1490 1602 spelunca
1522 1539 1688 1599 petrae
1748 1528 1904 1581 fortis
1928 1527 1993 1580 “.
2035 1546 2053 1579 ι

482 1628 843 1685 Probabiliter
882 1627 1045 1681 etiam
1095 1626 1359 1688 dicemus,
1406 1613 1623 1675 domum
1663 1620 1841 1673 datam
1879 1634 1907 1671 a
1949 1617 2062 1673 Deo

483 1724 684 1779 sanctis
706 1720 1021 1784 Ecclesium,
1055 1717 1169 1772 sive
1193 1728 1455 1783 supernas
1499 1712 1850 1775 mansiones;
1897 1724 2059 1777 quam

2161 532 2408 601 μαίνεται
2458 528 2514 580 δὲ
2540 527 2629 581 sta
2676 525 2879 578 τούτων
2907 523 2969 574 τὸ
3013 522 3072 585 ἐξ
3108 518 3318 590 Ἰσραὴλ
3360 512 3504 587 αἷμα
3543 534 3604 570 τε
3647 521 3738 570 καὶ

2157 622 2333 690 γένος,
2384 619 2549 688 ἣγουν
2576 618 2608 686 ἠ
2638 615 2748 668 τῶν
2788 616 2845 667 ὲν
2874 610 3092 685 Χριστῷ
3140 608 3575 678 δεδικαιωμένων
3603 608 3739 676 πληο

2159 711 2274 775 θῦς,
2302 710 2392 762 τὸν
2422 710 2498 770 είς
2520 706 2643 759 νοῦν
2674 706 2768 759 καὶ
2796 705 3022 775 καρδίαν
3052 700 3432 773 περιφέροντες
3465 699 3735 760 Ἰουδαῖον,

2158 801 2253 854 καὶ
2286 798 2585 871 περιτομὴν
2626 797 2879 867 λαχόντες
2911 796 3010 865 τὴν
3043 796 3101 847 ὲν
3142 792 3438 862 πνεύματι,
3486 792 3583 844 καὶ
3614 790 3741 843 νοῦν

2158 894 2373 963 ἔχοντες
2419 892 2631 962 ὁρῶντα
2679 889 2845 942 Θεόν’
2903 885 3267 958 ἑρμηνεύεται
3338 884 3446 953 γὰρ
3490 881 3665 945 οὕτως
3713 885 3743 933 6

2170 983 2406 1055 Ἰσραήλ.
2426 981 2644 1052 Ἐπειδὴ
2666 980 2724 1033 δὲ
2749 980 3061 1050 ἠγάπηνται
3089 977 3240 1048 παρὰ
3269 974 3428 1040 Θεοῦ,
3452 973 3627 1043 ταύτῃ
3658 989 3742 1025 τοι

2158 1077 2253 1130 καὶ
2286 1073 2730 1144 κατῳκίσθησαν,
2780 1070 3061 1124 τουτέστιν
3120 1065 3522 1137 ἐρηρεισμένην
3565 1064 3744 1133 ἐσχή-

2158 1185 2288 1221 κασι
2317 1167 2414 1236 τὴν
2460 1167 2544 1234 ἐφ’
2588 1165 2760 1219 ἀπασι
2789 1165 2900 1225 τοῖς
2938 1161 3180 1232 ἀρίστοις
3210 1159 3492 1228 διαμονήν.
3534 1156 3743 1225 Γέγραο

2159 1277 2292 1313 πται
2326 1259 2458 1329 γὰρ,
2501 1259 2585 1311 ὅτι
2634 1276 2653 1309 ι
2688 1254 2892 1323 Κύριος
2939 1250 3237 1315 κατοικίζει
3284 1248 3649 1320 μονοτρόπους
3684 1248 3743 1299 ἂν

2159 1350 2312 1419 οἴκῳ.
2347 1349 2493 1417 Ἔφη
2518 1346 2573 1399 δέ
2603 1362 2705 1398 που
2729 1342 2824 1397 καὶ
2852 1346 2880 1395 6
2913 1343 3197 1403 θεσπέσιος
3239 1340 3467 1400 Ἡσαΐας
3493 1336 3621 1405 περὶ
3647 1335 3742 1389 τοῦ

2158 1437 2436 1507 ἐξαίρετον
2468 1434 2761 1497 ἀσκοῦντος
2800 1432 2942 1503 βίον*
2984 1451 3003 1482 ι
3041 1431 3409 1502 Πορευόμενος
3452 1431 3512 1481 ὲν
3548 1428 3744 1481 δικαιο·

2163 1528 2317 1598 σύνῃ,
2364 1527 2537 1597 μισῶν
2602 1526 2834 1594 ἀνομίαν
2872 1526 2967 1578 καὶ
3008 1524 3242 1586 ἀδικίαν,
3286 1522 3382 1573 καὶ
3412 1520 3509 1584 τάς
3554 1521 3743 1589 χεῖρας

2160 1619 2499 1689 ἀπεχόμενος
2546 1617 2655 1670 ἀπὸ
2691 1616 2898 1687 δώρων.
2948 1614 3205 1684 Βαρύνων
3248 1612 3315 1665 τά
3359 1607 3495 1674 ὦτα,
3544 1611 3630 1663 ἶνα
3668 1609 3744 1678 μὴ

2160 1709 2371 1779 ἀκούσῃ
2402 1708 2583 1778 κρίσιν
2631 1707 2881 1775 αἵματος,
2914 1705 3009 1758 καὶ
3063 1703 3213 1774 μύων
3244 1704 3370 1763 τοὺς
3407 1699 3741 1770 ὀφθαλμοὺς,

486 1831 595 1871 rem
634 1814 782 1871 onmi
841 1810 1197 1866 admiratione
1223 1806 1437 1872 dignam
1458 1814 1642 1858 censet
1664 1812 1720 1856 et
1742 1801 1930 1856 beatus
1957 1802 2058 1852 Da-

2173 1804 2251 1855 ίνα
2284 1778 2367 1871 μὴν
2388 1802 2471 1870 ἴδῃ
2493 1799 2727 1863 ἀδικίαν,
2762 1791 2915 1869 οὗτος
2940 1797 3150 1866 οἰκήσει
3190 1798 3248 1846 ὲν
3280 1792 3469 1863 ὑψηλῷ
3498 1791 3745 1862 σπηλαίῳ

486 1907 596 1971 vid,
624 1906 702 1961 sic
732 1903 1110 1958 universorum
1142 1896 1480 1949 Salvatorem
1512 1891 1825 1959 alloquens:
1865 1908 1882 1940 ι
1910 1890 2057 1944 Beati

483 1998 575 2068 qui
610 1995 854 2050 habitant
885 1992 939 2045 in
967 1990 1125 2045 domo
1155 1995 1267 2050 tua,
1291 1985 1349 2039 in
1381 1982 1575 2039 saecula
1598 1981 1916 2037 anicularum
1942 1982 2058 2034 lau-

486 2088 689 2142 dabunt
724 2096 774 2140 te
797 2085 861 2137 “.
904 2100 920 2133 ι

2165 1892 2372 1961 πέτρας
2418 1891 2641 1960 ὀχυρᾶς.
2677 1908 2695 1939 ι
2740 1888 2853 1941 Οὐκ
2897 1886 3158 1939 ἀπίθανον
3188 1886 3244 1938 δὲ
3291 1885 3385 1938 καὶ
3416 1879 3565 1936 οἶκον
3604 1882 3749 1935 δεδό-

2166 1981 2289 2033 σθαι
2322 1981 2500 2048 λέγειν
2551 1979 2703 2051 παρά
2737 1978 2868 2032 Θεοῦ
2902 1981 3014 2040 τοῖς
3044 1976 3219 2044 ἁγίοις
3261 1974 3361 2045 τὴν
3398 1973 3745 2043 Ἐκκλησίαν,

2165 2073 2331 2142 ἤγουν
2375 2071 2473 2135 τὰς
2506 2071 2618 2124 ἀνω
2671 2071 2869 2141 μονάς·
2904 2070 2997 2123 καὶ
3037 2070 3100 2140 δὴ
3148 2071 3242 2123 καὶ
3284 2068 3483 2130 παντὸς
3515 2066 3658 2130 ἀξιοῖ
3686 2062 3749 2117 τὸ

487 2180 678 2251 χρῆμα
704 2177 976 2247 θαύματος
1003 2176 1032 2227 6
1064 2172 1328 2243 μακάριος
1356 2169 1539 2235 Δαὸὶδ,
1565 2168 1706 2222 οὓτω
1764 2169 1939 2235 λέγων
1961 2167 2096 2237 πρὸς
2133 2167 2226 2219 τὸν
2258 2167 2395 2221 ὅλων
2442 2166 2668 2237 Σωτῆρα
2725 2168 2818 2220 καὶ
2892 2166 3023 2221 Θεόν
3044 2180 3055 2192 ⁸
3091 2184 3108 2215 ι
3147 2165 3424 2234 Μακάριοι
3472 2164 3521 2216 οἱ
3568 2177 3747 2215 κατοιο

488 2271 711 2333 κοῦντες
738 2272 793 2322 ὲν
822 2269 898 2339 τῷ
922 2267 1057 2337 οἴκῳ
1092 2283 1208 2329 σου,
1240 2268 1318 2328 είς
1339 2265 1465 2328 τοὺς
1493 2265 1694 2327 αἰῶνας
1722 2265 1831 2317 τῶν
1858 2264 2067 2317 αἰώνων
2104 2262 2377 2317 αίνέσουσί
2402 2279 2480 2315 σε.
2519 2281 2536 2312 ι

566 2360 803 2413 \‘Ens.7.
854 2359 921 2412 Et
979 2368 1126 2411 erunt
1185 2357 1624 2426 quemadmodum
1689 2356 1902 2423 quando
1960 2370 2064 2407 non

492 2452 785 2521 abjereram
827 2464 936 2512 eos,
983 2449 1108 2517 quia
1184 2464 1276 2517 ego
1349 2446 1603 2499 Dominus
1675 2445 1811 2499 Deus
1862 2460 2062 2508 eorum,

492 2554 538 2597 ct
568 2540 846 2595 exaudiant
872 2555 981 2603 eos,
998 2548 1043 2593 et
1067 2548 1220 2592 erunt
1248 2538 1399 2607 quasi
1424 2545 1740 2607 pugnatam
1770 2535 2047 2603 Ephraim.

568 2717 732 2775 LXX.
766 2716 1017 2773 Confusis
1046 2716 1268 2771 Graecia:
1294 2713 1648 2784 sapientibus,
1684 2712 1777 2782 qui
1831 2721 1886 2767 ct
1917 2712 2068 2781 equi-

494 2822 577 2867 tes
611 2810 858 2877 appellati
906 2818 1050 2874 sunt,
1081 2808 1513 2865 confortatnrum
1547 2819 1669 2861 sese
1694 2806 1981 2874 promittit,
2012 2813 2068 2858 et

498 2903 830 2956 habitatione
882 2902 1203 2955 donaturum
1263 2898 1635 2951 misericordia
1688 2897 1937 2967 gavisos,
1974 2898 2068 2950 atl-

498 2999 651 3053 dens,
685 3014 702 3044 ι
752 2993 886 3059 Quia
923 2991 1088 3045 dilexi
1114 3005 1230 3045 eos.
1269 3009 1288 3041 ι
1319 2988 1387 3043 Ει
1445 2990 1575 3059 quid
1605 2989 1950 3043 etmlnmenti
2001 3005 2067 3042 ex
2096 2958 2139 3016 θ

496 3100 562 3141 eo
594 3082 896 3154 percepturi
930 3082 1062 3141 sint.
1094 3080 1234 3149 quod
1262 3095 1294 3135 a
1318 3080 1425 3134 Deo
1449 3080 1630 3134 dilecti
1662 3080 1792 3141 sint,
1828 3094 2068 3147 sequen-

500 3177 640 3229 tibus
668 3174 922 3243 explanat
958 3189 971 3224 :
1010 3172 1173 3243 750
1208 3189 1227 3222 t
1252 3170 1425 3235 Sicut,
1456 3171 1651 3239 inquit,
1677 3185 1800 3225 cum
1833 3185 1936 3224 non
1972 3171 2070 3224 ab-

492 3267 728 3333 iecerant
759 3280 871 3318 eos.
906 3283 924 3315 ι
954 3263 1069 3317 Non
1103 3263 1249 3315 enim
1284 3276 1380 3316 ens
1407 3262 1623 3330 penitus
1682 3262 1914 3333 neglexi,
1979 3260 2072 3314 sed

500 3358 736 3420 visitavi,
769 3358 932 3411 etiam
998 3354 1254 3424 periculis
1287 3352 1681 3418 conﬂictantcs,
1755 3371 1773 3403 ι
1810 3353 1944 3418 Quia
1971 3368 2072 3421 ego

501 3448 759 3503 Dominus
794 3449 932 3501 Dens
975 3447 1237 3514 ipsorum,
1277 3464 1296 3497 ι
1324 3448 1427 3501 ltoc
1451 3454 1534 3500 est
1586 3452 1773 3500 eorum
1805 3444 2075 3513 supplices

503 3534 690 3608 p'rcccs
769 3539 1078 3602 exaudiam,
1143 3555 1162 3587 ι
1226 3546 1279 3592 et
1350 3549 1512 3592 erunt
1603 3544 1662 3591 ut
1748 3547 2077 3606 pugnaturos

504 3628 781 3694 lipbraint.
818 3646 836 3678 ι
865 3628 940 3681 Ac
968 3626 1013 3682 si
1051 3640 1264 3680 rursum
1287 3624 1452 3690 dicat,
1477 3624 1763 3694 aliquando
1797 3640 1890 3693 per
1909 3625 2075 3679 animi

500 3734 553 3775 et
586 3726 779 3775 tuentis
809 3721 1227 3777 imbecillitatem
1255 3720 1398 3774 velut
1421 3718 1672 3775 dissoluti
1723 3728 1777 3771 et
1830 3719 2077 3785 jacentes

501 3811 698 3877 eojam
728 3811 1056 3866 fortitudinis
1097 3809 1394 3878 spiritualis
1416 3806 1858 3877 progredientur,
1903 3815 1961 3858 nt
2010 3804 2078 3859 de

460 3892 696 3956 ‘caetero
731 3901 1098 3969 Epltraimitis,
1132 3914 1360 3967 quorum
1409 3912 1605 3951 nomen
1656 3898 1708 3951 in
1768 3896 1923 3950 laude
1969 3905 2076 3960 est,

500 3992 735 4060 wquales
766 3991 1070 4053 videantur,
1135 3990 1237 4043 hoc
1289 3996 1373 4041 est
1423 3988 1489 4041 de
1541 4002 1739 4056 genere
1772 3984 2078 4041 Judaeorutn

501 4080 782 4151 apostolis,
806 4088 859 4131 ct
880 4076 1245 4145 evangelistis.
1273 4077 1338 4131 lli
1366 4077 1510 4131 enim
1532 4076 1817 4133 bellatores
1844 4077 2078 4141 fuerunt,

506 4172 865 4241 intelligentiae
888 4184 990 4223 non
1019 4170 1199 4223 sensui
1253 4175 1519 4239 patentes,
1557 4178 1930 4241 oppugnantes
1978 4170 2081 4225 ini-

508 4265 699 4327 micos,
723 4261 976 4316 ferientes
1003 4260 1366 4327 adversarios,
1393 4271 1448 4314 et
1513 4262 1788 4318 vincentes
1822 4279 1841 4314 ι
1875 4261 2080 4331 princi-

2108 4306 2155 4361 D

2236 2354 2347 2409 Kal
2375 2354 2544 2407 ἔσται
2585 2353 2657 2406 ὃν
2701 2353 2924 2419 τρόπον
2962 2353 3071 2405 οὐκ
3127 2349 3599 2419 ἀπεστρεψὰμην
3640 2349 3747 2404 αὐ-

2166 2445 2331 2510 τοὺς,
2381 2446 2529 2499 διότι
2578 2445 2691 2514 ἐγὼ
2718 2446 2930 2511 Κύριος
2974 2447 3006 2496 ό
3051 2444 3193 2507 Θεὸς
3246 2440 3464 2505 αὐτῶν,
3495 2440 3593 2494 καί
3641 2440 3748 2493 ἐπ·-

2167 2538 2501 2607 ακούσομαι
2549 2534 2765 2600 αὐτῶν,
2794 2534 2894 2588 καί
2939 2533 3185 2587 ἔσονται
3230 2533 3310 2597 ὡς
3346 2528 3609 2601 μαχηταί
3643 2529 3748 2582 τοῦ

2187 2630 2451 2698 Ἐφραΐμ.

2246 2725 2322 2775 0’.
2352 2718 2841 2790 Κατησχυμμένων
2870 2716 2980 2770 τῶν
3018 2716 3145 2786 παρ’
3174 2714 3401 2784 Ἕλλησι
3423 2713 3515 2765 κα¹ι
3548 2712 3749 2782 σοφῶν.

2172 2814 2222 2866 οἳ
2254 2812 2347 2865 καὶ
2375 2813 2559 2872 ἱππεῖς
2590 2808 3003 2879 ὠνομάσθησαν,
3032 2805 3380 2876 κατισχύσειν
3411 2803 3749 2872 ἐπαγγέλλει

2172 2922 2284 2967 ται,
2328 2902 2421 2955 καὶ
2468 2900 2800 2954 κατοικίσειν
2846 2900 2973 2962 τοὺς
3027 2895 3399 2968 ἢλεημένους,
3447 2894 3746 2963 ἐπιφέρων,

2179 3013 2196 3044 ι
2234 2994 2357 3045 ’Ότι
2410 2992 2673 3059 ἠγάπηκα
2720 2988 2932 3051 αὐτούς.
2977 3005 2995 3038 ι
3042 2988 3152 3040 Καὶ
3195 2986 3247 3038 τί
3294 2982 3645 3054 κερδανοῦσιν
3689 2982 3754 3033 ἐκ

2171 3086 2263 3141 τοῦ
2313 3084 2627 3155 ὴγαπῆσθαι
2682 3082 2830 3153 παρά
2880 3080 3050 3144 Θεοῦ,
3106 3078 3522 3150 διερμηνεύεται
3569 3076 3751 3139 πάλιν,

2178 3198 2197 3228 ι
2235 3177 2465 3246 Ὠσπερ,
2510 3175 2697 3243 φησιν,
2732 3175 2818 3227 ὅτε
2856 3174 2955 3225 οὐκ
2997 3170 3425 3241 ἀπεστρεψάμην
3467 3167 3687 3231 αὐτούς.
3728 3189 3745 3217 ι

2174 3271 2249 3321 υύ
2274 3269 2379 3340 γὰρ
2414 3268 2683 3337 περιεῖδον
2710 3268 2787 3329 είς
2812 3267 2979 3329 ἀπαν,
3004 3263 3393 3333 ἐπεσκεψάμην
3416 3261 3472 3315 δὲ
3505 3260 3753 3313 κεκινδυ-

2174 3361 2455 3423 νευκότας,
2487 3359 2619 3411 διότι
2658 3356 2765 3425 ἐγὼ
2812 3356 3013 3427 Κύριος
3038 3359 3065 3408 ὁ
3089 3356 3220 3419 Θεὸς
3256 3352 3456 3416 αὐτῶν,
3510 3352 3757 3405 τουτέστι

2178 3453 2476 3520 ποιήσομαι
2505 3448 2696 3511 δεκτάς
2724 3448 2821 3509 τὰς
2852 3445 2981 3516 παρ’
3019 3445 3196 3497 αὐτῶν
3223 3444 3393 3507 λιτὰς,
3421 3442 3514 3495 καὶ
3545 3442 3759 3494 ἔσονται

2179 3543 2254 3604 ὼς
2295 3541 2535 3609 μαχηταὶ
2563 3537 2655 3591 τοῦ
2700 3537 2957 3607 Ἑφραῖμ.
2994 3555 3012 3587 ι
3045 3537 3269 3605 Ὅμοιον
3304 3534 3379 3597 ὼς
3400 3536 3447 3585 εί
3478 3532 3627 3600 λέγοι
3653 3532 3758 3585 πά-

2179 3632 2291 3684 λιν·
2333 3630 2385 3681 οἵ
2436 3644 2567 3680 ποτε
2619 3626 2709 3679 διὰ
2742 3626 2834 3679 νοῦ
2875 3626 2972 3680 καλ⁸
3022 3625 3217 3696 φρενὸς
3263 3625 3547 3678 ἀσθένειαν
3596 3624 3759 3675 οἱονεὶ

2180 3719 2503 3790 παρειμένοι
2528 3735 2586 3770 τε
2611 3718 2703 3771 καὶ
2735 3716 2996 3787 κείμενοι,
3027 3715 3207 3786 ἰσχύος
3237 3714 3316 3778 είς
3350 3716 3507 3767 τοῦτο
3534 3714 3633 3783 ἤδη
3660 3712 3759 3781 τῆς

2181 3811 2556 3881 πνευματικῆς
2587 3809 2964 3879 ένεχθήσονται
2995 3808 3068 3869 ὼς
3091 3807 3193 3878 ἠδη
3216 3824 3331 3869 πως
3357 3809 3413 3858 ἐν
3442 3806 3540 3876 ἴσῳ
3564 3803 3761 3873 τετάχ-

2180 3907 2271 3959 θαι
2304 3904 2479 3957 δοκεῖν
2535 3905 2644 3965 τοῖς
2674 3902 2732 3967 ἐξ
2776 3900 3014 3971 Ἐφραῒμ
3047 3899 3473 3970 ηύδοκιμηκόσι,
3510 3897 3759 3950 τουτέστι

2178 3998 2294 4057 τοῖς
2320 3993 2378 4058 ἐξ
2424 3991 2689 4045 Ἰουδαίων
2737 3991 3054 4053 ἀποστόλοις
3095 4007 3154 4042 τε
3198 3988 3293 4042 καλ⁸
3321 3988 3756 4056 εὑαγγελισταῖς.

2182 4084 2439 4155 Μαχηταὶ
2468 4082 2574 4152 γὰρ
2600 4082 2647 4135 οἱ
2676 4082 2865 4135 τοιοίδε
2897 4081 3153 4149 γεγόνασι
3194 4080 3393 4149 νοητοὶ,
3431 4076 3761 4131 καταθλοῦν-

2181 4192 2274 4238 τες
2307 4173 2535 4244 ἐχθρῶν,
2567 4172 2851 4243 βάλλοντες
2887 4173 3013 4235 τοὺς
3046 4170 3417 4233 ὑπεναντίους,
3443 4169 3536 4222 καὶ
3562 4167 3760 4221 νικῶν-

2182 4284 2273 4329 τες
2297 4265 2396 4335 μὲν
2426 4284 2445 4315 ι
2479 4264 2675 4334 ἀρχάς,
2700 4264 2959 4334 δυνάμεις
2985 4280 3042 4316 τε
3071 4264 3163 4315 καὶ
3189 4261 3539 4332 κυριότητας,
3568 4260 3660 4315 καὶ
3692 4259 3761 4312 τὰ

508 4364 686 4424 palus,
719 4360 1033 4422 potestates,
1086 4359 1141 4407 et
1203 4352 1621 4419 dominationes,
1674 4361 1731 4408 et
1778 4352 2070 4423 spiritualia

2185 4355 2525 4425 πνευματικά
2570 4354 2670 4424 τῆς
2714 4355 2997 4424 πονηρίας,
3034 4372 3051 4403 ι
3092 4351 3423 4422 κρατοῦντες
3462 4351 3518 4406 δὲ
3554 4352 3760 4422 ἀμαχεὶ

506 4445 757 4514 nequitia
781 4445 846 4509 δ’,
887 4463 905 4495 ι
940 4450 994 4498 et
1026 4457 1193 4499 sacras
1216 4443 1617 4511 praedicationis
1642 4443 1981 4500 adversarios
2002 4445 2085 4498 ci—

508 4546 589 4590 tra
624 4548 855 4604 pugnant
892 4543 1230 4601 superantes.
1255 4534 1497 4589 Fuerunt
1527 4536 1655 4589 item
1706 4549 1771 4587 ex
1842 4536 2085 4604 gentium

506 4625 715 4696 populis
745 4624 913 4677 vocati
934 4639 1029 4693 per
1060 4625 1215 4679 fidem
1239 4626 1305 4677 ad
1356 4623 1687 4693 agnitionem
1737 4623 1940 4678 Christi
1982 4625 2085 4679 viri

508 4717 706 4781 sancti,
737 4724 792 4769 et
831 4715 1021 4785 spiritu
1073 4714 1166 4770 Dei
1217 4714 1381 4785 pleni,
1427 4725 1479 4768 et
1516 4726 1769 4783 tanquam
1799 4714 2086 4770 bellatores

507 4805 784 4877 Ephraim.
807 4805 1100 4861 Bellatores
1127 4804 1269 4859 enim
1299 4804 1511 4857 fuerunt
1542 4820 1557 4857 :
1589 4818 1689 4871 pro
1704 4803 1904 4857 viribus
1928 4818 2081 4857 nam—

507 4913 612 4968 que
642 4897 1004 4968 apostolorum
1054 4896 1263 4949 vivendi
1329 4909 1516 4965 genus,
1560 4896 1881 4963 illorumque
1910 4896 2082 4948 virtu-

510 5000 613 5043 tem
642 4989 829 5043 iisdem
864 4988 1105 5055 vestigiis
1134 4986 1432 5041 inccdendu
1452 4985 1793 5048 :emulantes,
1825 4986 1925 5052 ipsi
1952 5001 2083 5053 quo-

508 5094 612 5147 que
648 5079 909 5148 intrepide
927 5088 1115 5131 contra
1154 5076 1405 5129 veritatis
1458 5075 1726 5143 inimicos,
1785 5083 2083 5145 contraque

509 5168 637 5221 vitia
673 5177 725 5221 et
752 5174 973 5235 peccata
1007 5167 1372 5218 decertarunt.

582 5258 649 5310 Et
680 5257 947 5310 la‘tabilur
963 5271 1051 5309 cor
1074 5272 1250 5308 eorum
1271 5257 1419 5324 quasi
1448 5259 1499 5309 in
1528 5257 1663 5319 riuo,
1693 5267 1740 5309 et
1767 5254 1868 5322 ﬁlii
1900 5271 2082 5309 eorum

516 5349 776 5414 ridebunt,
802 5360 847 5402 ct
880 5349 1220 5415 lit-labuntur,
1244 5361 1290 5401 et
1316 5350 1560 5420 gaudebit
1581 5365 1669 5401 cor
1689 5364 1869 5402 eorum
1904 5349 1959 5401 in
1981 5347 2082 5401 Do-

512 5442 673 5494 mina.

596 5699 811 5756 “Rom.
844 5717 906 5769 ιι,
938 5702 1007 5756 9-5
1037 5717 1189 5770 seqq.
1307 5702 1347 5735 "
1377 5701 1513 5755 Psal.
1546 5717 1673 5764 CUI,
1706 5701 1758 5755 9.

1859 5702 2021 5755 "lsa.
2061 5717 2248 5767 sntit,
2291 5703 2373 5768 l5,
2417 5705 2494 5757 l6.

2181 4448 2288 4500 τῶν
2322 4445 2733 4516 ἀνθεστηκότων
2764 4447 2877 4506 τοῖς
2916 4443 3082 4506 ὁσίοις
3118 4442 3456 4514 κηρύγμασι.
3497 4442 3757 4509 Γεγόνασι

2180 4538 2237 4592 δὲ
2280 4538 2374 4591 καὶ
2418 4540 2483 4591 ἐκ
2524 4536 2621 4607 τῆς
2672 4533 2779 4587 τῶν
2814 4534 2982 4586 ὲθνῶν
3028 4532 3265 4602 πληθύος
3317 4533 3643 4603 κεκλημένοι
3673 4531 3757 4584 διά

2184 4630 2417 4691 πίστεως
2447 4630 2525 4690 είς
2560 4626 2853 4694 ἐπίγνωσιν
2876 4625 2969 4677 τοῦ
2993 4624 3249 4693 Χριστοῦ,
3282 4624 3473 4691 ἄνδρες
3500 4625 3640 4690 ἆγιοι
3666 4623 3758 4674 καὶ

2185 4717 2641 4787 πνευματοιρόροι,
2680 4716 2772 4767 καὶ
2801 4715 2875 4775 ὡς
2922 4715 3161 4783 μαχηταὶ
3190 4713 3283 4765 τοῦ
3337 4714 3595 4783 Ἐφρατμ.
3636 4713 3757 4764 Μα-

2183 4808 2346 4879 χηταὶ
2375 4807 2481 4876 γάρ
2504 4807 2758 4874 γεγόνασι
2780 4820 2793 4834 °
2820 4804 2960 4857 κατά
2993 4788 3100 4873 γάρ
3131 4804 3190 4855 τὸ
3219 4802 3495 4874 ἐγχωροῦν
3523 4804 3620 4874 τὴν
3652 4802 3759 4853 τῶν

2183 4898 2493 4951 ἀποστόλων
2521 4897 2814 4957 πολιτείαν,
2853 4896 2946 4948 καὶ
2973 4895 3070 4964 τὴν
3101 4894 3323 4947 ἐκείνων
3354 4893 3759 4965 ίχνηλατοῦντες

2184 4988 2382 5057 ἀρετὴν
2405 4987 2825 5057 κατηνδρίσαντο
2854 4986 2950 5037 καὶ
2981 4986 3154 5049 αὐτοὶ,
3184 4985 3326 5038 κατὰ
3358 4985 3467 5039 τῶν
3498 4988 3596 5055 τῆς
3626 4985 3759 5055 ἀλη-

2185 5080 2333 5142 θείας
2371 5077 2603 5149 ὲχθρῶν,
2642 5078 2736 5131 καὶ
2775 5076 2985 5143 παθῶν,
3017 5075 3109 5129 καὶ
3147 5076 3443 5146 ἁμαρτίας.

2252 5253 2362 5307 Καὶ
2401 5252 2728 5322 χαρήσεται
2772 5256 2810 5321 ή
2856 5256 3067 5327 καρδία
3100 5254 3298 5311 αὐτῶν
3349 5256 3429 5320 ὡς
3479 5254 3548 5309 ἐν
3596 5254 3759 5317 οϊνῳ,

2184 5349 2281 5402 καί
2322 5348 2395 5401 τὰ
2450 5347 2633 5400 τέκνα
2685 5347 2883 5402 αὐτῶν
2938 5350 3210 5416 ὄψονται,
3266 5349 3365 5402 καὶ
3427 5347 3762 5416 εὐφρανθή-

2185 5450 2417 5497 σονται,
2476 5436 2573 5488 καὶ
2626 5435 2911 5505 χαριεῖται
2958 5436 2997 5501 ἠ
3046 5435 3259 5504 καρδία
3305 5433 3502 5489 αὐτῶν
3553 5434 3647 5486 ἐπ)
3689 5436 3769 5493 τῳ

2188 5529 2253 5578 K:
2264 5544 2293 5592 ’ί
2302 5527 2380 5591 ’ίῳ
2387 5565 2398 5578 .
3320 5538 3323 5541 ’

2588 5705 2627 5735 ⁵¹
2656 5702 2799 5758 Psal.
2834 5719 3059 5769 mutu,
3098 5705 3151 5759 5.
3265 5706 3309 5737 “
3336 5704 3534 5773 prcs.
3565 5718 3638 5771 Vt,
3678 5702 3755 5756 l2.
