4026 6276
277 416 372 472 169

1083 414 1640 474 COMMENTARIUS
1681 416 1746 471 ΙΝ
1789 415 2194 472 ZACIIARIAM
2233 417 2676 474 l‘RUPllETAM.

3423 419 3524 475 ΠΟ

342 529 467 582 OA'.
505 526 624 580 Τῶν
672 521 809 579 οἶνον
858 526 1260 581 ἐκπεπτωκότων
1303 529 1538 600 ὲκμελὴς
1595 530 1680 584 ἀεί
1729 529 1846 594 πώς

2018 529 2203 584 LXXI.
2237 529 2433 585 Eorum
2459 531 2550 598 qui
2575 528 2755 582 vinum
2818 529 3068 583 biberunt
3121 546 3272 587 meus
3311 546 3524 600 semper

272 623 422 674 ἐστιν
451 622 478 672 ὁ
502 616 642 680 νοῦς,
690 615 780 669 καὶ
828 616 1104 685 φροντίδος
1146 622 1582 692 καταφρονητὴς.
1618 621 1844 690 Προσίε-

272 729 363 764 ται
397 709 503 780 γὰρ
535 709 651 777 ουχὶ
683 706 744 760 τὸ
774 707 1108 762 καταλυπεῖν
1156 709 1366 776 εἰωθὸς,
1400 713 1606 765 ἀνεῖται
1653 712 1710 766 δὲ
1738 713 1848 766 ὥσ-

276 818 400 872 περ,
433 801 524 852 καὶ
558 799 828 870 μερίμνης
867 801 1086 871 ἀπάσης
1107 801 1531 872 ,κατευμεγεθεῖ.
1560 804 1622 856 Εί
1671 803 1850 856 τοίνυν

275 892 533 960 γένοιντο,
562 890 745 961 φησιν,
777 890 854 954 ὼς
911 894 1162 966 μαχηταὶ,
1181 892 1277 946 τοῦ
1321 893 1581 964 Ἐφραὶμ,
1611 893 1734 947 τότε
1762 893 1846 963 δὴ,

273 983 392 1035 τότε
422 982 510 1035 καὶ
535 982 631 1054 τὴν
667 982 757 1036 ἐπί
792 983 857 1051 γέ
903 1000 1084 1053 σφισιν
1122 984 1304 1049 αὐτοῖς
1344 983 1666 1049 εἰσδέξονται
1721 984 1853 1054 θυμ·

273 1075 424 1142 ηδίαν
445 1113 459 1136 ,
504 1074 580 1137 ὡς
609 1075 666 1127 δὲ
698 1074 946 1148 λαμπροὶ
987 1077 1082 1130 καὶ
1117 1077 1393 1147 εὐδόκιμοι
1421 1081 1485 1148 τῇ
1512 1077 1622 1128 τῶν
1660 1076 1852 1145 ἐσομέ-

272 1185 378 1221 νων
400 1167 624 1234 ἀγαθῶν
651 1167 824 1220 ὲλπίδι
855 1169 1446 1240 κατευφρανθήσονται,
1477 1170 1570 1222 καὶ
1592 1170 1688 1239 τῆς
1711 1167 1854 1234 ἐξαι-

271 1261 432 1331 ρέτου
461 1259 742 1323 πολιτείας
787 1260 967 1326 ἕξουσι
1001 1260 1266 1331 μιμητὰς,
1303 1259 1430 1323 τοὺς
1459 1259 1517 1324 ἐξ
1557 1261 1742 1324 αὐτῶν
1766 1276 1859 1328 γε-

269 1352 504 1419 γονότας
539 1352 710 1418 υἱοὺς,
754 1354 1155 1422 πνευματικοὺς
1196 1351 1456 1422 δηλονότι.
1499 1350 1748 1415 Τοιοῦτος
1789 1346 1857 1421 ἦν

272 1448 371 1498 καὶ
401 1445 429 1495 ό
459 1444 746 1506 θεσπέσιος
785 1444 1011 1507 Παῦλος,
1040 1447 1151 1506 τοῖς
1183 1444 1250 1496 δι’
1283 1442 1449 1495 αὐτοῦ
1499 1442 1856 1513 κεκλημένοις

273 1535 606 1588 ἐπιστέλλων
633 1553 690 1587 τε
724 1536 816 1587 καὶ
859 1534 1058 1602 λέγων·
1097 1553 1115 1586 ι
1154 1533 1271 1587 Κᾶν
1318 1534 1544 1605 μυρίους
1582 1533 1857 1601 παιδαγω-

272 1629 406 1693 γοὺς
434 1626 596 1696 ἒχητε
625 1628 682 1678 ἐν
714 1623 954 1694 Χριστῷ,
985 1623 1100 1677 ἀλλ’
1122 1623 1182 1675 οὺ
1211 1621 1438 1685 πολλοὺς
1467 1622 1729 1692 πατέρας.
1769 1621 1855 1674 Ἐν

275 1718 386 1787 γὰρ
419 1714 639 1786 Χριστῷ
685 1714 860 1784 Ἰησοῦ
906 1713 994 1767 διὰ
1039 1713 1134 1767 τοῦ
1180 1713 1513 1783 Εὐαγγελίου
1562 1712 1673 1782 ἐγὼ
1713 1713 1858 1783 ὑμᾶς

275 1808 564 1877 ἐγέννησα.
622 1824 642 1858 ι
694 1804 901 1859 Οὐκοῦν
950 1804 1018 1858 τὰ
1069 1805 1130 1872 ἐξ
1178 1804 1358 1858 αὐτῶν
1408 1804 1644 1874 ἐσόμενα
1692 1804 1857 1858 τέκνα

1951 622 2103 690 quasi
2131 625 2450 677 inconcinna
2476 629 2530 675 et
2576 620 2776 676 absona
2835 630 2937 686 est,
2988 623 3240 691 curisque
3292 625 3521 680 salutem

1951 712 2100 766 dicit.
2132 711 2241 766 Nec
2259 713 2400 767 enim
2429 713 2720 782 quidquam
2775 711 3083 768 tristificum
3117 714 3370 780 admittit,
3426 718 3518 768 sed

1951 803 2162 858 laxatur
2207 805 2619 872 quodammodo,
2668 813 2722 858 et
2779 804 3032 859 omnibus
3071 804 3526 860 sollicitudinibus

1951 895 2279 950 dominatur.
2347 897 2404 948 Si
2451 896 2613 962 igitur
2651 894 2872 960 fuerint,
2909 895 3106 965 inquit,
3145 904 3202 947 ut
3229 894 3523 951 bellatores

1957 984 2236 1054 Ephraim,
2263 992 2412 1048 tunc,
2444 994 2571 1039 tunc
2610 984 2776 1038 animi
2804 985 3039 1052 ipsorttm
3067 983 3264 1054 gaudio
3304 982 3524 1049 perfun-

1956 1078 2177 1142 dentur,
2205 1085 2259 1129 et
2299 1085 2358 1131 ut
2388 1075 2628 1132 illustres
2667 1076 2990 1146 probatique
3023 1073 3327 1129 futurorum
3358 1075 3526 1128 b0u0—

1956 1183 2073 1222 rum
2105 1182 2200 1237 spe
2229 1167 2572 1231 laetabuntur,
2601 1177 2654 1220 et
2687 1165 2896 1220 eximia:
2926 1165 3048 1218 vitae
3085 1178 3195 1220 sua:
3227 1164 3528 1218 imitatores

1956 1275 2020 1314 ex
2058 1274 2118 1314 se
2143 1268 2296 1314 natos
2328 1259 2467 1314 tilios
2506 1273 2652 1320 suos,
2687 1257 2993 1326 spirituales
3036 1264 3184 1326 puta,
3230 1255 3523 1310 habebunt.

1958 1347 2106 1403 Talis
2123 1357 2235 1402 erat
2263 1358 2318 1403 et
2355 1348 2572 1402 divinus
2597 1347 2813 1411 Paulus,
2843 1361 2939 1415 per
2959 1361 3019 1402 se
3040 1346 3246 1401 vocatis
3292 1346 3364 1400 ita
3396 1348 3530 1400 scri-

1957 1440 2090 1495 bens
2119 1454 2184 1494 ac
2224 1440 2410 1494 dicens
2443 1457 2456 1492 :
2499 1457 2516 1490 ι
2551 1437 2660 1492 Etsi
2689 1438 2874 1492 decem
2905 1436 3070 1492 millia
3115 1437 3528 1508 paedagogorum

1961 1529 2206 1584 habeatis
2254 1530 2306 1584 in
2355 1529 2590 1590 Christo,
2634 1529 2726 1583 sed
2784 1543 2890 1582 non
2958 1528 3160 1584 multos
3229 1538 3436 1598 patres.
3473 1526 3530 1580 lu

1956 1620 2175 1676 Christo
2191 1622 2332 1676 enim
2362 1620 2488 1676 Jesu
2524 1635 2618 1691 per
2643 1619 2988 1690 Erangelium
3016 1635 3116 1692 ego
3131 1637 3223 1676 vos
3249 1622 3408 1690 genui
3429 1621 3527 1674 ".i

1956 1711 2229 1769 Nascituri
2257 1714 2418 1784 igitur
2437 1729 2502 1768 ex
2565 1713 2668 1769 illis
2703 1714 2792 1768 tilii
2821 1731 2840 1766 ι
2876 1713 3129 1768 videbunt
3184 1721 3239 1766 et
3284 1712 3536 1766 laetabun-

1963 1816 2070 1861 tur.
2104 1825 2123 1858 ι
2147 1803 2283 1860 Nam
2318 1805 2580 1875 progeniti
2610 1806 2661 1858 in
2701 1804 3143 1860 meditationibus
3169 1819 3350 1858 rermu
3371 1804 3526 1858 Chri-

282 1918 300 1949 ‹
344 1897 562 1968 ὄψονται
613 1897 708 1952 καὶ
758 1896 1246 1968 εὐφρανθήσονται.
1303 1915 1321 1948 ι
1361 1895 1627 1964 Γεγονότα
1655 1895 1763 1967 γὰρ
1806 1897 1862 1949 ἐν

1966 1896 2055 1959 sti,
2092 1904 2145 1949 et
2173 1897 2371 1950 virtute
2418 1895 2657 1964 mysterii
2711 1904 2985 1964 percepta,
3058 1904 3113 1949 et
3161 1893 3536 1964 largitionibus

277 1991 534 2062 θεωρίαις
573 1993 694 2053 ταῖς
742 1990 837 2042 ἐπὶ
878 1988 1118 2059 Χριστῷ,
1165 1989 1257 2042 καὶ
1285 1988 1379 2042 τοῦ
1426 1989 1728 2060 μυστηρίου
1757 1987 1855 2060 τὴν

277 2081 508 2151 δύναμιν
534 2079 984 2151 ἐκμεμαθηκότα,
1010 2080 1103 2131 καὶ
1125 2081 1244 2155 ταῖς
1270 2077 1362 2131 τοῦ
1386 2077 1524 2131 Πνεύ
1534 2096 1702 2147 ματος
1732 2095 1856 2148 χορ-

277 2173 463 2241 ηγίαις
505 2169 913 2240 πεφωτισμένα,
946 2169 1212 2240 πράξουσι
1259 2167 1466 2234 δεξιῶς,
1494 2169 1589 2222 καὶ
1640 2170 1738 2241 τὴν
1769 2170 1854 2222 ἐπ’

277 2261 428 2332 αὐτῷ
449 2260 526 2330 τῷ
564 2261 776 2331 Σωτῆρι
808 2259 1030 2331 Χριστῷ
1078 2259 1344 2330 θυμηδίαν
1391 2260 1738 2324 είσδέξονται,
1764 2262 1857 2314 καὶ

280 2354 444 2405 αὑτὸν
488 2353 802 2422 ποιήσονται
860 2352 1036 2422 χαράν
1065 2369 1124 2404 τε
1172 2351 1265 2404 καὶ
1317 2352 1527 2423 τέρψιν,
1563 2352 1659 2405 καὶ
1689 2352 1857 2421 ἀγαλ-

277 2445 457 2498 λίασιν
509 2444 685 2514 ψυχῆς
733 2444 828 2496 καὶ
865 2443 1110 2514 καρδίας.
1164 2442 1379 2496 Γένοιτο
1403 2443 1448 2495 δ’
1485 2443 1551 2496 ἂν
1581 2443 1858 2496 καὶτοῦτο

279 2536 458 2607 σαφὴς
509 2534 779 2601 ἀπόδειξις
810 2534 903 2587 τοῦ
952 2535 1050 2605 ζῇν
1079 2533 1292 2588 ἑλέσθαι
1341 2533 1624 2603 θεοφιλῶς.
1658 2536 1720 2588 Οἱ
1759 2536 1857 2604 μὲν

277 2629 387 2697 γὰρ
415 2630 525 2690 τοῖς
576 2630 631 2681 ἐν
677 2627 866 2697 κόσμῳ
916 2627 1200 2700 πράγμασι
1236 2626 1335 2696 τῆς
1375 2626 1584 2680 ἑαυτῶν
1623 2627 1857 2696 διανοίας

278 2721 643 2790 ἀπονέμοντες
660 2720 758 2792 τὴν
781 2722 973 2792 ῥοπὴν,
994 2721 1088 2773 καὶ
1109 2720 1422 2783 νενευκότες
1440 2721 1520 2782 είς
1538 2719 1607 2772 τὰ
1635 2720 1854 2790 αἰσχίω,

277 2815 560 2886 χαίρουσιν
614 2793 701 2866 ἐπ’
744 2814 949 2877 αὐτοῖς,
1001 2812 1098 2867 καὶ
1149 2812 1418 2884 θυμηδίαν
1474 2813 1752 2866 ποιοῦνται
1797 2810 1859 2864 τὸ

280 2908 492 2976 χρῆμα,
533 2905 625 2956 καὶ
653 2903 951 2974 γεγήθασιν
985 2903 1075 2954 ἐπὶ
1107 2901 1305 2972 σαρκὸς
1336 2902 1568 2973 ἡδοναῖς,
1619 2901 1712 2954 καὶ
1737 2902 1858 2965 ταῖς

278 2996 495 3068 ἑτέραις
520 2995 612 3048 τοῦ
638 2995 903 3064 παρόντος
928 2993 1040 3063 βίου
1063 2995 1292 3062 τρυφαῖς
1314 2993 1654 3063 ὲνσπαταλᾷν
1675 2991 1858 3046 εἰωθό-

277 3105 392 3150 τες,
427 3087 607 3154 ὀλίγου
658 3086 934 3149 παντελῶς
973 3085 1182 3151 ἀξιοῦσι
1229 3086 1388 3154 λόγου
1422 3085 1491 3138 τὰ
1525 3085 1675 3156 παρὰ
1717 3085 1855 3155 Θεῷ.

279 3179 344 3232 Οἱ
375 3179 432 3230 δὲ
478 3178 536 3242 ἐξ
584 3177 712 3247 ὅλης
752 3176 976 3245 καρδίας
1032 3176 1320 3246 ζητοῦντες
1366 3176 1556 3250 αὑτὸν,
1607 3176 1702 3228 καὶ
1737 3177 1858 3238 ταῖς

1956 1989 2192 2058 Spiritus
2215 1987 2525 2052 illuminati,
2549 1987 2780 2042 feliciter
2812 1987 3110 2053 habebunt,
3143 1995 3198 2042 et
3222 2002 3343 2058 quae
3363 1998 3449 2042 est
3481 1988 3533 2042 in

1955 2079 2169 2137 Christo
2198 2079 2906 2150 Salvatore,jucunditatem
2941 2079 3213 2145 haurienl,
3249 2078 3536 2149 ipsumque

1955 2172 2233 2241 gaudium,
2271 2171 2429 2242 751
2458 2182 2514 2225 et
2542 2169 2978 2236 delectationem,
3015 2179 3070 2226 et
3120 2171 3532 2226 exsultationem

1956 2265 2152 2320 anima:
2205 2275 2368 2334 atque
2401 2265 2581 2320 cordis
2611 2263 2712 2318 sibi
2739 2263 2958 2320 facient.
2986 2261 3166 2318 Potest
3197 2271 3253 2317 et
3285 2263 3387 2316 hoc
3429 2276 3537 2315 ma-

1958 2353 2214 2410 nifestum
2245 2368 2366 2410 esse
2391 2354 2668 2420 iudicium,
2693 2369 2789 2410 eos
2819 2355 3076 2410 statuisse
3101 2353 3266 2409 Deum
3316 2353 3424 2408 vita
3481 2363 3537 2407 et

1957 2445 2200 2501 moribus
2217 2446 2459 2517 diligere.
2486 2444 2585 2512 Qui
2617 2448 2759 2501 enim
2795 2447 2956 2502 rebus
2989 2445 3270 2500 mundanis
3294 2445 3534 2499 animum

1958 2551 2113 2592 suum
2140 2537 2434 2607 applicant,
2465 2552 2516 2595 et
2539 2540 2604 2593 ad
2637 2538 2922 2594 inhonesta
2953 2552 3014 2591 se
3083 2538 3362 2606 abjiciunt,
3403 2551 3534 2605 gau-

1960 2629 2088 2684 dent
2121 2631 2173 2684 in
2196 2631 2349 2700 ipsis,
2387 2641 2442 2685 et
2476 2646 2541 2686 ea
2568 2633 2669 2687 sibi
2714 2633 2995 2685 materiam
3028 2629 3409 2685 oblectamenti
3445 2632 3538 2682 de-

1958 2722 2151 2793 ligunt,
2191 2721 2555 2792 lmtauturque
2584 2723 2638 2777 in
2672 2721 3038 2790 voluptatibus
3069 2719 3269 2784 carnis,
3304 2728 3359 2774 et
3417 2717 3538 2772 aliis

1958 2814 2242 2883 praesentis
2268 2813 2391 2868 vita:
2417 2811 2625 2867 deliciis
2646 2811 2872 2876 assueti,
2900 2811 3111 2866 divinas
3135 2823 3222 2866 res
3247 2809 3300 2864 iu
3323 2817 3538 2879 postre-

1960 2907 2065 2960 mis
2095 2913 2402 2960 numerant.
2434 2905 2535 2970 Qui
2560 2914 2742 2960 autent
2772 2919 2839 2958 ex
2867 2913 2978 2960 toto
3007 2904 3171 2959 corde
3205 2903 3375 2973 ipsum
3391 2917 3539 2973 quae-

1962 3007 2108 3062 ruut,
2143 3009 2200 3052 et
2229 2996 2776 3064 contemplationibus
2805 2996 2870 3052 de
2913 2996 3030 3066 ipso
3089 2995 3430 3065 saginantur,
3484 3006 3540 3046 et

1962 3089 2159 3142 mentis
2194 3089 2406 3144 oculum
2444 3089 2694 3153 dilatant,
2727 3087 3096 3156 voluptatibus
3153 3101 3272 3154 qua:
3308 3086 3360 3139 in
3422 3084 3540 3154 ipso

1961 3187 2017 3232 et
2044 3178 2162 3232 solo
2187 3188 2334 3239 sunt,
2365 3179 2736 3247 perfruentur.

279 3272 369 3324 ἐπ’
393 3271 539 3340 αὐτῷ
567 3270 823 3341 θεωρίαις
884 3269 1382 3338 καταπιαινόμενοι,
1419 3269 1635 3338 καὶτῆς
1692 3266 1924 3331 διανοίας
1961 3268 2052 3322 τὸν
2097 3269 2371 3340 ὀφθαλμὸν
2420 3268 2756 3340 εὐρύνοντες,
2783 3270 2878 3329 τὰς
2925 3267 3010 3320 ἐπ’
3049 3265 3200 3335 αὐτῷ
3253 3265 3346 3319 καὶ
3397 3265 3542 3335 μόνῳ

279 3363 670 3430 παραδέξονται
697 3363 982 3434 θυμηδίας.

351 3455 604 3526 Etyma-'6)
637 3453 864 3519 αὐτοῖς,
910 3453 1009 3507 καὶ
1061 3453 1402 3523 εἰσδέξομαι
1443 3453 1683 3520 αὐτοὺς,
1715 3453 1862 3508 διότι
1890 3464 1932 3522 C

276 3546 655 3616 λυτρώσομαι
696 3546 939 3612 αὐτοὺς,
973 3545 1070 3599 καὶ
1103 3545 1634 3613 πληθυνθήσονται
1664 3545 1866 3600 καθότι

278 3637 446 3712 ἦσαν
491 3637 728 3691 πολλοί.
771 3636 878 3690 Καὶ
923 3636 1126 3704 σπερῶ
1166 3635 1387 3703 αὐτοὺς
1419 3637 1490 3689 ἐν
1533 3637 1726 3701 λαοῖς,
1766 3635 1865 3690 καί

278 3735 334 3787 ol
395 3731 629 3800 μακρὰν
663 3727 1128 3798 μνησθήσονται
1163 3747 1317 3797 μου,
1363 3729 1457 3783 καὶ
1501 3728 1866 3799 ἑκθρέψουσι

278 3825 353 3878 τὰ
387 3820 569 3875 τέκνα
597 3819 812 3882 αὐτῶν,
847 3821 943 3873 καί
976 3820 1439 3888 ἐπιστρέφουσι.

351 3913 470 3969 ΟΒ’.
510 3913 887 3984 Διαμέμνηται
939 3913 1098 3964 πάλιν
1145 3913 1243 3982 τῆς
1289 3912 1558 3966 Ἰουδαίων
1603 3913 1862 3984 ἀγάπης,

279 4008 375 4059 καὶ
425 4005 489 4075 δὴ
521 4007 614 4058 καὶ
643 4005 982 4072 ὑπισχνεῖται
1033 4001 1311 4070 συλλέγειν
1361 4003 1559 4065 αὐτοὺς
1605 4020 1866 4057 κατεσκε-

278 4098 602 4168 δασμένους,
634 4098 726 4149 καὶ
761 4095 820 4159 ἐξ
849 4095 1066 4163 ἁπάσης
1112 4094 1214 4162 γῆς
1265 4096 1602 4164 συναγείρειν
1637 4097 1717 4158 είς
1764 4095 1864 4165 τὴν

292 4187 571 4250 Ἰουδαίαν,
603 4185 676 4248 ὡς
708 4181 1162 4252 ἁπονοσφίςεσθαι
1202 4183 1480 4245 παντελῶς
1515 4183 1724 4237 οὐδένα.
1755 4183 1863 4236 Καὶ

277 4279 401 4330 τίνα
437 4277 638 4346 τρόπον
662 4276 696 4346 ἡ
729 4273 974 4344 ἄθροισις
1014 4271 1188 4338 ἔσται,
1229 4273 1632 4342 κατασημαίνει
1678 4272 1860 4327 πάλιν.

279 4369 421 4429 To);
449 4366 546 4434 μὲν
568 4365 676 4435 γὰρ
703 4362 1121 4433 μελιττοκόμους
1146 4363 1278 4430 φασὶ
1301 4363 1502 4431 σημεῖά
1521 4379 1644 4414 τινα
1667 4364 1861 4426 ποιεῖν,

279 4461 317 4531 ἢ
354 4457 692 4526 συρίζοιτας,
719 4455 884 4522 ἤγουν
911 4454 1053 4523 ἕτερ’
1082 4455 1218 4508 ἄττα
1250 4453 1381 4525 δρᾷν
1417 4454 1694 4517 εἰωθότας,
1723 4453 1865 4506 οὕτω

279 4568 344 4604 τε
379 4547 656 4612 συλλέγειν
700 4545 770 4595 τὰ
808 4543 918 4594 τῶν
957 4543 1218 4613 μελιττῶν
1256 4544 1383 4612 ἐθνη
1406 4583 1420 4608 ,
1467 4543 1578 4595 τῶν
1626 4542 1866 4612 σίμϐλων

277 4638 554 4708 ἀποφοιτή
565 4651 751 4688 σαντα.
778 4633 1007 4704 Εἴρηται
1031 4632 1088 4684 δέ
1111 4651 1164 4686 τι
1189 4633 1427 4686 τοιοῦτον
1450 4632 1545 4685 καὶ
1571 4631 1656 4684 διὰ
1684 4633 1865 4702 φωνῆς

291 4730 539 4784 Ἡσαΐου.
573 4746 590 4778 ι
617 4727 724 4778 Καὶ
747 4725 896 4778 ἔσται
923 4723 1052 4795 γὰρ,
1077 4723 1262 4794 φησὶν,
1285 4725 1342 4775 ἐν
1367 4727 1432 4794 τῇ
1455 4722 1638 4795 ἡμέρᾳ
1658 4724 1862 4797 ἐκείνῃ,

2041 3452 2206 3507 Vens.
2248 3452 2300 3516 8,
2336 3453 2387 3508 9.
2408 3451 2732 3524 Signiﬁcabo
2761 3470 2869 3517 eos,
2898 3463 2948 3506 et
2973 3455 3256 3524 suscipiam
3284 3469 3391 3520 eos,
3415 3453 3540 3524 quia

1969 3548 2219 3600 redimam
2253 3563 2362 3609 eos,
2393 3556 2438 3599 et
2464 3544 2978 3612 multiplicabuntur,
3014 3546 3148 3598 sicut
3183 3553 3336 3598 erunt
3364 3547 3536 3599 multi.

1967 3638 2034 3690 Et
2062 3636 2328 3690 semiuabo
2355 3655 2441 3690 eos
2471 3642 2522 3690 in
2550 3637 2778 3705 populis,
2810 3647 2855 3690 et
2884 3637 2971 3705 qui
3005 3639 3067 3689 de
3101 3638 3270 3706 longe,
3296 3640 3541 3690 recorda-

1965 3734 2160 3787 buntur
2188 3733 2306 3796 mei,
2339 3742 2383 3786 et
2419 3733 2675 3786 euutrieut
2707 3732 2846 3801 [ilics
2894 3749 3040 3797 suos,
3076 3741 3124 3786 et
3156 3741 3537 3788 convertentur.

2036 3911 2242 3968 LXXII.
2288 3913 2531 3969 Meminit
2576 3927 2790 3967 rursum
2843 3913 3128 3968 charitatis
3185 3912 3237 3966 in
3282 3910 3537 3976 Judmos,

1963 4013 2016 4058 et
2045 4005 2264 4074 insuper
2293 4004 2645 4059 collecturum
2670 4019 2762 4058 eos
2794 4004 3087 4073 dispersos.
3121 4012 3174 4059 et
3197 4019 3261 4057 ex
3289 4003 3541 4058 omnibus

1967 4098 2126 4153 terris
2151 4107 2607 4168 congregaturum
2634 4098 2684 4151 in
2714 4094 2955 4151 Judzeam
2988 4096 3272 4166 promittit,
3298 4105 3356 4149 ut
3381 4111 3540 4150 neruo

1963 4190 2122 4259 plane
2149 4191 2506 4245 desideretur.
2544 4188 2758 4242 Modum
2791 4201 2969 4242 autem
3007 4189 3164 4256 hujus
3189 4189 3380 4243 futura:
3408 4204 3536 4243 cou-

1964 4283 2296 4353 gregatiouis
2354 4283 2613 4349 deinceps
2657 4281 2912 4334 ostendit.
2954 4281 3119 4332 Aiunt
3165 4281 3309 4333 enim
3354 4279 3542 4334 mella-

1967 4374 2076 4428 rios
2121 4374 2273 4442 signa
2321 4371 2566 4441 quaedam
2624 4375 2804 4437 edere,
2847 4383 2940 4424 aut
2991 4370 3231 4436 sibilare,
3289 4380 3382 4424 aut
3435 4372 3540 4428 alia

1967 4466 2150 4518 nescio
2207 4479 2327 4533 qna:
2379 4463 2592 4529 solere,
2643 4473 2702 4518 et
2748 4464 2819 4518 ita
2865 4462 3116 4518 examina
3173 4463 3239 4518 ad
3301 4463 3540 4519 alvearia

1965 4556 2175 4609 deserta
2229 4569 2503 4609 revocare.
2569 4553 2700 4609 Tale
2745 4553 3019 4623 quidpiam
3084 4565 3139 4608 et
3194 4568 3290 4621 per
3348 4555 3538 4609 Isaiam

1966 4645 2166 4700 dictum
2205 4655 2308 4701 est.
2337 4647 2428 4700 Ait
2449 4647 2591 4700 enim
2624 4663 2638 4700 :
2677 4663 2695 4696 ι
2731 4647 2794 4700 Et
2826 4647 2930 4700 erit
2957 4646 3010 4699 in
3040 4646 3127 4699 die
3160 4645 3272 4709 illa,
3305 4646 3544 4700 sibilabit

1965 4737 2226 4791 Dominus
2283 4739 2504 4802 muscis,
2554 4753 2673 4807 qua:
2723 4738 3070 4791 dominantur
3114 4739 3251 4806 parti
3304 4737 3541 4790 ﬂuminis

280 4823 463 4891 συριεῖ
495 4818 698 4888 Κύριος
742 4815 948 4886 μυίαις,
977 4815 1025 4867 οἳ
1059 4814 1369 4885 κυριεύουσι
1414 4815 1578 4884 μέρος
1618 4815 1860 4884 ποταμοῦ

1969 4823 2210 4896 ιΕεγριί,
2243 4837 2298 4879 et
2327 4827 2414 4895 api
2447 4842 2565 4895 quae
2601 4837 2682 4882 est
2717 4827 2768 4880 in
2804 4828 3021 4895 regione
3055 4826 3396 4895 Assyriorum
3421 4825 3485 4878 “.
3518 4845 3537 4875 ι

276 4913 579 4980 Αἰγύπτου,
615 4909 708 4961 καὶ
735 4910 800 4978 τῇ
837 4906 1095 4977 μελίσσῃ,
1126 4907 1160 4976 ἦ
1191 4909 1338 4958 ἐστιν
1383 4909 1438 4960 ἐν
1476 4907 1628 4979 χώρᾳ
1667 4909 1859 4962 Ἀσσυο

281 5005 434 5078 ρίων.
461 5022 480 5053 ι
517 5002 733 5070 Ἔτεροι
767 4999 824 5052 δέ
859 5015 1013 5066 φασι,
1047 4999 1140 5052 καὶ
1171 5001 1284 5061 τοῖς
1328 4999 1420 5052 τοῦ
1470 5000 1702 5070 πολέμου
1735 5019 1857 5055 και-

280 5100 418 5169 ροῖς,
445 5097 492 5148 εί
521 5094 585 5166 δὴ
623 5093 909 5164 συμϐαίνει
938 5090 1344 5144 διασκίδνασθαί
1386 5109 1502 5155 πως
1530 5093 1654 5157 τοὺς
1685 5112 1859 5164 μαχη-

275 5184 398 5248 τὰς,
425 5185 457 5254 ἢ
489 5183 778 5247 διώκοντας
809 5183 840 5254 ἢ
873 5182 1253 5251 διωκομένους,
1279 5182 1524 5253 αἴρεσθαί
1555 5201 1606 5237 τι
1634 5188 1857 5254 σημεῖον

279 5273 416 5344 ὑψοῦ
464 5274 614 5346 παρὰ
661 5274 768 5327 τῶν
807 5273 1151 5365 σερατηγῶνν
1192 5274 1271 5336 εἰς
1311 5273 1339 5325 δ
1383 5274 1473 5327 καὶ
1516 5275 1859 5343 ἀφορῶντεῖι

277 5367 721 5439 συναθροίζονταί
767 5384 828 5420 τε
855 5364 966 5419 καὶ
999 5368 1078 5427 είς
1117 5364 1206 5418 τὸν
1251 5365 1410 5418 αὐτὸν
1451 5365 1642 5419 ἀνόπιν
1691 5365 1860 5418 ἵενται

278 5461 474 5532 χῶρον.
517 5459 833 5526 ’Υποφαίνει
880 5457 937 5509 δέ
987 5475 1038 5508 τι
1075 5456 1309 5509 τοιοῦτον
1353 5456 1446 5508 καὶ
1482 5456 1542 5509 τὸ
1584 5455 1737 5526 παρὰ
1783 5454 1862 5524 τῷ

276 5553 534 5626 πρτψήτῃ
567 5551 815 5621 κείμενον
853 5549 1079 5619 ’Ῑίσαῖαο
1120 5568 1138 5600 ι
1171 5547 1278 5600 Καὶ
1311 5546 1458 5607 ἔσται
1493 5547 1565 5609 ὡς
1604 5547 1748 5608 ἱστὸς
1777 5547 1864 5598 ἐπ’

275 5643 460 5712 δρους,
506 5641 600 5696 καὶ
630 5643 704 5704 ῶς
752 5643 975 5711 σημεῖον
1004 5640 1182 5712 φέρων
1213 5642 1305 5693 ἐπὶ
1338 5638 1549 5710 βουνοῦ,
1581 5658 1599 5691 ι
1652 5637 1861 5691 Οὐκοῦν

349 5823 395 5854 ⁸³
419 5824 438 5876 ι
463 5822 591 5878 Cor.
627 5840 698 5886 tv,
742 5823 824 5875 15.
899 5823 943 5853 ³⁸
967 5821 1067 5875 lsa.
1097 5837 1194 5883 vn,
1235 5821 1320 5875 {8.

517 5917 786 5977 ΡΑτιιοι..
837 5915 951 5974 Gn.
1002 5914 1206 5972 LXXII

1400 5822 1443 5854 ³⁸
1470 5823 1570 5876 lsa.
1608 5835 1735 5886 xxx,
1767 5819 1854 5875 Π.

1967 4916 2071 4972 Alii
2099 4919 2251 4971 aiunt
2280 4926 2334 4970 et
2365 4917 2490 4971 belli
2528 4927 2790 4984 tempore,
2821 4916 2863 4969 si
2895 4917 3094 4969 milites
3128 4912 3376 4982 dissipari
3411 4928 3542 4965 eou-

1967 5009 2159 5079 tingat,
2215 5011 2340 5062 dum
2396 5018 2490 5063 aut
2541 5007 2806 5077 fugientes
2852 5008 3245 5074 insequuntur,
3297 5011 3389 5054 aut
3443 5003 3542 5070 ipsi

1967 5101 2316 5168 insequentes
2362 5101 2592 5169 fugiunt,
2647 5099 2758 5152 tolli
2798 5113 2863 5152 ex
2900 5099 3046 5151 edito
3097 5095 3214 5149 loco
3253 5095 3464 5162 signum
3511 5112 3538 5145 a

1965 5193 2212 5253 ducibus,
2241 5193 2384 5260 quod
2420 5192 2688 5245 iutueutes
2714 5201 3130 5259 congregantur,
3174 5195 3228 5238 et
3259 5185 3447 5239 eodem
3484 5201 3544 5240 se

1963 5281 2250 5348 recipiunt.
2281 5282 2626 5336 Demonstrat
2652 5282 2827 5335 simile
2856 5279 3109 5348 quiddam
3140 5288 3194 5330 et
3227 5275 3367 5345 quod
3400 5279 3538 5343 apud

1963 5371 2279 5437 prophetam
2343 5370 2530 5423 Isaiam
2595 5379 2792 5423 exstat.
2851 5367 2963 5420 «Et
3015 5367 3118 5420 erit
3175 5368 3314 5422 sicut
3365 5367 3542 5420 tnalns

1964 5460 2115 5512 navis
2156 5473 2318 5529 super
2347 5471 2609 5524 montem,
2647 5469 2702 5513 et
2728 5459 2883 5528 quasi
2919 5458 3132 5529 signum
3165 5459 3347 5514 ferens
3377 5473 3539 5525 super

1962 5548 2152 5601 t-ollem
2174 5547 2239 5602 ".
2276 5567 2294 5599 ι
2332 5549 2410 5603 Ex
2438 5563 2502 5603 eo
2526 5549 2690 5618 igitur
2711 5550 2852 5619 quod
2886 5549 2998 5604 fieri
3028 5551 3247 5616 assolet,
3283 5547 3540 5604 similitu-

1963 5639 2140 5694 dinem
2174 5639 2357 5695 trahit.
2390 5641 2478 5695 Ait
2523 5641 2665 5697 enim
2697 5658 2708 5694 :
2746 5659 2762 5692 ι
2793 5642 3119 5712 Signiticabo
3151 5646 3246 5708 eis,
3282 5651 3336 5696 et
3368 5636 3538 5693 susci-

3152 5907 3185 5964 ϐ
