4026 6276
506 324 603 379 l'l'l

1443 342 1456 354 -
1496 315 1552 370 S.
1596 313 1864 372 CYRlLLl
1911 309 2376 366 ALEXANDRINI
2419 308 2734 364 ARCHIEP.

3658 311 3764 366 l7!

501 418 642 486 piam
698 427 878 469 eos»
921 409 1247 467 [incitatum
1312 418 1394 464 (‘sl
1443 410 1584 463 enim
1647 409 1804 463 nobis
1862 409 2076 474 signum

2186 405 2245 456 lx
2285 402 2378 456 τοῦ
2425 402 2672 471 γίνεσθαι.
2720 401 3021 470 πεφυκότος
3063 399 3280 470 ’δέχεται
3325 402 3426 472 τὴν
3477 400 3760 473 ὁμοίωσιν.

505 520 752 576 inagnum
794 513 846 560 et
883 505 1116 574 insigne,
1145 519 1273 558 crux
1301 500 1884 571 Salvatoris,perquod
1907 500 2070 552 etiam

501 596 708 665 accepti
751 595 1024 649 evasimus
1059 594 1165 646 Deo
1193 602 1248 646 et
1297 591 1464 646 Patri.
1499 590 1769 644 Praeterea
1811 587 2070 656 redempti

501 703 710 750 sumus,
751 696 804 740 et
835 687 887 739 in
918 684 1319 739 multitudinem
1352 683 1674 736 immensam
1713 680 2068 742 excrevimus,

501 777 594 846 qui
641 775 990 830 credidimus.
1024 771 1160 838 Quia
1211 787 1340 825 vero
1386 771 1603 840 adjecit,
1649 787 1669 821 ι
1702 771 1768 824 Ει
1797 769 2075 824 sentinabo

499 885 594 923 eos
627 869 680 921 in
727 865 955 936 populis,
993 873 1050 920 et
1097 864 1254 932 longe
1303 863 1567 917 distantes
1601 863 1668 916 al)
1700 862 1804 916 illis
1833 861 2072 926 venient,

501 968 555 1013 et
596 954 1024 1010 recordabuntur
1061 952 1190 1018 mei,
1225 970 1243 1002 ι
1284 966 1498 1006 rursum
1533 951 1658 1004 illud
1689 951 1934 1014 dicimus,
1975 963 2075 1002 nec

503 1049 556 1104 id
599 1063 628 1101 a
670 1061 833 1113 scopo
873 1045 1216 1107 aberrantes,
1257 1041 1480 1094 multum
1511 1042 1650 1094 enim
1679 1039 2076 1109 probabilitatis

504 1139 685 1192 habet.
713 1134 873 1204 752
898 1133 1058 1199 Quasi
1086 1130 1418 1186 disseminati
1447 1139 1570 1184 sunt
1595 1131 1648 1182 in
1691 1130 1874 1184 multis
1903 1129 2077 1198 genti-

505 1229 606 1282 bus
642 1235 695 1282 et
727 1227 778 1280 in
809 1224 954 1279 omni
996 1223 1222 1292 regione
1271 1230 1432 1288 atque
1464 1221 1597 1275 urbe
1629 1221 1793 1275 divini
1824 1219 2072 1288 discipuli

504 1327 557 1371 et
590 1315 860 1384 Evangelii
891 1326 1187 1382 praecones,
1213 1310 1614 1378 clleceruntque
1641 1320 1701 1363 ut
1729 1309 2076 1364 remotissimi

501 1425 528 1461 ιι
560 1408 693 1472 Deo,
734 1414 955 1475 propter
993 1403 1372 1471 interpositum
1415 1409 1696 1469 peccatum
1728 1411 1782 1453 et
1813 1415 2073 1466 errorem,

505 1491 917 1558 rcc'ordarentur
981 1498 1171 1567 ipsius,
1215 1504 1270 1551 et
1317 1496 1689 1550 universorum
1742 1489 2074 1544 Salvatorem

492 1612 564 1651 ac
603 1602 1029 1665 procreatorem,
1061 1589 1309 1660 quamvis
1335 1587 1624 1656 aliquando
1650 1594 1954 1638 creaturam
1980 1597 2076 1650 pro

501 1686 722 1740 numine
752 1683 1071 1745 coluissent,
1101 1688 1158 1734 et
1183 1680 1303 1734 ideo
1333 1677 1570 1732 amicitia
1601 1675 1693 1729 Dei
1727 1674 2071 1735 excidissent,

499 1777 680 1832 animo
721 1775 1236 1843 complecterentur.
1283 1771 1471 1838 Itaque
1504 1768 1720 1822 divinus
1750 1765 1950 1820 Paulus
1982 1779 2076 1833 per

476 1872 672 1938 ipsum
733 1876 955 1921 vocatos
1005 1865 1059 1917 iu
1113 1862 1444 1932 agnitionem
1493 1859 1699 1913 Christi
1749 1857 2029 1925 alloquens
2061 1896 2075 1919 ,

481 1980 525 2012 -σ
554 1961 708 2014 Nunc
743 1967 921 2012 autem
972 1969 1090 2021 vos,
1147 1952 1344 2022 inquit,
1391 1951 1484 2020 qui
1535 1949 1828 2019 aliquando
1870 1948 2078 2018 procul,

503 2050 629 2106 facti
673 2048 804 2103 estis
847 2060 1014 2116 prope
1037 2045 1102 2099 “.
1133 2063 1153 2097 ι
1184 2042 1411 2098 Venient
1453 2043 1619 2113 igitur
1663 2054 1929 2095 memores
1963 2040 2076 2094 Dei.

502 2136 618 2190 Non
645 2134 906 2188 dissimile
937 2133 1189 2202 quiddam
1224 2131 1382 2186 nobis
1420 2131 1615 2186 beat-us
1644 2130 1903 2201 propheta
1927 2128 2081 2184 Jers-

506 2228 643 2281 mias
671 2226 931 2289 insinuat,
960 2222 1103 2278 velut
1133 2220 1385 2278 lsraelem
1417 2221 1701 2291 alloquens
1727 2239 1740 2277 :
1778 2239 1798 2273 ι
1827 2221 1926 2290 Qui
1957 2235 2081 2289 pro-

505 2318 588 2371 cltl
633 2316 768 2370 estis
797 2314 1158 2369 recordamini
1189 2313 1428 2380 Domini,
1457 2322 1517 2380 et
1535 2311 1844 2367 Jerusalem
1889 2327 2082 2366 ascen-

503 2412 596 2462 dat
630 2409 681 2462 iu
731 2422 824 2461 cor
871 2405 1193 2459 vestrum".
1223 2423 1243 2456 ι
1271 2404 1424 2468 Quod
1459 2403 1502 2459 si
1542 2405 1766 2460 omnino
1818 2404 1954 2474 ejus.
1988 2404 2079 2475 qui

504 2509 586 2554 est
625 2509 815 2552 natura
867 2498 1026 2561 Deus,
1073 2511 1342 2552 memores
1384 2495 1604 2562 fuerint,
1655 2505 1805 2562 tunc,
1844 2505 1973 2551 tunc
2012 2495 2080 2549 ad

504 2591 782 2660 spirituale
808 2590 974 2644 robur
1008 2598 1186 2642 tantos
1232 2603 1553 2658 progressus
1585 2588 1878 2653 habebunt,
1921 2597 1980 2642 ut
2017 2595 2082 2641 et

483 2685 642 2737 tilios
686 2690 966 2752 generem,
1007 2688 1064 2734 et
1089 2679 1434 2734 sermonibus
1479 2679 1695 2748 pietatis
1727 2693 1856 2734 suos
1882 2679 2082 2734 liberos

503 2776 802 2838 cnutriant,
833 2784 886 2829 et
921 2773 974 2827 in
1016 2773 1121 2827 hoc
1149 2772 1264 2842 ipso
1296 2770 1617 2841 glorientur.
1645 2769 1846 2824 Scribit
1877 2779 1930 2827 et
1955 2771 2082 2824 bea-

509 2880 596 2922 tus
629 2867 826 2920 Paulus
856 2881 952 2935 per
984 2867 1158 2936 ipsum
1209 2865 1475 2930 educatis,
1515 2873 1570 2916 et
1601 2865 1652 2916 in
1692 2863 1871 2917 virum
1903 2862 2081 2931 perfe-

505 2971 650 3014 ctum
693 2967 856 3028 atque
891 2958 966 3012 in
1014 2966 1230 3010 aetatem
1279 2954 1628 3024 plenitudinis
1671 2952 1870 3008 Christi
1911 2953 2080 3006 addu-

2183 515 2199 546 ι
2229 494 2463 564 Σημανῶ
2504 493 2634 564 γὰρ,
2668 492 2861 563 φησὶν,
2905 493 3254 555 αὖτοῖς,’κα⁸ι
3310 493 3620 563 εἰσδέξομαι
3654 496 3759 551 αὖ-

2173 582 2317 644 τούς.
2345 601 2363 633 ι
2410 583 2737 653 Ἐγήγερται
2767 583 2878 652 γὰρ
2908 584 3129 652 σημεῖον
3156 583 3288 651 ἡμῖν
3329 583 3471 652 μέγα
3516 583 3612 635 καὶ
3643 585 3765 636 ὲπι-

2175 675 2340 744 φανὲς
2377 676 2406 727 6
2439 674 2533 727 τοῦ
2574 676 2823 746 Σωτῆρος
2855 674 3104 745 σταυρὸς,
3139 674 3206 726 δι’
3232 668 3292 729 οῦ
3323 674 3422 728 καὶ
3455 675 3764 746 γεγόναμεν

2173 765 2352 819 δεκτοὶ
2388 765 2464 836 τῷ
2501 764 2620 836 Θεῷ
2659 765 2755 819 καὶ
2790 765 2984 837 Πατρί.
3016 765 3124 818 Καὶ
3159 765 3264 837 μὴν
3298 766 3391 818 καὶ
3425 766 3764 838 ὲκλελυτρὼ-

2179 857 2336 926 μεθα,
2365 858 2458 911 καὶ
2485 859 2563 920 εἰς
2599 857 2809 927 πληθὺν
2843 857 3152 929 ἀμέτρητον
3191 856 3562 929 ἐξεδράμομεν
3587 859 3638 911 οἰ
3671 875 3768 910 πε-

2178 950 2546 1014 πιστευκότες.
2581 949 2797 1020 Ἐπειδὴ
2819 950 2874 1003 δὲ
2903 949 3262 1020 προσέθηκεν,
3290 950 3370 1002 ὅτι
3401 969 3417 1001 ι
3444 950 3553 1002 Καὶ
3578 948 3768 1020 σπερῶ

2176 1041 2373 1104 αὐτοὺς
2411 1043 2468 1094 ὲν
2505 1040 2682 1104 λαοῖς,
2717 1041 2810 1094 καὶ
2841 1042 2888 1093 οί
2930 1042 3146 1111 μακρὰν
3184 1040 3280 1094 ἀπ’
3327 1039 3507 1093 αὐτῶν
3536 1039 3723 1110 ἥξουσι
3747 1081 3762 1103 ,

2176 1131 2270 1183 καὶ
2302 1131 2701 1200 μνησθήσονταί
2731 1148 2854 1202 μου.
2879 1150 2896 1182 ι
2931 1130 3093 1186 πάλιν
3118 1130 3291 1184 ἐκεῖνό
3316 1147 3517 1201 φαμεν,
3547 1132 3640 1184 καὶ
3665 1132 3768 1184 οὐκ

2176 1221 2283 1274 ἀπὸ
2327 1221 2550 1275 σκοποῦ·
2586 1223 2723 1275 πολὺ
2751 1222 2861 1293 γὰρ
2908 1222 3018 1292 ἔχει
3059 1221 3120 1275 τὸ
3149 1222 3294 1286 εἰκὸς
3327 1223 3355 1275 6
3393 1222 3570 1290 λόγος.
3614 1224 3764 1275 Κατ-

2181 1313 2503 1385 εσπάρησαν
2558 1315 2668 1384 γὰρ
2727 1314 2916 1386 ὥσπερ
2973 1316 3030 1367 ὲν
3079 1314 3290 1378 πολλοῖς
3343 1314 3521 1368 ἔθνεσι
3568 1317 3660 1367 καὶ
3709 1317 3765 1367 ὲν

2165 1407 2361 1478 υὰπάσῃ
2405 1408 2462 1460 δὲ
2523 1408 2678 1479 χώρᾳ
2733 1408 2829 1462 καὶ
2883 1409 3034 1461 πόλει
3090 1410 3139 1462 οἰ
3175 1409 3454 1462 θεσπέσιοι
3527 1407 3764 1478 μαθηταὶ

2177 1499 2272 1550 καὶ
2305 1499 2412 1550 τῶν
2447 1499 2606 1551 θείων
2652 1498 3000 1568 Εύαγγελίων
3041 1501 3311 1570 κήρυκες,
3351 1500 3445 1551 καὶ
3476 1500 3602 1561 τοὺς
3625 1499 3766 1550 ’ἀπο-

2176 1587 2324 1641 τάτω
2351 1588 2642 1656 γεγονότας
2671 1587 2805 1642 Θεοῦ
2834 1589 2921 1642 διὰ
2951 1588 3048 1659 τὴν
3090 1588 3541 1659 μεσολαϐήσασαν
3579 1587 3766 1656 ’ἁμαρ-

2177 1676 2298 1729 τίαν
2327 1694 2386 1729 τε
2417 1678 2509 1730 καὶ
2541 1677 2750 1748 πλάνην
2782 1677 3084 1748 μνησθῆναί
3113 1695 3171 1730 τε
3197 1677 3382 1741 αὐτοῦ,
3414 1679 3509 1731 καὶ
3536 1674 3771 1740 εἰς’νοῦν

2183 1768 2323 1821 ἑλεῖν
2363 1769 2784 1838 παρεσκεύασαν
2819 1769 2910 1823 τὸν
2943 1769 3054 1824 τῶν
3100 1769 3236 1823 ὅλων
3276 1770 3508 1840 Σωτῆρα
3543 1768 3637 1821 καὶ
3670 1784 3766 1836 γε-

2181 1861 2530 1932 νεσιουργδν,
2564 1862 2754 1915 καίτοι
2804 1861 2970 1915 πάλαι
3018 1864 3083 1932 τῇ
3138 1861 3313 1914 κτίσει
3350 1860 3410 1914 τὸ
3463 1859 3627 1922 σέϐας
3670 1860 3767 1911 ἀν-

2181 1952 2484 2017 άπτοντας,
2529 1953 2786 2024 ταύτῃτοι
2816 1953 2911 2007 καὶ
2948 1953 3046 2025 τῆς
3092 1951 3229 2023 πρὸς
3253 1951 3386 2005 Θεὸν
3437 1951 3769 2022 οἰκειότητος

2181 2044 2667 2115 ἔκπεφοιτηκότας.
2699 2047 2809 2099 Καὶ
2845 2046 2975 2116 γοῦν
3007 2047 3036 2098 6
3079 2045 3366 2108 θεσπέσιος
3403 2043 3619 2108 Παῦλος
3656 2047 3771 2106 τοῖς

2180 2136 2248 2190 δι’
2291 2136 2455 2191 αὑτοῦ
2499 2137 2858 2208 κεκλημένοις
2917 2138 2995 2200 εἰς
3033 2137 3328 2205 ἐπίγνωσιν
3389 2135 3483 2188 τοῦ
3529 2134 3770 2208 Χριστοῦ

2183 2228 2560 2300 προσεφώνει,
2590 2229 2792 2299 λέγων·
2831 2247 2849 2280 ‹
2879 2229 3016 2284 Νυνὶ
3046 2228 3100 2281 δὲ
3133 2229 3310 2300 ὑμεῖς,
3355 2227 3412 2280 οἵ
3455 2244 3584 2280 ποτε
3615 2225 3769 2288 ὄντες

2185 2321 2419 2391 μακρὰν,
2444 2319 2738 2390 ἐγενήθητε
2769 2317 2953 2388 ἐγγύς.
2980 2337 2996 2369 ι
3021 2317 3252 2384 Ἥξουσι
3282 2317 3347 2388 δὴ
3374 2311 3470 2371 οὖν
3501 2314 3770 2386 μνησθέν-

2180 2428 2274 2474 τες
2307 2409 2399 2464 τοῦ
2432 2410 2589 2466 Θεοῦ.
2619 2410 2811 2464 Καίτοι
2841 2409 3083 2463 τοιοῦτον
3117 2411 3248 2481 ἡμῖν
3277 2411 3305 2462 6
3339 2409 3608 2481 μακάριος
3643 2423 3774 2478 προ-

2191 2503 2368 2573 φήτης
2407 2502 2676 2574 Ἱερεμίας
2723 2502 3129 2566 ὑπαινίττεται,
3181 2500 3355 2569 λέγων
3398 2499 3473 2563 ὡς
3516 2500 3652 2570 πρός
3703 2514 3771 2565 γε

2181 2591 2273 2645 τὸν
2311 2591 2564 2662 Ἰσραὴλ·
2603 2609 2620 2643 ι
2653 2593 2716 2646 Οἱ
2773 2592 3066 2664 μακρόθεν,
3107 2589 3380 2662 μνήσθητε
3411 2593 3507 2646 τοῦ
3536 2589 3771 2658 Κυρίου,

2181 2683 2276 2736 καὶ
2315 2683 2672 2755 Ἰερουσαλὴμ
2715 2684 2969 2755 ἀναϐήτω
3001 2685 3061 2736 ὲν
3095 2685 3160 2754 τῇ
3203 2681 3400 2754 καρδία
3445 2678 3620 2750 ὑμῶν.
3645 2699 3665 2730 ι
3706 2680 3772 2731 Εἰ

2181 2771 2238 2824 δὲ
2267 2771 2332 2843 δὴ
2379 2775 2634 2843 μνησεῖεν
2667 2773 2743 2843 (l)
2785 2774 2921 2836 ὅλως
2952 2772 3046 2826 τοῦ
3083 2771 3225 2828 κατὰ
3256 2771 3415 2841 φύσιν
3445 2770 3601 2832 Θεοῦ,
3646 2769 3772 2822 τότε

2180 2863 2267 2935 δὴ,
2289 2867 2410 2916 τότε
2437 2865 2533 2918 καὶ
2561 2865 2938 2936 πνευματικῆς
2960 2865 3263 2937 εὐρωστίας
3292 2862 3603 2934 βαδιοῦνται
3633 2864 3775 2934 πρὸς

2181 2954 2364 3022 τοῦτο,
2395 2955 2535 3008 ὥστε
2579 2957 2675 3009 καὶ
2706 2958 2914 3012 τέκνων
2963 2959 3159 3020 αὐτοὺς
3190 2955 3443 3025 γενέσθαι
3491 2955 3736 3024 πατέρας
3755 2996 3772 3021 ,

483 3052 607 3107 ιοιίε
649 3050 717 3115 ⁸⁸,
755 3049 867 3119 jam
920 3046 1158 3118 quidem,
1203 3043 1490 3119 [Gaudium
1535 3054 1589 3100 et
1625 3059 1823 3099 corona
1861 3058 1976 3100 mea
2011 3043 2079 3118 δ’]

2186 3047 2281 3100 καὶ
2303 3048 2416 3109 τοῖς
2443 3047 2521 3110 εἰς
2549 3047 2830 3103 εὐσέϐειαν
2855 3048 3034 3118 λόγοις
3058 3049 3320 3121 ἐκθρέψαι
3345 3048 3413 3102 τὰ
3443 3048 3550 3101 ἴδια
3579 3047 3771 3112 τέκνα,

502 3146 634 3211 jam,
693 3161 711 3193 ι
748 3142 849 3195 Per
903 3151 1141 3196 vestram
1191 3139 1566 3210 gloriationem
1607 3153 1765 3208 quam
1807 3138 1979 3193 habeo
2028 3137 2083 3191 in

482 3236 722 3292 Christo
746 3233 876 3289 'Jesu
899 3235 982 3288 '°:
1016 3255 1033 3282 ι
1059 3262 1128 3274 ——
1148 3249 1168 3283 ‹
1193 3229 1408 3286 Corona
1439 3232 1581 3285 enim
1601 3245 1794 3284 senum
1829 3229 1918 3283 lilii
1949 3229 2082 3283 lilio-

509 3309 666 3391 rum,
708 3336 774 3379 ut
821 3328 1081 3394 scriptum
1139 3323 1286 3388 est“
1333 3341 1348 3377 ς
1397 3322 1565 3392 gloria
1618 3332 1798 3376 autem
1849 3320 2077 3374 ﬁliorum

507 3430 689 3487 patres
724 3418 982 3485 ipsorum.
1018 3434 1036 3466 ι

2189 3142 2285 3193 καὶ
2320 3142 2406 3193 ἐπ’
2429 3141 2577 3214 αὐτῷ
2612 3142 2675 3213 δὴ
2713 3141 2888 3212 τούτῳ
2922 3142 3302 3212 σεμνύνεσθαι.
3336 3142 3540 3211 Γράφει
3573 3140 3631 3192 δέ
3668 3157 3774 3192 που

2187 3232 2282 3284 καὶ
2310 3231 2338 3282 ὁ
2365 3230 2652 3295 θεσπέσιος
2681 3232 2892 3296 Παῦλος
2919 3235 3035 3295 τοῖς
3063 3233 3130 3285 δι’
3156 3231 3318 3284 αὑτοῦ
3345 3231 3772 3303 τεθραμμένοις,

2187 3323 2281 3375 καὶ
2311 3325 2390 3386 εἰς
2430 3324 2598 3395 ἄνδρα
2629 3325 2833 3378 τέλειον
2867 3324 3264 3394 ἀναϐεϐηκόσι,
3317 3325 3408 3378 καὶ
3445 3326 3525 3387 εἰς
3574 3323 3774 3394 μέτρον

2184 3415 2400 3484 ἡλικίας
2429 3417 2623 3485 ἥκουσι
2648 3417 2746 3486 τῆς
2769 3418 2826 3470 ὲν
2855 3416 3097 3488 Χριστῷ,
3128 3416 3258 3468 ποτὲ
3292 3416 3412 3486 μὲν,
3434 3434 3460 3467 ν(
3492 3415 3654 3486 Χαρὰ
3681 3415 3777 3468 καὶ.

509 3512 772 3581 στέφανός
803 3527 940 3581 μου·
977 3531 994 3562 ι
1033 3512 1162 3564 ποτὲ
1194 3512 1250 3564 δὲ
1285 3511 1466 3576 πάλιν,
1508 3530 1525 3562 ι
1558 3511 1642 3582 Νὴ
1684 3510 1782 3582 τὴν
1828 3509 2107 3581 ἡμετέραν
2145 3511 2413 3581 καύχησιν
2462 3515 2528 3584 ἢν
2566 3513 2674 3584 ἔχω
2727 3517 2784 3567 ὲν
2821 3513 3044 3583 Χριστῷ
3084 3511 3292 3583 Ἰησοῦο
3319 3529 3425 3562 ›-
3456 3529 3473 3560 ι
3502 3509 3776 3578 Στέφανος

505 3603 615 3675 γὰρ
643 3602 908 3674 γερόντων
950 3602 1114 3656 τέκνα
1141 3603 1366 3670 τέκνων,
1397 3602 1536 3656 κατὰ
1565 3604 1622 3657 τὸ
1663 3601 2077 3674 γεγραμμένον
2120 3603 2382 3673 καύχημα
2410 3604 2466 3656 δὲ
2528 3606 2755 3671 τέκνων,
2795 3605 3028 3676 πατέρες
3057 3603 3254 3658 αὐτῶν.
3280 3621 3297 3652 ι

580 3692 741 3745 Vsus.
775 3691 860 3746 10.
907 3691 970 3744 Et
1000 3702 1296 3746 convertam
1324 3708 1409 3746 eos
1439 3693 1502 3746 de
1519 3702 1657 3746 terra
1680 3691 1923 3762 /Egypti,
1949 3700 1992 3744 et
2017 3690 2080 3744 de

507 3786 737 3855 Assyriis
769 3785 1050 3852 suscipiam
1098 3783 1241 3850 illos,
1271 3793 1316 3836 et
1366 3786 1418 3836 in
1456 3784 1787 3847 Galaaditin,
1820 3793 1866 3835 et
1895 3786 1948 3834 in
1991 3779 2081 3835 Li-

509 3880 702 3932 banum
751 3874 1086 3930 introducam
1126 3890 1212 3926 eos
1238 3915 1254 3939 ,
1295 3883 1340 3924 et
1394 3889 1494 3926 non
1539 3873 1863 3942 relinquetur
1907 3887 1972 3926 ea:
2009 3872 2082 3925 eis

507 3971 667 4025 ullus.

581 4064 817 4122 LXXI".
869 4063 1095 4130 Quando
1127 4059 1623 4113 Nabuchodonosor
1651 4057 1888 4113 Jutlzcam
1919 4060 2085 4115 armis

497 4158 836 4228 subjugavit,
862 4154 1401 4220 sacratissimumque
1426 4150 1701 4218 templum,
1731 4162 1781 4204 et
1817 4152 1929 4221 ipsa
1959 4153 2086 4206 urbs

2258 3697 2366 3748 Kal
2400 3695 2762 3764 ἀποστρέψω
2802 3695 3024 3762 αὐτοὺς
3062 3695 3128 3748 ἐκ
3166 3693 3278 3764 γῆς
3303 3694 3630 3764 Αἰγύπτου,
3674 3692 3778 3744 καί

2187 3787 2257 3852 ἐξ
2311 3790 2635 3856 Ἀσσυρίων
2688 3789 3028 3858 εἰσδέξομαι
3080 3787 3320 3853 αὐτοὺς,
3375 3785 3475 3839 καί
3529 3787 3616 3851 εἰς
3659 3783 3780 3845 τὴν

2189 3881 2572 3946 Γιιλααδῒτιν,
2598 3883 2694 3935 καί
2730 3885 2817 3949 εἰς
2854 3882 2958 3936 τὸν
2983 3881 3242 3935 Λίϐανον
3269 3878 3491 3942 εἰσάξω
3525 3876 3775 3942 αὐτοὺς,

2192 3973 2288 4026 καί
2323 3974 2394 4026 οὐ
2418 3971 2504 4042 μὴ
2541 3974 2880 4043 ὑπολειφθῇ
2909 3973 2979 4038 ἐξ
3008 3973 3205 4026 αὐτῶν
3233 3973 3451 4038 οὐδείς.

2264 4066 2382 4120 Ol".
2427 4067 2553 4120 Ὅτε
2597 4067 2693 4138 τὴν
2728 4068 2984 4123 Ἰουδαίαν
3019 4063 3129 4120 εἷλε
3183 4066 3280 4137 μὲν
3327 4063 3468 4118 κατὰ
3518 4063 3716 4134 κράτος
3746 4062 3778 4113 6

2190 4157 2696 4232 Ναϐουχοδονόσωρ,
2745 4160 3068 4232 ὲμπέπρητο
3120 4160 3177 4212 δὲ
3219 4159 3314 4212 καὶ
3357 4161 3386 4213 6
3443 4157 3586 4220 θεῖος
3638 4157 3778 4220 νεὼς

511 4247 882 4318 llierOsolyma
919 4241 1290 4308 conﬂagravit,
1329 4251 1453 4298 tunc
1499 4251 1554 4297 et
1599 4242 1884 4298 universus
1921 4242 2079 4297 Israel

2195 4250 2333 4304 αύτά
2364 4268 2424 4303 τε
2458 4251 2525 4304 τὰ
2557 4251 2922 4323 Ἰεροσόλυμα,
2957 4251 3079 4305 τότε
3116 4252 3208 4305 καὶ
3247 4250 3392 4314 ἄπας
3433 4247 3778 4302 τεταλαιπὼ-

489 4333 596 4396 est
653 4339 944 4393 aﬂlictatus
980 4335 1048 4386 ".
1122 4334 1225 4387 Alii
1281 4335 1546 4402 siquidem
1606 4336 1658 4388 in
1729 4336 1982 4406 Assyrios
2032 4345 2087 4390 et

507 4431 696 4486 Medos
722 4427 918 4496 captivi
955 4434 1079 4479 sunt
1107 4426 1321 4480 abducti
1355 4441 1370 4480 :
1403 4425 1518 4490 alii,
1551 4428 1858 4494 qui-eorum
1895 4427 2087 4482 crude-

511 4523 720 4575 litatcm
755 4518 988 4573 evadere
1039 4527 1095 4571 et
1122 4515 1358 4586 eﬂ'ugere
1385 4526 1695 4586 potuerunt,
1732 4519 2006 4585 timentes,
2034 4528 2088 4574 et

511 4611 732 4684 paribus
778 4608 1040 4677 implicari
1084 4609 1343 4663 aerumnis
1389 4609 1696 4674 horrentes,
1729 4610 1872 4665 ultro
1910 4627 1972 4666 se
2019 4613 2086 4666 ad

511 4702 792 4773 Egyptios
837 4701 1207 4766 contulerunt,
1253 4700 1643 4768 servitutisque
1687 4703 1825 4772 apud
1878 4716 1976 4757 eos
2000 4703 2089 4773 ju-

509 4809 636 4861 gum
683 4791 1006 4846 necessitate
1048 4789 1313 4860 compulsi
1360 4789 1664 4845 subierunt.
1715 4791 1898 4861 Itaque
1942 4804 2090 4863 post-

511 4898 674 4950 quam
724 4895 818 4938 eos
871 4893 1330 4952 congregaturum
1391 4880 1628 4949 undique
1674 4883 1947 4952 pollicitus
1985 4895 2087 4950 est,

515 4974 758 5030 meminit
812 4983 866 5030 et
911 4973 1152 5028 locorum
1211 4973 1264 5026 in
1315 4987 1451 5041 quos
1512 4972 1726 5029 abducti
1795 4987 1923 5032 sunt
1955 4995 1967 5032 :
1999 4978 2087 5032 alii

512 5067 707 5134 captivi
739 5067 890 5128 facti,
924 5077 980 5118 ut
1003 5066 1147 5130 dixi;
1176 5065 1268 5120 alii
1310 5065 1668 5122 intolerandis
1700 5069 2000 5125 terroribus
2025 5072 2091 5126 ad

509 5171 574 5210 ea
609 5172 728 5224 qua-
753 5157 1002 5209 nolebant
1035 5155 1379 5224 exsequenda
1409 5157 1606 5211 adacti.

586 5509 631 5533 "
654 5502 847 5571 Ephes.
881 5519 936 5564 ιι.
973 5505 1058 5558 l5.

518 5588 649 5638 nu,
685 5576 736 5630 6.
833 5574 877 5604 ⁸¹
903 5573 966 5630 lV
991 5576 1122 5644 Reg.
1155 5592 1276 5639 xxv,
1313 5576 1345 5630 8
1373 5595 1526 5648 seqq.

583 5731 660 5803 (1)
687 5729 828 5804 Lego
859 5732 944 5786 δια
951 5731 1240 5804 μνησθεῖεν

1147 5504 1191 5537 ⁸⁷
1244 5505 1444 5584 iorem.
1468 5525 1549 5572 ιι,
1577 5510 1665 5566 50.
1748 5513 1792 5546 “
1816 5515 2011 5584 Ephes.
2055 5534 2125 5583 Iv,
2161 5520 2248 5577 15.

2191 4358 2355 4411 ρηκεν
2397 4343 2425 4394 6
2461 4342 2695 4412 Ἰσραήλ.
2741 4344 2804 4396 Ol
2862 4344 2959 4412 μὲν
3025 4343 3132 4414 γὰρ
3179 4344 3256 4405 εἰς
3294 4339 3616 4412 Ἀσσυρίους
3677 4338 3774 4390 καὶ

2187 4431 2405 4501 Μήδους
2438 4433 2771 4503 αἰχμάλωτοι
2813 4435 3095 4503 γεγονότες
3145 4431 3578 4502 ἀπεκομίζοντο*
3622 4430 3674 4481 οἱ
3713 4429 3774 4480 δὲ

2188 4523 2286 4592 τῆς
2312 4524 2534 4578 ἐκείνων
2571 4524 2853 4596 ὠμότητος
2880 4526 2985 4592 ἔξω
3030 4525 3332 4594 γεγονότες,
3366 4523 3459 4576 καὶ
3487 4521 3771 4591 διαφυγεῖν

2188 4614 2526 4684 ἰσχύσαντες,
2556 4616 2784 4681 δεδιότες
2840 4618 2933 4670 καὶ
2967 4616 3389 4688 παραιτούμενοι
3419 4613 3476 4666 τὸ
3508 4611 3772 4665 ἐναλῶναι

2191 4708 2303 4767 τοῖς
2339 4707 2492 4770 ἴσοις,
2519 4708 2808 4779 αὐτόμολοί
2841 4726 2898 4761 τε
2935 4709 3069 4780 πρὸς
3095 4705 3424 4775 Αἰγυπτίους
3458 4704 3644 4775 ᾔεσαν,
3678 4703 3772 4754 καὶ

2195 4799 2294 4865 τῆς
2340 4798 2430 4849 ὑπ’
2471 4799 2699 4862 ἐκείνοις
2742 4800 2963 4871 θητείας
3002 4800 3091 4852 τὸν
3135 4797 3432 4867 ἀϐούλητον
3469 4797 3587 4865 μὲν,
3634 4794 3772 4863 πλὴν

2196 4884 2256 4948 ἐξ
2306 4886 2548 4957 ἀνάγκης
2599 4889 3002 4960 ὲπερριμμένον
3053 4887 3535 4958 ὑποδεδραμήκαοι
3587 4883 3772 4950 ζυγόν.

2196 4979 2404 5032 Οὐκοῦν
2453 4981 2747 5053 ἐπειδήπερ
2798 4982 3140 5050 συναγείρειν
3191 4977 3387 5041 αὐτοὺς
3439 4973 3776 5044 πανταχόθεν

2196 5069 2584 5138 ἐπηγγέλλετο,
2632 5071 3003 5143 διαμέμνηται
3053 5071 3148 5123 καὶ
3189 5071 3373 5123 τόπων
3417 5070 3498 5131 εἰς
3544 5067 3639 5131 οὓς
3681 5067 3774 5119 καὶ

2189 5158 2667 5228 ἀπεκομίσοησαν·
2701 5163 2748 5214 οἰ
2808 5162 2926 5232 μὲν,
2969 5161 3303 5232 αἰχμάλωτοι
3352 5159 3666 5229 γεγονότες.
3697 5157 3772 5218 ὡς

2187 5248 2346 5318 ἔφην,
2375 5252 2424 5302 οἱ
2450 5251 2505 5304 δὲ
2535 5252 2826 5322 ἀφορήτοις
2854 5253 3070 5324 δείμασι
3106 5253 3240 5323 πρὸς
3269 5251 3337 5304 τὰ
3370 5249 3519 5321 παρὰ
3549 5249 3772 5318 γνώμην

2186 5339 2371 5403 αὐτοῖς
2403 5341 2817 5412 συνωθούμενοι.

2358 5523 2400 5554 ⁴⁹
2426 5511 2656 5593 Philipp.
2694 5540 2768 5590 tv,
2798 5525 2846 5582 l.
2928 5524 3154 5582 "Rom.
3217 5536 3307 5590 xv,
3369 5519 3458 5575 l7.
3535 5518 3580 5551 "
3608 5515 3766 5572 Prov.
