4026 6276
528 322 636 380 115

1534 328 1591 383 S.
1633 327 1908 384 CYRIIJJ
1948 327 2413 383 ALEXALVDRINI
2453 326 2773 383 ARCHIEP.

3690 318 3795 380 ΠΕ

529 456 814 512 surgerent
853 442 1101 499 homines
1146 454 1333 500 contra
1377 462 1496 513 nos,
1546 446 1771 501 forsitan
1830 448 1977 501 vivos
2014 449 2097 501 de-

2208 447 2408 518 Κύριος
2451 443 2516 516 ἦν
2559 450 2620 501 ἐν
2662 449 2816 517 ἡμῖν,
2859 448 2914 499 ἐν
2948 444 3024 515 τῷ
3064 444 3432 513 ἐπαναστῆναι
3469 443 3793 515 ἀνθρώπους

518 537 817 607 glutissent
870 552 986 590 nos.
1050 538 1183 591 Dum
1243 540 1577 594 irasceretur
1620 539 1768 594 furor
1805 556 1990 595 eorum
2046 542 2099 594 in

527 643 647 695 nos,
710 628 934 683 forsitan
992 644 1128 697 aqua
1181 630 1551 685 absorbuisset
1608 647 1723 685 nos.
1783 630 2099 685 Torrentem

526 721 881 791 pertransivit
930 723 1116 775 anima
1169 732 1349 776 nostra
1378 764 1392 786 ,
1442 722 1671 777 forsitan
1720 723 2103 790 perlrausisset

528 815 708 868 anima
741 823 926 868 nostra
949 830 1142 883 aquam
1182 814 1570 869 intolerabilem
1598 815 1662 870 ⁸⁷.
1696 834 1714 865 ι
1746 814 2102 880 Quemadmo-

528 907 656 959 dum
681 921 862 972 porro,
892 905 1088 974 inquit,
1124 907 1374 974 captivus
1403 906 1578 961 factus
1616 906 1797 970 Israel,
1832 915 1999 974 atque
2034 906 2099 958 ad

526 999 779 1068 Assyrios
813 1008 867 1051 et
918 998 1099 1052 Medos
1153 999 1450 1061 abductus,
1500 998 1711 1052 illorum
1758 997 2098 1063 insolentiam

526 1092 642 1146 sive
671 1090 1005 1144 dominatum
1046 1089 1253 1159 effugit,
1299 1090 1389 1159 qui
1430 1104 1843 1159 eumpremere
1887 1104 2101 1157 semper

525 1185 800 1254 armisque
861 1184 1131 1237 lacessere
1184 1191 1579 1237 consueverant
1629 1199 1643 1235 :
1688 1183 1877 1236 eodem
1940 1182 2099 1236 modo

522 1274 735 1329 liberati
802 1290 897 1342 per
952 1272 1224 1328 Christum
1289 1272 1659 1341 prmvalebunt
1700 1273 1941 1327 inimicis
2000 1273 2100 1327 Sub

524 1375 801 1436 aspectum
839 1366 1177 1419 venientibus
1205 1372 1259 1418 et
1298 1378 1403 1417 non
1435 1362 1797 1425 venientibus,
1828 1372 1882 1417 et
1915 1364 2002 1431 qui
2034 1364 2099 1417 ad

523 1456 839 1512 servitutem
874 1457 1116 1511 nolentes
1143 1456 1453 1525 adigebant,
1486 1466 1540 1511 et
1566 1465 1623 1510 ut
1646 1455 1886 1522 captivos
1917 1455 2101 1507 vincu-

521 1549 589 1605 lis
636 1563 665 1602 ο
706 1549 867 1604 stulta
924 1563 1109 1603 eorum
1162 1548 1436 1601 voluntate
1481 1547 1713 1617 sumptis
1753 1546 2095 1600 coercebant.

521 1642 626 1695 Sed
676 1649 730 1695 et
771 1640 856 1695 his
902 1640 1291 1707 praevalebunt,
1341 1654 1638 1706 eorumque
1684 1639 1989 1708 superbiam
2045 1646 2101 1691 et

518 1733 940 1786 dominationem
977 1730 1261 1799 effugient,
1293 1729 1399 1783 Deo
1428 1730 1791 1794 confortante,
1828 1730 1878 1783 in
1910 1742 2021 1797 quo
2042 1737 2096 1781 et

516 1824 909 1893 gloriabuntur.
963 1822 1244 1876 Placemus
1277 1823 1421 1875 enim
1472 1824 1626 1875 nobis
1668 1825 1719 1875 in
1758 1822 1997 1885 Christo,
2040 1832 2095 1875 et

514 1916 693 1985 ipsum
726 1915 889 1968 robur
930 1924 1176 1968 nostrum
1218 1912 1488 1975 ducimus,
1526 1922 1581 1965 et
1616 1912 1731 1977 ipso
1762 1913 2003 1978 nitimur,
2043 1922 2095 1966 et

519 2017 683 2061 totum
721 2007 846 2061 vitae
880 2016 1079 2060 uosme
1106 2020 1255 2076 spem
1293 2004 1345 2057 in
1376 2020 1441 2059 eo
1474 2004 1774 2074 deligimus.
1803 2003 1917 2057 Non
1950 2003 2093 2058 enim

454 2112 467 2121 ‘
515 2099 743 2165 legatus,
798 2113 903 2153 non
947 2096 1185 2166 angelus,
1236 2097 1331 2151 sed
1390 2096 1504 2165 ipse
1555 2097 1813 2151 Dominus
1869 2095 2095 2150 salvavit

516 2204 615 2245 nos
637 2189 715 2256 ⁸⁸;
748 2198 804 2243 et
833 2197 893 2242 ut
923 2188 1054 2241 dicit
1092 2187 1281 2242 beatus
1327 2185 1653 2250 Psalmiccu,
1694 2205 1711 2237 ι
1744 2186 1885 2240 Deus
1911 2194 2096 2239 uoster

516 2280 787 2351 refugium
839 2289 894 2336 et
944 2281 1154 2343 virtus,
1212 2278 1500 2334 auxiliator
1558 2278 1609 2332 in
1658 2277 2095 2333 tribulationibus

515 2390 637 2445 qua
676 2375 1119 2429 inveneruntnos
1155 2372 1313 2427 nimis
1335 2372 1399 2424 ".
1432 2389 1450 2422 ι

1155 2689 1307 2748 CAP.
1352 2688 1444 2742 X1.

590 2830 746 2882 Vsus.
793 2829 842 2891 l,
874 2828 928 2881 2.
972 2826 1154 2894 Aperi,
1194 2824 1418 2889 Libane,
1469 2832 1645 2890 portas
1685 2831 1827 2886 tuas,
1868 2828 1915 2873 et
1954 2835 2094 2872 com-

515 2925 632 2973 eJat
661 2920 797 2989 ignis
828 2918 1009 2969 θρόνοι
1037 2926 1178 2968 tuas.
1214 2913 1386 2967 Ulnlet
1426 2914 1606 2981 pinus,
1633 2911 1757 2981 quia
1791 2909 1977 2989 cecidit
2013 2925 2094 2961 ce-

515 3018 666 3072 drus,
698 3008 820 3078 quia
868 3009 1194 3061 vehementer
1231 3005 1407 3057 miseri
1456 3003 1587 3073 [acti
1635 3010 1758 3056 sunt
1791 2986 2090 3069 optimates.

514 3101 753 3163 (ilulute,
778 3114 1001 3170 quercus
1030 3095 1379 3160 Basanilidis,
1412 3096 1537 3165 quia
1570 3094 1802 3148 succisus
1821 3100 1893 3147 est
1926 3090 2092 3145 saltus

459 3243 467 3253 ,
514 3194 759 3246 consitus.

588 3370 798 3427 LXXV.
844 3373 1116 3425 Dictorum
1166 3369 1615 3439 significationem
1665 3380 1808 3421 nunc
1848 3367 1914 3421 ad
1963 3366 2094 3421 alios

519 3465 784 3533 quosdam
820 3480 1010 3519 sensus
1052 3466 1445 3517 accommodat.
1480 3461 1610 3514 Nam
1644 3476 1763 3513 cum
1791 3459 1933 3528 quod
1966 3459 2095 3511 satis

516 3570 622 3622 est,
656 3569 711 3612 et
742 3558 1016 3629 aptissime
1044 3566 1315 3611 narrasset
1354 3556 1418 3609 de
1453 3555 1734 3608 vocatione
1777 3550 2012 3622 gentium
2043 3551 2094 3604 in

516 3652 733 3706 Christo
775 3666 869 3720 per
915 3649 1098 3714 fidem,
1150 3647 1388 3701 futuram
1439 3662 1602 3717 Super
1639 3660 1705 3699 eo
1749 3642 2097 3697 incredulita-

518 3757 624 3799 tem
676 3743 1067 3809 lsraelitarum,
1098 3740 1260 3812 755
1298 3751 1540 3810 tempore
1587 3754 1694 3807 quo
1744 3738 1905 3791 homo
1957 3736 2097 3788 inter

516 3851 615 3890 nos
644 3834 744 3889 fuit
775 3835 1048 3899 videlicet,
1076 3834 1383 3887 luculenter
1421 3831 1779 3899 praenuntiat,
1808 3837 1861 3881 et
1894 3828 1997 3881 hac
2033 3827 2098 3881 de

516 3943 681 3981 causa
728 3925 1123 3980 incendendum
1175 3922 1436 3991 templum
1483 3922 1679 3988 ipsum,
1723 3928 1889 3987 atque
1932 3918 2095 3972 etiam

520 4016 973 4086 Hierosolymam,
1024 4024 1081 4068 et
1131 4014 1350 4081 insuper
1388 4009 1712 4080 subigendas
1754 4010 1897 4077 ipsas
1937 4011 2097 4065 urbes

517 4110 708 4175 Israel,
758 4120 813 4164 et
855 4124 978 4164 cum
1015 4107 1145 4176 ipsis
1177 4104 1371 4159 incolis
1406 4104 1691 4174 perituras.
1752 4101 1877 4157 llzec
1919 4113 2095 4157 autem

519 4219 615 4271 per
657 4215 851 4256 manus
880 4199 1250 4254 Romanorum
1297 4204 1508 4263 patrata
1547 4201 1693 4261 sunt,
1727 4190 2013 4261 aliquando
2043 4190 2097 4243 in

518 4296 759 4351 .Iudmam
824 4291 1157 4361 Vespasiano
1188 4300 1242 4344 ct
1273 4288 1397 4345 Tito
1426 4302 1575 4343 arma
1620 4285 1987 4341 moventibus.
2027 4282 2098 4337 Et

519 4400 593 4441 εει
608 4396 687 4449 ,ut
705 4392 1409 4453 apparet,su.pervacaneum
1433 4378 1733 4433 minutatim
1752 4375 1957 4447 singula
1976 4388 2096 4443 per-

2206 539 2291 606 ἐφ’
2316 540 2481 608 ἡμᾶς,
2509 539 2617 608 ἄρα
2645 538 2849 603 ζῶντας
2880 535 2943 590 ἂν
2976 537 3233 589 κατέπιον
3266 538 3436 607 ἡμᾶς.
3479 537 3565 590 Ἐν
3592 539 3661 611 τῷ
3702 540 3795 609 ὀρ-

2205 627 2458 698 γισθῆναι
2488 628 2577 681 τὸν
2609 626 2778 697 θυμὸν
2805 626 2982 680 αὐτῶν
3010 626 3093 695 ἐφ’
3128 628 3290 697 ἡμᾶς,
3317 627 3423 697 ἄρα
3449 627 3511 680 τὸ
3542 628 3689 699 ὕδωρ
3724 631 3792 684 ἂν

2206 722 2586 773 κατεπόντισεν
2609 722 2774 789 ἡμᾶς.
2802 719 3114 792 Χείμαρρον
3136 719 3347 791 διῆλθεν
3373 722 3406 790 ἡ
3433 723 3577 792 ψυχὴ
3606 725 3638 793 ὴ
3648 722 3789 793 μῶν,

2204 808 2310 879 ἄρα
2334 807 2547 878 διῆλθεν
2574 810 2605 879 ἡ
2632 809 2777 880 ψυχὴ
2812 808 2967 881 ἡμῶν
2998 809 3057 861 τὸ
3090 804 3233 881 ὕδωρ
3260 810 3320 863 τὸ
3348 812 3741 869 ἀνυπόστατον.
3767 834 3784 865 ι

2206 894 2412 971 Ὥσπερ
2446 901 2537 965 δέ,
2583 900 2767 971 φησιν,
2818 902 3159 973 αἰχμάλωτος
3196 902 3437 972 γεγονὼς
3482 906 3510 957 ὁ
3546 906 3788 977 Ἰσραὴλ,

2203 994 2297 1048 καὶ
2331 996 2410 1057 εἰς
2465 994 2778 1065 Ἀσσυρίους
2811 1011 2869 1047 τε
2916 996 3008 1048 καὶ
3050 984 3271 1065 Μήδους
3314 998 3787 1067 ἀπενηνεγμένας,

2201 1086 2383 1158 διέδρα
2434 1085 2533 1148 τὰς
2588 1086 2808 1139 ἐκείνων
2868 1086 3053 1158 ὕϐρεις
3117 1088 3232 1157 ἤτοι
3302 1087 3648 1155 πλεονεξίας,
3701 1093 3791 1145 ἀεὶ

2204 1180 2613 1249 προσκειμένων
2645 1179 2737 1230 καὶ
2795 1178 3049 1247 πολεμεῖν
3091 1179 3359 1232 εἰωθότων
3391 1182 3612 1244 αὐτοῖς’
3644 1185 3789 1237 κατὰ

2199 1268 2290 1320 τὸν
2324 1267 2436 1321 ίσον
2482 1270 2703 1339 τρόπον,
2752 1270 2936 1338 φησὶν,
2983 1269 3033 1319 οἱ
3068 1268 3467 1340 λελυτρωμένοι
3514 1271 3605 1324 διὰ
3647 1273 3785 1344 Χρι-

2203 1359 2352 1425 στοῦ,
2391 1360 2672 1431 κρείττους
2703 1361 2917 1413 ἔσονται
2958 1359 3064 1413 τῶν
3083 1361 3313 1432 ἐχθρῶν,
3350 1361 3561 1432 ὁρατῶν
3595 1363 3785 1434 δηλον-

2200 1450 2282 1502 ότι
2328 1450 2422 1504 καὶ
2486 1451 2752 1522 ἀοράτων,
2796 1451 2845 1504 οἳ
2904 1453 3192 1523 μονονουχὶ
3254 1453 3349 1506 καὶ
3398 1453 3786 1520 κατεϐιάζοντο

2201 1541 2335 1612 πρὸς
2358 1541 2656 1612 ἀϐούλητον
2694 1541 2943 1595 δουλείαν
2986 1543 3203 1608 αὐτοὺς,
3236 1546 3329 1597 καὶ
3363 1539 3473 1597 οἷον
3503 1546 3783 1617 αἰχμαλώ-

2200 1649 2326 1694 τους
2372 1632 2665 1701 γεγονότας
2706 1634 2804 1703 τῆς
2851 1629 2907 1700 ἐξ
2968 1633 3103 1697 ιδίας
3164 1636 3482 1707 σκαιότητος
3539 1641 3782 1710 συνεῖχον

2198 1723 2433 1794 δεσμοῖς.
2473 1724 2630 1779 Ἀλλὰ
2656 1724 2751 1778 καὶ
2780 1725 2983 1779 τούτων
3009 1726 3221 1781 ἔσονται
3252 1730 3553 1800 κρείττους,
3595 1730 3783 1802 ὕϐρεις

2194 1834 2254 1869 τε
2293 1816 2391 1879 τὰς
2432 1817 2563 1887 παρ’
2598 1818 2822 1871 ἐκείνων
2872 1818 3251 1889 διαφεύξονται
3291 1822 3385 1875 καὶ
3433 1823 3783 1891 πλεονεξίας,

2196 1908 2330 1962 Θεοῦ
2382 1908 2801 1980 κατισχύοντος,
2850 1910 2934 1979 ἐφ’
2976 1904 3020 1980 ᾧ
3054 1913 3573 1985 καικαυχήσονται.
3622 1916 3786 1985 Μέγα

2195 2000 2303 2069 γὰρ
2336 2001 2642 2071 φρονοῦμεν
2671 2001 2762 2055 ἐπὶ
2788 2002 3027 2074 Χριστῷ,
3058 2004 3151 2056 καὶ
3179 2005 3341 2058 αὐτὸν
3374 2006 3525 2075 ἰσχὺν
3555 2009 3786 2079 πεποιήο

2199 2088 2335 2158 μεθα
2358 2128 2372 2152 ,
2406 2089 2499 2142 καὶ
2527 2091 2612 2142 ἐπ’
2653 2090 2803 2161 αὐτῷ
2836 2092 3281 2163 τεθαρῤἡκαμεν,
3311 2095 3406 2147 καὶ
3441 2095 3539 2164 τῆς
3572 2096 3782 2151 ἑαυτῶν

2196 2178 2341 2247 ζωῆς
2370 2179 2496 2242 ὅλας
2526 2178 2720 2250 ἔχομεν
2743 2182 2840 2245 τὰς
2874 2182 3116 2245 ἐλπίδας.
3144 2182 3218 2235 Οὐ
3250 2182 3358 2254 γὰρ
3386 2183 3650 2254 πρέσϐυς,
3684 2184 3785 2238 οὐκ

2194 2267 2442 2336 ἄγγελος,
2487 2270 2599 2322 ἀλλ’
2639 2270 2801 2333 αὐτὸς
2834 2272 2862 2324 ὁ
2900 2270 3104 2345 Κύριος
3147 2273 3351 2328 ἔσωσεν
3395 2276 3575 2345 ἡμᾶς’
3621 2269 3783 2348 καὶῇ

2197 2376 2360 2431 φησιν
2385 2362 2413 2413 ὁ
2454 2361 2722 2433 μακάριος
2743 2363 3068 2435 Ψαλμῳδὸς,
3101 2385 3118 2417 ι
3160 2365 3384 2438 ’0,Θεδς
3410 2366 3571 2437 ἡμῶν
3611 2384 3785 2423 κατα-

2197 2454 2365 2524 φυγὴ,
2398 2456 2489 2507 καὶ
2515 2455 2775 2527 δύναμις,
2796 2456 2988 2529 βοηθὸς
3016 2458 3073 2511 ἐν
3103 2456 3312 2529 θλίψεσι
3340 2462 3461 2523 ταῖς
3488 2460 3785 2535 εὑρούσαις

2197 2545 2343 2614 ἡμᾶς
2380 2545 2607 2618 σφόδρα.

2787 2686 3036 2741 ΚΕΦΑΛ.
3086 2687 3189 2740 IA'.

2264 2810 2595 2889 AldrmEor,
2644 2825 2677 2876 ό
2712 2824 2988 2889 Λίϐανος,
3039 2827 3148 2891 τὰς
3192 2825 3375 2892 θύρας
3422 2840 3561 2889 σου,
3602 2840 3786 2877 κατα-

2196 2912 2425 2982 φαγέτω
2463 2913 2582 2982 πῦρ
2630 2916 2736 2977 τὰς
2770 2912 3022 2982 κέδρους
3075 2929 3213 2977 σου.
3265 2913 3639 2978 Ὁλολυξάτω
3686 2915 3790 2965 ,πί-

2195 3024 2326 3072 τυς,
2368 3005 2516 3059 διότι
2566 3005 2839 3059 πέπτωκε
2878 3004 3105 3075 κέδρος.
3162 3006 3251 3060 ὅτι
3294 3006 3570 3077 μεγάλως
3614 3021 3789 3076 μετι-

2196 3097 2418 3164 στᾶνες
2459 3097 2976 3167 ἐταλαιπώρησαν.
3030 3100 3407 3167 Ὀλολύξατε,
3462 3099 3636 3168 δρύες
3674 3098 3787 3167 τῆς

2196 3188 2614 3256 Βασανίτιδος,
2663 3190 2752 3243 ὅτι
2795 3191 3185 3259 κατεσπάσθη
3239 3195 3271 3246 ό
3304 3191 3527 3261 δρυμὸς
3562 3194 3593 3245 ό
3628 3192 3785 3260 σύμ-

2195 3300 2405 3351 φυτος.

2269 3376 2388 3430 ()Ε’.
2432 3375 2735 3445 Μεθίστησι
2790 3376 2881 3430 νῦν
2933 3375 3016 3444 ἐφ’
3063 3376 3265 3446 ἐτέρων
3321 3376 3442 3428 τινὰ
3494 3377 3786 3446 νοημάτων

2196 3467 2314 3521 ὁδὸν
2342 3468 2447 3519 τῶν
2473 3467 2780 3537 λεγομένων
2809 3468 2904 3539 τὴν
2929 3468 3180 3540 δήλωσιν.
3220 3469 3575 3541 Ἀποχρῶσαν
3602 3472 3661 3525 δὲ
3685 3472 3787 3544 τὴν

2198 3560 2475 3629 ἀφήγησιν
2504 3554 2562 3611 εὖ
2598 3559 2743 3629 μάλα
2770 3561 3139 3631 πεποιημένος
3167 3562 3266 3631 τὴν
3297 3562 3423 3631 περί
3454 3579 3516 3630 γε
3551 3564 3653 3634 τῆς
3677 3562 3787 3618 τῶν

2199 3650 2369 3704 ἐθνῶν
2420 3651 2659 3721 κλήσεως
2715 3650 2814 3721 τῆς
2866 3653 2922 3704 ἐν
2962 3652 3180 3723 Χριστῷ
3235 3654 3322 3706 διὰ
3367 3655 3636 3719 πίστεως,
3688 3656 3787 3727 τὴν

2200 3742 2463 3812 ἐσομένην
2496 3744 2583 3793 ἐπ’
2614 3741 2762 3811 αὐτῷ
2794 3743 3139 3796 δυσπείθειαν
3174 3743 3280 3796 τῶν
3306 3744 3364 3808 ἐξ
3400 3745 3616 3817 Ἰσραὴλ
3643 3748 3787 3799 κατὰ

2200 3834 2289 3885 τὸν
2331 3834 2430 3897 τῆς
2501 3832 2965 3905 ἐνανθρωπήσεως
3012 3834 3253 3905 δηλονότι
3305 3836 3520 3907 καιρὸν,
3572 3854 3791 3907 προαφ-

2200 3927 2416 3994 ηγεῖται
2451 3926 2657 3994 σαφῶς,
2700 3926 2793 3979 καὶ
2823 3927 2903 3979 ὅτι
2926 3927 3128 3997 ταύτης
3145 3926 3308 3981 ἓνεκα
3327 3928 3423 3999 τῆς
3451 3928 3633 3993 αἰτίας
3662 3947 3789 3984 κατ-

2200 4015 2582 4086 εμπρησθῆναι
2620 4017 2701 4069 δεῖ
2732 4017 2820 4070 τὸν
2850 4016 2974 4070 ναόν
3006 4019 3165 4071 αὐτὸν
3188 4060 3202 4084 ,
3246 4020 3338 4072 καὶ
3370 4022 3552 4090 μέντοι
3581 4021 3789 4089 cii-'15;

2204 4108 2499 4178 ροσόλυμα,
2532 4108 2875 4179 προσαλῶναι
2901 4109 2957 4161 δὲ
2994 4110 3088 4163 καὶ
3116 4109 3283 4173 αὐτὰς
3310 4109 3404 4163 τοῦ
3440 4111 3655 4183 Ἰσραὴλ
3685 4113 3788 4176 τὰς

2201 4196 2405 4262 πόλεις,
2435 4198 2529 4249 καὶ
2558 4196 2949 4255 συνδιολεῖσθαι
2973 4201 3084 4261 τοῖς
3127 4198 3426 4250 ἐνοικοῦσιν
3462 4199 3649 4262 αὐτάς.
3682 4200 3789 4254 Πέ-

2201 4305 2441 4359 πρακται
2479 4288 2536 4341 δὲ
2564 4288 2733 4341 ταῦτα
2766 4289 2855 4341 διὰ
2886 4289 3065 4360 χειρὸς
3094 4288 3201 4342 τῶν
3237 4290 3545 4360 Ῥωμαίων,
3583 4308 3777 4363 στρατη

2201 4381 2477 4452 ηγούντων
2521 4382 2663 4435 κατὰ
2709 4382 2900 4454 καιρὸν
2940 4382 3346 4436 Οὐεσπασιανοῦ
3382 4400 3440 4435 τε
3470 4385 3563 4436 καὶ
3595 4384 3780 4437 Τίτου.

520 4493 763 4543 censere,
791 4492 909 4546 qua:
942 4473 1254 4529 Judmorum
1290 4474 1535 4537 urbibus,
1568 4471 1681 4526 sive
1712 4470 1945 4539 populis,
1970 4482 2095 4537 pro—

2204 4474 2313 4527 Καὶ
2348 4473 2620 4543 περιττὸν,
2650 4472 2724 4536 ῶς
2756 4472 2952 4538 ἔοικεν,
2982 4474 3308 4544 ἀφηγεῖσθαι
3336 4473 3547 4538 λεπτῶς
3574 4475 3782 4529 ἕκαστα

520 4580 640 4639 pter
674 4565 1149 4621 debacchatiouem
1183 4564 1233 4616 in
1285 4563 1558 4617 Christum
1608 4566 1926 4624 evenerunt,
1973 4573 2095 4639 cum

520 4638 826 4713 volentibus
850 4653 1068 4722 Josephi
1110 4653 1392 4707 historiam
1440 4651 1619 4721 legere
1653 4649 1834 4715 liceat,
1870 4660 1923 4702 ct
1974 4638 2098 4704 inde

520 4765 641 4818 qua:
684 4748 903 4802 libuerit
948 4746 1155 4815 singula
1207 4752 1459 4799 accurate
1490 4756 1836 4813 cognoscere.
1883 4739 2099 4795 Transit

521 4842 685 4910 igitur
716 4839 783 4893 ad
826 4852 921 4893 eos
949 4836 1038 4904 qui
1073 4844 1229 4891 erant
1275 4837 1342 4890 de
1388 4833 1649 4905 sanguine
1692 4831 1876 4886 Israel.
1922 4834 1984 4886 Et
2014 4833 2100 4886 Li-

522 4934 662 4986 bauo
688 4930 905 5001 quidem
946 4935 1223 4997 comparat
1252 4924 1492 4980 Iudaeam
1523 4942 1537 4980 :
1567 4926 1961 4993 quamobrem?
2006 4923 2100 4979 Est

525 5024 669 5077 cuitu
710 5021 953 5077 Libauus
1017 5034 1172 5074 mons
1225 5020 1438 5074 decoris
1506 5018 1789 5074 arboribus
1845 5026 1898 5070 et
1951 5018 2099 5072 silvis

524 5115 864 5170 densissimis
894 5112 1237 5179 consmcuus.
1277 5110 1587 5166 Iudaeorum
1615 5121 1795 5165 autem
1828 5112 1969 5180 regio
2001 5126 2100 5180 po.

526 5201 873 5271 pulOsissiiua
903 5240 918 5265 ,
950 5209 1007 5253 et
1037 5199 1529 5254 innumerabilibus
1567 5200 1759 5253 incolis
1794 5199 2097 5267 frequentis

526 5297 686 5357 siina,
725 5306 778 5349 et
818 5294 971 5362 quasi
1016 5295 1206 5349 cedros
1240 5302 1332 5347 aut
1380 5294 1538 5362 pinus
1574 5291 2005 5363 procerissimas,
2047 5302 2099 5346 et

526 5384 647 5437 aliis
689 5384 858 5452 magis
899 5384 1167 5449 visendas,
1221 5386 1552 5449 sacerdotes,
1605 5385 1844 5453 inquam,
1888 5394 1941 5436 et
1986 5384 2099 5437 suis

528 5475 860 5542 temporibus
893 5490 956 5528 ex
985 5476 1126 5528 tribu
1156 5474 1296 5529 Juda
1342 5486 1652 5545 regnantes,
1700 5485 1753 5528 et
1778 5475 1866 5543 qui
1905 5474 2103 5542 prim-i-

522 5574 682 5634 patus
727 5568 1061 5621 ornamentis
1110 5567 1448 5632 eminentes,
1500 5576 1605 5619 tota
1651 5566 1927 5635 provincia
1986 5565 2098 5618 nati

602 5736 643 5766 ’⁷
669 5747 811 5803 Psai.
844 5747 1166 5817 cxnn,l-5.
1248 5748 1294 5780 "
1316 5746 1480 5803 Hebr.
1514 5762 1572 5811 ιι,
1608 5744 1690 5800 l6.

2194 4563 2302 4617 τῶν
2332 4562 2754 4633 συμϐεϐηκότων
2784 4566 2901 4626 ταῖς
2934 4564 3042 4616 τῶν
3078 4564 3344 4617 Ἰουδαίων
3379 4565 3619 4631 πόλεσιν,
3665 4567 3781 4636 ἦτοι

2194 4654 2408 4725 δήμοις,
2437 4656 2535 4724 τῆς
2583 4657 2661 4718 εἰς
2705 4656 2938 4726 Χριστὸν
2973 4655 3136 4709 ἕνεκα
3168 4658 3477 4728 παροινίας·
3518 4655 3637 4721 ἐξὸν
3672 4660 3783 4723 τοῖς

2197 4745 2438 4800 ἐθέλουσι
2464 4750 2572 4810 τοῖς
2611 4747 2873 4817 Ἰωσήπου
2906 4748 3335 4818 συγγράμμασιν
3360 4749 3625 4817 ἐντυχεῖν,
3656 4749 3787 4801 ἁναο

2200 4837 2391 4907 μαθεῖν
2427 4855 2485 4889 τε
2517 4838 2724 4905 σαφῶς,
2768 4838 2909 4909 άπερ
2942 4836 3006 4892 ἂν
3039 4838 3241 4891 ἕλοιντο
3268 4838 3501 4902 λεπτῶς.
3538 4840 3784 4892 Μετακο-

2211 4927 2355 4997 μίξει
2383 4927 2448 4996 δὴ
2474 4922 2565 4978 οὖν
2591 4928 2680 4979 τὸν
2719 4926 2873 4995 λόγον
2914 4928 3005 4979 ἐπὶ
3034 4928 3161 4989 τοὺς
3187 4924 3245 4991 ἐξ
3277 4926 3509 4997 αἵματος
3545 4926 3783 4997 Ἰσραήλ.

2208 5018 2317 5070 Καὶ
2349 5017 2566 5088 Λιϐάνῳ
2595 5016 2694 5086 μὲν
2724 5018 3043 5089 παρεικάζει
3072 5017 3167 5089 τὴν
3203 5018 3482 5084 Ἰουδαίαν,
3510 5019 3599 5072 διὰ
3628 5020 3789 5071 ποίαν

2210 5109 2421 5175 αἱτίαν;
2472 5108 2705 5175 Εῠξυλον
2737 5110 2834 5179 μὶν
2878 5110 2986 5181 γὰρ
3022 5110 3145 5181 ὅρος
3171 5113 3199 5163 ό
3231 5110 3491 5176 Λίϐανος,
3532 5112 3627 5164 καὶ
3663 5111 3788 5182 δρυ-

2205 5204 2324 5273 μοῖς
2377 5202 2717 5271 ἀμφιλαφέσι
2766 5203 3100 5272 κατάκομον.
3147 5202 3689 5274 Πολυανθρωποτάτη
3732 5202 3787 5255 δὲ

2202 5295 2294 5347 καὶ
2326 5295 2358 5364 ἡ
2392 5293 2500 5346 τῶν
2536 5294 2805 5347 Ἰουδαίων
2849 5294 3036 5366 χώρα,
3083 5295 3174 5347 καὶ
3216 5292 3451 5365 ἀριθμοῦ
3503 5294 3787 5365 κρείττονα

2201 5386 2298 5455 τὴν
2332 5386 2441 5440 τῶν
2489 5387 2840 5440 ἐνοικούντων
2893 5386 3091 5457 ἔχουσα
3140 5388 3367 5456 πληθὺν,
3418 5386 3511 5439 καὶ
3551 5384 3665 5438 οἷον
3702 5389 3790 5438 κέ-

2202 5477 2359 5546 δρους
2392 5478 2424 5547 ἢ
2484 5478 2642 5541 πίτυς
2673 5479 3108 5549 εὑμηκεστάτας,
3138 5478 3264 5540 τοὺς
3292 5478 3397 5530 τῶν
3430 5478 3605 5531 ἄλλων
3636 5494 3789 5546 περι-

2206 5570 2604 5641 φανεστέρους,
2651 5572 2832 5640 ἱερέας
2880 5571 2938 5622 τέ
2990 5588 3133 5640 φημι
3182 5571 3274 5623 καὶ
3322 5570 3449 5632 τοὺς
3501 5570 3565 5621 ἐκ
3619 5568 3791 5636 φυλῆς

1772 5747 1814 5777 ⁵⁹
1835 5744 1973 5800 Ρε;ι1.
2004 5762 2125 5813 XLV,
2148 5746 2198 5799 1.
