4026 6276
197 389 288 442 177

1004 387 1558 446 COMMENTARIUS
1600 389 1662 443 IN
1708 387 2111 446 ZACHARIAM
2154 391 2596 448 PROPIIETAM.

3349 399 3468 452 Πᾶς

204 503 367 556 Ἰούδα
400 504 547 557 κατὲ
575 505 797 576 καιροὺς
833 503 1234 575 βασιλεύοντας,
1269 507 1317 559 οἳ
1364 506 1459 558 καὶ
1502 505 1601 575 τῆς
1637 507 1768 575 ἡγε-

1886 518 2048 573 erant,
2083 509 2406 577 sublitnique
2434 509 2602 577 gloria
2647 505 2927 573 florebant,
2963 507 3262 563 continens.
3296 509 3446 563 Post-

196 601 380 669 μονίας
427 599 736 670 αὐχήμασιν
801 600 1336 670 ὑπερανεστηκότες,
1391 599 1660 669 γνώριμοί
1710 617 1768 652 τε

191 687 327 762 ἦσαν
357 695 468 752 τοῖς
511 691 611 742 άνά
641 691 818 744 πᾶσαν
856 693 956 761 τὴν
999 690 1206 763 χώραν,
1259 689 1394 760 fricti
1428 708 1486 744 τε
1522 691 1772 763 ᾑρμένην

194 782 347 852 ἔσχον
372 782 465 852 τὴν
490 782 663 849 δόξαν.
705 782 923 854 Ἐπειδὴ
952 782 1494 854 δὲ’δεδυσσεϐἡκασιν
1525 784 1606 846 είς
1644 785 1774 855 Χρι-

197 875 346 928 στόνο
375 895 392 927 ι
421 872 598 946 Ἷίραν
623 875 729 943 γὰρ
754 875 854 946 τὴν
884 875 1066 928 κλεῖδα
1096 875 1194 945 τῆς
1223 876 1498 942 γνώσεως,
1531 876 1626 928 καὶ
1649 873 1772 928 οὗτε

195 967 342 1019 αὐτοὶ
402 966 681 1036 είσῆλθον,
732 966 859 1019 οὔτε
908 969 1034 1029 τοὺς
1082 966 1499 1038 εἰσερχομένους
1551 967 1804 1037 ἀφῆκαν.

193 1054 462 1118 εἰσελθεῖν,
488 1075 506 1106 ›
543 1057 638 1109 καὶ
677 1056 988 1110 τελευταῖον
1028 1056 1403 1129 ἐσταύρωσαν,
1450 1057 1632 1111 καίτοι
1678 1059 1775 1113 καὶ

190 1147 556 1215 ἐπεγνωκότες
581 1149 662 1202 ὅτι
696 1149 858 1212 αὑτός
886 1150 1030 1202 ἐστιν
1057 1151 1084 1202 ὁ
1119 1149 1454 1220 κληρονόμος
1473 1166 1486 1180 ·
1517 1150 1774 1222 ταύτῃτοι

188 1237 409 1304 δικαίως
449 1241 620 1311 ἄρδην
661 1240 1002 1294 ἀπολώλασιν
1046 1239 1218 1303 οἴκοις
1263 1257 1322 1294 τε
1355 1241 1489 1312 ὁμοῦ
1534 1244 1626 1297 καὶ
1680 1244 1775 1296 πό-

185 1331 336 1394 λεσι,
375 1332 468 1384 καὶ
497 1331 794 1400 φιλτάτοις.
835 1333 1044 1386 Οὐκοῦν
1076 1335 1492 1405 αἰνιγματωδῶς
1543 1336 1776 1391 Λίϐανον

186 1421 312 1492 μὲν,
340 1423 416 1486 ὡς
460 1422 618 1493 έιρην,
662 1425 761 1494 τὴν
801 1424 1059 1479 Ἰουδαίαν
1099 1425 1390 1492 ἀποκαλεῖ,
1440 1427 1677 1500 δένδροις
1717 1429 1773 1482 δὲ

181 1516 296 1574 τοῖς
334 1515 768 1585 εὐμηκεστάτοις
793 1513 1139 1584 παρεικάζει
1169 1518 1295 1580 τοὺς
1324 1518 1382 1571 ὲν
1412 1518 1578 1588 αὐτῇι·
1599 1519 1770 1589 προῦ-

185 1623 404 1676 χοντας,
436 1608 512 1671 ὡς
538 1607 648 1661 τῶν
685 1608 861 1662 ἄλλων
901 1609 1316 1681 ὑπερῃρμένους
1351 1609 1621 1664 καὶ·πολὺ
1651 1611 1770 1666 λίαν

184 1698 615 1769 ὑπερφέροντας,
643 1701 724 1753 ὅτι
752 1700 807 1753 δὲ
835 1700 1056 1771 ἔμελλεν
1091 1700 1294 1756 ἁλῶναί
1320 1716 1380 1756 τε
1409 1703 1608 1775 ῥᾳδίως
1631 1745 1646 1765 .
1677 1704 1771 1758 καὶ

183 1789 259 1852 ὡς
293 1789 542 1843 ἀπώλετο
571 1791 1089 1862 πόλις.είσχεόμενον
1120 1793 1220 1863 μὲν
1251 1794 1656 1864 παραδέξασθαι
1679 1797 1770 1850 τὺν
1808 1799 1811 1802 ’

1875 613 2035 668 quam
2070 608 2248 654 autem
2275 598 2547 653 Christum
2575 598 2738 670 impie
2766 599 3069 652 habuerunt
3096 617 3108 651 :
3133 617 3150 650 t
3191 599 3447 654 Tulcruut

1874 691 2017 744 enim
2069 691 2276 746 clavem
2331 690 2592 755 scientiae,
2643 700 2696 744 et
2751 705 2923 760 neque
2965 689 3066 759 ipsi
3104 689 3448 752 ἱειῑΓοῖιϊιιιιῖ,

1875 795 2047 850 neque
2077 782 2282 851 ingredi
2316 783 2564 838 volentes
2596 782 2963 853 permiserunt
2987 782 3053 847 θ’,
3086 800 3106 833 ι
3143 790 3197 836 et
3228 781 3444 833 tandem

1874 872 2297 940 cruciﬁxerunt,
2361 875 2613 944 quamvis
2670 874 2877 928 scirent
2935 873 3112 942 ipsum
3174 872 3446 926 lmredeni

1873 965 2094 1032 esse“;
2136 965 2336 1020 idcirco
2364 966 2487 1035 jure
2529 966 2768 1020 funditus
2796 981 2917 1021 cum
2956 965 3230 1027 domibus,
3267 973 3319 1017 et
3360 979 3460 1018 ur-

1875 1057 2056 1123 bibus,
2091 1067 2145 1110 et
2187 1057 2444 1113 uxoribus
2484 1068 2645 1128 atque
2681 1058 2868 1112 liberis
2898 1057 3238 1112 interierunt.
3272 1054 3455 1123 Quare

1874 1151 1974 1205 sub
2002 1151 2288 1222 aenigmate
2309 1151 2498 1206 Libani
2530 1151 2746 1206 nomine
2770 1148 3032 1213 Judaeam,
3070 1157 3129 1203 ut
3153 1148 3283 1211 dixi,
3322 1161 3459 1199 nur-

1875 1250 2036 1311 cupat
2067 1263 2078 1297 :
2113 1258 2236 1297 cum
2269 1242 2552 1296 arboribus
2592 1249 2771 1295 autem
2808 1239 3126 1296 ccl'sissiniis
3175 1239 3445 1309 primores

1874 1343 2210 1403 elaproceres
2237 1333 2357 1403 ejus
2390 1333 2620 1401 confert,
2648 1341 2710 1392 ut
2763 1333 2972 1388 caeteris
3003 1333 3353 1388 sublimiores
3393 1343 3449 1385 et

1873 1437 2132 1492 perquam
2157 1426 2475 1478 eminentes.
2503 1423 2811 1478 Perituram
2833 1432 3014 1476 autem
3043 1421 3233 1475 urbem
3265 1421 3446 1483 facile,

1873 1521 1930 1564 ut
1954 1512 2114 1565 etiam
2147 1511 2328 1579 periit,
2369 1511 2742 1567 infundentem
2784 1528 2843 1566 se
2882 1511 3220 1580 suscipiendo
3251 1511 3448 1566 Roma-

1873 1619 2080 1658 norum
2108 1605 2446 1669 exercitum,
2505 1612 2668 1671 atque
2717 1603 2793 1657 ita
2842 1604 3012 1656 instar
3059 1601 3206 1656 silvae
3250 1601 3446 1671 injecta

1871 1694 2090 1748 ﬂamma
2117 1695 2542 1749 consumendant
2571 1694 2837 1762 signiﬁcat
2863 1708 2984 1748 cum
3012 1691 3140 1746 dicit
3171 1709 3184 1746 :
3221 1709 3238 1740 ι
3266 1693 3448 1760 Aperi,

1875 1785 2099 1850 Libane,
2129 1796 2314 1855 portas
2362 1797 2502 1850 tuas,
2541 1795 2593 1839 et
2624 1786 2871 1839 comedat
2916 1785 3054 1854 ignis
3087 1785 3278 1838 cedros
3311 1793 3449 1836 tuas.

182 1881 292 1935 τῶν
325 1880 608 1952 Ῥωμαίων
646 1884 896 1954 στρατὸν,
930 1884 1306 1956 δαπανηθῆναι
1353 1903 1411 1940 τε
1446 1887 1640 1954 οὕτως,
1671 1889 1776 1941 ώσ-

1886 1877 2060 1933 Ululet
2103 1878 2282 1946 pinus,
2330 1879 2454 1946 quia
2499 1877 2694 1931 cecidit
2744 1877 2958 1930 cedrus.
2991 1893 3009 1925 ι
3053 1874 3451 1944 Metaplioricus

184 1973 301 2024 ανεὶ
331 1972 424 2025 καὶ
453 1972 656 2043 δρυμὸς
685 1974 1069 2044 ὲπενεχθείσης
1096 1976 1314 2046 φλογὸς,
1345 1994 1553 2048 καταση
1565 1979 1768 2048 μαίνει,

184 2056 390 2126 λέγων·
428 2077 446 2110 ι
478 2059 771 2125 Διάνοιξον,
815 2064 844 2115 ὁ
884 2061 1136 2128 Λίϐανος,
1187 2065 1285 2129 τὰς
1327 2065 1498 2139 θύρας
1529 2085 1643 2130 σου,
1679 2070 1774 2122 καὶ

184 2151 554 2220 καταφαγέτω
585 2152 806 2227 πῦρ-τας
835 2155 1056 2226 κέδρους
1086 2173 1198 2210 σου.
1227 2157 1558 2226 Ὀλολυξάτω
1587 2162 1772 2230 πίτυς,

184 2241 320 2294 διότι
351 2242 609 2296 πέπτωκε
648 2243 857 2314 κέδρος.
885 2265 903 2298 ι
941 2246 1050 2298 Καὶ
1090 2248 1278 2316 γέγονε
1311 2251 1409 2321 μὲν
1435 2254 1499 2304 ὲκ
1540 2271 1777 2323 μεταφο-

187 2335 290 2404 ρᾶς
320 2335 347 2386 ό
375 2333 551 2402 λόγος.
592 2335 898 2404 Ὀνομάσας
931 2335 1314 2407 γάρνΛίϐανον,
1342 2340 1508 2410 ἤγουν
1536 2342 1652 2412 ὄρει
1678 2342 1776 2412 τὴν

185 2422 297 2478 τῶν
333 2423 600 2476 Ἰουδαίων
629 2424 814 2494 χώραν
841 2425 1168 2493 ἀπεικάσας,
1194 2429 1505 2498 ἀναγκαίως
1537 2432 1686 2485 πίτυῖ
1718 2450 1776 2487 τε

187 2516 282 2567 καὶ
309 2514 466 2586 δρυσὶ
494 2516 817 2586 παρεικάζει
843 2517 969 2580 τοὺς
1000 2519 1056 2570 ὲν
1087 2521 1246 2590 αὐτῇ.
1276 2521 1398 2574 Ὅτι
1432 2523 1489 2576 δὲ
1531 2525 1779 2596 περὶάν-

188 2603 423 2675 θρώπων
449 2608 478 2658 ό
514 2606 698 2674 λόγος,
746 2607 1126 2680 ἀταλαίπωρον
1176 2611 1322 2665 ἰδεῖν.
1360 2614 1502 2684 Ἔφη
1540 2615 1649 2686 γὰρ
1692 2617 1781 2668 εύ-

187 2697 322 2763 θὺς,
371 2699 453 2750 ὅτι
507 2699 756 2768 μεγάλως
797 2703 1123 2770 μεγιστᾶνες
1159 2703 1628 2776 ἐταλαιπώρησαν.
1670 2709 1780 2761 Καὶ

188 2789 272 2853 τίς
295 2788 363 2842 ἂν
401 2793 572 2844 νοοῖτο
613 2791 713 2861 τῆς
737 2791 1117 2865 ταλαιπωρίας
1147 2796 1175 2846 ὁ
1208 2797 1428 2865 τρόπος,
1465 2798 1781 2868 παρέδειξεν

190 2881 377 2944 ςίπὼν,
403 2881 476 2951 πῆ
508 2882 626 2952 μὲν,
649 2884 729 2936 ὅτι
758 2903 776 2935 ι
800 2883 1132 2948 Ὀλολυξάτω
1159 2886 1336 2952 πίτυς,
1361 2887 1495 2941 διότι
1523 2889 1781 2944 πέπτωκε

191 2973 436 3051 κέδρος.»
467 2975 860 3048 Καταδηούσης
889 2977 998 3049 γὰρ
1027 2977 1127 3048 τῆς
1161 2979 1449 3050 Ῥωμαίων
1477 2982 1660 3052 χειρὸς
1686 2982 1785 3044 τὰς

192 3071 251 3122 ὲν
284 3072 348 3140 τῇ
386 3070 614 3141 Ἰουδαία
656 3071 868 3137 πόλεις,
919 3072 1199 3125 συνέϐαινε
1245 3073 1367 3128 καθ’
1397 3075 1616 3145 ἡμέραν
1659 3078 1786 3140 τοὺς

193 3161 252 3213 ὲν
285 3162 475 3225 αὑταῖς
526 3161 846 3217 ἁλίσκεσθαι
879 3162 1186 3236 λαμπρούς.
1227 3165 1289 3218 Οί
1327 3165 1383 3218 δὲ
1431 3169 1596 3237 μήπω
1628 3167 1786 3220 τοῦτο

193 3253 542 3318 πεπονθότες,
575 3254 1020 3326 κατωλοφύροντο
1051 3256 1177 3319 τοὺς
1203 3236 1533 3323 ἑαλωκότας,
1564 3258 1658 3310 καὶ
1691 3259 1782 3312 τὸν
1812 3236 1853 3293 C

192 3345 288 3396 ἐπί
321 3345 383 3412 γέ
419 3361 606 3412 σφισιν
643 3347 826 3409 αὐτοῖς
865 3345 1197 3416 εἰσεδέχοντο
1237 3345 1458 3418 θρῆνον,
1489 3348 1691 3419 ἄθυμοι
1723 3349 1782 3404 δὲ

193 3431 334 3505 ἦσαν
364 3436 458 3488 καὶ
491 3437 782 3508 περιδεεῖς,
826 3439 903 3500 ὡς
934 3438 1130 3491 αὐτίκα
1161 3436 1240 3508 δὴ-
1276 3437 1420 3508 μάλα
1458 3439 1618 3494 τοῦτο
1650 3441 1782 3494 αὐτὸ

195 3525 509 3595 πεισόμενοι
536 3525 630 3578 καὶ
657 3525 832 3578 αὐτοί.
859 3526 1030 3578 Τοῦτο
1056 3521 1211 3596 οἶμαι
1245 3523 1441 3596 δηλοῦν
1468 3525 1548 3589 τὸ,
1579 3543 1598 3576 ο
1637 3527 1782 3579 Ὀλο-

194 3616 411 3683 λυξάτω
451 3617 637 3681 πίτυς,
665 3619 746 3670 ὄτι
784 3617 1042 3672 πέπτωκε
1075 3617 1282 3687 κέδρος.
1310 3636 1328 3668 ι
1359 3616 1536 3688 Δρύας
1574 3633 1644 3686 γε
1675 3618 1782 3690 μὴν

197 3707 553 3771 Βασανίτιδος
600 3711 739 3779 τάχα
794 3725 898 3762 που
945 3709 1074 3772 τοὺς
1121 3709 1180 3762 ὲν
1234 3711 1347 3772 τοῖς
1389 3709 1784 3780 Ἰεροσολύμοις

197 3800 483 3854 ἀποκαλεῖ.
510 3801 797 3863 Βασανῖτις
822 3803 918 3872 μὲν
948 3801 1057 3872 γὰρ
1081 3802 1278 3872 χωρίον
1301 3801 1448 3854 ἐστὶν
1474 3802 1531 3854 ἐν
1556 3803 1621 3872 τῇ
1660 3802 1782 3854 Ἰου-

196 3891 342 3963 δαίᾳ,
367 3892 576 3959 εὖγειόν
607 3911 666 3946 τε
695 3893 786 3946 καὶ
825 3893 1284 3964 παμφορώτατον,
1317 3894 1412 3947 καὶ
1452 3893 1631 3964 ὑψηλά
1661 3893 1782 3948 λίαιν

199 3982 464 4052 ἐκτρέφον
500 3982 567 4036 τὰ
601 3983 812 4054 δένδρα.
851 3983 1069 4054 Ἐπειδὴ
1101 3983 1157 4036 δὲ
1186 3983 1296 4036 τῶν
1328 3983 1504 4037 ἄλλων
1547 3980 1687 4055 ἦσαν
1724 3985 1782 4038 ὲν

199 4077 312 4138 τοῖς
347 4075 735 4146 Ἰεροσολύμοις
764 4076 1040 4147 ἀμείνους,
1071 4077 1249 4147 ἱερέας
1277 4076 1333 4130 δέ
1351 4091 1504 4148 ’φημι
1536 4079 1630 4130 καὶ
1658 4078 1782 4141 τοὺς

199 4163 309 4217 τῶν
336 4164 479 4218 λαῶν
507 4166 862 4236 ἡγουμένους,
892 4166 1238 4228 Βασανίτιδος
1266 4165 1458 4229 αὐτοὺς
1481 4165 1783 4219 ἀπεκάλεσε

200 4255 404 4327 δρύας,
445 4258 494 4310 οἳ
535 4258 599 4327 δὴ
634 4258 728 4310 κοιλ⁹
761 4248 1161 4330 τεθρηνὴκασιν
1191 4258 1437 4323 εἰκότως,
1487 4257 1575 4310 διά
1609 4274 1689 4310 τοι
1723 4257 1784 4310 τὸ

200 4342 655 4413 κατασπασθῆναι
687 4345 779 4399 τὸν
809 4345 1012 4416 δρυμὸν
1045 4347 1136 4399 τὸν
1177 4347 1479 4417 σύμφυτον.
1519 4346 1786 4417 Ἐμάνθα-

197 4451 292 4487 νον
322 4435 430 4503 γὰρ
457 4436 538 4486 ὅτι
564 4434 672 4486 τῶν
698 4435 800 4490 ἀνά
827 4439 1005 4489 πᾶσαν
1027 4437 1125 4507 τὴν
1151 4435 1334 4508 χώραν
1360 4431 1448 4490 οἷά
1474 4454 1556 4499 τις
1585 4437 1787 4508 δρυμὸς

199 4526 232 4594 ἡ
283 4523 494 4591 πληθὺς
521 4522 904 4593 δεδαπάνηται,
944 4522 1054 4578 οἷον
1090 4527 1374 4580 πελέκεσιν
1406 4527 1787 4600 ὲκκοπτομένη

1874 1977 1959 2024 est
2004 1984 2204 2024 sermo.
2257 1967 2391 2024 Nam
2447 1982 2568 2021 eum
2625 1965 2889 2020 Libanum
2933 1965 3280 2034 appellasset,
3336 1967 3451 2019 sive

1875 2062 2042 2115 monti
2069 2059 2376 2116 Judzcorum
2412 2059 2684 2130 regionem
2714 2065 3106 2128 comparasset,
3138 2057 3451 2111 necessario

1876 2152 2026 2222 pinui
2075 2161 2130 2206 et
2167 2151 2475 2221 quercubus
2533 2149 2650 2218 ejus
2691 2148 2895 2204 incolas
2936 2147 3140 2202 similes
3181 2147 3329 2200 iacit.
3379 2146 3454 2199 De

1875 2243 2186 2297 hominibus
2227 2250 2405 2295 autem
2439 2241 2601 2295 verba
2645 2240 2782 2304 ileri,
2833 2239 2964 2294 nihil
3012 2238 3209 2309 negotii
3257 2248 3342 2293 est
3376 2237 3454 2290 vi-

1877 2335 2023 2389 dere.
2053 2333 2172 2386 Mox
2217 2335 2360 2389 enim
2391 2334 2486 2396 ait,
2546 2342 2826 2401 magnetes
2854 2335 3115 2403 majorem
3149 2332 3198 2385 in
3237 2333 3455 2386 modum

1881 2425 2052 2481 factos
2096 2426 2504 2480 esse-miseros.
2562 2423 2673 2479 lloe
2720 2441 2887 2494 genus
2934 2425 3167 2479 miseria:
3215 2424 3454 2478 ostendit

1880 2516 2060 2586 aliquo
2095 2516 2273 2580 modo,
2313 2515 2606 2582 subjiciens
2634 2531 2646 2567 :
2681 2533 2700 2566 ι
2733 2515 2914 2572 Ululet
2947 2517 3127 2583 pinus,
3159 2515 3284 2581 quia
3313 2517 3456 2568 ceci-

1880 2611 1960 2663 dit
2002 2609 2216 2664 cedrus.
2252 2628 2268 2659 ι
2325 2608 2578 2664 Exercitu
2621 2608 2766 2662 enim
2812 2607 3054 2662 Romano
3095 2606 3259 2676 756
3291 2607 3454 2659 urbes

1881 2701 2079 2756 .ludaate
2111 2702 2447 2767 devastante,
2496 2701 2735 2771 quotidie
2772 2716 2959 2756 earum
3003 2701 3274 2768 principes
3313 2699 3462 2751 cives

1883 2795 2254 2863 capiebantur.
2299 2792 2502 2860 Quibus
2556 2803 2736 2849 autem
2782 2809 2842 2848 ea
2895 2793 3175 2846 calamitas
3220 2791 3456 2846 nondum

1884 2894 2180 2953 evenerat,
2222 2897 2406 2956 captos
2455 2898 2509 2942 et
2552 2887 2875 2956 semetipsos
2901 2885 3170 2940 'lamentis
3199 2897 3249 2937 ct
3279 2886 3458 2956 laci-y-

1887 2979 1988 3034 mis
2027 2981 2517 3049 prosequebantur,
2554 2992 2817 3051 erantque
2855 2981 2908 3034 in
2947 2995 3184 3034 maerore
3219 2991 3271 3034 et
3315 2987 3459 3031 metu

1887 3085 2106 3141 magno,
2145 3081 2204 3124 ut
2249 3072 2570 3126 brevissimo
2599 3083 2720 3141 post
2775 3083 3016 3141 tempore
3068 3072 3208 3125 idem
3253 3079 3308 3124 et
3360 3069 3460 3136 ipsi

1888 3163 2224 3232 perpessuri.
2277 3162 2388 3218 lloc
2437 3164 2712 3218 sibi-velle
2755 3165 2969 3232 opinor,
3021 3184 3037 3213 ι
3071 3161 3249 3215 Ululet
3282 3163 3460 3229 pinus,

1889 3255 2016 3324 quia
2061 3250 2256 3312 cecidit
2300 3258 2515 3312 cedrus.
2549 3276 2568 3309 ι
2622 3256 2864 3322 Quercus
2910 3266 3086 3309 autem
3143 3252 3468 3306 Basanitidis

1891 3346 2415 3418 llierosolymitauos
2450 3347 2679 3402 forsitan
2714 3357 2888 3401 vocat.
2920 3346 3188 3400 Busanitis
3210 3347 3352 3398 eniut
3381 3355 3466 3397 est

1891 3440 2201 3509 rt-giuncula
2233 3441 2283 3493 iu
2311 3439 2526 3503 Judwa,
2549 3440 2711 3495 ubere
2740 3440 2914 3509 gleba,
2948 3449 3002 3492 et
3025 3437 3382 3498 fertilissima,
3412 3447 3466 3488 et

1889 3534 2178 3588 admodum
2219 3536 2355 3589 altas
2388 3535 2895 3590 educensarbores.
2935 3533 3000 3586 Et
3031 3533 3286 3601 quoniam
3341 3530 3468 3584 llie-

1891 3625 2180 3694 rosolymis
2235 3627 2456 3696 reliquis
2515 3636 2671 3682 erant
2737 3627 3065 3688 nobiliores,
3125 3622 3465 3683 sacerdotes,

1890 3711 2131 3779 inquam,
2159 3723 2211 3767 et
2252 3715 2428 3783 populi
2464 3725 2722 3778 rectores,
2758 3713 3083 3767 Busanitidis
3113 3724 3348 3780 quercus
3377 3725 3467 3762 eos

1892 3805 2213 3870 nominavit,
2245 3808 2336 3874 qui
2364 3822 2493 3868 sane
2531 3815 2750 3875 prepter
2777 3805 3043 3859 consitum
3069 3802 3262 3856 saltum
3295 3801 3470 3854 succi-

1892 3911 2009 3951 sum
2048 3913 2154 3951 non
2202 3897 2472 3953 immerito
2506 3899 2796 3967 ejitlarttrit.
2847 3894 3260 3964 Cognoscebant
3301 3891 3470 3961 siqui-

1892 3987 2013 4041 dem
2063 3987 2459 4043 multitudinem
2497 4004 2593 4058 per
2629 3997 2793 4043 totam
2823 3986 3098 4057 regionem
3141 3981 3282 4037 haud
3309 3995 3468 4035 secus

1892 4094 2053 4148 quam
2115 4080 2309 4134 saltum
2359 4080 2695 4150 absumptam
2746 4094 2908 4146 esse,
2961 4077 3195 4132 hostium
3246 4073 3470 4128 immani

1895 4171 2193 4241 irruptione
2237 4171 2400 4226 veluti
2439 4173 2719 4228 securibus
2763 4167 3334 4230 excisam...Cnnsitnm
3371 4179 3469 4216 au-

1898 4269 2003 4316 tem
2034 4264 2252 4330 saltum,
2302 4279 2460 4332 quem
2502 4273 2557 4317 et
2610 4263 2880 4317 succisum
2924 4263 3073 4323 dicit,
3123 4255 3472 4311 nihilominus

1897 4363 1949 4407 et
1979 4354 2152 4423 ipsum
2203 4353 2394 4423 vulgus
2446 4353 2988 4422 llicrosolymitanum
3040 4349 3298 4416 intellige,
3332 4345 3473 4413 quod

1897 4443 2038 4497 fame
2095 4455 2148 4496 et
2185 4445 2324 4498 bello
2358 4444 2540 4511 periit,
2581 4443 2916 4499 ululantibus
2964 4455 3127 4508 super
3164 4439 3279 4506 ipso
3311 4449 3475 4505 quer-

1897 4537 2067 4588 cubus
2094 4534 2437 4600 Basanitidis,
2478 4534 2581 4590 hoc
2614 4542 2718 4601 est,
2765 4531 3114 4603 primoribus.

197 4618 336 4678 ταῖς·
357 4614 468 4666 τῶν
516 4613 896 4684 πολεμούντων
958 4616 1178 4686 ἀγρίαις
1222 4615 1498 4686 ἐμϐολαῖς.
1533 4617 1816 4688 Σύμιρυτον
1854 4623 1909 4675 δὲ
1967 4623 2191 4696 δρυμὸν,
2214 4625 2273 4679 δν
2307 4624 2370 4697 δὴ
2399 4626 2492 4679 καὶ
2518 4624 2891 4679 κατεσπάσθαι
2922 4623 3084 4694 φησὶν
3103 4665 3115 4687 ,
3137 4621 3288 4674 οὐδὲν
3313 4615 3473 4690 ἦττον

201 4708 420 4775 νοήσεις
460 4706 553 4758 καὶ
584 4706 754 4777 αὐτὴν
782 4706 881 4776 τὴν
904 4706 962 4759 ὲν
999 4706 1390 4778 Ἱεροσολύμοις
1424 4707 1662 4777 πληθύν·
1708 4710 1849 4782 λιμῷ
1887 4731 1945 4766 τε
1986 4716 2093 4788 γὰρ
2131 4718 2224 4770 καὶ
2263 4717 2484 4787 πολέμῳ
2521 4716 2855 4781 διολώλασιν,
2901 4711 3333 4776 ὲπολολυζόντων
3375 4713 3474 4761 αύ-

201 4801 319 4860 τοῖς
342 4797 450 4851 τῶν
474 4797 575 4867 τῆς
604 4798 950 4862 Βασανίτιδος
978 4797 1174 4869 δρυῶν,
1201 4801 1467 4863 τουτέστι,
1497 4800 1604 4853 τῶν
1631 4803 1970 4873 ἡγουμένων.
2563 4790 2569 4797 ’

277 4889 452 4958 Φωνὴ
511 4888 896 4956 θρηνούντων
947 4888 1264 4958 ποιμένων,
1311 4889 1402 4942 ὅτι
1439 4893 1796 4944 τεταλαιπώ-
1830 4916 1870 4968 υ

195 5001 392 5054 ρηκεν
427 4983 464 5049 ἡ
505 4981 898 5051 μεγαλοσύνη
966 4979 1185 5034 αὐτῶν.
1229 4980 1400 5048 Φωνὴ
1438 4981 1793 5052 ἀφυομένων

202 5077 492 5136 λεόντων,
540 5071 626 5124 ὅτι
672 5071 1157 5140 τεταλαιπώρηκε
1208 5072 1272 5125 τὸ
1317 5072 1598 5142 φρύαγμα
1655 5073 1790 5142 Ἰορ..

1976 4899 2132 4954 \‘nns.
2178 4901 2229 4954 5.
2281 4899 2394 4953 ναις
2426 4899 2736 4968 ejuinntium
2776 4907 3069 4966 pastorum,
3100 4895 3348 4964 quoniam
3379 4897 3476 4947 uti-

1897 5007 2012 5044 sera
2045 4992 2187 5060 facta
2224 5002 2295 5044 est
2331 4990 2718 5061 magniﬁcentia
2749 5005 2948 5042 corum.
3003 4986 3116 5039 Vox.
3155 4985 3475 5054 rugieulium

203 5167 416 5221 δὰνου.

278 5260 415 5326 οςί.
461 5259 906 5328 Ἐμφανεστέραν
930 5255 1138 5318 τούτοις
1157 5248 1230 5310 ὧν
1248 5256 1384 5327 ἔφην
1405 5257 1606 5328 ἀρτίως
1631 5262 1796 5311 ποιεῖ-

202 5368 300 5404 ται
330 5350 427 5420 τὴν
450 5349 700 5421 δήλωσιν.
730 5349 809 5403 Οὐ
841 5348 948 5419 γὰρ
976 5347 1055 5401 ἔτι
1086 5349 1244 5401 πίτυν
1352 5349 1484 5415 δρῦν
1517 5350 1792 5421 ὀνομάζει,

206 5441 683 5511 ἀπημφιεσμένως
725 5440 778 5493 δὲ
825 5442 949 5502 τοὺς
998 5439 1106 5491 τῶν
1144 5440 1448 5494 Ἰουδαϊκῶν
1498 5443 1793 5511 ταγμάτων

216 5535 476 5605 σημαίνει
507 5533 842 5603 καθηγητὰς,
871 5532 962 5595 οὓς
998 5534 1089 5584 καὶ
1123 5532 1477 5602 ὸλοφύρεσθαί
1521 5551 1673 5602 φησι,
1704 5536 1796 5587 καὶ

213 5623 329 5679 οἷον
366 5624 546 5693 φωνὰς
581 5625 805 5688 ἀνιέναι,
851 5623 1316 5692 κατοιμι.ἷ.ιζοντας,
1351 5627 1430 5677 ὅτι
1464 5624 1798 5676 τεταλαιπώυ

287 5807 330 5832 ⁶³
356 5804 485 5860 Luc.
525 5817 598 5866 xi,
635 5799 722 5857 5?...
804 5799 842 5832 ⁶³¹
869 5798 1057 5854 Matth.
1090 5813 1198 5865 xxi,
1239 5799 1305 5851 55
1334 5813 1460 5866 seqq

1898 5082 2122 5142 leonum,
2156 5083 2404 5151 quoniam
2439 5086 2594 5136 miser
2625 5082 2797 5150 [nctus
2825 5089 2898 5134 est
2927 5079 3166 5148 fremitus
3195 5076 3473 5130 Iordanis.

1970 5248 2205 5304 LXX“.
2271 5249 2363 5305 llis
2432 5253 2612 5307 verbis
2675 5252 2999 5305 luculentius
3058 5265 3118 5303 ea
3183 5262 3302 5318 qua:
3371 5249 3480 5304 dixi

1898 5341 2170 5410 explanat.
2218 5340 2335 5395 Non
2371 5343 2511 5397 enim
2560 5343 2788 5411 amplius
2829 5343 3012 5412 pinum
3079 5352 3170 5394 aut
3219 5355 3479 5409 quercum

1903 5444 2195 5502 nuneupat,
2229 5434 2322 5488 sed
2360 5436 2496 5488 unde
2521 5433 2870 5488 Judaicorum
2903 5433 3151 5488 ordinum
3207 5432 3481 5502 principes

1903 5543 1966 5581 ac
2019 5527 2184 5582 duces
2233 5526 2524 5597 signiﬁcat,
2576 5542 2710 5597 quos
2757 5538 2809 5580 et
2858 5526 3084 5596 ejulare,
3135 5539 3187 5584 et
3226 5537 3482 5594 tauquant

1911 5637 2066 5676 voces
2125 5622 2411 5686 emittere,
2479 5636 2540 5674 ac
2617 5619 2899 5676 lamentari
2955 5631 3173 5690 propter
3227 5618 3483 5673 atilietaut
