4026 6276
551 356 652 410 l79

1579 345 1638 399 ὅ.
1684 339 1962 397 εγιιιιιιαι
2004 333 2477 391 ALEXANDRINI
2517 331 2837 389 ARCHIEP.

3718 318 3819 375 I30

549 484 788 539 ipsorum
845 465 1302 535 magnificentiam
1336 473 1585 517 testatur.
1628 434 1786 517 Facti.
1814 469 1937 516 sunt
1978 457 2121 511 enim

2254 472 2394 525 ιηκεν
2436 458 2468 525 ἡ
2516 449 2861 524 μεγαλοσύνη
2894 442 3092 501 αὐτῶν.
3133 439 3395 505 Γεγόνασι
3440 434 3549 505 γάρ
3580 434 3815 501 οἰκτροὶ,

550 561 890 617 miserabiles
933 568 988 615 et
1021 557 1239 627 abiecti,
1277 556 1572 625 miserique
1594 566 1646 610 et
1680 552 2122 625 despicatissimi,

548 655 798 725 quamvis
836 653 965 708 olim
1007 650 1302 706 honoribus
1332 648 1790 705 eircumﬂuerent.
1830 644 2123 714 Postquam

550 748 694 800 enim
742 751 1106 814 apparuerunt
1135 750 1377 811 pastores
1414 756 1508 809 per
1541 739 1839 803 Christum,
1906 738 2007 793 hoc
2044 743 2126 789 est

552 838 720 891 divini
752 835 1023 907 discipuli,
1058 839 1251 890 merito
1282 834 1537 889 falsorum
1564 844 1839 904 pastorum
1876 830 2125 901 magnifi-

556 930 735 984 centia
780 928 996 983 redacta
1044 934 1127 983 est
1174 927 1240 981 ad
1297 926 1592 981 miseriam.
1638 923 1940 977 Accusabat
1984 924 2126 975 enim

557 1034 654 1074 eos
701 1017 881 1087 gregis
939 1016 1199 1072 Dominus
1258 1031 1352 1086 per
1410 1015 1697 1085 pr0phelas
1744 1023 1997 1078 sanctos,
2055 1012 2126 1065 ita

560 1112 786 1181 loquens
813 1128 827 1163 :
868 1129 885 1160 ι
918 1107 963 1165 Ο
993 1118 1238 1179 pastores
1273 1108 1640 1178 dispergentes
1672 1117 1726 1161 et
1756 1104 2130 1174 disperdcntes

558 1220 688 1258 oves
719 1217 932 1273 pascua
974 1216 1158 1256 eorum
1184 1202 1248 1257 δ’.
1286 1219 1304 1253 ι
1340 1201 1406 1254 Et
1445 1200 1639 1255 iterutn
1676 1217 1688 1252 ε
1724 1216 1742 1251 ι
1777 1197 1910 1265 Quia
1950 1209 2133 1265 pasto-

563 1310 649 1349 res
694 1294 855 1349 stulte
908 1303 1155 1366 egerunt,
1209 1304 1262 1371 et
1307 1293 1592 1349 Dominum
1647 1306 1747 1343 non
1780 1291 2131 1358 quaesierunt,

566 1395 785 1454 propter
820 1384 919 1437 hoc
957 1399 1063 1437 non
1100 1382 1364 1439 intellexit
1396 1383 1571 1437 omnis
1600 1396 1752 1449 grex,
1785 1390 1837 1433 et
1864 1380 2135 1448 dispersus

564 1474 736 1527 est”.
778 1494 799 1525 ι
859 1474 1128 1528 Promittit
1192 1481 1373 1527 autem
1429 1470 1777 1526 credentibus
1837 1469 1889 1522 in
1959 1468 2132 1534 ipsum

564 1581 850 1635 genuarios
891 1576 1140 1634 pastores
1185 1567 1458 1628 daturum,
1506 1562 1585 1616 sic
1620 1577 1831 1615 rursum
1859 1559 2019 1631 757
2056 1559 2138 1613 di-

564 1672 691 1713 cens
733 1678 798 1713 :r
833 1657 901 1713 Et
942 1658 1193 1713 inducam
1242 1672 1335 1712 vos
1383 1657 1435 1710 in
1487 1654 1654 1719 Sion,
1712 1662 1766 1708 et
1808 1653 1945 1707 dabo
1990 1652 2141 1707 vobis

564 1760 806 1821 pastores
834 1750 1125 1805 secundum
1156 1764 1247 1803 cor
1278 1763 1477 1812 meum,
1508 1756 1561 1800 et
1594 1756 1812 1812 pascent
1837 1759 1931 1798 vos
1953 1754 2138 1814 pasto-

568 1859 655 1898 res
682 1859 803 1896 cum
843 1843 1069 1901 sitientia
1095 1841 1160 1893 ὕ.
1198 1859 1216 1890 ›
1260 1840 1486 1906 Quinam
1516 1839 1640 1892 isti?
1668 1838 1842 1893 Divini
1869 1837 2138 1907 discipuli,

566 1948 620 1988 νί
669 1933 1029 1987 Eccli-siarum
1083 1931 1195 1986 suis
1254 1930 1455 2000 quique
1503 1929 1834 1998 temporibus
1888 1929 2144 1999 praesides

568 2037 733 2093 atque
782 2033 1043 2086 rectores,
1099 2040 1117 2072 ι
1150 2030 1296 2076 recte
1342 2030 1643 2077 tractantes
1683 2020 1902 2075 verbum
1949 2018 2146 2072 verita-

573 2116 729 2181 tis“,
763 2134 781 2170 ι
832 2124 887 2168 et
921 2115 1013 2183 qui
1066 2114 1245 2169 sciant
1288 2114 1592 2182 subjectum
1658 2112 1759 2167 sibi
1806 2125 2024 2183 gregem
2076 2111 2143 2163 ad

574 2208 823 2279 quamvis
877 2205 1161 2260 utilitatem
1223 2203 1557 2274 spiritualem
1617 2205 1901 2257 deducere.
1961 2200 2146 2270 Itaque

574 2299 846 2355 lamentati
870 2310 993 2353 sunt
1018 2298 1134 2353 falsi
1158 2306 1423 2365 pastores,
1454 2296 1575 2365 quia
1601 2296 1653 2350 in
1680 2295 1953 2351 miseriam
1983 2295 2149 2348 vertit

574 2409 760 2447 eorum
805 2391 1235 2464 magnificentia,
1278 2389 1326 2443 id
1368 2390 1509 2459 quod
1550 2389 1704 2443 nobis
1741 2396 1795 2442 et
1838 2387 1942 2441 alio
1990 2388 2147 2442 modo

573 2486 868 2557 signiﬁcat,
894 2484 1214 2551 adjungens:
1236 2500 1253 2533 ι
1279 2481 1389 2535 Vox
1413 2479 1735 2551 rngientium
1764 2479 2004 2541 leonum,
2022 2479 2144 2546 quia

572 2580 740 2634 miser
794 2576 968 2631 factus
1015 2583 1098 2629 est
1147 2573 1399 2628 fremitus
1441 2570 1713 2627 Iordanis.
1748 2589 1766 2622 ι
1824 2568 1957 2624 Vere
2003 2570 2145 2623 enim

574 2668 780 2738 rugitus
816 2675 898 2721 est
944 2665 1160 2720 leonum
1204 2678 1329 2727 vox,
1375 2677 1537 2732 quam
1584 2663 1776 2721 edunt,
1811 2671 2029 2730 prepter
2078 2662 2151 2714 fa-

574 2775 738 2823 mem,
767 2766 821 2812 et
845 2757 966 2828 quia
1006 2757 1127 2812 cibo
1151 2760 1335 2810 carent
1376 2753 1669 2823 plorantes.
1708 2751 1771 2807 Et
1805 2752 1868 2806 de
1902 2753 2150 2808 leonibus

575 2854 739 2907 etiam
770 2852 952 2906 divina
986 2849 1269 2918 Scriptura
1310 2847 1389 2902 sic
1428 2845 1690 2915 10quitur.
1725 2846 1998 2913 Comperti
2027 2857 2152 2901 sunt

577 2946 742 3016 igitur
786 2942 1132 3000 Judaicorum
1162 2940 1417 2996 ordinum
1450 2938 1722 3009 principes
1750 2948 1807 2993 ut
1836 2939 2017 2994 leones
2062 2955 2152 2993 ru-

573 3037 806 3108 gientes,
835 3034 1138 3091 esurientes
1194 3042 1248 3089 et
1270 3034 1566 3103 plorantes,
1592 3035 1733 3104 qttod
1764 3047 1867 3086 non
1894 3032 2153 3087 haberent

2230 525 2325 602 καὶ
2362 543 2811 619 κατερῤιμμένοι,
2836 535 3056 594 ἐλεεινοί
3083 550 3140 588 τε
3177 532 3271 585 καὶ
3301 526 3657 599 ἀτιμώτατοι,
3693 525 3811 578 καί.

2228 657 2309 693 τοι
2358 638 2525 693 πάλαι
2579 630 3054 707 περιφανεστέραν
3114 625 3329 697 ἔχοντες
3375 622 3555 686 δόξαν.
3599 620 3821 690 Ἐπειδὴ

2232 731 2341 802 γὰρ
2376 729 2761 799 ἀνεδείχθησαν
2807 727 2857 779 οἱ
2901 722 2990 776 διὰ
3032 715 3272 790 Χριστοῦ
3324 712 3621 785 ποιμένες,
3666 728 3822 802 τουτ-

2235 823 2402 887 έστιν,
2431 822 2480 875 οί
2520 819 2795 873 Θεσπέσιοι
2842 814 3113 886 μαθηταὶ,
3156 805 3642 875 τεταλαιπώρηκεν
3676 800 3818 855 εἰκό-

2232 934 2338 979 τως
2370 918 2402 986 ή
2439 914 2545 967 τῶν
2577 908 3016 982 ψευδοποιμένων
3064 900 3428 976 μεγαλοσύνη.
3468 899 3689 969 ᾘτιᾶτο
3724 895 3821 965 μὲν

2234 1008 2343 1080 γὰρ
2383 1006 2579 1067 αὐτοὺς
2611 1006 2638 1058 ὁ
2666 1003 2766 1072 τῆς
2796 1000 2996 1070 ἀγέλης
3032 995 3343 1061 Δεσπότης,
3391 991 3480 1046 διὰ
3523 986 3821 1080 προφητιῖιν

2238 1076 2408 1166 ἀγίων
2449 1095 2589 1149 οὓτω
2620 1093 2826 1161 λέγων’
2868 1109 2885 1147 ι
2914 1086 2984 1141 Ὦ
3015 1088 3065 1141 oi
3112 1084 3372 1155 ποιμένες
3426 1080 3477 1133 οἱ
3505 1076 3825 1148 διασκορπί-

2236 1190 2420 1257 ζοντες
2464 1188 2560 1242 καὶ
2602 1183 2929 1248 ἀπολλύντες
2975 1181 3045 1235 τὰ
3082 1178 3328 1250 πρόϐατα
3368 1176 3466 1245 τῆς
3510 1171 3682 1243 νομῆς
3731 1171 3827 1223 αύ-

2234 1282 2362 1336 τῶν.
2388 1302 2406 1333 ι
2446 1282 2556 1334 Καὶ
2591 1278 2751 1332 πάλιν
2773 1295 2785 1307 ·
2823 1295 2841 1327 ι
2874 1277 3000 1335 Ὅτι
3028 1273 3081 1327 oi
3110 1269 3368 1340 ποιμένες
3395 1263 3821 1336 ὴφρονεύσαντο,

2238 1374 2331 1431 καὶ
2368 1373 2460 1425 τὸν
2494 1370 2693 1441 Κύριον
2722 1369 2822 1423 οὐκ
2854 1366 3126 1436 ἐζήτησαν
3148 1380 3160 1393 ·
3197 1361 3284 1415 διὰ
3316 1360 3472 1414 τοῦτο
3501 1360 3602 1411 ούκ
3637 1355 3823 1424 ἐνόησε

2240 1468 2389 1521 πᾶσα
2420 1468 2451 1536 ὴ
2487 1464 2656 1534 νομὴ,
2698 1463 2793 1516 καὶ
2833 1457 3243 1530 διεσκορπίσϐη.
3270 1474 3287 1506 ι
3331 1450 3733 1523 Ἐπηγγὲλλετο
3771 1447 3827 1500 δὲ

2240 1561 2351 1624 τοῖς
2380 1560 2457 1621 είς
2500 1556 2663 1611 αὐτὸν
2702 1553 3019 1608 πιστεύουσι
3066 1551 3191 1613 τοὺς
3236 1546 3489 1616 γνησίους
3529 1540 3826 1603 ἀναδείξειν

2242 1651 2523 1723 ποιμένας,
2550 1648 2693 1702 οὕτω
2725 1647 2885 1700 πάλιν
2917 1642 3105 1697 εἰπών’
3146 1661 3163 1692 ι
3192 1640 3303 1694 Καὶ
3334 1636 3534 1700 εἰσάξω
3572 1634 3717 1703 ὑμᾶς
3751 1632 3827 1694 εἰς

2244 1742 2402 1806 Σιὼν,
2451 1741 2545 1797 καὶ
2591 1739 2745 1793 δώσω
2782 1738 2908 1806 ὑμῖν
2956 1732 3218 1804 ποιμένας
3267 1728 3408 1783 κατὰ
3455 1728 3553 1801 τὴν
3606 1722 3829 1793 καρδίαν

2249 1853 2371 1907 μου,
2413 1833 2508 1888 καὶ
2552 1828 2908 1901 ποιμανοῦσιν
2943 1827 3087 1896 ὑμᾶς
3131 1820 3511 1893 ποιμαίνοντες
3551 1813 3667 1886 μετ’
3708 1815 3831 1864 ἐπι-

2247 1904 2479 1998 στήμης.
2509 1944 2527 1977 ι
2561 1922 2716 1984 Τίνες
2747 1920 2804 1974 δὲ
2835 1912 3002 1984 οὖτοις
3037 1917 3100 1970 Oi
3135 1911 3414 1966 Θεσπέσιοι
3446 1906 3713 1979 μαθηταὶ,
3742 1904 3833 1998 καὶ

2246 2021 2294 2072 οί
2336 2016 2442 2070 τῶν
2498 2011 2833 2081 Ἐκκλησιῶν
2871 2008 3013 2064 κατὰ
3059 2004 3284 2076 καιροὺς
3337 2000 3654 2073 ἡγούμενοι,
3694 2015 3712 2046 ι
3745 1994 3833 2047 τὸν

2245 2110 2345 2180 τῆς
2393 2106 2650 2178 ἀληθείας
2701 2099 3126 2175 ὀρθοτομοῦντες
3173 2097 3396 2167 ).όγον,ι
3450 2094 3547 2145 καὶ
3593 2090 3676 2151 εἰς
3726 2088 3834 2180 πᾶν

2246 2201 2424 2256 ὁτιοῦν
2469 2199 2575 2253 τῶν
2610 2196 2908 2251 τελούντων
2942 2195 3019 2255 είς
3054 2191 3239 2258 ὄνησιν
3268 2187 3382 2258 »τὴν
3433 2178 3831 2252 πνευματικὴν,

2246 2294 2605 2365 ἀποκομίζειν
2629 2291 2828 2352 εἰδότες
2854 2290 2923 2342 τὰ
2950 2286 3055 2341 ὑπὸ
3084 2286 3243 2355 χεῖρα
3272 2279 3589 2350 θρέμματα.
3627 2268 3835 2365 φύκοῦν

2248 2387 2646 2460 τεθρηνήκασιν
2675 2384 2725 2435 οί
2761 2379 3211 2452 ψευδοποίμενες,
3238 2373 3321 2426 ὅτι
3351 2361 3836 2434 τεταλαιπὼρηκεν

2249 2482 2283 2550 ή
2318 2452 2660 2550 μεγαλοσύνη
2699 2472 2880 2529 αὐτῶν
2906 2488 2919 2501 ο
2972 2467 3227 2540 σημαίνει
3276 2465 3333 2518 δὲ
3376 2460 3533 2515 τοῦτο
3576 2457 3671 2511 καὶ
3716 2452 3837 2506 καθ’

2248 2547 2434 2641 ἕτερον
2480 2569 2682 2641 τρόπον
2715 2568 2866 2638 ἡμῖν,
2914 2564 3191 2632 ἐπιφέρων
3215 2576 3227 2589 ο
3270 2577 3287 2608 ι
3315 2554 3472 2619 Φωνὴ
3506 2547 3841 2641 ὠρυομένων

2250 2664 2496 2729 λεόντων,
2522 2663 2605 2715 ὅτι
2631 2655 3083 2728 τεταλαιπὼρηκε
3114 2653 3174 2707 τὸ
3206 2648 3474 2722 φρύαγμα
3506 2641 3605 2697 τοῦ
3643 2639 3842 2709 Ἰορδά-

2251 2770 2361 2806 νου.
2390 2772 2407 2804 ι
2447 2751 2715 2821 Ὠρυγμὸς
2748 2748 2846 2819 μὲν
2879 2747 2989 2816 γάρ
3017 2747 3133 2797 ἐστι
3162 2740 3369 2812 κυρίως
3400 2738 3431 2807 ή
3460 2734 3570 2788 τῶν
3608 2733 3843 2821 λεόντων

2252 2842 2439 2914 φωνὴ,
2480 2842 2546 2912 ἣν
2596 2840 2661 2894 ἂν
2698 2840 2954 2902 ποιοῖντο,
2999 2832 3279 2893 κλαίοντες
3326 2827 3417 2880 ἐπὶ
3463 2821 3607 2893 λιμῷ
3639 2838 3700 2874 τε
3750 2820 3844 2873 καὶ

2253 2911 2459 3005 ἀσιτίᾳ.
2505 2911 2733 3003 Δέχεται
2771 2931 2827 2983 δὲ
2874 2927 3033 2981 τοῦτο
3077 2925 3174 2979 καὶ
3219 2924 3312 2975 ἐπὶ
3364 2918 3593 2971 λεόντων
3631 2916 3667 2985 ἡ
3722 2911 3841 3005 θεία

2254 3028 2469 3101 Γραφή.
2531 3022 2946 3094 Κατεφωρῶντο
3001 3016 3179 3072 τοίνυν
3254 3014 3302 3067 οἱ
3357 3010 3468 3063 τῶν
3522 3004 3843 3061 Ἰουδαῖκῶν

575 3146 604 3184 ι
661 3130 876 3202 populis
922 3128 1259 3191 oblationes,
1322 3127 1589 3192 decimas,
1642 3126 1951 3198 primitias,
2008 3127 2149 3180 dona

2256 3117 2653 3190 προεστηκότες
2679 3113 2976 3183 ταγμάτων
3006 3110 3080 3172 ὠς
3115 3108 3328 3166 λέοντες
3355 3101 3683 3172 ὠρυόμενοι,
3724 3112 3845 3147 πει-

574 3222 714 3293 grati
746 3220 932 3275 animi.
963 3218 1258 3288 Postquam
1299 3218 1443 3273 enim
1480 3234 1697 3290 gregem
1733 3220 2056 3282 amiserunt,
2091 3219 2155 3273 de

577 3321 774 3367 caztero
806 3310 1012 3372 fenore,
1038 3311 1177 3382 quod
1208 3325 1270 3363 ex
1319 3325 1385 3365 eo
1418 3310 1725 3379 capiebant,
1771 3310 2003 3365 recreati
2048 3325 2154 3365 non

652 3582 803 3648 Quod
847 3581 892 3636 si
938 3582 1058 3651 quis
1100 3590 1353 3643 censeat,
1397 3580 1558 3635 etiam
1603 3579 1770 3635 instar
1811 3580 2023 3634 leonum
2072 3596 2160 3633 rn-

580 3675 743 3744 giisse
776 3684 966 3730 contra
1005 3673 1280 3729 Christum
1321 3672 1543 3729 Scribas
1578 3682 1634 3729 et
1673 3672 1974 3729 Pharisazos
2010 3672 2161 3743 (cla-

581 3767 802 3823 mabant
830 3767 975 3823 enim
1008 3766 1061 3821 in
1095 3770 1295 3833 ipsum,
1326 3775 1381 3820 et
1414 3781 1569 3822 voces
1597 3780 1665 3821 ex
1696 3764 1821 3820 odio
1849 3775 1903 3820 et
1933 3765 2159 3829 invidia,

579 3870 635 3916 et
659 3874 807 3915 mera
835 3858 1041 3913 insania
1066 3858 1358 3924 iaciebant,
1386 3856 1789 3913 Samaritanum
1811 3858 1876 3923 “,
1902 3867 1957 3913 et
1982 3858 2162 3914 ebrio--

582 3967 724 4016 sum,
738 3959 791 4006 et
807 3966 871 4004 ex
891 3948 1245 4004 fornicatione
1263 3956 1444 4003 natum
1458 3948 1502 3980 ⁸⁷
1515 3948 1862 4015 afﬁrmantes,
1878 3957 1933 4004 et
1950 3968 1969 4005 ι
1991 3949 2162 4015 Tolle,

584 4043 739 4107 tolle,
779 4039 1114 4111 crucifige“,
1164 4058 1182 4093 ι
1220 4039 1525 4112 dicentes),
1568 4040 1932 4099 verisimiliter
1968 4043 2165 4098 sentiet

583 4134 747 4188 etiam
791 4133 896 4187 hic.
936 4131 1320 4186 Verumtamen
1362 4132 1609 4201 quamvis
1651 4146 1815 4202 super
1850 4148 1914 4188 eo
1957 4133 2164 4202 rugitus

582 4224 847 4289 dederint,
878 4222 1002 4278 facti
1038 4233 1162 4279 sunt
1197 4224 1381 4279 miseri
1418 4239 1521 4279 non
1559 4225 1928 4294 mediocriter,
1965 4244 1984 4277 ι
2027 4226 2161 4293 Quia

582 4319 748 4374 miser
781 4318 955 4373 factus
978 4328 1060 4372 est
1085 4316 1331 4374 fremitus
1364 4316 1635 4374 Jordanis.
1662 4336 1681 4371 ι
1721 4318 1870 4385 Quod
1907 4318 2033 4389 quid
2060 4317 2162 4374 sibi

581 4412 729 4475 velit,
755 4410 929 4465 dicant
954 4425 1187 4479 quoque.
1216 4409 1533 4464 Praeterfluit
1555 4410 1806 4466 Jordanis
1832 4411 2161 4467 Hierichun-

584 4514 710 4561 tem.
744 4502 947 4556 circum
980 4516 1137 4570 quem
1173 4515 1362 4568 magna
1396 4500 1475 4554 vis
1508 4501 1717 4553 leonum
1754 4501 2080 4556 horrendum
2110 4502 2161 4557 itt

586 4592 802 4646 modum
848 4592 1206 4663 rugientium,
1250 4600 1303 4645 et
1347 4595 1563 4645 accolas
1607 4592 1910 4646 incredibili
1960 4605 2169 4650 terrore

583 4684 1033 4737 concutientium.
1064 4681 1225 4736 Tales
1253 4689 1409 4735 erant
1442 4683 1681 4737 moribus
1710 4681 1913 4737 Scriba:
1945 4693 2000 4738 et
2028 4682 2167 4738 Pha-

588 4772 749 4834 rismi,
783 4780 970 4825 eontra
1009 4771 1247 4839 plebeios
1278 4780 1331 4823 et
1364 4773 1639 4841 gregarios
1673 4773 1965 4841 rugientes,
2005 4782 2059 4829 et
2089 4784 2169 4830 te-

583 4864 803 4919 nuiores
834 4865 1090 4933 potentiae
1116 4878 1227 4917 sua:
1255 4864 1526 4919 terriculis
1553 4873 1984 4919 consternantes.
2017 4886 2035 4917 ι
2069 4869 2167 4922 νυ-

586 4971 705 5027 rtyn
738 4955 901 5009 miser
928 4952 1099 5008 factus
1128 4962 1213 5007 est
1242 4953 1454 5010 leonum
1487 4964 1682 5009 terror.
1718 4976 1735 5007 ι
1775 4954 1885 5012 lloc
1913 4969 1991 5012 est
2023 4962 2166 5029 quod

586 5048 692 5114 ait,
734 5064 751 5096 ι
795 5044 1041 5100 fremitus
1073 5042 1345 5098 Iordanis.
1389 5062 1408 5097 ι
1444 5046 1521 5100 Ar
1557 5045 1803 5102 fremitus
1840 5051 2053 5119 quidem
2088 5060 2171 5107 est

585 5153 650 5192 ex
681 5151 940 5205 equorum
973 5143 1027 5189 ct
1060 5136 1325 5189 mulorum
1365 5140 1584 5191 naribus
1621 5153 1740 5192 cum
1779 5140 1936 5195 feroci
1975 5145 2166 5214 spiritu

492 5248 501 5259 ·
585 5227 821 5282 emissus
855 5226 1099 5290 sonitus;
1139 5227 1229 5281 sed
1270 5227 1430 5281 etiam
1464 5228 1516 5283 in
1554 5229 1619 5285 iis
1654 5232 1847 5286 dicitur
1881 5234 1973 5302 qui
2009 5236 2075 5289 de
2110 5250 2169 5289 se

589 5318 847 5386 prmclare
890 5318 1153 5374 sentiunt.
1199 5318 1335 5374 Hinc
1381 5321 1594 5376 divinus
1643 5322 1807 5377 David
1857 5325 1921 5379 de
1970 5326 2033 5379 iis
2081 5326 2171 5393 qui

661 5501 703 5531 ⁶¹
726 5499 927 5555 Jerent.
960 5514 1111 5567 mn,
1142 5501 1190 5556 Ι.

593 5586 669 5632 xi,
715 5573 794 5625 l9.

1268 5498 1311 5529 °'
1334 5498 1535 5557 Jerem.
1570 5517 1622 5563 κ,
1657 5502 1742 5555 ⁸21.

874 5572 917 5602 ⁸⁸
943 5571 1097 5627 Joau.
1136 5587 1248 5637 xu,
1288 5570 1369 5625 15.

662 5752 738 5823 (l)
776 5752 869 5805 Ed.
907 5752 1069 5819 Attin,
1103 5752 1377 5819 δείγμασι,
1421 5749 1761 5803 (ἰοίιιηιεηιὶε.
1801 5748 1954 5801 Ευιτ.

1825 5502 1866 5531 ⁸⁸
1899 5500 2099 5558 larem.
2132 5518 2212 5569 ιιι,
2254 5504 2341 5559 15.

2260 3185 2458 3275 νῶντές
2483 3185 2545 3263 τε
2571 3207 2666 3263 καὶ
2695 3204 3002 3266 κλαίοντες,
3033 3199 3125 3253 διά
3155 3214 3239 3251 τοι
3265 3194 3325 3249 τὸ
3358 3192 3434 3265 μὴ
3468 3190 3615 3260 ἔχειν
3649 3185 3746 3248 τὰς
3781 3187 3845 3238 ἐκ

2259 3307 2367 3360 τῶν
2397 3303 2540 3357 λαῶν
2570 3296 2971 3371 καρποφορίας,
3001 3293 3253 3356 δεκάτας,
3298 3282 3575 3356 ἀπαρχὰς,
3623 3280 3845 3371 εὐχαρι-

2261 3399 2480 3469 στήρια.
2524 3367 2740 3460 Ἐπειδὴ
2771 3367 2882 3459 γάρ
2916 3385 3016 3457 τῆς
3042 3382 3243 3452 ἀγέλης
3275 3372 3718 3434 ὲκπεπτὼκασιν,
3746 3367 3847 3420 οὐκ

2262 3490 2341 3544 ἔτι
2370 3490 2481 3549 τοῖς
2509 3484 2567 3548 ἐξ
2595 3483 2764 3552 αὐτῆς
2794 3475 3260 3549 κατηυφραίνοντο
3285 3470 3487 3531 τόκοις.

2334 3580 2396 3632 Εἰ
2424 3578 2480 3633 δὲ
2508 3577 2569 3646 δή
2598 3592 2681 3638 τις
2717 3571 2883 3625 οἴοιτο
2922 3568 3016 3623 κα)⁸
3056 3567 3133 3631 ὡς
3174 3566 3231 3618 ἰν
3264 3561 3414 3626 τάξει
3442 3556 3678 3611 λεόντων
3716 3568 3847 3607 κατ-

2264 3667 2537 3741 ωρύεσθαι
2574 3664 2666 3719 τοῦ
2706 3659 2941 3732 Χριστοῦ
2974 3658 3101 3721 τοὺς
3138 3652 3492 3727 Γραμματεῖς
3522 3664 3582 3700 τε
3617 3645 3713 3699 καὶ
3741 3644 3849 3696 Φα-

2270 3737 2515 3833 ρισαίους
2553 3752 3105 3827 (κατεκεκράγεισαν
3149 3746 3259 3817 γὰρ
3301 3741 3492 3807 αὐτοῦ,
3525 3741 3622 3794 καὶ
3658 3737 3756 3800 τὰς
3778 3738 3851 3833 ,ἐκ

2267 3828 2463 3924 φθόνου
2495 3852 2587 3905 καὶ
2627 3847 2924 3920 βασκανίας
2953 3844 3048 3899 καὶ
3073 3840 3317 3913 ἀκράτου
3348 3836 3543 3908 μανίας
3583 3828 3850 3900 κατηφίε-

2270 3964 2369 4001 σαν
2399 3945 2605 4016 φωνὰς,
2644 3939 2993 4012 Σαμαρείτην
3040 3936 3311 4005 λέγοντες,
3351 3930 3583 4002 μέθυσον
3632 3927 3851 4016 ἀποκα-

2267 4011 2485 4102 λοῦντες
2513 4033 2607 4088 καὶ
2642 4033 2705 4085 ὲκ
2731 4011 2991 4102 πορνείας
3019 4022 3441 4096 γεγεννημένον,
3478 4020 3597 4080 καὶ,
3635 4035 3654 4068 ι
3692 4011 3848 4085 Αἶρε,

2269 4124 2412 4200 αἶρε,
2443 4124 2677 4198 σταύρου
2705 4121 2865 4176 αὐτὸν
2885 4160 2900 4186 ,
2941 4137 2959 4170 ι
2993 4113 3286 4189 [βοῶντες]
3307 4113 3325 4182 )
3350 4154 3365 4178 ,
3395 4110 3463 4164 τὰ
3496 4108 3685 4200 εἰκότα
3719 4121 3852 4175 φρο-

2269 4197 2423 4289 νήσει
2452 4216 2547 4270 καὶ⁸
2575 4206 2748 4276 οὗτος.
2781 4208 2926 4280 Πλὴν
2948 4208 2998 4261 εί
3025 4208 3120 4262 καὶ
3152 4203 3489 4277 ὲπωρύοντο,
3512 4197 3856 4253 τεταλαιπω-

2274 4313 2504 4382 ρήκασιν
2563 4307 2624 4360 οὐ
2694 4303 2965 4374 μετρίως,
3027 4320 3046 4359 t
3089 4301 3111 4319 ”

2272 4403 2539 4476 φρύαγμα
2585 4399 2679 4455 τοῦ
2726 4398 3011 4470 Ἰορδάνου.
3048 4414 3067 4447 ›
3118 4392 3229 4447 Καὶ
3273 4388 3325 4444 τί
3370 4387 3435 4457 δὴ
3476 4384 3650 4476 τοῦτό
3681 4383 3854 4476 ἐστι-ν,

2199 4477 2241 4532 D
2414 4470 2593 4547 πάλιν.
2642 4491 2928 4562 Παραρρεἳ
2961 4488 3058 4559 μὲν
3092 4487 3123 4538 ὁ
3159 4481 3430 4555 Ἰορδάνης
3471 4476 3571 4548 τὴν
3619 4470 3854 4567 ’ῐεριχιῖξο

2273 4587 2512 4640 πλεῖστοι
2544 4584 2601 4638 δὲ
2635 4583 2749 4636 ὅσοι
2780 4581 2911 4652 περὶ
2954 4579 3117 4633 αύτδν
3146 4577 3195 4635 οἰ
3234 4574 3473 4635 λέοντες,
3510 4563 3857 4635 καταῦρυχό-

2274 4679 2424 4751 μενοί
2491 4695 2551 4731 τε
2609 4675 2838 4739 δεινῶς,
2901 4674 2997 4727 καὶ
3051 4671 3323 4740 ἀφόρητον
3380 4666 3493 4726 τοῖς
3552 4656 3857 4714 ἐνοικοῦσιν

2270 4750 2507 4835 ἐνιέντες
2541 4770 2601 4823 τὸ
2630 4769 2815 4839 δεῖμα.
2845 4764 3088 4819 Τοιοῦτοι
3117 4762 3174 4816 δὲ
3202 4757 3342 4829 ἦσαν
3374 4758 3501 4819 τοὺς
3533 4752 3771 4824 τρόπους
3809 4750 3859 4800 οἱ

2270 4865 2622 4938 Γραμματεῖς
2663 4860 2758 4915 καὶ
2801 4860 2850 4912 οι
2896 4857 3200 4927 Φαρισαῖοι,
3231 4853 3345 4908 τῶν
3375 4846 3645 4917 ἀγελαίων
3691 4857 3862 4938 κατα-

2273 4958 2619 5031 δρυχόμενοι,
2646 4952 2873 5013 καὶτοῖς
2906 4950 2971 5003 ὲκ
3004 4948 3102 5017 τῆς
3130 4944 3382 5012 ἐξουσίας
3416 4932 3862 4995 καταπτοοῦντες

2268 5022 2485 5118 δείμασι
2521 5044 2596 5115 (l)
2625 5044 2749 5105 τοὺς
2794 5038 3239 5108 ἀσθενεστέρους.
3276 5053 3294 5085 ι
3333 5029 3496 5085 Ἀλλά
3526 5022 3867 5118 τεταλαιπώο

2276 5114 2441 5210 ρηκεν
2476 5138 2503 5190 ὁ
2533 5114 2639 5188 τῶν
2684 5133 2914 5186 λεόντων
2951 5129 3135 5199 φόϐας.
3172 5146 3190 5177 ι
3230 5124 3402 5178 Τοῦτο
3446 5120 3503 5172 δὲ
3548 5114 3687 5170 εἷναί
3728 5128 3863 5210 φησι

2284 5204 2400 5282 ι’τδ
2439 5227 2705 5299 φρύαγμα
2759 5222 2853 5279 τοῦ
2894 5221 3183 5293 Ἰορδάνου.
3226 5241 3243 5268 ο
3284 5215 3395 5270 Καὶ
3444 5210 3713 5283 φρύαγμα

2280 5321 2425 5375 ἔστιν
2547 5290 2728 5370 ἵππων
2776 5332 2837 5367 τε
2887 5290 2983 5368 καί.
3025 5310 3262 5383 ἡμιόνων
3303 5305 3393 5359 διὰ
3430 5301 3724 5374 μυκτήρων
3755 5290 3865 5363 ἠχὴ

3595 5488 3635 5517 ⁸⁷
3670 5480 3867 5536 Matth.

2420 5504 2462 5533 ⁸⁵
2499 5502 2538 5557 ιι
2572 5503 2710 5558 Tim.
2748 5516 2808 5565 ιι,
2853 5499 2935 5554 15.
3016 5498 3059 5530 ⁸⁸
3089 5495 3245 5551 Joan.
3274 5507 3393 5557 \‘lll,
3426 5487 3516 5546 48.
