4026 6276
293 308 383 365 181

1130 304 1680 364 COMMENTARIUS
1723 311 1785 364 ΙΝ
1831 311 2235 366 ZACHARIAM
2277 314 2721 370 ΡΗΟΡΗΕΤΑΜ.

289 424 589 495 καθημένη
633 441 693 476 τε
735 424 828 477 καὶ
865 424 1043 495 ἀγρίῳ
1070 424 1352 496 φυσήματι
1383 425 1819 480 συνεκπίπτουσα
1841 444 1852 455 ·

1963 431 2012 483 iu
2056 431 2331 487 Christum
2365 442 2489 486 Sttnl
2523 430 2833 484 dchacL-hati
2878 449 2889 483 :
2933 448 2971 481 ‹‹.
2993 431 3170 497 Quare
3210 429 3545 485 fremuerunt

288 513 625 586 λαμϐάνεται
654 515 707 568 δὲ
732 515 826 568 καὶ
854 515 946 567 ἐπὶ
973 515 1067 568 τοῦ
1101 516 1699 585 μεγαλοφρονεῖν.Ἔφη
1728 516 1858 584 γοῦν

295 611 319 661 ό
352 607 637 670 θεσπέσιος
664 605 828 659 Δαόὶδ
858 606 987 678 περὶ¹
1013 605 1123 659 τῶν
1150 610 1230 670 εἰς
1263 607 1496 677 Χριστὸν
1526 624 1858 679 πεπαρῳνη-

295 700 485 753 κότων·
512 698 655 752 (Ἵνα
684 696 737 750 τί
766 695 1047 767 ἐφρύαξαν
1075 696 1223 767 ἔθνη,
1255 698 1348 751 καὶ
1372 698 1490 750 λαοὶ
1520 698 1860 767 ἐμελέτησαν

295 790 531 855 καινάς»
572 790 737 843 Ὅταν
778 783 872 842 οὖν
922 788 1188 860 φρύαγμα
1236 788 1329 843 τοῦ
1382 788 1644 857 Ἰορδάνου
1691 788 1859 861 λέγῃ,

292 883 499 951 νοήσεις
529 880 593 933 τὸ
617 879 894 949 φρόνημα,
929 880 1025 933 καὶ
1052 882 1172 950 οὐχὶ
1199 881 1418 944 πάντως
1450 880 1547 933 τοῦ
1587 880 1857 951 ποταμοῦ,

286 972 418 1026 ἀλλά
443 972 552 1025 τῶν
584 974 710 1043 περὶ
742 975 907 1028 αὐτὸν
954 974 1183 1028 λεόντων
1205 989 1219 1003 ·
1259 972 1367 1027 ἀπὸ
1389 972 1498 1043 γὰρ
1525 972 1707 1026 τόπων
1750 970 1874 1026 ἐσθ’

285 1067 369 1118 ὅτε
395 1064 466 1118 τὰ
496 1068 554 1118 ὲν
586 1066 773 1129 αὐτοῖς
805 1067 1152 1137 σημαίνεται.

356 1155 503 1210 Τάδε
542 1155 705 1226 λέγει
740 1158 957 1225 Κύριος
1007 1154 1428 1223 παντοκράτωρ
1451 1171 1465 1185 ο
1513 1155 1864 1225 Romula-ets

280 1245 653 1314 τὰπρόϐατα
684 1244 792 1315 τῆς
823 1246 1068 1316 σφαγῆς
1090 1286 1105 1310 ,
1156 1244 1195 1300 ἃ
1228 1247 1283 1298 oi
1328 1244 1691 1314 κτησάμενοι
1728 1263 1863 1301 κατ-

276 1336 561 1406 έσφαζον,
596 1338 693 1392 καὶ
731 1340 803 1392 οὐ
842 1330 1241 1408 μετεμέλοντο
1263 1376 1276 1399 ,
1310 1336 1410 1391 καὶ
1431 1339 1486 1390 οι
1520 1336 1863 1403 πωλοῦντες

276 1427 453 1491 αὐτὰ,
476 1428 723 1497 ἑλεῖ-ον’
753 1426 1099 1496 Εὐλογητὸς
1122 1426 1354 1492 Κύριος,
1385 1424 1485 1477 καὶ
1519 1425 1867 1494 383101121}-

274 1533 495 1585 καμεν,
526 1517 623 1570 καὶ
667 1518 723 1570 oi
754 1514 1037 1584 ποιμένες
1068 1512 1266 1566 αὐτῶν
1298 1513 1409 1565 οὐκ
1458 1510 1737 1578 ἔπασχον
1763 1512 1863 1564 οὐ·

271 1607 381 1660 δὲν
411 1608 506 1659 ἐπ’
534 1607 759 1673 αὐτοῖς.

341 1701 462 1753 OZ’.
503 1699 646 1768 Πρὸς
688 1698 888 1762 αὐτοὺς
924 1700 952 1752 ό
996 1698 1152 1767 λόγος
1179 1700 1306 1762 τοὺς
1352 1699 1686 1771 θρηνοῦντας
1737 1718 1856 1753 ποι-

270 1790 463 1861 μένας,
496 1760 590 1843 καὶ
628 1760 695 1843 ήὲν
737 1760 891 1856 τάξει
942 1760 1172 1844 λεόντων
1216 1760 1596 1862 ὠρυομένους,
1642 1760 1723 1855 oi;
1758 1792 1852 1846 καὶ
1888 1760 1930 1820 Β

266 1883 488 1952 ἐφίησιν
548 1882 628 1935 ἔτι
670 1881 738 1934 τὰ
788 1882 889 1952 τῆς
937 1885 1153 1954 σφαγῆς
1201 1884 1526 1953 κατανέμειν
1582 1883 1851 1954 πρόϐατα,

264 1973 446 2025 καίτοι
476 1972 947 2043 κατημελημένως
988 1972 1129 2039 λίαν,
1164 1972 1240 2036 ὡς
1284 1976 1753 2044 πιπρασκομένοις
1789 1988 1850 2027 τε

263 2064 362 2115 καί⁵
404 2063 766 2133 σφαζομένοις
803 2062 925 2134 μηδ’
959 2064 1081 2117 ὅσον
1106 2065 1279 2118 εἰπεῖν
1310 2064 1617 2134 ὲπαλγῆσαι
1651 2063 1847 2136 βραχύ.

264 2154 485 2223 Ὠσπερ
520 2153 628 2223 γὰρ
672 2154 721 2205 οἱ
768 2153 879 2206 τῶν
920 2154 1194 2223 ποιμένων
1223 2155 1719 2226 ἀνεπιεικέστεροι,
1754 2156 1859 2210 καὶ

260 2245 405 2316 πρὸς
454 2245 590 2315 μόνα
641 2244 929 2314 βλέποντες
967 2245 1037 2299 τά
1065 2262 1216 2315 σφισι
1250 2245 1373 2299 καθ’
1425 2246 1643 2317 ἡδονὴν,
1678 2247 1851 2318 μικρά

261 2334 651 2405 φροντίζοντες
685 2334 883 2405 κομιδῇ
928 2335 1023 2388 τοῦ
1055 2336 1154 2406 τῆς
1196 2336 1403 2408 ἀγέλης
1442 2339 1714 2391 Δεσπότου
1735 2378 1749 2401 ,
1781 2339 1849 2393 τά

261 2427 364 2497 μὲν
402 2428 699 2496 σφάζουσιν
741 2427 1019 2497 ἀνηλεῶς,
1069 2428 1169 2491 τὰς
1217 2428 1400 2500 Θηρῶν
1450 2430 1674 2499 ἐφόδους
1711 2432 1848 2484 ἀπο-

260 2517 615 2588 μιμούμενοι,
648 2517 685 2571 ἀ
716 2518 771 2571 δὲ
796 2518 891 2571 καὶ
929 2518 1354 2589 πιπράσκουσιν,
1382 2520 1555 2583 οὐδὲν,
1585 2520 1660 2583 ὡς
1684 2520 1843 2591 ἔφην,

257 2609 631 2677 ἑπαλγοῦντες
653 2610 807 2673 ὅλως,
827 2610 1087 2678 ὲπιγαννύ
1097 2628 1246 2681 μενοι
1274 2611 1330 2664 δὲ
1349 2613 1461 2674 τοῖς
1483 2611 1592 2664 τῶν
1620 2612 1687 2680 λη
1696 2611 1845 2682 μμά-

258 2715 365 2752 των
407 2699 810 2763 ὲκτοπωτάτοις
836 2740 849 2764 ,
885 2700 980 2753 καὶ
1018 2701 1361 2773 φιλοκερδίας
1402 2703 1502 2772 τῆς
1542 2701 1714 2765 οὕτως
1758 2702 1845 2755 αἱ·-

256 2793 438 2862 σχρᾶς
468 2790 771 2862 ἡττώμενοι
793 2808 805 2822 ·
839 2792 983 2845 κατὰ
1016 2792 1108 2845 τὸν
1146 2794 1278 2859 ἴσον,
1310 2788 1485 2864 οἶμαι,
1514 2794 1715 2864 τρόπον
1749 2794 1845 2848 καὶ

255 2886 300 2935 al.
337 2882 460 2936 τῶν
495 2882 801 2936 Ἰουδαϊκῶν
830 2882 1125 2953 ἡγούμενοι
1162 2882 1372 2954 δήμων,
1405 2885 1513 2939 τῶν
1545 2886 1635 2937 ὑπ’
1664 2887 1846 2949 αὐτοῖς

256 2976 532 3047 ποιμνίων
562 2976 913 3047 ἠφειδηκότες
938 2977 1114 3030 ἁλοῖεν
1145 2977 1231 3042 ἂν,
1263 2978 1358 3031 καὶ
1378 2977 1712 3044 ἀδρύνοντες
1746 2979 1845 3049 μὲν

261 3069 341 3123 ιδν
382 3068 598 3122 ἑαυτῶν
622 3069 874 3133 πλοῦτον,
903 3069 1326 3140 κατευρύνοντες
1352 3070 1408 3123 δὲ
1441 3069 1632 3142 ῶσπερ
1664 3071 1844 3143 ἀπλή-

255 3178 364 3233 στφ
426 3170 569 3230 χειρὶ
596 3174 663 3213 τα
699 3160 976 3230 βαλάντια.
1010 3162 1120 3213 Καὶ
1147 3160 1277 3229 γοῦν
1308 3160 1546 3229 ἔφασκεν
1574 3163 1604 3214 ὁ
1633 3162 1844 3232 Σωτὴρ,

254 3249 537 3313 τοιούτους
573 3252 735 3313 ὄντας
769 3251 1040 3320 ἐλέγχων
1089 3269 1107 3301 ι
1140 3251 1281 3302 Οὐαὶ⁵
1316 3252 1468 3319 ὑμῖν,
1493 3252 1847 3321 Γραμματεῖς

253 3344 347 3396 καὶ
424 3342 708 3412 Φαρισαῖοι
783 3342 1117 3413 ὑποκριταὶ,
1172 3343 1256 3395 ὅτι
1325 3342 1723 3395 ἀποδεκατοῦτε
1787 3342 1848 3397 τὸ

258 3435 554 3506 ἡδύοσμον,
593 3436 689 3487 καὶ
727 3433 789 3487 τὸ
818 3434 1038 3503 ἄνηθον,
1089 3434 1184 3487 καὶ
1232 3432 1295 3485 τὸ
1336 3432 1583 3503 κύμινον,
1619 3436 1712 3488 καὶ
1738 3437 1846 3505 ἀφ-

252 3528 438 3597 ήκατε
474 3526 539 3578 τά
576 3524 852 3594 βαρύτερα
885 3523 977 3576 τοῦ
1024 3523 1214 3593 νόμου,
1251 3523 1349 3593 τὴν
1395 3524 1595 3595 κρίσιν,
1646 3526 1740 3577 καὶ
1783 3525 1845 3578 τὸ

252 3617 429 3679 ἕλεος,
467 3616 559 3667 καὶ
588 3615 683 3686 τὴν
713 3615 914 3668 πίστιν.
952 3634 970 3667 ι
1024 3614 1480 3686 Ίσχνολογοῦντες
1512 3615 1621 3685 γὰρ
1648 3614 1839 3681 οὕτως,

253 3708 325 3770 ὡς
351 3707 459 3759 καὶ
500 3706 661 3775 μέχρι
690 3704 797 3758 τῶν
823 3705 1229 3758 εὐτελεστάτων
1262 3708 1373 3767 τοῖς
1403 3704 1476 3775 μὴ
1503 3705 1843 3775 προσάγουσι

261 3797 350 3860 τὰς
379 3797 619 3859 δεκάτας
651 3796 789 3849 κατά
817 3797 982 3866 νόμον
1021 3797 1281 3867 ἐπιτιμᾷν
1306 3835 1321 3859 ,
1358 3794 1465 3848 τῶν
1498 3795 1840 3867 βαρυτέρων,

254 3890 374 3959 ἦτοι
412 3888 524 3939 τῶν
561 3887 1001 3958 ἀναγκαιοτέρων
1033 3888 1127 3940 καὶ
1154 3886 1451 3940 λυσιτελῶν
1486 3889 1571 3940 ὅτι
1608 3888 1842 3958 μάλιστα

254 3979 650 4048 θεσπισμάτων
679 3978 869 4031 οὐδένα
900 3978 1176 4042 παντελῶς
1209 3978 1492 4032 ἐποιοῦντο
1525 3978 1839 4047 λόγον.”υτι

253 4072 311 4124 δὲ
350 4067 495 4142 ἦσαν
525 4069 781 4149 ποιμένες
814 4070 914 4122 οὐκ
951 4069 1145 4138 ἀγαθοὶ
1168 4113 1185 4135 ,
1222 4070 1420 4139 μᾶλλον
1448 4069 1503 4123 δὲ
1535 4071 1672 4141 πρὸς
1707 4071 1843 4141 μόνα

218 4157 555 4232 ἒβλέποντες
607 4161 825 4231 κέρδη,
857 4164 1112 4233 σαφηνιεῖ
1157 4160 1333 4231 λέγων
1378 4163 1471 4216 καὶ
1519 4163 1607 4216 διὰ
1658 4164 1844 4233 φωνῆς

219 4254 225 4307 ξ
266 4253 566 4322 Ἰεζεχιήλ·
603 4248 701 4305 «Ὦ
724 4253 773 4304 οἱ
807 4254 1063 4323 ποιμένες
1097 4254 1332 4323 Ἰσραὴλ,
1370 4255 1443 4324 μὴ
1475 4254 1761 4323 βόσκουσιν
1792 4255 1842 4306 οἱ

256 4345 526 4415 ποιμένες
558 4344 820 4410 έαυτούςς
849 4347 923 4397 Οὐ
958 4346 1025 4399 τὰ
1053 4346 1301 4415 πρόϐατα
1330 4345 1614 4416 βόσκουσιν
1639 4348 1687 4399 οἱ
1720 4364 1843 4399 ποι-

211 4444 219 4512 5'
259 4438 468 4508 μένες;
507 4436 642 4487 Ἰδοὺ
684 4436 745 4487 τὸ
771 4437 910 4501 γάλα
944 4438 1278 4504 κατεσθίετε,
1316 4440 1411 4491 καὶ
1442 4438 1509 4490 τά
1540 4440 1662 4508 ἔρια
1689 4456 1846 4509 περι-

257 4526 558 4587 ὀάλλεσθε,
606 4525 701 4577 καὶ
740 4526 798 4577 τὸ
844 4528 988 4596 παχὺ
1026 4528 1280 4594 σφάζετε,
1332 4529 1427 4580 κςπύ¹
1476 4527 1546 4580 τά
1596 4528 1845 4597 πρόϐατά

257 4638 367 4692 μου
417 4619 475 4671 ού
522 4618 768 4688 βόσκετε.
795 4636 812 4667 ι
845 4648 908 4657 -—
937 4636 954 4666 ι
982 4618 1366 4670 Καταὸόσκετε
1393 4620 1592 4681 τοίνυν,
1610 4620 1845 4689 φησὶ,τά

254 4709 514 4781 πρόϐατα
542 4712 643 4780 τῆς
676 4710 912 4779 σφαγῆς,
946 4728 963 4759 ι
1000 4708 1296 4771 τουτέστιν,
1333 4710 1363 4779 ἢ
1397 4710 1464 4761 τά
1486 4710 1607 4762 ὅσον
1634 4711 1847 4765 οὖδέπω

255 4804 635 4873 τεθνηξόμενα
679 4805 745 4875 τῇ
802 4804 1091 4872 Ῥωμαίων
1142 4802 1319 4873 χειρί·
1369 4803 1535 4872 ἦγουν
1584 4803 1618 4857 ἃ
1686 4805 1843 4874 ὑμεῖς

256 4898 423 4949 αὐτοὶ
474 4894 731 4964 σφάζετε,
783 4894 957 4946 καίτοι
985 4893 1135 4954 τάξιν
1179 4894 1465 4962 ἐπέχοντες
1507 4895 1612 4949 τῶν
1648 4897 1842 4967 ποιμέ-

258 5008 389 5040 νισι.
425 4988 500 5039 Οὐ
522 4987 631 5056 γάρ
659 5003 761 5038 που
798 4986 1061 5054 πάρεστιν
1090 4985 1118 5036 ό
1146 4984 1353 5055 καιρὸς,
1389 4986 1507 5039 καθ’
1536 4986 1593 5038 ὃν
1620 4986 1841 5055 ἥξουσιν

261 5082 341 5141 εἰς
372 5079 608 5147 σφαγήν.
648 5077 802 5130 Μετὰ
835 5078 945 5152 γάρ
988 5094 1069 5128 τοι
1101 5077 1199 5147 τὴν
1229 5075 1321 5129 τοῦ
1358 5078 1606 5148 Σωτῆρος
1650 5080 1840 5149 ἐπιδη-

266 5170 397 5238 μίαν
444 5171 557 5230 τοῖς
604 5167 711 5219 τῶν
754 5166 1042 5237 Ῥωμαίων
1102 5166 1304 5233 ξίφεσιν
1351 5170 1381 5236 ὴ
1424 5168 1530 5221 ¹τῶν
1573 5169 1841 5221 Ἰουδαίων

266 5260 479 5329 πληθὺς
503 5258 905 5327 δεδαπάνηται,
947 5257 1122 5309 καίτοι
1156 5258 1275 5309 λίαν
1308 5259 1392 5310 ἐπ’
1435 5260 1616 5321 αὐτοῖς
1662 5259 1840 5321 ἀνεξι-

266 5351 608 5420 κακήσαντος
636 5350 729 5402 τοῦ
757 5349 1045 5402 Θεοῦ.”()τι
1072 5348 1127 5400 δὲ
1150 5349 1255 5401 τῶν
1285 5350 1560 5417 ποιμένων
1587 5349 1843 5416 γεγόνασι

263 5442 468 5510 κλῆρος
513 5442 559 5493 οἱ
593 5441 695 5493 ὑπὸ
734 5443 891 5511 χεῖρα
941 5439 1099 5504 λαοὶ,
1137 5439 1443 5503 κατέδειξεν
1488 5439 1677 5491 εἰπών·
1721 5458 1736 5489 ι
1778 5441 1843 5489 "A

269 5536 317 5585 οί
367 5533 700 5603 κτησάμενοι
749 5532 1106 5600 κατέσφαζον,
1155 5532 1247 5583 καὶ
1294 5533 1351 5583 οὐ
1399 5530 1778 5598 κατεμέλοντο.
1820 5548 1835 5579 ι

346 5704 385 5734 ⁸⁵
427 5710 561 5765 ινδίιι.
593 5728 648 5776 ll,
688 5714 733 5765 l.
812 5717 853 5743 ⁷ο
900 5714 1084 5769 Matth.
1118 5713 1388 5778 “111,25.

1466 5714 1507 5741 ἰ
1556 5710 1750 5763 ίίιωίι.
1785 5726 1964 5773 κικιν,
1996 5712 2046 5774 Ξ,
2081 5712 2129 5761 3.

1961 528 2165 586 gentes,
2198 530 2250 573 et
2287 521 2463 589 populi
2503 519 2744 573 meditati
2783 529 2906 571 sunt
2944 520 3121 573 inania
3145 520 3231 574 “l
3268 540 3284 571 ι
3321 520 3544 586 Quando

1962 612 2128 680 igitur
2166 613 2298 667 dicit
2345 612 2617 667 fremitum
2663 610 2949 675 Jordanis,
2998 612 3239 679 intelligo
3284 613 3534 682 spiritus,

1962 718 2066 755 non
2096 704 2279 772 utique
2304 702 2558 766 ﬂuminis,
2588 702 2680 756 sed
2711 702 2923 756 leonum
2952 704 3043 772 qui
3069 702 3221 772 juxta
3254 704 3538 756 invenitur-

1964 802 2049 847 tur
2081 813 2092 847 :
2126 808 2153 846 a
2189 794 2322 848 locis
2356 794 2499 848 enim
2539 807 2922 861 nonnunquam
2962 808 3082 864 quae
3117 793 3170 846 in
3208 792 3275 846 iis
3308 803 3431 847 sunt
3463 795 3540 847 si-

1962 885 2303 953 gniﬁcautur.

2036 1147 2201 1218 758
2241 1146 2403 1201 Vens.
2445 1148 2498 1211 4,
2542 1148 2593 1201 5.
2642 1148 2768 1201 11αέ
2817 1151 2943 1202 dicit
2994 1150 3251 1204 "ciuiuus
3299 1154 3537 1214 omnipo—

1964 1248 2075 1292 tens
2112 1254 2129 1292 :
2166 1237 2372 1291 Pascite
2405 1255 2519 1292 oves
2553 1240 2851 1303 occisionis,
2888 1257 3017 1310 quas
3054 1244 3139 1311 qui
3179 1244 3535 1311 possederunt,

1964 1331 2379 1397 interﬁciebaut,
2415 1341 2464 1385 et
2509 1348 2612 1385 non
2658 1333 2876 1401 agebant
2921 1337 3317 1403 paenitentiam,
3357 1346 3405 1390 et
3449 1339 3538 1405 qui

1963 1422 2247 1474 vendebant
2293 1438 2413 1487 eas,
2452 1423 2692 1478 dicebant
2739 1437 2759 1476 :
2807 1425 3120 1480 Benedictus
3164 1428 3447 1493 Dominus,
3489 1439 3538 1482 et

1962 1512 2149 1565 divites
2192 1512 2322 1581 {neti
2364 1528 2577 1576 sumus,
2618 1523 2666 1566 et
2709 1525 2971 1580 pastores»
2990 1532 3172 1569 eorum
3216 1534 3319 1571 non
3368 1520 3537 1587 patie-

1964 1602 2155 1655 bantur
2178 1604 2465 1672 quidquam
2492 1619 2650 1672 super
2671 1606 2767 1658 eis.

2036 1694 2290 1751 LXXVII.
2334 1696 2412 1751 Ad
2447 1700 2663 1751 eosdem
2698 1707 2943 1767 pastores
2981 1700 3338 1756 lamentantes
3368 1712 3423 1757 et
3456 1703 3538 1755 iu-

1959 1795 2073 1840 star
2107 1786 2317 1840 leomuu
2361 1789 2635 1856 rugientes
2673 1802 2854 1841 sertno
2892 1788 3165 1856 dirigitur,
3205 1792 3401 1860 quibus
3442 1794 3537 1845 ad-

1958 1877 2063 1931 huc
2090 1878 2352 1943 permittit
2382 1892 2603 1943 pascere
2626 1892 2757 1931 oves
2788 1880 3097 1943 occisionis,
3126 1883 3337 1936 tametsi
3368 1883 3535 1951 negli—

1957 1965 2289 2035 gentissime,
2329 1975 2387 2019 ut
2432 1968 2521 2035 qui
2561 1966 2793 2020 venditis
2836 1977 2892 2021 et
2931 1968 3130 2023 occisis
3176 1970 3281 2025 illis
3327 1989 3425 2027 nec
3468 1975 3534 2026 ad

1957 2065 2284 2109 momentum
2324 2058 2581 2126 temporis
2615 2058 2831 2125 quidem
2868 2058 3132 2113 dolerent.
3168 2060 3532 2127 Quemadmo-

1955 2144 2082 2200 dum
2122 2147 2266 2201 enim
2310 2158 2555 2215 pastores
2597 2148 2916 2218 iniquiores,
2952 2160 3007 2204 et
3050 2152 3196 2206 solas
3232 2152 3529 2221 voluptates

1954 2252 2081 2293 suas
2117 2248 2447 2305 spectantes,
2483 2248 2539 2293 et
2574 2241 2750 2310 gregis
2791 2241 3074 2295 Dominum
3124 2258 3221 2297 nec
3264 2244 3357 2297 bili
3400 2260 3530 2313 pen.

1953 2329 2163 2395 dentes,
2200 2331 2337 2387 alias
2370 2346 2499 2387 oves
2531 2334 2823 2387 crudeliter
2856 2345 3113 2399 mactant,
3153 2335 3390 2390 ferarum
3429 2338 3531 2390 im-

1954 2432 2111 2493 petus
2136 2422 2435 2486 imitantes,
2459 2423 2595 2479 alias
2614 2426 2871 2489 vendunt,
2896 2427 3033 2480 nihil
3055 2429 3288 2495 penitus,
3311 2437 3372 2482 ut
3395 2429 3528 2494 dixi,

1953 2528 2137 2569 earum
2165 2515 2339 2568 vicem
2369 2514 2633 2580 dolentes,
2665 2518 2755 2571 sed
2790 2519 3204 2587 improbissimis
3234 2522 3530 2589 quiestibus

1954 2608 2266 2679 gaudentes,
2307 2619 2361 2662 et
2399 2608 2677 2677 cupiditati
2721 2611 2854 2663 adeo
2899 2611 3071 2677 turpis
3116 2610 3248 2664 lucri
3291 2628 3532 2666 succuqu

1952 2698 2140 2752 bentes
2165 2715 2178 2751 :
2204 2698 2394 2752 eodem
2424 2697 2586 2753 modo
2608 2707 2663 2752 et
2689 2700 2868 2768 populi
2896 2699 3106 2754 Judaiei
3139 2700 3531 2767 gubernatores

1951 2804 2139 2860 greges
2186 2804 2315 2843 suos
2359 2788 2499 2843 male
2542 2804 2766 2844 curasse
2810 2791 3027 2854 videas,
3077 2800 3131 2844 et
3177 2806 3531 2862 exaggerassc

1952 2895 2080 2935 snas
2126 2881 2362 2944 divitias,
2412 2890 2466 2935 et
2508 2881 2654 2934 velut
2695 2881 3004 2952 inexplebili
3050 2897 3211 2936 manu
3259 2885 3528 2951 marsupia

1954 2970 2245 3038 ingerendo
2276 2970 2554 3027 dilatasse.
2585 2972 2849 3038 Quocirca
2883 2974 3061 3028 aiebat
3093 2974 3360 3036 Salvator,
3396 2975 3529 3027 tales

1955 3064 2351 3132 reprehendens
2384 3077 2401 3117 :
2441 3081 2460 3114 ι
2498 3064 2590 3117 Vte
2622 3066 2797 3130 vobis,
2831 3064 3035 3120 Scriba:
3063 3075 3117 3121 et
3150 3066 3405 3119 Pharisaei
3439 3068 3531 3136 hy-

1952 3155 2195 3222 pocritte,
2239 3154 2367 3222 quia
2411 3154 2695 3208 decimatis
2743 3164 3004 3219 mentum,
3050 3166 3106 3210 et
3154 3157 3430 3219 anethum,
3476 3170 3531 3209 et

1954 3241 2263 3311 cyminum,
2296 3250 2349 3296 et
2391 3243 2638 3311 graviora
2681 3244 2813 3312 legis
2854 3245 3137 3310 omittitis,
3171 3246 3431 3313 judicium
3474 3260 3528 3302 et

1956 3333 2381 3388 misericordiam
2404 3375 2417 3401 ,
2450 3344 2505 3390 et
2541 3335 2697 3389 ﬁdem
2721 3337 2792 3392 '°.
2831 3354 2849 3388 ι
2886 3335 3019 3391 Tam
3055 3338 3227 3393 exacti
3263 3339 3406 3393 enim
3429 3381 3445 3405 ,
3476 3352 3529 3395 ct

1953 3425 2200 3479 minutim
2237 3427 2475 3483 rationes
2509 3426 2903 3493 Subducentes,
2941 3439 3003 3482 ut
3035 3429 3196 3483 etiam
3238 3446 3416 3484 rermu
3454 3433 3527 3483 ti-

1952 3515 2276 3572 lissimarum
2330 3519 2566 3574 decimas
2614 3522 2931 3575 secundum
2965 3521 3097 3591 legis
3146 3526 3518 3593 praescriptum

1952 3621 2056 3659 non
2093 3606 2377 3663 oilerentes
2416 3609 2793 3678 increparent,
2854 3612 3161 3679 graviorum
3208 3616 3321 3669 sive
3356 3617 3526 3685 magis

1950 3699 2379 3753 necessariorum
2423 3710 2479 3755 et
2534 3702 2942 3756 utilissimorum
2998 3705 3373 3757 mandatorum
3430 3708 3521 3759 Dei

1951 3790 2150 3844 nullam
2191 3794 2412 3847 omnino
2454 3808 2642 3847 curam
2684 3794 3065 3862 suscipiebant.
3112 3795 3302 3850 Fuisse
3344 3806 3520 3850 autem

1950 3890 2193 3950 pastores
2221 3899 2326 3937 non
2356 3886 2546 3949 bonos,
2574 3885 2668 3939 scd
2699 3893 2903 3953 tantum
2933 3886 3079 3940 lucra
3110 3896 3521 3951 sna-sectantes,

1949 3973 2182 4029 declarat
2211 3977 2374 4031 etiam
2405 3992 2499 4047 per
2526 3975 2886 4040 Ezechielem,
2922 3977 3005 4033 his
3038 3978 3212 4033 verbis
3243 3996 3255 4032 :
3296 3996 3315 4029 ι
3351 3978 3394 4035 Ο
3427 3994 3524 4048 pa-

1949 4075 2122 4121 stores
2162 4067 2364 4135 Israel,
2416 4084 2543 4123 num
2597 4076 2823 4138 pascunt
2872 4079 3119 4139 pastores
3166 4070 3525 4140 semetipms?

1948 4157 2133 4213 Nonne
2166 4169 2410 4225 pastores
2437 4174 2657 4229 pascere
2683 4159 2858 4214 solent
2890 4161 3057 4215 oves?
3091 4161 3226 4215 Ecce
3263 4162 3345 4213 lac
3375 4176 3523 4214 com-

1951 4253 2129 4316 editis,
2161 4262 2215 4306 et
2243 4252 2377 4308 lanis
2407 4255 2715 4322 operimini,
2745 4266 2797 4309 et
2827 4256 2967 4323 quod
2998 4270 3239 4309 crassum
3270 4264 3353 4309 est
3381 4256 3524 4309 occi-

1950 4344 2109 4408 ditis,
2142 4354 2194 4399 et
2227 4360 2367 4400 oves.
2390 4361 2537 4400 meas
2575 4347 2937 4416 uonpascitis
2961 4348 3027 4398 ⁷¹.
3070 4365 3091 4397 ι
3132 4345 3305 4416 lnquit
3341 4361 3469 4416 ergo
3509 4365 3522 4400 :

1878 4477 1921 4535 ο
1956 4456 1974 4489 ι
2008 4438 2222 4494 Pascite
2245 4454 2369 4494 oves
2399 4439 2706 4503 occisionis,
2742 4459 2760 4492 ι
2794 4440 2894 4494 hoc
2921 4447 3023 4506 est,
3053 4450 3144 4493 aut
3172 4453 3293 4492 mox
3324 4438 3524 4493 Roma-

1952 4547 2141 4585 norum
2173 4550 2330 4586 manu
2363 4534 2682 4598 morituras,
2712 4542 2803 4587 aut
2833 4548 2967 4601 quas
3000 4532 3215 4601 ipsimet
3244 4533 3523 4596 occiditis,

1950 4627 2193 4693 quamvis
2218 4636 2489 4695 pastorum
2516 4626 2705 4679 ordine
2729 4635 2778 4679 et
2810 4626 2925 4679 loco
2950 4624 3085 4680 sitis.
3109 4624 3352 4681 Nondum
3378 4627 3520 4680 enim

1950 4717 2102 4770 adest
2126 4727 2333 4785 tempus
2355 4734 2461 4786 quo
2479 4718 2885 4787 jugulaltuntur.
2907 4715 3033 4771 Post
3054 4720 3339 4771 adventum
3367 4733 3522 4769 nam-

1948 4822 2050 4874 que
2081 4808 2397 4872 Salvatoris,
2427 4820 2478 4863 et
2509 4810 2818 4863 diuturnam
2855 4807 2943 4859 Dei
2977 4822 3101 4875 erga
3136 4808 3252 4859 illos
3285 4806 3517 4859 toleran—

1952 4900 2100 4963 tiam,
2130 4897 2492 4953 Romanorum
2526 4900 2715 4970 gladiis
2741 4899 3045 4954 Judmorum
3078 4899 3360 4951 multitudo
3390 4912 3516 4949 con-

1949 5000 2158 5056 sumpta
2193 5000 2295 5043 est.
2329 4990 2609 5043 Pastorum
2646 5000 2822 5042 autem
2859 4999 3057 5041 sortem
3096 4988 3289 5039 lactant
3327 4983 3520 5051 quibus

1949 5090 2215 5147 praeerant
2246 5081 2468 5149 populos
2500 5082 2569 5133 ita
2604 5083 2759 5135 docet
2796 5100 2807 5133 :
2847 5081 3011 5150 759
3043 5098 3060 5130 ι
3099 5080 3242 5145 Quas
3272 5078 3359 5144 qui
3396 5092 3520 5144 pos-

1950 5170 2237 5232 sederunt,
2273 5171 2702 5232 interliciebant,
2743 5179 2796 5223 et
2839 5186 2941 5223 nou
2985 5170 3212 5237 agebant
3256 5166 3524 5236 pumilea-

1952 5258 2101 5309 tiam.
2140 5276 2157 5308 ι
2192 5262 2339 5312 Sicut
2374 5262 2514 5313 enim
2553 5260 2883 5313 Dominicam
2926 5270 3107 5313 mente
3140 5257 3517 5326 expectabilcm

1951 5351 2184 5413 vineam,
2218 5350 2486 5417 Israelem,
2522 5353 2765 5419 inquam,
2794 5352 2903 5404 sive
2939 5351 3205 5404 hominem
3233 5349 3392 5410 .luda,
3431 5362 3517 5402 re-

1951 5457 2079 5494 cens
2120 5441 2476 5508 plantatam"
2518 5452 2570 5495 et
2613 5442 2900 5507 dilectam,
2937 5457 3085 5494 suam
3131 5452 3330 5495 sortem
3374 5439 3518 5492 fece-

1957 5542 2081 5585 ruut
2137 5550 2147 5583 :
2202 5532 2271 5583 ita
2332 5542 2383 5583 et
2442 5548 2629 5600 greges
2685 5535 3076 5599 quodammodo
3130 5533 3517 5599 possederunt,

2211 5712 2251 5739 τ’
2294 5710 2391 5762 ibi.
2420 5726 2468 5776 ι’,
2516 5711 2565 5760 Ῐ.

3442 306 3617 369 tae“
