4026 6276
508 274 612 329 185

1490 276 1549 330 S.
1592 275 1865 331 CYRILLI
1908 277 2375 333 ALEXANDRINI
2421 280 2735 336 Al‘tClilEP.

3663 291 3759 341 IN

504 398 855 461 decerpentes
901 405 1086 445 eorum
1134 388 1373 451 fructus,
1418 399 1473 443 et
1516 406 1626 443 rem
1674 407 1825 445 suam
1870 406 2079 461 semper

2200 395 2423 460 ’Ὠσπερ
2450 394 2557 465 γάρ
2592 394 2907 447 δεσποτικὸν
2950 396 3077 447 ὅντα
3104 393 3196 446 τδν
3224 394 3410 464 νοητὸν
3441 396 3762 465 ἀμπελῶνα.

502 487 921 555 ainpl'rlicantes,
954 481 1364 548 volentibusque
1400 482 1641 548 rapinam
1678 485 2070 551 permittentes.

507 579 648 648 Ergo
677 579 765 647 qui
798 574 1151 645 possederunt
1179 573 1499 627 occidebant
1530 592 1543 625 :
1575 576 1865 629 vendenles
1896 583 2074 630 autem

506 670 756 723 dicebant
794 683 807 717 :
853 683 872 715 ι
921 664 1243 719 Benedictus
1286 663 1574 727 Dominus,
1616 674 1671 719 et
1712 665 1908 721 divites
1952 666 2072 721 facti

504 774 712 814 sumus.
762 774 783 808 ι
832 754 1062 808 Possunt
1113 754 1163 809 lii
1212 754 1436 820 intelligi
1475 754 1708 822 judices,
1751 756 2073 824 judiciorum

509 848 867 915 integritatem
902 856 1304 915 cauponantes,
1339 854 1393 899 et
1426 846 1578 913 quasi
1618 846 1797 900 valere
1825 840 2077 913 jubentes

510 945 676 1011 legem
711 939 891 1004 Mosis,
921 938 1167 1006 quamvis
1198 947 1383 1007 aperte
1411 940 1555 992 dicat
1591 956 1603 991 :
1643 956 1661 989 ι
1700 936 1813 993 Νοη
1846 940 2077 1007 accipies

509 1046 792 1101 personam
828 1029 878 1081 in
910 1028 1141 1098 judicio,
1170 1029 1291 1098 quia
1314 1027 1576 1095 judicium
1606 1029 1697 1082 Dei
1726 1030 1893 1083 est".
1932 1048 1948 1080 ι
1980 1028 2076 1083 Ju-

506 1122 737 1177 cnndum
794 1120 937 1173 enim
969 1128 1023 1172 et
1053 1120 1285 1173 amicum
1318 1127 1435 1172 erat
1466 1118 1570 1172 illis
1598 1120 1829 1173 vendere
1860 1120 1910 1172 in
1944 1136 2073 1172 nna-

507 1227 720 1282 qnaqne
743 1226 902 1265 causa
924 1210 1185 1277 judicium
1211 1211 1275 1265 iis
1299 1210 1389 1280 qui
1414 1225 1597 1265 emere
1615 1210 1831 1265 vellent.
1855 1211 1908 1264 ld
1933 1209 2073 1279 quod

506 1305 672 1359 etiam
708 1318 775 1358 ex
807 1303 1030 1357 vocibus
1063 1313 1387 1357 sanctorum
1410 1302 1626 1370 planum
1667 1302 1778 1355 liet.
1813 1304 1901 1355 Ait
1932 1304 2074 1357 enim

507 1396 725 1464 quidam
757 1404 1065 1449 sanctorum
1088 1395 1471 1463 prophetarum
1492 1393 1555 1447 de
1572 1391 1871 1456 Jerusalem
1899 1410 1912 1445 :
1947 1391 2077 1445 «Du-

503 1507 595 1545 ces
617 1490 733 1559 ejus
762 1505 885 1544 cum
911 1488 1223 1545 monesibus
1245 1486 1563 1556 judicabant
1589 1487 1659 1540 ⁷⁸.
1688 1506 1707 1538 ι
1726 1482 1957 1541 'Divinus
1979 1502 2079 1541 au-

506 1594 611 1636 tem
637 1580 886 1636 Habacuc
910 1580 1291 1649 prepemodum
1315 1577 1637 1633 vociferatur
1656 1586 1841 1633 contra
1873 1581 2073 1632 Deum:

509 1691 527 1723 ι
582 1670 892 1741 Usquequo,
934 1670 1178 1733 Domine,
1217 1668 1487 1732 clamabo,
1527 1678 1584 1724 et
1627 1685 1729 1723 non
1779 1670 2077 1723 exaudies?

505 1765 840 1819 vociferabor
859 1762 924 1815 ad
952 1772 1001 1815 te
1023 1764 1128 1815 vim
1152 1761 1377 1829 patiens,
1404 1771 1457 1815 et
1479 1777 1584 1815 non
1608 1762 1879 1815 salvabis?
1899 1761 2077 1827 Quare

503 1855 785 1910 ostendisti
825 1853 954 1907 mihi
996 1852 1207 1908 labores
1236 1861 1291 1907 et
1325 1852 1557 1918 dolores,
1589 1855 1771 1907 videre
1802 1855 2076 1908 miseriam

502 1958 556 2001 et
586 1946 953 2015 impietatem?
979 1945 1054 1999 Ex
1081 1944 1311 1999 adverso
1332 1945 1436 1999 mei
1463 1944 1666 1998 factum
1688 1952 1771 1999 est
1793 1944 2077 2012 judicium,

501 2045 557 2090 et
581 2035 744 2105 judex
775 2034 991 2103 accipit.
1023 2032 1317 2102 Propterea
1348 2032 1606 2101 dissipata
1636 2033 1853 2099 estlex,
1884 2044 1936 2087 et
1967 2050 2071 2086 non

502 2127 785 2183 deducitur
819 2127 871 2180 in
912 2125 1073 2180 ﬁnem
1104 2124 1389 2193 judicium,
1423 2126 1549 2195 quia
1588 2125 1783 2195 impius
1820 2127 2081 2196 opprimit

500 2218 722 2287 justum.
770 2216 995 2286 Propter
1040 2217 1143 2272 hoc
1196 2216 1501 2286 egredietur
1544 2217 1807 2287 judicium
1861 2233 2079 2287 perver-

502 2325 620 2365 sum
643 2308 713 2364 ⁷³.
750 2328 769 2361 ι
801 2309 1161 2376 Quamobrem
1191 2324 1255 2364 ex
1289 2309 1502 2377 injustis
1533 2310 1830 2378 quaestibus
1862 2311 2080 2366 divitias

501 2413 913 2474 coiigregantes,
955 2412 1003 2457 et
1042 2401 1307 2468 justitiam
1352 2412 1747 2470 pervertentes,
1789 2413 1843 2455 et
1875 2404 2079 2472 judicia

503 2497 554 2548 in
599 2494 837 2561 qualibet
880 2507 1041 2548 causa
1086 2492 1260 2560 pretio
1303 2492 1645 2557 addicentes,
1688 2508 1808 2547 es~e
1853 2505 2079 2562 possunt

500 2586 710 2657 judices
741 2586 863 2656 ipsi,
890 2594 948 2637 ut
980 2585 1137 2640 modo
1166 2583 1300 2649 dixi,
1326 2584 1418 2652 qui
1448 2585 1670 2639 dicunt:
1705 2603 1723 2635 ι
1751 2583 2077 2641 Benedictus

503 2678 782 2743 Dominus,
811 2686 865 2733 et
894 2677 1089 2732 divites
1122 2675 1250 2731 facti
1282 2689 1489 2730 sumus.
1524 2694 1543 2726 ι
1576 2673 1630 2727 1η
1663 2691 1769 2743 quo
1802 2688 1859 2729 ut
1891 2692 2078 2731 amen-

504 2770 705 2845 tissimi
732 2777 789 2823 et
832 2768 1181 2822 audacissimi
1226 2767 1543 2837 reprehendi
1585 2778 1804 2836 queant.
1848 2767 2081 2838 Fingnn'.

503 2862 651 2915 enim
688 2876 745 2915 se
779 2861 1097 2915 benedicere
1129 2858 1266 2923 Deo,
1306 2859 1528 2928 perinde
1562 2873 1625 2914 ac
1658 2858 1703 2912 si
1742 2859 1909 2929 ipsius
1943 2875 2076 2914 con-

500 2966 659 3007 cessu
694 2950 853 3006 liceat
885 2965 950 3005 ex
986 2950 1362 3019 iniquitatibus
1396 2949 1670 3018 colligere,
1704 2959 1758 3004 et
1792 2966 1821 3004 e
1854 2952 2076 3021 sangui-

502 3044 662 3099 nibus
696 3043 982 3098 ditescere.
1015 3042 1176 3110 Atqui
1212 3056 1280 3096 ex
1314 3056 1442 3096 vero
1475 3041 1653 3097 oﬂicio
1681 3042 1882 3111 judicia
1919 3057 2079 3096 exer-
2107 3076 2148 3134 Ο

501 3144 683 3192 centes
714 3134 843 3189 illud
878 3134 1170 3205 prmstabat
1204 3133 1385 3188 dicere
1420 3154 1432 3189 :
1471 3151 1490 3185 ι
1530 3133 1855 3188 Benedictus
1895 3133 2077 3187 Demi-

408 3272 414 3280 .
503 3240 628 3291 nus,
668 3244 687 3277 ι
730 3225 979 3280 illustrati
1018 3225 1433 3293 divinorumque
1471 3226 1848 3278 mandatorum
1886 3225 2083 3279 sinceri

502 3321 879 3375 observatores
898 3318 1155 3386 comperti
1181 3332 1388 3378 sumus,
1403 3316 1605 3383 justam
1632 3315 1683 3369 in
1708 3318 1898 3385 quavis
1919 3330 2081 3370 causa

503 3409 827 3463 sententiam
867 3407 1300 3477 pronuntiantes.
1340 3405 1439 3460 Est
1504 3407 1665 3476 igitur
1698 3406 1855 3461 dolus
1899 3417 1953 3461 et
1990 3408 2085 3461 de-

505 3501 671 3553 decus
705 3497 983 3566 speciosus
1011 3510 1210 3561 sermo,
1245 3496 1347 3549 nisi
1383 3494 1646 3548 faciamus
1682 3508 1801 3562 qua:
1835 3492 2084 3561 placeant

505 3590 638 3644 Deo.

2178 486 2320 554 φημὶ
2344 485 2405 555 δὴ
2441 486 2532 537 τὸν
2572 485 2809 555 Ἰσραὴλ,
2843 486 2961 556 ἢτοι
2994 486 3087 538 τὸν
3121 485 3409 556 ἄνθρωπον
3445 486 3541 540 τοῦ
3567 488 3757 552 Ἰούδα,

2176 578 2236 629 τὸ
2279 578 2554 645 νεόφυτον,
2585 576 2647 629 τὸ
2673 577 3051 646 ἠγαπημένον,
3105 577 3235 630 ίδιον
3268 579 3595 649 ἐποιήσαντο
3635 579 3761 651 κλῆ-

2179 683 2292 738 ρον’
2335 667 2475 721 οὕτω
2508 668 2601 721 καὶ
2643 668 2709 721 τὰ
2750 667 2976 737 ποίμνια
3012 671 3294 737 μονονουχὶ
3329 670 3759 739 κατεκτήσαντο,

2175 760 2500 831 δρεπόμενοι
2544 760 2641 830 μὲν
2675 760 2800 824 τοὺς
2833 761 3042 813 ἐαυτῶν
3082 762 3350 830 καρποὺς,
3384 763 3478 814 καὶ
3513 763 3600 815 ἀεὶ
3636 780 3754 826 πως

2177 852 2233 905 ἐν
2260 852 2618 921 πλεονασμοῖς
2644 853 2734 904 τὸν
2766 853 2977 905 ἑαυτῶν
3018 852 3297 916 ποιοῦντες
3328 854 3555 926 κλῆρον,
3584 854 3763 909 ἀνιένο

2176 959 2266 1006 τες
2314 943 2370 995 δὲ
2419 946 2531 1007 τοῖς
2572 942 2848 997 ἐθέλουσιν
2897 943 3229 1016 διαρπαγήν.
3283 946 3491 999 Οὐκοῦν
3547 948 3596 1000 οἱ
3666 948 3764 1016 μὲν

2176 1035 2509 1103 κτησάμενοι
2558 1034 2933 1102 κατέσφαζονο
2987 1037 3037 1088 οἱ
3083 1036 3141 1089 δὲ
3185 1035 3494 1100 πωλοῦντες
3538 1037 3761 1105 ἔλεγον⁸

2183 1145 2201 1175 ι
2238 1125 2542 1195 Εὐλογητὸς
2565 1126 2790 1196 Κύριος,
2822 1127 2916 1180 καὶ
2948 1128 3432 1199 πεπλουτήκαμεν.
3462 1146 3479 1179 ι
3503 1128 3764 1199 Νοηθεῖεν

2176 1218 2222 1270 δ’
2253 1219 2317 1272 ἂν
2345 1221 2437 1272 καὶ
2475 1214 2619 1272 οὗτοι
2666 1220 2875 1290 κριταὶ,
2928 1220 3025 1289 τὴν
3056 1223 3115 1273 ἐν
3146 1224 3263 1283 τοῖς
3308 1221 3577 1293 κρίμασιν
3608 1222 3764 1291 ὀρθό-

2177 1324 2316 1377 τητα
2364 1307 2809 1378 καπηλεύοντες,
2861 1308 3022 1377 μόνον
3065 1309 3123 1362 δὲ
3170 1310 3293 1380 οὐχῖ⁸
3345 1311 3440 1364 καὶ
3489 1309 3764 1381 ἐρρῶσθαι

2178 1400 2487 1469 φράσαντες
2535 1399 2612 1469 τῷ
2655 1399 2742 1451 διά
2792 1400 3037 1464 Μωσέως
3088 1385 3275 1471 νόμῳ,
3326 1401 3503 1454 καίτοι
3552 1402 3765 1469 λέγοντι

2179 1488 2365 1555 σαφῶς
2388 1505 2403 1520 ο
2442 1506 2459 1538 ι
2489 1489 2563 1541 Οὐ
2589 1489 2732 1560 λήψῃ
2760 1490 3053 1560 πρόσωπον
3082 1491 3139 1543 ἐν
3176 1492 3377 1559 κρίσει,
3412 1492 3494 1543 ὅτι
3523 1492 3554 1561 ἡ
3585 1492 3764 1561 κρίσις

2178 1580 2270 1633 τοῦ
2316 1580 2450 1633 Θεοῦ
2490 1582 2656 1635 ἐστιν.
2688 1601 2707 1633 ›
2743 1578 2851 1634 Ἦν
2882 1585 2990 1653 γὰρ
3035 1583 3221 1645 αὐτοῖς
3251 1582 3345 1651 ἡδύ
3381 1599 3440 1633 τε
3474 1582 3571 1635 καὶ
3618 1582 3766 1649 φίλον

2178 1671 2237 1723 τὸ
2281 1672 2623 1725 καταπωλεῖν
2648 1674 2759 1736 τοῖς
2804 1672 3046 1726 ἐθέλουσι
3089 1672 3186 1742 τὴν
3218 1673 3301 1741 ἐφ’
3341 1672 3559 1741 ἑκάστῳ
3593 1672 3768 1739 πράγ-

2184 1780 2310 1833 ματι
2368 1764 2570 1836 κρίσιν,
2609 1765 2718 1817 Καὶ
2762 1763 2921 1817 τοῦτο
2971 1764 3132 1818 πάλιν
3164 1765 3295 1834 ἡμῖν
3331 1764 3563 1836 ἐναργὲς
3614 1764 3765 1815 ἔσται

2179 1855 2265 1908 διὰ
2296 1857 2481 1925 φωνῆς
2517 1858 2709 1925 ἀγίων.
2742 1858 2886 1926 Ἔφη
2918 1857 3018 1926 μὲν
3043 1857 3152 1927 γάρ
3176 1873 3259 1919 τις
3284 1855 3393 1909 τῶν
3424 1857 3597 1923 ἁγίων
3632 1872 3766 1923 προ-

2181 1946 2365 2015 φητῶν
2393 1945 2522 2017 περὶ
2553 1948 2652 2017 τῆς
2686 1947 3045 2017 Ἰερουσαλήμ
3066 1965 3078 1977 ·
3124 1966 3143 1999 ι
3170 1949 3233 1999 Οἱ
3260 1946 3559 2016 ἡγούμενοι
3592 1946 3765 2013 αὐτῆς

2184 2038 2320 2107 μετά
2354 2037 2541 2109 δώρων
2584 2039 2816 2109 ἔκρινον.
2862 2059 2879 2091 ι
2925 2039 2983 2091 '0
3030 2039 3086 2092 δέ
3129 2055 3192 2106 γε
3244 2038 3531 2100 Θεσπέσιος
3577 2036 3767 2089 Ἀϐδα-

2182 2130 2325 2199 κοὺμ
2360 2130 2641 2199 μονονουχὶ
2690 2129 3077 2199 κατακέκραγε
3124 2130 3282 2192 Θεοῦ,
3337 2129 3531 2197 λέγων’
3571 2147 3588 2177 ι
3624 2128 3768 2190 Ἕως

2180 2222 2358 2285 τίνος,
2396 2222 2602 2291 Κύριε,
2637 2222 3012 2292 κεκράξομαι,
3061 2223 3158 2275 καὶ
3204 2222 3269 2274 οὐ
3309 2220 3383 2291 μὴ
3432 2220 3765 2291 εἰσακούσῃ,

2185 2313 2451 2384 βοήσομαι
2505 2315 2641 2384 πρὸς
2669 2316 2727 2366 σέ
2762 2314 3139 2384 ἀδικούμενος,
3175 2314 3272 2366 καὶ
3298 2314 3357 2365 οὐ
3393 2313 3625 2377 σῶσεις;
3652 2314 3768 2364 Ἵνα

2180 2403 2233 2455 τί
2270 2420 2359 2473 μοι
2387 2402 2593 2467 ἔδειξας
2638 2404 2839 2466 κόπους
2876 2404 2970 2457 καὶ
2998 2404 3212 2466 πόνους,
3244 2402 3557 2457 ἐπιϐλέπειν
3584 2400 3768 2454 ταλαι-

2182 2496 2395 2566 πωρίαν
2429 2496 2523 2550 καὶ
2560 2495 2854 2563 άσέϐειαν;
2900 2495 3242 2561 Ἐξεναντίας
3275 2512 3378 2564 μου
3426 2493 3617 2561 γέγονε
3648 2492 3768 2561 κρί-

2184 2603 2287 2650 σις,
2320 2587 2413 2639 καὶ
2441 2588 2468 2639 ὁ
2502 2586 2693 2655 κριτὴς
2726 2586 3013 2655 λαμϐάνει.
3063 2586 3161 2639 Διά
3190 2584 3345 2638 τοῦτο
3389 2584 3768 2637 διεσκέδασται

2182 2679 2381 2749 νόμος,
2425 2680 2519 2731 καὶ
2566 2680 2628 2731 οὐ
2682 2678 2991 2746 διεξάγεται
3040 2679 3120 2741 είς
3167 2678 3316 2741 τέλος
3368 2681 3563 2747 κρῖμα,
3614 2676 3696 2728 ὅτι
3741 2677 3769 2728 ὸ

2184 2769 2386 2838 ἀσεϐὴς
2423 2768 2882 2821 καταδυναστεύει
2920 2769 3010 2822 τὸν
3053 2768 3278 2822 δίκαιον.
3314 2768 3537 2821 Ἕνεκεν
3576 2768 3770 2818 τούτου

2184 2860 2526 2924 ἐξελεύσεται
2555 2861 2617 2914 τὸ
2649 2863 2827 2931 κρῖμα
2852 2859 3308 2931 διεστραμμένον.
3331 2879 3348 2910 s
3389 2856 3599 2912 Οὐκοῦν
3630 2858 3678 2908 οἱ
3711 2857 3769 2921 ἐξ

2184 2951 2390 3005 ἀδίκων
2420 2952 2725 3022 λημμάτων
2772 2952 3183 3024 συναγείροντες
3216 2950 3464 3015 πλοῦτον,
3500 2951 3594 3004 καὶ
3628 2968 3767 3018 παρ-

2183 3042 2501 3108 ευθύνοντες
2533 3044 2632 3114 μὲν
2661 3045 2721 3098 τὸ
2749 3045 2977 3110 δίκαιον,
3014 3044 3467 3107 καταπωλοῦντες
3494 3043 3550 3119 δὲ
3576 3042 3768 3110 ὥσπερ

2185 3132 2283 3196 τὰς
2312 3133 2396 3202 ἐφ’
2425 3135 2641 3205 ἑκάστῳ
2674 3136 2962 3205 πράγματι
2992 3136 3224 3205 κρίσεις,
3248 3130 3356 3187 εἷεν
3390 3134 3455 3188 ἂν
3484 3134 3531 3187 oi
3556 3132 3764 3204 κριταὶ.

2189 3224 2443 3295 καθάπερ
2472 3226 2607 3297 ἔφην
2636 3227 2858 3298 ἀρτίως,
2890 3227 3061 3280 αὐτοί·
3094 3213 3187 3280 καί
3221 3241 3404 3295 φασιν·
3432 3223 3768 3293 «Εὐλογητὸς

2189 3314 2434 3385 Κύριος,
2483 3317 2576 3369 καὶ
2615 3315 3093 3386 πεπλουτήκαμεν.
3148 3334 3166 3366 ι
3213 3311 3632 3366 ’Ᾱνούστατοιδέ
3677 3308 3770 3361 καὶ

2190 3407 2640 3475 παραϐολώτατοι
2703 3409 2796 3461 καὶ¹
2833 3408 2991 3460 τοῦτο
3030 3407 3280 3475 λέγοντες
3308 3404 3678 3472 ἐξελέγχοιντο
3701 3399 3767 3453 ἂν

2188 3498 2428 3558 εἰκότως.
2486 3499 2571 3559 Ὠς
2611 3499 2719 3569 γὰρ
2768 3499 2899 3551 Θεοῦ
2933 3499 3165 3560 διδόντος
3212 3496 3271 3561 ἐξ
3316 3494 3540 3549 ἀδικιῶν
3580 3490 3767 3544 συλλέ-

2187 3605 2326 3655 γειν.
2368 3590 2463 3643 καὶ
2496 3589 2555 3654 ἐξ
2599 3592 2844 3661 αἱμάτων
2895 3591 3167 3655 πλουτεῖν,
3204 3589 3447 3654 εὐλογεῖν
3491 3582 3768 3639 ὑποπλάτ-

502 3700 709 3739 τονται.
754 3683 892 3737 Ἀλλ’
922 3680 989 3755 ἦν
1022 3685 1244 3755 ἄμεινον
1289 3682 1467 3736 ἐκεῖνο
1511 3679 1726 3749 λέγειν,
1760 3677 1822 3732 τὸ
1896 3678 2103 3749 κρίνειν
2139 3678 2315 3751 ὀρθῶς
2396 3684 2821 3753 ἐκτετιμηκότες
2844 3701 2858 3717 ο
2896 3702 2913 3735 ι
2954 3682 3257 3751 Εὐλογητὸς
3293 3679 3496 3749 Κύριος
3520 3695 3533 3708 ·
3572 3696 3590 3728 ι
3628 3676 3767 3744 λαμ-

508 3777 637 3847 προὶ
679 3776 788 3847 γὰρ
836 3777 1292 3847 άναδεδείγμεθα,
1328 3774 1420 3827 καὶ
1484 3773 1592 3826 τῶν
1618 3771 1777 3825 θείων
1849 3769 2236 3841 θεσπισμάτων
2313 3773 2527 3843 γνήσιοι
2571 3775 2830 3844 φύλακες,
2881 3774 3061 3845 ὀρθὴν¹
3089 3775 3174 3843 ἐφ’
3225 3774 3439 3842 ἑκάστῳ
3476 3770 3766 3841 πράγματι

503 3871 603 3943 τὴν
648 3870 830 3941 ψῆφον
870 3873 1212 3942 ἐκφέροντες.

503 3964 588 4034 ἐφ’
612 3955 693 4026 οἷς
719 3962 783 4015 ἂν
808 3962 997 4034 ἡσθείη
1026 3960 1176 4023 Θεός.

582 4060 741 4116 Vens.
776 4057 843 4120 6,
884 4057 935 4108 7.
972 4055 1197 4123 Pr0pter
1228 4051 1324 4105 hoc
1365 4067 1466 4104 non
1506 4066 1719 4119 parcam
1753 4048 1894 4103 ultra
1929 4065 2086 4119 super

504 4147 798 4201 habitantes
834 4157 1059 4207 terram,
1091 4144 1215 4195 dicit
1253 4141 1525 4195 Dominus.
1558 4141 1625 4194 Et
1661 4157 1776 4195 ecce
1805 4157 1898 4211 ego
1928 4142 2081 4193 trado

505 4240 763 4301 homines,
808 4250 1227 4305 unumquemque
1274 4235 1326 4288 in
1373 4251 1559 4289 manus
1606 4235 1832 4303 proximi
1882 4234 1987 4300 sui,
2032 4242 2081 4286 et

505 4343 922 4399 unumquemque
961 4327 1015 4379 in
1051 4342 1236 4379 manus
1273 4326 1436 4395 760
1474 4326 1603 4394 regis
1639 4326 1773 4395 ejus.
1813 4324 1879 4379 Et
1912 4324 2084 4378 conci-

504 4424 627 4475 dent
655 4433 869 4480 terram,
895 4427 940 4470 et
970 4434 1069 4471 non
1096 4434 1278 4471 eruam
1304 4422 1365 4470 de
1392 4433 1550 4470 manu
1575 4433 1773 4483 eorum,
1799 4427 1844 4469 el
1870 4432 2082 4485 pascam

509 4530 623 4569 oves
655 4510 929 4565 occisionis
960 4510 1012 4560 in
1043 4508 1410 4563 Cltauanitide.

576 4685 857 4743 LXXVIII.
902 4688 1132 4742 Minatur
1162 4686 1417 4756 gregibus
1443 4684 1665 4738 exitium
1697 4684 1923 4739 simul...
1957 4688 2082 4754 quia

508 4784 757 4851 quamvis
791 4782 979 4837 liceret
1010 4784 1089 4837 eis
1122 4781 1223 4833 sub
1257 4777 1452 4833 summi
1491 4776 1860 4831 universorum
1899 4789 2081 4845 pasto-

507 4877 620 4941 ris,
667 4874 868 4931 Christi
912 4883 1075 4943 puta,
1123 4871 1345 4925 tutelam
1391 4867 1683 4937 confugere
1726 4876 1779 4921 ct
1821 4868 1921 4924 sub
1965 4869 2082 4937 ipso

507 4982 647 5029 esse,
674 4965 978 5019 maluerunt
1009 4972 1187 5015 tamen
1217 4962 1267 5014 in
1299 4960 1455 5015 ﬁdem
1484 4958 1847 5013 occidentium
1876 4968 1930 5012 et
1955 4974 2081 5011 vcn-

507 5060 748 5113 dentium
782 5055 976 5110 inscite
1009 5067 1127 5109 sese
1159 5054 1387 5107 tradere.
1419 5049 1595 5104 Induit
1625 5049 1769 5104 enim
1805 5049 2076 5103 hominem

507 5147 841 5218 unigenitum
880 5145 971 5199 Dei
1002 5144 1230 5199 Verbum
1265 5161 1277 5195 :
1314 5157 1377 5195 ac
1413 5152 1672 5211 praeterea
1710 5156 1813 5195 non
1850 5141 2079 5194 obscure

506 5238 671 5298 dixit,
708 5246 818 5290 tum
851 5250 1036 5290 eorum
1071 5234 1369 5296 inscitiam,
1408 5242 1514 5285 tum
1551 5246 1701 5285 suam
1742 5232 1792 5283 in
1831 5240 2079 5298 suscepta

506 5345 605 5399 pro
632 5328 785 5383 nobis
808 5326 1110 5382 oeconomia
1137 5325 1543 5396 germanitatcm
1571 5322 1901 5377 ostendens;
1928 5340 1942 5367 ί
1972 5320 2081 5389 Ego

1612 5508 1656 5538 ⁷⁵
1689 5506 1887 5560 Habac.
1918 5518 1955 5567 Ι,
1999 5502 2108 5556 ί-ι.

572 5510 619 5541 ⁷⁸
644 5510 797 5563 Deut.
826 5528 863 5571 ι,
905 5510 986 5563 17.
1064 5510 1107 5543 ⁷³
1152 5510 1309 5566 ΜὶεΙι.
1342 5524 1422 5573 Itl,
1455 5510 1535 5563 Η.

1296 3867 1505 3937 Ἀπάτη
1555 3862 1619 3933 δὴ
1664 3860 1756 3916 οὖν
1801 3866 1833 3934 ἡ
1883 3864 2243 3936 χρηστολογία
2311 3868 2407 3921 καὶ
2459 3867 2669 3937 μῶμος,
2714 3869 2762 3920 εἰ
2822 3867 2895 3937 μὴ
2967 3866 3260 3937 πράττοιτο
3323 3864 3459 3936 πρὸς
3502 3860 3660 3930 ἡμῶν
3697 3857 3768 3910 τά

2260 4048 2388 4101 OH’.
2426 4044 2525 4098 Διά
2570 4043 2745 4097 τοῦτο
2787 4045 2858 4097 οὐ
2899 4042 3178 4112 φείσομαι
3212 4042 3321 4095 οὐκ
3357 4042 3444 4095 ἔτι
3478 4041 3575 4095 ἐπὶ
3623 4042 3763 4107 τοὺς

2187 4135 2619 4198 κατοικοῦντας
2641 4132 2756 4200 τὴν
2771 4132 2907 4203 γῆν,
2927 4132 3085 4201 ,λέγει
3104 4133 3341 4199 Κύριος.
3368 4118 3477 4185 Καὶ
3498 4132 3629 4187 ἰδοὺ
3652 4132 3766 4201 ἐγὼ

2186 4224 2553 4295 παραδίδωμι
2580 4223 2720 4288 τοὺς
2762 4220 3129 4289 ἀνθρώπους,
3163 4220 3425 4273 ἕκαστον
3448 4222 3536 4285 εἰς
3564 4220 3767 4288 χεῖρας

2188 4318 2295 4371 τοῦ
2326 4316 2593 4383 πλησίον
2632 4314 2848 4376 αὑτοῦ,
2883 4313 2979 4366 καὶ
3004 4312 3266 4365 ἕκαστον
3298 4314 3384 4376 είς
3427 4312 3631 4380 χεῖρας
3657 4312 3767 4375 βα-

2190 4410 2405 4474 σιλέως
2438 4407 2644 4461 αὑτοῦ.
2680 4406 2791 4459 Καὶ
2815 4407 3229 4473 naturaadd-ovat
3254 4404 3368 4470 τὴν
3393 4402 3540 4472 γῆν,
3568 4406 3664 4457 καὶ
3696 4405 3763 4456 οὐ

2187 4497 2267 4566 μὴ
2303 4497 2591 4565 ἐξέλωμαι
2630 4495 2699 4548 ἐκ
2739 4493 2937 4569 χειρὸς
2981 4494 3201 4556 αὐτῶν,
3247 4493 3345 4545 καὶ
3387 4494 3659 4562 ποιμανῶ
3696 4493 3765 4546 τὰ

2190 4590 2451 4655 πρόϐατα
2480 4586 2592 4653 τῆς
2612 4583 2853 4654 σφαγῆς
2875 4587 2961 4649 εἰς
2990 4583 3103 4650 τὴν
3137 4581 3479 4637 Χανανῖτιν.

2271 4678 2509 4731 ’Δπειλεῖ
2548 4681 2662 4741 τοῖς
2711 4678 2983 4747 ποιμνίοις
3048 4675 3269 4747 ὄλεθρόν
3308 4693 3365 4727 τε
3393 4674 3527 4745 ὁμοῦ
3570 4676 3759 4743 (l).....

2186 4771 2268 4822 ὅτι
2303 4770 2475 4821 καίτοι
2518 4768 2679 4839 μετὸν
2707 4768 2888 4829 αὐτοῖς
2924 4766 3024 4837 τὴν
3063 4766 3157 4819 τοῦ
3190 4766 3407 4819 πάντων
3443 4763 3764 4836 ἀρχιποιμέ·

2185 4877 2296 4925 νος,
2348 4860 2491 4929 φημὶ
2534 4860 2598 4930 δὴ
2630 4858 2922 4929 Χριστοῦ,
2973 4857 3131 4928 χεῖρά
3175 4875 3232 4909 τε
3282 4857 3618 4927 ὑποδραμεῖν
3674 4856 3763 4907 καὶ

2187 4952 2276 5003 ὑπ’
2298 4950 2446 5019 αὑτῷ
2462 4949 2733 5019 γενέσθαι,
2756 4949 2955 5019 μᾶλλον
2987 4949 3513 5019 προσκεχωρήκασιν
3537 4945 3763 5017 ἀμαθῶς

2184 5044 2296 5105 τοῖς
2346 5041 2755 5111 κατασφάζουσί
2802 5058 2860 5093 τε
2921 5041 3015 5094 καὶ
3070 5039 3485 5093 καταπωλοῦσιν
3547 5036 3761 5097 αὐτούς.

2186 5134 2381 5201 Γέγονε
2427 5133 2525 5201 μὲν
2577 5132 2685 5203 γάρ
2728 5132 3017 5204 ἄνθρωπος
3063 5134 3090 5186 ὁ
3143 5130 3441 5202 μονογενὴς
3493 5129 3586 5182 τοῦ
3632 5126 3762 5180 Θεοῦ

2186 5224 2377 5291 Λόγος,
2420 5222 2513 5275 καὶ
2536 5223 2601 5291 δὴ
2637 5224 2732 5276 καὶ
2758 5223 2862 5291 ἔφα
2877 5241 2995 5276 τκεν
3026 5223 3295 5295 ἐναργῶς,
3329 5223 3429 5292 τήν
3456 5238 3513 5273 τε
3542 5222 3759 5273 ἐκείνων

2189 5316 2484 5386 σκαιότητα
2517 5316 2895 5379 καταδεικνῦς,
2932 5317 3025 5369 καὶ
3054 5320 3148 5384 τῆς
3183 5316 3269 5385 ἐφ’
3296 5316 3426 5385 ἡμῖν
3452 5310 3760 5381 οἰκονομίας

581 5692 656 5763 (l)
693 5692 862 5747 Etiam
896 5694 993 5747 hoc
1028 5692 1144 5747 loco
1174 5702 1385 5759 parum,
1417 5695 1503 5740 aut
1541 5683 1674 5737 nihil
1712 5680 2045 5736 desideratur
2087 5678 2151 5730 ad
2186 5676 2532 5732 sententiam.
2566 5674 2851 5743 lnlerpres.
