4026 6276
312 304 414 358 185

1117 306 1670 362 COMMENTARIUS
1707 306 1773 360 IN
1816 309 2220 365 ZACIIARIAM
2264 310 2708 367 PROPHEI'AM.

307 422 367 473 τὸ
393 423 645 490 γνήσιον·
685 443 704 474 t
727 422 865 490 Ἑγώ
899 425 1014 492 είμι
1042 425 1068 476 ὀ
1101 424 1302 494 ποιμὴν
1327 429 1353 478 ὁ
1379 427 1562 489 καλός.
1590 443 1609 477 ι
1642 428 1886 480 Ἰουδαῖοι

1989 445 2107 482 sum
2142 441 2324 498 pastor
2354 433 2525 483 bonus
2547 429 2616 482 ".
2657 449 2675 480 ι
2709 428 2957 484 Infelices
3011 442 3188 488 autem
3218 433 3384 488 Ιυιισεί
3417 451 3563 490 mer-

306 509 362 564 δὲ
392 513 441 565 οι
467 513 711 578 τάλανες,
741 513 912 566 καίτοι
941 514 1050 568 τῶν
1084 515 1369 585 μισθωτῶν
1408 518 1681 587 ποιμένων
1718 534 1882 572 κατα-

309 603 508 674 ϐοῆσαι
537 604 672 666 δέον,
702 604 858 657 τοῦτο
898 606 996 675 μὲν
1028 606 1089 658 οὐ
1117 606 1431 678 δεδράκασι,
1463 609 1555 662 τὸν
1591 609 1648 662 δὲ
1677 608 1884 677 ἀγαθὸν

311 695 562 766 ποιμένα,
605 697 694 748 τὸν
742 697 1098 768 ἀντάλλαγμα
1142 699 1243 768 τῆς
1289 699 1546 753 ἁπάντων
1596 697 1742 770 ζωῆς
1784 700 1884 770 τὴν

313 788 504 842 ἑαυτοῦ
533 789 743 841 τιθέντα
776 788 976 860 ψυχὴν,
1016 791 1159 843 κατὰ
1195 791 1422 861 μυρίους
1450 791 1608 853 ὅσους
1647 789 1886 861 λελυπή-

312 896 436 932 κασι
481 880 729 953 τρόπους,
797 880 1212 946 καταλεύοντεζ,
1259 881 1630 946 ὀνειδίζοντες,
1683 884 1778 936 καὶ
1822 884 1884 936 τὸ

309 969 640 1034 τελευταῖον,
674 969 958 1024 ἀπύλωτον
985 973 1072 1023 ἐπ’
1101 971 1249 1041 αύτῷ
1286 971 1655 1038 διανοίγοντες
1686 971 1879 1042 στόμα.

306 1061 770 1132 Κατακεκρὰγασι
818 1060 928 1132 γὰρ
971 1062 1108 1132 ὁμοῦ
1151 1065 1264 1126 τοῖς
1311 1063 1465 1128 ἰδίοις
1510 1065 1878 1136 καθηγηταῖς,

303 1148 548 1217 λέγοντες
583 1151 663 1222 τῷ
696 1153 942 1221 Πιλάτῳο
967 1171 985 1202 ι
1006 1147 1137 1223 Αἶρε
1159 1195 1174 1218 ,
1208 1148 1328 1224 αἶρε
1349 1195 1364 1218 ,
1404 1156 1637 1226 σταύρου
1666 1158 1877 1220 obtexi,»

303 1244 400 1295 καὶ
444 1244 578 1297 αὐτὸ
616 1243 673 1296 δὲ
721 1245 782 1297 τὸ
820 1244 1026 1298 δίκαιον
1055 1241 1194 1316 αἷμα
1233 1250 1352 1310 ταῖς
1398 1249 1548 1316 σφῶν
1577 1249 1754 1303 αὐτῶν
1785 1251 1885 1302 ὲπ-

299 1333 606 1402 ηντλήκασι
629 1335 911 1404 κεφαλαῖς.
935 1337 1214 1404 Ἐφασκον
1235 1336 1340 1408 γὰρ
1374 1339 1534 1392 πάλιν
1555 1357 1567 1370 ·
1599 1359 1617 1390 ι
1646 1341 1719 1392 Τὸ
1748 1335 1885 1408 αἷμα

302 1425 470 1478 αἰτοῦ
492 1427 576 1496 ἐφ’
597 1428 740 1497 ἡμᾶς
765 1428 856 1480 καὶ
883 1427 975 1480 ἐπὶ
997 1429 1063 1481 τὰ
1079 1429 1240 1481 τέκνα
1265 1430 1440 1498 ἡμῶν.
1457 1449 1552 1481 ι-
1573 1452 1588 1481 ‹
1611 1431 1708 1484 Διὰ
1728 1431 1885 1484 τοῦτο

299 1517 506 1581 τοίνυν,
536 1517 720 1586 φησὶν,
751 1517 931 1571 οὐκέτι
965 1519 1221 1588 φείσομαι
1260 1520 1353 1572 ἐπὶ
1393 1522 1519 1583 τοὺς
1561 1522 1879 1575 κατοικοῦν·

298 1623 400 1670 τας
429 1607 529 1676 τὴν
561 1608 680 1676 γῆν.
723 1626 742 1657 ι
795 1607 868 1659 Ού
920 1608 1028 1676 γὰρ
1061 1607 1142 1660 ἔτι
1173 1608 1389 1676 φειδοῦς
1430 1611 1689 1679 ἠξίωνται
1728 1612 1880 1683 παρὰ

297 1697 468 1751 Θεοῦ·
509 1697 750 1751 δέδονται
798 1697 854 1751 δὲ
905 1699 1102 1767 μᾶλλον
1149 1699 1382 1764 ἕκαστος
1427 1703 1505 1764 είς
1554 1707 1743 1774 χεῖρας
1783 1704 1876 1757 τοῦ

1989 523 2235 576 cenarios
2265 531 2322 575 ut
2355 521 2654 575 debuerunt
2689 535 2794 574 non
2822 533 3146 576 accusarunt
3178 545 3192 578 :
3223 535 3435 589 contra,
3465 525 3565 580 bo-

1988 628 2110 665 num
2152 623 2440 680 pastorem,
2485 613 2576 681 qui
2621 613 2855 666 animant
2900 628 3052 668 suam
3099 628 3196 682 pro
3232 617 3411 670 ovium
3455 617 3563 673 vita

1987 704 2164 770 posuit
2186 703 2253 768 ⁷⁷,
2289 703 2433 757 mille
2467 703 2640 757 modis
2676 704 2970 769 violarunt,
3011 704 3327 774 Iapidantes,
3363 721 3565 773 expro-

1985 797 2204 848 brantes
2225 835 2240 859 ,
2275 804 2326 849 et
2366 805 2638 864 postremo
2679 797 2964 866 impudens
3000 812 3064 851 os
3094 799 3353 851 adversus
3387 801 3562 866 ipsum

1987 886 2313 952 aperientes.
2351 886 2522 940 Simul
2565 887 2708 940 enim
2749 903 2872 941 cum
2911 887 3245 956 primoribus
3278 890 3392 942 suis
3425 897 3563 956 apud

1985 976 2213 1030 Pilatum
2257 975 2362 1032 alte
2401 979 2701 1034 clamarunt
2743 997 2762 1033 :
2807 997 2826 1030 ι
2873 980 3051 1043 'I'olle,
3105 980 3261 1045 tolle,
3307 983 3564 1051 crucilige

1985 1082 2106 1120 eum
2129 1068 2197 1131 ",
2229 1088 2246 1119 ι
2277 1080 2330 1123 et
2362 1069 2536 1137 ipsum
2570 1085 2784 1125 sacrmn
2820 1073 3138 1141 sanguinem
3171 1073 3223 1127 in
3258 1074 3433 1140 capita
3465 1089 3562 1129 sua

1988 1159 2303 1212 hauserunt.
2329 1158 2418 1214 Sic
2442 1161 2585 1214 enim
2612 1177 2820 1214 rursum
2848 1164 3065 1218 aiebant
3095 1182 3109 1217 :
3143 1185 3161 1215 ι
3195 1164 3424 1234 Sanguis
3447 1167 3565 1233 ejus

1985 1265 2147 1318 super
2200 1265 2327 1312 nos,
2383 1262 2439 1305 et
2473 1266 2634 1319 super
2665 1252 2800 1307 tilios
2835 1257 3134 1311 nostros".
3179 1275 3196 1308 ι
3236 1256 3437 1310 Idcirco
3478 1258 3563 1310 in-

1986 1341 2096 1409 quit
2134 1360 2147 1395 :
2188 1359 2206 1392 t
2248 1341 2475 1409 Propter
2505 1343 2606 1397 boc
2644 1360 2752 1398 non
2789 1359 3006 1412 parcam
3045 1348 3181 1400 uitra
3219 1363 3380 1416 super
3411 1348 3564 1402 habi-

1987 1441 2160 1485 tantes
2206 1442 2428 1486 terram.
2476 1453 2494 1485 r
2536 1434 2651 1487 Non
2697 1435 2841 1488 enim
2888 1437 3117 1505 amplius
3151 1439 3307 1493 venia
3353 1440 3560 1509 dignati

1983 1532 2107 1575 sunt
2135 1539 2162 1573 a
2197 1524 2322 1586 Deo,
2351 1525 2442 1577 sed
2470 1525 2650 1578 traditi
2682 1527 2859 1592 potius
2883 1529 3254 1597 unusquisque
3281 1530 3333 1583 in
3368 1546 3562 1584 manus

1984 1612 2211 1680 proximi
2255 1614 2336 1666 sui
2362 1653 2376 1678 ,
2408 1624 2462 1667 et
2502 1615 2552 1667 in
2597 1629 2788 1667 manus
2832 1617 2972 1684 regis
3008 1620 3122 1672 sive
3157 1619 3416 1688 principis
3456 1621 3558 1674 sui.

1985 1704 2331 1758 Sustulerunt
2355 1706 2504 1760 enim
2533 1707 2585 1759 in
2610 1721 2824 1761 crucem
2853 1708 3256 1762 Emmanuelem
3277 1750 3290 1773 ,
3317 1721 3370 1764 et
3396 1711 3564 1764 inter-

299 1788 527 1855 πλησίον
559 1786 744 1850 αὐτοῦ,
778 1789 871 1840 καὶ
906 1765 994 1851 είς
1027 1789 1218 1859 χεῖρας
1253 1765 1748 1862 βασιλέως,”ἧγουν
1781 1792 1878 1863 ἄρ-

1982 1793 2215 1849 l'ectorcs
2247 1797 2476 1859 Domini,
2503 1812 2566 1851 ac
2592 1798 2730 1867 pleni
2764 1799 2908 1852 omni
2941 1800 3216 1870 impietate
3245 1812 3557 1856 evaserunt.

297 1895 483 1946 χοντος
529 1876 714 1932 αὑτοῦ.
757 1877 1167 1947 Ἐσταυρώκασι
1221 1881 1317 1950 μὲν
1367 1881 1476 1958 γὰρ
1524 1881 1614 1934 τὸν
1663 1883 1878 1951 Ἐμμα-

299 1970 481 2037 νουὴλ,
513 1971 607 2022 καὶ
635 1969 914 2040 ⁴γεγόνασι
942 1971 1316 2042 Κυριοκτόνοι,
1351 1972 1573 2043 ἐμπλεῴ
1603 1990 1661 2025 τε
1696 1974 1878 2043 πάσης

297 2062 662 2132 ἀνοσιότητος.
697 2061 844 2132 Πλὴν
873 2062 1060 2116 ἐκάλει
1092 2063 1224 2125 Θεὸς
1255 2065 1335 2126 εἰς
1383 2067 1746 2132 μετάγνωσιν,
1781 2066 1878 2118 καὶ

295 2155 397 2207 οὐκ
422 2154 584 2217 εὐθὺς
616 2152 855 2206 ἐπετίθει
886 2153 954 2207 τὰ
985 2154 1041 2220 ἐξ
1071 2155 1260 2226 ὀργῆς.
1293 2155 1630 2226 Τριακοστοῦ
1672 2156 1728 2208 δὲ
1776 2156 1876 2226 ἤδη

298 2247 688 2318 παρῳχηκότος
715 2245 889 2310 ἔτους,
917 2245 1054 2316 μετὰ
1083 2247 1174 2300 τὸν
1209 2245 1304 2299 τοῦ
1336 2247 1586 2319 Σωτῆρος
1625 2247 1876 2318 σταυρθιν,

307 2339 633 2406 Ξιπεφοίτησε
677 2337 773 2407 μὲν
805 2338 998 2408 εἰρήνη
1036 2335 1135 2407 τῆς
1176 2337 1446 2390 Ἰουδαίων
1479 2338 1684 2408 χώρας,
1717 2338 1878 2390 πόλε-

301 2445 390 2500 μοι
428 2429 483 2482 δὲ
516 2425 654 2502 ἦσαν
687 2429 981 2499 πανταχοῦ,
1009 2428 1214 2491 πόλεως
1240 2430 1333 2482 ἐπὶ
1363 2431 1516 2484 πόλιν
1551 2429 1753 2500 ἰούσης,
1783 2430 1877 2483 καὶ

295 2523 408 2576 τῶν
433 2526 490 2574 ἐν
519 2522 724 2595 ἑκάστῃ
755 2523 1108 2593 τεμνομένων
1145 2523 1224 2586 είς
1256 2523 1540 2595 διαφορὰς,
1581 2525 1675 2575 καὶ
1711 2539 1877 2592 μαχο-

298 2615 476 2684 μένων
506 2615 774 2686 ἁλλήλοις,
802 2615 962 2678 ῶς-ὲν
995 2616 1093 2687 ἴσῳ
1124 2616 1410 2686 φαίνεσθαι
1440 2617 1594 2687 κακῷ
1625 2615 1694 2669 τὰ
1721 2615 1874 2686 παρὰ

297 2708 451 2775 σφῶν
505 2707 682 2759 αὐτῶν
736 2710 848 2772 τοῖς
903 2710 968 2761 ὲκ
1031 2709 1124 2762 τοῦ
1181 2709 1416 2773 πολέμου
1481 2709 1874 2780 συμϐεϐηκόσι.

296 2798 688 2866 Κεκρατήκασι
711 2797 819 2867 γὰρ
845 2796 945 2868 τῆς
983 2797 1248 2851 Ἰουδαίων
1273 2797 1454 2868 χώρας
1486 2799 1533 2850 οἱ
1561 2799 1875 2868 ἀνδρειόταο

295 2905 378 2939 τοι
420 2888 529 2941 τῶν
565 2889 849 2960 Ῥωμαίων
895 2893 1222 2963 στρατηγοὶ,
1279 2893 1373 2945 καὶ
1423 2893 1606 2956 αὐτοῖς
1650 2892 1877 2963 ἀνδράσι

295 2980 789 3052 κατεμπιπρῶντες
842 2983 1065 3048 πόλεις,
1111 2987 1225 3047 τοῖς
1263 2983 1364 3053 τῆς
1412 2984 1659 3046 δουλείας
1703 2984 1874 3055 αὐτὴν

1980 1886 2346 1941 Nihilominus
2383 1888 2522 1943 Deus
2553 1889 2619 1941 ad
2655 1889 3030 1956 pmnitentiam
3062 1907 3156 1945 eos
3189 1895 3423 1956 vocavit,
3459 1908 3558 1947 nec

1981 1977 2123 2031 illico
2143 1978 2408 2047 supplicio
2428 1988 2511 2032 est
2532 1989 2867 2048 persecutus.
2887 1979 3191 2034 Tricesimo
3211 1993 3391 2036 autem
3415 1999 3560 2036 anno

1975 2067 2087 2136 jam
2119 2067 2300 2138 elapso
2336 2078 2455 2136 post
2487 2079 2665 2124 actum
2703 2070 2753 2124 iu
2790 2086 3006 2126 crucem
3045 2071 3379 2126 Salvatorem
3403 2115 3418 2138 ,
3457 2089 3562 2142 pax

1977 2159 2213 2215 Iudaeam
2261 2160 2519 2225 deseruit,
2572 2162 2722 2216 bellis
2767 2161 3082 2231 ﬂagrantem
3128 2165 3387 2234 undique,
3435 2169 3560 2220 dum

1980 2251 2108 2304 urbs
2143 2251 2328 2304 urbem
2365 2251 2587 2318 invadit,
2621 2253 2747 2306 dum
2781 2254 2926 2307 cives
2959 2255 3158 2322 ubique
3192 2255 3244 2308 in
3283 2257 3564 2310 contraria

1978 2342 2152 2395 studia
2190 2343 2534 2406 scinduntur,
2577 2353 2632 2396 et
2672 2344 2825 2398 bellis
2861 2345 3136 2400 intestinis
3176 2347 3458 2412 dimicant,
3503 2357 3564 2402 ut

1980 2432 2207 2484 invicem
2242 2433 2418 2486 damni
2450 2441 2677 2498 tantum,
2711 2446 2968 2503 quantum
3007 2437 3074 2490 ab
3105 2439 3350 2492 hostibus
3376 2448 3562 2492 exter-

1979 2524 2063 2576 nis
2096 2524 2421 2592 acciperent.
2458 2524 2827 2595 Subjugaruut
2859 2529 3002 2582 enim
3038 2529 3345 2584 Iudaeorum
3390 2534 3565 2600 regio-

1980 2632 2100 2670 nem
2147 2616 2513 2672 Romanorum
2543 2621 2724 2674 duces
2770 2620 3075 2686 fortissimi,
3113 2633 3166 2676 ct
3209 2623 3398 2676 incolis
3439 2639 3562 2676 cum

1979 2709 2204 2763 urbibus
2239 2708 2485 2762 incendio
2520 2709 2738 2772 deditis,
2771 2709 3049 2763 servitutis
3081 2724 3198 2765 eam
3225 2710 3354 2778 jugo
3379 2708 3562 2773 subje-

1978 2810 2187 2856 cerunt.
2215 2802 2311 2853 Ast
2340 2801 2536 2870 quibus
2570 2800 2710 2868 fugin
2740 2815 2800 2856 se
2830 2801 3024 2854 obtulit
3052 2801 3284 2863 occasio,
3319 2801 3560 2870 gentium

1980 2892 2282 2959 provincias
2316 2891 2690 2954 incoluerunt,
2725 2891 2866 2958 quod
2899 2899 2954 2943 et
2984 2889 3142 2942 hodie
3169 2890 3436 2942 videmus.
3467 2889 3559 2940 Αι-

1976 2999 2082 3051 que
2120 2984 2256 3046 hoc,
2292 2983 2503 3050 opinor,
2543 2982 2688 3048 vult,
2723 2997 2844 3035 cum
2886 2983 3012 3035 dicit
3052 3001 3064 3035 :
3109 2999 3126 3030 ι
3172 2981 3395 3034 Pascam
3431 2995 3562 3032 oves

295 3070 568 3125 ὑπέθεσαν
593 3073 798 3142 ζυγοῖς.
829 3075 892 3127 OI
921 3074 978 3128 δέ
1007 3091 1068 3143 γε
1093 3075 1374 3143 διαφυγεῖν
1408 3075 1744 3145 ἰσχύσαντες,
1775 3077 1874 3139 τὰς

1980 3075 2263 3129 occisionis
2290 3075 2340 3128 in
2368 3075 2749 3140 (Shauanitide,
2785 3094 2801 3126 ι
2837 3077 2885 3128 ἰιΙ
2913 3086 2995 3129 est
3051 3076 3102 3127 in
3131 3076 3560 3128 Chananzcorum

292 3163 402 3218 τῶν
436 3164 601 3217 ἐθνῶν
633 3167 986 3237 κατῳκήκασι
1013 3167 1210 3239 χώρας,
1241 3167 1268 3220 ὃ
1297 3168 1386 3220 καὶ
1413 3168 1572 3237 μέχρι
1605 3168 1699 3220 νῦν
1725 3167 1872 3220 ἐστιν

297 3257 447 3312 ἰδεῖν.
484 3257 590 3310 Καὶ⁵
619 3258 774 3312 τοῦτο
805 3254 956 3330 οἶμαι
997 3259 1210 3331 δηλοῦν,
1237 3261 1363 3311 ὅταν
1389 3259 1522 3330 λέγῃ
1545 3275 1558 3289 ’
1586 3259 1876 3328 «Ποιμανῶ

289 3351 362 3404 τὰ
389 3349 633 3420 πρόϐατα
657 3351 756 3421 τῆς
779 3351 992 3422 σφαγῆς
1017 3354 1093 3415 εἰς
1124 3352 1546 3421 τὴνΧανανῖτιν,
1565 3353 1872 3414 τουτέστιν,

291 3443 376 3506 εἰς
405 3442 503 3512 τὴν
533 3443 856 3498 Χαναναίων
889 3445 1073 3514 χώραν
1103 3461 1162 3496 τε
1199 3444 1288 3498 καὶ
1326 3445 1450 3515 γῆν.
1495 3446 1792 3497 Χαναναῖοι
1819 3444 1874 3497 δὲ

289 3536 360 3587 τὰ
396 3535 518 3606 ἔθνη
541 3573 555 3595 .
590 3536 718 3608 παρ’
749 3531 829 3598 οἷς
875 3535 944 3589 τὰ
975 3537 1224 3605 πρόϐατα
1270 3537 1369 3606 τῆς
1413 3538 1627 3607 σφαγῆς
1662 3537 1756 3590 καὶ
1793 3538 1873 3598 είς

289 3623 453 3696 δεῦρό
481 3643 595 3690 πως
626 3627 704 3680 ἔτι
757 3626 908 3700 παρὰ
938 3625 1072 3678 Θεοῦ
1107 3629 1486 3697 ποιμαίνονται
1514 3668 1528 3691 ,
1568 3627 1736 3698 ῆγουν
1783 3627 1872 3678 δο-

292 3716 453 3768 κοῦσι
489 3719 887 3788 ποιμαίνεσθαι.
918 3718 1159 3790 Τηροῦσι
1197 3719 1305 3788 γὰρ
1337 3717 1418 3771 ἔτι
1449 3718 1539 3772 τόν
1574 3735 1696 3770 τινα
1729 3706 1870 3770 ius

292 3807 478 3878 νόμον,
509 3810 600 3861 καί
619 3809 717 3879 οὐχ
742 3809 1048 3882 δλοτρόπως
1074 3807 1180 3862 τῶν
1207 3808 1449 3880 ἀρχαίων
1477 3806 1868 3877 κατημεληκό-

290 3916 388 3962 τας
412 3900 548 3953 ἐθῶν
574 3900 778 3953 κατίδοι
810 3917 893 3963 τις
928 3901 1011 3953 ἄν.
1041 3900 1149 3953 Καὶ
1173 3899 1300 3967 γοῦν
1326 3900 1742 3970 περιτέμνονται
1766 3898 1865 3969 τὴν

291 3990 502 4060 σαρκα,
560 3991 655 4044 καὶ
705 3991 1122 4054 σαϐϐατίζουσι,
1185 3993 1279 4044 καὶ
1323 3991 1490 4061 ’έτερα
1537 3991 1674 4066 ἅττα
1732 3991 1869 4061 πρὸς

287 4081 501 4146 τούτοις
529 4084 622 4135 καὶ
652 4083 934 4155 φροντίδος
965 4082 1174 4149 ἀξιοῦσι
1215 4084 1310 4136 καὶ
1342 4083 1524 4152 λόγου.
1564 4082 1673 4136 Καὶ
1705 4081 1866 4134 τοῦτο

287 4169 354 4243 ἦν
390 4174 498 4244 ἄρα
521 4173 581 4226 τὸ
609 4174 696 4227 διὰ
725 4173 908 4244 φωνῆς
947 4175 1226 4245 προφήτου
1259 4173 1408 4246 παρὰ
1435 4173 1570 4227 Θεοῦ
1600 4173 1864 4244 λελεγμέ-

1981 3166 2196 3234 regione
2239 3180 2302 3219 ac
2343 3175 2510 3218 terra.
2552 3166 2837 3219 Chananaii
2881 3180 3012 3233 gens
3055 3175 3130 3219 est
3157 3204 3169 3228 ,
3215 3165 3354 3234 apud
3399 3178 3561 3231 quam

1978 3271 2108 3310 oves
2139 3257 2430 3311 occisionis
2467 3257 2532 3309 ad
2573 3259 2715 3310 hunc
2749 3274 2920 3327 usque
2950 3258 3088 3311 diem
3124 3274 3152 3310 a
3191 3259 3296 3311 Deo
3329 3271 3561 3325 pascuu-

1980 3359 2087 3410 tur,
2124 3359 2214 3400 aut
2249 3349 2499 3402 videntur
2533 3349 2724 3402 Saltem
2769 3351 2934 3418 pasci.
2979 3351 3136 3420 761
3183 3351 3370 3402 Adhuc
3415 3351 3558 3402 cnim

1979 3440 2231 3494 uminulla
2263 3442 2559 3494 secundum
2593 3443 2760 3509 legem
2789 3453 3032 3505 servant,
3064 3459 3159 3495 nec
3189 3443 3395 3511 priscos
3424 3443 3561 3494 ritus

1974 3533 2038 3585 ad
2081 3548 2242 3584 unum
2287 3542 2588 3586 cernuntur
2627 3534 2908 3599 abiecisse.
2957 3535 3138 3601 Itaque
3185 3549 3404 3588 carnem
3447 3535 3558 3586 cir-

1981 3623 2315 3684 cumcidunt,
2340 3633 2393 3676 ct
2419 3623 2713 3676 Sabbatum
2741 3633 2924 3692 agunt,
2951 3634 3002 3676 ct
3028 3626 3132 3676 alia
3159 3625 3379 3693 insuper
3402 3624 3555 3678 cordi

1983 3715 2202 3767 habent.
2241 3714 2300 3766 Et
2350 3715 2450 3767 hoc
2491 3723 2608 3767 erat
2653 3729 2845 3783 nempe
2886 3730 2911 3766 :t
2958 3716 3068 3768 Deo
3113 3729 3207 3782 per
3241 3716 3558 3784 pmphetam

1969 3807 2175 3860 dictum
2206 3823 2218 3859 :
2251 3824 2270 3857 ι
2308 3806 2368 3860 Et
2396 3820 2492 3860 ero
2520 3807 2625 3860 illis
2655 3806 2705 3860 in
2737 3807 3224 3861 sanctiﬁcationem
3255 3821 3474 3874 parvam
3505 3807 3556 3860 in

1968 3898 2280 3967 regionibus
2307 3913 2414 3966 quo
2446 3897 2820 3966 ingredientur
2846 3897 2976 3951 illuc
3002 3897 3070 3950 '°.
3107 3915 3126 3949 ›
3159 3896 3350 3950 Civilia
3380 3906 3556 3951 autem

1967 3991 2100 4044 bella
2133 4007 2227 4060 per
2255 4001 2419 4045 totam
2449 3989 2712 4056 Iudaeam,
2738 4001 2792 4048 et
2823 3992 2874 4046 in
2910 3994 3042 4048 urbe
3071 3993 3313 4062 qualibet
3345 3993 3555 4060 perspi-

1965 4097 2065 4136 cue
2096 4085 2541 4138 commemoravit
2571 4082 2869 4153 Joscphus,
2899 4087 2978 4137 vir
3003 4086 3262 4154 eloquens
3290 4095 3344 4138 et
3372 4086 3555 4138 erudi-

1969 4183 2073 4238 tus,
2105 4176 2192 4242 qui
2223 4175 2527 4228 Iudaeorum
2561 4176 2899 4230 calamitates
2931 4177 3130 4244 tragice
3159 4177 3471 4241 descripsit.

288 4283 411 4318 νον·
464 4284 482 4316 ‹
521 4264 630 4319 Καὶ
675 4263 868 4336 ἔσομαι
917 4265 1097 4328 αὐτοῖς
1142 4267 1220 4328 εἰς
1273 4265 1521 4336 ἁγίασμα
1566 4264 1759 4336 μικρὸν
1802 4265 1858 4316 ὲν
1897 4267 2017 4327 ταῖς
2051 4264 2295 4336 χώραις,
2325 4259 2388 4318 οὗ
2432 4265 2528 4317 ἐὰν
2610 4266 2924 4319 εἰσέλθωσιν
2988 4269 3122 4320 ἐκεῖ.
3160 4285 3178 4318 ι
3233 4267 3372 4328 Τοὺς
3399 4267 3456 4318 δέ
3493 4284 3556 4333 γε

287 4359 393 4413 ἀνα
424 4361 602 4411 πᾶσαν
643 4357 741 4428 τὴν
782 4357 1059 4422 Ἰουδαίαν,
1090 4359 1186 4412 καὶ
1230 4359 1414 4428 μέντοι
1453 4362 1552 4432 τὴν
1592 4359 1951 4431 Ἰερουσαλὴμ.
2013 4361 2308 4430 ἐμφυλίους
2351 4360 2644 4430 πολέμους,
2679 4362 2776 4414 καὶ
2839 4363 2964 4425 τοὺς
3032 4363 3090 4414 ὲν
3121 4363 3326 4432 ἑκάστῃ
3383 4362 3556 4426 πόλει,

288 4451 482 4518 σαφῶς
545 4450 924 4519 ἀναγέγραφεν
981 4453 1010 4504 ὀ
1078 4452 1174 4516 τὰς
1243 4455 1515 4508 Ἰουδαίων
1571 4455 1864 4526 τραγῳδῶν
1908 4457 2229 4528 συμφορὰς,
2303 4456 2572 4529 Ἰώσηπος
2641 4454 2798 4521 οὗτος
2863 4454 3120 4530 ἧν,ἀνὴρ
3162 4459 3443 4529 ἐλλόγιμος
3467 4457 3560 4510 καὶ

292 4543 482 4615 σοφός.

359 4639 472 4693 Καὶ
511 4638 784 4709 λήψομαι
826 4639 1059 4710 ἐμαυτῷ
1109 4641 1219 4696 δύο
1253 4643 1555 4711 ῥάϐδους,
1597 4642 1711 4712 τὴν
1752 4643 1870 4713 μὲν

2077 4643 2137 4698 Ει
2189 4661 2459 4698 assumant
2514 4645 2642 4698 milii
2697 4645 2832 4697 diuis
2886 4649 3083 4713 virgas,
3145 4663 3304 4699 unum
3380 4651 3557 4702 vocari

282 4732 430 4801 μίαν
463 4731 729 4785 ἐκάλεσα
761 4733 1018 4799 Κάλνίος,
1064 4734 1161 4788 καὶ
1202 4734 1317 4803 τὴν
1356 4735 1566 4804 ἑτέραν
1604 4735 1869 4793 ἐκάλεσα

287 4824 333 4875 Σ
333 4822 642 4890 χοίνισμα,
671 4822 770 4875 καί
805 4824 1072 4892 ποιμανῶ
1097 4825 1167 4878 τὰ
1196 4826 1482 4895 πρόϐατα.

356 4913 476 4968 ΟΘ’.
520 4913 678 4967 Κατὰ
711 4913 936 4978 πολλοὺς
981 4917 1112 4985 ἡμῖν
1151 4917 1383 4988 τρόπους
1414 4918 1565 4989 παρὰ
1595 4921 1715 4984 ταῖς
1750 4919 1867 4973 θεο-

288 5005 571 5068 πνεύστοις
605 5006 850 5076 Γραφαῖς
880 5007 914 5074 ἡ
939 5007 1163 5075 ῥάϐδος
1193 5012 1416 5065 νοεῖται.
1457 5011 1592 5065 Ποτὲ
1626 5013 1860 5084 μὲνγὰρ

287 5097 539 5167 σημαίνει
569 5098 666 5166 τὴν
696 5099 993 5168 βασιλείαν,
1016 5100 1090 5164 ὡς
1113 5102 1240 5154 ὅταν
1271 5103 1496 5174 λέγηται
1520 5105 1597 5176 τῷ
1618 5106 1859 5177 Χριστῷ·

293 5203 310 5235 ι
334 5184 550 5249 Ῥάϐδος
589 5186 963 5256 εὐθύτητος,ἠ
1019 5189 1212 5260 ῥάϐδος
1246 5190 1342 5261 τῆς
1376 5192 1657 5262 βασιλείας
1685 5211 1801 5248 σου.
1839 5213 1856 5245 ι

287 5275 419 5326 ιιοτὲ
451 5274 509 5326 δὲ
543 5276 715 5344 ἰσχὺν,
761 5275 835 5336 ὡς
865 5275 920 5327 έν
967 5293 1028 5344 γε
1060 5278 1136 5347 τῷ
1177 5278 1376 5345 φάναι·
1413 5300 1428 5330 ι
1452 5282 1673 5335 Ῥἁϐδον
1700 5283 1863 5337 δυνά-

291 5383 430 5434 μεως
460 5367 809 5431 ἐξαποστελεί
843 5385 924 5420 σοι
953 5369 1154 5438 Κύριος
1182 5371 1245 5423 ἐκ
1288 5371 1444 5428 Σιών.
1480 5392 1496 5424 ι
1543 5374 1858 5444 Ἑκλαμϐα·

286 5475 432 5510 νεται
465 5459 520 5510 δὲ
555 5461 646 5512 καὶ
672 5459 911 5523 παιδεία,
947 5461 1038 5512 καὶ
1067 5463 1344 5533 ἐπιστήμη
1373 5463 1483 5516 ἔσθ’
1510 5466 1597 5518 ὅτε
1629 5483 1859 5534 ποιμανο

358 5657 402 5685 ⁷⁸
435 5655 590 5711 Ιυπιμ
623 5677 673 5722 Χ,
709 5662 791 5716 ΙΙ.

292 5725 333 5758 ⁸³
361 5726 499 5782 Psal.
533 5745 644 5797 (ix,
677 5732 729 5784 ‘2.

869 5666 910 5694 ⁷⁷
945 5665 1014 5719 ibi
1040 5667 1070 5718 ί.
1111 5668 1188 5720 lii.
1267 5669 1310 5698 ⁷⁸
1343 5666 1496 5722 Joan.
1526 5683 1633 5730 \tx',
1675 5666 1753 5720 I3.

1835 5668 1876 5696 τ’
1912 5668 2099 5726 Matth.
2137 5687 2302 5735 um,
2337 5668 2424 5719 :23.

1978 4735 2244 4803 Decorem,
2273 4747 2320 4789 et
2351 4737 2572 4790 alterum
2600 4737 2775 4789 vocavi
2833 4735 3180 4802 Fimiculum,
3237 4750 3282 4792 et
3345 4757 3558 4807 pascam

1974 4845 2114 4882 oves.

2043 4919 2280 4974 LXXIX.
2325 4919 2379 4973 In
2425 4920 2623 4973 divinis
2683 4919 2982 4988 Scripturis
3043 4921 3244 4973 variam
3286 4921 3556 4972 notionem

1975 5012 2138 5067 habet
2189 5013 2508 5067 vocabulum
2570 5014 2735 5082 virga.
2779 5013 3082 5079 Aliquando
3126 5013 3268 5063 enim
3331 5028 3555 5080 regnum

1969 5105 2259 5174 signilit-at,
2291 5114 2346 5156 ut
2380 5120 2500 5158 cum
2529 5105 2747 5157 Christo
2782 5105 3013 5157 dicitur:
3046 5121 3063 5153 ι
3099 5101 3257 5169 Virga
3298 5102 3555 5156 directio-

1968 5194 2048 5248 nis
2099 5194 2244 5264 virga
2286 5196 2431 5263 regni
2465 5199 2537 5249 tui
2569 5197 2669 5250 δι.»
2720 5197 3022 5266 Aliquando
3063 5197 3230 5248 robur
3271 5212 3362 5250 seu
3393 5197 3556 5259 vires,

1967 5295 2024 5337 ut
2055 5285 2124 5337 ibi
2155 5301 2204 5335 ει
2239 5284 2455 5355 Virgain
2487 5288 2698 5341 virtutis
2729 5289 2938 5341 emittet
2970 5286 3230 5339 Dominus
3250 5303 3312 5340 cx
3332 5286 3460 5340 Sion
3487 5289 3554 5340 δ’.

1969 5376 2273 5445 Esponitur
2303 5379 2428 5429 item
2465 5394 2850 5445 nonnunquam
2891 5376 3181 5440 institutio,
3220 5387 3273 5430 et
3317 5379 3543 5431 St-ientia

1969 5466 2268 5538 pastor-ilia.
2305 5463 2487 5532 Itaque
2519 5482 2730 5519 rursum
2764 5482 2896 5520 voce
2929 5467 3202 5537 prephetzc
3245 5468 3380 5522 Filio
3420 5469 3557 5522 dici-

2507 5668 2548 5692 πθ
2580 5667 2772 5723 Ετρείι.
2815 5672 2982 5734 xi,l6.
3063 5670 3102 5702 δ’
3141 5670 3280 5721 I‘sal.
3317 5687 3456 5738 sur,
3498 5671 3550 5723 7.
