4026 6276
484 324 581 380 187

1497 321 1558 378 S.
1598 320 1875 378 CYBILLI
1911 321 2380 377 ALEXANDRINI
2418 315 2736 373 AﬂCHlEP.

3626 299 3722 351 1δὸ

471 413 598 493 iur:
637 453 657 488 ι
685 435 848 490 Pasce
887 433 1134 501 populum
1162 441 1308 486 tuum
1343 434 1395 489 in
1432 435 1579 505 virga
1601 437 1708 490 ⁸³.»
1774 436 2040 492 Catenam

2160 439 2288 507 md).
2318 434 2543 505 Εἴρηται
2581 429 2710 498 γοῦν
2748 424 2904 479 πάλιν
2933 419 3022 474 διὰ
3047 417 3228 488 φωνῆς
3270 409 3722 507 προφήτου

471 529 526 585 lu
567 527 747 583 verbis
779 526 1039 590 recitatis,
1073 525 1238 592 virgae
1268 527 1453 581 modos
1485 528 1775 596 pastoralis
1801 529 2041 584 scientia:

471 620 853 690 geminumque
881 631 1051 686 genus
1107 617 1389 672 laudabilis
1453 619 1806 674 institutionis
1838 621 2041 691 signiﬁ-

471 720 616 766 cant.
666 708 905 763 Assumit
957 718 1135 761 autem
1179 709 1358 778 virgas
1395 727 1415 760 ι
1473 721 1658 778 pastor
1699 712 1889 775 bonus,
1947 713 2036 781 qui

471 803 622 873 ponit
646 805 882 855 animam
914 816 1064 854 suam
1096 815 1192 869 pro
1217 803 1460 866 ovibus,»
1493 803 1544 857 id
1576 813 1659 858 est
1683 805 1954 867 Christus,
1984 813 2041 858 ut

473 893 528 948 in
559 893 688 961 ipsis
714 902 897 961 pascat
932 907 1060 945 ovcs
1088 892 1398 948 suas.-0lim
1453 896 1593 947 enim
1645 892 1663 964 (
1709 904 1831 964 puta
1888 903 2042 948 ante-

473 1001 632 1053 quam
674 984 906 1038 hominis
935 993 1121 1039 natura
1151 999 1210 1039 se
1247 985 1508 1055 vestiret)
1543 1029 1556 1052 ,
1586 1000 1705 1039 cum
1733 996 1873 1040 esset
1902 987 2040 1040 Deus

472 1085 527 1130 et
567 1076 854 1144 legislator,
885 1091 951 1130 ex
981 1077 1086 1131 Deo
1115 1075 1287 1144 Λόγος
1320 1075 1550 1130 Verbum
1584 1078 1834 1143 pascebat
1865 1075 2040 1130 Israe-

473 1168 599 1230 lem,
635 1167 796 1221 veluti
834 1182 935 1219 una
967 1167 1114 1236 virga
1145 1167 1297 1235 legali
1345 1167 1678 1241 institutione
1716 1177 1895 1222 utens.
1950 1167 2042 1223 Sic

471 1259 612 1311 enim
648 1272 743 1326 per
775 1257 1086 1324 prophetam
1119 1271 1240 1309 eum
1268 1255 1463 1311 alicubi
1495 1258 1785 1327 alloquitur
1817 1273 1831 1312 :
1865 1277 1884 1310 ι
1929 1258 2042 1330 Ego

471 1347 757 1415 pascebant
786 1357 836 1400 te
866 1347 916 1399 in
951 1346 1236 1400 solitudine
1263 1347 1362 1400 “.t
1427 1347 1528 1401 Ast
1587 1358 1872 1417 postquam
1941 1365 2043 1404 no-

475 1436 575 1490 stri
624 1436 812 1491 similis
855 1434 1030 1488 factus
1076 1442 1158 1489 est
1211 1435 1371 1489 homo
1415 1437 1482 1501 “,
1526 1439 1659 1492 duas
1704 1437 1886 1508 virgas
1957 1454 2045 1493 as-

474 1529 718 1594 sumpsit.
753 1526 928 1580 Pascit
955 1527 1122 1586 enim,
1161 1534 1217 1578 ιιι
1241 1527 1564 1580 atloratorcs
1583 1543 1730 1592 suos,
1759 1545 1853 1597 per
1885 1529 2043 1584 [idem

474 1620 723 1672 nimirum
761 1618 1086 1687 jnstiticatos
1117 1625 1173 1671 et
1211 1619 1582 1674 sanctilicatos
1641 1620 1692 1672 in
1729 1621 1920 1689 spiritu
1971 1621 2046 1675 le-

479 1712 675 1779 palibtts
702 1710 861 1764 simul
886 1721 937 1764 et
973 1709 1301 1779 evangelicis
1319 1712 1626 1778 praeceptis,
1657 1726 1760 1764 non
1791 1712 1854 1764 ad
1883 1713 2045 1767 boves

2144 528 2235 581 τὸν
2252 501 2482 580 ⁷1⁸ίι5ν⁶ἰ
2518 521 2782 590 Ποίμαινε
2812 514 2939 569 λαόν
2982 527 3076 564 σου
3115 511 3173 562 ὲν
3205 505 3406 578 ῥάϐδῳ.
3441 522 3461 556 ι
3503 502 3642 557 Ἀλλ’
3666 501 3724 556 ἑν

2145 635 2209 687 γε
2227 620 2340 680 τοῖς
2362 610 2776 686 προειρημένοις
2813 603 3162 677 σημαίνουσιν
3193 598 3247 651 αἱ
3278 594 3464 687 ῥάϐδοι
3489 592 3726 687 τρόπους

2148 683 2278 778 ήμῖν
2307 683 2631 773 ποιμενικῇ
2675 697 3004 765 ἐπιστήμης,
3049 690 3143 745 καὶ
3179 685 3356 742 διττὸν
3373 683 3723 778 ἑπαιδειὸσεως

2146 774 2304 860 εἶδος,
2335 794 2473 848 κατά
2510 809 2573 862 γε
2602 790 2664 842 τὸ
2706 786 3024 857 ἀμωμήτως
3067 780 3210 851 ἔχειν
3241 774 3458 832 δοκοῦν.
3500 774 3722 843 Δέχεται

2145 888 2200 942 δὲ
2224 887 2324 950 τὰς
2356 884 2584 957 ῥάϐδους
2617 899 2635 934 ι
2682 881 2711 933 ὁ
2743 877 2945 947 ποιμὴν
2969 877 2997 928 ὁ
3022 872 3207 936 καλὸς,
3237 873 3266 924 ὁ
3290 868 3390 940 τὴν
3426 866 3604 938 ψυχὴν
3631 865 3727 957 αὑ-

2145 975 2239 1031 τοῦ
2271 955 2382 1038 θεὶς
2411 974 2548 1044 ὕπὲρ
2577 969 2686 1022 τῶν
2727 966 3037 1039 προϐάτων,
3076 981 3094 1014 ι
3148 958 3416 1022 τουτέστι,
3464 955 3722 1027 Χριστὸς,

2148 1066 2234 1120 ἵνα
2267 1067 2325 1118 ὲν
2358 1064 2549 1125 αὐταῖς
2586 1056 2970 1127 καταποιμάνῃ
3001 1053 3070 1106 τὰ
3106 1051 3214 1104 ἴδια
3251 1047 3518 1121 πρόϐατα,
3547 1044 3726 1098 Πάλαι

2151 1158 2248 1229 μὲν
2278 1155 2385 1225 γὰρ
2415 1152 2700 1215 (τουτέστι,
2737 1148 2833 1202 καὶ
2871 1147 2978 1217 πρὸ
2997 1144 3107 1198 τῶν
3135 1147 3235 1214 τῆς
3260 1141 3727 1212 ὲνανθρωπήσεως

2147 1247 2375 1318 χρόνων)
2403 1243 2532 1306 Θεὸς
2554 1241 2651 1307 ὣν,
2687 1240 2780 1294 καὶ
2811 1237 3143 1307 νομοθέτης,
3172 1235 3201 1286 ὁ
3241 1234 3307 1286 ἐκ
3346 1230 3479 1285 Θεοῦ
3514 1229 3725 1300 Πατρδς

2149 1338 2322 1404 Λόγος
2365 1333 2666 1388 κατέϐοσκε
2715 1329 2806 1384 τὸν
2869 1325 3120 1398 Ἰσραὴλ,
3180 1325 3343 1378 οἱονεί⁵
3396 1323 3577 1394 ῥάϐδῳ
3627 1322 3728 1391 μιᾷ

2149 1426 2448 1498 χρώμενος,
2483 1425 2549 1494 τῇ
2581 1420 2720 1475 κατὰ
2745 1421 2906 1489 νόμον
2937 1415 3337 1486 παιδείᾳ..Ἕφη
3370 1411 3478 1482 γάρ
3506 1427 3607 1463 που
3637 1409 3725 1462 διὰ

2152 1519 2425 1591 προφήτου
2453 1515 2638 1585 φωνῆς
2672 1513 2806 1583 πρὸς
2851 1510 3032 1564 αὐτόν·
3069 1528 3086 1560 ι
3129 1506 3272 1576 Ἐγὼ
3308 1505 3625 1574 ὲποίμαινόν
3669 1517 3725 1555 σε

2151 1613 2208 1666 ὲν
2237 1613 2303 1680 τῇ
2331 1610 2542 1680 ἐρήμῳ.
2578 1626 2595 1658 ι
2644 1604 2861 1673 Ἐπειδὴ
2895 1602 2952 1655 δὲ
2975 1601 3166 1670 γέγονε
3197 1597 3318 1650 καθ’
3345 1598 3492 1666 ἡμᾶς
3519 1595 3729 1666 ἄνθρω-

2153 1719 2274 1765 πος,
2320 1699 2415 1754 δύο
2459 1698 2671 1768 δέχεται
2721 1695 2969 1766 ῥάϐδους.
3021 1691 3334 1760 Κατανέμει
3383 1688 3491 1758 γάρ
3539 1687 3730 1759 ὥσπερ

477 1802 823 1856 .mmolantlos
857 1801 1158 1870 impellens,
1189 1811 1435 1870 nequeut
1473 1803 1842 1858 oblationibus
1865 1820 2052 1859 secun-

2160 1794 2276 1856 τοὺς
2322 1791 2482 1854 ἰδίους
2516 1786 2917 1860 προσκυνητὰς,
2949 1784 3075 1846 τοὺς
3099 1782 3188 1835 διὰ
3219 1781 3456 1843 πίστεως
3485 1778 3729 1851 δηλονότι

481 1894 596 1946 ilum
627 1894 796 1962 legem
831 1895 1143 1947 stndeamus
1176 1908 1274 1948 nos
1323 1895 1539 1959 docens,
1568 1895 1659 1948 sed
1713 1894 1908 1962 iubens
1955 1912 2051 1964 po-

473 1987 602 2048 tius,
629 1985 704 2038 uti
740 1984 944 2038 cultum
977 1984 1028 2037 in
1058 1983 1245 2052 spiritu
1275 1992 1530 2054 tanquam
1563 1986 1900 2041 incruentum
1963 2004 2054 2042 sa-

475 2076 738 2130 crificium
764 2073 1118 2129 celebremus.
1144 2073 1414 2128 Conversa
1446 2083 1529 2129 est
1572 2077 1713 2130 enim
1762 2088 1816 2132 et
1876 2087 2055 2131 muta-

478 2175 530 2217 ta
574 2167 763 2219 umbra
795 2165 848 2218 in
893 2165 1216 2219 veritatem:
1252 2175 1305 2220 et
1346 2181 1465 2235 quae
1498 2166 1549 2220 in
1606 2168 1773 2237 tigura
1821 2168 2052 2232 fiebant,

479 2257 870 2320 characterem,
890 2264 940 2310 et
970 2255 1192 2309 formam
1215 2255 1489 2324 elegantiae
1519 2258 1678 2326 762
1702 2257 2054 2321 Christianae,

478 2353 532 2396 et
561 2344 884 2412 evangelica:
943 2345 1065 2398 vitae
1127 2343 1436 2397 induerunt.
1501 2347 1727 2400 Nomina
1795 2358 2055 2416 praeterea

481 2431 643 2500 virgis
676 2441 819 2496 sunt,
847 2433 932 2484 uni
967 2432 1177 2499 quidem
1215 2430 1380 2485 Decor
1397 2447 1514 2501 qua:
1539 2444 1618 2487 est
1645 2433 2053 2490 TeSIamentum

479 2521 709 2589 Novum,
774 2521 1055 2592 pulchrum
1093 2531 1147 2574 et
1191 2521 1550 2576 admiratione
1613 2525 1860 2594 dig-num,
1909 2526 2055 2593 quod

480 2616 592 2685 ipse
629 2615 794 2669 Filius
824 2617 1032 2669 locutus
1066 2621 1148 2668 est
1168 2654 1184 2680 ,
1221 2632 1241 2666 ι
1271 2614 1559 2685 Speciosus
1589 2631 1696 2684 pra.-
1722 2616 1844 2670 liliis
1875 2618 2055 2671 homi-

479 2722 604 2760 num
627 2705 670 2738 ⁸⁷
701 2722 716 2773 ;
762 2725 783 2757 ι
822 2706 977 2760 alteri
1002 2703 1314 2770 Funiculus,
1355 2707 1406 2760 id
1434 2716 1540 2770 est,
1573 2723 1720 2775 pars,
1752 2717 1810 2760 ut
1857 2708 2056 2762 intelli-

477 2811 666 2867 gamus
702 2796 871 2865 legem
894 2796 1105 2850 solitam
1133 2796 1347 2851 erudire
1373 2810 1680 2866 separatum
1741 2799 1850 2852 Deo
1908 2797 2056 2852 funi—

479 2889 678 2942 culum.
741 2887 1015 2956 Scriptum
1063 2895 1147 2941 est
1193 2888 1387 2942 enim:
1435 2905 1452 2938 ι
1504 2887 1730 2954 Quando
1787 2889 2058 2943 dividebat

480 2981 791 3037 Altissimus
824 2989 1034 3050 gentes,
1062 2989 1118 3032 ut
1152 2979 1484 3048 dispergeret
1514 2979 1650 3033 lilios
1679 2981 1874 3044 Adam,
1926 2996 2057 3033 eon-

482 3074 655 3128 stituit
683 3073 940 3128 terminos
978 3071 1217 3140 gentium
1240 3071 1389 3140 juxta
1417 3087 1698 3126 numerum
1730 3073 2048 3142 angelorum

484 3167 672 3230 Dei,et
699 3164 800 3218 fuit
831 3178 956 3230 pars
994 3163 1201 3216 Domini
1236 3163 1460 3231 populus
1506 3162 1625 3230 ejus
1662 3161 1852 3227 Iacob,
1913 3164 2055 3218 funi—
2087 3146 2127 3202 (ἶ

482 3257 636 3312 culus
672 3255 1005 3312 hereditatis
1033 3256 1150 3323 ejus
1180 3253 1362 3310 Israel.
1396 3274 1415 3308 ι
1454 3254 1615 3310 llisce
1646 3256 1809 3326 igitur
1835 3257 2044 3312 duabus

486 3349 650 3419 virgis
694 3362 917 3418 magnus
951 3357 1224 3415 pastorum
1257 3348 1507 3415 princeps
1536 3361 1662 3401 oves
1711 3361 1836 3401 suas
1870 3358 2054 3414 pastu-

488 3455 608 3495 rum
640 3441 990 3508 spondet;et
1035 3452 1164 3492 vero
1216 3439 1521 3507 spopondit.
1554 3435 1610 3491 ln
1658 3453 1816 3491 unam
1863 3439 2058 3507 quippe

487 3531 697 3586 caulam
721 3531 810 3599 qui
837 3545 900 3585 ex
938 3527 1126 3595 Israel,
1156 3537 1210 3584 et
1243 3528 1332 3597 qui
1368 3544 1434 3582 ex
1463 3528 1709 3598 gentibus
1741 3537 1896 3582 erant
1930 3543 2059 3582 con-

482 3622 660 3689 duxit,
694 3631 750 3676 et
793 3623 896 3677 illis
954 3621 1176 3691 legalem
1230 3621 1704 3691 evangelicamque
1748 3620 2050 3674 doctrinam

491 3731 542 3769 in
580 3715 962 3768 nutrimentum
1010 3713 1252 3780 apponit,
1299 3722 1353 3766 et
1408 3711 1563 3780 quasi
1617 3712 1904 3779 quamdam
1946 3710 2058 3778 spi-

490 3809 732 3864 ritualetn
756 3809 978 3864 herbam
1009 3807 1287 3862 fruendam
1313 3807 1635 3876 suppeditat,
1651 3816 1706 3859 et
1730 3804 1932 3858 allatim
1968 3817 2061 3857 eos

490 3902 722 3968 saginat.

2152 1882 2621 1952 δεδικαιωμένους,
2648 1879 2744 1932 καὶ
2777 1875 3144 1948 ήγιασμένους
3179 1879 3236 1928 ὲν
3268 1872 3734 1943 πνεύματι,νομι-

2153 1979 2268 2040 κοῖς
2319 1993 2380 2028 τε
2415 1979 2529 2043 ἅμα
2561 1961 3068 2038 καὶέὑαγγελικοῖς
3103 1967 3486 2037 θεσπίσμασιν,
3513 1964 3574 2017 οὐ
3610 1964 3734 2034 βουρ

2153 2067 2330 2121 θυτεῖν
2361 2064 2692 2126 ἀναπείθων,
2725 2061 2850 2117 οὔτε
2885 2061 2992 2132 μὴν
3019 2062 3141 2124 ταῖς
3189 2059 3332 2112 κατὰ
3357 2058 3522 2128 νόμον
3562 2073 3736 2127 προσ-

2153 2163 2398 2230 αγωγαῖς
2431 2158 2792 2232 προσκεῖσθαι
2825 2156 3124 2210 διδάσκων
3159 2152 3434 2208 ποιεῖσθαι
3455 2152 3511 2204 δὲ
3534 2150 3733 2222 μᾶλλον

2155 2250 2540 2326 προστεταχὼς
2571 2250 2670 2320 τῆς
2705 2250 2763 2302 ὲν
2797 2247 3070 2317 πνεύματι
3100 2246 3355 2314 λατρείας
3378 2245 3476 2314 τὴν
3503 2242 3737 2311 δύναμιν

2155 2345 2234 2406 εἰς
2257 2341 2597 2412 άναιμάκτου
2628 2338 2823 2401 θυσίας
2853 2336 3078 2407 τρόπον.
3111 2333 3509 2388 Μετατέθειται
3550 2330 3658 2402 γάρ
3696 2329 3733 2398 ἡ

2157 2435 2285 2489 σκιά
2329 2433 2466 2505 πρὸς
2518 2431 2806 2502 ἀλήθειαν,
2866 2428 2962 2482 καὶ
3017 2427 3496 2498 μετακεχάρακται
3545 2423 3616 2478 ea;
3677 2423 3738 2477 ἐν

2155 2527 2344 2590 τύποις
2373 2527 2450 2588 είς
2478 2524 2800 2593 ἀστειότητα
2853 2519 3125 2581 πολιτείας
3155 2521 3254 2590 τῆς
3299 2520 3356 2571 ὲν
3404 2514 3628 2587 Χριστῷ
3674 2529 3738 2566 τε

2156 2619 2251 2672 καὶ
2289 2614 2669 2685 εὐαγγελικῆς.
2716 2613 2984 2682 Ὀνόματα
3024 2610 3079 2663 δὲ
3105 2609 3199 2662 καὶ
3230 2610 3353 2670 ταῖς
3382 2607 3619 2678 ῥάϐδοις,
3666 2605 3738 2675 τῇ

2160 2710 2260 2781 μὲν
2299 2710 2398 2779 μιᾷ
2422 2706 2652 2772 Κάλλας,
2688 2705 2808 2775 ἥτις
2853 2702 2971 2755 ἐστὶ
3019 2700 3265 2771 Διαθήκη
3306 2700 3438 2762 Νέα,
3475 2698 3610 2768 καλὴ
3643 2697 3741 2750 καὶ

2158 2799 2611 2869 ἀξιοθαύμαστα-ς,
2631 2797 2697 2867 ἣν
2723 2795 2885 2859 αὐτὸς
2917 2794 3212 2864 λελάληκεν
3240 2793 3268 2844 ὁ
3295 2791 3444 2856 Υἱὸς,
3484 2810 3501 2841 ι
3524 2790 3743 2860 Ὠραῖος

2158 2892 2341 2947 κάλλει
2387 2891 2538 2960 παρά
2575 2889 2700 2952 τοὺς
2730 2888 2877 2950 υἱοὺς
2909 2887 3017 2939 τῶν
3067 2884 3395 2955 ἀνθρώπων
3424 2902 3444 2934 s
3468 2882 3502 2952 ἢ
3533 2898 3596 2950 γε
3632 2880 3743 2950 μὴν

2159 2984 2320 3054 ἑτέρα
2367 2983 2682 3052 Σχοίνισμα,
2715 2979 2962 3034 τουτέστι
3011 2980 3200 3050 μερὶς,
3252 2978 3340 3030 ἵνα
3383 2974 3594 3042 νοῶμεν
3648 2973 3750 3026 τὸν-

2160 3076 2345 3145 νόμον,
2367 3075 2427 3128 τὸ
2458 3073 2750 3144 ἀφορισθέν
2764 3055 2854 3140 ’τῷ
2893 3069 3012 3141 Θεῷ
3043 3068 3331 3140 σχοίνισμα
3375 3064 3750 3134 παιδαγωγεῖν

2162 3164 2409 3220 εἰωθότα.
2440 3165 2754 3234 Γέγραπται
2778 3161 2916 3233 γάρ’
2959 3162 3121 3213 (Ὅτε
3152 3157 3461 3230 διεμέριζεν
3479 3157 3743 3226 ’Ὑψιστος

2162 3257 2324 3328 ἔθνη,
2377 3257 2452 3319 ὡς
2496 3254 2812 3325 διέσπειρενη
2865 3253 3011 3316 υἱοὺς
3071 3251 3284 3321 Ἀδὰμ,
3329 3249 3554 3318 ἔστησεν
3618 3249 3744 3317 ὅρια

2163 3345 2333 3400 ὲθνῶν
2398 3345 2540 3400 κατὰ
2589 3344 2821 3414 ἀριθμὸν
2868 3341 3117 3411 ἀγγέλων
3165 3340 3322 3406 Θεοῦ,
3372 3339 3464 3394 καὶ
3508 3338 3744 3409 ἐγενήθη

2168 3439 2324 3510 μερὶς
2353 3436 2557 3508 Κυρίου
2607 3436 2734 3500 λαὸς
2764 3435 2929 3490 αὑτοῦ
2971 3433 3186 3498 Ἰακὼϐ,
3222 3432 3512 3503 σχοίνισμα
3542 3431 3747 3501 κληρο-

2164 3528 2358 3595 νομίας
2404 3525 2568 3578 αὐτοῦ
2611 3523 2851 3596 Ἰσραήλ.
2891 3543 2909 3575 ›
2955 3523 3196 3586 Ταύταις
3243 3522 3307 3594 δὴ
3341 3518 3435 3575 οὖν
3464 3524 3584 3585 ταῖς
3623 3518 3748 3572 δυσί⁸

2169 3619 2382 3691 ῥάϐδοις
2411 3619 2438 3670 ὁ
2470 3616 2640 3687 μέγας
2665 3615 2999 3686 ἀρχιποίμην
3038 3615 3441 3684 κατανεμήσειν
3470 3608 3748 3679 ἐπαγγέλ-

2165 3711 2314 3762 λεται
2349 3709 2416 3761 τὰ
2445 3706 2609 3759 αὐτοῦ
2642 3706 2915 3775 πρόϐατα,
2942 3706 3036 3758 καὶ
3068 3703 3306 3776 ἀτρεκὴς
3340 3705 3367 3756 ὁ
3391 3702 3570 3770 λόγος.
3613 3702 3750 3752 Συν-

2165 3801 2387 3871 εκόμισε
2416 3797 2523 3868 γὰρ
2557 3799 2635 3859 εἰς
2667 3797 2795 3868 μίαν
2829 3797 2997 3866 αὐλὴν
3026 3794 3150 3858 τούς
3183 3811 3239 3848 τε
3279 3793 3340 3858 ἐξ
3383 3790 3617 3864 Ἰσραὴλ,
3650 3790 3745 3843 καὶ

2171 3893 2353 3963 μέντοι
2380 3889 2503 3952 τοὺς
2538 3888 2597 3954 ἐξ
2647 3885 2837 3951 ἐθνῶν,
2866 3887 3095 3958 νομικήν
3135 3903 3195 3940 τε
3239 3884 3357 3955 ἅμα
3391 3885 3483 3937 καλ¹
3511 3883 3749 3948 εὐαγγε-

490 3993 648 4063 λικὴν
689 3992 969 4048 παίδευσιν
1005 3991 1187 4054 αὐτοῖς
1215 3989 1533 4062 παρατιθεὶς
1565 3990 1645 4052 είς
1687 3988 1923 4058 τροιξὴν,
1965 3986 2060 4040 καὶ
2096 3980 2186 4038 οἷά
2246 4001 2365 4038 τινα
2429 3983 2565 4036 πόαν
2597 3979 2973 4051 πνευματικὴν
3003 3977 3252 4052 χορηγῶν
3276 3978 3357 4040 είς
3381 3972 3618 4047 μέθεξιν,
3655 3975 3750 4030 καὶ

492 4082 863 4138 καταπιαίνων
903 4082 1189 4145 πλουσίως.

565 4176 724 4231 Vt-zus.
757 4177 790 4230 8
817 4216 831 4239 ,
884 4178 936 4230 9.
1003 4175 1069 4227 ΕΙ
1132 4173 1369 4243 auferam
1404 4182 1507 4226 tres
1549 4183 1780 4242 pastores
1813 4171 1866 4224 in
1903 4184 2072 4222 mense

494 4285 616 4333 uno,
649 4277 697 4320 et
727 4267 1032 4336 gravabitur
1084 4266 1264 4318 anima
1328 4279 1438 4324 mea
1483 4279 1639 4331 super
1700 4278 1805 4314 eos.
1860 4259 2068 4314 Etenim

2250 4157 2359 4211 Kal
2397 4152 2593 4221 ἐξαίῶ
2637 4153 2777 4218 τοὺς
2814 4151 2971 4221 τρεῖς
3009 4151 3297 4221 ποιμένας
3337 4152 3407 4205 ἐν
3445 4154 3596 4222 μηνί
3631 4157 3756 4224 ἐνί,

2174 4249 2274 4306 καὶ
2297 4246 2747 4316 ,βαρ-υνθήσεται
2788 4245 2826 4312 ἠ
2866 4244 3034 4313 ψυχή
3073 4262 3191 4313 μου
3227 4244 3319 4298 ἐπ’
3351 4246 3595 4314 αὐτούς.
3635 4251 3747 4303 Kal

491 4362 679 4416 anima:
707 4375 884 4414 eorum
953 4360 1221 4429 rugiebant
1269 4373 1424 4424 super
1464 4371 1562 4410 me.
1603 4353 1667 4407 Et
1731 4354 1881 4407 dixi:
1942 4350 2054 4405 Non

2171 4340 2281 4411 γὰρ
2330 4343 2389 4392 αἱ
2427 4338 2618 4407 ψυχαὶ
2682 4333 2880 4390 αὐτῶν
2936 4335 3274 4405 ἐπιορύοντο
3324 4336 3418 4389 ἐπ’
3462 4338 3585 4407 ἐμέ.
3637 4343 3748 4394 Kal

491 4469 702 4522 pascmn
741 4468 847 4505 vos.
875 4449 1027 4514 Quod
1060 4451 1280 4501 moritur
1307 4448 1585 4508 moriatur,
1607 4455 1654 4499 et
1717 4446 1855 4514 quod
1884 4443 2064 4510 «le/irit

492 4548 783 4615 ιίεβοίιιι,οι
806 4544 1004 4611 reliqua
1035 4541 1302 4607 devorent,
1335 4541 1688 4610 unusquisque
1719 4552 1900 4589 carnes
1943 4552 2066 4601 pro-

491 4653 618 4691 αῖιηιι
647 4651 750 4690 ειιι.

565 4810 775 4866 LXXX.
804 4810 971 4864 Dante
1007 4809 1148 4863 enim
1184 4824 1241 4861 se
1265 4807 1375 4878 jam
1423 4807 1474 4860 in
1531 4815 1880 4872 conspectum
1939 4817 2066 4857 vero

494 4915 548 4959 et
574 4904 715 4960 bunt)
743 4913 982 4974 pastore,
1030 4902 1402 4971 mquissimum
1433 4909 1550 4953 erat
1610 4898 1818 4966 utique,
1875 4895 1982 4949 into
2013 4904 2066 4949 et

498 4997 861 5047 necessarium
899 4991 1266 5044 mercenarius
1318 5001 1369 5040 ct
1401 4987 1562 5041 falsos
1609 4996 1853 5054 pistores
1886 4999 2062 5040 remo-

499 5087 630 5150 vt-ri,
660 5087 760 5139 hoc
784 5093 884 5148 cst,
929 5080 1236 5136 Judmornnt
1275 5079 1569 5134 secundum
1605 5079 1777 5148 legent
1827 5078 1987 5131 duces
2013 5086 2068 5131 et

499 5176 815 5243 magistros:
845 5186 1074 5241 quorum
1105 5172 1192 5223 alii
1235 5172 1552 5227 occidebant
1582 5186 1731 5243 aves,
1788 5185 1884 5224 nec
1938 5185 2064 5236 age—

498 5265 623 5316 hnnt
655 5264 1053 5332 paenitentiam:
1082 5265 1171 5317 alii
1189 5279 1282 5317 ens
1309 5263 1598 5316 vendetttes
1613 5242 1860 5314 dicebant
1886 5280 1898 5314 :
1925 5281 1942 5310 ι
1964 5260 2062 5314 Be-

501 5354 745 5405 nedictus
812 5352 1083 5416 Dominus,
1125 5364 1174 5408 et
1211 5353 1322 5419 jam
1365 5354 1556 5407 divites
1609 5352 1738 5406 furti
1790 5367 1997 5406 sumus.
2041 5369 2058 5400 ι

497 5443 615 5497 .lam
659 5459 786 5498 vero
811 5459 944 5514 quos
971 5447 1181 5501 nomine
1215 5447 1370 5500 trium
1408 5457 1681 5517 pastorum
1713 5445 1976 5515 appellet,
2011 5451 2066 5496 ct

572 5643 620 5671 ⁸³
649 5643 801 5698 Μίςὶι.
839 5663 934 5710 ιιι,
977 5648 1054 5701 ll.

505 5713 556 5780 ε,
589 5718 642 5766 ιι.

1134 5651 1174 5677 ⁸³
1208 5647 1362 5700 Jnntt.
1398 5664 1446 5710 ς,
1484 5649 1564 5699 13.

1645 5647 1687 5674 ⁸³·
1723 5645 1858 5706 Ome
1890 5660 2002 5707 λιιι,
2046 5643 2095 5695 ὅ.

2172 4431 2343 4488 εἶπα·
2386 4435 2467 4486 Οὐ
2511 4428 2781 4500 ποιμανὼ
2822 4430 2996 4498 ὑμᾶς.
3046 4429 3120 4484 Τὸ
3170 4429 3566 4500 ἀποθνῆσκον
3602 4433 3750 4487 ἀετο-

2173 4525 2512 4594 θνησκέτω,
2551 4523 2648 4577 καὶ
2685 4526 2751 4576 τὸ
2785 4521 3071 4575 ἐκλεῖπον
3119 4522 3509 4590 eximat-era),
3551 4524 3649 4577 καὶ
3678 4525 3748 4578 τὰ

2173 4618 2509 4673 κατάλοιπιι
2537 4613 3016 4671 κατεσοιέτωσαν
3036 4657 3050 4680 ,
3080 4615 3338 4681 ἕκαστος
3373 4616 3478 4682 τὰς
3516 4618 3748 4685 σάρκας

2172 4709 2281 4764 τοῦ
2309 4710 2575 4776 πλησίον
2595 4707 2802 4762 αὑτοῦ.

2235 4804 2314 4856 II'.
2358 4798 2791 4870 Ἀναδειχθέντος
2829 4800 2937 4868 γὰρ
2987 4798 3088 4868 ’ήδη
3137 4798 3230 4850 τοῦ
3265 4797 3520 4870 ἀληθινοῦ
3557 4816 3614 4850 τε
3657 4797 3748 4851 καὶ

2163 4891 2368 4962 ἀγαθοῦ
2420 4893 2696 4961 ποιμένος,
2738 4885 2805 4962 ἦν
2835 4891 3008 4961 δήπου
3047 4891 3138 4943 καὶ
3175 4891 3319 4961 μάλα
3353 4891 3520 4954 εἰκὸς,
3552 4892 3750 4961 μᾶλλον

2161 4983 2217 5037 δὲ
2265 4985 2363 5057 ἤδη
2409 4983 2504 5036 καὶ
2547 4984 2868 5050 ἀναγκαῖον,
2921 4985 2985 5036 ὲκ
3037 4982 3201 5053 μέσου
3257 4983 3514 5051 γενέσθαι
3568 4982 3749 5034 λοιπον

2162 5075 2287 5137 τοὺς
2324 5073 2626 5142 μισθωτοὺς
2673 5073 2762 5125 καὶ
2798 5072 3226 5141 ψευδοποίμενας
3250 5114 3262 5130 .
3295 5073 3566 5135 τουτέστι,
3625 5075 3750 5135 τοὺς

2173 5163 2277 5216 τῶν
2314 5162 2581 5215 Ἰουδαίων
2632 5162 2774 5216 κατὰ
2821 5165 2984 5232 νόμον
3033 5161 3347 5232 καθηγητὰς
3376 5178 3390 5192 ·
3434 5156 3509 5214 ὧν
3559 5164 3606 5215 οἱ
3655 5162 3752 5231 μὲν

2173 5252 2514 5321 κατέσφαζον
2546 5254 2611 5306 τὰ
2647 5252 2911 5321 πρόϐατα,
2956 5254 3048 5304 καὶ
3078 5253 3137 5303 οὐ
3170 5253 3565 5322 μετεμέλοντο³
3612 5253 3660 5304 οἱ
3698 5252 3751 5303 δὲ

2171 5348 2235 5418 δὴ
2262 5346 2564 5408 πωλοῦντες
2592 5345 2730 5397 αὑτᾶ
2762 5345 2974 5412 ἔλεγον·
3018 5365 3033 5393 ι
3061 5343 3366 5414 Εὐλογητὸς
3404 5343 3626 5416 Κύριος,
3661 5342 3754 5396 καὶ

2175 5437 2648 5508 πεπλουτήκαμεν.
2686 5459 2701 5488 ι
2739 5432 2870 5489 Εἶτα
2914 5435 2965 5486 τί
3009 5435 3070 5505 δή
3107 5453 3237 5489 ποτε
3273 5437 3364 5488 καὶ
3394 5436 3526 5506 φαίη
3567 5452 3649 5498 τις
3690 5435 3754 5487 ἆν
3819 5454 3832 5467 ·

3309 5633 3353 5663 ⁸⁸
3381 5633 3538 5686 Deut.
3580 5645 3747 5692 χχχιι,

2175 5641 2217 5668 ’³⁸
2251 5639 2480 5708 Philipp.
2523 5654 2581 5704 tt,
2613 5640 2661 5688 7.
2744 5639 2786 5666 *τ
2824 5635 2964 5692 Psal.
2999 5651 3141 5698 thv,
3177 5633 3226 5686 5.
