4026 6276
389 307 485 360 189

1186 313 1736 374 COMMENTARIUS
1779 317 1846 374 IN
1891 319 2290 376 ZACllARlAM
2332 320 2774 382 PROPllE'l‘AM.

3525 327 3627 380 190

370 426 631 497 ποιμένας
681 428 877 492 αὐτοὺς
927 427 1183 499 ὀνομάζει
1227 434 1417 504 τρεῖς,
1471 432 1593 486 τίνα
1641 432 1697 486 δὲ
1744 433 1946 505 τρόπον

2051 451 2287 507 quonam
2327 439 2483 492 modo
2514 440 2853 504 auferantur,
2881 450 2937 494 ut
2959 441 3110 507 dicit,
3149 457 3332 496 mense
3361 456 3488 506 uno,
3531 457 3629 510 age

370 518 696 589 ἐξαίρονται,
727 518 866 573 καθά
893 536 1080 591 φησιν,
1111 522 1168 574 ἐν
1199 523 1331 593 μηνὶ
1366 524 1470 589 ἐνὶ,
1504 525 1636 597 φέρε
1676 525 1740 596 δὴ
1770 525 1944 595 λέγω·

376 626 494 680 μεν,
524 609 591 663 τά
619 613 680 662 ἐκ
723 610 829 663 τῶν
860 612 1020 682 ἱερῶν
1053 613 1404 685 Γραμμάτων
1436 617 1830 688 παρατιθέντες
1865 620 1945 683 εἰς

376 700 573 754 ⁴ιῑίστιν.
607 696 774 772 Οἶμαι
818 702 882 774 δὴ
910 701 1025 769 οῦν,
1061 704 1144 758 ὅτι
1181 709 1330 778 τρεῖς
1358 708 1616 779 ὀνομάζει
1653 710 1942 779 ποιμένας,

371 793 496 856 τούς
520 810 576 846 τε
605 794 744 848 κατὰ
766 796 928 866 νόμον
962 797 1361 868 ίερατεύοντας,
1394 803 1488 854 καὶ
1517 803 1642 866 τοὺς
1669 803 1944 873 τεταγμέ-

369 900 492 948 νους
539 886 730 955 κριτὰς
772 887 864 942 τοῦ
917 889 1079 943 λαοῦ’
1134 892 1228 944 καὶ
1281 893 1506 962 προσέτι
1554 894 1763 958 τούτοις
1817 896 1944 958 τοὺς

367 983 1018 1048 γραμματοεισαγωγεῖς,
1068 982 1186 1052 ἦτοι
1217 984 1344 1046 τοὺς
1385 983 1676 1054 νομικούς·
1723 985 1948 1039 κατὲϐοο

365 1083 494 1120 σκον
532 1067 640 1140 γὰρ
681 1065 824 1124 οὗτοι
865 1070 956 1124 τὸν
998 1073 1237 1144 Ἰσραήλ.
1274 1075 1386 1128 Καὶ
1420 1079 1468 1128 oi
1503 1076 1602 1145 μὲν
1645 1075 1945 1147 ἱερωσύνης

363 1157 577 1229 ἔχοντες
605 1159 784 1225 δόξαν,
820 1162 884 1215 ἐκ
913 1163 1080 1233 μόνης
1113 1159 1252 1233 ἦσαν
1291 1166 1389 1236 τῆς
1424 1166 1600 1236 φυλῆς
1640 1165 1808 1232 Λευῒ,
1850 1168 1945 1222 καὶ

364 1249 497 1322 περὶ
529 1251 709 1304 αὐτῶν
739 1251 840 1323 ἐφη
873 1254 1160 1325 Μαλαχίας
1183 1271 1196 1286 ·
1231 1275 1249 1308 ι
1285 1257 1454 1327 Χείλη
1491 1258 1678 1330 ἱερέως
1709 1259 1944 1328 φυλάξε-

361 1359 454 1396 ται
511 1343 715 1413 κρίσιν,
769 1346 862 1398 καὶ
911 1345 1072 1416 νόμον
1121 1345 1513 1419 ἐκζητήσουσιν
1569 1353 1635 1404 ὲκ
1680 1350 1944 1420 στόματος

364 1432 554 1486 αὐτοῦ.
580 1453 598 1484 ›
633 1435 695 1486 Οἱ
727 1434 782 1487 δέ
815 1435 878 1505 δὴ
907 1435 1160 1505 λαχόντες
1187 1437 1281 1490 τοῦ
1310 1437 1516 1509 κρίνειν
1546 1439 1643 1510 τὴν
1670 1440 1942 1506 ἐξουσίαν,

361 1525 656 1580 ἀπόλεκτοι
703 1525 802 1595 μὲν
840 1527 932 1580 καὶ
972 1528 1164 1591 αὐτοὶ,
1215 1528 1355 1599 πλὴν
1400 1531 1464 1583 ἐκ
1513 1531 1693 1599 πάσης
1735 1531 1942 1584 ἀνεδεί-

362 1632 556 1670 κνυντο
585 1617 774 1688 φυλῆς.
797 1617 952 1670 Κατὰ
983 1618 1073 1672 τὸν
1105 1619 1216 1671 ἴσον
1251 1619 1327 1684 δὲ,
1356 1615 1532 1690 οἶμαι,
1552 1621 1750 1693 τρόπον
1778 1623 1870 1675 καὶ
1893 1624 1943 1675 οἱ

362 1715 1003 1782 γραμματοεισαγωγεῖς,
1035 1713 1225 1784 ήγουν,
1253 1713 1505 1784 καθάπερ
1543 1714 1679 1785 ἔφην
1715 1715 1939 1784 ἀρτίως,

358 1804 408 1858 oi
448 1805 681 1875 νομικοὶ,
706 1807 818 1868 τοῖς
844 1805 923 1868 είς
946 1806 1006 1859 τὸ
1030 1806 1238 1877 κρίνειν
1267 1807 1621 1877 τεταγμένοις
1659 1807 1747 1860 ἀεὶ
1775 1824 1942 1878 προσ·-

359 1896 668 1969 εδρεύοντες
689 1937 703 1961 ,
741 1898 834 1950 καὶ¹
862 1896 931 1952 τὰ
964 1898 1059 1952 τοῦ
1088 1900 1253 1969 νόμου
1294 1899 1602 1970 γράμματα
1635 1898 1942 1970 παρακομί-

359 1990 542 2054 ζοντες
572 1990 652 2052 είς
677 1988 954 2054 ἀπόδειξιν
980 1993 1080 2061 τὴν
1109 1991 1196 2060 ἐφ’
1224 1991 1442 2062 ἑκάστῳ
1482 1991 1789 2063 πράγματι.
1813 1992 1937 2044 ’Ότι

362 2080 460 2150 μὲν
488 2075 602 2144 οὖν,
633 2080 706 2143 ὡς
730 2081 886 2152 ἔφην,
917 2082 1026 2134 τῶν
1059 2082 1220 2136 θείων
1251 2082 1565 2154 μυστηρίων
1583 2083 1631 2135 oi
1667 2084 1941 2154 ἱερουργοὶ

358 2170 424 2222 ἐκ
446 2168 613 2241 μόνης
633 2165 774 2239 ἦσαν
803 2171 903 2238 τῆς
927 2169 1023 2222 τοῦ
1053 2170 1182 2224 Λευῖ
1212 2171 1404 2241 φυλῆς,
1434 2171 1646 2236 οὐδενὸς
1674 2172 1738 2225 ἂν
1768 2171 1942 2225 δέοιτο

358 2263 498 2333 πρὸς
541 2261 814 2329 ἀπόδειξιν
848 2262 1027 2332 λόγου.
1059 2265 1179 2315 Ὅτι
1216 2262 1273 2316 δὲ
1297 2263 1362 2314 ἐκ
1391 2263 1572 2332 πάσης
1601 2262 1774 2333 φυλῆς
1804 2261 1936 2316 ἀπό-

359 2354 541 2408 λεκτοι
575 2355 624 2406 οί
669 2353 966 2424 κρίνοντες,
1017 2354 1092 2418 ὡς
1145 2354 1498 2425 νομομαθεῖς,
1550 2354 1936 2424 ἐλαμϐάνοντο,

358 2447 767 2518 πληροφορήσει
838 2446 1012 2516 λέγων
1065 2449 1093 2500 ὁ
1149 2449 1421 2519 μακάριος
1483 2449 1686 2518 Μωσῆς
1753 2450 1808 2501 ἐν
1862 2447 1941 2518 τῷ

356 2541 762 2612 Δευτερονομίῳ
825 2544 939 2604 τοῖς
1005 2544 1141 2604 υίοῖς
1197 2542 1443 2612 Ἰσραήλ·
1522 2559 1540 2592 ι
1575 2541 1784 2612 Κριτᾶς
1847 2541 1944 2593 καὶ

357 2634 990 2704 γραμματοεισαγωγεῖς
1041 2634 1409 2704 καταστήσεις
1439 2633 1619 2703 ἐαυτῷ
1649 2636 1706 2686 ἐν
1737 2634 1941 2696 πάσαις

355 2729 477 2790 ταῖς
513 2726 696 2780 πόλεσί
745 2744 860 2791 σου,
892 2723 980 2790 αἷς
1027 2726 1230 2796 Κύριος
1274 2730 1302 2780 ὀ
1336 2727 1468 2791 Θεὸς
1512 2745 1606 2779 σου
1636 2727 1818 2780 δίδωσί
1858 2743 1940 2779 σοι

357 2819 501 2872 κατὰ
533 2818 724 2886 φυλὰς,
760 2817 855 2872 καὶ
887 2817 1130 2887 κρινοῦσι
1165 2818 1254 2871 τὸν
1301 2817 1426 2870 λαὸν
1477 2817 1659 2888 κρίσιν
1698 2817 1938 2870 δικαίαν.

357 2912 470 2965 οὐκ
496 2910 804 2964 ἐκκλινοῦσι
837 2910 1038 2981 κρίσιν,
1071 2911 1174 2963 ούκ
1201 2909 1593 2978 ἐπιγνώσονται
1624 2911 1936 2980 πρόσωπον,

356 3004 478 3057 οὐδὲ
508 3005 791 3076 λήψονταιο
821 3004 888 3056 τὰ
921 3002 1028 3074 γὰρ
1061 3003 1210 3073 δῶρα
1241 3002 1598 3071 ἐκτυφλοῦσιν
1627 3002 1939 3074 ὀφθαλμοὺς

2049 530 2115 584 ad
2150 529 2309 584 fidem
2337 530 2723 586 conciliandam
2763 532 2897 587 locis
2919 547 2948 586 e
2979 547 3134 586 sacra
3171 531 3448 602 Scriptura
3501 547 3629 601 pro-

2047 621 2170 675 latis
2197 622 2546 678 disseramus.
2581 623 2847 677 Existimo
2882 623 3045 693 igitur
3074 632 3183 676 tres
3230 633 3477 691 pastores
3533 637 3630 676 no-

2047 714 2240 768 minari
2271 731 2285 769 :
2312 726 2366 771 et
2393 715 2693 770 sacerdotio
2729 717 3006 787 fungentes
3033 715 3324 770 secundum
3359 715 3545 784 legem,
3575 723 3630 769 et

2041 803 2252 872 judices
2281 806 2458 876 populi
2487 809 2834 870 constitutos,
2867 816 2920 861 et
2970 817 3166 876 praeter
3205 805 3301 857 hos
3348 819 3628 858 sacrarum

2047 895 2372 951 Litterarum
2407 898 2746 966 interpretes,
2775 909 2865 951 aut
2891 898 3066 967 legum
3098 897 3300 965 peritos
3333 911 3346 959 ;
3375 895 3424 948 hi
3458 895 3629 961 siqui-

2047 987 2169 1044 dem
2202 988 2451 1046 lsraelem
2498 991 2807 1060 pascebant.
2843 989 2910 1043 Et
2939 989 3155 1060 quidem
3200 987 3289 1055 qui
3343 987 3628 1040 sacerdotii

2047 1081 2280 1137 honores
2309 1084 2587 1151 gerebant,
2618 1097 2680 1136 ex
2713 1081 2824 1136 sola
2859 1083 2999 1135 tribu
3045 1079 3172 1134 Levi
3227 1093 3396 1150 genus
3459 1077 3629 1130 duce-

2046 1170 2199 1233 bant,
2226 1185 2287 1224 ac
2318 1171 2384 1225 de
2415 1172 2479 1232 iis
2520 1172 2718 1224 dictum
2746 1181 2826 1224 est
2869 1187 2896 1224 a
2925 1169 3180 1223 Malachia
3207 1159 3224 1221 ἓ
3250 1187 3267 1219 ι
3311 1166 3478 1221 Labia
3540 1181 3629 1221 sa.

2047 1264 2284 1318 cerdotis
2314 1264 2620 1317 custodieut
2650 1263 2953 1327 scientiam,
2973 1272 3026 1315 et
3060 1264 3228 1330 legem
3260 1260 3537 1329 requirent
3560 1272 3628 1311 ex

2043 1369 2135 1406 ore
2168 1353 2286 1420 ejus
2319 1354 2384 1405 ³³⁸.
2419 1374 2436 1405 ι
2461 1354 2561 1420 Qui
2591 1365 2771 1408 autem
2803 1353 3077 1424 jttdicaudi
3121 1363 3440 1423 potestatem
3487 1351 3630 1405 obti-

2044 1445 2624 1514 nehaut,ipsiquoque
2657 1445 3085 1509 delecti,verunt
3154 1460 3223 1497 ex
3283 1443 3430 1498 omni
3484 1443 3626 1497 tribu

2043 1537 2483 1592 creabantur.Ad
2521 1541 2768 1591 eumdem
2793 1537 3004 1590 modum
3073 1550 3347 1590 sacrarum
3400 1534 3628 1586 Littera-

2045 1650 2162 1687 rum
2199 1634 2538 1703 interpretes.
2582 1635 2715 1698 sive,
2746 1643 2804 1685 ιιι
2834 1633 2998 1684 modo
3033 1630 3167 1691 dixi,
3199 1628 3359 1698 763
3403 1626 3628 1694 lcgiSpe-

2048 1726 2159 1793 riti,
2194 1727 2284 1795 qui
2313 1725 2585 1790 judicibus
2612 1740 2826 1793 semper
2855 1723 3183 1782 assidentes,
3223 1721 3272 1773 in
3304 1732 3629 1786 unaquaque

2043 1831 2209 1870 causa
2239 1817 2399 1870 verba
2452 1817 2585 1885 legis
2628 1817 2692 1867 ad
2755 1813 3220 1867 confirmationem
3265 1808 3626 1863 adducebant.

2044 1908 2319 1962 liuistros
2358 1907 2520 1976 igitur
2553 1921 2744 1962 sacros
2774 1905 3084 1957 divinorum
3137 1901 3522 1970 mysteriorum
3564 1912 3630 1949 et

2045 2002 2158 2056 sola
2187 2001 2325 2055 tribu
2357 1999 2482 2054 Levi
2516 1999 2802 2067 prodiisse,
2851 1995 3226 2049 demonstrare
3256 1990 3385 2044 nihil
3419 1990 3628 2042 attinet.

2047 2095 2118 2148 Ex
2151 2094 2400 2147 omuilms
2423 2101 2600 2146 autem
2633 2090 2878 2143 tribubus
2901 2087 3130 2142 selectos
3179 2083 3346 2137 fuisse
3403 2081 3628 2144 iudices,

2045 2196 2102 2238 ut
2135 2185 2296 2239 etiam
2331 2184 2462 2251 legis
2487 2196 2705 2251 gnaros,
2727 2178 2941 2234 docebit
2969 2177 3125 2246 plane
3151 2173 3325 2230 Moses
3355 2174 3407 2227 in
3436 2172 3632 2226 Dente-

2049 2277 2318 2339 ronomio,
2348 2276 2415 2329 ita
2445 2277 2628 2328 dicens
2669 2272 2792 2326 filiis
2823 2269 2988 2324 lsrael
3017 2287 3028 2322 :
3063 2287 3081 2320 ι
3107 2266 3326 2322 Iudices
3355 2277 3406 2320 et
3462 2265 3632 2335 magi-

2041 2377 2184 2420 stros
2215 2367 2513 2421 constitues
2545 2363 2638 2417 tibi
2675 2363 2724 2416 itt
2761 2361 3013 2414 omnibus
3048 2358 3277 2412 urbibus
3320 2355 3447 2419 tuis,
3495 2367 3632 2422 quas

2045 2459 2303 2515 Dominus
2340 2457 2475 2510 Deus
2509 2466 2629 2508 tuus
2662 2454 2752 2507 dat
2804 2452 2895 2507 tibi
2938 2466 3034 2521 per
3090 2449 3282 2513 tribus,
3317 2457 3370 2501 et
3420 2445 3632 2516 judica-

2048 2553 2182 2606 htmt
2211 2550 2464 2620 populum
2489 2548 2750 2618 judicium
2773 2547 2998 2616 justum.
3031 2542 3144 2596 Non
3173 2539 3521 2596 declinabunt
3542 2538 3631 2607 jttv

2047 2642 2242 2695 dicium
2272 2638 2500 2707 justum,
2534 2652 2638 2690 non
2695 2636 3023 2705 cognoscent
3079 2644 3391 2702 personam,
3458 2639 3633 2692 neque

2045 2732 2310 2798 accipient
2335 2743 2603 2784 munera:
2646 2743 2768 2781 nam
2837 2738 3058 2778 munera
3129 2727 3403 2775 excmcant
3447 2715 3634 2770 oculos

2047 2825 2396 2893 sapientum,
2438 2831 2493 2875 et
2563 2820 2756 2876 tollunt
2818 2819 2982 2871 verba
3034 2810 3394 2883 justornzn".
3440 2827 3459 2860 ι
3495 2807 3629 2860 Tres

2045 2916 2212 2986 igitur
2246 2925 2491 2986 pastores
2530 2923 2656 2969 sunt
2678 2911 3009 2973 sacerdotes,
3043 2918 3099 2962 et
3127 2903 3354 2975 judices,
3387 2909 3438 2956 et
3460 2899 3633 2968 legum

2048 3008 2217 3063 docﬁ.

359 3092 560 3161 σοφῶν,
597 3093 690 3146 καὶ
718 3091 923 3164 ἐξαίρει
948 3091 1144 3160 λόγους
1168 3090 1414 3145 δικαίων.
1456 3111 1474 3142 ι
1507 3092 1670 3164 Τρεῖς
1733 3090 1826 3146 οῦν
1891 3093 2000 3166 ἄρα
2065 3097 2344 3167 ποιμένες,
2389 3098 2554 3168 ἱερεῖς
2600 3113 2661 3148 τε
2701 3095 2796 3148 καὶ
2842 3091 3030 3164 κριταὶ
3101 3089 3198 3143 καὶ
3243 3086 3352 3140 τῶν
3393 3081 3633 3154 νομικῶν

358 3189 703 3260 γραμμάτων
730 3187 1114 3258 ἐπιστήμονες,
1149 3186 1430 3240 τουτέστιν
1455 3187 1503 3239 οἱ
1531 3189 1767 3258 νομικοί.

431 3284 750 3352 Εὑρήσομεν
778 3281 836 3334 δὲ
864 3279 958 3333 καὶ
989 3279 1152 3331 αὐτὸν
1181 3278 1273 3332 τὸν
1304 3277 1509 3348 Κύριον
1537 3279 1698 3349 ἡμῶν
1735 3279 1942 3350 Ἰησοῦν

2117 3277 2300 3332 Palam
2361 3285 2624 3346 porroest
2689 3284 2743 3329 et
2804 3271 3091 3327 Dominum
3159 3281 3404 3324 nostrum
3447 3267 3633 3322 Jcsum

359 3375 450 3429 τὸν
479 3374 714 3447 Χριστὸν
763 3371 1118 3437 ταλανίζοντα
1155 3371 1502 3442 διῃρημένως
1528 3371 1858 3440 Φαρισαίους
1889 3388 1950 3424 τε

361 3467 456 3521 καὶ
487 3466 842 3538 Γραμματεῖς
871 3464 965 3518 καὶ
995 3463 1531 3534 νομικούς.Ἐφασκε
1567 3463 1705 3534 γάρ·
1762 3481 1780 3514 ι
1815 3461 1953 3520 Οὐαὶ

359 3561 512 3631 ὑμῖν,
541 3559 896 3630 Γραμματεῖς
923 3556 1017 3609 καὶ
1048 3556 1351 3626 Φαρισαῖοι.
1386 3576 1403 3606 ι
1440 3556 1625 3608 Ταῦτα
1653 3555 1707 3608 δὲ
1734 3555 1951 3622 λέγοντι

360 3653 722 3723 προσηπήντα
753 3665 837 3711 τις
867 3645 1015 3717 αὐτῷ
1040 3646 1150 3700 τῶν
1193 3645 1454 3716 νομικῶν,
1482 3646 1655 3714 λέγων
1674 3663 1688 3676 ο
1741 3664 1759 3696 ι
1793 3644 1952 3698 Διδά-

361 3742 552 3807 σκαλε,
583 3740 757 3795 ταῦτα
780 3739 956 3808 λέγων
988 3739 1084 3793 καὶ
1108 3738 1255 3808 ἡμᾶς
1293 3736 1558 3807 ὑϐρίζεις.
1620 3737 1678 3788 '0
1718 3735 1775 3788 δὲ
1805 3728 1947 3798 εἷπε,

358 3835 530 3908 φησί’
580 3835 688 3888 Καὶ
743 3835 874 3903 ὑμῖν
927 3833 1038 3896 τοῖς
1083 3832 1329 3900 νομικοῖς
1356 3829 1516 3894 Οὐαὶ,
1553 3829 1635 3881 ὅτι
1664 3826 1950 3899 φορτίζετε

352 3930 472 3994 τοῖς
518 3926 827 3998 ἀνθρώποις
878 3924 1074 3996 φορτία
1115 3923 1521 3987 δυσϐάστακτα,
1553 3922 1646 3975 καὶ
1681 3923 1835 3976 αὐτοὶ
1869 3923 1952 3975 ἐνὶ

353 4021 468 4076 τῶν
509 4019 790 4074 δακτύλων
841 4017 997 4088 ὑμῶν
1040 4016 1102 4068 ού
1147 4015 1492 4088 προσψαύετε
1517 4015 1723 4079 αὐτοῖς.
1763 4035 1780 4067 ι
1817 4009 1950 4067 Οἶδα

360 4112 462 4184 μὲν
493 4107 583 4166 οῦν
609 4113 691 4164 ὅτι
721 4109 817 4162 καὶ
842 4109 893 4162 oi
925 4106 1304 4179 βασιλεύοντες
1331 4107 1474 4161 κατὰ
1500 4107 1723 4178 καιροὺς
1749 4109 1806 4160 ἐν
1835 4109 1948 4170 τοῖς

367 4203 762 4278 Ἰεροσολύμοις
793 4204 859 4256 ἐκ
883 4201 980 4272 τῆς
1016 4200 1184 4254 Ἰούδα
1209 4201 1384 4272 φυλῆς
1408 4201 1561 4266 τάξιν
1591 4200 1807 4269 ἀπεπλή
1819 4215 1948 4270 ρουν

356 4298 636 4368 ποιμένων
665 4298 777 4357 τοῖς
819 4293 921 4347 ὑπὸ
955 4295 1112 4364 χεῖρα
1140 4293 1307 4356 λαοῖς.
1326 4293 1542 4364 Ἐπειδὴ
1568 4293 1625 4346 δὲ
1655 4291 1946 4362 γεννηθέν⁴

357 4407 453 4453 τος
491 4386 726 4459 Χριστοῦ
749 4387 812 4439 τὸ
831 4386 941 4439 τῶν
963 4385 1226 4455 βασιλέων
1247 4386 1551 4438 ἐκλελοίπει
1571 4387 1747 4453 γένος,
1778 4385 1947 4453 ήγουν

363 4479 662 4548 ἐκϐέϐλητο
706 4478 802 4546 τῆς
848 4478 1139 4546 ἡγεμονίας
1188 4474 1386 4548 (ἦρχον
1418 4478 1528 4548 γὰρ
1554 4477 1652 4545 τῆς
1688 4475 1943 4540 ἰουδαίας

359 4570 620 4642 τηνικάδε
657 4567 902 4639 Ἡρώδης
923 4584 983 4621 τε
999 4569 1356 4640 Ἀντιπάτρου
1383 4567 1940 4638 παῖςἈσκαλωνίτης,

2057 3371 2331 3426 Christum
2362 3369 2670 3438 deplurasse
2713 3367 2968 3420 distincte
2999 3362 3302 3422 Pharisaeos
3323 3372 3377 3415 et
3413 3360 3633 3414 Set-ibas

2054 3470 2108 3516 et
2131 3457 2489 3527 lcgisperitos.
2524 3457 2614 3510 Sic
2645 3470 2872 3523 namque
2896 3455 2966 3508 ait
2998 3471 3011 3507 :
3055 3471 3071 3504 t
3094 3451 3186 3507 Va:
3217 3451 3387 3518 vobis,
3429 3449 3634 3504 Scribe

2054 3564 2108 3611 et
2154 3551 2411 3606 I‘hariszni
2441 3551 2507 3604 ⁹¹.
2546 3569 2564 3600 ι
2611 3550 2733 3603 llaec
2763 3549 3028 3602 dicentem
3065 3545 3282 3616 quidam
3334 3543 3415 3598 his
3453 3542 3634 3597 verbis

2055 3645 2417 3714 interpellavit
2450 3662 2464 3699 :
2492 3662 2512 3695 ι
2553 3642 2833 3711 Magister,
2871 3641 2985 3692 lucc
3019 3637 3208 3692 dicens
3262 3637 3424 3690 etiam
3478 3634 3632 3687 nobis

2056 3733 2304 3802 injuriatn
2338 3733 2486 3787 facis.
2521 3734 2589 3785 At
2636 3731 2722 3784 ille
2768 3731 2878 3790 ait,
2905 3727 3082 3796 inquit
3123 3745 3137 3779 :
3173 3723 3238 3778 Et
3277 3725 3428 3779 vobis
3477 3723 3634 3791 legis-

2053 3826 2241 3894 peritis
2265 3841 2362 3890 vae,
2390 3825 2515 3893 quia
2543 3823 2781 3878 oneratis
2816 3821 3059 3874 homines
3079 3817 3336 3872 oneribus
3367 3831 3485 3886 quze
3513 3831 3634 3882 por—

2055 3924 2171 3972 tare
2200 3931 2303 3970 non
2349 3922 2593 3983 possunt,
2621 3922 2676 3965 ct
2703 3911 2801 3979 ipsi
2830 3925 2935 3963 uno
2959 3909 3126 3979 digito
3156 3920 3336 3960 vesuo
3368 3920 3475 3958 non
3511 3914 3630 3958 tan-

2051 4009 2178 4078 gitis
2203 4025 2267 4064 ea
2301 4010 2402 4063 ⁹¹.»
2440 4006 2556 4062 Non
2614 4023 2699 4059 me
2749 4003 2886 4070 fugit
2921 4002 3079 4056 etiam
3142 3998 3432 4069 aliquando
3482 4011 3634 4068 reges

2051 4097 2532 4170 llierosolymisde
2562 4097 2701 4150 tribu
2745 4093 2881 4148 .luda
2907 4092 3150 4156 subjecto
3195 4089 3388 4158 populo
3445 4096 3632 4156 pasto-

2051 4209 2170 4248 rum
2201 4206 2392 4245 ntttnus
2427 4187 2739 4260 prmstitisse
2761 4186 2827 4237 ”.
2860 4185 2929 4238 At
2962 4192 3245 4251 postquam
3305 4180 3518 4234 Christo
3545 4194 3636 4231 na-

2051 4296 2303 4355 to,geuus
2331 4295 2518 4350 regum
2551 4275 2769 4340 defecit,
2799 4291 2892 4329 seu
2919 4274 3226 4342 principatu
3283 4271 3514 4339 ejectum
3550 4279 3633 4324 est

2051 4379 2069 4450 (
2097 4377 2396 4448 regnabant
2424 4373 2565 4428 enim
2592 4383 2718 4425 tunc
2753 4369 2804 4422 itt
2826 4365 3008 4421 Jutlaea
3071 4365 3308 4420 Herodes
3364 4363 3630 4429 Antipatri

2050 4473 2187 4526 (ilius
2211 4468 2541 4530 Ascalonita,
2563 4473 2614 4518 et
2641 4461 2865 4516 Pontius
2908 4457 3158 4529 Pilatus),
3191 4457 3253 4511 tle
3308 4457 3446 4509 tribu
3493 4453 3633 4509 .Iuda

2048 4577 2203 4630 reges
2240 4559 2415 4614 nullos
2443 4556 2804 4610 nominamus.
2834 4551 3107 4606 Defecisse
3139 4549 3283 4601 enim
3311 4548 3429 4602 illos
3467 4547 3630 4601 Chri-

361 4667 458 4719 καὶ
489 4663 711 4725 Πόντιος
744 4660 1029 4729 Πιλάτος),
1063 4662 1436 4731 σεσιγήκαμεν
1489 4659 1799 4727 ἀναγκαίως
1824 4662 1949 4725 τοὺς

2053 4666 2138 4709 sto
2165 4653 2218 4707 in
2243 4654 2415 4706 lucem
2476 4651 2638 4713 edito,
2668 4656 2876 4700 certum
2937 4653 3022 4698 est
3053 4657 3084 4696 c
3125 4641 3425 4710 Scriptura.
3464 4657 3482 4688 ι
3515 4638 3628 4691 Non

359 4759 427 4810 ἐκ
472 4755 573 4823 τῆς
613 4753 779 4807 Ἰούδα
811 4752 1134 4824 φυλῆς.”οτι
1171 4753 1278 4824 γὰρ
1317 4752 1722 4806 ἐκλελοίπεισαν
1760 4770 1948 4824 γεννη-

362 4849 547 4911 θέντος
564 4845 824 4916 Χριστοῦ,
850 4844 1334 4918 πληροφορήσειτὸ
1363 4847 1767 4916 γεγραμμένονο
1786 4865 1805 4898 ι
1833 4847 1946 4900 Ούκ

359 4939 605 5006 ἐκλείψει
638 4937 822 5010 ἅρχων
852 4937 908 5003 ἐξ
943 4937 1133 5001 Ἰούδα,
1165 4938 1260 4990 καὶ
1287 4938 1588 5008 ἡγούμενος
1617 4939 1682 4991 ὲκ
1707 4939 1814 4992 τῶν
1841 4956 1945 5009 μη-

360 5032 475 5104 ρῶν
512 5030 696 5092 αὑτοῦ,
727 5032 833 5088 ἐως
874 5028 940 5084 ἂν
987 5029 1117 5102 ἔλθῃ
1160 5031 1228 5083 τὰ
1272 5030 1607 5099 ἀποκείμενα
1637 5030 1806 5100 αὐτῷ,
1848 5030 1941 5083 καὶ

341 5120 524 5184 ἀὐτὸς
548 5118 844 5191 προσδοκία
874 5117 1063 5174 ἐθνῶν.
1099 5136 1117 5168 ι
1150 5117 1358 5172 Οὐκοῦν
1384 5117 1683 5187 ἐπειδήπερ
1718 5119 1938 5184 dupe/.10,

361 5214 455 5267 καὶ
493 5214 790 5283 γεγέννητο
817 5210 1006 5264 λοιπὸν
1036 5211 1069 5280 ὴ
1105 5209 1212 5262 τῶν
1239 5209 1407 5263 ἐθνῶν
1437 5209 1754 5280 προσδοκία,
1786 5225 1941 5260 τουτ-

361 5304 476 5358 lact
528 5302 792 5374 Χριστὸς,
849 5320 868 5353 ι
897 5301 1207 5354 ἐκλέλοιπεν
1281 5300 1593 5367 ἀναγκαίως
1650 5298 1833 5368 ἄρχων
1883 5297 1942 5363 ἐξ

377 5395 566 5461 Ἰούδα,
601 5396 696 5449 καὶ
724 5393 1030 5465 ἡγούμενος
1059 5393 1124 5445 ἐκ
1155 5393 1262 5446 τῶν
1293 5393 1484 5462 μηρῶν
1513 5390 1697 5444 αὑτοῦ.
1731 5409 1748 5440 ›
1779 5391 1941 5459 Τρεῖς

363 5489 418 5541 δὲ
447 5484 561 5552 οὖν,
590 5487 664 5550 ὡς
695 5487 850 5556 ἔφην,
887 5482 1164 5553 ποιμένες,
1198 5485 1362 5554 ἱερεῖς
1399 5501 1458 5536 τε
1485 5482 1580 5536 καὶ
1612 5481 1815 5553 κριταὶ,
1845 5480 1941 5533 καὶ

402 5662 446 5690 ’τ’
482 5661 703 5715 .‘lalat‘tt.
750 5682 808 5726 tt,
834 5665 884 5715 7.

369 5748 512 5798 xuii,
560 5737 636 5785 ιε).

965 5667 1008 5695 Μ
1051 5667 1200 5719 Deut.
1241 5679 1349 5726 xvi,
1392 5661 1474 5725 l8,
1509 5661 1587 5712 ιε).

1669 5659 1707 5688 ⁹¹
1740 5657 1871 5712 Luc.
1911 5673 1985 5720 XI,
2024 5657 2100 5708 ΓΞ.

2054 4745 2263 4806 deficiet
2297 4745 2544 4813 princeps
2567 4756 2628 4794 ex
2654 4739 2817 4804 Jutla,
2847 4748 2902 4793 et
2932 4736 3040 4790 dux
3080 4735 3144 4789 de
3172 4734 3468 4786 femoribus
3491 4730 3628 4797 ejus,

2053 4841 2221 4894 donec
2256 4836 2472 4891 veniant
2509 4834 2741 4901 reposita
2769 4833 2844 4894 ei,
2870 4839 2925 4884 et
2959 4830 3074 4897 ipse
3106 4825 3443 4892 exs;ieetatio
3500 4838 3632 4889 gen-

2053 4931 2184 4984 tiutn
2223 4927 2324 4981 9".»
2363 4926 2624 4992 Quocirca
2657 4934 2941 4994 postquam
3001 4921 3241 4979 advenit,
3274 4927 3325 4970 et
3358 4924 3482 4968 nata
3548 4923 3632 4967 est

2048 5022 2113 5075 de
2145 5029 2341 5076 caetero
2362 5018 2694 5086 expectatio
2728 5014 2989 5083 gentium,
3027 5011 3076 5064 id
3108 5019 3190 5062 est
3221 5007 3491 5066 Christus,
3531 5005 3656 5056 που

2047 5110 2284 5164 cessario
2314 5127 2335 5160 ι
2377 5109 2629 5177 princeps
2663 5121 2728 5159 ex
2763 5102 2922 5166 Iuda,
2951 5112 3004 5155 et
3040 5101 3148 5152 dux
3209 5112 3272 5150 ex
3335 5094 3628 5147 femoribus

2050 5200 2166 5269 ejus
2205 5201 2421 5255 defecit.
2450 5218 2467 5249 ι
2504 5199 2637 5254 Tres
2669 5197 2851 5267 itaque
2880 5188 3362 5262 pastores,utdixi,
3389 5195 3513 5240 sunt
3541 5199 3628 5238 sa—

2051 5289 2561 5358 certlotes,jmiiccs,
2594 5289 2721 5358 legis
2750 5289 3016 5344 doctores,
3044 5282 3131 5346 qui
3169 5291 3222 5332 et
3268 5277 3627 5346 principatum

2052 5398 2229 5443 suum,
2263 5382 2376 5434 sive
2424 5382 2666 5432 ordinem
2719 5386 2773 5430 et
2827 5376 2999 5428 locum
3038 5388 3209 5438 usque
3271 5370 3335 5422 ad
3380 5379 3621 5430 tempore

2051 5473 2310 5528 adventus
2341 5471 2540 5524 Christi
2574 5475 2880 5523 tenuerunt.
2927 5464 2984 5517 lli
3040 5478 3252 5516 summo
3291 5461 3413 5530 jure
3472 5458 3624 5508 aule-

3391 5638 3434 5666 5“
3487 5631 3624 5682 (ἔβη.

2182 5655 2222 5683 7”
2253 5649 2382 5705 ihi‘l.
2431 5646 2507 5710 ili,
2544 5646 2630 5699 iii.
2708 5646 2750 5674 "3
2779 5646 2839 5698 lli
2875 5643 3000 5710 l’u'g.
3037 5655 3187 5696 wit.
3221 5641 3307 5693 3‘}.
