4026 6276
434 367 532 424 191

1432 357 1488 416 S.
1531 358 1800 416 CYlllLLl
1843 352 2318 411 ALEXANDRINI
2360 349 2679 406 ARCHIEP.

3598 346 3702 400 13-2

435 489 647 544 runtur,
676 479 725 532 in
761 492 943 532 mense
967 494 1093 530 uno.
1117 476 1382 543 Quoniam
1411 477 1552 531 enim
1581 485 1853 530 auctorem
1889 474 2003 526 vitis

2109 467 2574 537 νομοδιδάσκαλοι,
2627 467 2676 520 οἳ
2725 468 2818 519 καί
2857 465 3237 534 μεμενήκασιν
3290 460 3347 513 ἒν
3387 461 3507 524 ταῖς
3543 459 3700 526 ἰδίαις

435 567 824 623 interfecerunt
855 567 923 632 ³⁸,
964 566 1170 622 idcirco
1201 566 1348 621 velut
1370 568 1738 630 demetuntur,
1777 564 1939 637 764
1961 573 2015 618 et

433 661 582 729 quasi
622 661 675 713 in
708 673 893 713 mense
923 673 1049 722 uno,
1092 674 1198 727 quo
1228 673 1410 712 necem
1457 674 1554 726 pro
1591 660 1743 712 nohis
1808 659 2016 712 Emma-

433 752 556 806 nuel
579 750 851 806 sustinuit.
891 748 1146 815 Quamvis
1185 750 1327 804 enim
1360 748 1608 805 Israelem
1637 749 2016 802 administrare

433 851 851 913 perseverarunt
886 843 1048 894 etiam
1074 850 1193 910 post
1229 841 1566 895 Salvatorem
1599 841 1650 894 in
1679 855 1839 894 cruce
1869 839 2015 893 suill-

435 946 585 995 xum,
625 943 806 983 rerum
831 930 1071 983 omnium
1106 931 1351 1000 principe
1395 931 1502 984 Deo
1558 930 1678 983 illos
1727 929 2010 996 tolerante,

433 1029 489 1074 et
519 1020 829 1083 miserante,
886 1027 939 1072 et
976 1018 1040 1071 ad
1083 1019 1456 1086 paenitentiam
1498 1019 1795 1072 invitante:
1833 1026 2010 1071 tamen

432 1113 574 1181 quod
603 1096 668 1164 ad
698 1110 1020 1164 sententiam
1052 1109 1140 1163 Dei
1175 1126 1337 1178 super
1367 1111 1467 1164 hoc
1499 1111 1760 1180 prolatam
1794 1110 2008 1177 attinet,

433 1202 619 1255 eodem
650 1211 890 1269 tempore
920 1216 1027 1270 quo
1057 1204 1432 1254 uttiversorum
1460 1201 1795 1255 Salvatorem
1826 1217 1888 1256 ac
1923 1201 2011 1256 Li-

433 1290 738 1344 heratorem
778 1290 830 1343 in
862 1306 1074 1345 crucem
1109 1301 1352 1360 egerunt,
1378 1290 1584 1345 ablatos
1619 1306 1741 1346 esse
1793 1305 2009 1346 asseve-

433 1394 634 1434 ramus.
662 1381 836 1435 Ahlati
875 1392 1000 1436 sunt
1038 1381 1198 1450 igitur
1236 1381 1288 1434 iu
1334 1396 1520 1435 mense
1561 1397 1689 1435 uno.
1717 1384 1792 1436 Ac
1817 1381 1884 1436 de
1918 1397 2010 1447 pa-

432 1471 670 1526 storibus
705 1473 917 1540 quidem
950 1472 1233 1526 hactenus.
1289 1470 1561 1526 Iudicium
1619 1482 1794 1527 autem
1849 1489 2011 1542 super

432 1564 547 1632 ipso
577 1580 738 1634 grege
755 1573 835 1619 est
867 1582 880 1619 :
911 1583 928 1615 ι
960 1563 1071 1617 Non
1093 1579 1311 1632 pascam
1348 1579 1470 1619 vos:
1505 1583 1522 1615 ι
1547 1576 1619 1630 ον,
1645 1565 1914 1622 Devorare
1943 1582 2007 1622 ac

433 1650 682 1705 mordere
710 1652 936 1705 invicem
972 1650 1014 1705 si
1046 1651 1233 1706 velint.
1254 1649 1466 1706 Etenim
1484 1652 1613 1705 nihil
1638 1653 1850 1721 penitus
1885 1669 2007 1723 par-

429 1745 619 1808 cendo,
653 1751 706 1796 et
737 1743 865 1810 ipsa:
886 1757 1014 1796 oves
1043 1742 1180 1796 inter
1207 1758 1263 1797 se
1292 1743 1642 1807 devorarunt,
1690 1753 1743 1797 et
1775 1745 2006 1812 diripere

2118 560 2334 628 ἀρχαῖς,
2366 558 2534 628 ἤγουν
2567 558 2718 622 τάξει
2748 573 2807 610 τε
2837 555 2930 608 καὶ
2963 555 3138 624 τόπῳ,
3171 554 3264 606 καὶ
3299 553 3461 623 μέχρι
3495 554 3702 624 καιρῶν

2113 649 2222 702 τῶν
2265 649 2363 718 τῆς
2412 647 2726 718 ἐπιδημίας.
2763 641 2922 700 Οὗτοι
2955 645 3279 714 ὲξαίρονται,
3312 645 3407 696 καὶ
3455 645 3597 714 μάλα
3623 647 3702 699 δι-

2115 739 2305 803 καίως,
2339 740 2396 792 ἐν
2439 741 2567 810 μηνὶ
2602 739 2678 809 τῷ
2709 736 3046 807 ένῐ.Ἐπειδὴ
3093 735 3204 807 γὰρ
3251 735 3581 790 ἀπεκτόνασι
3613 739 3703 791 τὸν

2112 829 2358 900 ἀρχηγὸν
2399 830 2498 899 τῆς
2533 831 2700 900 ζωῆς,
2731 827 2991 900 ταύτῃτοι
3038 826 3131 878 καὶ
3175 826 3580 896 ἀποκείρονται,
3611 831 3704 881 καὶ

2113 921 2188 984 ὡς
2237 921 2294 975 ἐν
2343 921 2473 991 μηνὶ
2503 919 2585 989 τῷ
2611 919 2715 983 ἓνὶ,
2752 917 2874 972 καθ’
2906 918 2965 971 ὃν
3002 917 3102 988 τὴν
3137 918 3276 987 ὑπὲρ
3310 917 3468 989 ἡμῶν
3493 919 3699 988 ὕπομεο

2116 1013 2319 1084 μένηκε
2369 1012 2583 1083 σφαγὴν
2615 1015 2643 1066 ὁ
2680 1013 3053 1082 Ἐμμανουήλ.
3084 1012 3145 1064 Εἰ
3188 1011 3298 1081 γὰρ
3337 1011 3434 1063 καὶ
3464 1013 3704 1082 μεμενή-

2113 1122 2240 1159 κασι
2282 1105 2609 1169 διοικοῦντες
2655 1105 2734 1159 ἔτι
2781 1104 2872 1158 τὸν
2917 1103 3134 1176 Ἰσραὴλ
3181 1104 3279 1158 καῖ
3329 1103 3468 1175 μετὰ
3497 1103 3584 1156 τὸν
3612 1105 3703 1156 τοῦ

2112 1197 2364 1270 Σωτῆρος
2397 1198 2648 1268 σταυρὸν,
2684 1197 3138 1263 άνεξικακοῦντος
3197 1196 3290 1249 καὶ
3336 1197 3705 1266 ὲποικτείρον-

2109 1307 2199 1354 τος
2220 1291 2418 1354 αὐτοὺς
2435 1290 2530 1343 τοῦ
2562 1289 2778 1343 πάντων
2807 1289 3137 1360 κρατοῦντος
3167 1289 3326 1351 Θεοῦ,
3361 1288 3460 1342 καϊ
3484 1289 3705 1341 καλοῦν-

2108 1395 2199 1443 τος
2221 1379 2300 1442 εἰς
2322 1379 2666 1448 μετάγνωσιν
2687 1395 2701 1408 ο
2731 1379 2846 1432 ἀλλ’
2878 1380 3002 1433 ὅσον
3031 1379 3154 1447 ἣκει
3184 1381 3356 1432 εἰπεῖν
3383 1379 3464 1440 εἰς
3491 1379 3588 1447 τὴν
3615 1379 3702 1430 ἐπὶ

2108 1470 2281 1540 τούτῳ
2332 1471 2510 1541 ψῆφον
2561 1471 2938 1542 γεγενημένην
2987 1470 3138 1541 παρὰ
3187 1469 3343 1535 Θεοῦ,
3400 1468 3702 1541 ἐξηρῆσθαξ

2109 1580 2289 1632 φαμεν
2337 1563 2536 1626 αὐτοὺς
2569 1565 2689 1615 κατ’
2727 1565 2935 1616 ἐκεῖνον
2985 1563 3076 1616 τὸν
3130 1565 3338 1633 καιρὸν,
3373 1562 3500 1616 καθ’
3521 1563 3600 1624 ὃν,
3629 1563 3701 1625 ὡς

2108 1652 2260 1722 ἔφην,
2292 1652 2512 1722 σταυρῷ
2542 1652 2962 1724 παραδεδώκασι
3011 1653 3100 1704 τὸν
3153 1653 3260 1706 τῶν
3301 1653 3437 1706 ὅλων
3474 1653 3701 1722 Σωτῆρα

2108 1744 2200 1796 καὶ
2238 1745 2558 1814 Λυτρωτήν.
2578 1743 2906 1815 Ἐξῄρηνται
2935 1742 3227 1815 τοιγαροῦν
3252 1744 3311 1795 ὲν
3343 1744 3474 1813 μηνὶ
3498 1743 3574 1814 τῷ
3598 1745 3695 1797 ἐνί.

428 1831 729 1888 volentibus
758 1831 810 1885 in
840 1837 1072 1900 pruriam
1095 1833 1490 1900 paratissimam
1525 1833 1663 1886 datm
1694 1847 1838 1888 sunt.
1861 1834 2003 1888 Dixit

2110 1836 2218 1889 Καὶ
2255 1835 2326 1888 τὰ
2363 1837 2461 1906 μὲν
2489 1837 2594 1890 τῶν
2623 1837 2898 1908 ποιμένων
2933 1836 2990 1889 ὲν
3018 1836 3247 1898 τούτοις.
3286 1836 3359 1889 Τὸ
3405 1836 3461 1889 δέ
3505 1852 3567 1904 γε
3599 1837 3710 1889 ἐπ”

431 1939 609 1992 porro,
635 1935 832 1979 etsane
861 1925 1060 1993 Optime
1085 1925 1150 1978 de
1179 1923 1350 1978 tribus
1378 1923 1707 1992 pastoribus.
1735 1933 1788 1978 et
1815 1925 2005 1980 iisdem

424 2014 650 2068 sublatis
680 2015 730 2066 in
759 2028 941 2068 mense
965 2028 1070 2067 uno
1103 2030 1115 2064 :
1157 2033 1176 2065 ι
1205 2013 1532 2070 Gravahitur
1555 2015 1732 2068 anima
1765 2031 1882 2070 mea
1914 2032 2007 2071 διι-

424 2121 523 2174 per
550 2106 714 2174 ipsos,
752 2123 770 2155 ι
801 2105 902 2160 hoc
938 2115 1039 2170 est,
1069 2121 1231 2174 grave
1257 2106 1338 2160 eis
1361 2107 1680 2176 supplicium
1708 2108 2002 2178 iujungam,

426 2197 679 2265 quoniam
741 2215 760 2249 ι
797 2196 860 2250 Ει
893 2197 1084 2250 anima:
1113 2212 1296 2251 eorum
1339 2197 1621 2267 rugiebaut
1650 2215 1810 2268 super
1842 2215 1946 2258 me.
1980 2219 1998 2252 ι

425 2285 567 2340 Nihil
600 2285 742 2340 enim
783 2285 850 2340 ab
883 2286 1207 2340 immanibus
1237 2285 1429 2340 helluis
1465 2288 1794 2355 dill'erentes,
1815 2292 1999 2358 saepis-

425 2376 634 2430 simein
665 2375 936 2428 Christum
977 2375 1276 2438 irruebant,
1313 2375 1634 2444 tandemque
1661 2375 1836 2430 Pilato
1878 2393 1999 2431 eum

424 2467 709 2531 sistebant,
785 2462 1174 2519 vociferantes:
1243 2482 1261 2514 ι
1320 2463 1490 2528 Tolle,
1557 2465 1703 2528 tolle,
1748 2467 2014 2534 crucilige

423 2571 546 2609 eum
578 2555 642 2610 ".
681 2574 699 2606 ι
737 2552 905 2622 Hujus
934 2554 1007 2608 rei
1039 2564 1090 2607 et
1123 2569 1217 2622 per
1251 2551 1543 2609 Jeremiam
1577 2555 1648 2609 ita
1712 2555 1957 2610 meminit
1987 2573 2002 2610 :

428 2665 447 2698 ι
478 2646 741 2713 Dereliqui
765 2646 986 2700 domum
1009 2647 1393 2713 meam,dimisi
1414 2647 1785 2702 haereditatem
1810 2663 2006 2714 meam,

424 2736 546 2792 dedi
576 2737 827 2792 dilectam
869 2737 1107 2792 animam
1151 2752 1322 2793 meam
1360 2739 1415 2794 in
1445 2755 1636 2795 manus
1664 2739 2006 2794 inimicorum

423 2827 558 2895 ejus.
603 2829 765 2882 Facta
844 2838 927 2883 est
971 2830 1098 2883 mihi
1149 2831 1438 2886 hzereditas
1518 2848 1637 2888 mea
1696 2843 1754 2887 nt
1821 2833 1902 2889 leo
1953 2835 2004 2890 in

423 2919 555 2974 silva
589 2958 605 2983 ,
665 2919 811 2973 dedit
851 2929 1036 2974 contra
1067 2936 1152 2976 me
1199 2936 1388 2977 vocem
1438 2936 1592 2978 suam
1631 2965 1646 2990 ,
1684 2925 1885 2980 idcirco
1908 2927 1996 2982 odi

423 3025 541 3064 eam
569 3011 634 3064 θ’.
671 3030 691 3063 s

2109 1928 2292 1990 αὐτοῖς
2322 1931 2432 1992 τοῖς
2457 1927 2739 1999 θρέμμασι
2761 1930 2956 2000 κρῖμα,
2972 1927 3053 1992 τδν
3077 1947 3095 1980 ⁸
3116 1928 3190 1982 Οῧ
3213 1928 3464 1999 ποιμανῶ
3487 1929 3651 1997 ὑμᾶς’
3673 1947 3690 1980 ’

2109 2018 2201 2070 καὶ
2233 2018 2314 2082 τὸ,
2346 2019 2517 2088 Εἴπερ
2547 2018 2756 2072 ἕλοιντο
2786 2017 3098 2071 κατεσθίειν
3127 2035 3187 2070 τε
3214 2021 3311 2072 καὶ
3342 2019 3701 2074 καταδάκνειν

2106 2109 2332 2178 ἄλληλα.
2369 2110 2477 2162 Καὶ
2525 2110 2632 2181 γάρ
2684 2111 2901 2180 ἁπάσης
2932 2110 3055 2179 δίχα
3093 2110 3307 2180 φειδοῦς
3346 2094 3486 2165 αὑτά
3514 2129 3572 2164 τε
3606 2111 3708 2165 ἄλση

2105 2200 2240 2270 ληλα
2290 2200 2703 2271 κατεδηδόκασι,
2741 2203 2837 2254 καὶ
2882 2202 2994 2264 τοῖς
3040 2200 3361 2272 διαρπάζειν
3425 2200 3700 2254 ἐθέλουσιν

2109 2290 2432 2361 έτοιμοτάτη
2463 2291 2705 2344 δέδονται
2752 2290 3067 2362 θήρα.’Έφη
3100 2290 3155 2343 δὲ
3187 2290 3273 2362 δὴ,
3305 2292 3399 2344 καὶ
3451 2291 3594 2362 μάλα
3630 2295 3700 2346 εἱ-

2109 2382 2300 2447 κότως,
2333 2385 2459 2454 περὶ
2486 2382 2594 2434 τῶν
2623 2382 2792 2452 τριῶν
2837 2382 3131 2452 ποιμένων,
3167 2382 3275 2435 τῶν
3303 2383 3393 2436 καὶ
3425 2384 3697 2454 ἐξῃρημέ-

2108 2491 2212 2526 νων
2241 2476 2298 2526 tv
2335 2455 2464 2544 μηνὶ
2493 2475 2595 2538 ἑνὶ,
2626 2475 2704 2528 ὅτι
2737 2493 2754 2524 ι
2788 2474 3197 2545 Βαρυνθήσεται
3225 2477 3256 2545 ή
3293 2474 3436 2545 ψυχή
3468 2491 3565 2544 μου
3601 2475 3710 2526 ἐπ’

2106 2565 2355 2627 αὐτοὺς.»
2379 2565 2648 2628 τουτέστι,
2683 2565 2907 2634 βαρεῖαν
2939 2567 3123 2628 αὐτοῖς
3158 2565 3361 2618 ἐποίσω
3392 2565 3490 2635 τὴν
3519 2565 3694 2633 δίκην,

2106 2653 2186 2706 ὅτι
2211 2671 2230 2704 ι
2258 2655 2365 2706 Καὶ
2392 2657 2445 2706 αἱ
2473 2654 2640 2725 ψυχαὶ
2668 2654 2845 2707 αὐτῶν
2869 2653 3184 2724 ἑπωρύοντο
3207 2656 3291 2708 ἐπ’
3310 2657 3429 2725 ἐμέ.
3457 2675 3475 2707 ι
3503 2655 3703 2724 Θηρῶν.

2105 2745 2212 2814 γὰρ
2249 2746 2458 2816 ἀγρίων
2493 2746 2844 2816 διαφέροντες
2896 2745 3067 2807 οὐδὲν,
3098 2745 3385 2817 ἐπεπήδων
3437 2762 3496 2799 τε
3548 2743 3703 2798 πλει-

2109 2836 2300 2898 στάκις
2342 2836 2583 2907 Χριστῷ,
2616 2837 2708 2889 καὶ
2752 2837 3112 2901 τελευτῶντες
3141 2837 3360 2908 Πιλάτῳ
3398 2836 3698 2908 προσῆγον,

2105 2929 2354 2998 λέγοντες
2376 2947 2389 2961 ο
2433 2947 2450 2980 ι
2479 2925 2631 3002 Αἶρε,
2663 2926 2806 3000 αἶρε,
2837 2931 3071 3002 σταύρου
3123 2931 3304 2985 αὐτόν.
3339 2950 3356 2982 ι
3406 2929 3707 2998 Μέμνηται⁷

2112 3021 2168 3073 δὲ
2197 3020 2385 3074 τούτου
2422 3023 2514 3074 καὶ
2548 3023 2634 3074 διὰ
2672 3021 2855 3092 φωνῆς
2898 3021 3186 3093 Ἰερεμίου,
3215 3021 3418 3091 λέγων·
3457 3040 3475 3072 ι
3499 3021 3697 3087 Ἐγκα-

421 3102 710 3157 ταλέλοιπα
761 3104 851 3160 τὸν
901 3099 1052 3160 οἶκόν
1097 3126 1221 3179 μου,
1255 3109 1444 3180 ἀφῆκα
1489 3109 1591 3182 τὴν
1665 3111 2034 3184 κληρονομίαν
2076 3131 2198 3185 μου,
2270 3117 2444 3171 ἔδωκα
2487 3117 2584 3188 τὴν
2619 3121 2983 3190 ἠγαπημένην
3007 3118 3188 3188 ψυχήν
3237 3135 3336 3189 μου
3380 3119 3460 3180 εἱς
3505 3117 3699 3185 χεῖραὲ

422 3196 628 3270 εχθρῶν
662 3197 1132 3272 αὑτῆς.Ἐγενήθη
1177 3204 1210 3271 ή
1242 3200 1573 3272 κληρονομία
1645 3221 1746 3274 μου
1782 3206 1924 3276 ἐμοὶ,
1961 3207 2036 3270 ὠς
2074 3206 2212 3261 λέων
2280 3210 2336 3263 ἒν
2381 3209 2594 3280 δρυμῷ,
2627 3208 2825 3263 ἔδωκεν
2867 3210 2951 3264 ἐπ’
2983 3212 3081 3282 ἐμὲ
3121 3214 3224 3282 τὴν
3273 3208 3454 3278 φωνὴν
3500 3207 3700 3276 αὐτῆς,

422 3289 506 3342 διὰ
538 3289 694 3342 τοῦτο
720 3290 957 3362 ἐμίσησα
997 3294 1190 3364 αὐτήν.
1221 3313 1239 3346 s
3740 3307 3742 3310 ’

490 3380 657 3434 νεηε.
694 3381 778 3444 10,
815 3381 899 3436 Η.
937 3381 1004 3434 Et
1045 3400 1313 3439 assumant
1361 3389 1563 3457 virgam
1636 3407 1803 3448 nteant
1875 3391 1990 3460 pul-

2172 3381 2282 3435 Καὶ
2311 3381 2588 3450 λήψομαι
2613 3379 2728 3448 τὴν
2763 3371 3131 3452 ῥάϐδοιίμου
3175 3383 3290 3452 τὴν
3323 3386 3542 3456 καλὴν,
3583 3390 3686 3444 καὶ

423 3473 629 3535 cltram,
655 3483 702 3526 et
737 3475 1011 3543 projiciam
1049 3492 1185 3541 eam,
1241 3488 1296 3532 ut
1344 3482 1590 3550 dissipent
1641 3493 2003 3537 testamentum

2108 3473 2418 3540 ἀπορῤίψω
2449 3473 2662 3538 αὐτὴν,
2705 3472 2808 3526 τοῦ
2834 3473 3227 3528 διασκεδάσαι
3257 3475 3370 3544 τὴν
3393 3477 3688 3547 διαθήκην

422 3580 592 3617 meum
619 3566 756 3634 quod
783 3567 1016 3635 disposui
1051 3569 1118 3620 ad
1147 3586 1323 3623 omnes
1352 3571 1570 3641 populos
1610 3585 1781 3626 terrae.
1801 3572 1870 3626 Et
1893 3576 2004 3628 dis-

421 3655 678 3721 sipabitur
733 3656 786 3709 in
846 3656 930 3709 die
997 3657 1138 3724 illa,
1197 3668 1246 3712 et
1302 3671 1580 3730 agnoscent
1661 3659 1998 3726 Cltanana’i,

425 3760 537 3798 ores
604 3763 719 3814 qua
795 3747 1063 3803 observant
1153 3768 1270 3817 me,
1313 3754 1436 3823 quia
1505 3755 1712 3808 verbum
1790 3753 2005 3808 Domini

423 3845 518 3888 εει.

492 3924 724 3980 LXXXI.
760 3925 980 4000 Virgam
1036 3933 1323 3998 pulchram
1378 3941 1537 3988 vocat
1610 3933 2002 3989 institutionem

425 4023 930 4093 pcrmystagogiam
987 4024 1353 4092 evangelicam
1397 4023 1724 4080 excellenter
1777 4027 2002 4081 decora-

423 4109 718 4176 Iam,juxta
771 4114 914 4184 quod
987 4113 1327 4182 intelligitur,
1381 4129 1488 4169 non
1539 4116 1711 4171 oculis
1752 4119 2000 4198 sentitur.

420 4198 569 4266 Quod
617 4214 796 4258 autem
844 4220 902 4260 se
932 4204 1296 4274 proiecturum
1339 4223 1456 4262 eam
1481 4247 1496 4273 ,
1527 4219 1583 4264 et
1619 4219 2000 4265 testamentum

421 4293 802 4362 dissipaturum
844 4306 1110 4362 autumat,
1152 4299 1441 4356 verisimile
1480 4311 1564 4356 est
1625 4302 2000 4370 su'himlicare,

421 4401 524 4439 non
557 4389 696 4454 quod
744 4388 791 4441 id
815 4388 1132 4444 dimissurus
1159 4392 1248 4456 sil,
1282 4403 1334 4446 et
1355 4394 1588 4448 solutum
1625 4395 2001 4464 dissipaturus,

419 4475 531 4527 sive
562 4485 615 4526 ut
651 4476 835 4528 inutile
863 4476 1646 4551 oblitteralnrus;neutiquam.
1679 4484 2004 4553 Illudpotius

423 4564 828 4633 intelligemlum
875 4566 1124 4623 dixerim.
1176 4569 1424 4628 Pastores
1483 4589 1904 4643 nonnunquam,
1957 4576 2000 4629 si

422 4655 560 4708 forte
587 4670 742 4709 ovem
779 4660 1088 4728 quampiam
1131 4678 1158 4714 a
1188 4679 1348 4733 grege
1371 4665 1676 4728 aberrasse,
1698 4677 1753 4720 et
1783 4667 1851 4721 ab
1881 4667 2002 4720 aliis

2100 3583 2240 3635 μου,
2269 3562 2349 3631 ἣν
2379 3561 2655 3632 διεθέμην
2681 3564 2830 3630 πρὸς
2872 3565 3103 3632 πάντας
3131 3569 3300 3633 ,τοὺς
3347 3571 3539 3637 λαοὺς
3582 3571 3696 3641 τῆς

2106 3657 2235 3728 γῆς.
2273 3659 2380 3711 Kal
2414 3657 2998 3725 διασκεδασθήσεται
3030 3659 3099 3711 ἐν
3131 3658 3206 3727 τῇ
3249 3662 3436 3729 ἡμέρᾳ
3463 3665 3692 3733 ἐκείνῃ,

2106 3750 2204 3803 καὶ
2238 3749 2570 3820 γνώσονται
2595 3753 2648 3802 οἱ
2682 3749 3030 3813 Χαναναῖοι,
3071 3750 3144 3803 τὰ
3182 3755 3552 3818 πρόϐατα-τὰ
3581 3775 3694 3825 φυ-

2104 3842 2461 3910 λασσόμενά
2480 3859 2602 3910 μοι,
2630 3842 2777 3895 διότι
2808 3843 2988 3911 λόγος
3020 3844 3238 3910 Κυρίου
3270 3845 3422 3900 ἐστί.
3573 3890 3575 3893 .

2177 3932 2304 3984 HA’.
2358 3931 2579 3986 Ῥάϐδον
2631 3931 2730 4003 μὲν
2775 3932 3029 4002 ὀνομάζει
3083 3935 3254 4005 καλὴν
3312 3936 3422 4006 τὴν.
3454 3937 3543 3992 διά
3593 3938 3693 4007 τῆς

2106 4023 2468 4093 εὐαγγελικῆς
2516 4026 2904 4095 μυσταγωγίας
2950 4025 3254 4089 παίδευσιν,
3292 4028 3692 4101 τὴν.ὲξαίρετον

2106 4115 2161 4164 ἐν
2187 4114 2472 4184 ὡραῖσμῷ,
2498 4114 2655 4184 δῆλον
2694 4115 2751 4168 δὲ
2800 4116 2882 4168 ὃτι
2930 4116 3008 4186 τῷ
3054 4117 3247 4187 νοητῷ.
3279 4119 3351 4170 Τὸ
3381 4119 3437 4172 δὲ
3487 4121 3551 4191 δὴ
3596 4123 3691 4175 καὶ

2104 4205 2428 4275 ἀπορρῖψαι,
2461 4205 2555 4257 καὶ
2599 4206 2952 4261 διασκευάσαι
2985 4207 3162 4276 λέγειν
3208 4209 3399 4278 αὐτὴν,
3434 4210 3690 4280 ὑπεμφή-

2105 4311 2245 4346 νειεν
2284 4295 2368 4359 ἂν,
2403 4295 2542 4348 κατὰ
2587 4297 2649 4349 τὸ
2681 4298 2846 4365 εἰκὸς,
2878 4300 2976 4370 οὐχ
3020 4300 3100 4352 ὅτι
3149 4302 3242 4354 καὶ
3283 4302 3693 4374 ἀποπέμψεται,

2105 4384 2200 4436 καὶ
2249 4387 2520 4455 σκορπιεῖ,
2561 4388 2855 4458 παραλύων
2884 4390 3073 4461 αὐτὴν,
3104 4393 3272 4461 ἤγουν
3311 4393 3385 4456 ὡς
3417 4395 3697 4466 ἄχρηστον

2105 4475 2400 4542 ἀφανίζων,
2435 4478 2630 4533 πολλοῦ
2679 4497 2742 4549 γε
2793 4481 2888 4536 καὶ
2940 4482 3040 4536 δεῖ.
3082 4485 3252 4554 Φαίην
3300 4485 3345 4538 δ’
3376 4487 3443 4540 ἂν
3489 4489 3688 4558 μᾶλλον

2106 4570 2279 4620 ἐκεῖνο
2299 4570 2497 4639 χρῆναι
2529 4574 2687 4624 νοεῖν.
2719 4575 2787 4626 Ol
2811 4574 3066 4644 ποιμένες
3101 4575 3210 4630 ἐσθ’
3239 4578 3350 4643 ὅτε,
3393 4581 3441 4631 εὶ
3485 4580 3547 4648 δή
3585 4597 3686 4633 που

2106 4661 2388 4716 θεάσαιντο
2411 4666 2516 4718 τῶν
2549 4667 2834 4738 προϐάτων
2864 4670 2982 4723 τινὰ
3003 4672 3104 4741 τῆς
3123 4672 3319 4741 ἀγέλης
3353 4675 3687 4746 ἀποσκιρτή-

419 4745 835 4800 semutissimam
865 4751 1278 4818 conspexerint,
1310 4763 1419 4806 tum
1475 4754 1694 4809 omnino
1751 4757 1955 4824 virgam
1981 4796 1996 4820 ,

2108 4773 2293 4820 σαντα,
2325 4760 2587 4826 γεγονότα
2617 4777 2676 4812 τε
2707 4760 2815 4813 τῶν
2844 4760 3018 4815 ἄλλων
3052 4763 3128 4825 ὡς
3162 4764 3438 4828 ἀποτάτω,
3475 4766 3593 4818 τότε
3620 4766 3682 4835 δὴ

420 4836 580 4908 765
613 4853 704 4892 seu
743 4839 933 4906 pedum
974 4841 1340 4910 projicieutes,
1372 4859 1490 4897 eam
1527 4844 1592 4896 ad
1628 4844 1762 4899 alias
1800 4861 1993 4915 aggre-

419 4929 532 4996 gari
559 4929 910 4998 compellunt.
953 4930 1219 5001 Propheta
1248 4933 1411 5004 igitur
1446 4935 1739 5002 pastoritiae
1771 4952 1997 4991 consue-

422 5020 589 5073 tudini
627 5023 1016 5077 convenienter
1062 5023 1272 5078 locntus
1317 5036 1418 5089 est,
1457 5027 1754 5096 projectum
1784 5029 1846 5082 iri
1884 5030 1992 5083 vir-

418 5126 535 5179 gum
569 5113 772 5178 dicens,
811 5115 992 5182 utique
1025 5114 1288 5182 ingentes
1320 5135 1332 5170 :
1361 5117 1462 5172 illa:
1533 5119 1676 5172 enim
1731 5132 1887 5174 erant
1929 5123 1998 5176 de

417 5203 610 5269 quibus
627 5202 933 5271 Apostolus,
967 5222 985 5254 ι
1023 5205 1113 5273 qui
1139 5206 1293 5275 longe
1323 5207 1400 5260 ³⁸.
1433 5227 1452 5260 ι
1475 5206 1859 5266 Verumtamen
1915 5211 1995 5265 fa-

420 5291 490 5343 cti
522 5300 646 5343 sunt
674 5306 837 5359 prope
859 5307 955 5361 per
995 5295 1174 5348 tidem.
1227 5297 1317 5351 Sic
1367 5310 1544 5354 autem
1607 5301 1993 5369 projiciendam

422 5379 551 5433 dicit
585 5381 812 5450 virgam,
846 5391 899 5435 nt
930 5393 1038 5438 toto
1079 5395 1342 5442 terrarum
1390 5391 1520 5444 orbe
1556 5391 1846 5461 dissipata,
1881 5394 1996 5447 sive

423 5481 479 5522 ut
513 5486 692 5526 sermo
749 5472 817 5527 de
881 5476 1120 5540 Christo,
1173 5471 1283 5534 'seu
1324 5483 1632 5549 pratu'icatio
1680 5485 1993 5552 evangeliea

418 5562 615 5634 ultique
645 5564 926 5621 distributa
976 5579 1026 5622 et
1057 5570 1250 5624 dill'usa
1281 5575 1542 5630 videatur.
1575 5573 1750 5645 lnqnit
1801 5577 1943 5628 enim
1978 5594 1990 5628 ι

496 5734 536 5762 ³⁸
570 5741 687 5797 Act.
719 5757 797 5809 ιιι,
838 5743 919 5799 15.
999 5747 1042 5780 ’⁸
1077 5746 1232 5804 ιιο.ιιι.
1266 5765 1377 5818 xn',
1416 5751 1497 5806 l5.

1571 5752 1615 5782 ’⁷
1647 5749 1844 5807 Jcrcm.
1877 5769 1971 5821 xu,
2002 5753 2052 5822 7,
2082 5753 2130 5808 8.

2104 4849 2322 4913 πάντως
2367 4852 2455 4904 ἐπ’
2491 4852 2629 4905 αὐτὰ
2679 4853 2778 4922 τὴν
2825 4855 3019 4924 ῥάϐδον
3051 4857 3242 4919 ἱέντες,
3289 4859 3682 4926 μετασοϐοὗσιν

2102 4942 2262 5004 εὐθὺς
2303 4941 2384 5006 εἴς
2419 4961 2482 5011 γε
2527 4944 2591 4996 τὸ
2633 4944 2850 4998 ἑλέσθαι
2900 4945 3010 4998 δεῖν
3061 4948 3526 5014 συναγελάζεσθαι
3572 4953 3683 5012 τοῖς

2103 5034 2299 5098 ἄλλοις.
2344 5036 2626 5105 Τετήρηκε
2653 5035 2834 5089 τοίνυν
2866 5037 2965 5106 τῆς
3002 5039 3344 5108 προφητείας
3377 5043 3404 5093 ὁ
3435 5041 3590 5109 λόγος
3616 5045 3680 5111 τῇ

2101 5125 2211 5176 τῶν
2249 5124 2516 5193 ποιμνίων
2557 5126 2838 5198 ἐπιστήμῃ
2868 5127 2926 5178 τὸ
2958 5128 3168 5194 εἰωθὸς,
3203 5130 3680 5202 ἀπορῤιιρήσεσθαι

2101 5218 2198 5284 τὴν
2248 5215 2440 5286 ῥάϐδον
2469 5215 2662 5284 λέγων,
2692 5217 2848 5287 δῆλον
2890 5219 2947 5270 δὲ
2990 5221 3069 5272 ὅτι
3112 5223 3225 5284 τοῖς
3255 5221 3486 5275 ἔθνεσιν.
3522 5225 3681 5276 Αὐτοὶ

2103 5307 2210 5376 γὰρ
2243 5307 2381 5375 ἦσαν
2434 5326 2451 5358 ι
2481 5309 2527 5360 oi
2573 5310 2807 5379 μακράν.
2839 5330 2857 5361 ι
2896 5312 3040 5382 Πλὴν
3067 5313 3356 5380 γεγόνασιν
3385 5314 3554 5381 ἐγγὺς
3593 5314 3680 5366 διὰ

2101 5398 2198 5465 τῆς
2249 5398 2499 5461 πίστεως.
2541 5401 3038 5472 Ἀπῡρῥιφήσεσθαι
3087 5403 3143 5456 δέ
3193 5421 3353 5474 φησιν
3395 5403 3542 5458 οὕτω
3584 5403 3679 5474 τὴν

2105 5487 2314 5556 ῥάϐδον,
2349 5488 2424 5551 ὡς
2470 5491 2572 5542 ἀνα
2611 5494 2791 5544 πᾶσαν
2822 5493 2992 5563 αὐτὴν
3030 5495 3388 5563 σκεδασθῆναι
3422 5495 3518 5564 τὴν
3552 5495 3686 5563 γῆν.-

2103 5579 2267 5645 ἥγουν
2297 5580 2708 5651 διανεμηθῆναι,
2736 5584 2827 5636 καὶ
2854 5584 3208 5654 ἐσκορπίσθαι
3233 5586 3405 5638 δοκεῖι
3433 5585 3676 5654 πανταχῆ

2212 5758 2255 5788 ⁹⁸
2285 5757 2481 5826 Ephes.
2511 5775 2570 5827 II,
2608 5761 2688 5816 15.
