4026 6276
370 397 472 454 195

1177 391 1731 448 COMMENTARIUS
1775 391 1837 446 IN
1881 391 2284 447 ZACIIABIAM
2328 391 2782 452 PROPHETAM.

3535 389 3635 450 191

367 512 460 565 τὸν
487 511 615 581 περὶ
648 508 876 580 Χριστοῦ
908 508 1087 575 λόγον,
1114 507 1232 577 ἦτοι
1258 508 1319 559 τὸ
1350 509 1611 579 κήρυγμα
1637 509 1697 562 τὸ
1724 510 1952 578 εὐαγγε-

2062 528 2079 561 ι
2124 511 2481 580 Dissipabitur
2514 512 2565 566 iu
2599 512 2684 566 die
2721 512 3230 578 ἱΗει,›1ιοι·θει,ἰιΙο
3261 523 3499 583 tempore
3528 528 3634 582 quo

369 601 538 654 λικόν.
599 597 1074 668 «Σκεδασθήσεται
1123 598 1254 667 γὰρ,
1299 597 1495 668 φησὶν,
1545 600 1601 650 ὲν
1651 601 1716 668 τῇ
1769 599 1952 669 ἡμέρᾳ

372 691 573 762 ἐκείνῃ,
608 708 626 740 ι
672 689 934 752 τουτέστι,
968 690 1090 741 κατ’
1124 690 1331 741 ἐκεῖνον
1364 689 1455 742 τὸν
1488 689 1698 760 καιρὸν,
1741 690 1861 742 καθ’
1893 689 1951 742 ὃν

372 783 438 835 ἂν
469 783 708 852 πατήσας
737 781 827 833 τοῦ
861 779 1090 834 θανάτου
1115 780 1176 833 τὸ
1200 781 1400 851 κράτος
1424 781 1668 850 άναόιῴη
1695 780 1946 852 Χριστὸς,

373 875 495 944 εἴπῃ
517 891 572 926 τε
592 877 704 935 τοῖς
734 873 1087 936 ἀποστόλοις·
1122 893 1140 923 ι
1173 873 1536 942 Πορευθέντες
1571 871 1948 942 μαθητεύσατε

371 965 542 1017 πάντα
574 964 639 1017 τά
669 964 816 1035 ἔθνη,
847 963 1198 1034 βαπτίζοντες
1226 965 1424 1026 αὐτοὺς
1450 966 1530 1026 εἰς
1564 963 1623 1016 τὸ
1660 963 1829 1032 ὄνομα
1853 960 1949 1015 τοῦ

368 1056 595 1122 Πατρὸς,
628 1057 723 1109 καὶ
765 1055 859 1108 τοῦ
897 1054 1049 1119 Υἱοῦ,
1086 1056 1180 1107 καὶ
1226 1053 1321 1108 τοῦ
1370 1055 1524 1122 ἁγίου
1561 1054 1895 1124 Πνεύματος.
1924 1071 1943 1102 ι

364 1147 496 1197 Τότε
525 1147 634 1217 γὰρ
663 1147 768 1200 ἀνὰ
795 1147 974 1199 πᾶσαν
1006 1145 1104 1214 τὴν
1142 1145 1233 1198 ὑπ’
1261 1146 1490 1216 οὐρανὸν
1515 1148 1542 1198 6
1570 1144 1664 1198 τοῦ
1699 1145 1951 1215 Σωτῆρος

361 1237 518 1307 ήμῶν
551 1235 943 1306 διαπεφοίτηκε
986 1237 1142 1306 λόγος
1162 1251 1176 1266 ⁸
1211 1236 1308 1290 καὶ
1354 1236 1588 1306 ἀτρεκὲς
1619 1238 1793 1288 εἰπεῖν
1823 1237 1950 1304 περὶ

360 1329 470 1380 τῶν
507 1329 679 1397 ἁγίων
713 1329 1054 1383 ἀποστόλων·
1102 1347 1122 1379 ι
1152 1329 1246 1391 El;
1272 1330 1450 1382 πᾶσαν
1471 1327 1568 1398 τὴν
1596 1328 1697 1398 γῆν
1727 1326 1948 1397 ἐξῆλθεν

361 1422 390 1471 6
417 1419 656 1488 φθόγγος
692 1419 890 1484 αὐτῶν,
927 1420 1022 1473 καὶ
1055 1422 1134 1482 είς
1160 1420 1228 1471 τὰ
1259 1419 1471 1490 πέρατα
1501 1419 1599 1489 τῆς
1628 1419 1948 1489 οἰκουμένης

361 1512 431 1562 τὰ
466 1512 689 1582 ῥήματα
717 1510 917 1564 αὐτῶν.
953 1511 1102 1563 »Ὅτι
1126 1509 1183 1562 δὲ
1209 1509 1309 1563 οὐκ
1338 1510 1599 1581 ἀνόνητον
1631 1511 1742 1570 τοῖς
1767 1508 1946 1560 ἔθνεσι

359 1603 421 1654 τὸ
453 1603 816 1673 άπορῤιφῆναί
854 1619 912 1654 τε
951 1602 1045 1654 καὶ
1073 1601 1527 1672 διασκεδασθῆναι
1559 1600 1662 1653 ἀνὰ
1689 1600 1788 1670 τὴν
1818 1600 1943 1670 γῆν,

361 1695 526 1762 ἤγουν
565 1693 954 1763 διανεμηθῆναι
1011 1693 1106 1746 καὶ
1138 1695 1196 1747 ὲν
1226 1695 1346 1756 ταῖς
1391 1692 1572 1746 αὐτῶν
1603 1691 1812 1763 χώραις
1847 1694 1945 1760 τὴν

361 1785 557 1854 ῥάϐδον
584 1786 679 1856 τήν
706 1786 898 1853 καλὴν,
922 1785 1039 1856 ήτοι
1067 1785 1168 1857 τὴν
1189 1783 1486 1856 Διαθήκην,
1509 1784 1576 1854 ῆν
1602 1784 1787 1837 οὐκέτι
1810 1784 1946 1854 πρὸς

364 1877 522 1945 μόνον
548 1855 646 1929 τὸν
678 1877 912 1948 Ἰσραήλ,
948 1855 1151 1930 διέθετο
1173 1876 1231 1929 δὲ
1269 1875 1470 1947 μᾶλλον
1507 1876 1646 1946 πρὸς
1672 1876 1849 1929 πάντα
1879 1875 1948 1929 τὰ
1981 1855 2020 1910 Β

360 1967 508 2037 ἔθνη,
541 1968 992 2040 καταθρήσαιμεν
1026 1968 1116 2035 ἂν,
1161 1968 1257 2021 καὶ
1291 1967 1412 2021 λίαν
1447 1968 1704 2038 ἀμογητὶ,
1732 1968 1824 2020 τὸν
1848 1969 1946 2039 τῆς

360 2060 695 2129 προφητείας
717 2059 989 2123 συνιέντες
1013 2059 1172 2128 λόγον
1193 2074 1206 2086 ·
1236 2079 1253 2110 ι
1277 2058 1582 2112 Γνώσονται
1603 2060 1732 2130 γάρ,
1757 2060 1942 2129 φησὶν,

360 2152 410 2203 οί
457 2152 750 2204 Χαναναῖοι
794 2150 870 2203 τὰ
917 2151 1322 2221 φυλασσόμενα,
1353 2150 1487 2203 διότι
1531 2149 1689 2217 λόγος
1739 2149 1942 2220 Κυρίου

359 2245 498 2298 ἐστί.
531 2264 548 2296 ι
586 2243 928 2307 Χαναναίους
962 2243 1061 2314 μὲν
1101 2244 1209 2315 γὰρ
1242 2243 1312 2297 τὰ
1341 2242 1467 2314 ἔθνη
1496 2243 1651 2314 φησί.
1681 2242 1944 2312 Νοηθεῖεν

359 2337 402 2388 δ’
431 2336 495 2390 ἂν
526 2328 670 2390 οὗτοι
697 2335 944 2406 πρόϐατα
971 2336 1040 2390 τὰ
1073 2335 1455 2406 φυλασσόμενα
1477 2334 1554 2404 τῷ
1573 2333 1815 2405 Χριστῷ.
1841 2335 1943 2387 Τε-

357 2429 624 2499 τήρηνται
676 2428 782 2499 γάρ
829 2426 1009 2497 αὐτῷ’
1043 2428 1136 2480 καὶ
1176 2427 1284 2495 γάρ
1327 2445 1346 2478 ι
1376 2427 1523 2479 ἐστιν
1569 2425 1730 2504 αὐτὸς
1768 2427 1800 2496 ή
1837 2424 1944 2479 τῶν

357 2517 528 2571 ἐθνῶν
556 2517 870 2588 προσδοκία.
911 2536 927 2568 ι
971 2517 1191 2588 Ἐπειδὴ
1228 2517 1284 2569 δὲ
1323 2515 1730 2588 κατεσκεδάσθη
1762 2516 1856 2570 καὶ
1886 2518 1942 2570 ὲν

355 2613 477 2674 ταῖς
525 2609 700 2664 αὐτῶν
733 2609 938 2681 χώραις
984 2611 1017 2681 ή
1057 2610 1195 2680 πρὸς
1241 2609 1450 2672 πάντας
1491 2609 1748 2681 διαθήκη,
1779 2625 1942 2662 πεπι-

357 2699 646 2753 στεύκασιν
677 2719 693 2750 ι
720 2701 801 2753 ὃτι
822 2700 976 2769 λόγος
1004 2701 1205 2772 Κυρίου
1235 2701 1370 2754 ἐστί.
1403 2720 1421 2752 ι
1450 2701 1810 2772 Διατιθέμεθα
1834 2702 1942 2773 γάρ

327 2796 404 2846 ποί
440 2793 499 2858 ἐξ
529 2792 695 2845 ἐθνῶν
729 2793 1053 2863 κεκλημένοι
1086 2791 1174 2845 διὰ
1207 2793 1307 2863 τῆς
1336 2793 1592 2856 πίστεως,
1624 2795 1705 2846 ὅτι
1741 2794 1943 2865 Κύριος

355 2885 448 2944 ὣν,
490 2887 582 2939 καὶ
626 2887 691 2939 ὲκ
741 2885 876 2939 Θεοῦ
927 2885 1068 2939 κατὰ
1114 2884 1276 2953 φύσιν
1313 2886 1708 2955 γεγεννημένος
1749 2902 1809 2938 τε
1851 2887 1944 2939 καὶ

353 2975 619 3046 ὑπάρχων
643 2979 670 3029 6
693 2977 990 3046 μονογενὴς
1018 2977 1112 3027 τοῦ
1139 2975 1274 3028 Θεοῦ
1299 2975 1495 3042 Λόγος,
1515 2974 1675 3037 αὐτὸς
1698 2975 1844 3044 ἡμᾶς
1866 2975 1945 3027 δι’

353 3065 552 3117 ἑαυτοῦ
578 3067 705 3128 τοὺς
744 3066 920 3127 θείους
956 3081 1016 3117 τε
1065 3065 1158 3118 καὶ
1186 3063 1574 3132 εῦαγγελικοὺς
1614 3063 1944 3132 προσπεφώ-

2054 603 2590 658 ('Onculcatoanortis
2622 605 2849 672 imperio
2887 604 2936 658 in
2976 605 3140 658 vitam
3171 605 3421 660 Christus
3462 606 3634 660 redie-

2056 695 2144 754 rit,
2177 695 2620 764 mandaveritque
2648 697 2906 764 apostolis
2942 714 2954 750 :
2993 715 3011 747 ι
3058 697 3258 750 Eitntes
3294 697 3480 750 docete
3512 714 3631 751 oni--

2053 800 2150 837 nes
2183 793 2390 854 gentes,
2425 786 2767 854 baptizantes
2795 804 2888 842 eas
2930 789 2982 842 in
3051 788 3270 842 nomine
3332 787 3531 852 Patris,
3579 799 3633 840 et

2054 875 2196 937 Filii,
2225 884 2276 929 et
2318 876 2552 944 Spiritus
2586 880 2844 934 sancti”.
2883 898 2902 932 ι
2945 879 3094 933 Tunc
3142 879 3284 932 enim
3319 887 3486 931 totum
3536 879 3633 932 sub

2051 964 2165 1019 sole
2201 967 2456 1020 mundum
2497 981 2678 1022 sermo
2709 968 3005 1022 Salvatmis
3035 969 3202 1022 nostri
3244 971 3481 1036 pervasit
3515 986 3530 1033 ς
3581 977 3634 1021 et

2051 1067 2107 1110 ut
2144 1071 2330 1110 verum
2359 1057 2425 1110 de
2462 1059 2661 1112 sanctis
2693 1061 2948 1128 apostolis
2981 1061 3252 1116 dicamus:
3282 1080 3300 1110 ι
3338 1059 3392 1112 In
3417 1075 3630 1114 onmem

2055 1157 2252 1199 terram
2287 1149 2454 1201 exivit
2488 1164 2653 1203 sonus
2695 1168 2901 1219 eorum,
2933 1161 2987 1206 et
3015 1152 3065 1204 in
3106 1167 3294 1206 omnes
3326 1152 3458 1206 lines
3484 1152 3633 1206 orbis

2054 1247 2210 1288 terrm
2239 1237 2399 1289 verba
2437 1251 2624 1291 eormn
2659 1239 2730 1292 ι.»
2778 1239 2892 1294 Νοιι
2926 1249 3104 1295 autem
3129 1242 3244 1296 sine
3266 1242 3504 1312 gentium
3526 1239 3632 1294 fru-

2051 1337 2164 1392 etu,
2194 1327 2487 1396 projectum
2522 1338 2575 1380 et
2623 1344 2717 1397 per
2753 1339 2950 1385 terram
3006 1333 3339 1401 dissipatam,
3391 1333 3505 1386 sive
3539 1347 3633 1399 per

2049 1431 2232 1470 earum
2265 1419 2513 1487 regiones
2547 1421 2892 1476 distributam
2922 1437 3042 1477 esse
3095 1425 3302 1493 virgam
3349 1425 3628 1494 pulchram

2048 1510 2163 1562 sive
2182 1507 2607 1576 Testamentum,
2627 1515 2768 1581 quod
2801 1529 2904 1568 non
2933 1516 3158 1584 amplius
3173 1517 3420 1570 adsolum
3441 1515 3626 1580 Israel,

2048 1601 2142 1654 sed
2173 1599 2239 1654 ad
2277 1615 2466 1664 omnes
2499 1615 2687 1669 gentes
2734 1604 2910 1672 potius
2942 1607 3224 1675 disposuit,
3245 1608 3390 1661 nullo
3418 1608 3630 1677 negotio

2048 1705 2114 1744 ex
2157 1691 2514 1761 intelligentia
2561 1695 2845 1749 verborum
2911 1699 3187 1766 propheta:
3224 1699 3627 1768 perspiciemus.

2048 1782 2137 1835 Ait
2167 1782 2310 1836 enini
2343 1799 2356 1835 :
2395 1801 2412 1831 ι
2453 1782 2519 1834 Ει
2549 1796 2875 1851 cognoscent
2899 1786 3189 1842 Chananzei
3219 1804 3348 1842 oves
3376 1803 3493 1857 qum
3524 1790 3625 1842 ob-

2048 1882 2266 1927 servant
2297 1889 2401 1938 me,
2431 1875 2554 1944 quia
2594 1876 2826 1943 verbum
2865 1877 3072 1932 Domini
3095 1889 3198 1933 est.
3233 1899 3250 1932 ι
3294 1879 3629 1935 Chauauaros

2046 1964 2188 2018 enim
2221 1976 2374 2018 vocat
2406 1974 2614 2032 gentes.
2650 1967 2825 2035 Atque
2864 1969 2914 2022 hi
2950 1981 3176 2038 possunt
3231 1972 3454 2037 intelligi
3497 1988 3626 2027 oves

2046 2054 2317 2110 Christum
2378 2057 2744 2111 observantes.
2808 2058 3178 2114 Observarunt
3231 2063 3372 2116 enim
3427 2064 3624 2128 illum;

2045 2149 2244 2202 etenim
2295 2167 2312 2199 ι
2345 2151 2456 2218 ipse
2490 2162 2575 2205 est
2607 2153 2943 2220 exspectatio
2972 2154 3298 2222 gentium’.»
3336 2154 3624 2224 Postquam

2046 2251 2225 2295 autem
2253 2242 2572 2312 dissipatum
2611 2256 2692 2298 est
2719 2246 2882 2299 etiam
2947 2245 3000 2298 in
3053 2261 3243 2301 eorum
3317 2248 3625 2318 regionibus

2048 2341 2431 2389 testamentum
2467 2337 2532 2389 ad
2571 2352 2778 2401 omnes,
2803 2337 3148 2392 crediderunt
3177 2357 3195 2389 ι
3225 2339 3351 2408 quia
3401 2340 3622 2394 verbum

2046 2425 2256 2481 Domini
2297 2437 2433 2481 εει.»
2477 2427 2757 2483 Sensimus
2785 2430 2928 2484 enim
2967 2432 3108 2498 apud
3136 2431 3348 2484 animos
3383 2447 3446 2485 ex
3495 2448 3624 2501 gen-

2049 2519 2191 2574 tibus
2220 2521 2394 2576 voc'ati
2423 2536 2516 2589 per
2548 2521 2731 2585 (idem,
2775 2521 3058 2576 Domiumn
3109 2537 3263 2588 esse,
3299 2533 3352 2576 et
3398 2540 3459 2577 ex
3515 2523 3625 2577 Deo

2047 2613 2339 2668 secundum
2371 2625 2618 2667 naturam
2654 2623 2860 2679 natum,
2907 2623 2961 2668 et
2997 2615 3328 2684 unigenitum
3364 2615 3454 2668 Dei
3487 2616 3624 2668 Ver-

2047 2701 2168 2756 bum
2198 2701 2373 2770 ipsum
2432 2718 2528 2771 per
2584 2703 2800 2758 divinos
2856 2714 2910 2758 et
2962 2705 3298 2774 evangelicos
3347 2720 3626 2760 sermOues

2045 2806 2170 2846 suos
2196 2807 2293 2846 nos
2318 2793 2630 2848 allocutum.
2657 2793 2836 2860 Quare
2875 2795 3049 2864 ipsum
3083 2795 3446 2858 adoravimus,
3465 2796 3624 2865 eique

2044 2881 2332 2945 servimus,
2368 2883 2540 2937 veteri
2574 2882 2665 2936 illo
2700 2893 2754 2936 et
2792 2883 3020 2951 inglorio
3046 2899 3233 2939 errore
3265 2886 3542 2949 derelicto,
3571 2896 3625 2939 et

2045 2971 2294 3028 allectum
2339 2975 2405 3028 ad
2449 2975 2646 3028 multos
2705 2975 2837 3028 deos
2869 2975 3122 3031 colendos
3161 2978 3398 3032 deducti.
3454 2978 3626 3046 Atque

2044 3063 2147 3118 hoc
2206 3067 2476 3132 es:,quod
2525 3080 2619 3120 ore
2673 3067 2893 3121 Davidis
2954 3069 3027 3120 illi
3082 3069 3329 3121 canitur:
3368 3087 3386 3117 ι
3427 3067 3627 3121 Omnes

354 3172 486 3226 νηκε
519 3155 730 3222 λόγους.
765 3155 1034 3226 Ταύτῃτοι
1078 3155 1605 3224 προσκεκυνήκαμεν
1647 3153 1816 3223 αὐτῷ,
1847 3155 1942 3206 καὶ

2047 3163 2230 3224 gentes
2257 3171 2394 3225 quas
2425 3154 2602 3210 fecisti
2635 3158 2874 3220 venient,
2904 3167 2957 3210 et
2994 3157 3297 3211 adorabunt
3333 3173 3516 3211 coram
3551 3169 3624 3222 lc,

353 3247 502 3315 αὐτῷ
549 3245 905 3315 λατρεύομεν,
938 3245 1035 3315 τὴν
1083 3243 1316 3313 ἀρχαίαν
1362 3243 1579 3313 ἐκείνην
1633 3243 1724 3296 καὶ
1771 3243 1942 3297 ἀκλεᾶ

355 3334 612 3405 μεθέντες
640 3334 874 3402 ἀπάτην,
893 3335 988 3386 καί⁵
1016 3333 1112 3403 τὴν
1144 3333 1405 3386 πολύθεον
1425 3332 1538 3397 ἕξιν
1565 3333 1943 3404 μεταδεδιδαγ-

355 3427 524 3496 μένοι.
568 3429 677 3481 Καὶ
723 3427 882 3479 τοῦτο
941 3421 1008 3496 ἦν
1053 3425 1161 3496 ἄρα
1207 3424 1268 3477 τὸ
1316 3424 1404 3478 διὰ
1437 3428 1618 3495 φωνῆς
1653 3425 1746 3478 τοῦ
1780 3425 1946 3479 Δαὸὶδ

352 3521 490 3592 πρὸς
513 3522 672 3574 αὐτὸν
692 3520 1030 3592 ὑμνούμενον
1057 3535 1070 3548 ·
1110 3539 1127 3570 ι
1157 3504 1341 3572 Πάντα
1376 3519 1444 3572 τὰ
1475 3518 1602 3588 ἔθνη
1633 3518 1731 3570 ὅσα
1755 3518 1943 3587 ἐποίη-

2050 3246 2272 3300 Domine
2299 3245 2339 3299 ⁸.
2359 3246 2497 3298 -Ιιι
2536 3243 2751 3300 nomine
2791 3245 3072 3300 enimJesu
3094 3248 3292 3301 Clnisti
3311 3264 3468 3303 onme
3487 3265 3625 3317 genu

2046 3335 2313 3401 ﬂectetur,
2346 3337 2646 3392 cmlestium
2675 3377 2690 3399 ,
2721 3341 3060 3392 terrestrium
3091 3349 3146 3394 et
3181 3340 3513 3394 infernorum
3533 3379 3547 3404 ,
3575 3351 3630 3395 ct

2046 3431 2223 3484 omnis
2257 3430 2435 3499 lingua
2463 3430 2716 3484 conlitetu
2728 3447 2770 3494 r,
2793 3433 2915 3500 quia
2935 3431 3359 3489 Dominuslcsus
3379 3433 3628 3487 Christus

2048 3517 2099 3570 in
2137 3516 2304 3585 gloria
2335 3529 2417 3570 est
2450 3517 2541 3570 Dei
2576 3516 2750 3570 Patris
2777 3518 2818 3576 ⁸.
2856 3535 2876 3570 ι

353 3638 474 3682 σας,
511 3619 720 3690 ἥξουσι,
753 3621 846 3673 καί
890 3619 1361 3690 προσκυνήσουσιν
1428 3617 1658 3672 ἐνώπιόν
1705 3635 1819 3681 σου,
1854 3617 2049 3690 Κύριε.
2082 3643 2153 3657 -—
2205 3616 2293 3670 Ἐν
2322 3617 2431 3687 γὰρ
2454 3617 2532 3689 τῷ
2592 3617 2816 3687 ὀνόματι
2861 3619 3036 3690 Ἰησοῦ
3103 3618 3340 3689 Χριστοῦ
3371 3618 3477 3671 πᾶν
3498 3617 3626 3686 γόνυ

350 3711 580 3782 κάμψει,
608 3712 965 3782 ἐπουρανίων,
997 3713 1089 3764 καὶ
1117 3710 1395 3779 ἐπιγείων,
1420 3713 1514 3764 καὶ
1543 3708 1932 3779 καταχθονίων,
1971 3709 2070 3763 καὶ
2101 3710 2248 3761 πᾶσα
2313 3708 2535 3776 γλῶσσα
2566 3710 3036 3781 ἐξομολογήσεται,
3096 3711 3176 3762 ὃτι
3202 3709 3406 3780 Κύριος
3421 3711 3628 3781 Ἰησοῦς

347 3803 604 3875 Χριστὸς,
632 3805 712 3866 είς
739 3802 892 3866 δόξαν
928 3802 1062 3856 Θεοῦ
1100 3804 1330 3874 Πατρός.
1368 3821 1386 3855 ι

421 3897 531 3950 Kal
562 3895 674 3966 ἐρῶ
697 3897 847 3965 πρὸς
872 3898 1127 3962 αὐτούς’
1158 3899 1224 3950 El
1255 3895 1446 3950 καλὸν
1475 3894 1733 3948 ἐνώπιον
1764 3893 1931 3964 ὑμῶν

347 3989 503 4052 ἐστι,
531 3987 667 4040 δότε
701 3989 1042 4055 στήσαντες
1072 3989 1178 4042 τὸν
1203 3989 1428 4057 μισθόν
1444 4003 1583 4054 μου,
1611 3985 1649 4053 ἢ
1675 3987 1931 4039 ἀπείπα-

346 4079 478 4129 σθε.
509 4076 617 4130 Kal
653 4075 927 4144 ἔστησαν
957 4078 1066 4130 τὸν
1087 4078 1310 4145 μισθόν
1330 4091 1450 4142 μου
1492 4073 1806 4142 τριάκοντα
1830 4075 1933 4142 ἁρ-

343 4167 589 4236 τυροῦς.
626 4169 732 4224 Kal
755 4170 885 4223 εἷπε
911 4170 1126 4236 Κύριος
1158 4168 1308 4235 πρός
1323 4182 1401 4234 με
1425 4180 1440 4196 ο
1481 4163 1671 4230 Κάθες
1709 4164 1933 4230 αὐτοὺς

344 4263 438 4326 είς
463 4260 528 4314 τὸ
556 4261 980 4330 χωνευτήριον,
1000 4260 1096 4314 καὶ
1114 4259 1417 4328 σκέψομαι
1437 4259 1485 4310 εί
1508 4257 1756 4326 δόκιμόν
1778 4257 1930 4320 ἐστι,

345 4350 424 4404 ὃν
449 4351 673 4419 τρόπον
701 4352 1112 4421 ἐδοκιμάσθην
1137 4350 1291 4418 ὑπὲρ
1327 4348 1544 4403 αὐτῶν.
1576 4347 1684 4402 Kal
1716 4347 1937 4402 ἔλαϐον

342 4443 492 4506 τοὺς
529 4442 847 4509 τριάκοντα
889 4442 1206 4511 ἀργυροῦς,
1237 4441 1335 4493 καὶ
1384 4439 1672 4493 ἐνέϐαλον
1712 4439 1934 4505 αὐτοὺς

344 4537 440 4597 εις
466 4533 572 4584 τὸν
602 4529 771 4586 οἶκον
804 4534 1024 4599 Κυρίου
1049 4534 1136 4597 είς
1168 4532 1235 4584 τὸ
1265 4530 1687 4600 χωνευτήριον.

425 4623 549 4678 ΠΒ’.
594 4622 691 4675 Διὰ
719 4620 829 4674 τῶν
855 4619 1227 4689 εὐαγγελικῶν
1259 4617 1669 4686 θεσπισμάτων,
1697 4617 1815 4686 ήτοι
1848 4616 1936 4668 διὰ

339 4719 446 4786 τῆς
474 4715 672 4787 ῥάϐδου
703 4713 803 4784 τῆς
857 4713 1051 4783 καλῆς,
1084 4711 1332 4764 τουτέστι
1359 4710 1455 4779 τῆς
1489 4707 1767 4778 ὲξαιρέτου
1807 4724 1934 4763 παι-

339 4808 511 4869 δείας,
539 4808 637 4876 τῆς
687 4806 822 4876 μετὰ
870 4805 1071 4875 σαρκὸς
1116 4800 1428 4870 οἰκονομίας
1473 4799 1567 4853 τοῦ
1595 4799 1933 4867 Μονογενοῢς

341 4897 760 4966 πεπαιδεύμεθα
804 4896 864 4950 τὸ
919 4896 1235 4966 μυστήριον.
1300 4891 1638 4962 Ἀκηκόαμεν
1681 4890 1789 4961 γὰρ
1837 4890 1930 4944 καὶ

342 4985 814 5056 πεπιστεύκαμεν,
854 4985 935 5038 ὅτι
981 4985 1112 5046 Θεὸς
1160 4982 1256 5049 ὢν,
1293 4981 1366 5045 ὡς
1412 4980 1567 5051 ἔφην,
1599 4981 1628 5033 6
1674 4982 1738 5034 ἐκ
1793 4980 1927 5034 Θεοῦ

340 5080 559 5150 Πατρὸς
610 5078 801 5146 Λόγος,
848 5076 1041 5146 γέγονε
1093 5073 1271 5145 σὰρξ,
1325 5093 1343 5125 ι
1372 5074 1467 5128 καὶ
1517 5073 1823 5144 ἐσκήνωσεν
1869 5074 1928 5126 ὲν

343 5174 495 5240 ἡμῖν,
528 5189 544 5222 ι
586 5168 840 5224 καθίκετό
887 5185 946 5220 τε
992 5169 1050 5218 ἐν
1083 5166 1269 5220 δούλου
1325 5169 1526 5238 μορφῇ,
1576 5166 1836 5238 ὑπάρχων
1871 5169 1928 5220 ὲν

345 5267 527 5335 μορφῇ
561 5263 656 5316 καὶ
689 5263 891 5330 ἰσότητι
925 5259 1017 5313 τοῦ
1071 5259 1476 5329 γεγεννηκότος,
1515 5277 1534 5310 ι
1570 5258 1795 5327 γέγονεν
1823 5259 1925 5311 ὑπ-

342 5360 504 5424 ήκοος
533 5353 692 5425 μέχρι
721 5354 975 5416 θανάτου,
1008 5351 1238 5404 θανάτου
1266 5350 1323 5403 δὲ
1348 5349 1610 5420 σταυροῦ·
1647 5350 1739 5402 καὶ
1765 5348 1926 5401 πλού-

342 5463 456 5509 σιος
509 5446 602 5507 ὢν,
631 5443 939 5514 ὲπτώχευσε
986 5443 1051 5495 δι’
1084 5444 1252 5512 ἡμᾶς,
1302 5441 1386 5494 ἴνα
1436 5443 1595 5509 ἡμεῖς
1650 5442 1714 5509 τῇ
1761 5439 1924 5492 αὑτοῦ

341 5538 589 5609 πτωχεία
619 5538 1027 5607 πλουτήσωμεν.
1065 5554 1083 5587 ι
1106 5533 1370 5598 Ἐξείλετο
1393 5533 1501 5603 γὰρ
1526 5534 1672 5603 ἡμᾶς
1695 5533 1804 5586 τῶν
1830 5532 1921 5586 τοῦ

415 5720 460 5753 ⁹⁹
493 5717 683 5770 Matth.
717 5734 906 5777 xxvm,
939 5717 1027 5780 19,
1053 5716 1143 5769 20.
1253 5717 1268 5746 ¹
1299 5715 1440 5768 l’sal.
1486 5729 1643 5777 ιιι-ιιι,
1673 5713 1724 5766 5.

343 5791 362 5822 ⁸
391 5788 548 5844 Joan.
587 5805 621 5852 ι,
655 5789 734 5842 ll.
814 5789 832 5816 ⁶
865 5788 1097 5857 Philipp.
1127 5801 1190 5853 ll,
1220 5785 1335 5840 6-8.
1413 5785 1431 5812 ⁷
1466 5783 1504 5836 ll
1549 5783 1675 5837 Cor.
1708 5798 1824 5846 rm,
1853 5782 1906 5842 9.

1829 5715 1846 5743 '
1881 5715 2016 5768 Cen.
2049 5731 2193 5778 xuv,
2234 5715 2316 5769 l0.
2398 5714 2416 5744 ³
2448 5712 2588 5769 Psal.
2629 5726 2829 5774 vaxv,
2860 5710 2909 5762 1.

2110 3891 2273 3962 766
2310 3889 2466 3945 Vens.
2510 3890 2596 3956 12,
2630 3890 2714 3944 15.
2739 3889 2807 3944 Et
2832 3891 3003 3944 dicam
3025 3893 3095 3944 ad
3121 3907 3247 3945 eos:
3275 3890 3336 3946 Si
3360 3892 3546 3947 bonum
3572 3897 3625 3951 in

2039 3989 2312 4050 conspectu
2390 3989 2558 4034 vestro
2631 3991 2743 4042 est,
2810 3982 2934 4034 date
2991 3992 3279 4036 statuentes
3341 3988 3626 4039 mercedem

2039 4091 2228 4138 meum,
2277 4082 2369 4127 aut
2410 4074 2680 4144 quiescile.
2709 4071 2779 4127 Et
2825 4083 3123 4127 statuerunt
3148 4076 3430 4129 mercedem
3457 4094 3624 4130 nicum

2041 4167 2258 4236 triginta
2344 4174 2639 4235 argenteos.
2733 4162 2804 4216 Et
2869 4165 3000 4216 dixit
3063 4164 3316 4218 Dominus
3377 4167 3447 4218 ad
3504 4184 3624 4222 me:

2041 4256 2251 4325 Depone
2289 4273 2376 4310 eos
2417 4257 2472 4308 in
2518 4256 2913 4324 ronﬂatorium,
2955 4263 3004 4306 et
3038 4256 3240 4318 videbo,
3281 4257 3328 4308 si
3347 4255 3624 4322 probatum

2041 4357 2116 4402 est
2143 4389 2158 4414 ,
2211 4350 2347 4403 sicut
2406 4346 2659 4414 probatus
2699 4362 2817 4398 sum
2859 4361 3015 4414 super
3053 4347 3146 4400 eis.
3188 4345 3258 4398 Et
3308 4348 3480 4412 accepi
3525 4351 3624 4400 tri-

2040 4441 2184 4508 ginta
2225 4446 2595 4508 argenteos,et
2643 4437 2763 4491 misi
2819 4452 2904 4490 eos
2949 4437 3004 4489 in
3047 4437 3258 4490 domum
3307 4435 3542 4501 Domini,
3568 4440 3622 4493 in

2039 4529 2429 4591 conﬂatorium.

2108 4616 2371 4672 LXXXII.
2401 4617 2505 4672 Per
2555 4615 2868 4684 evangelica
2903 4615 3144 4680 oracula,
3189 4615 3302 4670 sive
3359 4631 3454 4684 per
3514 4618 3624 4670 vir-

2036 4723 2158 4779 gam
2229 4710 2515 4772 decoram,
2582 4709 2685 4763 hoc
2730 4716 2815 4763 est
2859 4723 2955 4776 per
3034 4702 3287 4760 eximiam
3334 4709 3623 4763 institutio-

2034 4815 2180 4862 nem,
2219 4800 2534 4854 (economiae
2570 4814 2690 4854 cum
2741 4812 2906 4853 carne
2960 4796 3235 4867 Unigeuiti
3299 4799 3614 4864 mysterium

2033 4893 2340 4948 didicimus.
2367 4892 2682 4946 Audivimus
2699 4891 2842 4945 enim
2873 4899 2923 4943 et
2951 4890 3303 4950 credidimus,
3334 4889 3472 4956 quod
3497 4903 3618 4941 cum

2035 4996 2181 5038 esset
2212 4985 2372 5048 Deus,
2404 4983 2618 5048 utdixi,
2651 4998 2716 5038 ex
2761 4982 2870 5036 Deo
2924 4981 3087 5035 Patre
3148 4979 3384 5034 Verbum
3446 4980 3619 5034 lactus

2035 5074 2105 5128 sit
2129 5089 2277 5139 caro,
2307 5092 2325 5125 ι
2347 5083 2402 5128 et
2436 5075 2758 5130 habitaverit
2797 5075 2850 5129 in
2890 5074 3046 5128 nobis
3072 5074 3114 5134 ⁵,
3155 5090 3173 5123 ι
3205 5070 3520 5138 veneritque
3565 5075 3617 5125 in

2034 5164 2207 5219 forma
2235 5167 2395 5231 servi,
2417 5167 2509 5235 qui
2539 5177 2623 5221 est
2657 5167 2707 5220 in
2730 5165 2901 5221 forma
2926 5174 2979 5219 et
3002 5163 3310 5233 mqualitate
3327 5159 3614 5225 Geuitoris,

2041 5273 2061 5308 ι
2100 5265 2154 5311 et
2193 5257 2371 5311 factus
2406 5257 2478 5312 sit
2512 5259 2772 5313 obediens
2817 5272 2988 5326 usque
3013 5257 3078 5308 ad
3111 5261 3358 5319 mortem,
3388 5263 3615 5307 mortem

2035 5359 2215 5404 autem
2257 5349 2480 5403 crucis‘l
2515 5367 2528 5416 ;
2557 5359 2611 5403 et
2639 5365 2759 5402 cum
2798 5347 2949 5401 dives
2975 5353 3142 5406 esset,
3177 5343 3351 5394 factus
3393 5341 3460 5395 sit
3493 5358 3616 5411 ege-

2035 5459 2156 5504 nus,
2184 5451 2241 5494 ut
2273 5457 2370 5494 nos
2434 5439 2550 5508 ejus
2578 5439 2754 5507 inopia
2779 5438 3074 5491 ditaremur
3109 5436 3183 5488 ⁷.»
3214 5434 3425 5488 Excmit
3471 5435 3612 5488 enim

2033 5548 2131 5588 nos
2180 5547 2210 5587 e
2242 5530 2471 5586 vinculis
2500 5513 2713 5594 mortis,
2751 5528 2994 5582 liberavit
3025 5542 3053 5580 a
3090 5532 3332 5596 peccato,
3363 5526 3501 5580 ﬁlios
3524 5522 3612 5576 Dei

2990 5709 3006 5739 ⁸
3033 5706 3262 5778 Philipp.
3295 5720 3353 5768 ιι,
3383 5701 3470 5767 10,
3513 5699 3599 5754 11.
