4026 6276
492 351 594 410 195

1522 349 1579 403 S.
1620 348 1892 403 CYlillJJ
1933 346 2401 401 ALEXANDlilNl
2444 346 2763 402 ARCHIEP.

3650 345 3745 401 196

485 470 737 535 reddidit,
764 478 816 523 et
842 470 968 539 quid
1004 484 1108 523 non
1138 471 1400 523 bonorum
1434 469 1647 523 tandem
1686 470 1837 523 nobis
1893 471 2044 524 dona.

2167 468 2396 521 θανάτου
2420 467 2657 538 δεσμῶν,
2678 466 2984 538 ἀπήλλαξεν
3007 468 3303 537 ἁμαρτίας,
3333 465 3482 528 υἱοὺς
3506 465 3743 535 ἀπέφηνε

482 561 598 615 vit?
624 561 984 629 Cognovimus
1025 570 1281 630 pra-terea
1314 576 1411 615 nos
1466 571 1672 629 emptos
1723 577 1861 626 esse,
1900 579 1918 612 ι
1957 577 2063 614 non

484 653 933 720 corruptibilibns
1017 668 1150 705 auro
1196 652 1275 704 vel
1328 660 1599 720 argento,
1680 658 1775 705 sed
1830 653 2065 719 pretioso

484 744 748 812 sanguine
788 744 941 811 quasi
1006 744 1126 812 agni
1178 743 1587 796 incontaminati
1637 754 1689 798 et
1734 745 2061 797 immaculati

484 837 682 890 Cluisti
709 836 751 900 ⁸,
779 855 796 887 ι
825 846 985 904 atque
1022 837 1091 889 ita
1129 836 1318 889 deinde
1348 837 1505 889 vitam
1537 846 1770 889 nostram
1793 838 1840 890 ei
1869 837 2063 891 debere

484 929 772 991 coepimus.
809 945 827 976 ι
874 929 927 980 Si
987 927 1127 980 enim
1179 944 1313 981 unus
1359 943 1457 996 pro
1514 931 1762 983 omnibus
1822 941 2062 983 mortuus

483 1031 585 1082 est,
621 1033 748 1085 ergo
776 1034 965 1073 omnes
992 1019 1066 1072 illi
1102 1020 1294 1072 mortui
1333 1029 1477 1085 sunt,
1500 1039 1516 1070 ι
1553 1030 1605 1073 ct
1630 1022 1740 1084 jam
1779 1036 1882 1074 non
1908 1022 2061 1075 nobis

481 1110 616 1177 ipsis
653 1113 833 1164 vivere
877 1112 1153 1173 debemus,
1181 1112 1223 1164 si
1249 1124 1390 1165 recte
1441 1114 1825 1167 ratiocinamur
1853 1155 1867 1177 ,
1911 1132 1929 1166 ι
1964 1115 2057 1168 Sed

481 1206 527 1255 ei
559 1206 649 1273 qui
689 1219 786 1271 pro
828 1205 982 1258 nobis
1034 1216 1276 1280 mortuus
1338 1215 1438 1269 est,
1499 1216 1552 1259 et
1608 1206 1981 1258 resurrexit’.
2035 1225 2053 1257 ι

481 1294 660 1359 Quare
686 1296 896 1361 inquit:
933 1314 951 1345 ‹
981 1295 1036 1348 Si
1075 1297 1271 1348 bonum
1304 1296 1460 1349 estin
1493 1306 1785 1366 conspectu
1821 1308 2051 1359 vestro,»

482 1386 667 1454 utique
705 1386 1019 1439 (nconomize
1051 1388 1232 1439 carnis
1287 1388 1627 1456 mysterium,
1657 1388 1698 1440 si
1742 1403 1836 1455 per
1884 1389 2054 1457 ipsum

476 1477 663 1531 salvati
715 1478 864 1539 estis,
912 1486 965 1528 et
1006 1479 1140 1529 bene
1190 1477 1344 1530 vobis
1368 1486 1470 1539 est,
1522 1486 1575 1531 et
1606 1478 1934 1545 cognovistis
1973 1492 2057 1531 me

477 1566 812 1621 Salvatorem
840 1580 901 1620 ac
930 1566 1366 1636 Redemptorem,
1402 1577 1449 1622 et
1484 1583 1581 1635 pro
1651 1568 1888 1622 omnium
1946 1570 2053 1623 vita

473 1668 765 1720 mortuum,
814 1674 833 1707 ι
872 1656 1002 1709 Date
1039 1666 1396 1720 statuentes,»
1433 1657 1535 1711 hoc
1590 1667 1692 1723 est,
1736 1658 2054 1712 definientes

476 1747 818 1799 «intercedem
875 1760 1069 1811 meam,
1129 1754 1219 1797 aut
1282 1747 1564 1813 quiescite.
1601 1765 1619 1798 ι
1671 1747 2049 1801 Verumtamen

2169 559 2336 614 Θεοῦ’
2398 559 2491 612 καὶ
2543 558 2595 611 τί
2646 558 2755 628 γάρ
2798 558 2918 628 οὐχὶ
2968 558 3267 628 δεδώρηται
3325 557 3434 609 τῶν
3485 558 3742 624 ἀγαῦῶν;

2180 650 2529 720 Ἑγνώκαμεν
2552 650 2608 702 δὲ
2640 650 2774 719 πρὸς
2803 649 3034 711 τούτοις,
3067 650 3149 701 ὃτι
3199 649 3294 701 καὶ
3333 648 3500 716 τιμῆς
3544 650 3747 719 ἠγορά-

2169 743 2363 813 σμεθα,
2398 762 2416 792 ι
2447 743 2507 794 οὐ
2540 741 2820 812 φθαρτοῖς,
2852 741 3123 811 ἀργυρίῳ,
3169 741 3202 811 ἢ
3241 740 3481 810 χρυσίῳ·
3505 741 3639 793 ἀλλά
3662 758 3743 793 τι-

2168 839 2275 909 μίῳ
2312 839 2502 906 αἵματι
2534 838 2609 899 ὼς
2638 836 2833 907 ἀμνοῦ,
2872 836 2965 889 καί¹
2998 835 3226 887 ἀσπίλου
3253 833 3513 905 Χριστοῦ·
3544 854 3562 886 ι
3604 835 3743 889 οὕτω

2162 946 2220 982 τε
2251 930 2434 982 λοιπὸν
2462 929 2609 997 αὐτῷ
2640 928 2737 999 τὴν
2765 928 2970 980 οἰκείαν
3002 927 3408 995 ὲπωφλήσαμεν
3435 926 3599 995 ζωήν.
3632 946 3649 977 ι
3682 925 3742 978 Εἰ

2161 1022 2271 1093 γὰρ
2314 1018 2392 1085 εἷς
2427 1022 2564 1092 ὑπὲρ
2598 1021 2815 1075 πάντων
2848 1019 3138 1080 ἀπέθανεν,
3172 1018 3281 1089 ἄρα
3323 1020 3370 1071 οἰ
3421 1019 3621 1081 πάντες
3647 1020 3744 1071 ἀπ-

2162 1113 2349 1164 έθανον
2381 1111 2551 1181 αὐτῷ,
2586 1129 2603 1162 ι
2638 1110 2734 1163 καὶ
2769 1110 2866 1181 ζῇν
2896 1110 3183 1180 ὀφείλομεν
3225 1112 3437 1173 ἑαυτοῖς
3465 1111 3563 1180 μὲν
3617 1112 3743 1164 οὐκ·

2162 1204 2261 1267 έτι,
2294 1205 2436 1256 κατά
2482 1220 2547 1271 γε
2591 1203 2681 1256 τὸν
2727 1202 2910 1255 εἰκότα
2962 1202 3058 1254 καὶ
3104 1199 3281 1271 ὀρθῶς
3324 1201 3516 1271 ἔχοντα
3566 1201 3739 1269 λόγον,

2164 1313 2182 1345 ι
2217 1294 2415 1363 μᾶλλον
2466 1294 2522 1346 δὲ
2564 1294 2641 1365 τῷ
2690 1292 2829 1365 ὑπὲρ
2878 1294 3038 1365 ἡμῶν
3066 1294 3413 1355 ἀποθανόντι,
3449 1295 3544 1348 καὶ
3590 1297 3742 1364 ἐγερ-

2159 1385 2322 1438 θέντι.
2360 1386 2665 1459 »Ταύτῃτοί
2695 1402 2862 1457 φησιν
2884 1402 2895 1415 ·
2917 1404 2937 1437 ι
2970 1387 3031 1439 Εἰ
3062 1386 3223 1440 καλὸν
3253 1385 3486 1439 ἐνώπιον
3521 1387 3731 1457 ὑμῶν,ι

2156 1476 2317 1546 δῆλον
2344 1478 2401 1529 δὲ
2427 1477 2489 1529 τὸ
2519 1478 2621 1547 τῆς
2659 1478 2795 1549 μετὰ
2840 1478 3043 1549 σαρκὸς
3065 1478 3380 1548 οἰκονομίας
3417 1481 3734 1550 μυστήριον,

2156 1569 2204 1619 εἰ
2237 1568 2477 1621 σέσωσθε
2522 1558 2589 1622 δι’
2622 1569 2809 1635 αὐτοῦ,
2838 1569 2932 1623 καὶ
2968 1571 3289 1641 πεπράχατε
3325 1570 3538 1636 δεξιῶς,
3572 1570 3737 1638 ἰγνώο

2155 1674 2288 1711 κατε
2318 1659 2374 1712 δέ
2405 1677 2471 1729 με
2503 1660 2729 1730 Σωτῆρα
2757 1660 2851 1713 καὶ
2880 1661 3193 1732 Λυτρωτὴν,
3226 1661 3321 1715 καὶ
3351 1660 3443 1713 τὸν
3474 1661 3612 1733 ὑπὲρ
3640 1661 3732 1731 τῆς

2155 1752 2374 1805 πάντων
2398 1752 2543 1823 ζωῆς
2575 1752 2880 1807 ἀνατλάντα
2902 1753 3151 1818 θάνατον,
3184 1773 3202 1805 ι
3227 1754 3355 1808 Δότε
3381 1756 3727 1824 στήσαντες,ι

472 1838 605 1905 grati
641 1836 858 1889 inerunt
888 1835 978 1903 qui
1007 1852 1069 1888 ex
1095 1834 1347 1904 gentibus
1375 1837 1620 1889 conversi
1656 1844 1799 1890 sunt.
1835 1836 2044 1890 Statue-

2152 1842 2448 1911 τουτέστιν,
2466 1843 2769 1913 ὁρίσαντες,
2801 1862 2820 1895 ι
2841 1844 2931 1897 τὸν
2958 1843 3147 1914 μισθόν
3171 1861 3294 1913 μου,
3314 1844 3346 1916 ἢ
3367 1843 3728 1897 ἀπείπασθε.»

469 1938 589 1981 runt
620 1929 762 1981 enim
798 1928 1121 1989 mercedem,
1168 1927 1312 1978 nullo
1343 1927 1557 1994 quidem
1582 1928 1737 1981 modo
1764 1928 2047 1997 aequalem,

468 2020 561 2073 sed
595 2018 990 2087 quadamtenus
1020 2032 1228 2086 aequam
1260 2018 1538 2072 beneficiis
1593 2020 1659 2071 ab
1698 2034 1762 2072 eo
1794 2021 2046 2089 acceptis.

468 2109 934 2175 Quemadmodum
977 2110 1119 2163 enim
1151 2110 1262 2177 ipse
1284 2126 1381 2177 pro
1430 2112 1582 2166 nobis
1625 2122 1870 2168 mortuus
1919 2124 1997 2167 est
2030 2154 2046 2180 ,

466 2200 540 2253 ita
565 2211 618 2253 et
650 2217 745 2253 nos
778 2202 988 2254 animas
1022 2203 1299 2271 posuimus
1343 2218 1440 2272 pro
1464 2204 1778 2259 sinceritate
1834 2214 1890 2258 et
1920 2206 2047 2259 cha-

468 2294 630 2347 ritate
683 2308 807 2362 erga
844 2294 1052 2362 ipsum;
1085 2304 1418 2364 possuntque
1456 2298 1637 2352 dicere
1667 2300 1836 2351 sancti
1900 2314 2045 2354 Inar-

472 2395 621 2452 tyres
665 2397 675 2435 :
720 2402 737 2434 ι
780 2386 909 2450 Quis
959 2401 1055 2439 nos
1102 2387 1375 2456 separabit
1424 2404 1451 2440 ιι
1488 2388 1753 2443 eharitate
1796 2390 2047 2444 Christi?

467 2473 768 2529 Tribulatio
794 2516 810 2542 ,
846 2492 911 2529 an
935 2479 1177 2545 angustia
1207 2516 1221 2541 ,
1258 2494 1322 2531 an
1352 2478 1539 2546 fames,
1579 2496 1645 2533 an
1696 2483 2000 2549 persecutio
2027 2524 2041 2547 ,

466 2582 532 2619 an
569 2566 778 2620 nuditas
809 2607 825 2632 ,
861 2581 925 2621 au
960 2568 1255 2636 periculum
1284 2610 1298 2632 ,
1335 2586 1399 2622 an
1448 2573 1656 2639 gladius
1689 2572 1731 2602 ²⁰
1764 2572 1788 2624 ?
1822 2591 1840 2623 ι
1904 2573 2044 2627 Nihil

462 2660 607 2712 enim
643 2659 693 2712 in
766 2662 969 2713 sanctis
1013 2660 1181 2714 animi
1249 2661 1615 2715 fortitudinem
1668 2662 1813 2716 vicit.
1861 2663 2044 2732 itaque

463 2750 665 2805 Christi
703 2752 979 2806 nobiscum
1006 2752 1302 2807 similitudo
1335 2754 1737 2822 quodammodo
1794 2755 2043 2808 subindi-

463 2853 641 2905 catur,
675 2842 800 2895 dum
834 2843 1051 2908 dicitur,
1081 2845 1237 2899 datos
1295 2860 1416 2899 esse
1468 2846 1518 2898 in
1575 2846 1875 2901 mercedem
1926 2847 2042 2916 ejus

465 2936 683 3005 triginta
726 2945 1029 3003 argenteos.
1067 2936 1320 2990 Proditor
1346 2937 1511 3002 enim,
1537 2945 1590 2991 et
1621 2953 1746 2992 vere
1798 2939 2039 2992 omnium

463 3029 696 3083 maxime
720 3030 1087 3084 essecrandus
1137 3044 1201 3083 ac
1236 3029 1345 3085 Dco
1380 3044 1575 3085 exosus
1616 3029 1779 3085 Judas
1807 3071 1822 3094 ,
1878 3030 2038 3103 767

460 3120 682 3189 triginta
718 3120 954 3176 denariis
986 3122 1244 3190 acceptis,
1297 3121 1570 3176 Christum
1601 3123 1886 3177 homicidis
1929 3135 2041 3176 tra-

459 3211 614 3274 didit,
658 3220 713 3265 et
746 3222 1021 3265 auctorem
1065 3212 1256 3265 salutis
1300 3222 1496 3265 nostrae
1526 3213 1770 3267 scelestis
1809 3214 2041 3267 homini-
2069 3228 2109 3283 (ς

458 3302 560 3355 bus
593 3303 940 3356 venumdedit
970 3302 1035 3354 ¹¹.
1059 3302 1218 3355 Allati
1246 3313 1373 3357 sunt
1415 3314 1593 3357 autem
1618 3320 1646 3357 a
1680 3305 1930 3374 gentibus
1986 3306 2038 3360 in

458 3393 761 3447 mercedem
784 3391 897 3458 ejus
914 3395 1130 3462 triginta
1153 3395 1507 3463 argenteiqni
1533 3396 2038 3466 etiam,l)eojuben-

473 3494 547 3548 te,
582 3485 633 3538 in
672 3483 1041 3538 conﬂatorium
1074 3484 1435 3554 deponuntur,
1469 3486 1629 3539 etiam
1688 3497 1847 3550 atque
1879 3489 2039 3540 etiam

459 3577 747 3645 probandi,
784 3577 923 3631 sicut
965 3586 1013 3629 et
1043 3577 1157 3646 ipse
1194 3578 1446 3630 Christus
1476 3593 1573 3646 pro
1609 3578 1760 3631 nobis
1786 3578 2041 3646 probatus

456 3678 558 3723 est.
583 3667 696 3722 Non
720 3669 861 3723 enim
891 3671 1007 3722 sine
1035 3669 1384 3736 inquisitione
1416 3670 1556 3735 apud
1605 3669 1767 3721 Deum
1798 3670 2037 3722 omnium

456 3762 715 3814 scientem
749 3761 917 3814 abibit
950 3760 1082 3813 ﬁdes
1131 3771 1354 3813 nostra:
1393 3773 1567 3825 neque
1617 3760 1752 3811 citra
1814 3774 2038 3813 examen

457 3853 602 3915 vitae,
623 3854 713 3905 sed
750 3852 889 3903 sicut
916 3860 1001 3902 est
1033 3851 1173 3917 apud
1219 3852 1432 3902 beatum
1466 3850 1686 3902 Paulum
1725 3866 1738 3902 :
1792 3868 1809 3901 ι
1839 3850 2041 3905 Unius-

462 3942 727 4010 cujusque
755 3955 890 4007 opus
915 3938 1073 4007 quale
1094 3938 1182 4006 sit,
1206 3940 1344 4008 ignis
1362 3938 1608 4006 probabit.
1636 3941 1697 3992 ".
1722 3959 1739 3991 ι
1769 3937 2037 4010 Scriptum

426 4042 540 4103 .est
571 4044 749 4086 autem
788 4032 852 4084 de
885 4030 1141 4084 Christo:
1179 4049 1195 4081 ι
1226 4031 1494 4096 Quoniam
1536 4034 1716 4086 statim
1761 4036 1941 4088 veniet
1985 4039 2036 4088 In

460 4123 717 4190 templum
757 4136 914 4175 suum
952 4135 1109 4190 quem
1140 4135 1236 4175 vos
1270 4123 1533 4191 quzeritis,
1571 4133 1621 4177 et
1651 4124 1886 4191 Angelus
1946 4135 2039 4180 te-

458 4211 709 4266 stamenti
740 4224 897 4279 quem
925 4226 1018 4266 vos
1044 4211 1220 4265 vultis.
1258 4210 1398 4267 Ecce
1437 4215 1598 4279 venit,
1629 4215 2036 4270 dicitDuminus

456 4302 821 4369 omnipotens,
859 4312 912 4356 et
941 4305 1062 4371 quis
1092 4306 1383 4359 sustinebit
1411 4304 1551 4359 diem
1587 4309 1838 4361 introitus
1874 4307 2037 4375 ejus?

459 4393 561 4444 Aut
585 4393 704 4459 quis
737 4394 1024 4445 sustinebit
1051 4394 1103 4447 in
1142 4396 1347 4448 visione
1376 4395 1535 4462 eius?
1589 4396 1725 4462 Quia
1783 4399 1897 4466 ipse
1947 4399 2033 4452 in-

457 4483 700 4554 greditur
728 4485 881 4552 quasi
911 4484 1049 4553 ignis
1073 4486 1394 4550 conﬂatorii,
1429 4497 1485 4541 ut
1523 4488 1683 4542 herba
1712 4490 2030 4554 lavantium,

2153 1933 2300 2003 Πλὴν
2334 1934 2676 2005 εὐγνώμονες
2708 1936 2757 1988 οἱ
2788 1935 2847 1999 ἐξ
2878 1935 3357 2008 ὲθνῶν.”Εστησαν
3381 1936 3490 2007 γὰρ
3517 1936 3607 1989 τὸν
3644 1955 3734 2007 μι-

2152 2021 2277 2075 σθὸν
2308 2023 2708 2094 παρισούμενον
2739 2023 2837 2092 μὲν
2869 2024 3151 2095 οὐδαμῶς·
3182 2026 3398 2079 ἐοικότα
3424 2027 3480 2079 δέ
3506 2044 3622 2089 πως
3651 2022 3732 2091 οἷς

2151 2113 2464 2183 ἐσχήκαμεν
2503 2115 2633 2185 παρ’
2664 2114 3067 2185 αὐτοῦ.Ὥσπερ
3118 2114 3226 2187 γὰρ
3274 2115 3549 2170 ἀπέθανεν
3593 2117 3731 2189 ὑπὲρ

2149 2203 2327 2273 ήμῶν,
2345 2200 2488 2256 οὕτω
2509 2205 2603 2257 καὶ
2628 2206 2792 2275 ἡμεῖς
2814 2204 3138 2276 τεθείκαμεν
3159 2206 3258 2269 τὰς
3273 2206 3451 2277 ψυχὰς
3474 2207 3610 2277 ὑπὲρ
3634 2208 3731 2275 τῆς

2150 2296 2230 2357 εἰς
2273 2294 2436 2348 αὐτὸν
2486 2295 2841 2365 γνησιότητος
2883 2296 2977 2349 καὶ
3028 2296 3249 2369 ἀγάπης
3275 2311 3289 2327 ·
3333 2298 3534 2367 πρέποι
3582 2298 3627 2350 δ’
3664 2300 3731 2351 ἂν

2147 2385 2327 2453 λέγειν
2358 2388 2471 2457 τοῖς
2502 2387 2676 2455 ἁγίοις
2707 2374 2941 2456 μάρτυσι
2966 2405 2980 2419 ⁸
3019 2406 3037 2439 ι
3072 2388 3169 2460 Τίς
3197 2390 3344 2460 ἡμᾶς
3374 2390 3597 2459 χωρίσει
3623 2389 3731 2444 ἀπὸ

2145 2474 2244 2546 τῆς
2277 2475 2500 2546 ἀγάπης
2536 2476 2628 2528 τοῦ
2670 2476 2946 2545 Χριστοῦ,
2993 2459 3267 2548 euq}th
3306 2479 3656 2548 στενοχωρία,
3695 2480 3727 2547 ἢ

2145 2565 2321 2637 λιμὸς,
2358 2567 2389 2637 ἢ
2425 2566 2742 2637 διωγμὸς,ῆ
2776 2567 3131 2637 γυμνότης,ἢ
3169 2568 3432 2633 κίνδυνος,
3465 2568 3498 2639 ἢ
3531 2570 3731 2639 μάχαι-

2147 2674 2247 2728 ρα;
2280 2678 2297 2710 ι
2350 2657 2619 2727 Νενίκηκε
2646 2658 2753 2729 γὰρ
2788 2659 2940 2712 οὐδὲν
2967 2659 3075 2712 τῶν
3114 2660 3286 2729 ἁγίων
3317 2660 3415 2730 τὴν
3442 2660 3728 2730 εὐψυχίαν.

2144 2748 2355 2802 Οὐκοῦν
2380 2750 2413 2818 ἡ
2440 2748 2547 2800 τῶν
2577 2749 2729 2820 ποιρά
2760 2750 2998 2819 Χριστοῦ
3033 2751 3113 2814 εἰς
3136 2753 3283 2822 ἡμᾶς
3312 2753 3568 2823 ὁμοιότης
3596 2755 3731 2805 ὑποο

2144 2840 2392 2908 φαίνεταί
2435 2850 2553 2903 πως
2609 2841 2697 2894 διὰ
2735 2840 2831 2893 τοῦ
2880 2841 3127 2895 δεδόσθαι
3177 2842 3357 2911 λέγειν
3410 2847 3489 2908 εἰς
3541 2842 3733 2914 μισθὸν

2143 2931 2309 2983 αὐτοῦ
2360 2932 2656 3001 τριάκοντα
2706 2933 3027 3003 ἀργυρίους.
3047 2934 3104 2985 '0
3142 2934 3241 3003 μὲν
3285 2934 3393 3007 γὰρ
3438 2935 3730 3007 προδότης.

2143 3021 2237 3074 καὶ
2284 3021 2687 3091 βδελυρώτατος
2733 3022 2992 3093 ἀληθῶς,
3045 3025 3139 3077 καὶ
3183 3026 3441 3096 θεομισὴς
3485 3026 3686 3090 Ἰούδας
3712 3069 3728 3094 ,

2141 3110 2434 3180 τριάκοντα
2485 3110 2717 3181 δηνάρια
2762 3111 2939 3165 λαϐὼν
2966 3152 2980 3177 ,
3039 3113 3320 3184 προῦδωκε
3363 3119 3474 3178 τοῖς
3528 3118 3732 3186 φονῶσι

2143 3201 2400 3271 Χριστὸν,
2440 3201 2535 3255 καὶ
2562 3201 2655 3254 τὸν
2684 3202 2782 3271 τῆς
2812 3204 3088 3274 σωτηρίας
3112 3206 3272 3276 ἡμῶν
3302 3206 3732 3278 καταπέπρακεν

2144 3293 2385 3363 ἀρχηγὸν
2431 3296 2542 3356 τοῖς
2588 3292 2905 3363 ἀλιτηρίοις.
2943 3296 3463 3368 Προσεκομίσθησαν
3491 3300 3548 3353 δὲ
3579 3300 3734 3372 παρά

2142 3384 2248 3435 τῶν
2278 3384 2448 3437 ἐθνῶν
2480 3386 2558 3447 εἰς
2591 3385 2782 3455 μισθὸν
2811 3386 2978 3440 αὐτοῦ
3026 3389 3320 3458 τριάκοντα
3359 3390 3641 3462 ἁργύριοι,
3682 3392 3732 3444 οἰ

2143 3479 2237 3530 καὶ
2281 3479 2561 3531 καθίενται
2592 3480 2727 3532 Θεοῦ
2768 3481 3197 3550 προστάττοντος
3227 3485 3307 3545 εἰς
3355 3482 3418 3536 τὸ
3450 3485 3733 3556 χωνευτήσ

2145 3566 2365 3638 ριον,εῦ
2420 3570 2561 3639 μάλα
2608 3571 3050 3641 δοκιμαζόμενοι,
3102 3573 3286 3639 καθὼς
3342 3576 3438 3628 καὶ
3492 3576 3654 3639 αὐτὸς
3704 3576 3733 3627 6

2142 3661 2376 3732 Χριστὸς
2423 3662 2755 3733 ἐδοκιμάσθη
2807 3663 2948 3733 ὑπὲρ
2998 3665 3378 3734 ήμῶν.Ἕσται
3415 3667 3524 3736 γάρ
3572 3668 3735 3737 ήμῶν

2141 3752 2242 3803 οὐκ
2271 3753 2536 3821 ἁζὴτητος
2565 3755 2597 3822 ἡ
2625 3754 2806 3817 πίστις
2837 3755 2988 3826 παρά
3009 3772 3072 3823 γε
3102 3755 3180 3825 τῷ
3204 3756 3380 3810 πάντα
3404 3756 3563 3809 εἰδότι
3586 3754 3729 3826 θεῷ·

2139 3843 2265 3896 οὔτε
2314 3846 2419 3913 μὴν
2449 3845 2809 3908 ἀϐασάνιστος
2838 3848 2866 3899 6
2893 3847 3037 3915 βίοςο
3070 3846 3185 3900 ἀλλ’
3287 3864 3452 3917 φησιν
3478 3850 3507 3901 6
3543 3849 3731 3918 μακάο

2144 3950 2257 4003 ριος
2290 3932 2523 3997 Παῦλος,
2558 3954 2577 3986 ι
2601 3935 2865 3989 Ἑκάστου
2895 3937 2957 3990 τὸ
2982 3937 3141 4009 ἔργον
3166 3938 3348 3992 ὁποῖόν
3378 3939 3514 4001 ἐστι,
3530 3937 3588 3990 τὸ
3615 3937 3733 4009 πῦρ

2138 4024 2444 4092 δοκιμάσει.
2477 4043 2494 4076 ι
2549 4025 2865 4096 Γέγραπται
2916 4026 2972 4079 δὲ
3021 4028 3116 4080 καὶ
3161 4027 3288 4097 περὶ
3335 4026 3596 4097 Χριστοῦ,
3644 4028 3731 4081 ὅτι

2146 4133 2165 4164 ι
2189 4113 2474 4184 Ἐξαίφνης
2501 4114 2622 4185 ἥξει
2650 4116 2729 4178 εἰς
2751 4116 2839 4168 τὸν
2862 4116 2987 4168 ναὸν
3009 4117 3194 4181 αὑτοῦ,
3223 4118 3283 4171 ὃν
3308 4118 3464 4188 ὑμεῖς
3488 4118 3728 4188 ζητεῖτε,

2138 4207 2234 4258 καὶ
2281 4207 2310 4258 6
2355 4207 2587 4275 ἄγγελος
2630 4207 2729 4276 τῆς
2763 4207 3047 4279 διαθήκης,
3081 4209 3140 4264 ὃν
3182 4210 3339 4279 ὑμεῖς
3372 4209 3730 4264 θέλετε.ΊδοΞι

2138 4296 2378 4367 ἔρχεται,
2401 4298 2547 4364 λέγει
2564 4297 2768 4368 Κύριος
2796 4300 3211 4371 παντοκράτωρ,
3230 4302 3324 4354 καὶ
3352 4301 3435 4365 τίς
3463 4302 3731 4372 ὑπομενεί

2136 4391 2355 4463 ἡμέραν
2397 4390 2602 4443 εἰσόδου
2651 4390 2851 4454 αὐτοῦς
2891 4392 2963 4443 Ἥ
3005 4392 3092 4455 τίς
3136 4392 3513 4463 ὑποστήσεται·
3552 4394 3610 4446 ἐν
3657 4396 3727 4463 τῇ

2135 4483 2372 4553 ὀπτασίᾳ
2420 4482 2627 4549 αὐτοῦ,
2675 4484 2823 4536 Διότι
2869 4485 3031 4546 αὐτὸς
3064 4483 3441 4555 εἰσπορεύεται
3488 4485 3565 4549 ὡς
3613 4486 3732 4557 πῦρ

458 4582 512 4628 et
540 4574 751 4628 sedebit
776 4576 1017 4635 conﬂatis
1058 4586 1111 4628 et
1147 4578 1446 4630 emumlans
1482 4588 1535 4629 ut
1560 4591 1865 4648 argentum,
1900 4590 1953 4634 et
1980 4591 2035 4633 ut

2148 4573 2529 4643 χωνευτηρίου,
2564 4573 2641 4635 ὡς
2686 4574 2793 4627 πόα
2830 4575 3157 4637 πλυνόντων,
3187 4575 3281 4629 καὶ
3312 4575 3583 4629 καθιεῖται
3616 4595 3731 4646 χω-

460 4680 651 4719 aurum
676 4666 774 4721 ³⁸.)
802 4665 989 4720 Psallit
1016 4667 1301 4722 etdivinus
1329 4667 1494 4720 David
1521 4670 1571 4723 in
1605 4684 1831 4738 persona
1850 4671 2033 4738 cujus-

461 4757 540 4811 vis
576 4758 624 4810 in
650 4756 923 4811 Christum
955 4758 1249 4821 credentis,
1296 4768 1346 4813 et
1395 4758 1683 4827 Evangelio
1716 4762 2037 4814 convenien-

460 4856 541 4900 ter
567 4848 744 4901 vivere
779 4847 1083 4916 cupientis:
1124 4865 1142 4897 ι
1179 4846 1353 4901 Proba
1396 4860 1500 4911 me,
1530 4848 1775 4911 Domine,
1801 4858 1853 4902 et
1887 4860 2032 4905 tenta

460 4953 563 5001 me,
595 4953 688 4992 ure
724 4953 879 4993 renes
896 4953 1045 4992 meos
1088 4948 1141 4991 et
1172 4952 1268 4992 cor
1299 4953 1475 4991 incum
1496 4938 1593 4991 “.1
1619 4939 1877 4993 Caeterum
1907 4956 2035 4995 con-

458 5029 725 5083 llatorium
760 5031 810 5083 in
841 5032 1000 5084 domo
1032 5030 1241 5083 Domini
1265 5044 1385 5083 eSse
1413 5030 1667 5099 prOpheta
1726 5032 1876 5086 dicit.
1929 5034 2032 5088 Ec-

458 5118 619 5172 clesia
652 5120 794 5173 enim
825 5118 1027 5172 Christi
1050 5119 1307 5190 cujusque
1333 5134 1510 5176 mores
1562 5130 1615 5177 et
1669 5123 2031 5179 sinceritatem

460 5208 762 5261 dilectionis
784 5220 912 5276 erga
958 5206 1233 5263 Christum
1270 5211 1605 5281 explorat,et
1651 5213 2029 5269 discretionem

461 5297 665 5352 habens
717 5299 1001 5366 spirituum
1044 5302 1107 5365 ¹⁸,
1142 5303 1306 5370 probe
1344 5304 1511 5369 novit,
1562 5306 1683 5374 quis
1728 5307 1779 5360 in
1826 5305 2030 5375 Spiritu

458 5398 651 5441 sancto
684 5386 934 5457 loquatur
964 5392 1245 5445 Dominum
1274 5386 1460 5463 Iesum
1493 5395 1800 5461 nominans,
1832 5396 2030 5465 etquis

458 5478 511 5531 lu
556 5477 838 5534 Beelzebui
894 5481 1068 5551 ipsum
1115 5486 1401 5538 anathema
1454 5485 1630 5550 dicat,
1666 5495 1721 5540 et
1784 5486 1874 5553 qui
1923 5487 2033 5539 sint

532 5680 592 5733 ’ἰ
634 5680 773 5743 Pctr.
806 5698 842 5750 ι,
880 5684 965 5747 18,
1007 5685 1088 5739 l9.

1200 5689 1219 5717 ν
1248 5685 1287 5737 ll
1315 5686 1439 5741 Cor.
1476 5700 1523 5749 ι’,
1560 5686 1646 5751 14,
1682 5686 1766 5739 15.

466 5743 509 5774 ⁸³
531 5752 756 5807 Mulaclt.
801 5743 880 5821 ιιί,
920 5743 1027 5809 ίξῒι.

1110 5756 1150 5786 ¹⁸
1193 5756 1330 5809 ιιδηι.
1370 5771 1493 5817 xxv,
1520 5757 1572 5809 2.

1848 5685 1890 5716 ¹⁰
1926 5685 2079 5740 Rom.
2132 5704 2248 5753 \‘ltl,
2288 5689 2377 5744 55.

1656 5756 1697 5787 ⁸⁸
1733 5758 1748 5808 l
1785 5756 1909 5809 Cor.
1951 5772 2047 5823 xu,
2093 5758 2177 5810 tu.

2141 4665 2332 4727 νεύων,
2362 4667 2454 4718 καὶ
2498 4666 2809 4736 καθαρίζων
2853 4667 2928 4731 ώς
2978 4667 3039 4719 τὸ
3083 4667 3366 4737 ἀργύριον,
3403 4669 3497 4721 καὶ
3540 4668 3617 4732 ὡς
3666 4669 3733 4720 τὺ
3794 4672 3798 4677 ’

2140 4756 2381 4824 χρυσίον.
2408 4774 2428 4806 ›
2462 4756 2671 4810 Ψάλλει
2697 4757 2753 4810 δέ
2786 4775 2886 4810 που
2918 4759 3012 4812 καὶ
3041 4759 3068 4809 6
3106 4757 3392 4821 θεσπέσιος
3426 4759 3613 4820 Δαὸὶδ,
3649 4760 3732 4821 ὡς

2140 4850 2204 4901 ὲκ
2244 4848 2541 4919 προσώπου
2584 4849 2783 4913 παντὸς
2810 4849 2903 4902 τοῦ
2937 4850 3325 4915 πιστεύσαντος
3363 4853 3439 4915 εἰς
3469 4851 3731 4921 Χριστὸν,

2141 4939 2236 4992 καὶ
2285 4940 2384 5009 ζῇν
2428 4940 2701 5003 ἐθέλοντος
2750 4941 3150 5007 εὑαγγελικῶς·
3209 4962 3226 4992 ι
3260 4943 3566 5012 Δοκίμασόν
3614 4959 3735 5011 με,

2142 5028 2337 5101 Κύριε,
2367 5032 2459 5083 καὶ
2487 5030 2752 5100 πείρασόν
2790 5048 2880 5101 με,
2909 5033 3161 5103 πύρωσον
3195 5034 3319 5097 τοὺς
3342 5031 3575 5104 νεφρούς
3621 5050 3736 5103 μου

2142 5123 2237 5175 καὶ
2269 5121 2367 5191 τὴν
2396 5122 2625 5190 καρδίαν
2658 5140 2778 5192 μου.
2813 5142 2830 5173 ι
2871 5123 3017 5193 Πλὴν
3055 5124 3136 5177 ὅτι
3181 5124 3241 5177 τὸ
3274 5127 3639 5198 χωνευτήριον
3674 5127 3738 5179 ὲν

2137 5213 2271 5283 οἴκῳ
2319 5213 2546 5284 Κυρίου,
2579 5216 2743 5283 φησὶν
2790 5217 2820 5268 6
2870 5216 3179 5287 προφήτης.
3210 5218 3506 5288 Δοκιιμάζει
3556 5217 3669 5287 γὰρ
3700 5219 3739 5288 ἠ

2151 5304 2449 5373 Ἐκκλησία
2477 5305 2716 5377 Χριστοῦ
2747 5306 2839 5359 τὸν
2864 5308 3095 5361 ἑκάστου
3129 5312 3353 5379 τρόπον,
3384 5312 3479 5363 καὶ
3518 5308 3615 5380 τῆς
3647 5311 3739 5371 εἰς

2140 5397 2374 5466 Χριστὸν
2417 5398 2637 5467 ἀγάπης
2685 5398 2746 5450 τὸ
2789 5400 3036 5469 γνήσιον,
3069 5401 3162 5454 καὶ
3191 5401 3493 5469 διακρίσεις
3529 5402 3742 5470 ἔχουσα

2142 5488 2489 5557 πνευμάτων,
2524 5486 2663 5542 οἶδεν
2709 5490 2972 5560 ἀκριϐῶς,
3002 5490 3086 5555 τίς
3122 5492 3221 5562 μὲν
3256 5493 3396 5562 ἁγίῳ
3445 5492 3739 5557 Πνεὺματι

2494 5690 2536 5721 ¹¹
2579 5689 2767 5746 Matth.
2822 5708 2971 5757 xm,
3039 5694 3127 5749 15.
3208 5695 3250 5725 ¹²
3290 5692 3463 5746 lCor.
3499 5709 3578 5759 tu,
3631 5692 3731 5745 13-
