4026 6276
310 391 415 452 I97

1124 389 1677 447 COMMENTARIUS
1715 390 1779 446 IN
1823 391 2231 448 ZACIIARIAM
2273 395 2719 457 PROPIIETAM.

310 504 479 571 λαλεῖ,
514 506 713 577 Κύριον
758 506 1035 577 ὀνομάζων
1081 505 1318 577 Ἰησοῦν·
1369 508 1455 571 τίς
1494 507 1551 562 δὲ
1590 509 1654 580 δὴ
1691 510 1785 563 καὶ
1819 510 1877 563 δν

1980 511 2092 565 veri
2124 514 2438 571 adoratores
2467 517 2539 583 “,
2579 518 2738 588 etqni
2774 533 2986 574 rursum
3012 521 3139 594 lupi,
3164 529 3212 580 in
3241 525 3571 585 vestimentis

309 598 655 661 Βεελζεδοῦλ,
686 596 930 666 ἀνάθεμα
955 596 1131 664 λέγων
1163 598 1328 650 αὐτόν
1352 615 1366 629 ο
1400 600 1494 653 καὶ
1533 600 1676 663 τίνες
1710 601 1809 670 μὲν
1842 601 1892 653 οἱ

1994 605 2173 657 ovium
2207 608 2272 660 ad
2314 623 2409 662 nos
2432 611 2712 664 venientes
2748 611 2811 663 ".

310 689 551 759 ἀληθινοὶ
598 689 989 759 προσκυνηταὶ,
1021 689 1165 750 τίνες
1198 689 1255 741 δὲ
1302 686 1369 742 αὖ
1428 693 1476 744 oi
1522 691 1597 755 ὠς
1630 692 1891 762 ἐνδύμασι

312 780 594 845 προϐάτων
625 779 757 848 πρὸς
784 779 931 848 ἡμᾶς
966 778 1253 848 ἐρχόμενοι
1285 778 1457 833 λύκοι.

380 869 488 923 Καὶ
528 867 827 936 ἀπέρῤιψα
874 869 994 937 τὴν
1027 869 1256 936 ῥάϐδον
1304 870 1422 939 τὴν
1459 870 1767 941 δευτέραν,
1822 875 1888 928 τὸ

310 960 654 1027 Σχοίνισμα,
699 946 817 1012 τοῦ
842 958 1240 1014 διασκεδάσαι
1274 955 1391 1029 τὴν
1419 963 1714 1032 διαθήκην
1745 966 1889 1019 dra-

296 1053 491 1113 μέσον
522 1050 628 1103 τοῦ
666 1050 882 1113 Ἰούδα,
913 1051 1012 1104 καὶ
1042 1051 1356 1121 ἀναμέσον
1384 1054 1491 1107 τοῦ
1527 1057 1798 1122 Ἰσραήλ.

375 1140 497 1192 III".
551 1139 807 1203 Ῥάδδους
837 1140 940 1211 ἔφη
971 1142 1063 1194 δύο
1088 1143 1354 1214 λήψεσθαι
1383 1146 1638 1216 Χριστὸν,
1666 1147 1805 1200 οὕτω
1828 1165 1886 1202 τε

301 1229 703 1297 κατανεμήσειν
731 1229 787 1279 ὲν
817 1230 1008 1292 αὐταῖς
1044 1232 1112 1284 τὰ
1140 1235 1314 1285 οἰκεῖα
1354 1234 1625 1303 πρόϐατα,
1650 1237 1804 1304 δῆλον
1830 1236 1884 1288 δὲ

299 1318 517 1369 ὅτιτῶν
547 1319 635 1371 διὰ
670 1318 907 1382 πίστεως
956 1322 1306 1391 κεκλημένων
1335 1325 1434 1393 τὴν
1463 1326 1623 1393 ἁγίαν
1652 1326 1882 1395 πληθύν.

302 1410 415 1461 Καὶ
448 1411 639 1479 ῥάϐδον
680 1411 780 1480 μὲν
816 1410 954 1465 εἶναι
994 1412 1094 1483 τὴν
1138 1414 1309 1486 καλὴν
1342 1416 1601 1487 ἐλέγομεν
1626 1421 1725 1489 τὴν
1756 1437 1883 1473 παι-

300 1500 467 1565 δείαν,
518 1502 635 1572 ἦτοι
662 1502 722 1553 τὸ
761 1504 1018 1573 κήρυγμα
1050 1504 1112 1556 τὸ
1140 1506 1513 1574 εύαγγελικὺν,
1546 1510 1647 1579 τήν
1676 1526 1737 1577 γε
1773 1512 1880 1580 μὴν

298 1592 493 1663 ἑτέραν
548 1593 644 1661 τὴν
700 1593 941 1646 Παλαιὰν
988 1596 1294 1665 Διαθήκην,
1341 1600 1620 1664 τουτέστι,
1657 1602 1756 1671 τὴν
1801 1602 1880 1671 τῷ

310 1680 527 1750 Ἰσραὴλ
562 1680 806 1733 δοθεῖσαν
831 1684 910 1744 είς
939 1682 1209 1754 βοήθειαν,
1244 1687 1384 1741 κατὰ
1411 1688 1508 1759 τὴν
1538 1689 1630 1742 τοῦ
1663 1694 1875 1763 προφή-

293 1787 388 1824 του
428 1774 630 1843 φωνήν.
670 1791 688 1823 ι
719 1773 901 1842 Νόμον
939 1773 1067 1844 γὰρ,
1107 1778 1290 1846 φησὶν,
1320 1780 1400 1841 είς
1436 1779 1688 1850 βοήθειαν
1714 1782 1875 1836 δέδω-

297 1880 414 1916 κεν.
448 1881 467 1914 t
496 1863 620 1916 Ὀτι
665 1864 845 1917 τοίνυν
890 1866 1010 1935 οὐχὶ
1045 1866 1108 1936 δὴ
1145 1867 1325 1937 μόνοις
1361 1871 1473 1933 τοῖς
1508 1872 1882 1940 εὐαγγελικοῖς

295 1953 659 2023 παιδεύμασιν
700 1957 732 2026 ἡ
780 1956 888 2010 τῶν
939 1958 1108 2010 ἐθνῶν
1156 1958 1351 2030 ἔμελλε
1408 1963 1881 2032 παιδαγωγεῖσθαι

295 2046 524 2114 πληθὺς,
553 2046 690 2099 ἀλλὰ
717 2046 827 2117 γὰρ
865 2049 960 2101 καὶ
1006 2051 1197 2114 αὑταῖς
1234 2054 1351 2114 ταῖς
1386 2053 1552 2106 πάλαι
1583 2071 1641 2107 τε
1673 2056 1768 2108 καὶ
1794 2056 1882 2109 διὰ

295 2137 538 2201 Μωσέως
567 2136 834 2201 δοθείσαις
867 2140 1127 2203 ἐντολαῖς.
1166 2141 1678 2215 μεταπλαττομένης
1698 2145 1883 2214 δηλονο

293 2228 375 2281 ότι
426 2228 526 2298 τῆς
562 2231 618 2282 ὲν
649 2229 801 2301 νόμῳ
843 2233 1004 2294 σκιᾶς
1045 2233 1126 2294 εἰς
1177 2234 1456 2302 ἀλήθειαν,
1488 2235 1583 2287 κοιλ⁸
1635 2236 1724 2288 διὰ
1775 2236 1881 2290 τῶν

293 2321 674 2391 προκειμένων
724 2325 858 2394 ἡμῖν
909 2325 1228 2393 καθίστησιν
1269 2327 1518 2397 ἐναργές.
1553 2328 1660 2381 Καὶ
1693 2328 1881 2399 ὥσπερ

291 2413 665 2483 ἀπορῥιφῆναι
713 2414 809 2467 καὶ
840 2415 1202 2484 σκεδασθῆναι
1229 2417 1329 2474 τὴν
1353 2418 1522 2487 καλὴν
1555 2417 1656 2487 ἔφη
1686 2419 1881 2490 ῥάϐδον

292 2504 583 2576 (διεσπάρη
615 2506 723 2576 γὰρ
757 2506 944 2577 ὥσπερ
968 2508 1026 2558 ὲν
1048 2510 1166 2569 ταῖς
1195 2508 1304 2559 τῶν
1336 2510 1656 2562 Χαναναίων
1676 2509 1881 2579 χώραις

289 2598 323 2665 ὴ
364 2595 694 2666 εύαγγελικὴ
731 2597 1032 2661 παίδευσις,
1078 2598 1490 2669 περιενεχθεῖσα
1524 2600 1762 2671 δηλονότι
1791 2602 1879 2655 διὰ

290 2681 399 2734 τῶν
435 2681 602 2749 ἁγίων
639 2684 1013 2753 ἀποστόλων),
1062 2685 1203 2739 οὕτω
1250 2687 1341 2739 καὶ
1386 2689 1610 2759 ήὲτέρα
1660 2690 1875 2759 ῥάϐδος,

288 2784 411 2841 ητοι
442 2772 743 2835 παίδευσις,
767 2774 1031 2838 τουτέστι,
1049 2776 1106 2827 τὸ
1125 2778 1436 2847 Σχοίνισμα,
1458 2779 1623 2847 ἤγουν
1646 2782 1673 2832 ὁ
1694 2781 1875 2851 νόμος,

289 2861 318 2913 6
346 2862 402 2914 ὲν
427 2861 576 2928 τάξει
602 2862 866 2933 διαθήκης
906 2864 1060 2935 παρὰ
1098 2866 1233 2918 Θεοῦ
1270 2867 1448 2929 τεθεὶς
1476 2870 1751 2938 ἁναμέσον
1781 2870 1877 2923 τοῦ

304 2952 494 3016 Ἰούδα,
524 2952 617 3005 καὶ
660 2954 930 3024 ἀναμέσον
975 2955 1070 3008 τοῦ
1111 2956 1344 3027 Ἰσραὴλ,
1373 2959 1640 3022 τουτέστι,
1680 2960 1878 3024 παντὸς

290 3045 383 3098 τοῦ
415 3046 605 3114 γένους
632 3045 725 3098 τοῦ
752 3044 810 3111 ἐξ
838 3048 1056 3117 Ἰσραήλ
1076 3064 1089 3077 ·
1131 3048 1332 3102 Ἰούδαν
1364 3050 1459 3119 μὲν
1488 3052 1596 3121 γὰρ
1624 3052 1877 3122 ὀνομάζει

288 3136 388 3198 τὰς
461 3138 518 3188 ὲν
585 3139 698 3200 τοῖς
755 3138 1153 3208 Ἰεροσολύμοις
1206 3139 1297 3191 δύο
1341 3140 1551 3207 φυλὰς,
1597 3143 1767 3211 αὐτήν
1818 3159 1876 3196 τε

286 3229 385 3300 τὴν
412 3228 579 3282 ’ἰούδα
608 3229 750 3298 φημὶ
797 3228 890 3281 καὶ
926 3229 1205 3299 Βενιαμὶν,
1223 3228 1436 3299 Ἰσραὴλ
1469 3230 1523 3281 δὲ
1559 3230 1656 3291 τὰς
1685 3230 1876 3296 ἐτέρας

285 3320 441 3382 δέκα,
470 3319 568 3383 τὰς
595 3321 651 3372 ὲν
675 3323 740 3391 τῇ
770 3320 1051 3389 Σαμαρείᾳ
1074 3320 1423 3389 διακειμένας
1446 3318 1581 3389 ὁμοῦ
1609 3318 1687 3387 τῷ
1715 3319 1777 3371 Ἰε
1790 3336 1879 3387 ρο-

287 3412 455 3481 ϐοάμ.
490 3412 708 3465 Δέδοται
747 3412 810 3482 δὴ
845 3408 936 3463 οὖν
970 3414 1083 3474 τοῖς
1119 3413 1183 3464 ὲκ
1214 3413 1449 3480 Χαναὰμ
1486 3412 1577 3463 καὶ
1623 3412 1651 3463 6
1692 3410 1873 3481 νόμος,

291 3497 818 3568 μυσταγωγούμενος
879 3500 1007 3567 γὰρ,
1060 3497 1136 3561 ὡς
1180 3498 1337 3567 ἔφην,
1385 3502 1630 3568 νομικοῖς
1685 3516 1743 3551 τε
1784 3500 1877 3551 καὶ

288 3589 666 3658 εὐαγγελικοῖς
719 3588 1070 3658 θεσπίσμασι.
1104 3589 1374 3660 Ἰάύτῃτοι
1426 3590 1518 3643 καὶ
1563 3589 1799 3658 ἔφασκεν
1846 3591 1875 3643 ὸ

288 3682 518 3751 Σωτήρ·
567 3699 583 3732 t
618 3680 707 3751 Μὴ
764 3681 1044 3750 νομίσητε,
1082 3682 1163 3734 ὅτι
1219 3677 1382 3752 ἦλθον
1440 3681 1736 3735 καταλῦσαι
1784 3682 1875 3733 τὸν

288 3773 477 3841 νόμον.
510 3773 622 3825 Οὐκ
648 3769 811 3844 ἦλθον
850 3772 1168 3838 καταλῦσαι,
1202 3773 1337 3827 ἀλλὰ
1370 3773 1680 3844 πληρῶσαι.
1718 3775 1875 3843 Λέγω

291 3863 400 3935 γάρ
431 3864 578 3933 ὑμῖν,
607 3865 712 3926 ἓως
740 3866 804 3917 ἂν
843 3863 1086 3935 παρέ).οῃ
1108 3866 1133 3917 6
1160 3865 1408 3935 οὐρανὸς,
1444 3866 1538 3918 καὶ
1565 3866 1597 3935 ἡ
1628 3867 1716 3936 γῆ.
1743 3866 1875 3918 ἰῶτα

290 3955 370 4021 ἓν,
401 3956 433 4025 ἢ
466 3955 561 4024 μία
596 3955 790 4024 κεραία
821 3957 879 4007 οὐ
922 3955 995 4025 μὴ
1024 3955 1269 4026 παρέλθῃ
1300 3956 1407 4007 ἀπὸ
1436 3955 1530 4008 τοῦ
1560 3957 1745 4025 νόμου,
1771 3956 1875 4020 ἕως

291 4048 359 4100 ἂν
400 4046 575 4099 πάντα
606 4047 850 4115 γένηται.
878 4065 894 4098 ι
930 4046 1040 4117 Πλη
1052 4051 1133 4115 ροῑ
1170 4047 1278 4117 γὰρ
1304 4046 1395 4099 τὸν
1424 4048 1586 4114 νόμον
1610 4046 1876 4099 διδάσκων

292 4136 359 4187 τὰ
395 4136 534 4205 ὑπὲρ
564 4135 743 4204 νόμον,
782 4136 871 4187 καὶ
910 4135 1006 4187 οὐκ
1040 4136 1145 4202 ἔξω
1172 4135 1337 4205 νόμου
1374 4135 1542 4198 τιθεὶς
1581 4136 1669 4187 τὸν
1719 4135 1874 4188 παιδ-

293 4227 699 4298 αγωγούμενον,
722 4227 794 4290 ὼς,
827 4227 883 4279 ἓν
912 4245 975 4296 γε
1002 4228 1079 4298 τῷ
1110 4228 1273 4295 φάναι
1302 4228 1463 4297 τυχόν
1481 4244 1494 4256 ·
1538 4247 1554 4278 ι
1579 4227 1877 4280 Ἠκούσατε

290 4317 375 4369 ὅτι
421 4317 618 4388 ὲῤῥέθη
670 4321 782 4380 τοῖς
837 4318 1114 4388 ἀρχαίοις·
1167 4320 1240 4370 Οὐ
1277 4319 1580 4387 φονεύσειςο
1631 4318 1687 4381 ὃς
1735 4319 1780 4371 δ’
1810 4318 1877 4372 ἂν

288 4406 550 4476 φονεύσῃ,
582 4408 763 4475 ἔνοχος
792 4406 944 4460 ἔσται
970 4410 1034 4477 τῇ
1064 4407 1261 4477 κρίσει.
1280 4407 1421 4475 Ἐγὼ
1453 4409 1507 4460 δὲ
1541 4408 1682 4475 λέγω
1708 4410 1836 4478 ὑμῖν
1860 4425 1872 4438 ·

2067 866 2132 922 Et
2156 869 2325 938 abjeci
2357 870 2549 939 virgam
2592 888 2757 925 meum
2805 873 3090 927 secundum
3126 891 3242 944 qui?
3277 875 3570 945 appellatur

1994 957 2309 1023 Fuuiculus,
2343 971 2395 1013 ut
2455 964 2764 1031 dissiparem
2796 974 3157 1017 testamentum
3193 967 3324 1019 inter
3370 966 3568 1020 Jadmn

1988 1055 2037 1099 et
2062 1044 2253 1099 Israel.
2486 1112 2500 1127 κ

2058 1136 2343 1191 LXXXIII.
2401 1138 2544 1193 Duas
2601 1140 2777 1210 virgas
2821 1142 3099 1197 Christum
3162 1154 3566 1209 assumpturnm

1988 1229 2249 1292 narravit,
2281 1238 2441 1297 atque
2509 1228 2581 1281 ita
2646 1229 2696 1281 in
2750 1230 2865 1298 ipso
2925 1244 3053 1283 oves
3093 1245 3217 1283 suas
3267 1242 3566 1298 pastorum.

1988 1316 2127 1370 haud
2164 1316 2384 1370 dubiqu
2428 1319 2555 1384 quin
2604 1333 2698 1386 per
2746 1319 2905 1371 [idem
2957 1331 3268 1374 vocatorum
3324 1330 3565 1372 sant-tam

1986 1407 2401 1461 multitudinem.
2433 1408 2497 1460 Et
2520 1410 2724 1479 virgam
2753 1411 2966 1475 quidem
3020 1412 3299 1479 pulchram
3352 1413 3568 1466 diceba-

1983 1510 2101 1549 mus
2132 1510 2252 1549 esse
2283 1498 2605 1561 doctrinam,
2638 1514 2731 1552 seu
2794 1500 3230 1568 praedicationem
3289 1502 3530 1571 eviingcli
3552 1532 3566 1544 -

1981 1599 2137 1638 eam:
2182 1585 2406 1639 alteram
2472 1588 2638 1642 Vetus
2700 1587 3129 1654 Testamentum,
3179 1607 3374 1660 nempe
3425 1596 3564 1662 quod

1978 1672 2163 1729 Israeli
2189 1678 2374 1729 datum
2400 1688 2484 1731 est
2512 1679 2562 1731 in
2594 1681 2849 1734 auxilium
2872 1681 3021 1749 juxta
3042 1682 3313 1751 propheta:
3358 1698 3563 1737 vocant.

1978 1763 2160 1832 quuit
2186 1766 2330 1817 enim
2365 1782 2377 1818 :
2420 1785 2437 1817 ι
2462 1766 2660 1837 Legem
2693 1770 2744 1823 in
2772 1770 3103 1839 adjutorium
3148 1772 3299 1825 dedit
3320 1772 3382 1824 η.
3411 1790 3429 1823 ι
3466 1771 3568 1841 Igi-

1913 1846 2073 1907 Btur
2134 1855 2370 1922 gentium
2440 1857 2836 1912 multitudinem
2878 1876 2981 1912 non
3057 1869 3263 1912 tantum
3320 1860 3564 1913 doctrina

1982 1943 2309 2011 evangelica,
2340 1944 2432 1996 sed
2465 1944 2594 2012 ipsis
2619 1945 2784 1997 etiam
2813 1947 3050 2015 antiquis
3091 1956 3145 2001 et
3172 1963 3202 2001 a
3253 1948 3400 2002 Mose
3451 1959 3562 2001 tra-

1981 2033 2110 2086 ditis
2147 2035 2719 2101 prmeeptisimbutum
2753 2027 2839 2100 iri,
2890 2038 3083 2092 umbra
3131 2039 3381 2092 videlicet
3428 2039 3562 2108 legis

1982 2125 2333 2179 inveritatem
2369 2136 2751 2196 transmutata,
2809 2130 2987 2184 verbis
3040 2130 3334 2199 propositis
3409 2131 3564 2185 nobis

1981 2216 2238 2270 declarat.
2268 2218 2434 2287 768
2453 2218 2515 2271 Et
2550 2234 2657 2284 quo
2686 2220 2844 2274 modo
2867 2221 3131 2291 abjectam
3157 2232 3209 2275 et
3244 2222 3560 2290 dissipatam

1980 2307 2257 2375 pulchram
2294 2310 2497 2377 virgam
2529 2310 2663 2364 dixit
2693 2309 2870 2381 (quasi
2899 2314 3042 2367 enim
3098 2328 3195 2382 per
3229 2314 3561 2368 Cltanaumo-

1981 2400 2380 2467 rumregioncs
2437 2400 2681 2468 dispersa
2753 2412 2837 2457 est
2900 2404 3165 2458 institutio
3228 2404 3559 2473 evangelica,

1981 2490 2291 2543 circumlata
2326 2490 2582 2544 nimirum
2610 2507 2703 2560 per
2748 2505 2966 2548 sanctos
3011 2494 3327 2564 apostolos),
3387 2497 3458 2547 ita
3506 2505 3561 2546 et

1981 2578 2146 2632 altera
2178 2580 2350 2649 virga,
2388 2590 2514 2650 puta
2545 2581 2861 2647 Funiculus,
2914 2584 3027 2637 sive
3078 2585 3184 2650 lex,
3239 2584 3358 2639 loco
3401 2593 3564 2638 testa-

1981 2671 2144 2722 menti
2166 2685 2194 2723 a
2221 2670 2328 2724 Deo
2356 2672 2649 2726 constituta
2677 2673 2814 2727 inter
2843 2674 3035 2729 Judam
3096 2685 3149 2729 et
3181 2675 3365 2739 Israel,
3416 2677 3563 2730 idest

1986 2763 2296 2817 universum
2330 2780 2496 2832 genus
2530 2765 2736 2820 Israel:
2783 2766 2974 2821 Jndam
3013 2770 3155 2822 enim
3191 2771 3326 2823 duas
3369 2769 3563 2823 Iliero-

1980 2855 2205 2924 Solymis
2244 2857 2434 2921 tribus,
2463 2858 2633 2927 ipsam
2657 2856 2815 2924 Juda,
2854 2859 3095 2927 inquam,
3156 2870 3210 2914 et
3258 2860 3560 2930 Bcujamin,

1979 2949 2144 3003 Israel
2178 2958 2357 3004 autem
2394 2950 2628 3020 reliquas
2660 2952 2842 3005 decem
2879 2953 2933 3006 iu
2954 2951 3199 3007 Samaria
3255 2972 3377 3008 cum
3402 2954 3560 3009 .lero-

1979 3040 2134 3092 boam
2177 3040 2383 3094 locatas
2412 3043 2666 3109 appellat.
2699 3040 2832 3095 Data
2882 3052 2964 3095 est
3014 3044 3178 3112 igitur
3228 3043 3556 3098 Chananmis

1979 3130 2143 3182 etiam
2170 3129 2251 3182 lex
2290 3131 2581 3199 :legalibus
2601 3132 2743 3185 enim
2771 3142 2825 3186 et
2877 3132 3205 3201 evangelicis
3228 3134 3460 3189 decretis
3481 3136 3564 3190 in-

1982 3219 2246 3274 formatus
2277 3222 2763 3287 est.Quamobrem
2816 3233 2869 3275 et
2918 3223 3168 3278 Salvator
3193 3208 3370 3279 aiebat
3406 3240 3423 3280 :
3463 3227 3562 3281 No-

1982 3309 2073 3364 lite
2095 3320 2304 3378 putare,
2332 3314 2587 3380 quoniam
2614 3315 2734 3367 veni
2785 3315 2995 3370 solvere
3045 3316 3235 3385 legem.
3282 3316 3397 3373 Non
3434 3323 3556 3375 veni

1980 3402 2212 3467 Solvere,
2275 3403 2368 3456 sed
2421 3402 2737 3472 adimplere.
2796 3403 2924 3458 Dico
2972 3407 3115 3460 enim
3170 3409 3342 3474 vobis,
3392 3412 3560 3466 donec

1980 3501 2221 3545 transeat
2245 3493 2441 3546 cmlum
2475 3504 2528 3546 et
2557 3502 2697 3549 terra
2718 3534 2733 3559 ,
2762 3495 2865 3550 iota
2903 3512 3090 3564 unum,
3118 3508 3205 3552 aut
3241 3516 3377 3555 unus
3425 3518 3560 3571 apex

1979 3599 2083 3637 non
2109 3584 2405 3651 prtetcribit
2430 3600 2459 3637 a
2486 3585 2620 3653 lege,
2656 3588 2825 3639 donec
2858 3589 3041 3640 omnia
3070 3588 3199 3642 llant
3227 3591 3293 3644 ".
3325 3608 3343 3640 ι
3374 3591 3561 3644 Adim-

1978 3675 2088 3744 plet
2120 3676 2261 3728 enim
2292 3675 2487 3743 legem,
2522 3676 2718 3727 docens
2742 3690 2861 3745 quae
2889 3686 3013 3728 sunt
3043 3693 3203 3745 supra
3237 3679 3431 3749 legem,
3460 3695 3559 3735 nec

1979 3766 2177 3835 excipit
2213 3782 2239 3818 a
2274 3768 2389 3835 lege
2412 3782 2532 3820 eum
2562 3767 2654 3836 qui
2682 3768 2924 3831 docetur,
2953 3778 3011 3821 ut
3043 3784 3163 3823 cum
3202 3771 3351 3833 dicit,
3376 3786 3558 3826 excru-

1980 3857 2047 3925 pli
2099 3873 2301 3911 causa:
2339 3878 2357 3908 ι
2404 3857 2644 3912 Audistis
2702 3857 2825 3926 quia
2892 3859 3096 3911 dictum
3132 3868 3215 3914 est
3260 3861 3545 3929 antiquis:

1976 3949 2090 4003 Non
2111 3948 2325 4002 occides
2357 3962 2371 4001 :
2403 3948 2492 4017 qui
2525 3957 2702 4003 autem
2735 3949 3015 4017 occiderit,
3045 3965 3166 4005 rcus
3199 3951 3302 4005 erit
3332 3951 3556 4020 judicio.

1979 4038 2089 4108 Ego
2113 4050 2290 4092 autem
2319 4041 2438 4094 dico
2474 4040 2629 4095 vobis
2665 4058 2678 4093 :
2715 4040 2905 4095 Omnis
2942 4042 3033 4111 qui
3096 4041 3348 4095 irascitur
3407 4043 3559 4097 fratri

1978 4144 2075 4185 suo
2105 4133 2219 4186 sine
2245 4146 2432 4193 causa.
2483 4146 2607 4187 reus
2661 4133 2764 4187 erit
2798 4132 3001 4199 judicio
3037 4133 3105 4185 '°.
3147 4151 3167 4184 ›
3201 4134 3266 4187 Ει
3300 4134 3497 4187 Iterum
3537 4149 3551 4184 :

1987 4239 2005 4272 ι
2048 4222 2292 4275 Audistis
2326 4222 2449 4290 quia
2482 4222 2685 4276 dictum
2716 4233 2799 4276 est
2832 4241 2845 4276 :
2891 4223 3006 4277 Non
3035 4224 3417 4278 mmehalseris.
3447 4225 3560 4295 Ego

1981 4325 2158 4367 autem
2185 4315 2305 4368 dico
2323 4314 2496 4379 vobis,
2534 4319 2657 4383 quia
2688 4317 2864 4369 omnis
2887 4316 2976 4383 qui
3000 4316 3143 4370 videt
3174 4317 3455 4370 mulierem
3490 4318 3558 4371 ad

1981 4405 2628 4477 concupiscendum,jam
2667 4408 2967 4461 mmcltatus
2998 4417 3083 4462 est
3119 4422 3238 4461 eam
3287 4408 3339 4461 in
3389 4409 3561 4464 corde

293 4497 425 4548 Ὀτι
460 4497 567 4555 πᾶς
613 4497 642 4545 ὁ
693 4495 1043 4563 ὀργιζόμενος
1068 4494 1144 4564 τῷ
1175 4496 1389 4566 ἀδελφῷ
1420 4497 1588 4549 αὐτοῦ
1622 4499 1763 4568 εἰκῆ,
1795 4498 1879 4551 ἕν-

1986 4514 2085 4553 suo
2111 4502 2176 4555 “.
2212 4520 2231 4552 ι
2259 4500 2513 4569 Impletur
2536 4500 2679 4553 enim
2731 4499 2880 4564 illud,
2922 4517 2941 4550 ι
2997 4498 3111 4555 Non
3159 4500 3396 4565 occides,
3432 4519 3452 4553 ι
3510 4501 3560 4555 si

288 4603 422 4656 οχος
452 4584 604 4637 ἔσται
651 4587 716 4654 τῇ
754 4582 947 4652 κρίσει.
982 4600 997 4632 t
1050 4585 1160 4636 Καὶ
1194 4587 1383 4640 πάλιν·
1420 4606 1438 4637 ι
1463 4588 1759 4640 Ἠκούσατε
1796 4590 1877 4643 ὅτι

290 4676 496 4748 ὲῤῥέθη
520 4690 532 4703 ·
582 4674 656 4727 Οὐ
694 4673 1020 4744 μοιχεύσεις.
1041 4673 1182 4742 Ἐγὼ
1221 4675 1277 4727 δὲ
1316 4676 1459 4743 λέγω
1491 4678 1617 4744 ὑμῖν
1651 4678 1729 4729 ὅτι
1769 4682 1876 4743 πᾶς

289 4772 322 4821 6
354 4769 566 4839 βλέπων
596 4770 829 4835 γυναῖκα
862 4767 997 4837 trp-‘1;
1029 4768 1090 4820 τὸ
1122 4767 1479 4835 ἐπιθυμῆσαι,
1502 4768 1598 4837 ἤδη
1627 4771 1875 4840 ἐμοίχευ-

295 4876 389 4912 σεν
415 4858 585 4930 αὐτὴν
615 4861 672 4911 ὲν
705 4860 770 4928 τῇ
801 4857 1000 4928 καρδίᾳ
1037 4857 1223 4911 αὐτοῦ.
1257 4877 1274 4907 ι
1297 4859 1343 4910 Ἀ
1356 4859 1742 4928 ποπεραίνεται
1769 4861 1876 4931 γὰρ

286 4952 373 5012 τὸ,
421 4968 438 5000 ι
474 4949 548 5003 Οὐ
581 4948 881 5017 φονεύσεις,
911 4967 930 4999 ›
963 4948 1037 5011 ὠς
1067 4949 1125 5002 ἐν
1166 4965 1227 5017 γε
1256 4948 1333 5016 τῷ
1367 4950 1751 5018 παραιτεῖσθαι
1776 4952 1876 5023 τὴν

289 5037 484 5108 ὀργὴν,
515 5040 546 5109 ἣ
573 5039 699 5109 ῥίζα
725 5039 786 5091 τέ
833 5040 951 5091 ἐστι
993 5038 1086 5090 τοῦ
1122 5040 1281 5106 φόνου
1313 5040 1405 5092 καὶ
1449 5041 1681 5106 γένεσις.
1721 5043 1793 5094 Τὸ
1818 5043 1875 5096 δὲ

1986 4591 2076 4645 ine
2103 4592 2274 4645 locum
2309 4606 2412 4645 non
2437 4590 2729 4659 relinquas.
2776 4603 2897 4658 qua:
2934 4592 3094 4646 credis
3123 4592 3274 4645 radix
3302 4604 3355 4646 et
3389 4603 3558 4645 mater

1983 4690 2083 4735 est.
2114 4682 2455 4736 Excludendo
2499 4693 2677 4736 autem
2710 4697 2899 4736 omnes
2954 4683 3301 4752 cupiditates,
3326 4699 3419 4735 seu
3463 4698 3559 4734 ca-

1983 4774 2231 4841 stigando
2263 4774 2584 4841 voluptates,
2649 4788 2870 4842 prorsus
2921 4774 3082 4827 etiam
3142 4772 3386 4826 adulterii
3428 4787 3553 4839 pcr-

1988 4865 2235 4933 pctramli
2264 4865 2431 4918 libido
2463 4866 2668 4919 tollitur
2695 4883 2708 4920 :
2744 4867 2883 4919 sicut
2910 4866 3162 4921 videlicet
3209 4880 3328 4919 cum
3364 4864 3562 4917 radici-

1988 4957 2086 5009 bus
2116 4957 2239 5009 indc
2264 4958 2577 5011 exsistentia
2621 4958 2863 5028 germina
2910 4971 3151 5011 marcere
3207 4952 3556 5018 allirmarnus,

1980 5059 2097 5113 quae
2133 5047 2312 5114 potius
2352 5048 2493 5100 nulla
2524 5049 2744 5103 omnino
2777 5056 3127 5103 enascuntur.

294 5133 419 5204 μηδ’
450 5133 583 5196 ὅλως
618 5131 957 5203 εἰσδέχεσθαι
979 5134 1078 5196 τὰς
1118 5134 1431 5204 ἐπιθυμίας,
1459 5136 1624 5206 ἧγουν
1648 5136 1897 5201 κολάζειν
1935 5139 2030 5200 τὰς
2061 5139 2277 5209 ἡδονὰς,
2315 5138 2716 5208 συναναιρεῖται
2779 5155 2880 5191 που
2941 5138 3160 5197 πάντως
3192 5134 3288 5204 τῆς
3318 5131 3559 5202 μοιχείας

288 5233 320 5283 ὁ
372 5228 594 5299 τρόπος,
628 5228 884 5298 καθάπερ
925 5229 1115 5299 ἀμέλει
1167 5228 1261 5281 καὶ
1308 5229 1482 5299 ῥίζαις
1520 5233 2087 5303 συναπομαραίνεσθαι
2137 5251 2316 5302 φαμεν
2360 5233 2429 5286 τὰ
2469 5232 2527 5297 ἐξ
2599 5234 2779 5286 αὐτῶν
2848 5230 3224 5300 βλαστήματα,
3268 5227 3466 5298 μᾶλλον
3501 5229 3558 5282 δὲ

289 5324 418 5377 οὐδε
448 5323 731 5393 ἁνάσχοιεν
762 5323 834 5374 ὄλ(
846 5340 915 5385 λς.

365 5420 473 5473 Καὶ
506 5416 637 5474 εἷπε
688 5422 905 5487 Κύριος
957 5424 1106 5486 πρός
1148 5435 1255 5489 με·
1292 5420 1413 5472 Ἔτι
1453 5420 1599 5474 λάϐε
1641 5418 1879 5483 σεαυτῷ

286 5514 487 5579 σκεύη
540 5513 853 5581 ποιμενικὰ
898 5512 1179 5581 ποιμένος
1225 5512 1494 5579 ἀπείρου,
1543 5512 1690 5566 διότι
1747 5511 1875 5564 ἰδοὺ

284 5604 409 5673 ἐγὼ
455 5604 727 5673 ἐξεγείρω
757 5604 1009 5672 ποιμένα
1055 5605 1301 5674 ἄπειρον
1335 5605 1431 5657 ἐπὶ
1479 5604 1594 5670 τὴν
1627 5604 1761 5672 γῆν.
1804 5604 1872 5655 Τὸ

282 5695 665 5761 ἐκλιμπιὶνον
690 5695 762 5745 οὐ
783 5693 869 5762 μὴ
908 5694 1325 5762 ὲπισκέψηται,
1358 5694 1451 5746 καὶ
1483 5692 1549 5744 τὸ
1600 5692 1871 5758 διεσκορ-

359 5785 403 5816 ¹⁶
427 5783 674 5849 Joan.tv,
708 5783 801 5838 ‘25.
881 5786 919 5815 ³⁷
956 5785 1144 5838 Matth.
1177 5802 1273 5851 vtt,
1296 5787 1380 5838 I5.

2057 5419 2221 5474 Vens.
2258 5421 2345 5485 15,
2382 5421 2469 5478 Ili.
2524 5420 2593 5474 Et
2626 5422 2762 5473 dixit
2810 5418 3067 5473 Dominus
3130 5423 3198 5474 ad
3220 5439 3298 5475 me
3330 5439 3346 5475 :
3377 5422 3557 5474 Adhuc

1981 5526 2123 5563 sume
2149 5511 2242 5563 tibi
2302 5528 2426 5564 vasa
2491 5511 2805 5579 pastoralia,
2866 5513 3094 5580 pastoris
3137 5513 3383 5582 imperiti,
3434 5516 3556 5579 quin

1979 5616 2092 5653 ecce
2108 5618 2198 5669 ego
2227 5606 2417 5654 suscita
2435 5615 2695 5671 pastorem
2728 5620 2883 5672 super
2912 5615 3128 5657 terram.
3159 5604 3423 5673 Deﬁcicns
3457 5620 3556 5653 non

1978 5690 2230 5751 visitabit,
2256 5702 2302 5744 et
2334 5693 2628 5759 dispersum
2653 5710 2753 5746 non
2790 5696 3036 5763 requiret,
3074 5707 3118 5747 et
3149 5697 3428 5747 contritum
3454 5706 3557 5740 non

1462 5781 1902 5845 '“G:=I::t.ltt,‘2l.
1983 5780 2023 5811 ¹⁹
2049 5781 2304 5850 Μιιιιιι.ν,
2338 5786 2419 5847 I7,
2457 5786 2536 5838 I8.
2616 5786 2807 5839 "Ibid.
2837 5787 2925 5848 2|,
2953 5786 3044 5838 (ὶὲ.
3120 5787 3162 5816 ²¹
3201 5781 3438 5842 Ibid.‘27,
3463 5772 3553 5828 ‘38-

3466 413 3572 469 I98
3669 470 3678 485 ,
