4026 6276
515 375 611 430 199

1510 374 1567 428 S.
1608 370 1881 426 CYRILLI
1916 366 2385 423 ALEXANDRINI
2424 366 2748 422 ABCHIEP.

3666 366 3763 422 200

513 494 738 557 sanabit,
771 505 816 548 et
840 495 1098 563 integrum
1129 509 1230 546 non
1258 492 1467 561 diriget,
1499 502 1544 545 et
1577 508 1757 545 carnes
1808 492 2082 544 electorum

2193 485 2486 553 πισμένον
2535 489 2609 538 οὐ
2638 486 2724 554 μὴ
2760 483 3006 551 ζητήσῃ,
3038 483 3133 535 καὶ
3166 482 3233 535 τὸ
3264 480 3762 549 συντετριμμένον

512 585 799 653 devorabit,
834 595 879 638 et
910 584 1041 637 talos
1057 599 1235 636 eorum
1270 592 1540 651 pervertet.

584 843 868 901 LXXXIV.
902 844 1060 909 Boni,
1091 844 1346 912 sapientis
1375 844 1636 911 peritique
1680 842 1927 910 pasmris,
1983 840 2085 894 hoc

515 948 598 992 est
637 938 858 1002 Christi,
887 938 1066 1005 virgas
1097 939 1251 1001 duas,
1285 951 1417 1004 quas
1446 935 1688 1003 proiecit,
1734 946 1787 987 et
1817 933 1868 985 iu
1907 930 2085 1001 regio-

518 1030 677 1083 nibus
710 1028 1134 1081 Chananzeorum
1162 1027 1539 1090 dissipavit,eo
1575 1025 1733 1077 modo
1782 1038 1888 1090 quo
1922 1036 2083 1090 supra

520 1136 549 1171 a
583 1120 736 1172 nobis
767 1118 1091 1186 explicatum
1135 1125 1237 1179 est,
1279 1116 1440 1186 769
1468 1116 1682 1183 quidam
1716 1122 2085 1181 cognoverunt

522 1211 732 1265 Domini
777 1209 1004 1262 Verbum
1070 1224 1205 1263 esse.
1260 1208 1615 1260 Crediderunt
1660 1205 1825 1268 enim,
1865 1212 1921 1256 ut
1951 1202 2083 1266 dixi,

520 1300 664 1367 quod
721 1314 840 1352 cum
868 1298 1007 1351 Deus
1068 1307 1230 1361 esset,
1259 1311 1323 1349 ex
1372 1297 1477 1348 Deo
1522 1294 1681 1347 Patre
1735 1290 2083 1345 inenarrabili

520 1390 727 1443 ratiune
783 1391 1019 1458 genitum
1086 1386 1338 1448 Verbum,
1393 1394 1673 1453 postquam
1717 1382 1882 1436 nostri
1913 1380 2087 1434 simile

520 1490 701 1533 natum
762 1489 863 1541 est,
921 1489 975 1533 et
1026 1478 1275 1546 princeps
1332 1485 1606 1544 pastorum
1652 1473 1971 1541 appellatum
2018 1472 2084 1537 “,

518 1571 651 1638 ipsis
687 1571 749 1620 ad
778 1570 1161 1639 mystagogiam
1187 1578 1241 1621 et
1261 1568 1326 1619 ad
1356 1568 1598 1619 notitiam
1637 1574 1941 1617 accuratam
1973 1577 2089 1632 my--

522 1660 670 1712 sterii
704 1661 809 1723 sui,
843 1660 1209 1728 evangelicam
1237 1658 1634 1712 instilmionem
1668 1655 2090 1708 et‘illmninatio—

522 1766 664 1815 nem,
704 1750 1038 1819 legalemque
1088 1750 1254 1803 etiam
1323 1748 1666 1816 disciplinam
1724 1746 2085 1815 proposuerit.

2184 577 2256 628 οὺ
2281 576 2367 644 μὴ
2394 574 2656 641 ἰάσηται,
2692 576 2787 627 καὶ
2815 575 2878 626 τὸ
2906 574 3247 640 ὀλόκληρον
3277 572 3349 626 οὐ
3376 571 3461 639 μὴ
3486 572 3763 626 κατευθύ-

2185 682 2285 731 νῃ,
2319 664 2417 717 καὶ
2458 665 2528 717 τὰ
2564 664 2711 729 κρέα
2737 662 2854 716 τῶν
2885 662 3188 716 ἐκλεκτῶν
3217 662 3639 730 καταφάγεταί,
3669 663 3761 715 καί

2186 758 2326 821 τοὺς
2354 756 2777 823 ἀστραγάλους
2813 753 3011 808 αὐτῶν
3040 752 3386 820 ἐκστρέιίει.

2257 850 2379 901 ΠΔ⁹⁸
2427 847 2531 899 Τοῦ
2572 846 2780 914 ἀγαθοῦ
2821 844 3096 914 ποιμένος,
3128 844 3292 912 σοφοῦ
3324 861 3383 896 τε
3420 843 3515 896 καὶ
3546 844 3764 912 ἐπιστή-

2190 955 2368 1008 μονος,
2398 937 2645 990 τουτέστι
2688 934 2946 1004 Χριστοῦ,
2977 934 3075 996 τὰς
3127 934 3219 985 δύο
3274 932 3502 1001 ῥάϐδους
3537 934 3762 1003 ἁπορῥί-

2185 1030 2382 1100 eam;
2417 1048 2474 1082 τε
2505 1030 2599 1082 καὶ
2626 1028 3078 1088 διασκεδάσαντος
3101 1026 3159 1076 ἐν
3182 1029 3301 1086 ταῖς
3318 1025 3426 1076 τῶν
3452 1024 3764 1077 Χαναναίων

2187 1122 2413 1193 χώραις,
2445 1122 2585 1175 κατὰ
2632 1122 2758 1183 τοὺς
2792 1120 2893 1190 ἤδη
2944 1116 3482 1189 προαποδεδομένους
3512 1117 3762 1185 τρόπους,

2186 1218 2235 1267 οἱ
2278 1216 2375 1284 μὲν
2412 1212 2715 1282 ἐγνώκασιν
2739 1212 2820 1263 ὃτι
2848 1211 3017 1277 Λόγος
3052 1209 3256 1279 Κυρίου
3297 1208 3433 1261 ἐστί.
3470 1207 3765 1259 Πεπιστεύ-

2188 1323 2315 1359 κασι
2343 1305 2469 1375 γὰρ,
2504 1305 2579 1367 ὡς
2625 1304 2779 1372 ἔφην.
2811 1304 2891 1355 ὅτι
2919 1302 3051 1365 Θεὸς
3095 1300 3170 1353 ὢν
3221 1303 3249 1352 6
3287 1301 3350 1352 ἐκ
3386 1299 3523 1351 Θεοῦ
3560 1300 3765 1367 [ἰατρὸς

2187 1396 2512 1465 ἀποῤῥήτως
2544 1392 2940 1461 γεγεννημένος
2974 1390 3167 1457 Λόγος,
3207 1389 3393 1457 ἐπειδὴ
3422 1388 3613 1454 γέγονε
3640 1387 3765 1438 καθ’

2189 1485 2356 1553 ἡμᾶς.
2396 1481 2769 1552 κεχρημάτικέ
2806 1496 2865 1532 τε
2899 1478 3007 1531 τῶν
3039 1479 3174 1531 ὅλων
3208 1476 3567 1548 ἀρχιποίμην,
3606 1474 3765 1545 προῦ.

2190 1575 2355 1645 θηκεν
2383 1575 2563 1635 αὐτοῖς
2590 1575 2666 1634 εἰς
2697 1570 3086 1642 μυσταγωγίαν
3114 1569 3207 1622 καὶ
3231 1570 3308 1630 είς
3341 1568 3530 1638 εἴδησικ
3567 1567 3762 1637 ἀκριϐῆ

2187 1666 2281 1719 τοῦ
2314 1665 2435 1719 καθ’
2467 1663 2656 1716 ἐαυτὸν
2699 1659 2998 1732 μυστηρίου
3034 1661 3133 1730 τήν
3164 1675 3222 1710 τε
3257 1658 3618 1726 εὐαγγελικὴν
3642 1657 3763 1709 παί-

2189 1758 2369 1810 δευσιν
2413 1757 2507 1808 καὶ
2554 1752 2955 1823 φωταγωγίαν,
3012 1751 3106 1803 καὶ
3155 1749 3335 1818 μέντοι
3381 1748 3478 1817 τὴν
3517 1749 3760 1817 νομικὴν.

518 1843 624 1896 Has
657 1845 798 1897 enim
833 1843 967 1896 duas
1004 1857 1124 1895 esse
1156 1842 1334 1907 virgas
1356 1840 1687 1901 dicebamus,
1749 1839 1943 1904 quibus
1993 1852 2087 1890 nos

2195 1847 2408 1909 Ταύτας
2441 1845 2549 1916 γὰρ
2595 1840 2734 1897 εἶναι
2764 1843 2861 1904 τὰς
2892 1842 2985 1894 δύο
3021 1839 3246 1910 ῥάϐδους
3288 1837 3568 1905 ἐλέγομεν,
3601 1835 3665 1888 δι’
3696 1829 3764 1888 ὧν

518 1935 689 2001 pascit
714 1932 965 1985 Christus
1002 1949 1019 1980 ‹
1057 1931 1108 1981 in
1140 1928 1356 1997 pascuis
1414 1927 1586 1987 bonis,
1641 1936 1689 1977 et
1726 1927 1775 1977 in
1806 1927 1923 1979 loco
1965 1926 2089 1992 pin-

517 2026 627 2093 gui,
670 2042 687 2072 ι
721 2032 778 2074 ut
810 2022 1071 2088 scriptum
1091 2019 1352 2073 exstat".
1408 2016 1606 2071 Verum
1662 2016 1830 2070 Judaei
1873 2032 1976 2072 uOu
2008 2019 2090 2070 in-

520 2110 828 2179 telligentes
890 2109 1229 2176 mysterium,
1268 2116 1323 2160 et
1375 2108 1682 2177 ignorantes
1717 2108 1922 2175 virgam
1969 2106 2090 2175 pul-

516 2206 726 2263 chram,
754 2199 856 2252 hoc
880 2206 965 2251 est
1017 2198 1447 2266 praedicationem
1479 2198 1860 2266 evangelicatn,
1898 2206 1953 2251 et
2004 2199 2088 2251 in-

516 2304 680 2356 super
711 2286 934 2339 alteram
972 2287 1195 2355 virgam,
1228 2287 1313 2341 cui
1379 2303 1574 2342 nomen
1637 2287 1948 2355 Funiculus,
1998 2290 2090 2343 tle-

518 2377 726 2443 speclui
761 2376 1044 2439 habentes,
1076 2376 1245 2445 legem
1279 2390 1371 2445 per
1398 2375 1582 2430 Mosen
1629 2378 1809 2430 datam
1856 2378 2088 2443 scilicet,

521 2468 678 2521 ﬁdem
714 2468 1082 2537 repudiarunt,
1108 2478 1161 2519 et
1188 2482 1283 2536 per
1310 2467 1480 2536 legem
1516 2483 1580 2521 ac
1632 2469 1922 2536 prophetas
1952 2484 2085 2537 ιιι-ω-

521 2558 826 2611 nuntiatum
860 2559 1191 2620 nescierunt,
1234 2558 1285 2610 id
1314 2558 1453 2625 quod
1504 2558 1582 2612 eis
1631 2567 1814 2626 aperte
1844 2558 2089 2613 Salvator

521 2652 633 2719 ipse
654 2651 1001 2719 exprobravit
1026 2667 1039 2704 :
1074 2669 1091 2701 ‹
1122 2651 1198 2705 Ne
1219 2652 1417 2718 putetis
1441 2652 1578 2719 quod
1615 2666 1713 2721 ego
1742 2661 2091 2708 accusaturus

519 2746 619 2797 sim
656 2758 751 2797 vos
785 2744 923 2813 apud
954 2742 1192 2799 Patrem.
1228 2743 1425 2813 Estqui
1454 2754 1673 2798 accusat
1698 2760 1793 2799 vos
1821 2745 2012 2810 Moses,
2036 2747 2088 2797 in

520 2850 679 2902 quem
714 2851 809 2889 vos
842 2834 1093 2904 speratis.
1132 2833 1188 2888 Si
1214 2836 1356 2888 enim
1391 2836 1686 2888 crederetis
1718 2834 1870 2897 Mosi.
1898 2836 2089 2889 crede-

521 2927 654 2981 retis
690 2925 909 2981 fortisan
933 2935 988 2980 et
1019 2926 1151 2979 mihi
1182 2943 1194 2979 :
1223 2926 1289 2980 de
1325 2941 1408 2979 me
1430 2926 1572 2978 enim
1611 2926 1699 2980 ille
1739 2926 1974 2995 scripsit.
2030 2926 2088 2980 Si

520 3029 701 3072 autem
737 3017 1100 3072 illiuslitteris
1132 3033 1235 3069 non
1293 3017 1537 3082 creditis,
1598 3018 1864 3085 quomodo
1915 3017 2090 3072 verbis

521 3110 656 3164 meis
682 3108 1016 3163 credetis”?
1048 3127 1065 3159 ι
1093 3107 1297 3160 Nullam
1317 3108 1480 3177 igitur
1506 3109 2086 3174 dubitationemhabet,

2195 1942 2341 2011 ἡμᾶς
2374 1935 2793 2006 καταποιμαίνει
2842 1932 3073 2001 Χριστὸς
3126 1950 3144 1982 ‹
3181 1931 3236 1982 ἐν
3276 1931 3413 1999 νομῇ
3448 1926 3650 1996 ἀγαθῇ,
3679 1926 3767 1978 καὶ

2195 2037 2252 2089 ὲν
2284 2035 2434 2103 τόπῳ
2463 2032 2624 2094 πίονι,
2662 2048 2680 2080 ›
2724 2025 2869 2080 καθὰ
2900 2025 3227 2094 γέγραπται.
3248 2021 3383 2073 Ἀλλ’
3416 2021 3477 2073 ού
3524 2019 3764 2080 συνέντες

2209 2126 2450 2179 Ἰουδαῖοι
2476 2123 2535 2174 τὸ
2566 2121 2883 2192 μυστήριον,
2904 2114 3227 2185 ἠγνοηκότες
3256 2112 3310 2166 δὲ
3337 2113 3430 2165 καὶ
3458 2110 3556 2182 τὴν
3582 2110 3768 2180 ῥάϐδον

2194 2212 2292 2281 τὴν
2347 2210 2536 2280 καλὴν,
2575 2207 2839 2269 τουτέστι,
2873 2205 2934 2256 τὸ
2988 2204 3249 2273 κήρυγμα
3291 2200 3353 2252 τὸ
3396 2198 3764 2267 εὐαγγελικὸν,

2196 2304 2291 2356 καὶ
2319 2301 2538 2371 προσέτι
2569 2300 2774 2359 τούτοις
2800 2296 2897 2367 τὴν
2928 2296 3117 2365 έτέραν
3151 2290 3518 2359 ἀτιμάσαντες
3553 2290 3764 2361 ῥάϐδον,

2196 2390 2229 2468 ᾖ
2261 2395 2431 2463 ὄνομα
2466 2388 3040 2461 Σχοίνισμα,τουτέστι
3078 2385 3168 2439 τὸν
3202 2386 3289 2439 διὰ
3316 2382 3561 2445 Μωσέως
3586 2383 3766 2450 νόμον,

2196 2484 2261 2536 οὑν
2290 2481 2634 2550 προσήκαντο
2670 2479 2767 2547 μὲν
2801 2477 2895 2547 τὴν
2919 2476 3123 2538 πίστιν,
3157 2475 3459 2544 ἠγνοήκασι
3486 2471 3542 2524 δέ
3571 2471 3661 2524 τὸν
3686 2471 3768 2523 διὰ

2197 2575 2361 2642 νόμου
2388 2572 2482 2623 καὶ
2521 2569 2811 2640 προφητῶν
2840 2566 3336 2637 προηγορευμένον,
3369 2564 3463 2615 καὶ
3491 2562 3649 2614 τοῦτο
3680 2562 3770 2614 αύ-

2196 2667 2306 2727 τοῖς
2339 2663 2575 2731 ἔφασκεν
2602 2658 2847 2729 ἐναργῶς
2877 2658 3037 2720 αὐτὸς
3065 2657 3090 2707 ὁ
3120 2656 3338 2725 Σωτήρο
3386 2672 3404 2703 ι
3426 2652 3516 2721 Μὴ
3545 2651 3766 2712 δοκεῖτε,

2197 2756 2278 2808 ὅτι
2315 2754 2423 2822 ἐγὼ
2460 2752 2818 2822 κατηγορήσω
2869 2748 3020 2818 ὑμῶν
3054 2746 3189 2817 πρὸς
3219 2745 3307 2797 τὸν
3337 2743 3770 2812 Πατέρα.¹Ἐστιν

2196 2851 2223 2900 ὁ
2248 2844 2565 2916 κατηγορῶν
2598 2842 2749 2907 ὑμῶν
2778 2842 3000 2909 Μωσῆς,
3020 2841 3098 2901 είς
3126 2837 3184 2890 ὂν
3216 2837 3371 2904 ὑμεῖς
3399 2834 3693 2904 ἠλπίκατε·
3714 2834 3769 2885 Et

2197 2935 2305 3005 γὰρ
2332 2933 2643 2986 ἐπιστεύετε
2672 2932 2877 2986 Μωσεῖ.
2902 2925 3214 2980 ἐπιστεύετε
3240 2924 3305 2978 ἂν
3336 2923 3478 2991 ἐμοί·
3515 2923 3641 2992 περὶ
3670 2922 3772 2991 γὰρ

2198 3018 2332 3095 ἐμοῦ
2360 3025 2561 3084 ἐκεῖνος
2595 3018 2853 3088 ἔγραψεν.
2888 3016 2947 3068 Εἰ
2981 3016 3036 3067 δὲ
3064 3017 3172 3077 τοῖς
3214 3013 3422 3066 ἐκείνου
3453 3012 3773 3081 γράμμασιν

2198 3118 2257 3169 οὐ
2293 3115 2596 3175 πιστεύετε,
2624 3112 2739 3172 πῶς
2776 3112 2884 3170 τοῖς
2910 3109 3066 3177 ἐμοῖς
3116 3108 3323 3176 ῥήμασι
3352 3104 3677 3156 πιστεύσετε
3703 3120 3717 3167 ;
3750 3124 3767 3154 ι

518 3219 613 3259 eos
642 3216 815 3269 neque
840 3200 1034 3255 litteris
1070 3199 1337 3263 Mosaicis,
1368 3214 1540 3267 neque
1566 3201 1744 3254 verbis
1790 3199 2087 3253 Salvatoris

2197 3211 2351 3261 Ἐστι
2377 3206 2550 3259 τοίνυν
2579 3201 2876 3271 οὐδαμόθεν
2905 3199 3225 3269 ἀμφίλογον,
3257 3196 3331 3258 ὼς
3360 3194 3481 3247 οὔτε
3509 3195 3621 3256 τοῖς
3640 3194 3771 3246 Μω-

522 3297 678 3350 ﬁdem
701 3293 1030 3348 adhibuisse.
1063 3292 1197 3357 Quia
1230 3307 1357 3345 vero
1432 3292 1792 3360 cognitionem
1844 3293 2092 3347 veritatis

532 3385 804 3453 aspernati
838 3394 985 3442 sunt,
1016 3386 1273 3450 scriptum
1299 3393 1381 3436 est
1408 3399 1435 3435 a
1459 3383 1622 3436 Paulo
1648 3383 2048 3449 sapientissimo
2074 3399 2087 3434 :

525 3489 544 3521 ι
577 3471 701 3523 Μεο
727 3470 901 3521 mittet
948 3468 1053 3522 illis
1083 3468 1224 3522 Deus
1244 3462 1609 3536 operationem
1641 3472 1866 3534 erroris,
1893 3482 1947 3522 ut
1974 3486 2095 3525 cre-

522 3562 651 3613 dant
675 3560 951 3614 memiacio
981 3560 1045 3616 ".
1081 3578 1098 3610 ι
1129 3560 1505 3627 Operationem
1562 3562 1763 3615 erroris
1816 3563 2093 3615 Antichri-

521 3664 661 3705 stum
693 3666 813 3704 esse
836 3651 984 3712 dicit,
1028 3650 1112 3702 cui
1138 3650 1336 3704 addicti
1387 3649 1553 3705 Judaei
1599 3652 2016 3716 damnabantur,
2039 3663 2093 3707 et

533 3760 694 3796 verax
734 3744 1033 3811 reperietur
1055 3742 1303 3796 Salvator
1326 3742 1620 3796 incredulis
1643 3744 1874 3797 dicens:
1914 3760 1932 3793 ι
1982 3744 2092 3813 Ego

523 3838 645 3889 veni
673 3837 723 3887 in
771 3836 991 3887 nomine
1014 3833 1192 3886 Patris
1215 3835 1339 3895 mei,
1370 3845 1423 3885 et
1448 3849 1550 3886 non
1603 3835 1847 3902 accipitis
1869 3848 1951 3886 me
1978 3849 1991 3885 :
2047 3836 2090 3888 si

522 3925 659 3976 alius
683 3923 886 3975 venerit
919 3923 972 3974 in
1002 3925 1217 3974 nomine
1237 3936 1356 3983 suo,
1382 3921 1527 3973 illum
1545 3922 1824 3988 accipietis
1850 3923 1914 3974 ".
1943 3941 1961 3972 ι
1996 3921 2093 3975 Ju-

524 4016 667 4067 dteos
700 4014 862 4080 igitur
887 4011 1053 4064 [ilium
1096 4010 1403 4079 iniquitatis
1435 4010 1561 4064 olim
1609 4026 1729 4064 cum
1784 4015 2094 4079 apparuerit

486 4107 655 4169 fcitra
686 4103 1081 4156 cunctationem
1104 4112 1470 4171 suscepturos,
1535 4119 1553 4152 ι
1614 4101 1989 4158 adversantem
2023 4107 2093 4172 [et

490 4196 865 4250 extollentem
891 4209 948 4249 se
969 4209 1126 4263 supra
1152 4184 1314 4248 omne
1362 4195 1503 4263 quod
1543 4194 1739 4249 dicitur
1796 4194 1956 4260 Deus,
2000 4205 2092 4250 aut

520 4292 659 4356 qtmd
678 4288 891 4351 colitur,
920 4286 992 4339 ita
1027 4295 1083 4339 ut
1121 4287 1172 4339 in
1207 4284 1401 4354 templo
1435 4285 1525 4340 Dei
1553 4288 1759 4351 sedeat,
1800 4289 2092 4343 ostendens

519 4398 577 4436 se
606 4390 862 4450 tanquam
896 4381 967 4435 sit
988 4380 1119 4433 deus
1149 4379 1215 4443 ’⁷,
1260 4397 1278 4431 ι
1312 4379 1637 4434 nescientem
1671 4380 1805 4435 bene
1841 4389 1892 4434 et
1935 4381 2091 4435 docte

2197 3300 2331 3360 σέως
2384 3291 2779 3348 πεπιστεύκασι
2817 3290 3160 3359 γράμμασιν,
3189 3284 3312 3338 οὔτε
3365 3284 3471 3353 μὴν
3520 3286 3633 3346 τοῖς
3682 3282 3771 3335 τοῦ

2194 3389 2442 3457 Σωτῆρος
2475 3386 2733 3457 ῥήμασιν.
2753 3380 2969 3448 Ἐπειδὴ
2999 3378 3054 3429 δὲ
3088 3377 3184 3445 τῆς
3215 3373 3473 3443 ἀληθείας
3510 3372 3611 3439 τὴν
3641 3370 3773 3439 γνῶ·

2196 3500 2279 3534 σιν
2322 3482 2380 3533 οὐ
2419 3477 2798 3548 παρεδέξαντο,
2839 3493 2857 3525 t
2888 3472 3177 3542 Ταύτῃτοι,
3204 3469 3368 3539 φησὶν
3406 3469 3434 3520 6
3467 3466 3773 3534 σοφώτατος

2195 3573 2425 3635 Παῦλος,
2461 3571 2669 3639 πέμψει
2701 3569 2883 3630 αὐτοῖς
2907 3568 2935 3619 6
2968 3565 3099 3626 Θεὸς
3128 3562 3409 3631 ἐνέργειαν
3446 3560 3674 3628 πλάνης,
3698 3562 3773 3621 εἰς

2194 3664 2253 3717 τὸ
2280 3661 2564 3716 πιστεῦσαι
2594 3660 2791 3721 αὐτοὺς
2819 3658 2897 3727 τῷ
2924 3656 3126 3725 ψεύδει.
3162 3674 3179 3705 ι
3220 3652 3533 3721 Ἐνέργειαν
3584 3651 3637 3702 δὲ
3679 3650 3774 3717 τῆς

2196 3756 2404 3825 πλάνης
2432 3754 2521 3806 τὸν
2550 3752 2916 3820 ’Λντίχριστον
2947 3743 3082 3799 εἶναί
3112 3762 3293 3814 φησιν,
3317 3736 3360 3809 ᾧ
3383 3740 3770 3812 προστεθέντες

2208 3846 2450 3899 Ἰουδαῖοι
2500 3840 3034 3910 κατακριθήσονται,
3077 3837 3172 3889 καὶ
3220 3830 3548 3887 πιστώσεται
3600 3832 3769 3898 λέγων

2195 3939 2374 4001 αὐτοῖς
2404 3938 2431 3989 ὁ
2462 3934 2670 4003 Σωτὴρ,
2693 3930 2933 3985 ἀπειθεῖν
2958 3928 3251 4001 ᾑρημένοις
3273 3945 3284 3958 υ
3322 3947 3338 3977 ι
3364 3923 3505 3992 Ἐγὼ
3534 3924 3770 3994 ἐλήλυθα

2194 4034 2251 4083 ἐν
2276 4030 2351 4099 τῷ
2380 4029 2604 4099 ὀνόματι
2632 4025 2725 4079 τοῦ
2761 4024 2970 4093 Πατρός
3004 4040 3127 4091 μου,
3153 4020 3245 4072 καὶ
3267 4020 3325 4071 οὑ
3348 4016 3655 4088 λαμϐάνετέ
3682 4030 3767 4085 με·

2194 4124 2287 4177 ἐὰν
2318 4121 2473 4182 ἄλλος
2521 4120 2648 4191 ἐλοῃ
2677 4120 2733 4169 ἐν
2763 4115 2839 4185 τῷ
2866 4116 3091 4182 ὀνόματι
3140 4112 3216 4181 τῷ
3270 4110 3405 4179 ἰδίῳ,
3439 4111 3644 4161 ἐκεῖνον
3677 4107 3771 4176 λή-

2192 4213 2380 4282 ψεσθε.
2414 4212 2562 4263 »Ὅτι
2593 4209 2772 4261 τοίνυν
2810 4205 3051 4259 Ἰουδαῖοι
3087 4202 3338 4273 μέλλουσι
3375 4198 3512 4253 κατὰ
3549 4197 3771 4267 καιροὺς

2197 4303 2474 4372 πεφηνότα
2524 4300 2614 4353 τὸν
2670 4300 2765 4368 τῆς
2815 4297 3041 4365 ἀνομίας
3077 4296 3189 4347 υἱὸν
3223 4290 3485 4361 ἀμελλητὶ
3541 4286 3773 4357 παραδέ-

2192 4394 2407 4465 χεσθαι,
2448 4408 2466 4440 t
2504 4388 2593 4441 τὸν
2627 4386 3004 4454 ἀντικείμενον
3050 4385 3145 4436 καὶ
3204 4378 3635 4450 ὑπεραιρόμενον
3682 4377 3770 4427 ἐπὶ

520 4486 764 4539 past-ere,
802 4471 972 4537 ﬁgura
1021 4470 1252 4536 quadam
1289 4484 1317 4519 a
1374 4471 1634 4537 prepheta
1684 4470 2087 4537 praemonstrari

2197 4482 2373 4536 πάντα
2408 4479 2696 4547 λεγόμενον
2743 4475 2894 4538 Θεὸν,
2927 4474 2958 4542 ἧ
3006 4473 3277 4541 σέϐασμα,
3306 4470 3447 4522 ὥστε
3496 4468 3659 4520 αὐτὸν
3694 4467 3769 4527 είς

520 4561 664 4615 Deus
691 4560 862 4627 jubet,
901 4560 985 4613 his
1014 4558 1232 4611 verbis:
1265 4575 1283 4609 ς
1324 4558 1513 4613 Adhuc
1537 4574 1688 4613 sume
1720 4561 1811 4612 tibi
1848 4574 1974 4613 vasa
2004 4574 2091 4627 pa-

520 4652 740 4706 storalia
772 4650 1002 4719 pastoris
1030 4648 1284 4717 imperiti.
1324 4666 1341 4698 ι
1369 4647 1620 4703 Paswres
1643 4648 1785 4703 enim
1817 4650 2088 4716 meliores,

519 4754 574 4798 et
607 4743 907 4797 studiorum
961 4756 1078 4808 qum
1128 4749 1358 4792 tractam
1418 4738 1638 4792 minimc
1688 4740 1864 4802 rudes,
1912 4741 2089 4810 virgas

521 4836 722 4889 habent
756 4832 1003 4901 graciles,
1064 4842 1119 4884 ut
1178 4845 1297 4882 cum
1351 4829 1510 4883 fuerit
1570 4830 1733 4883 etiam
1757 4831 2085 4898 percutieudi

520 4936 750 4996 tempus,
770 4924 910 4995 quod
952 4922 1249 4993 percutitur
1285 4936 1385 4973 non
1415 4929 1742 4975 conteratur.
1788 4918 1957 4989 Hujus
2007 4922 2084 4975 rei

519 5018 823 5086 imperitus,
848 5026 901 5068 et
932 5015 1063 5069 artis
1095 5012 1388 5081 pastoritize
1421 5011 1907 5080 ignorantissimus,
1941 5029 2089 5069 cras-

519 5111 752 5162 sim-ibus
790 5107 996 5160 baculis
1027 5104 1259 5172 pecudes
1291 5103 1587 5155 contundit.
1613 5103 1675 5155 Et
1704 5104 1837 5169 haec,
1869 5106 2080 5172 opinor,

520 5201 683 5270 770
706 5208 829 5253 sunt
857 5214 981 5249 vasa
1017 5196 1307 5264 pastoralia
1365 5196 1593 5264 imperiti
1630 5195 1881 5263 pastoris.
1934 5196 2081 5263 Quo-

521 5295 664 5345 niam
708 5306 835 5344 vero
874 5288 1158 5357 aliquando
1193 5287 1331 5341 ﬁlius
1366 5289 1664 5358 iniquitatis
1696 5289 1842 5360 regio
1890 5291 2083 5359 praedi-

522 5395 607 5438 tus
641 5385 844 5444 honore
876 5382 1191 5435 mortalibus
1225 5380 1454 5451 pastoris
1485 5380 1601 5435 loco
1631 5382 1908 5435 habendus
1944 5392 2080 5445 erat,

522 5488 619 5529 nec
651 5490 930 5544 parsurum
969 5472 1480 5541 quidquampopulis
1506 5482 1609 5524 tam
1641 5472 2081 5539 snlijet-tis,quam

589 5674 636 5706 ⁸³
672 5678 695 5733 ι
729 5672 869 5726 i'ctr.
914 5691 964 5737 ν,
994 5675 1044 5727 4.

518 5743 711 5801 Thess.
751 5761 807 5806 It,
846 5746 890 5797 4.

1123 5676 1167 5705 ’³
1203 5673 1394 5727 lizrch.
1431 5689 1613 5739 xxxu',
1659 5674 1740 5726 H.

1820 5673 1863 5705 ”
1894 5673 2049 5727 Joan.
2086 5687 2134 5735 ν,
2165 5670 2351 5725 65-57.

2194 4568 2286 4620 τὸν
2316 4565 2441 4620 ναὸν
2480 4564 2573 4618 τοῦ
2609 4561 2740 4617 Θεοῦ
2774 4561 3014 4624 καθίσαι,
3048 4556 3436 4613 ἀποδεικνύντα
3464 4556 3656 4608 ἑαυτὸν
3691 4554 3768 4606 ὅτι

2197 4659 2313 4711 ἐστὶ
2337 4657 2488 4719 Θεὸς,
2517 4656 2605 4708 τὸν
2635 4655 2733 4707 οὐκ
2768 4652 2945 4705 εἰδότα
2975 4651 3155 4713 καλῶς
3186 4650 3493 4719 ποιμαίνειν
3521 4649 3619 4701 καὶ
3654 4650 3770 4699 ἐπι-

2197 4750 2513 4819 στημόνως,
2560 4742 3070 4818 προανατυποῦσθαι
3128 4740 3337 4795 κελεύει
3386 4738 3463 4809 τῷ
3520 4739 3768 4808 προφήτῃ

2194 4841 2344 4905 Θεὸς,
2369 4838 2510 4891 οὕτω
2545 4838 2740 4906 λέγων·
2785 4837 2936 4886 «Ἔτι
2968 4833 3098 4885 λαϐὲ
3134 4830 3341 4902 σεαυτῷ
3376 4831 3544 4900 σκεύη
3577 4845 3767 4900 ποιμε-

2190 4933 2313 4985 νικᾶι
2358 4930 2613 4997 ποιμένος
2659 4928 2907 4998 ἀπείρου.
2945 4946 2961 4976 ι
2998 4927 3059 4977 Oi
3097 4924 3194 4994 μὲν
3223 4924 3330 4994 γὰρ
3362 4923 3470 4975 τῶν
3502 4922 3768 4991 ποιμένων

2192 5024 2605 5091 ἐπιεικέστεροι,
2644 5020 2738 5072 καὶ
2775 5018 2883 5071 τῶν
2910 5020 2967 5071 ἐν
3007 5017 3163 5087 χερσὶ
3200 5015 3631 5084 σπουδασμάτων
3656 5014 3769 5066 ἐπι-

2190 5109 2476 5179 στήμονες,
2510 5106 2693 5175 ἰσχνὰς
2720 5104 2902 5174 ἔχουσι
2928 5105 3026 5166 τὰς
3057 5104 3305 5175 ῥάϐδους,
3343 5103 3432 5157 ἵνα
3469 5104 3517 5155 εί
3560 5103 3766 5170 γένοιτο

2188 5200 2282 5253 καὶ
2334 5198 2514 5251 παίειν
2560 5196 2769 5265 καιρὸς,
2802 5195 2875 5265 μὴ
2911 5193 3277 5264 συνθραύηται
3316 5192 3377 5245 τὸ
3410 5193 3762 5262 τυπτόμενον.

2190 5292 2251 5343 Εἰ
2301 5289 2356 5341 δὲ
2405 5289 2469 5358 δή
2521 5304 2602 5350 τις
2652 5286 2735 5355 εἴη
2782 5286 2889 5338 τῶν
2927 5285 3028 5337 οὐκ
3077 5284 3292 5337 εἰδότων
3326 5284 3386 5335 τὸ
3420 5284 3628 5353 χρῆμα,
3675 5281 3765 5335 καὶ

2193 5381 2512 5450 ποιμενικῆς
2559 5379 2867 5447 ἐπιστήμης
2905 5378 2978 5441 ὡς
2994 5377 3269 5431 ἀπωτάτω
3305 5376 3576 5443 κείμενος,
3614 5374 3764 5443 ἁδρο-

2190 5474 2367 5543 τέροις
2416 5471 2551 5523 αὐτὰ
2590 5470 2863 5540 συντρίϐει
2903 5470 3176 5540 ῥοπάλοις.
3209 5468 3318 5520 Καὶ
3367 5467 3555 5521 ταῦτα.
3592 5462 3759 5535 θ’μαι,

3615 5664 3657 5693 ⁸⁷
3690 5659 3729 5716 ll

2435 5671 2477 5700 ³³³
2512 5670 2551 5722 ΙΙ
2587 5668 2773 5722 Thess.
2814 5684 2872 5731 II,
2904 5668 2987 5721 10.
3090 5667 3132 5699 ²⁶
3165 5667 3318 5722 Joatt.
3356 5681 3407 5728 V,
3450 5663 3538 5717 45.
