4026 6276
276 350 374 402 20f

1086 342 1635 403 COMMENTARIUS
1674 343 1741 398 IN
1781 342 2181 399 ZACIIARIAM
2222 337 2661 396 PROPHETAM.

3404 340 3510 394 202

279 460 395 514 ἐστι
422 459 491 514 τά
524 458 692 530 σκεύη
734 457 800 512 τὰ
840 459 1128 529 ποιμενικά
1159 460 1252 512 τοῦ
1295 460 1527 531 ἀπείρου
1576 460 1852 530 ποιμένος.

1969 474 2061 514 non
2095 456 2373 525 subjectis,
2409 456 2609 510 idcirco
2637 453 2747 506 ait:
2789 470 2806 503 ι
2846 451 2984 507 Ecce
3017 468 3116 523 ego
3147 456 3394 513 excitabo
3427 473 3518 528 pa-

293 549 513 622 Ἐπειδὴ
542 551 597 603 δὲ
622 550 757 603 κατά
788 551 1009 618 καιροὺς
1036 549 1256 619 ἔμελλεν
1282 551 1311 601 6
1337 551 1433 619 τῆς
1477 551 1704 620 ἀνομίας
1734 551 1848 612 υἱὸς

281 642 381 712 τὴν
437 641 674 710 βασιλίδα
725 643 888 712 τιμὴν
927 641 1533 717 περικείμενος-δοκεῖν
1591 644 1648 694 ἐν
1697 640 1849 705 τάξει

286 733 541 803 ποιμένος
582 731 1057 801 ἀναδειχθήσεσθαι
1085 735 1196 795 τοῖς
1226 733 1319 786 ἐπὶ
1349 733 1447 804 τῆς
1477 733 1601 802 γῆς,
1638 733 1850 802 φειδοῦς

287 842 350 894 γε
385 825 488 895 μὴν
515 822 764 892 οὐδεμιᾶς
796 821 980 888 ἀξιοῦν
1011 823 1136 885 τούς
1166 822 1272 874 ὐπὸ
1302 825 1458 894 χεῖρα
1484 822 1721 892 λαούς,ἢ
1757 821 1852 874 καὶ

288 917 410 978 τούς
435 915 536 981 ἔξω
562 914 760 986 χειρὸς,
786 913 959 987 ταύτῃ
979 931 1062 966 τοι
1098 914 1290 984 φησίν⁹
1328 932 1347 964 ι
1371 913 1501 966 Ἰδοὺ
1537 911 1647 982 ἐγὼ
1678 911 1852 982 ἐγερῶ

289 1000 514 1070 ποιμένα
546 1001 638 1052 ἐπὶ
663 1001 760 1070 τὴν
785 1001 903 1070 γῆν.
915 1001 989 1054 Τὸ
1015 1001 1348 1071 ἐκλιμπάνον
1376 1001 1435 1054 οὐ
1461 1001 1536 1072 μὴ
1552 999 1851 1071 ἐπισκέψη-

286 1107 390 1142 ται.
420 1091 676 1160 »Ὅμοιον
705 1089 780 1153 ὡς
814 1090 863 1142 εί
891 1090 1062 1160 λέγοιο
1077 1092 1149 1144 Τὸ
1174 1092 1467 1162 ὀλισθῆσαν
1501 1093 1578 1154 είς
1610 1091 1855 1159 ὀλιγοπι-

285 1179 459 1243 στίαν,
498 1180 598 1231 οὐκ
639 1179 705 1232 ἂν
756 1180 1079 1251 ἐπιρρώσειε
1117 1183 1236 1244 ταῖς
1273 1182 1701 1253 μυσταγωγίαις.
1737 1200 1755 1232 ι
1783 1181 1858 1234 T6

281 1270 340 1323 δὲ
367 1270 818 1341 ἐσκορπισμένον,
849 1271 910 1323 οὐ
940 1271 1013 1342 μὴ
1040 1271 1269 1343 ζητήσῃ.
1293 1292 1310 1323 ι
1342 1272 1416 1324 Τὸ
1443 1271 1855 1342 ἐκπεφοιτηκὸς,

284 1363 447 1432 φησι,
479 1364 580 1431 τῆς
611 1362 826 1424 εὐθείας
854 1360 995 1426 ὁδοῦ,
1027 1363 1121 1414 καὶ
1151 1363 1249 1434 τὴς
1282 1363 1482 1433 ἀγέλης
1522 1363 1858 1431 ἀποσκιρτᾷν

284 1453 496 1518 εἰωθὸς,
534 1453 594 1504 οὐ
642 1453 715 1522 μὴ
759 1437 984 1523 ζητήσῃ,
1013 1453 1287 1504 τουτέστιν
1342 1453 1442 1504 οὐκ
1489 1451 1554 1504 ἂν
1599 1451 1855 1521 μεταθείη

286 1545 426 1614 πρὸς
453 1544 514 1596 τὸ
548 1543 767 1612 ἄμεινόν
793 1560 852 1594 τε
883 1542 978 1594 καὶ
1005 1541 1126 1611 ἕχον
1156 1541 1348 1611 ὀρθῶς.
1386 1558 1404 1590 t
1433 1541 1505 1593 T6
1534 1557 1856 1611 συντετριμ-

289 1638 453 1706 μένον
471 1637 529 1689 οὐ
546 1635 674 1706 [μὴ]
701 1636 965 1704 ἰάσηται.)
987 1634 1335 1704 Συντρίϐεται
1357 1633 1412 1686 δέ
1442 1632 1596 1703 τις,ἢ
1619 1633 1859 1702 πονηρᾶς

286 1727 481 1797 ἡδονῆς
524 1725 853 1797 ἡττώμενος,
885 1723 978 1776 καὶ⁹
1011 1719 1121 1777 οἷον
1149 1725 1210 1776 οὐ
1237 1721 1417 1793 φέρων
1459 1722 1558 1791 τῆς
1601 1721 1859 1792 φιλοσαρ-

1950 560 2150 605 storem
2177 537 2337 618 super
2373 555 2592 602 terram.
2626 545 2776 612 Quod
2806 543 3002 599 defecit
3047 561 3149 600 non
3197 547 3455 604 visitabit.
3491 569 3510 601 ι

1951 639 2182 693 Perinde
2205 653 2267 694 ae
2285 637 2330 691 si
2359 638 2521 698 dicat,
2559 634 2700 704 quod
2731 634 3038 704 prolapsum
3061 644 3144 690 est
3177 637 3228 690 in
3276 638 3520 694 imbecil-

1951 730 2152 783 litatem
2193 729 2335 793 fidei,
2366 727 2609 781 doctrina
2634 740 2786 782 sacra
2848 741 2954 780 non
2996 727 3362 785 conﬁrmabit.
3397 747 3415 780 ι
3456 730 3522 783 Et

1953 817 2092 887 quod
2124 819 2423 885 dispersum
2455 823 2558 878 est,
2597 830 2702 871 non
2731 815 2992 885 requiret.
3024 835 3042 867 ι
3072 815 3225 882 Quod
3293 831 3323 870 a
3374 827 3518 873 recta

1953 907 2036 960 via
2069 906 2340 969 discessit,
2371 905 2565 973 inquit,
2621 912 2677 958 et
2733 919 2761 957 a
2799 918 2961 974 grege
2987 904 3196 959 resilire
3227 905 3384 972 solet,
3412 922 3518 961 non

1955 996 2214 1065 requiret,
2247 996 2345 1050 hoc
2372 1008 2475 1059 est,
2499 995 2564 1048 ad
2594 1003 2790 1048 statuat
2812 995 3091 1049 meliorem
3132 1004 3184 1050 et
3230 996 3516 1064 probatum

1957 1102 2062 1142 non
2086 1086 2381 1141 revocabit.
2416 1106 2434 1138 ‹
2468 1086 2618 1152 Quod
2646 1086 2934 1140 contritum
2957 1095 3043 1140 est
3075 1101 3179 1141 non
3227 1087 3461 1141 sanabit.
3497 1104 3516 1137 ι

1956 1179 2270 1234 Conteritur
2297 1187 2472 1233 autem
2490 1178 2632 1247 quis,
2651 1189 2737 1232 aut
2761 1177 3037 1246 voluptate
3062 1193 3224 1248 prava
3249 1193 3523 1249 expugna—

1960 1279 2047 1326 tus
2074 1279 2128 1325 et
2162 1270 2558 1339 quodammodo
2595 1270 2795 1325 amoris
2830 1285 3009 1324 rerum
3037 1269 3338 1324 carnalium
3386 1286 3520 1339 pon-

1959 1359 2060 1415 dus
2089 1377 2192 1414 non
2235 1361 2510 1415 sustinens
2538 1399 2554 1424 ,
2606 1370 2699 1414 aut
2727 1368 2874 1414 certe
2911 1360 3193 1429 impiorum
3241 1361 3524 1417 haeretico-

1959 1466 2076 1504 rum
2107 1451 2515 1520 deceptionibus
2547 1466 2653 1504 una
2675 1450 2928 1518 abreptus
2955 1461 3010 1504 et
3037 1452 3102 1506 ad
3129 1461 3275 1508 recte
3301 1455 3527 1508 creden-

1959 1543 2082 1597 dum
2140 1555 2270 1595 sana
2314 1551 2492 1596 mente
2535 1541 2843 1596 destitutus.
2902 1540 3086 1596 Talem
3142 1558 3328 1598 rursus
3370 1552 3529 1599 sanat

1957 1643 2143 1703 pastor
2174 1633 2369 1687 bonus.
2427 1631 2711 1702 lmperitus
2742 1641 2920 1686 autem
2973 1650 2993 1683 ι
3057 1632 3197 1701 quod
3258 1633 3526 1703 integrum

1962 1732 2044 1778 est
2070 1739 2174 1778 non
2199 1723 2414 1791 diriget,
2470 1731 2524 1776 et
2580 1736 2772 1777 carnes
2815 1721 3110 1777 electorum
3131 1723 3432 1787 devorabit,
3477 1733 3531 1777 et

288 1818 412 1880 κίας
462 1817 523 1869 τὸ
574 1816 765 1887 βάρος³
803 1817 970 1886 ἤγουν
1006 1816 1124 1877 ταῖς
1155 1815 1263 1867 τῶν
1310 1814 1537 1868 ἀνοσίων
1571 1813 1862 1883 αίρετικῶν

1969 1815 2104 1869 talos
2123 1828 2311 1868 eorum
2344 1822 2637 1882 pervertet.
2673 1830 2692 1865 ι
2720 1812 3063 1883 Oppugnabit
3119 1813 3265 1867 enim
3313 1822 3531 1867 sanctos

288 1908 522 1968 ἀπάταις
558 1905 1026 1976 συνηρπασμένος,
1056 1904 1150 1958 καὶ
1179 1904 1308 1972 ὑγιᾶ
1330 1904 1419 1956 τὸν
1447 1903 1571 1955 νοῦν
1601 1903 1701 1954 οὐκ
1723 1901 1859 1972 ἔχων

288 1997 370 2059 εῖς
417 2013 480 2064 γε
529 1996 590 2048 τὸ
641 1997 834 2067 χρῆναι
889 1994 1162 2048 πιστεύειν
1188 1994 1380 2065 ὀρθῶς.
1412 1993 1612 2046 Τοῦτον
1642 1993 1801 2046 πάλιν
1833 1994 1861 2044 6

289 2084 492 2151 ἁγαθδς
541 2086 680 2138 ἰᾶται
728 2085 1027 2155 ποιμήν.”0
1054 2101 1118 2153 γε
1160 2084 1266 2154 μὴν
1306 2082 1550 2154 ἄπειρος,
1584 2101 1602 2135 ι
1631 2083 1703 2135 Τὸ
1746 2082 1860 2134 ὁλό-

290 2176 491 2245 κληρον
515 2175 576 2227 οὐ
606 2175 679 2246 μὴ
709 2174 1034 2248 κατευθύνῃ,
1065 2175 1160 2228 καὶ
1193 2175 1261 2229 τά
1293 2175 1429 2246 κρέα
1457 2176 1563 2228 τῶν
1590 2175 1861 2229 ἐκλεκτῶν

291 2264 690 2334 καταφάγεται,
723 2265 816 2320 καὶ
851 2268 977 2330 τοὺς
1012 2267 1386 2337 ἀστραγάλους
1427 2265 1607 2320 αὐτῶν
1646 2267 1864 2338 ἐκστρέ-

290 2357 403 2426 ψει.
440 2376 458 2408 ι
501 2356 801 2428 Πολεμήσει
831 2354 939 2426 γὰρ
964 2359 1074 2420 τοῖς
1105 2356 1277 2423 ἁγίοις
1298 2357 1327 2409 6
1349 2356 1447 2427 τῆς
1481 2356 1705 2425 ἀνομίας
1727 2357 1862 2422 υἱὸς,

292 2447 390 2499 καὶ
441 2446 691 2516 ἀχάλινον
741 2447 921 2508 αὐτοῖς
975 2445 1204 2513 ἐπαφεὶς
1236 2443 1335 2513 τὴν
1367 2443 1552 2515 ὀργὴν,
1584 2446 1866 2516 μονονουχὶ

293 2543 390 2593 καὶ
421 2538 814 2611 κρεωνομήσει,
845 2537 939 2590 καὶ
971 2535 1348 2605 καταφάγεται
1371 2535 1536 2606 θηρὸς
1566 2537 1757 2607 ἀγρίου
1785 2537 1866 2590 δί-

293 2647 417 2700 κην.
436 2627 750 2700 Ἐκστρέψει
781 2628 838 2681 δὲ
871 2627 964 2681 καὶ
990 2628 1114 2690 τοὺς
1142 2628 1537 2697 ἀστραγάλους,
1566 2628 1653 2680 ἵνα
1680 2629 1755 2700 μή
1780 2645 1862 2692 τις

294 2718 409 2789 ἔχοι
462 2719 522 2772 τδ
573 2719 882 2788 ὀρθοποδείν
938 2718 1217 2772 δύνασθαι.
1281 2718 1690 2772 Καταϐιάσεται
1754 2718 1862 2790 γὰρ

294 2812 622 2880 προσκυνεῖν
687 2810 832 2880 αὐτῷ
867 2849 881 2873 ,
943 2809 1337 2878 καταπλήττων
1386 2809 1500 2872 τοῖς
1545 2808 1817 2880 θαύμασιν
1844 2824 1860 2840 ⁸

301 2902 492 2970 σἘχει
517 2900 621 2970 γὰρ
648 2899 744 2969 τὴν
777 2898 1076 2970 παρουσίαν
1107 2899 1227 2951 κατ’
1255 2898 1532 2968 ἐνέργειαν
1567 2898 1660 2952 τοῦ
1692 2900 1866 2952 Σατα-

1966 1905 2110 1960 filius
2166 1904 2488 1972 iniquitatis,
2513 1912 2569 1959 et
2593 1906 2671 1958 ira
2699 1904 2961 1959 indomita
2997 1918 3093 1959 eos
3117 1904 3377 1960 invadens
3402 1920 3530 1974 pro-

1963 1998 2245 2066 pemodum
2287 1996 2586 2060 dilaniabit,
2605 2004 2658 2050 et
2685 1996 2856 2051 instar
2874 1995 3192 2051 truculenta:
3230 1996 3414 2050 bestia:
3434 1997 3530 2051 de-

1967 2089 2197 2143 vorabit.
2229 2087 2510 2143 Pervertet
2535 2088 2698 2143 etiam
2728 2087 2885 2155 talos,
2901 2102 2970 2143 ne
3011 2087 3133 2158 quis
3189 2095 3339 2143 recto
3366 2101 3526 2158 passu

1967 2179 2177 2249 ingredi
2201 2187 2382 2248 queat.
2407 2179 2574 2250 Coget
2600 2179 2753 2239 enim
2782 2192 2840 2235 se
2863 2178 3094 2234 adorare
3147 2178 3302 2234 miris
3349 2180 3532 2249 operi-

1965 2271 2065 2326 bus
2085 2268 2504 2338 obstupefactos.
2531 2288 2551 2322 ‹
2585 2270 2748 2341 Cujus
2781 2271 3040 2327 adventus
3068 2269 3362 2326 secundum
3389 2286 3522 2341 ope-

1969 2360 2232 2415 rationem
2258 2358 2494 2426 Satanae,
2521 2369 2574 2416 et
2606 2360 2660 2416 in
2711 2359 2996 2418 Beelzebul
3023 2361 3145 2416 edet
3175 2368 3420 2430 portenta
3454 2363 3528 2429 ’⁸,

1969 2458 2029 2504 ιιι
2057 2450 2109 2504 in
2132 2465 2369 2506 errorem
2409 2451 2706 2517 induceret,
2752 2453 2800 2508 si
2846 2452 2960 2508 fieri
2983 2465 3184 2524 posset,
3234 2458 3396 2513 etiam
3423 2457 3534 2512 ele-

1968 2547 2084 2595 ctos
2113 2540 2189 2604 '9;
2222 2559 2240 2590 ι
2275 2549 2329 2594 et
2363 2549 2419 2593 ut
2441 2541 2515 2594 ait
2545 2539 2816 2606 Salvator,
2863 2559 2881 2592 ι
2906 2557 3012 2596 non
3047 2542 3202 2599 fleret
3229 2546 3375 2602 salva
3415 2562 3534 2601 om-

1970 2627 2055 2682 nis
2084 2641 2212 2682 caro
2246 2628 2311 2693 ³ο,
2355 2647 2374 2680 ι
2409 2627 2554 2683 illius
2601 2630 2841 2699 potentia
2865 2638 3055 2684 contra
3091 2646 3278 2688 omnes
3304 2633 3532 2688 furente.

1975 2737 1993 2771 ι
2027 2718 2252 2788 Propter
2268 2720 2468 2775 electos
2495 2729 2674 2775 autem
2728 2721 3111 2778 breviabuutur
3138 2723 3256 2778 dies
3311 2724 3384 2778 illi
3405 2723 3470 2778 ³¹.
3511 2743 3530 2774 ι

1971 2839 2042 2848 -
2081 2829 2098 2862 ι
2135 2811 2428 2865 lnterfieiet
2478 2811 2621 2864 enim
2677 2811 2826 2866 illum
2894 2813 3154 2869 Dominus
3190 2813 3382 2884 spiritu
3423 2815 3536 2870 oris

1973 2901 2079 2966 sui,
2115 2911 2168 2956 et
2199 2904 2443 2958 destruet
2469 2903 2825 2959 illustratione
2858 2903 3122 2961 adventus
3145 2905 3227 2961 sui
3268 2905 3334 2960 ³⁸.
3369 2923 3389 2956 ι

295 2995 387 3057 νᾶ,
419 2993 514 3046 καὶ
541 2993 598 3043 ἐν
627 2989 950 3052 Βεελζεόοὐλ
988 2989 1202 3058 ποιήσει
1235 2988 1458 3058 τέρατα,
1527 2988 1667 3043 ὥστε
1734 2991 2025 3062 πλανῆσαι,
2059 2993 2108 3046 εί
2177 2994 2422 3058 δυνατὸν,
2451 2996 2542 3049 καὶ
2595 2995 2721 3059 τοὺς
2745 2995 3055 3062 ἐκλεκτοὺς,
3083 3015 3101 3048 ι
3138 2990 3292 3071 καὶῇ
3327 3014 3489 3068 φησιν
3511 2998 3539 3050 6

295 3082 509 3152 Σωτὴρ,
552 3100 568 3132 ι
603 3081 713 3134 Οὐκ
755 3079 820 3132 ἂν
866 3077 1042 3148 ἐσώθη
1096 3081 1244 3132 πᾶσα
1291 3080 1446 3150 σὰρξ,
1479 3097 1498 3131 ι
1535 3081 1865 3150 μαινομένης
1903 3081 2041 3136 κατά
2107 3083 2320 3137 πάντων
2354 3085 2454 3154 τῆς
2523 3084 2729 3137 ἐκείνου
2772 3083 3101 3148 πλεονεξίας.
3155 3103 3173 3135 ι
3205 3086 3303 3138 Διά
3332 3084 3542 3148 δὲ·τούς

296 3175 585 3238 ἐκλεκτοὺς
629 3171 1087 3243 κολοϐωθήσονται
1137 3173 1194 3225 αἱ
1238 3173 1438 3243 ἡμέραι
1491 3174 1714 3226 ἐκεῖναι.
1745 3191 1763 3224 ι
1798 3202 1865 3213 —
1904 3176 2150 3230 (Ἀνελεῖ
2211 3177 2320 3246 γὰρ
2384 3176 2547 3228 αὐτὸν
2586 3178 2614 3227 6
2654 3174 2858 3244 Κύριος
2885 3173 2961 3245 τῷ
2990 3175 3280 3246 πνεύματι,
3313 3176 3406 3231 καὶ
3445 3194 3542 3230 κα-

294 3268 561 3337 ταργήσει
589 3269 655 3336 τῇ
683 3264 972 3334 ἐπιφανείᾳ
999 3263 1097 3332 τῆς
1127 3264 1428 3332 παρουσίας
1457 3263 1646 3316 αὐτοῦ.
1676 3281 1694 3311 ι

371 3399 440 3456 Ὦ
477 3405 530 3456 oi
569 3401 986 3469 ποιμαίνοντες
1036 3398 1107 3451 τὰ
1131 3399 1382 3468 μάταια,
1413 3398 1510 3452 καὶ
1537 3399 1590 3452 οἱ
1626 3400 1876 3451 καταλε-

2052 3398 2216 3452 VEns.
2263 3398 2350 3450 Π.
2385 3397 2428 3450 0
2463 3398 2550 3465 qui
2579 3396 2795 3464 pascitis
2837 3411 2989 3461 vana,
3023 3405 3072 3450 et
3143 3397 3232 3466 qui
3257 3398 3540 3468 reliquistis

297 3490 575 3553 λοιπότες
604 3488 674 3541 τὰ
705 3489 983 3553 πρόϐατα,
1008 3487 1270 3556 μάχαιρα
1295 3487 1396 3539 ἐπὶ
1420 3487 1526 3540 τοῦ
1543 3486 1872 3555 ,ϐραχίονος

298 3580 511 3644 αὐτοῦ,
544 3580 638 3632 καί
659 3579 761 3631 ἐπὶ
793 3579 900 3631 τὸν
937 3577 1252 3646 ὀφθαλμὸν
1288 3577 1397 3631 τὸν
1430 3577 1634 3641 δεξιὸν
1661 3577 1868 3632 αὐτοῦ.

312 3673 378 3725 '0
396 3670 667 3738 βραχίων
696 3668 882 3724 αὐτοῦ
926 3669 1354 3736 ξηραινόμενος
1393 3668 1830 3736 ξηρανθήσεται
1854 3708 1869 3731 ,

301 3765 402 3818 καὶ
432 3767 464 3817 ὀ
490 3762 792 3832 ὀφθαλμὸς
853 3764 886 3816 ὁ
936 3761 1134 3826 δεξιὸς
1177 3760 1364 3815 αὐτοῦ
1392 3760 1874 3829 ἐκτυφλούμενος

302 3853 854 3924 ἑκτυφλωθήσεται.

374 3987 499 4041 ΠΕ’.
549 3986 834 4054 Γεγονὸτος
893 3985 1038 4052 ἅπαξ
1092 3986 1184 4038 τοῦ
1229 3985 1387 4054 λόγου
1439 3987 1568 4057 περὶ
1618 3985 1873 4056 ποιμένος

301 4079 550 4149 ἀπείρου,
595 4076 872 4149 μονονουχὶ
897 4078 991 4130 καὶ
1017 4078 1399 4145 ἐπιστυγνάζει
1425 4077 1610 4130 λοιπὸν
1642 4078 1752 4138 τοῖς
1797 4076 1873 4146 μὴ

302 4173 525 4240 ἀγαθοῖς
552 4173 793 4243 ποιμέσι,
832 4172 924 4224 καὶ
955 4170 1316 4240 γενικώτατόν
1357 4189 1479 4224 τινα
1523 4171 1720 4239 τρόπον
1739 4170 1875 4241 χρῆ-

304 4283 395 4318 ται
415 4263 669 4334 τῷλόγῳ,
727 4264 796 4316 τὰ
845 4266 958 4326 τοῖς
987 4257 1088 4316 ὧδε
1131 4263 1355 4333 γνώμης
1391 4263 1570 4332 έχουσι
1601 4260 1876 4331 συμϐησό-

307 4373 446 4427 μενα
467 4353 889 4424 προαναφωνῶν.
909 4354 1098 4422 ΙἈθρει
1121 4353 1227 4423 γάρ
1250 4353 1323 4415 ὡς
1347 4353 1446 4421 ἤδη
1469 4352 1564 4414 τὰς
1591 4351 1688 4420 τῆς
1713 4349 1878 4420 ρᾳθυ-

306 4447 439 4518 μίας
462 4444 837 4497 ἀποτιννύουσι
877 4444 1030 4505 δίκας
1080 4444 1219 4513 τάχα
1266 4460 1370 4494 που
1406 4443 1498 4493 καὶ
1529 4440 1784 4505 συναλγεῖ
1811 4441 1875 4490 δι’

301 4537 550 4604 ἔμφυτον
579 4532 912 4601 ἡμερότητα,
942 4532 1035 4582 καὶ
1073 4533 1412 4583 καταιτιᾶται
1447 4529 1563 4597 μὲν,
1587 4529 1667 4579 ὅτι
1690 4527 1878 4595 ποιμέ-

303 4641 400 4686 νες
425 4622 678 4691 γεγόνασι
700 4620 808 4672 τῶν
837 4620 1102 4689 ματαίων,
1120 4621 1360 4672 τουτέστι
1395 4617 1503 4668 τῶν
1532 4616 1878 4686 προσκαίρων

305 4713 659 4783 ἐπιμεληταὶ,
687 4711 914 4781 ῥᾴθυμοι
945 4711 1000 4763 δὲ
1035 4709 1226 4773 οὕτως,
1254 4707 1327 4770 ὼς
1357 4704 1741 4773 ἐπιγάννυσθαι
1768 4707 1878 4766 τοῖς

305 4803 600 4873 προϐάτοις
631 4802 827 4864 ἀθλίως
853 4801 1177 4854 διολωλόσιν.
1229 4801 1290 4851 Οί
1331 4798 1428 4868 μέν
1455 4796 1560 4866 γὰρ
1582 4796 1879 4858 πωλοῦντες

308 4896 514 4962 ἔλεγον·
553 4913 570 4944 ι
607 4893 908 4962 Εὐλογητὸς
942 4893 1164 4962 Κύριος,
1207 4892 1299 4943 καὶ
1341 4889 1815 4958 πεπλουτήκαμεν.
1856 4907 1874 4937 ι

307 4988 373 5040 Οί
401 4986 458 5039 δὲ
491 4985 830 5053 κατέσφαζον
869 5002 925 5037 τε
959 4985 1051 5037 καὶ
1083 4985 1182 5036 οὐκ
1213 4981 1447 5051 ἔπασχον
1485 4981 1633 5033 οὐδὲν
1666 4983 1750 5033 ἐπ’
1786 4981 1882 5032 αὐ-

308 5081 439 5138 τοῖς·
491 5077 584 5129 τοῦ
630 5076 735 5147 γὰρ
776 5077 972 5147 χρῆναι
1013 5076 1320 5144 ποιμαίνειν
1366 5072 1560 5145 ὀρθῶς,
1589 5072 1762 5135 οὐδεὶς
1812 5069 1880 5142 ἦν

311 5168 441 5237 παρ’
470 5168 647 5230 αὐτοῖς
667 5168 839 5234 λόγος.
873 5167 1114 5220 Tuto-31:0:
1149 5167 1203 5219 δὲ
1230 5163 1368 5237 ἦσαν
1390 5169 1436 5219 οἱ
1463 5167 1570 5218 τῶν
1616 5166 1879 5219 Ἰουδαίων

309 5260 641 5330 καθηγηταὶ,
673 5259 937 5320 κλείοντές
967 5276 1026 5310 τε
1061 5259 1154 5328 τὴν
1182 5259 1458 5328 βασιλείαν
1483 5258 1590 5310 τῶν
1615 5255 1877 5325 οὐρανῶν,

311 5350 454 5404 καθά
482 5367 644 5419 φησιν
675 5352 702 5402 ὁ
732 5350 982 5419 Χριστὸς,
1021 5370 1036 5399 ι
1083 5351 1190 5402 Καὶ
1228 5352 1362 5420 μήτε
1387 5351 1538 5402 αὐτοὶ
1567 5347 1881 5418 εἰσερχόμε-

311 5457 412 5504 νοι,
444 5442 579 5511 μήτε
613 5440 717 5510 μὴν
746 5441 959 5509 ἐτέρους
986 5441 1231 5507 ἀφιέντες
1261 5440 1536 5492 εἰσελθεῖν·
1561 5437 1696 5489 ἀλλὰ
1727 5453 1878 5508 περι-

313 5531 534 5599 άγοντες
569 5532 666 5600 μὲν
689 5531 786 5601 τὴν
833 5531 1105 5583 θάλασσαν
1141 5531 1231 5581 καὶ
1259 5530 1354 5598 τὴν
1386 5527 1575 5598 ξηρὰν,
1607 5529 1690 5579 ἵνα
1724 5527 1880 5595 ποιή-

383 5640 432 5673 ”
469 5642 506 5696 ll
540 5643 728 5697 Thess.
773 5659 846 5704 ιι..
878 5644 1030 5697 5-H.
1103 5644 1146 5674 ’θ
1185 5641 1370 5695 Matth.
1415 5656 1562 5704 χειν,
1593 5638 1683 5692 24.
1763 5638 1808 5669 ³ο
1837 5637 1966 5692 lbid.
2000 5637 2087 5688 2'2.

314 5712 360 5746 "
391 5711 575 5766 Matth.
603 5728 760 5771 χχιιι,
795 5713 876 5764 15.

632 5805 899 5866 Partum.
951 5807 1062 5865 Gn.
1121 5806 1357 5865 LXXII.

1975 3507 2114 3553 oves,
2132 3490 2338 3559 gladius
2369 3502 2526 3554 super
2555 3488 2826 3540 brachium
2861 3486 2996 3555 ejus,
3047 3495 3096 3540 et
3151 3503 3307 3556 super
3333 3491 3540 3544 oculum

1973 3581 2241 3634 dexterum
2319 3578 2450 3646 ejus.
2519 3577 2804 3631 Brachium
2869 3579 2983 3645 ejus
3057 3579 3311 3633 siccatum
3371 3582 3539 3636 sicca-

1974 3672 2134 3735 bitur,
2188 3680 2233 3723 et
2269 3670 2450 3722 oculus
2511 3669 2696 3722 dexter
2741 3669 2856 3736 ejus
2907 3679 3197 3724 crematus
3260 3674 3542 3726 σπανίαὺὶ-

1973 3773 1989 3816 ί
1997 3780 2026 3815 ιι
2033 3779 2076 3814 1'.

2046 3976 2304 4032 LXXXV.
2335 3976 2596 4043 Suscepto
2619 3974 2783 4029 semel
2805 3989 3055 4030 sermone
3085 3975 3150 4031 de
3190 3984 3406 4044 pastore
3437 3977 3538 4030 im-

1976 4065 2170 4134 perito,
2195 4065 2547 4119 contristatur
2571 4061 2846 4131 quasijam
2881 4077 3040 4131 super
3073 4066 3380 4132 pastoribus
3429 4080 3536 4119 non

1978 4157 2150 4221 bouis,
2179 4165 2230 4209 et
2265 4155 2549 4208 admodum
2596 4155 2892 4222 generatim
2943 4153 3200 4221 loquitur,
3241 4157 3314 4208 ita
3362 4157 3543 4209 animo

1977 4247 2182 4301 affectis
2208 4256 2462 4301 eventura
2489 4244 2877 4311 prmnuntians.
2909 4243 3041 4297 Vide
3083 4254 3259 4298 autem
3283 4249 3542 4314 quemad-

1980 4337 2192 4390 modum
2224 4352 2366 4391 nunc
2413 4351 2602 4405 pmnas
2666 4334 2874 4387 inertiae
2928 4333 3222 4400 pendentes
3299 4336 3545 4392 fortassis

1977 4423 2139 4477 etiam
2175 4423 2604 4484 commiseratur,
2633 4429 2852 4488 propter
2896 4419 3112 4473 insitam
3167 4424 3543 4477 mansuetudi-

1980 4532 2100 4572 nem
2139 4533 2152 4569 :
2217 4532 2532 4586 quanquam
2550 4522 2766 4568 accusat
2794 4513 3079 4582 005,771
3117 4517 3256 4582 quod
3301 4524 3544 4584 pastores

1982 4627 2238 4664 vanorum
2267 4611 2392 4664 facti
2415 4611 2542 4673 sint,
2571 4610 2669 4662 hnc
2689 4619 2788 4672 est,
2819 4607 3191 4675 temporalium
3217 4620 3546 4679 satagentes,

1912 4740 1955 4794 Β
1985 4703 2117 4754 adeo
2154 4711 2328 4754 autem
2359 4701 2633 4761 socordes,
2659 4708 2715 4751 ut
2737 4697 2898 4751 etiant
2931 4711 3093 4765 super
3134 4699 3325 4754 ovibus
3352 4700 3550 4754 misere

1986 4791 2332 4861 pereuntibus
2357 4791 2688 4844 lmtarentur.
2721 4788 2821 4840 Alii
2849 4803 3079 4857 namque
3125 4790 3415 4843 vendentes
3457 4804 3550 4842 cas

1987 4884 2234 4937 dicebant
2270 4901 2282 4937 :
2350 4902 2367 4934 ‹
2404 4882 2722 4936 Benedictus
2746 4879 3025 4944 Dominus,
3052 4888 3099 4934 et
3133 4880 3323 4934 divites
3367 4878 3548 4933 evasi-

1988 4983 2105 5030 mtls
2135 4977 2200 5029 ³³.
2232 4994 2250 5027 ι
2277 4974 2378 5028 Alii
2408 4989 2534 5029 vero
2567 4972 2901 5036 occidebant,
2926 4985 3025 5025 nec
3055 4971 3346 5038 quidquam
3399 4982 3548 5021 com-

1990 5067 2383 5128 movebantur;
2423 5079 2542 5117 nam
2570 5073 2626 5117 ιιι
2664 5072 2808 5117 recte
2841 5071 3144 5130 pascerent,
3185 5060 3235 5112 id
3283 5071 3415 5112 sane
3445 5073 3549 5111 non

1987 5161 2267 5212 curabant.
2327 5156 2485 5210 Tales
2521 5170 2679 5223 porro
2715 5161 2869 5207 erant
2922 5152 3167 5205 doctores
3214 5147 3548 5213 .ludmorum,

1997 5270 2012 5300 ι
2035 5251 2343 5304 claudentes
2368 5263 2589 5317 regnum
2615 5246 2928 5309 ccelorum,»
2953 5244 3092 5298 sicut
3109 5243 3183 5296 ait
3201 5241 3447 5296 Christus
3472 5243 3516 5274 “
3537 5283 3552 5307 ,

1996 5360 2012 5390 ι
2047 5351 2101 5393 et
2132 5353 2306 5408 neque
2325 5339 2424 5406 ipsi
2453 5339 2848 5403 intrantes,nec
2883 5333 3240 5388 aliosintrare
3269 5333 3509 5390 sitientes
3538 5351 3551 5364 ο

1988 5432 2079 5485 sed
2109 5431 2506 5484 circumeuntes
2534 5442 2683 5481 mare
2708 5435 2761 5479 et
2791 5425 3020 5489 aridam,
3073 5431 3129 5476 ιιι
3162 5423 3361 5478 faciant
3389 5440 3551 5479 unum

1986 5517 2441 5590 prusclytum,qui
2465 5532 2582 5570 cum
2611 5518 2780 5571 factus
2809 5516 2988 5582 fuerit,
3015 5515 3217 5570 faciunt
3239 5531 3357 5570 cum
3387 5517 3551 5569 filium

2169 5637 2208 5667 ³ι
2245 5633 2378 5686 Ibid.
2459 5630 2500 5660 ³²
2535 5630 2576 5684 ll
2607 5630 2796 5686 Thess.
2833 5647 2891 5697 ιι,
2927 5631 2978 5684 8.
3058 5630 3100 5660 ³³
3135 5631 3360 5686 Zachar.
3390 5643 3468 5695 XI,
3495 5627 3546 5682 5.

3136 5789 3165 5847 7
