4026 6276
502 350 605 402 203

1489 337 1546 393 S.
1593 334 1865 392 CYItILIJ
1906 332 2373 388 ALEXANDRINI
2414 331 2730 388 ARCIIIEP.

3652 328 3757 381 2'04

503 468 757 539 gebenum
782 463 995 533 duplum
1033 475 1192 532 quam
1242 458 1341 528 ipsi
1385 469 1511 512 sunt
1534 458 1597 511 ³⁵.
1642 477 1659 509 ι
1723 457 1860 521 Quid
1915 457 2073 526 igitur

2185 473 2311 507 σωσι
2350 456 2445 506 ἕνα
2484 454 2842 523 προσήλυτον,
2904 452 2950 502 εἰ
2998 449 3053 501 δὲ
3083 447 3147 518 δὴ
3211 445 3443 514 γένοιτο,
3476 445 3756 508 ποιοῦντες

502 562 634 614 adeo
666 558 925 627 improbis
980 553 1288 622 pastoribus
1345 553 1554 605 eveniet
1578 550 1619 604 ?'
1653 569 1669 601 ι
1711 550 1957 610 Gladius,
1994 550 2074 601 iu-

501 653 636 723 quit,
663 664 825 719 super
848 646 1127 701 brachium
1154 642 1342 714 ipsius,
1372 650 1427 697 ct
1454 656 1616 713 super
1645 646 1858 695 oculum
1890 642 2074 695 dexte-

500 760 619 799 rum
645 744 835 812 ejus.»
868 738 1147 793 Brachium
1168 751 1262 806 pro
1281 735 1487 790 viribus
1539 744 1593 788 et
1629 744 1751 805 typo
1779 733 2075 786 cliicientia:

501 833 796 904 spiritualis
818 830 1099 900 accipitur.
1128 828 1311 897 Itaque
1345 828 1409 882 de
1442 826 1772 880 animalibus
1799 824 1994 878 occisis
2022 823 2071 874 in

504 939 660 979 sacro
706 919 1049 977 tabernaculo
1087 918 1283 975 selecta
1327 917 1481 971 altari
1537 925 1725 970 saneto
1768 930 1891 983 pars
1947 913 2075 966 bra-

505 1016 707 1076 chium,
731 1028 825 1067 seu
859 1026 1044 1065 armus
1072 1018 1207 1075 erat,
1260 1018 1315 1063 et
1359 1022 1575 1063 sacrum
1626 1005 1909 1059 donarium
1945 1003 2072 1065 Deo.

503 1105 819 1160 ostendente
842 1103 1141 1173 Scriptura,
1170 1111 1226 1155 ut
1256 1100 1525 1161 existimo,
1549 1098 1650 1151 sub
1681 1098 1906 1166 quodam
1934 1099 2074 1150 inte-

505 1202 781 1265 gumento,
838 1194 948 1247 Deo
1003 1193 1247 1261 preprias
1294 1189 1536 1257 corporis
1598 1195 1650 1241 et
1673 1188 1897 1256 spiritus
1932 1187 2074 1241 vires

504 1285 811 1341 censecrari
858 1293 1126 1353 oportere.
1185 1280 1471 1334 Brachium
1538 1288 1719 1332 autem
1772 1277 2077 1346 signiﬁcare

506 1380 668 1442 vires,
704 1376 991 1430 testabitur
1021 1372 1235 1443 quidam
1256 1378 1588 1432 sanctorum,
1634 1369 1800 1422 Deum
1857 1370 2077 1421 univcr-

504 1486 686 1523 sorum
717 1469 1032 1535 alloquens:
1075 1483 1092 1515 ι
1144 1461 1512 1533 Magnitudinc
1542 1459 1748 1513 brachii
1801 1458 1881 1511 tui
1943 1458 2077 1510 ﬁant

506 1570 563 1614 ut
601 1560 803 1629 lapides
832 1558 898 1614 ³⁸.
935 1575 952 1606 ι
1008 1554 1206 1610 Oculus
1257 1560 1437 1605 autem
1505 1550 1701 1603 mentis
1754 1548 1931 1617 imago
1970 1556 2074 1601 est.

504 1649 748 1703 Patietur
807 1647 991 1715 itaque
1045 1645 1133 1713 qui
1186 1658 1296 1697 non
1346 1648 1491 1694 recte
1549 1638 1725 1709 pascit
1758 1636 1967 1692 brachii
2022 1645 2077 1692 et

503 1740 641 1795 oculi
676 1738 1092 1799 mutilationem,
1119 1736 1220 1789 hoc
1239 1743 1342 1797 est,
1373 1741 1478 1786 eta
1509 1744 1770 1800 corporeo
1814 1739 1869 1783 et
1908 1743 1937 1782 a
1971 1728 2079 1796 spi-

2183 547 2344 601 αύτὸν
2379 548 2492 598 υἰὸν
2530 546 2754 614 γεέννης
2786 542 3114 614 διπλὼτερον
3156 538 3383 591 ἑαυτῶν.
3426 557 3442 588 ι
3488 537 3553 590 Τί
3575 537 3637 608 δὴ
3665 534 3754 589 οὖν

2180 641 2288 710 ἄρα
2318 642 2431 702 τοῖς
2458 639 2600 691 οὕτω
2633 639 2883 709 πονηροῖς
2909 635 3133 704 ποιμέσι
3179 631 3520 702 συμϐήσεται
3547 646 3561 695 ;
3597 648 3613 681 ι
3639 631 3755 683 Md-

2177 749 2363 802 χαιρα,
2390 733 2575 801 φησὶν,
2605 730 2697 782 ἐπὶ
2726 729 2817 782 τοῦ
2877 727 3163 798 βραχίονος
3208 723 3396 789 αὐτοῦ,
3429 722 3524 775 καὶ
3548 722 3641 773 ἐπὶ
3667 722 3758 774 τὸν

2176 828 2451 899 ὀφθαλμὸν
2476 826 2565 879 τδν
2588 824 2758 890 δεξιὸν
2792 822 2977 877 αὑτοῦ.
3018 841 3036 873 ι
3074 818 3422 891 Λαμὸἀνεται
3466 816 3523 869 δὲ
3556 818 3589 868 ὁ
3607 816 3757 883 βρα·

2177 922 2324 990 κίων
2367 921 2445 982 εἰς
2488 917 2718 987 δύναμίν
2773 933 2834 968 τε
2899 915 2994 967 καὶ
3021 914 3192 965 τύπον
3232 911 3331 980 τῆς
3382 908 3758 978 πνευματικῆς

2176 1009 2478 1077 ἐνεργείας.
2514 1006 2624 1059 Καὶ
2679 1002 2811 1073 γοῦν
2861 1002 2970 1055 τῶν
3023 999 3379 1069 σφαζομένων
3406 996 3563 1062 ζώων
3594 998 3651 1048 ὲν
3691 999 3757 1065 τῇ

2176 1101 2306 1171 ἁγία
2354 1101 2525 1169 σκηνῇ
2559 1097 2854 1152 ἀπόλεκτον
2883 1094 2959 1164 τῷ
2991 1092 3119 1162 θείῳ
3167 1088 3537 1159 θυσιαστηρίῳ
3575 1087 3758 1157 μέρος,

2174 1194 2204 1246 6
2236 1192 2474 1263 βραχίων
2617 1190 2711 1243 καί
2739 1188 2880 1257 ἱερὸν
2908 1184 3164 1255 ἀνάθημα
3206 1182 3287 1251 τῷ
3309 1180 3448 1251 Θεῷ,
3480 1179 3758 1249 ύπεμφαί-

2175 1300 2376 1344 νοντος,
2418 1280 2593 1352 οἶμαι,
2620 1278 2714 1331 τοῦ
2749 1279 2908 1345 λόγου
2939 1276 3006 1329 δι’
3042 1274 3383 1344 αἰνίγματος,
3426 1274 3509 1325 ὅτι
3534 1271 3611 1341 τῷ
3645 1269 3762 1340 Θεῷ

2176 1376 2273 1444 τὴν
2307 1374 2443 1427 ἰδίαν
2495 1372 2789 1426 ἀναθετέον
2853 1370 3005 1437 ἰσχὺν
3060 1364 3155 1435 τὴν
3198 1364 3518 1435 σωματικήν
3576 1379 3634 1413 τε
3670 1362 3762 1413 καὶ

2178 1466 2571 1535 πνευματικήν.
2617 1463 2737 1514 ’Ὁτι
2770 1460 2826 1512 δὲ
2877 1461 2906 1512 6
2959 1457 3196 1528 βραχίων
3235 1452 3637 1523 κατασημαίνει
3665 1452 3761 1519 τὴν

2175 1556 2424 1625 δύναμιν,
2459 1552 2789 1607 πιστώσεταί
2822 1568 2906 1614 τις
2959 1550 3065 1603 τῶν
3128 1549 3319 1616 ἁγίων,
3354 1546 3431 1615 τῷ
3483 1545 3591 1597 τῶν
3628 1544 3761 1596 ὅλων

2178 1648 2296 1717 Θεῷ
2341 1643 2845 1717 προσπεφωνηκώς
2883 1661 2902 1694 ι
2925 1640 3159 1710 Μεγέθει
3196 1637 3477 1709 βραχίονός
3516 1654 3607 1689 σου
3637 1638 3765 1687 ἀπο-

2179 1740 2585 1811 λιθωθήτωσαν.
2627 1756 2643 1788 ι
2731 1737 2787 1789 '0
2836 1735 2890 1789 δέ
2943 1752 3006 1801 γε
3057 1732 3335 1802 ὀφθαλμὸς
3375 1731 3439 1782 ὲκ
3468 1728 3560 1783 νοῦ
3594 1728 3761 1780 τύπον

505 1832 680 1887 ritttali
705 1832 899 1886 robore
920 1830 1219 1881 deseretur.
1250 1823 1365 1878 Non
1430 1824 1575 1879 enim
1627 1820 1903 1891 quidpiam
1959 1820 2079 1875 boni

2189 1832 2538 1901 λαμϐάνεται.
2570 1828 2821 1881 Πείσεται
2849 1826 2912 1896 δὴ
2946 1823 3038 1877 οὗν
3065 1826 3092 1877 6
3126 1823 3199 1894 μὴ
3256 1821 3560 1892 ποιμαίνων
3590 1818 3763 1889 ὀρθῶς

504 1932 763 1992 prmstare
786 1916 1005 1988 poterit,
1047 1915 1153 1969 Deo
1195 1914 1343 1968 illum
1373 1927 1478 1967 non
1519 1911 1904 1966 corroborante
1947 1924 1960 1960 :
2026 1918 2080 1962 et

505 2015 686 2068 animo
701 2011 866 2066 obscu
876 2010 1099 2073 rabitur,
1119 2007 1209 2076 qui
1235 2004 1401 2059 divini
1424 2002 1641 2057 luminis
1656 2015 1850 2073 expers
1866 2009 2076 2065 autest,

505 2116 601 2159 aut
626 2114 905 2160 censetur.
933 2100 1084 2155 IIaud
1116 2100 1258 2153 enim
1289 2112 1409 2152 cum
1447 2094 1638 2150 ﬁducia
1663 2093 1841 2148 dicet:
1884 2110 1903 2143 ι
1934 2090 2078 2157 Quo-

507 2198 650 2252 niam
686 2207 738 2250 tu
788 2192 1112 2247 illuminabis
1139 2191 1414 2246 lucernam
1445 2184 1909 2250 meam,Domine;
1942 2184 2081 2239 Deus

506 2303 682 2354 meus,
716 2284 1042 2340 illuminabis
1076 2281 1323 2336 tenebras
1360 2276 1586 2333 meas".
1612 2296 1629 2327 ι
1667 2276 1954 2329 Dexterum
1986 2288 2081 2325 au-

509 2392 616 2436 tem
648 2379 927 2434 brachium
954 2385 1036 2431 est
1059 2372 1198 2443 quod
1232 2372 1410 2443 gladio
1439 2368 1767 2439 praeciditur,
1800 2376 1855 2420 et
1884 2364 2077 2420 oculus

508 2478 697 2528 dexter
726 2472 818 2542 qui
868 2478 1197 2525 excaecatur.
1250 2465 1394 2519 Nihil
1454 2461 1594 2516 enim
1624 2460 1905 2514 dexterum
1937 2460 2079 2525 apud

508 2566 757 2637 populum
784 2564 1113 2627 Iudaeorum,
1139 2574 1242 2613 non
1271 2558 1413 2611 actio
1438 2557 1649 2609 bona...
1683 2590 1696 2605 .
1725 2550 1959 2615 Etenim,
2023 2556 2080 2600 ut

507 2671 589 2715 est
621 2659 759 2728 apud
815 2655 1063 2720 Paulum,
1099 2671 1117 2703 ι
1182 2650 1362 2719 Usque
1407 2647 1568 2701 hodie
1623 2645 1838 2711 quando
1889 2641 2082 2709 legitur

509 2752 703 2818 Moses,
732 2749 978 2804 velamen
1008 2758 1169 2815 super
1195 2757 1290 2798 cor
1323 2753 1507 2795 eorum
1569 2736 1804 2807 positum
1833 2741 1914 2788 est
1938 2732 2002 2783 ".
2059 2751 2076 2781 ι

509 2843 696 2898 Psallit
736 2850 790 2895 et
844 2838 1039 2893 alicubi
1094 2834 1261 2889 David
1297 2832 1362 2887 dc
1414 2830 1547 2899 ipsis
1584 2847 1597 2883 :
1636 2847 1653 2879 ι
1713 2824 2084 2882 Obscurentur

508 2934 649 2991 oculi
679 2946 866 2986 eorum
901 2944 969 2983 ne
986 2928 1200 2982 videant
1226 2925 1292 2977 ”.
1333 2942 1351 2973 ι
1384 2921 1575 2977 Omnia
1631 2919 1794 2989 igitur
1866 2916 2079 2971 illorum

510 3025 750 3087 sinistra,
779 3022 891 3076 sive
921 3018 1177 3087 cogitata,
1205 3015 1317 3068 sive
1348 3025 1525 3066 mores
1556 3010 1724 3075 dicas,
1768 3007 1881 3061 sive
1939 3007 2081 3061 aliud

509 3131 696 3172 eorum
719 3128 836 3183 qum
865 3110 969 3165 illis
1002 3109 1191 3163 adesse
1212 3103 1417 3161 credita
1440 3109 1587 3157 sunt.
1612 3101 1691 3154 Ac
1736 3099 2078 3154 siuistrorum

2185 1921 2467 1993 βραχίονός
2485 1938 2544 1972 τε
2568 1921 2658 1973 καὶ
2686 1915 2971 1987 ’ὀφθαλμοῦ
2999 1914 3096 1982 τὴν
3158 1916 3429 1984 πήρωσιν,
3462 1911 3762 1973 τουτέστιν,

2182 2013 2387 2084 ἔρημος
2441 2011 2593 2063 ἔσται
2630 2007 2949 2079 σωματικῆς
3014 2006 3107 2059 καὶ
3151 2004 3530 2074 πνευματικῆς
3562 2002 3761 2072 ἰσχύος.

2183 2102 2257 2154 Ού
2282 2103 2391 2171 γὰρ
2449 2099 2736 2170 δυνήσεταί
2787 2115 2840 2150 τι
2876 2094 3221 2167 κατορθῶσαι
3265 2094 3374 2148 τῶν
3434 2092 3659 2162 ἀγαθῶν
3692 2091 3765 2163 μὴ

2182 2192 2522 2264 ἐνισχύοντος
2571 2190 2735 2245 Θεοῦ·
2785 2186 3347 2258 κατασκοτισθήσεται
3411 2184 3469 2237 δὲ
3524 2184 3618 2237 καὶ
3677 2183 3767 2236 τὸν

2181 2284 2328 2349 νοῦν,
2375 2283 2641 2354 ἀμέτοχος
2672 2282 2766 2334 τοῦ
2827 2280 2974 2333 θείου
3038 2279 3215 2347 φωτὸς
3268 2276 3531 2348 ὑπάρχων
3585 2292 3641 2328 τε
3676 2275 3766 2326 καὶ

2182 2379 2491 2448 νοούμενος.
2531 2376 2604 2428 Οὑ
2632 2374 2740 2445 γὰρ
2768 2373 3056 2442 δυνήσεται
3082 2371 3262 2440 λέγειν
3296 2371 3361 2422 ἐκ
3414 2368 3763 2438 παρρησίαςυ

2191 2492 2207 2523 ι
2243 2473 2371 2524 Ὀτι
2409 2470 2472 2523 σὺ
2497 2469 2719 2537 φωτιεῐς
2774 2465 2965 2535 λύχνον
2996 2481 3121 2535 μου.
3154 2461 3346 2530 Κύριετ
3376 2461 3405 2514 6
3451 2460 3583 2522 Θεός
3640 2477 3764 2528 μου,

2184 2564 2405 2633 φωτιεῖς
2439 2560 2500 2613 τὸ
2536 2560 2724 2621 σκότος
2783 2574 2905 2627 μου.
2935 2575 2952 2607 ι
2991 2553 3174 2618 Δεξιδς
3205 2553 3263 2605 δὲ
3288 2553 3315 2604 6
3357 2551 3599 2621 βραχίων
3640 2551 3669 2600 6
3701 2551 3767 2619 τῇ

2193 2653 2444 2723 μαχαίρᾳ
2491 2649 2854 2719 τεμνόμενος,
2903 2646 2997 2699 καὶ
3042 2643 3147 2715 μὴν
3174 2641 3270 2696 καί⁵
3307 2639 3584 2710 ὀφθαλμὸς
3608 2641 3635 2691 6
3672 2656 3768 2691 τυ-

2184 2743 2505 2814 φλούμενος.
2536 2738 2718 2803 Δεξιδν
2748 2737 2857 2809 γάρ
2906 2735 3057 2803 οὐδὲν
3114 2733 3267 2803 παρά
3322 2734 3437 2794 τοῖς
3496 2730 3770 2784 Ἰουδαίων

2182 2836 2398 2906 δήμοις,
2457 2831 2519 2884 οὐ
2565 2824 3001 2901 πρᾶξιςάγαθή.
3083 2865 3098 2881 .
3179 2866 3193 2879 .
3273 2866 3288 2881 .
3366 2864 3379 2878 .
3463 2863 3476 2877 .
3559 2864 3573 2878 .
3654 2863 3671 2877 .
3752 2860 3765 2874 .

2173 2927 2260 2988 Ὡς
2282 2925 2391 2996 γὰρ
2420 2926 2448 2976 ὁ
2478 2920 2689 2984 Παῦλος
2721 2937 2907 2990 φησιν,
2970 2937 2988 2969 ι
3024 2918 3184 2988 ’Ἄχρι
3217 2918 3457 2988 σ’ήμερον
3506 2915 3672 2986 ήνίκα
3706 2915 3771 2967 ἂν

2185 3013 2623 3081 ἀναγινώσκηται
2682 3008 2905 3077 Μωσῆς,
2961 3005 3229 3075 κάλυμμα
3286 3004 3378 3056 ἐπὶ
3411 3003 3509 3075 τὴν
3538 3004 3769 3074 καρδίαν

2184 3103 2362 3161 αὐτῶν
2384 3105 2578 3157 κεῖται.
2602 3120 2619 3152 ›
2648 3099 2859 3153 Ψάλλει
2885 3098 2942 3150 δέ
2982 3114 3084 3149 που
3113 3097 3209 3149 καί⁷
3241 3098 3269 3149 6
3298 3096 3463 3149 Δαόἰδ
3488 3094 3618 3166 περὶ
3670 3096 3769 3147 αὑ-

509 3207 724 3278 quidem
759 3201 1085 3259 ablationem
1114 3195 1417 3251 conducere
1442 3206 1619 3261 posse,
1652 3204 1771 3243 eam
1808 3188 2079 3243 sustinen-

2186 3196 2312 3250 τῶν·
2376 3214 2393 3246 ι
2433 3191 2883 3261 Σκοτισθήτωσαν
2915 3188 2964 3240 οἰ
3013 3186 3282 3257 ὀφθαλμοί¹
3323 3186 3503 3240 αὐτῶν
3554 3186 3648 3240 τοῦ
3697 3186 3771 3256 μὴ

512 3297 675 3361 tibus,
708 3309 814 3349 non
860 3306 944 3345 me
974 3290 1126 3343 latet.
1177 3286 1307 3339 Nam
1360 3282 1589 3353 abjectio
1635 3280 1877 3336 stultitiae
1931 3278 2079 3333 omni

510 3385 664 3455 culpa
704 3393 757 3439 et
785 3381 980 3452 probro
1003 3392 1096 3433 eos
1124 3374 1470 3437 liberaverit;
1525 3372 1686 3441 772
1728 3378 1917 3427 contra
1975 3383 2079 3424 non

512 3473 856 3531 mediocriter
942 3468 1137 3524 laeserit
1193 3466 1504 3522 dextrorum
1558 3463 1781 3517 amissio
1818 3480 1833 3516 ε
1866 3461 2083 3517 omnino

511 3566 654 3621 enim
681 3564 749 3620 ad
775 3563 1059 3618 inhonesta
1109 3565 1165 3614 et
1206 3558 1438 3612 maxime
1460 3554 1813 3611 exsecrabilia
1846 3553 2079 3608 deducit.

512 3656 617 3713 Sed
644 3656 858 3713 Judaeos
890 3655 1100 3717 deceat,
1133 3659 1188 3707 et
1219 3663 1479 3720 perquam
1502 3645 1908 3713 convenienter,
1958 3661 2086 3715 spo~

510 3748 668 3803 liatos
704 3745 914 3802 dextris
971 3749 1345 3813 paupertatem
1408 3726 1696 3809 perferre:
1747 3751 1847 3792 nos
1905 3747 2084 3790 autem

510 3840 600 3909 qui
654 3852 840 3892 smnus
871 3835 923 3889 in
953 3833 1195 3896 Christo,
1229 3830 1450 3885 sinistra
1473 3829 1743 3893 amittere,
1763 3836 1817 3880 et
1884 3826 2087 3880 dextris

510 3929 751 3998 gloriari.

2191 3285 2430 3356 βλέπειν.
2457 3302 2475 3334 ι
2503 3282 2676 3335 Σκαιά
2696 3280 2760 3350 δὴ
2803 3273 2895 3333 οὖν
2934 3278 3147 3331 ἅπαντα
3171 3276 3239 3329 τά
3288 3277 3417 3347 παρ’
3441 3277 3646 3341 αὐτοῖς,
3668 3277 3771 3329 κΞιν

2190 3376 2383 3445 νόημα,
2409 3373 2510 3427 κᾶν
2548 3373 2747 3443 τρόπον
2770 3370 2931 3442 εἴπῃς
2950 3410 2964 3433 ,
2992 3369 3096 3421 κᾶν
3145 3368 3329 3438 ἕτερόν
3377 3386 3429 3421 τι
3457 3368 3568 3421 τῶν
3599 3386 3770 3438 προσ-

2192 3469 2330 3520 εῖναι
2376 3462 2844 3531 πεπιστευμένων.
2901 3458 3021 3511 Τῶν
3093 3459 3193 3528 μὲν
3228 3458 3336 3529 γάρ
3378 3457 3689 3529 ἀριστερῶν
3736 3460 3767 3527 ή

2192 3555 2483 3627 ἀφαίρεσις
2529 3553 2769 3623 ὀνήσειεν
2803 3551 2869 3603 ἂν
2926 3545 3021 3601 οἷδ’
3062 3550 3144 3603 ὅτι
3173 3550 3300 3612 τοὺς
3373 3548 3768 3619 ὑπομένοντας.

2204 3643 2468 3713 Ἀποϐολὴ
2494 3644 2603 3712 γὰρ
2633 3639 2950 3709 σκαιότητος
2974 3639 3152 3701 αἰτίας
3196 3655 3253 3691 τε
3284 3638 3377 3690 καὶ
3408 3636 3605 3707 μώμου
3636 3654 3772 3691 παν-

2189 3735 2278 3799 τδς
2329 3733 2685 3797 ἀπαλλάξειεν
2750 3731 2816 3784 ἂν
2877 3730 3094 3793 αὐτούς.
3149 3730 3450 3800 Ἀδικήσειε
3504 3729 3550 3782 δ’
3581 3728 3648 3783 ἂν
3711 3729 3772 3782 ού

2195 3826 2431 3898 μετρίως
2490 3826 2523 3894 ἡ
2576 3824 2684 3876 τῶν
2725 3822 2915 3887 δεξιῶν
2972 3822 3261 3888 ἀπόδειξις.
3326 3821 3618 3891 Ἀποφέρει
3660 3821 3773 3890 γὰρ

2193 3915 2412 3975 πάντως
2444 3914 2521 3976 εἰς
2550 3912 2617 3964 τά
2649 3911 2864 3981 αἰσχίω,
2896 3912 2989 3965 καὶ
3020 3910 3415 3983 βδελυρώτατα.
3453 3910 3594 3963 Ἀλλ’
3642 3912 3772 3964 Ἰου-

510 4022 679 4083 δαίοις
708 4016 906 4089 πρέποι
939 4013 1025 4077 ἀν,
1065 4010 1159 4063 καὶ
1197 4008 1342 4079 μάλα
1380 4004 1627 4067 εἰκότως,
1657 4006 1719 4057 τὸ
1750 4006 1807 4056 ὲν
1869 4005 2120 4076 στερήσει
2158 4005 2416 4059 πένεσθαι
2473 4004 2579 4059 τῶν
2640 4003 2849 4069 δεξιῶνσ
2882 4004 3011 4074 ἡμῖν
3079 4003 3136 4057 δὲ
3165 4007 3278 4068 τοῖς
3314 4006 3372 4058 ἐν
3405 4004 3628 4075 Χριστῷ
3673 4002 3777 4071 τὴν

512 4108 783 4180 ἀποϐολὴν
832 4103 1086 4175 γενέσθαι
1128 4096 1468 4169 σκαιότητος,
1502 4098 1596 4151 καὶ
1649 4098 1759 4159 τοῖς
1780 4094 1970 4160 δεξιοῖς
2000 4094 2410 4166 ἐναϐρύνεσθαι.

760 4255 1167 4351 TOMUS
1251 4251 1822 4357 QUINTUS.

1150 4404 1301 4461 CAP.
1333 4403 1452 4459 XII.

585 4527 830 4581 VensJ.
882 4522 1176 4589 Assumptio
1224 4517 1369 4571 verbi
1426 4513 1637 4568 Domini
1689 4527 1842 4580 super
1890 4508 2082 4563 Israel.

518 4621 667 4677 Dixit
692 4617 946 4671 Dontinus
972 4613 1249 4668 extendens
1280 4608 1490 4670 caelum,
1516 4614 1564 4659 et
1606 4604 1837 4671 fundens
1866 4610 2084 4669 terram,

517 4711 777 4780 etﬁngens
812 4706 1049 4776 spiritum
1069 4702 1294 4757 hominis
1329 4701 1383 4751 in
1405 4714 1479 4753 eo.

586 4819 868 4879 LXXXVI.
896 4818 1182 4887 Postquam
1203 4812 1345 4883 quod
1386 4808 1613 4866 sufﬁciat
1651 4805 2088 4862 commodissime

517 4916 773 4971 disseruit
818 4914 882 4968 de
927 4925 1054 4964 vero
1106 4915 1342 4976 pastore,
1396 4903 1497 4957 hoc
1536 4907 1618 4954 est
1666 4896 2089 4963 Christo,atque

516 5008 680 5061 etiam
723 5007 788 5059 de
830 5001 1103 5073 imperito,
1159 5005 1212 5050 et
1273 4990 1663 5055 crudelissimo,
1717 4996 1770 5042 et
1834 4985 2087 5041 carniﬁce

515 5094 720 5160 ovium,
747 5108 906 5162 quem
954 5086 1346 5145 Autichristum
1408 5097 1527 5135 esse
1577 5078 1824 5144 dicimus,
1882 5075 2086 5130 utiliter

514 5186 678 5239 etiam
710 5184 1013 5236 futurarum
1054 5176 1342 5245 aliquando
1402 5172 1831 5242 persecutionum
1896 5176 2081 5223 contra

514 5276 865 5337 Israclem,et
888 5270 1194 5338 neutiquam
1236 5267 1447 5337 quidem
1513 5263 1722 5318 lsraelis
1790 5260 2083 5315 secundum

516 5380 757 5429 carnem,
786 5363 879 5417 sed
909 5360 1264 5429 iutelligibilis
1298 5359 1439 5412 illius
1475 5366 1529 5409 et
1595 5369 1719 5410 vere
1776 5362 1973 5407 sancta:
1995 5349 2083 5404 Je-

518 5454 771 5517 rusalem,
798 5468 916 5523 qtae
945 5460 1027 5507 est
1059 5472 1075 5503 ι
1114 5453 1352 5507 Ecclesia
1408 5449 1497 5503 Dei
1533 5446 1762 5501 viventis
1789 5446 1833 5475 ⁸ο
1856 5485 1867 5508 ,
1887 5464 1903 5494 ι
1934 5458 2083 5495 men-

519 5548 714 5601 tionem
734 5548 953 5602 inducit.
983 5548 1133 5601 Sicut
1169 5549 1308 5601 enim
1337 5544 1630 5598 asseritnus
1680 5554 1801 5594 esse
1828 5536 2081 5602 intelligi-

2472 4238 2855 4323 ΤΟΜΟΣ
2918 4237 3498 4323 ΠΕΜΠΤΟΣ.

2783 4388 3008 4440 ΚΕΦΛΛ
3019 4429 3031 4441 .
3070 4388 3167 4442 IB'.

2262 4500 2478 4571 Λῆμμα
2504 4502 2693 4571 λόγου
2731 4500 2950 4568 Κυρίου
3008 4500 3107 4553 ἐπὶ
3156 4500 3263 4553 τὸν
3307 4501 3563 4569 Ἰσραήλ.
3600 4504 3771 4570 Λέγει

2195 4595 2430 4661 Κύριος,
2457 4594 2738 4646 ἐκτείνων
2766 4593 3044 4661 οὐρανὸν,
3075 4592 3171 4645 καὶ
3197 4592 3486 4660 θεμελιῶν
3511 4593 3648 4662 γῆν,
3672 4594 3765 4647 καὶ

2195 4684 2495 4737 πλάσσων
2526 4684 2759 4752 πνεῦμα
2788 4683 3102 4750 ἀνθρώπου
3124 4683 3192 4735 ἐν
3217 4683 3398 4749 αὐτῷ.

2268 4800 2409 4864 HG".
2490 4796 2840 4867 ’Λποχρῶσαν
2904 4790 2961 4848 εὖ
3027 4795 3172 4865 μάλα
3250 4797 3618 4865 ποιησάμενος
3673 4795 3768 4863 τήν

2190 4890 2464 4958 ἀφήγησιν
2496 4888 2593 4958 τὴν
2643 4888 2734 4940 ὲπί
2783 4904 2843 4954 γε
2902 4887 2979 4956 τῷ
3011 4884 3199 4955 ἀγαθῷ
3236 4885 3489 4953 ποιμένι,
3527 4884 3767 4938 τουτέστι

2188 4980 2428 5050 Χριστῷ,
2486 4982 2579 5032 καὶ
2635 4979 2731 5048 μέν
2782 4996 2864 5031 τοι
2911 4978 3006 5047 τὴν
3070 4978 3163 5029 ἐπὶ
3216 4976 3291 5046 τῷ
3343 4976 3557 5047 ἀπείρῳ
3586 4993 3644 5027 τε
3677 4974 3767 5027 καὶ

2188 5072 2474 5141 ὠμοτάτῳ,
2505 5071 2597 5122 καὶ
2659 5070 3057 5140 κρεωνομοῦντι
3085 5069 3152 5120 τά
3187 5067 3456 5138 πρόϐατα,
3483 5068 3670 5120 τοῦτον
3712 5064 3768 5116 δὲ

2188 5157 2324 5212 εἷναί
2354 5176 2533 5228 φαμεν
2562 5158 2651 5210 τὸν
2686 5159 3069 5227 Ἀντίχριστον,
3102 5157 3465 5227 διαμέμνηται
3488 5157 3768 5227 χρησίμως

2196 5252 2289 5304 καὶ
2319 5250 2423 5302 τῶν
2477 5249 2750 5318 ἐσομένων
2784 5249 2925 5302 κατά
2954 5252 3175 5318 καιροὺς
3215 5247 3494 5317 διωγμῶν,
3537 5248 3677 5301 κατά
3705 5261 3765 5312 γε

2194 5344 2285 5396 τοῦ
2331 5342 2562 5411 Ἰσραὴλ,
2606 5342 2697 5393 καὶ
2730 5342 2849 5409 ουχὶ
2898 5342 2959 5411 δὴ
2996 5342 3209 5403 παντως
3258 5340 3353 5391 τοῦ
3386 5340 3527 5393 κατά
3563 5339 3767 5407 σάρκα,

2198 5432 2395 5503 μᾶλλον
2417 5431 2471 5483 δὲ
2504 5430 2595 5482 τοῦ
2646 5429 2857 5499 νοητοῦ,
2896 5432 2986 5481 καὶ
3019 5430 3117 5497 τῆς
3172 5428 3331 5495 ἁγίας
3361 5427 3529 5488 ὄντως
3574 5427 3766 5494 Ἰερουο

2196 5526 2396 5595 σαλὴμ,
2422 5524 2540 5592 ἥτις
2573 5525 2719 5574 ἐστὶν
2749 5541 2766 5573 ι
2801 5522 3093 5592 Ἐκκλησία
3120 5519 3253 5572 Θεοῦ
3286 5519 3505 5582 ζῶντος.
3523 5536 3540 5568 s
3566 5516 3769 5581 Ὠσπερ

589 5664 631 5693 ³⁵
665 5661 849 5721 Matth.
876 5680 1023 5721 χχιιι.
1064 5665 1143 5719 IS.
1208 5663 1250 5694 ³⁸
1288 5659 1460 5716 Exod.
1496 5674 1585 5724 xv,
1613 5654 1695 5709 I6.
1750 5655 1790 5686 ³⁷
1817 5650 1958 5707 Psal.
1996 5664 2079 5702 ιιιί

2185 5644 2253 5699 ιε).
2332 5638 2378 5671 ⁸⁸
2408 5637 2450 5689 ll
2486 5638 2610 5691 Cor.
2641 5653 2725 5705 ιιι,
2758 5637 2843 5692 I5.
2902 5636 2944 5669 '9
2972 5635 3113 5691 Psal.
3148 5647 3337 5697 vaut,
3372 5631 3462 5684 24.
3509 5629 3597 5684 “I
3630 5626 3766 5682 'I‘iut.

519 5754 597 5799 Ill,
636 5733 719 5787 15.
