4026 6276
289 420 398 479 205

1097 415 1647 476 COMMENTARIUS
1688 418 1751 474 IN
1792 415 2191 475 ZACHARIAM
2228 414 2669 473 PROPHETAM.

3423 420 3528 474 9.06

288 533 404 605 γὰρ
435 530 573 588 εἷναί
605 550 784 604 φαμεν
818 532 1004 602 νοητὸν
1044 534 1312 600 Ἰουδαῖον,
1363 534 1455 587 τὸν
1484 533 1674 604 ἔχοντα
1707 549 1854 602 περι-

1963 530 2120 586 bilem
2141 529 2405 598 Judaeum,
2430 530 2717 582 habentem
2755 525 3220 582 circumcisionem
3271 529 3324 583 in
3372 531 3532 586 corde

291 625 467 696 τομὴν
489 626 545 679 ἐν
573 624 786 696 καρδίᾳ,
810 623 908 695 τὴν
933 623 1022 677 διὰ
1044 624 1137 678 τοῦ
1165 624 1494 694 πνεύματος,
1525 624 1618 677 καὶ
1654 624 1770 693 οὐχὶ
1793 623 1856 692 δὴ

293 713 510 778 πάντως
534 712 628 783 τὴν
656 713 713 766 ὲν
742 714 907 782 σαρκὶ
933 712 1021 766 διὰ
1075 713 1422 784 γράμματος·
1455 712 1596 766 οὕτω
1625 714 1720 766 καὶ
1754 713 1856 764 Ίσο

294 801 434 874 ραὴλ
458 801 690 874 νοεῖσθαι
719 801 847 872 φαίη
900 819 985 864 τις
1020 802 1108 867 ἂν,
1139 803 1259 871 οὐχὶ
1311 803 1527 865 πάντως
1554 802 1646 854 τὸν
1677 800 1738 866 ἐξ
1770 800 1855 853 αἵ·-

296 871 463 959 ματος
486 871 721 961 Ἰσραὴλ,
737 891 946 944 ἐκεῖνον
975 890 1032 944 δὲ
1060 890 1278 960 μᾶλλον,
1293 890 1351 953 ὃς
1373 891 1484 960 ἔχει
1507 889 1628 943 νοῦν
1648 890 1857 960 ὁρῶντα

287 977 440 1033 Θεόν.
470 980 713 1034 Τοιοῦτοι
741 981 798 1034 δὲ
830 981 1048 1044 πάντως
1067 981 1216 1033 οἱδιά
1241 981 1475 1043 πίστεως
1499 981 1596 1051 τῆς
1618 983 1694 1044 εἰς
1723 981 1857 1051 Χρι-

288 1069 410 1123 στὸν
444 1071 775 1143 κεκλημένοι
833 1072 969 1142 πρὸς
1013 1072 1307 1142 ἀγιασμὸν,
1361 1073 1661 1141 ἐγνωκότες
1705 1089 1762 1125 τε
1789 1072 1854 1126 δι’

227 1177 230 1182 ·
283 1161 468 1228 αὐτοῦ,
503 1163 600 1216 καὶ
626 1165 684 1216 ὲν
729 1163 877 1233 αὐτῷ
899 1163 989 1217 τὸν
1016 1163 1148 1216 Θεὸν
1206 1163 1300 1217 καὶ
1325 1163 1563 1234 Πατέρα.
1592 1163 1856 1227 Θεοπτίας

282 1250 394 1321 γὰρ
430 1254 618 1306 οὑτοσὶ
642 1253 844 1325 τρόπος
883 1255 1123 1325 ἀτρεκὴς
1151 1254 1244 1307 καὶ
1299 1253 1594 1324 ἐξαίρετος.
1631 1252 1858 1323 Λαμϐά-

280 1359 435 1396 νεται
462 1344 645 1397 τοίνυν
663 1345 693 1396 ό
721 1344 878 1414 λόγος
905 1344 998 1398 ἐπὶ
1034 1343 1124 1398 τὸν
1165 1343 1366 1414 ἀρτίως
1413 1345 1544 1415 ἡμῖν
1572 1343 1856 1415 εἰρημένον

294 1435 536 1507 Ἰσραήλ,
568 1437 690 1489 Ὀτι
728 1437 788 1489 δέ
843 1438 958 1489 ἐστι
983 1435 1264 1505 παναλκὴς
1289 1437 1316 1488 6
1342 1435 1450 1488 τῶν
1476 1436 1612 1490 ὅλων
1648 1436 1798 1500 Θεὸς,
1827 1439 1856 1490 ό

276 1525 348 1578 τά
373 1525 467 1577 ἐπὶ
505 1523 714 1586 τούτοις
746 1525 876 1595 ἡμῖν
903 1523 1226 1594 ποιούμενος
1255 1523 1694 1595 προανάρρησιν,
1718 1525 1854 1578 ἀπο-

276 1613 482 1684 φαίνει,
536 1615 726 1683 λέγων·
783 1632 802 1665 t
838 1614 1122 1668 Ἐκτείνων
1149 1613 1393 1684 οὐρανὸν,
1448 1615 1542 1667 καὶ
1590 1614 1854 1684 θεμελιιῖΝ

273 1706 402 1777 γῆν,
460 1705 554 1757 καὶ
600 1704 854 1758 πλάσσων
907 1703 1123 1773 πνεῦμα
1167 1704 1454 1775 ἀνθρώπου
1501 1705 1560 1758 ἐν
1621 1706 1790 1776 αὐτῷ.
1827 1726 1847 1759 ι

271 1798 499 1867 Δέχεται
532 1796 659 1868 γὰρ,
687 1797 868 1868 φησὶν,
900 1796 994 1849 ἐπὶ
1040 1795 1132 1866 τὸν
1168 1795 1382 1867 Ἰσραὴλ
1427 1795 1488 1850 τὸ
1534 1797 1727 1869 λῆμμα
1755 1799 1851 1852 τοῦ

271 1865 435 1958 λόγου
463 1865 622 1952 Θεὸς-
644 1889 672 1940 6
701 1865 905 1942 πάντα
962 1865 1182 1957 ἰσχύων,
1300 1865 1409 1942 Kal
1455 1865 1710 1943 ἐκτείνων
1753 1891 1851 1961 μὲν
1885 1865 1927 1921 Β

272 1981 407 2033 ὡσεὶ
430 1979 613 2052 δέρριν
639 1979 732 2032 τὸν
760 1978 1010 2050 οὐρανὸν,
1053 1998 1072 2030 ι
1111 1977 1250 2031 κατά
1288 1977 1386 2049 τὴν
1425 1978 1518 2032 τοῦ
1557 1979 1849 2049 ψάλλοντος

274 2071 478 2143 φωνὴν,
515 2071 866 2142 ὲδραιοτάτην
910 2070 967 2123 δὲ
1000 2070 1170 2134 οὕτως
1221 2070 1506 2141 ἀποφήνας
1551 2071 1650 2142 τὴν
1701 2073 1846 2143 γῆν,

271 2163 351 2226 ὼς
375 2163 461 2216 ἀεί
503 2181 562 2218 τε
601 2163 694 2216 καὶ
745 2161 1038 2225 διαπαντὸς
1081 2161 1390 2232 ἀκλονήτως
1437 2161 1615 2232 ἔχειν,
1673 2164 1849 2218 καίτοι

271 2253 746 2325 τεθεμελιωμένην
773 2253 866 2306 ἐπὶ
897 2253 1200 2306 θαλασσῶν.
1245 2253 1391 2324 Ἔφη
1439 2255 1546 2324 γὰρ
1594 2253 1766 2318 οὕτως
1811 2257 1845 2326 η

273 2341 629 2407 θεόπνευστος
682 2344 898 2415 Γραφήο
953 2360 971 2394 ι
1019 2341 1129 2396 Καὶ
1183 2341 1438 2397 πλάσσων
1493 2343 1708 2413 πνεῦμα
1757 2345 1850 2398 ἀν-

271 2431 493 2503 θρώπου
518 2435 574 2486 ὲν
606 2433 772 2504 αὐτῷ.
801 2453 819 2485 ι
860 2435 920 2487 '0
947 2433 1004 2486 δὲ
1028 2433 1090 2503 δὴ
1120 2431 1262 2486 οὕτω
1288 2433 1536 2505 μεγάλων
1584 2435 1848 2509 δημιουρ-

270 2523 369 2594 γὸς
420 2524 510 2579 καὶ
540 2525 810 2597 τεχνίτης,
842 2525 959 2590 πῶς
1011 2526 1110 2578 οὐκ
1144 2524 1419 2595 ἀνιδρωτὶ,
1464 2527 1558 2579 καὶ
1584 2526 1728 2595 μάλα
1757 2527 1848 2580 εὑ-

271 2616 450 2681 κόλως
476 2617 536 2670 τὸ
569 2617 718 2687 αὐτῷ
748 2616 940 2671 δοκοῦν
1002 2617 1375 2686 ἀποπερανεί;
1433 2616 1739 2671 Πλάσσεται
1789 2619 1848 2672 δὲ

270 2706 492 2777 πνεῦμα
528 2708 817 2780 ἀνθρώπου
851 2711 908 2763 ὲν
934 2707 1103 2780 αὐτῷ,
1134 2709 1233 2762 οὐκ
1255 2709 1335 2772 εἰς
1364 2708 1540 2779 ἀρχὰς
1572 2710 1667 2763 τοῦ
1705 2706 1845 2764 εἶναι

270 2798 627 2869 καλούμενον,
651 2801 701 2852 εί
740 2801 834 2852 καὶ
860 2800 1051 2868 γέγονε
1089 2799 1157 2852 δι’
1186 2796 1373 2864 αὑτοῦ,
1399 2799 1514 2852 ἀλλ’
1537 2796 1646 2854 οἷον
1677 2818 1845 2871 μετα-

271 2889 672 2962 μορφούμενον,
703 2890 761 2957 ἐξ
780 2889 1058 2954 ἀσθενείας
1093 2891 1174 2954 εἰς
1197 2889 1448 2959 δύναμιν,
1474 2891 1533 2955 ἐξ
1561 2893 1846 2964 ἀνανδρίας

267 2982 353 3044 εἰς
382 2980 676 3050 ὑπομονὴν,
705 2980 798 3034 καὶ
828 2979 1185 3045 ἁπαξαπλῶς,
1223 2981 1289 3034 ὲκ
1314 2982 1420 3035 τῶν
1451 2982 1740 3052 αἰσχιόνων
1765 2985 1847 3048 είς

267 3072 340 3125 τὰ
360 3073 570 3142 ἀμείνω
631 3072 1202 3143 μεταστοιχειούμενον
1258 3073 1485 3143 νοητῶς.
1544 3074 1749 3128 Ψάλλει
1788 3075 1846 3129 δὲ

1962 637 2056 691 per
2086 622 2361 692 spiritum,
2401 628 2453 674 et
2475 619 2698 673 minime
2737 633 2856 673 eam
2882 631 3001 685 qurc
3031 626 3115 672 est
3150 617 3203 670 in
3229 633 3391 674 carne
3437 635 3529 676 se-

1962 713 2196 768 cundum
2228 712 2461 768 litteram
2496 727 2510 764 :
2547 711 2707 766 itaet
2752 710 3003 766 Israelem
3059 708 3282 781 intelligi
3335 711 3532 767 dixerit

1961 803 2252 874 quispiam,
2278 818 2386 858 non
2405 802 2587 872 utique
2609 802 2702 873 qui
2736 804 2903 857 estde
2932 801 3191 871 sanguine
3222 801 3408 869 Israel,
3435 806 3527 859 sed

1961 893 2109 947 illum
2144 895 2319 963 p0tius
2353 893 2443 962 qui
2508 893 2672 947 habet
2721 901 2954 946 mentem
3019 891 3286 946 videntem
3339 891 3526 946 Deum.

1961 983 2118 1039 Tales
2149 985 2280 1039 citra
2304 984 2727 1039 controversiam
2762 992 2886 1038 sunt
2916 997 3012 1051 per
3057 979 3218 1037 fidem
3277 980 3330 1035 in
3372 980 3529 1035 Chri-

1961 1085 2103 1128 stum
2133 1075 2305 1129 vocati
2329 1073 2395 1128 ad
2423 1074 2932 1140 sanctificationem,
2965 1073 3169 1143 quique
3225 1087 3321 1142 per
3347 1073 3522 1143 ipsum

1959 1175 2014 1222 et
2072 1166 2124 1221 in
2160 1167 2275 1237 ipso
2324 1166 2537 1222 Patrem
2561 1176 2947 1238 cognoverunt.
2984 1164 3084 1220 Hic
3133 1166 3276 1220 enim
3333 1167 3527 1221 modus

1960 1258 2157 1312 divinae
2178 1258 2400 1314 visionis
2437 1273 2598 1313 verus
2653 1266 2707 1311 et
2733 1256 2962 1313 eximius
2981 1265 3082 1314 est.
3118 1253 3523 1326 lulerpretanda

1959 1349 2126 1417 igitur
2155 1357 2282 1405 sunt
2321 1350 2435 1406 haec
2462 1351 2622 1406 verba
2657 1350 2720 1405 de
2744 1349 2960 1416 lsraéle,
2993 1350 3058 1406 de
3103 1365 3210 1419 quo
3257 1351 3366 1420 jam
3388 1351 3525 1406 diii-

1957 1454 2096 1492 mus.
2129 1438 2507 1494 Fortissimum
2531 1450 2710 1494 autem
2735 1452 2856 1493 esse
2906 1437 3070 1492 Deum
3127 1439 3519 1504 universorum,

1955 1531 2044 1600 qui
2079 1531 2234 1586 nobis
2257 1531 2542 1600 sequentia
2589 1529 2856 1601 praedicit,
2898 1529 3257 1596 demonstrat,
3291 1530 3519 1586 dicens:

1959 1641 1979 1676 ι
2009 1624 2318 1679 Extendeus
2344 1622 2564 1688 caslum,
2608 1630 2664 1677 et
2688 1621 2918 1678 fundans
2960 1631 3182 1687 terram,
3217 1623 3526 1677 etformans

1955 1715 2203 1785 spiritum
2236 1715 2471 1770 hominis
2501 1716 2554 1769 in
2597 1714 2730 1784 ipso.
2762 1733 2782 1766 ι
2840 1714 3050 1784 Accipit
3093 1713 3258 1780 enim,
3330 1714 3524 1783 inquit,

1957 1820 2118 1875 super
2138 1805 2306 1861 Israel
2346 1806 2769 1876 assumptionem
2825 1807 2971 1860 verbi
3029 1805 3168 1862 Deus
3223 1805 3316 1876 qui
3352 1815 3527 1876 potest

1954 1899 2160 1963 omnia,
2182 1916 2202 1952 t
2232 1909 2284 1954 et
2307 1901 2604 1954 extendens
2633 1898 2828 1952 coelum
2853 1897 2993 1951 sicut
3026 1897 3218 1964 pellem
3245 1897 3343 1961 “,i
3372 1896 3524 1967 juxta

1952 2005 2138 2048 vocem
2159 1989 2486 2057 Psalmistae,
2513 1989 2876 2043 firmissimam
2909 1997 3089 2042 autem
3149 1987 3377 2041 reddens
3419 1997 3526 2041 ter-

1954 2097 2066 2136 ram
2097 2091 2156 2137 ut
2191 2095 2408 2150 semper
2437 2091 2493 2136 et
2521 2081 2878 2150 undequaque
2895 2079 2964 2134 sit
2988 2077 3300 2145 immobilis,
3327 2093 3522 2148 quam-

1955 2173 2034 2230 vis
2062 2174 2282 2230 fundata
2325 2187 2489 2242 super
2506 2173 2699 2226 maria.
2741 2171 3023 2239 Quomodo
3047 2172 3122 2225 ait
3153 2170 3410 2225 divinitus
3437 2169 3520 2224 in-

1951 2267 2154 2334 spirata
2186 2264 2466 2334 Scriptura
2501 2281 2514 2318 :
2546 2283 2564 2315 ‹
2605 2262 2670 2316 Ει
2721 2263 2928 2332 fingens
2979 2262 3231 2329 spiritum
3282 2262 3522 2317 hominis

1951 2358 2004 2412 in
2032 2358 2168 2428 ipso.
2202 2375 2222 2410 ι
2264 2356 2412 2412 Adeo
2439 2355 2582 2412 enim
2610 2370 2923 2424 magnarum
2949 2370 3128 2410 rerum
3172 2355 3420 2409 conditor
3467 2366 3523 2409 et

1948 2450 2150 2520 opifex,
2167 2450 2436 2520 quomodo
2454 2462 2558 2504 non
2586 2448 2722 2502 citra
2745 2448 2994 2502 sudorem
3023 2454 3077 2502 et
3108 2445 3356 2502 facillime
3377 2448 3518 2512 quod

1950 2542 2178 2598 voluerit
2207 2541 2498 2598 conﬁciet?
2535 2540 2778 2610 Fingitur
2816 2548 2995 2594 autem
3034 2539 3254 2609 spiritus
3285 2539 3522 2594 hominis

1950 2634 2003 2690 in
2050 2635 2182 2703 ipso,
2247 2648 2354 2690 non
2414 2635 2482 2688 ad
2544 2633 2757 2687 initium
2798 2632 3051 2686 essentia:
3106 2645 3217 2684 suae
3275 2639 3518 2694 vocatus,

1949 2726 2193 2795 quamvis
2222 2741 2316 2795 per
2364 2725 2537 2794 ipsum
2587 2723 2761 2778 factus
2806 2725 2877 2778 sit
2926 2739 2940 2776 :
3007 2720 3167 2794 773
3216 2721 3309 2777 sed
3364 2722 3521 2791 quasi

1949 2816 2387 2880 trausformatus,
2413 2831 2477 2870 ex
2509 2815 2874 2870 imbecillitate
2894 2814 2962 2870 ad
2985 2815 3260 2878 virtutem,
3278 2829 3343 2869 ex
3366 2815 3520 2885 igna-

1949 2910 2034 2964 via
2067 2910 2136 2964 ad
2166 2910 2508 2980 patientiam,
2532 2915 2587 2962 et
2645 2906 2910 2972 absolute,
2943 2922 3011 2962 ex
3064 2906 3398 2977 turpiorihus
3451 2907 3518 2962 ad

1949 3000 2279 3066 honestiora,
2299 2998 2592 3054 secundum
2626 2998 2770 3066 quod
2804 2995 3145 3067 intelligitur,
3173 2996 3513 3051 reformatus.

1948 3089 2208 3146 Psallitet
2234 3089 2448 3144 divinus
2479 3087 2680 3141 David:
2713 3103 2733 3137 ι
2764 3084 2873 3140 Cor
2903 3085 3160 3139 mundum
3189 3099 3312 3139 crea
3327 3085 3382 3139 in
3411 3099 3518 3152 me,

272 3163 372 3216 καὶ
416 3163 444 3215 ὁ
507 3161 794 3224 θεσπέσιος
820 3162 1000 3216 Δαόίδ·
1041 3162 1320 3232 «Καρδίαν
1354 3163 1602 3234 καθαρὰν
1661 3166 1845 3220 κτίσον

1952 3179 2112 3246 Deus,
2180 3188 2236 3234 et
2287 3179 2536 3247 spiritum
2591 3183 2802 3230 rectum
2848 3173 3045 3228 innova
3095 3173 3150 3228 in
3221 3175 3518 3229 visceribus

269 3254 331 3307 ἐν
354 3253 506 3324 ἐμοὶ,
533 3255 561 3306 ὁ
586 3252 741 3321 Θεὸς,
774 3253 868 3307 καὶ
895 3253 1112 3323 πνεῦμα
1134 3253 1286 3317 εὐθὲς
1311 3255 1620 3322 ὲγκαίνισον
1651 3257 1709 3308 ὲν
1734 3259 1846 3320 τοίς

1952 3271 2088 3326 meis
2115 3270 2181 3323 δ’.
2215 3289 2235 3322 ι
2273 3268 2457 3338 Neque
2487 3266 2628 3322 dicet
2663 3264 2926 3334 quispiam
2955 3266 3151 3320 mentis
3183 3279 3404 3334 compos
3454 3265 3520 3320 ii-

269 3347 524 3415 ὲγκάτοις
556 3362 679 3416 μου.
713 3364 731 3398 ι
771 3346 880 3400 Kal
916 3345 976 3398 οὐ
1029 3345 1095 3416 δή
1144 3361 1248 3398 που
1297 3345 1430 3415 φαίη
1462 3363 1546 3409 τις
1575 3345 1664 3410 ἂν,
1693 3348 1848 3419 εῐπερ

269 3433 397 3488 νοῦν
417 3433 552 3506 ἔχει,
577 3432 806 3506 καρδίαν
852 3433 886 3504 ἢ
935 3431 1154 3504 πνεῦμα
1201 3432 1489 3504 βούλεσθαι
1523 3434 1742 3501 λαϐεῖν,
1775 3435 1850 3500 ὼς

267 3527 374 3586 οὐκ
394 3524 587 3596 ἔχοντα
610 3527 708 3597 τὴν
737 3525 934 3597 ἀρχήν*
967 3524 1178 3596 οἰηθείη
1205 3525 1254 3579 δ’
1276 3527 1343 3580 ἂν
1376 3526 1580 3597 μᾶλλον
1614 3528 1671 3580 ὲν
1699 3527 1848 3596 αὑτῷ

270 3617 554 3680 κτίζεσθαι
582 3617 921 3686 παρακαλεῖν
956 3616 1182 3688 καρδίαν
1207 3617 1474 3687 καθαρὰν,
1501 3617 1597 3671 καὶ
1631 3616 1849 3688 πνεῦμα

267 3707 450 3770 εὐθές.
515 3708 624 3761 Καὶ
656 3706 815 3760 τοῦτό
861 3710 1008 3762 ἐστιν
1059 3709 1086 3759 ό
1137 3707 1545 3778 μεταπλασμός.
1598 3707 1758 3770 Ἐθος
1789 3707 1848 3760 δὲ

269 3801 388 3860 τοῖς
420 3799 595 3867 ἁγίοις
634 3800 956 3870 προφήταις,
990 3800 1038 3850 ει
1083 3798 1147 3868 δὴ
1202 3799 1446 3869 μέλλοιεν
1473 3799 1573 3852 οὐκ
1616 3800 1848 3852 εὐκατα-

271 3893 556 3962 φρονήτων
584 3893 922 3962 πραγμάτων
950 3890 1218 3944 ποιεῖσθαι
1274 3892 1680 3963 προαιρήγησιν,
1710 3907 1846 3944 παν-

270 3984 440 4052 σθενῆ
474 4001 534 4036 τε
564 3985 656 4038 καὶ
682 3983 1060 4054 ἀλκιμώτατον
1095 3986 1519 4054 προαναφαίνειν
1549 3985 1845 4056 πειρᾶσθαι

268 4075 364 4128 τὸν
385 4074 521 4128 ὅλων
553 4074 704 4141 Θεὸν,
735 4074 818 4128 ἵνα
878 4075 1211 4145 πανταχόθεν
1246 4077 1274 4127 ὁ
1328 4074 1484 4142 λόγος
1535 4075 1718 4140 αὐτοῖς
1747 4075 1844 4147 ἔχῃ

270 4165 333 4217 τὸ
361 4164 574 4234 βέϐαιον
596 4168 675 4229 εἰς
715 4166 918 4232 πίστιν,
977 4166 1079 4220 κᾶν
1129 4166 1180 4219 εί
1229 4164 1438 4233 λέγοιεν
1473 4165 1583 4219 τῶν
1616 4166 1846 4220 ἐλπίδων

269 4257 546 4320 ἐπέκεινα,
577 4259 671 4310 καὶ
697 4258 818 4309 ὅσον
867 4257 990 4326 ἥκει
1044 4258 1217 4310 εἰπεῖν
1272 4257 1351 4319 εἰς
1405 4255 1611 4310 ἔννοιαν
1663 4257 1759 4327 τὴν
1787 4259 1844 4309 ἐν

269 4349 425 4418 ἡμῖν,
462 4347 566 4410 ἔξω
598 4346 693 4399 τοῦ
715 4347 870 4416 λόγου
899 4349 991 4401 καὶ
1025 4345 1419 4414 ἀπιστούμενα.

355 4437 502 4490 Ἰδοὺ
529 4436 644 4504 ἐγὼ
667 4437 864 4504 τίθημι
891 4437 1004 4504 τὴν
1026 4436 1414 4504 Ἰερουσαλὴμ
1444 4437 1523 4501 ὡς
1555 4437 1840 4504 πρόθυρα,

1952 3363 2060 3416 lum
2097 3361 2233 3416 velle
2259 3375 2355 3416 cor
2399 3368 2454 3414 et
2489 3358 2734 3428 spiritum
2780 3355 3028 3425 adipisci,
3089 3357 3244 3426 quasi
3298 3371 3520 3426 prorsus

1952 3453 2310 3509 uouhabeat:
2345 3452 2437 3508 sed
2457 3451 2669 3521 putabit
2692 3451 2876 3520 potius
2930 3463 3140 3519 rogare,
3184 3457 3243 3502 ut
3306 3449 3357 3503 iu
3403 3450 3520 3519 ipso

1947 3559 2044 3599 cor
2067 3544 2320 3598 nnmdum
2353 3553 2409 3599 et
2446 3542 2671 3612 spiritus
2705 3551 2889 3597 rectus
2910 3549 3144 3596 creetur.
3191 3541 3369 3610 Atque
3406 3543 3520 3597 tunc

1948 3643 2031 3686 est
2057 3631 2486 3686 transformatio.
2509 3631 2921 3690 Consueverunt
2948 3640 3128 3684 autem
3156 3631 3330 3685 saneti
3388 3646 3516 3700 pro-

1949 3726 2124 3796 pheta:
2154 3738 2258 3778 non
2323 3723 2560 3791 vulgaria
2617 3722 2951 3792 praedicturi,
3004 3722 3155 3790 prius
3192 3724 3401 3786 conari,
3462 3733 3521 3776 ut

1948 3815 2117 3870 Deum
2151 3814 2532 3870 universorum
2565 3812 2769 3868 viribus
2813 3813 3241 3868 valentissimum
3272 3824 3326 3867 et
3358 3814 3520 3870 robu-

1949 3908 2244 3964 stissimum
2268 3908 2574 3971 ostendant,
2597 3920 2704 3975 quo
2719 3921 2902 3961 eorum
2918 3907 3090 3962 oratio
3109 3922 3175 3962 ex
3199 3908 3342 3963 omni
3367 3917 3520 3977 parte

1948 4002 2195 4058 stabilem
2228 4002 2384 4057 fidem
2408 4011 2792 4072 consequatur,
2820 3999 3068 4069 quamvis
3087 4013 3182 4070 spe
3213 4000 3419 4070 majora
3436 4011 3512 4066 et,
3581 4039 3589 4046 .

1947 4095 1991 4150 si
2025 4108 2137 4149 rem
2169 4094 2494 4164 cogitatione
2531 4094 2762 4147 humana
2799 4093 3108 4159 metiamur,
3151 4101 3368 4162 captum
3421 4109 3517 4148 no-

1946 4196 2119 4242 strum
2146 4185 2462 4241 excedentia
2491 4195 2546 4239 et
2568 4182 2902 4238 incredibilia
2937 4183 3134 4236 dicant.

2021 4443 2180 4498 Vens.
2219 4445 2274 4512 2,
2311 4443 2364 4498 '5.
2399 4442 2533 4496 Ecce
2557 4457 2650 4512 ego
2677 4457 2814 4511 pono
2850 4438 3148 4494 Jerusalem
3172 4443 3306 4495 sicut
3351 4445 3510 4497 vesti--

261 4527 657 4594 σαλευόμενα
683 4524 834 4579 πᾶσι
887 4526 1011 4591 τοῖς
1047 4527 1215 4591 λαοῖς
1259 4528 1482 4591 κύκλῳ,
1525 4527 1621 4580 καὶ
1663 4527 1731 4580 ἐν
1768 4528 1842 4595 τῇ

1951 4536 2088 4599 bula,
2116 4553 2231 4607 qua:
2254 4545 2522 4590 moventur
2547 4534 2786 4588 omnibus
2833 4532 3035 4602 populis
3070 4534 3124 4588 in
3161 4535 3428 4590 circuitu:
3463 4545 3515 4590 et

281 4616 547 4682 Ἰουδαίᾳ
591 4613 764 4669 ἔσται
818 4615 1066 4684 περιοχὴ
1117 4615 1217 4668 ἐπὶ
1272 4615 1675 4684 Ἰερουσαλήμ.
1731 4617 1840 4670 Καὶ

263 4713 439 4765 ἔσται
469 4707 539 4760 ἐν
583 4705 660 4771 τῇ
700 4705 890 4776 ἡμέρᾳ
924 4707 1148 4775 ἐκείνῃ,
1188 4705 1443 4775 ϐήσομαι
1479 4705 1591 4774 τὴν
1626 4706 1840 4774 Ἰερου-

261 4796 482 4864 σαλὴμ
517 4796 691 4850 λίθον
729 4797 1256 4864 καταπατούμενον
1281 4794 1430 4848 πᾶσι
1459 4793 1579 4859 τοῖς
1613 4795 1834 4850 ἔθνεσι.

261 4888 394 4952 Πᾶς
421 4889 452 4940 ὀ
499 4883 855 4940 καταπατῶν
909 4886 1105 4953 αὐτὴν
1130 4885 1424 4954 ἑμπαίζων
1458 4885 1800 4953 ἑμπαίξεται
1820 4927 1834 4950 ,

262 4977 367 5030 καὶ
410 4975 900 5044 συναχθήσονται
950 4975 1043 5027 ἐπ’
1080 4973 1274 5041 αὐτὴν
1331 4973 1524 5026 πάντα
1579 4972 1648 5026 τὰ
1698 4974 1840 5042 ἔθνη

262 5067 374 5135 τῆς
400 5064 528 5136 γῆς·

336 5161 462 5213 IIZ'.
500 5159 586 5212 Ἐν
613 5160 725 5223 τοῖς
751 5159 848 5229 ἤδη
901 5159 1442 5230 προαπηγγελμένοις
1491 5159 1518 5210 ό
1566 5159 1702 5212 κατὰ
1741 5159 1840 5226 γῆς

271 5251 534 5315 ’,ιουδαίας
559 5252 795 5322 πόλεμος
815 5251 902 5305 διὰ
927 5252 1024 5320 τῆς
1066 5251 1348 5321 Ῥωμαίων
1389 5252 1643 5320 ἐσόμενος
1675 5267 1836 5319 στραο

255 5346 387 5407 τιᾶς
421 5346 602 5414 εἴρητο
639 5345 846 5413 σαφῶς.
883 5343 990 5395 Καὶ
1017 5341 1144 5410 γοῦν
1204 5342 1428 5411 ἔφασκε·
1474 5364 1491 5393 ι
1525 5341 1678 5412 Φωνὴ
1705 5342 1836 5412 θρη-

257 5434 496 5488 νούντων
553 5435 845 5503 ποιμένων,
900 5434 982 5486 ὅτι
1031 5431 1506 5501 τεταλαιπώρηκεν
1563 5434 1595 5500 ἡ
1660 5448 1832 5499 μεγα-

254 5525 459 5596 λοσύνη
488 5526 685 5580 αὐτῶν.
723 5545 741 5578 ι
777 5528 887 5580 Καὶ
922 5526 1038 5597 μεθ’
1067 5526 1225 5595 ἕτερα
1269 5524 1448 5577 πάλιν·
1485 5545 1501 5575 ‹
1536 5523 1632 5575 Διὰ
1677 5522 1832 5574 τοῦτο

250 5619 320 5674 οὗ
347 5617 599 5689 φείσομαι
623 5619 701 5672 ἔτι
734 5620 826 5672 ἐπὶ
846 5620 970 5683 τοὺς
993 5617 1373 5680 κατοικοῦντας
1408 5618 1507 5686 τὴν
1529 5617 1652 5684 γῆν,
1682 5615 1830 5682 λέγει

330 5795 372 5826 ⁸¹
403 5780 542 5851 Psal.
572 5808 689 5858 CIII,
717 5795 770 5850 2.
848 5798 890 5830 δ’
929 5796 1072 5851 Psal.
1102 5813 1154 5860 ι,
1191 5796 1277 5850 12.
1355 5797 1400 5827 ⁸³
1431 5793 1657 5846 Zacltar.
1694 5807 1766 5856 χι,
1801 5789 1852 5843 5.

1946 4630 1999 4682 in
2025 4629 2216 4682 ludam
2239 4631 2336 4682 erit
2366 4629 2564 4682 obsidio
2589 4644 2743 4696 super
2771 4625 3084 4681 Jerusalem.
3115 4627 3180 4682 Et
3211 4629 3305 4683 erit
3350 4629 3404 4682 in
3428 4630 3514 4684 die

1946 4720 2266 4787 illa,ponant
2297 4720 2592 4772 Jerusalem
2650 4720 2873 4788 lapidem
2903 4717 3264 4773 conculcatum
3312 4721 3510 4773 cunctis

1941 4811 2194 4879 gentibus.
2234 4809 2416 4862 Omnis
2446 4811 2654 4863 calcans
2674 4826 2808 4872 eam,
2831 4809 3052 4864 illudens
3075 4810 3279 4874 illudet,
3307 4819 3352 4864 et
3386 4823 3512 4862 con-

1941 4905 2296 4970 gregabantur
2320 4919 2474 4967 super
2508 4918 2622 4954 eam
2646 4919 2818 4955 omnes
2837 4913 3018 4970 ‘gentes
3051 4911 3226 4954 terrae.

2011 5162 2318 5216 LXXXVII.
2349 5161 2404 5214 lu
2453 5161 2888 5232 prmdictionibus
2937 5160 3264 5225 antegressis
3314 5155 3509 5209 bellum

1937 5253 2133 5307 Judaea:
2161 5268 2188 5304 a
2224 5254 2463 5306 Romano
2487 5253 2725 5306 exercitu
2765 5249 3100 5303 infcreuduu'i
3138 5245 3366 5299 dilucide
3396 5261 3508 5299 me-

1944 5353 2209 5398 moratur.
2233 5342 2452 5398 Dicebat
2475 5344 2635 5412 igitur
2660 5358 2822 5410 supra
2847 5356 2858 5391 :
2888 5357 2904 5388 t
2947 5339 3060 5393 Vox
3098 5338 3506 5392 lamentantium

1943 5441 2239 5502 pastorum,
2266 5432 2519 5498 quoniam
2548 5430 2744 5484 misera
2792 5427 2931 5480 facta
2974 5437 3057 5481 est
3111 5425 3505 5496 magnificentia

1942 5524 2176 5591 ipsorum
2204 5521 2267 5574 ⁵⁵³.
2305 5540 2322 5571 ι
2357 5520 2420 5574 Ει
2453 5520 2611 5589 paulo
2666 5529 2824 5588 post:
2869 5537 2887 5568 ι
2955 5521 3178 5587 Propter
3242 5519 3344 5572 hoc
3399 5531 3505 5570 non

1941 5626 2158 5681 parcam
2194 5625 2355 5679 super
2409 5610 2714 5666 habitantes
2779 5620 3001 5674 terram,
3054 5608 3182 5665 dicit
3229 5607 3503 5662 Dominus.
