4026 6276
530 418 632 476 207

1551 410 1607 464 S.
1648 409 1918 465 CYRILLI
1957 405 2427 463 ALEXANDRINI
2469 407 2789 463 ARCHIEP.

3675 411 3776 467 208

529 540 594 596 Et
615 550 739 593 ecce
764 549 862 603 ego
896 532 1051 586 trado
1082 528 1352 591 homines,
1375 542 1810 598 unmnquemque
1843 529 1895 582 in
1912 541 2101 582 manus

2206 525 2426 596 Κύριος.
2461 528 2570 579 Καὶ
2611 526 2717 579 ἰδοὺ
2763 523 2872 594 ἐγὼ
2905 521 3246 594 παραδίδωμι
3270 523 3395 586 τοὺς
3442 522 3774 596 ἀνθρώπους,

527 626 760 699 proximi
791 624 900 687 sui,
933 631 988 675 et
1014 623 1066 674 in
1095 633 1288 672 manus
1317 618 1460 686 regis
1508 619 1646 686 ejus.
1699 618 1766 671 Et
1813 619 2098 674 concident

531 731 756 783 terram,
783 723 829 768 et
865 727 972 766 non
1006 725 1191 766 eruam
1216 709 1283 764 de
1311 724 1470 762 manu
1500 724 1686 764 eorum
1715 708 1782 761 ⁸⁵.
1821 729 1838 760 ι
1866 709 1922 763 In
1977 723 2100 763 ver-

529 814 614 868 bis
648 819 825 864 autem
858 805 1016 860 modo
1053 803 1220 857 illatis
1266 804 1542 858 institutas
1579 815 1768 857 contra
1802 801 2097 857 Ecclesiam

531 899 938 972 persecutiones
963 895 1170 965 liquido
1213 894 1562 948 vaticinatur.
1616 894 1891 949 Vexarunt
1956 893 2098 949 enim

532 991 820 1047 credentes
851 989 902 1042 in
923 987 1198 1043 Christum
1231 1001 1340 1056 prae
1369 985 1490 1040 aliis
1530 985 1781 1040 omnibus
1826 985 2102 1054 principes

535 1082 832 1155 Synagogae
855 1079 1189 1142 Judazorum,
1215 1078 1591 1132 denuntiantes
1616 1077 1817 1131 sanctis
1845 1077 2103 1146 apostolis

535 1189 601 1229 ne
643 1175 994 1241 loquerentur
1045 1168 1097 1222 in
1156 1167 1371 1221 nomine
1418 1165 1618 1220 Christi
1641 1166 1718 1234 u’;
1771 1165 2102 1235 ﬂagellantes

533 1278 750 1334 quoque
791 1261 909 1315 illos
933 1259 985 1313 in
1014 1257 1260 1313 conciliis
1282 1259 1351 1321 ⁸⁸,
1381 1265 1432 1310 et
1464 1265 1725 1324 praeterea
1752 1255 1980 1325 lapidari
2003 1270 2100 1310 cu-

535 1353 798 1419 rantes",
821 1361 874 1407 et
907 1351 1033 1419 quid
1059 1363 1161 1404 non
1193 1349 1404 1403 tandem
1429 1347 1905 1403 sceleratissimum
1929 1347 1984 1401 in
2011 1358 2104 1400 eos

533 1447 773 1501 dicentes
809 1457 870 1496 ac
898 1439 1198 1494 facientes?
1253 1437 1546 1508 Postquam
1609 1445 1787 1491 autem
1841 1449 1938 1506 per
1981 1449 2106 1504 gen-

535 1535 665 1586 timn
702 1543 912 1600 quoque
942 1528 1191 1598 regiones
1221 1539 1403 1581 sermo
1428 1526 1493 1580 de
1515 1525 1736 1581 Christo
1770 1523 2100 1594 percrebuit,

531 1628 583 1670 et
607 1616 867 1683 indigenae
897 1611 1227 1682 evangelicis
1247 1609 1722 1681 prmdicationibus
1771 1610 2107 1677 obtempera-

531 1717 675 1774 runt,
693 1705 857 1777 ’1³741
890 1719 1100 1758 rursum
1130 1702 1249 1756 aliae
1280 1701 1688 1772 persecutiones
1707 1698 1957 1754 excitatae
1978 1705 2107 1752 sunt

531 1814 625 1867 per
658 1812 775 1857 eos,
806 1796 894 1864 qui
923 1793 1268 1850 successione
1330 1798 1716 1859 regnaverunt,
1753 1799 1808 1845 et
1838 1788 2106 1857 impuram

540 1906 603 1943 ac
633 1886 1008 1941 detestandam
1085 1881 1448 1937 idololatriam
1496 1880 1775 1934 vindicare
1821 1885 2099 1942 conantes,
2135 1868 2176 1926 Β

531 1976 914 2043 ὐίιιὶιοιίοωίιιιε
937 1972 1229 2041 impietatis
1263 1969 1497 2024 ministri
1553 1968 1706 2034 iacti,
1750 1977 1969 2023 sanctos
2037 1967 2105 2020 ad

533 2066 826 2137 martyrica
859 2063 1158 2118 certamina
1201 2070 1462 2117 vocantes
1519 2060 1931 2115 interemerunt.
1978 2056 2101 2112 Visa

531 2167 616 2214 est
639 2167 815 2212 autem
850 2155 1090 2210 Ecclesia
1120 2163 1423 2224 opportuna
1464 2151 1697 2221 iniuriis,
1762 2150 1978 2204 nemine
2010 2149 2105 2204 de-

531 2251 810 2313 fendente,
826 2257 879 2302 et
905 2245 1100 2301 similis
1124 2243 1403 2300 vestibulis
1428 2242 1645 2313 agitatis
1695 2250 1748 2294 et
1780 2240 2102 2307 labentibus,

531 2341 814 2396 autetiam
848 2338 1009 2407 lapidi
1049 2334 1383 2391 conculcato.
1417 2333 1629 2388 Etenim
1656 2330 1904 2386 Salvator
1951 2345 2103 2385 com-

532 2432 731 2495 munis,
756 2445 875 2484 cum
901 2427 1057 2483 facile
1086 2435 1269 2497 posset
1301 2424 1496 2479 bellum
1543 2438 1706 2480 omne
1755 2422 1967 2486 sedare,
1994 2422 2104 2475 imo

533 2533 588 2578 ct
608 2523 674 2576 ah
694 2522 865 2591 ipsum
899 2518 1292 2574 honorantibus
1319 2529 1621 2579 removere,
1646 2527 1846 2583 eosque
1869 2513 1934 2566 ab
1956 2511 2100 2566 omni

531 2614 829 2671 tentatione
861 2612 1131 2665 immunes
1181 2607 1524 2676 hostiumque
1545 2605 1751 2661 viribus
1791 2604 2102 2675 superiores

533 2715 794 2775 praestare
828 2743 844 2768 ,
907 2715 1006 2758 sua
1063 2699 1244 2755 divina
1299 2697 1633 2767 providentia
1680 2710 1776 2765 per
1841 2709 1999 2750 casus
2049 2702 2104 2749 et

530 2809 799 2852 atrumnas
819 2790 1078 2847 illustrari
1109 2789 1373 2860 permisit,
1398 2797 1457 2841 ut
1485 2786 1587 2842 sibi
1619 2784 1927 2841 conformes
1989 2785 2104 2840 red-

530 2886 651 2950 diti,
681 2899 788 2937 uua
829 2881 1267 2952 glorilicarentur
1296 2885 1350 2930 et
1375 2882 1794 2944 conregnarent.
1837 2891 1855 2925 ι
1881 2874 1935 2927 Si
1955 2873 2098 2928 enim

529 2975 912 3044 compatiinur,
929 2980 982 3026 et
1002 2967 1450 3040 conregnabimus
1468 2966 1564 3034 illi,
1585 2976 1640 3020 ut
1659 2965 1916 3034 scriptum
1937 2963 2100 3030 est“,
2128 3035 2132 3042 ι

527 3077 582 3120 οι
621 3067 665 3121 si
710 3064 842 3119 socii
903 3061 1218 3132 passionum
1275 3073 1488 3123 sumus,
1550 3057 1715 3113 etiam
1773 3056 1956 3128 gloriae
1993 3055 2102 3112 eri-

531 3173 651 3212 mus
674 3157 742 3212 “.
780 3175 800 3209 ι
837 3155 926 3210 Αἱι
951 3168 1119 3224 ergo:
1157 3168 1178 3204 ι
1213 3150 1355 3206 Ecce
1380 3163 1482 3220 ego
1506 3165 1647 3220 pono
1673 3147 1976 3205 Jerusalem
2043 3156 2100 3203 ut

533 3248 794 3304 vestibula
825 3252 1149 3302 commota.»
1177 3240 1335 3309 Quod
1361 3241 1407 3297 si
1437 3240 1553 3309 fiat,
1583 3240 1854 3311 cingetur,
1869 3240 1971 3295 hoe
2019 3247 2103 3295 est

529 3339 864 3395 ohsidebitur
895 3337 962 3390 ab
995 3333 1244 3389 omnibus
1276 3349 1290 3386 :
1341 3341 1395 3387 et
1428 3346 1552 3387 cum
1581 3329 1854 3386 videbitur
1881 3344 2002 3385 esse
2044 3336 2106 3386 ut

532 3431 672 3500 lapis
700 3426 1077 3489 conculcatus,
1121 3433 1246 3478 tunc
1273 3422 1449 3478 omnis
1474 3421 1706 3476 illudens
1727 3421 1935 3476 illudet.
1961 3420 2106 3475 Con-

533 3521 655 3591 tigit
717 3519 841 3584 hoc,
891 3515 1033 3570 sicut
1079 3514 1240 3584 paulo
1281 3521 1408 3568 ante
1453 3511 1722 3574 dicebam,
1768 3509 2102 3578 singulorum

531 3622 830 3680 temporum
865 3602 1348 3676 persecutionibus.
1368 3601 1556 3658 Δάοιιί
1585 3600 1868 3655 suntenim
1889 3610 2108 3656 sanctos

532 3701 715 3756 multis
753 3699 929 3754 modis
953 3710 1051 3752 eos
1079 3695 1411 3762 cruciantes,
1440 3703 1496 3750 et
1572 3693 1924 3749 morientibus
1971 3692 2108 3747 torte

529 3794 694 3848 etiam
725 3790 1048 3846 insultantes
1062 3787 1271 3843 miseri.
1302 3785 1628 3842 Nesciebaut
1659 3784 1804 3838 enim
1866 3782 2108 3851 profecto

532 3892 734 3952 quanta
758 3897 824 3936 ex
847 3879 1228 3936 aiilictionibus
1255 3876 1566 3948 proveniret
1620 3875 1812 3942 gloria,
1848 3883 1903 3927 et
1965 3874 2112 3928 dolo-

532 3992 649 4031 rem
682 3974 788 4029 illis
820 3982 1136 4042 pcrpctuam
1169 3968 1337 4022 animi
1407 3966 1732 4022 hilaritatem
1786 3967 2108 4035 pariturum.

540 4066 824 4136 Perpende
854 4078 1035 4132 porro,
1061 4059 1331 4131 quomodo
1361 4074 1464 4112 non
1493 4059 1655 4124 dicat,
1675 4073 1811 4128 opus
1834 4073 1952 4113 esse
1983 4075 2112 4128 gen-

536 4161 667 4214 tium
694 4157 968 4227 potentiae,
1012 4152 1271 4208 Ecclesia:
1329 4148 1821 4215 conculcationem,
1872 4149 1966 4204 sed
2001 4165 2111 4204 suae

529 4250 822 4306 voluntatis
882 4256 934 4301 et
961 4244 1194 4302 consilii.
1224 4242 1386 4313 Cupit
1416 4243 1582 4308 enim,
1619 4250 1676 4296 ut
1724 4241 1854 4306 dixi,
1921 4243 2112 4296 adora-

531 4354 677 4398 tores
726 4355 852 4396 suos
898 4338 1056 4394 rebus
1113 4336 1352 4392 adversis
1384 4335 1565 4404 perﬁci
1626 4343 1679 4389 et
1728 4335 2111 4388 consummari.

528 4436 624 4488 Ait
657 4447 892 4500 namque
925 4450 935 4482 :
974 4449 992 4480 ι
1033 4431 1143 4496 Ego
1194 4442 1336 4495 pono
1379 4425 1686 4480 Jerusalem
1741 4435 1798 4479 ut
1843 4425 2111 4480 vestibula

2128 3201 2173 3264 ο

2203 619 2429 672 ἕκαστον
2458 621 2537 682 εἰς
2561 620 2745 692 χεῖρας
2777 617 2870 670 τοῦ
2896 617 3121 686 πλησίον
3141 614 3328 680 αὐτοῦ,
3361 616 3456 669 καὶ
3484 618 3564 680 εἰς
3594 619 3776 687 χεῖρας

2205 706 2466 776 βασιλέως
2497 706 2684 762 αὐτοῦ.
2719 708 2828 760 Καὶ
2886 707 3252 776 κατακόψουσι
3301 707 3399 777 τὴν
3429 707 3552 778 γῆν,
3581 708 3675 761 καὶ
3717 710 3775 761 οὐ

2206 797 2280 868 μὴ
2314 795 2581 868 ἐξέλωμαι
2605 799 2668 852 ἐκ
2712 798 2893 870 χειρὸς
2921 797 3119 852 αὐτῶν.
3158 815 3176 848 ι
3222 796 3311 850 Ἐν
3328 798 3384 851 δέ
3415 816 3477 867 γε
3509 802 3621 862 τοίς
3654 817 3780 871 προ·

2203 888 2510 959 κειμένοις,
2563 890 2688 952 τοὺς
2751 889 2891 943 κατὰ
2942 890 3041 961 τῆς
3108 890 3433 961 Ἐκκλησίας
3495 895 3780 961 γεγονότας

2203 979 2476 1049 διωγμοὺς
2508 982 2901 1052 προαφηγεῖται
2944 980 3148 1048 σαφῶς.
3198 982 3619 1054 Πεπολεμήκασι
3678 987 3781 1056 γὰρ

2203 1074 2314 1134 τοῖς
2361 1070 2720 1125 πιστεύσασιν
2761 1074 2840 1134 εἰς
2893 1073 3144 1144 Χριστὸν,
3202 1072 3309 1144 πρὸ
3359 1075 3457 1143 μὲν
3478 1075 3587 1128 τῶν
3613 1076 3780 1130 ἄλλων

2204 1161 2459 1214 ἁπάντων
2488 1163 2536 1215 οἱ
2590 1163 2689 1248 τῆς
2747 1163 3013 1216 Ἰουδαίων
3071 1164 3400 1235 Συναγωγῆς
3453 1166 3780 1238 ἡγούμενοι,

2205 1254 2672 1323 παραγγέλλοντες
2698 1255 2794 1324 μὲν
2814 1257 2924 1318 τοῖς
2950 1256 3121 1323 ἁγίοις
3155 1255 3468 1319 ἀποστόλοις
3512 1256 3587 1327 μὴ
3608 1257 3782 1311 λαλεῖν

2204 1343 2296 1396 ἐπὶ
2322 1343 2399 1414 τῷ
2419 1344 2643 1414 ὀνόματι
2685 1344 2778 1397 τοῦ
2826 1345 3084 1415 Χριστοῦ,
3125 1343 3476 1415 μαστίζοντες
3526 1345 3581 1398 δὲ
3614 1347 3704 1398 καὶ
3730 1348 3782 1399 ἐν

2207 1435 2501 1504 συνεδρίοις
2525 1435 2741 1501 αὐτοὺς,
2775 1434 3163 1488 λιθοϐολεῖσθαι
3183 1435 3238 1488 δὲ
3270 1437 3362 1489 καὶ
3385 1436 3587 1506 ἑτέρως
3611 1455 3783 1509 παρα-

2209 1526 2597 1591 σκευάζοντες,
2649 1527 2747 1580 καὶ
2804 1527 2856 1580 τί
2904 1527 3012 1599 γὰρ
3072 1527 3192 1598 οὐχὶ
3247 1529 3355 1581 τῶν
3410 1529 3782 1583 ἀνοσιωτάτων

2205 1618 2440 1689 δρῶντες
2490 1618 2584 1672 καὶ
2617 1618 2904 1686 λέγοντες;
2959 1618 3173 1690 Ἐπειδὴ
3202 1619 3259 1672 δὲ
3312 1620 3406 1672 καὶ
3435 1620 3492 1672 ἐν
3533 1623 3653 1683 ταῖς
3681 1621 3783 1674 τῶν

2207 1707 2377 1761 ἐθνῶν
2403 1706 2606 1778 χώραις
2633 1709 3026 1779 ἐκπεφοίτηκεν
3055 1710 3082 1762 6
3113 1709 3289 1778 λόγος,
3315 1711 3342 1762 6
3373 1709 3502 1780 περὶ
3526 1710 3781 1780 Χριστοῦ,

2209 1801 2304 1855 καὶ
2330 1801 2438 1854 τῶν
2461 1800 2828 1870 εὐαγγελικῶν
2867 1801 3238 1872 κηρυγμάτων
3273 1802 3530 1872 κατήκοοι
3560 1802 3785 1871 γεγόνα-

2207 1910 2290 1949 σιν
2319 1894 2368 1947 οἱ
2401 1893 2458 1945 ἐν
2489 1893 2699 1956 αὐταῖς,
2727 1892 2890 1946 πάλιν
2923 1892 3208 1960 γεγόνασιν
3234 1893 3411 1962 ἕτεροι
3438 1893 3669 1962 διωγμοί.
3700 1893 3784 1947 διὰ

2205 1982 2311 2036 τῶν
2335 1982 2478 2035 κατὰ
2508 1982 2733 2052 καιροὺς
2773 1980 3255 2051 βεϐασιλευκότων,
3293 1983 3342 2035 οἳ
3392 1985 3490 2054 τῆς
3559 1984 3784 2056 βεϐήλου

2205 2070 2589 2144 καῖ’βδελυρᾶς
2636 2073 3077 2144 εἰδωλολατρείας
3120 2074 3528 2144 μεταποιεῖσθαι
3556 2075 3786 2129 σπουδά-

2205 2163 2408 2228 ζοντες,
2449 2165 2544 2218 καὶ
2570 2163 2882 2235 διαϐολικῆς
2910 2165 3252 2234 ἀνοσιότητος
3284 2166 3547 2237 ὑπουργοὶ
3572 2166 3784 2235 γεγονό-

2203 2275 2314 2319 τες,
2347 2257 2675 2310 ἀπεκτόνασι
2705 2256 2831 2320 τοὺς
2861 2256 3048 2324 ἁγίους
3071 2257 3152 2319 εἰς
3183 2257 3308 2318 τοὺς
3337 2257 3428 2310 ἐπὶ
3479 2260 3594 2321 τοῖς
3645 2276 3783 2329 μαρ-

2203 2349 2409 2420 τυρίοις
2443 2347 2736 2412 καλοῦντες
2771 2348 3009 2416 ἀγῶνας.
3044 2348 3230 2412 Ἔδοξε
3254 2349 3311 2402 δέ
3339 2351 3512 2420 πωςή
3555 2351 3783 2420 Ἐκκλη-

2206 2443 2318 2507 σία,
2373 2443 2466 2496 καί
2515 2443 2746 2512 πάσχειν
2797 2442 3062 2506 εὐκόλως,
3124 2442 3493 2513 ἐπαμύνοντος
3553 2443 3783 2512 οὐδενὸς,

2203 2534 2438 2588 ἐοικέναι
2473 2552 2530 2587 τε
2555 2533 2846 2607 προθύροις
2870 2532 3309 2603 σεσαλευμένοις,
3344 2533 3440 2587 καὶ
3462 2532 3752 2587 πίπτουσιν
3769 2573 3783 2598 ,

2203 2626 2363 2696 ἢκαὶ
2412 2626 2544 2696 λίθῳ
2590 2623 3076 2696 καταπατουμένῳ.
3127 2623 3321 2678 Καίτοι
3367 2623 3477 2694 γὰρ
3529 2623 3730 2693 ἰσχύων
3760 2624 3786 2675 6

2201 2719 2311 2772 τῶν
2365 2718 2501 2771 ὅλων
2551 2717 2739 2789 Σωτὴρ
2791 2717 2885 2770 καί¹
2935 2716 3110 2770 πάντα
3167 2715 3402 2785 πόλεμον
3456 2717 3787 2770 κατευνάσαι

2206 2806 2421 2878 ῥᾳδίως,
2453 2805 2651 2876 μᾶλλον
2685 2805 2741 2860 δὲ
2769 2805 2863 2860 καὶ
2905 2805 3212 2876 ἀποστῆσαι
3254 2801 3534 2866 παντελῶς
3565 2802 3674 2856 τῶν
3705 2820 3788 2856 σε-

2203 2896 2446 2968 ϐομένων
2485 2896 2561 2967 (1)
2598 2896 2785 2960 αὐτὸν,
2843 2895 2938 2949 καὶ
2976 2893 3234 2964 ἀμείνους
3259 2893 3535 2964 ἀποφῆναι
3588 2893 3786 2956 παντὸς

2203 2987 2536 3059 πειρασμοῦ,
2591 2986 2686 3040 καὶ
2734 2985 2836 3056 τῆς
2874 2983 2984 3038 τῶν
3016 2983 3226 3054 ἐχθρῶν
3254 2982 3788 3054 κατευμεγεθοῦντας

2205 3079 2408 3151 χειρὸς,
2456 3079 2658 3150 ἐφῆκεν
2704 3074 3060 3146 οἰκονομικῶς
3101 3073 3659 3145 καταλαμπρύνέσθαι
3699 3074 3785 3129 διὰ

2206 3167 2564 3240 παθημάτων,
2593 3166 2680 3218 ἵνα
2710 3164 3022 3235 σύμμορφοι
3055 3160 3340 3231 γεγονότες
3386 3160 3556 3230 αὐτῷ,
3599 3161 3787 3214 συνδο-

2204 3255 2452 3326 ξασθεῖέν
2472 3272 2534 3309 τε
2578 3254 2673 3309 καὶ
2725 3248 3235 3324 συμϐασιλεύσειαν.
3268 3267 3287 3300 ‹
3326 3249 3388 3302 Εἰ
3419 3248 3527 3318 γὰρ
3569 3250 3788 3319 συμπάο

2203 3365 2429 3423 σχομεν,
2447 3348 2544 3405 καὶ
2567 3345 3069 3420 συμϐασιλεύσομεν
3098 3343 3267 3414 αὐτῷ,
3285 3341 3422 3396 κατὰ
3447 3341 3509 3395 τὸ
3539 3358 3786 3412 γεγραμ-

2210 3440 2387 3510 μένον,
2422 3438 2518 3493 καὶ
2554 3437 2605 3492 εἰ
2624 3435 2873 3493 κοινωνοὶ
2898 3435 3010 3490 τῶν
3041 3432 3381 3505 παθημάτων
3408 3431 3594 3501 ἐσμὲν,
3650 3430 3786 3484 ά).λὰ

2206 3529 2301 3582 κσιλ⁹
2328 3529 2427 3597 τῆς
2454 3526 2610 3595 δόξης
2627 3525 3027 3597 ἐσόμεθα.)-‹
3048 3524 3177 3578 Ἰδοὺ
3195 3523 3390 3587 τοίνυν,
3417 3522 3570 3591 φησὶ,
3598 3521 3787 3592 τίθημι

2206 3620 2303 3690 τὴν
2340 3618 2715 3690 Ἰερουσαλὴμ,
2746 3617 2819 3680 ὡς
2841 3614 3092 3688 πρόθυρα
3113 3613 3464 3684 σαλευόμενα.
3495 3631 3514 3664 ι
3549 3613 3612 3665 Εἰ
3645 3612 3702 3665 δὲ
3724 3612 3784 3682 δὴ

2207 3711 2364 3764 τοῦτο
2423 3710 2652 3779 γένοιτο,
2709 3706 3006 3778 καταχθείη
3071 3705 3200 3777 περί
3253 3704 3423 3775 αὐτὴν
3449 3704 3483 3774 ἡ
3531 3703 3784 3775 περιοχὴ,

2208 3798 2508 3862 τουτέστιν,
2539 3799 2572 3868 ἡ
2617 3794 2768 3867 παρὰ
2792 3795 3008 3849 πάντων
3034 3793 3337 3866 πολιορκίαν
3370 3793 3464 3846 καὶ
3488 3794 3618 3846 ὅταν
3645 3787 3783 3844 εἶναι

2209 3888 2409 3954 δόξειεν
2432 3888 2506 3951 ὡς
2524 3886 2669 3950 λίθος
2698 3886 3200 3958 καταπατούμενος,
3233 3887 3354 3940 τότε
3402 3886 3508 3948 πᾶς
3537 3885 3565 3936 6
3588 3883 3790 3956 ἐμπαί-

2212 3977 2320 4042 ζων
2350 3975 2694 4048 ἐμπαίξεται.
2726 3977 3045 4047 Πέπρακται
3071 3975 3128 4029 δὲ
3163 3974 3342 4040 τοῦτο,
3375 3974 3630 4045 καθάπερ
3654 3973 3790 4042 ἔφην

2213 4069 2433 4140 ἀρτίως,
2470 4071 2528 4122 ἐν
2555 4071 2666 4132 τοίς
2699 4068 2839 4123 κατὰ
2866 4069 3091 4139 καιροὺς
3134 4066 3411 4136 διωγμοῖς.
3457 4064 3791 4134 Ἐπεφύοντο

2211 4160 2321 4230 γὰρ
2343 4161 2453 4223 τοῖς
2482 4158 2676 4228 ἁγίοις,
2705 4158 2851 4214 κατὰ
2901 4157 3128 4219 πολλοὺς
3187 4155 3488 4220 αἱκίζοντες
3516 4154 3786 4224 τρόπους,

2213 4253 2307 4306 καὶ
2335 4253 2476 4322 τάχα
2511 4268 2614 4304 που
2664 4249 2760 4304 κοιλ¹
2816 4249 3248 4319 ἀποθνήσκουσιν
3303 4245 3714 4317 ἐπιμειδιῶντες
3740 4245 3788 4297 οἰ

2213 4343 2460 4407 τάλανες.
2505 4344 2578 4396 Οὐ
2629 4342 2736 4414 γὰρ
2789 4342 3006 4414 ᾔδεσαν,
3060 4342 3201 4397 κατά
3231 4340 3292 4394 τὸ
3316 4340 3482 4404 εἰκὸς,
3508 4339 3570 4392 τὸ
3599 4340 3663 4391 ἐκ
3693 4337 3787 4392 τοῦ

2215 4435 2404 4490 παθεῖν
2423 4433 2662 4499 εὐκλεὲς,
2717 4435 2811 4488 καὶ
2857 4435 2938 4488 ὅτι
2991 4433 3126 4505 πρὸς
3172 4431 3437 4503 εὐθυμίας
3464 4430 3648 4492 αὐτοῖς
3693 4427 3788 4496 τῆς

530 4530 798 4578 commeta
823 4520 1074 4575 omnibus
1097 4518 1307 4586 populis
1329 4517 1384 4569 in
1417 4516 1668 4569 circuitu.
1695 4532 1714 4564 ι
1739 4514 1891 4568 Haud
1915 4515 2098 4570 diver~

2206 4525 2484 4596 διηνεκοῦς
2508 4524 2660 4578 ἔσται
2708 4524 2772 4595 δὴ
2815 4524 3029 4586 πάντως
3058 4526 3086 4576 6
3117 4523 3295 4586 πόνος.
3335 4520 3531 4590 Ἀθρει
3556 4519 3614 4575 δὲ
3643 4519 3790 4579 ὅπως

532 4629 651 4667 sum
674 4611 802 4666 illud
827 4619 927 4671 est,
954 4609 1170 4677 opinor,
1200 4607 1344 4675 quod
1368 4619 1399 4658 a
1445 4605 1729 4658 Salvatore
1760 4603 1826 4656 ad
1867 4603 2098 4657 Pilatum

531 4703 771 4757 dicitur:
810 4718 828 4751 ι
860 4698 974 4752 Non
1013 4697 1238 4750 haberes
1273 4702 1594 4764 potestatem
1682 4692 1970 4746 adversum
2018 4709 2102 4748 me

532 4795 717 4859 ullam,
737 4793 840 4847 nisi
866 4790 958 4843 tibi
990 4789 1172 4842 datum
1197 4793 1340 4840 esset
1367 4783 1596 4852 desuper
1623 4783 1691 4838 ⁸ο.
1741 4802 1759 4835 ι
1792 4782 1882 4837 Sic
1912 4785 2105 4839 merito

531 4887 692 4941 etiam
723 4885 1049 4949 dicatquam
1097 4878 1308 4931 animus
1388 4876 1627 4929 intuetur
1679 4872 1996 4940 Jerusalem,
2049 4876 2101 4930 id

529 4986 612 5031 est
652 4975 914 5036 Ecclesia,
976 4969 1315 5040 persequenti
1369 4966 1610 5020 mundo:
1660 4984 1677 5015 ι
1716 4963 1834 5019 Νοιι
1877 4966 2102 5022 haberes

529 5076 852 5137 potestatem
885 5075 1077 5118 contra
1105 5077 1190 5116 me
1221 5060 1406 5124 ullam,
1453 5057 1557 5111 nisi
1593 5056 1776 5111 datum
1807 5065 1950 5112 esset
2007 5059 2099 5112 tibi

531 5160 777 5229 desuper.
811 5177 830 5210 ι

2205 4617 2265 4668 οὐ
2305 4617 2404 4687 τῆς
2433 4615 2542 4669 τῶν
2565 4615 2733 4669 ἐθνῶν
2769 4614 2952 4686 ἰσχύος
2978 4613 3135 4682 ἔργον
3169 4608 3307 4666 εἰναί
3334 4628 3487 4681 φησι,
3527 4610 3589 4663 τὸ
3622 4625 3789 4662 κατα·

2210 4708 2622 4777 πατηθήσεσθαι
2656 4708 2752 4775 τὴν
2793 4697 3144 4775 Ἐκκλησίαν,
3181 4704 3316 4758 ἀλλά
3336 4704 3434 4772 τῆς
3466 4701 3633 4756 αὐτοῦ
3667 4701 3786 4770 βου-

2207 4798 2323 4866 λῆς.
2363 4799 2604 4868 Ἐφίεται
2637 4799 2767 4869 γὰρ,
2795 4798 2872 4860 ὼς
2901 4797 3057 4868 ἔφην,
3080 4796 3167 4851 διά
3191 4795 3532 4866 παθημάτων
3564 4790 3792 4846 τελειοῦ-

2206 4888 2327 4942 σθαι
2365 4892 2491 4953 τοὺς
2527 4891 2689 4954 ἰδίους
2748 4889 3145 4961 προσκυνητάς.
3192 4907 3211 4938 ι
3255 4886 3386 4940 Ἰδοὺ
3429 4885 3560 4955 γὰρ,
3593 4882 3786 4952 φησὶν.

2207 4979 2317 5047 ἐγὼ
2349 4981 2539 5051 τίθημι
2562 4982 2661 5050 τὴν
2687 4981 3042 5052 Ἰερουσαλὴμ
3064 4980 3144 5042 ὡς
3176 4978 3425 5050 πρόθυρα
3453 4975 3787 5044 σαλευόμενα

2210 5071 2342 5122 πᾶσι
2373 5072 2482 5132 τοῖς
2511 5071 2657 5134 λαοῖς
2692 5072 2896 5142 κύκλῳ.
2926 5091 2944 5123 ι
2967 5069 3154 5139 Τούτῳ
3187 5067 3569 5139 παραπλήσιον
3594 5065 3788 5122 ἐκεῖνο.

2208 5155 2382 5229 οἶμαι,
2414 5159 2611 5214 ἔστιτὸ
2641 5161 2726 5215 διὰ
2755 5163 2851 5231 τῆς
2879 5160 2972 5213 τοῦ
3001 5159 3250 5229 Σωτῆρος
3282 5156 3468 5226 φωνῆς
3504 5152 3792 5224 εἰρημένον

530 5249 667 5320 πρὸς
712 5248 960 5301 Πιλάτονθ
1013 5264 1032 5298 ι
1087 5246 1200 5298 Οὐκ
1239 5239 1382 5314 εἶχες
1420 5243 1676 5312 οὐδεμίαν
1705 5243 1950 5310 ἐξουσίαν
2006 5250 2124 5301 κατ’
2163 5250 2320 5320 ἐμοῦ,
2362 5255 2411 5303 εἰ
2456 5253 2529 5323 μὴ
2576 5249 2644 5323 ἦν
2684 5255 2964 5322 δεδομένον
3007 5270 3088 5305 σοι
3139 5252 3363 5304 ἀνωθεν.
3398 5269 3416 5302 ι
3443 5247 3580 5316 Φαίη
3616 5245 3680 5299 ἂν
3710 5243 3794 5294 εἰ-

531 5339 704 5399 κότως
760 5339 794 5408 ἡ
852 5336 1014 5408 νοητὴ
1063 5337 1226 5391 πάλιν
1311 5335 1682 5406 Ἰερουσαλὴμ,
1741 5337 2017 5391 τουτέστιν
2064 5342 2097 5409 ἡ
2152 5342 2464 5411 Ἐκκλησία,
2523 5343 2599 5413 τῷ
2643 5345 2890 5398 διώκοντι
2942 5346 3152 5415 κόσμῳ.
3203 5363 3220 5394 ε
3291 5341 3405 5394 οὐκ
3478 5334 3624 5407 εἶχες
3669 5331 3789 5388 κατ’

531 5430 664 5500 ἐμοῦ
723 5429 968 5496 ἐξουσίαν
1023 5429 1297 5494 οὐδεμίαν,
1363 5429 1410 5480 εἰ
1478 5427 1552 5496 μὴ
1583 5424 1650 5496 ἦν
1679 5429 1959 5500 δεδομένον
2021 5449 2100 5484 σοι
2140 5433 2365 5490 ἄνωθεν.
2399 5455 2415 5486 ι

602 5594 648 5626 ⁸⁵
676 5591 848 5646 Zach.
893 5606 971 5656 χι,
1004 5588 1057 5642 6.
1137 5587 1180 5619 ⁸⁵
1207 5588 1328 5657 Act.
1396 5603 1467 5652 tv,
1503 5587 1591 5644 17.
1669 5586 1712 5617 ’⁵⁵
1749 5591 1869 5642 Act.
1903 5605 2014 5657 xu,
2043 5591 2132 5644 22.

533 5665 617 5719 12.
693 5665 737 5696 δι’
767 5660 810 5715 ll
842 5660 968 5715 Cor.
1003 5659 1113 5721 ι,7.
1191 5657 1236 5688 ⁵⁰
1262 5656 1418 5711 Joan.
1449 5673 1560 5722 tux,
1589 5657 1674 5711 Η.

2209 5593 2252 5623 ’⁸⁷
2281 5593 2398 5646 Act.
2429 5609 2542 5657 xw,
2577 5594 2662 5648 i8.
2760 5594 2805 5625 ἰθ
2837 5593 2995 5647 Rom.
3059 5607 3178 5656 vni,
3217 5586 3389 5655 17;]!
3423 5585 3565 5641 Tim.
3601 5600 3662 5650 ιι,
3700 5580 3792 5652 11,

603 5796 675 5866 (l)
710 5798 800 5854 Sic
848 5793 1228 5866 corrigendum
1262 5801 1443 5849 monet
1497 5790 1794 5848 Cotclerius
1827 5788 2106 5863 (Monum.

2206 5793 2296 5849 εει.
2346 5793 2437 5849 Gr.
2468 5792 2527 5859 ll,
2557 5795 2682 5863 (303)
2721 5811 2816 5865 pro
2849 5795 2995 5863 vulg.
3032 5794 3358 5862 σευομένων.
3393 5790 3553 5847 Εοιτ.
