4026 6276
257 408 364 466 2θῦ

257 637 397 689 τωρ,
421 619 660 684 πατάξω
698 619 894 674 πάντα
940 622 1128 676 ἵππον
1151 622 1221 676 ἐν
1257 623 1566 687 ἐκστάσει,
1599 625 1696 678 καὶ
1738 622 1844 677 τὸν

261 710 566 778 ἀναϐάτην
611 711 795 765 αὐτοῦ
846 713 918 766 ἐν
965 715 1447 784 παραφρονήσει·
1497 715 1599 769 ἐπὶ
1639 715 1708 769 δὲ
1737 715 1846 768 τὸν

260 797 431 855 οἶκον
478 802 658 856 Ἰούδα
687 803 969 869 διανοίξω
1011 805 1156 870 τοὺς
1202 806 1552 875 ὀφθαλμούς
1575 825 1716 877 μου,
1744 806 1843 858 καὶ

263 890 493 958 πάντας
535 892 675 960 τοὺς
706 895 933 962 ἵππους
984 895 1104 951 τῶν
1126 897 1295 953 λαῶν
1337 897 1583 964 πατάξω
1605 899 1677 952 ἐν
1697 899 1845 954 ἀπο·

265 982 582 1052 τυφλώσει.

330 1075 696 1131 [Illam-meai.
717 1077 894 1132 πάντα
916 1081 1237 1136 κατευνάσει
1256 1082 1515 1154 πόλεμον,
1541 1085 1635 1138 καὶ
1664 1084 1844 1154 ἀπρά⁴

257 1182 416 1229 κτους
451 1168 722 1238 ἀποφανεῖ
752 1171 854 1234 τὰς
889 1171 1000 1225 τῶν
1034 1173 1337 1229 διωκόντων
1387 1176 1631 1246 ἐφόδους,
1664 1177 1846 1230 δίδωσι

253 1260 416 1322 νοεῖν,
446 1258 614 1314 ἵππον
637 1262 733 1316 καὶ
759 1262 1038 1334 ἀναϐάτην
1067 1266 1334 1331 πατάξειν
1364 1268 1532 1322 εἰπὼν
1559 1271 1615 1322 ἐν
1647 1271 1846 1324 ἐκστά-

255 1363 343 1399 σει
361 1364 422 1399 τε
455 1349 552 1402 καὶ
586 1355 1022 1423 παραφρονήσει,
1056 1357 1147 1410 καὶ
1183 1360 1290 1429 μὴν
1316 1359 1410 1412 καὶ
1443 1359 1843 1428 ἀποτυφλώσει.

257 1435 418 1490 Ἔστι
443 1437 520 1502 δὲ,
549 1435 724 1511 οἶμαι,
742 1445 938 1497 ταυτὸν
959 1445 1018 1498 τὸ
1042 1447 1234 1502 παθεῖν
1253 1448 1352 1519 τὴν
1375 1449 1654 1516 ἔκστασιν,
1679 1452 1770 1505 καὶ
1785 1452 1856 1504 τὸ

255 1526 549 1597 ὑπομεῖναι
573 1531 674 1600 τὴν
702 1535 1136 1606 παραφρόνησιν.
1173 1537 1246 1590 Τὸ
1299 1538 1406 1609 γάρ
1438 1539 1544 1605 ἔξω
1587 1541 1842 1609 γενέσθαι

255 1618 474 1687 φρενὸς,
507 1619 765 1686 ἔκστασις
788 1623 854 1676 ἂν
878 1628 1070 1692 νοοῖτο,
1090 1628 1184 1680 καὶ
1217 1628 1363 1697 μάλα
1394 1629 1640 1694 εἰκότως.
1677 1624 1750 1684 Οὗ
1777 1632 1842 1704 δὴ

254 1708 559 1775 γεγονότος,
599 1711 690 1765 καὶ
719 1715 828 1776 τοῖς
866 1715 1067 1782 φονῶσι
1094 1717 1524 1788 συμϐεϐηκότος,
1556 1721 1852 1792 περιέσται

255 1813 362 1850 που
397 1798 616 1864 πάντως
658 1804 769 1865 τοῖς
831 1803 1006 1871 ἁγίοις
1042 1807 1216 1859 εἰπεῖν
1257 1808 1515 1878 περὶτῶν
1549 1827 1700 1878 σφισι
1739 1829 1840 1879 με·

1084 411 1642 472 COMMENTARIUS
1683 413 1745 469 ιΝ
1786 415 2184 473 ΖᾹΕΙΙΑΜΛΜ
2228 415 2676 473 ΡΒΟΡΙΙΕΤΑΜ.

341 527 439 582 Ἐν
481 527 556 597 τῇ
581 528 768 598 ἡμέρᾳ
787 527 1012 600 ἐκείνῃ,
1044 533 1205 604 λέγει
1236 534 1449 601 Κύριος
1499 534 1832 604 παντοκρά-
1869 539 1910 595 Α

3429 424 3558 482 210·

2015 534 2178 590 Vnus.
2206 533 2346 589 4.1a
2369 535 2456 588 die
2513 535 2632 598 illa,
2699 533 2826 587 dicit
2884 533 3143 588 Dominus
3188 538 3532 606 omnipotens,

1944 628 2234 694 percutiant
2259 643 2461 679 omnem
2498 641 2686 693 equum
2726 627 2780 679 iu
2829 633 3062 695 stupore,
3106 636 3153 680 et
3206 643 3532 680 ascensorem

1947 717 2064 785 ejus
2096 718 2151 770 iu
2173 717 2402 770 amentia
2428 732 2445 770 :
2467 732 2624 784 super
2645 717 2857 771 domum
2891 727 3064 771 autem
3092 714 3236 770 Iuda
3297 717 3533 784 aperiam

1946 806 2121 860 oculos
2149 822 2309 871 meos,
2341 817 2386 858 et
2422 820 2597 860 omnes
2618 821 2776 876 equos
2807 805 3122 876 populorum
3147 807 3442 873 percutiant
3477 807 3531 859 in

1943 910 2198 954 οατιιιιιε.

2209 1071 2978 1139 LXXXVIII.Compositurum
2998 1085 3156 1123 omne
3175 1071 3391 1135 bellum,
3432 1072 3530 1126 bo-

1945 1164 2206 1231 stilesqne
2232 1162 2480 1215 incursus
2520 1169 2923 1228 persecuturum
2945 1155 3249 1212 ineﬂieaccs
3274 1171 3324 1211 et
3345 1159 3534 1212 inanes

1947 1255 2282 1309 redditurum
2311 1260 2513 1318 monet,
2552 1251 2870 1315 dumdicit,
2902 1264 3107 1318 equum
3160 1258 3215 1304 et
3270 1264 3530 1304 ascenso-

1950 1363 2061 1402 rem
2099 1359 2488 1416 percussurum
2523 1343 2575 1397 in
2606 1351 2829 1411 stupore
2857 1349 2910 1394 et
2937 1342 3171 1396 amentia
3210 1351 3262 1395 et
3290 1341 3531 1397 caecitate

1948 1439 2188 1508 insuper.
2237 1437 2332 1491 Est
2373 1444 2576 1501 autem,
2638 1442 2698 1487 ut
2755 1433 3015 1498 arbitror,
3045 1433 3207 1497 idem,
3255 1443 3529 1503 stuporem

1945 1528 2053 1598 pati
2085 1537 2140 1584 et
2170 1535 2444 1583 amentem
2487 1539 2631 1580 esse.
2674 1524 2810 1578 Nam
2846 1523 3110 1579 discessio
3142 1540 3170 1578 a
3202 1533 3385 1579 mente
3423 1541 3530 1579 non

1947 1619 2087 1675 male
2120 1629 2307 1690 stupor
2342 1617 2565 1686 intelligi
2612 1624 2796 1686 queat.
2827 1613 2983 1680 Quod
3023 1630 3146 1670 cum
3181 1615 3380 1670 factum
3413 1615 3530 1669 fue-

1947 1711 2037 1776 rit,
2072 1719 2126 1765 et
2157 1710 2213 1764 in
2239 1709 2388 1764 crede
2425 1705 2805 1776 grassantibus
2839 1705 3153 1774 contigerit,
3190 1704 3375 1759 licebit
3412 1719 3527 1759 om-

1949 1802 2076 1857 nino
2092 1801 2300 1856 sanctis
2323 1800 2505 1854 dicere
2522 1798 2588 1852 de
2611 1796 3078 1867 oppugnatoribus
3102 1797 3215 1851 suis
3244 1815 3256 1850 :
3282 1813 3299 1846 t
3326 1795 3536 1850 Inimici

260 1885 614 1974 μαχημένωνο
656 1909 675 1943 ι
709 1893 771 1946 Οί
821 1895 1005 1966 ἐχθροὶ
1049 1899 1209 1968 ἡμῶν
1258 1899 1495 1970 ἀνόητοι.
1528 1919 1548 1954 ι
1592 1902 1703 1957 Καὶ
1739 1903 1846 1974 μὴν

1953 1894 2120 1949 nostri
2172 1889 2590 1961 insipientes".
2645 1908 2664 1941 ι
2707 1888 2884 1955 Atque
2929 1887 3092 1941 etiam
3128 1887 3266 1942 illa:
3309 1905 3326 1938 ι
3371 1887 3434 1940 lli
3481 1888 3532 1940 in

257 1980 384 2033 καί·
419 2000 437 2033 ι
469 1973 629 2036 Οὗτοι
662 1985 720 2038 ἐν
760 1985 989 2057 ἅρμασι,
1043 1989 1138 2042 καὶ
1165 1983 1309 2043 οὗτοι
1332 1991 1389 2044 ἐν
1435 1991 1644 2057 ἵπποις,
1685 1973 1846 2064 ἡμεῖς

255 2071 388 2128 δὲέν
415 2074 639 2145 ὀνόματι
691 2078 898 2149 Κυρίου
932 2079 1066 2134 Θεοῦ
1095 2083 1252 2152 ἡμῶν
1302 2085 1842 2155 μεγαλυνθησόμεθα.

255 2165 422 2218 Λὺτοὶ
457 2168 942 2240 συνεποδίσθησαν,
965 2174 1060 2225 καί⁵
1098 2173 1315 2227 ἔπεσον·
1341 2177 1502 2245 ἡμεῖς
1535 2175 1592 2229 δὲ
1617 2177 1846 2247 ἀνέστη-

259 2271 384 2322 μεν,
425 2255 521 2308 καὶ
556 2257 984 2330 ἀνωρθώθημεν.
1019 2281 1038 2314 ι
1085 2265 1538 2336 Παραφρονήσειε
1577 2267 1619 2319 δ’
1654 2267 1719 2320 ἂν
1747 2271 1846 2339 καὶ

258 2347 477 2417 ἑτέρως.
514 2349 544 2400 ό
571 2352 688 2413 ταῖς
713 2351 822 2404 τῶν
854 2353 1024 2420 ἁγίων
1058 2356 1431 2421 ἀνεξικακίαις
1464 2359 1694 2423 ἀνοσίως
1723 2362 1838 2413 ἐπι-

259 2438 464 2508 πηδῶν,
489 2441 583 2494 καὶ
609 2441 870 2512 ἀδόκητον
908 2445 1170 2514 ὑπομενεῖ
1236 2446 1334 2517 τὴν
1400 2447 1676 2513 ἔκστασιν,
1724 2450 1844 2520 ἦτοι

254 2528 314 2581 τὸ
337 2529 542 2599 θαῦμα,
565 2532 892 2604 τεθεαμένος
924 2537 1004 2589 ὅτι
1029 2537 1254 2591 νικῶσιν
1287 2540 1342 2592 ἐν
1383 2544 1710 2611 συμφοραῖς,
1750 2543 1845 2594 καὶ

257 2616 850 2688 φανοῦνταιπεσόντες,
880 2624 974 2677 καὶ
1011 2626 1100 2678 ὅτε
1136 2627 1402 2698 ἡττῆσθαι
1443 2629 1670 2697 δοκεῖεν,
1723 2631 1844 2684 τότε

253 2707 320 2777 δὴ
350 2708 583 2778 μάλιστα
613 2713 875 2782 κρατοῦσι
921 2715 1205 2787 μειζόνως
1249 2721 1410 2790 εἴπερ
1451 2722 1599 2775 ἐστὶν
1620 2722 1840 2793 ἀληθὲς,

255 2799 334 2862 ὡς
359 2799 417 2852 ἐν
447 2818 510 2870 γε
543 2803 607 2874 δὴ
639 2804 869 2873 μάλιστα
920 2808 996 2878 τῷ
1038 2808 1230 2862 παθεῖν
1266 2811 1466 2875 αὐτοὺς
1493 2812 1729 2883 ὁρῶνται
1756 2815 1846 2866 εύ-

256 2889 462 2958 κλεεῖς,
498 2892 590 2944 καὶ
622 2894 700 2964 τῷ
740 2896 961 2966 μεγέθει
988 2897 1094 2951 τῶν
1127 2898 1306 2953 πόνων
1344 2903 1844 2973 συμπαρομαρτοῢ-

259 2998 361 3035 σαν
384 2980 567 3053 ἔχουσι
599 2984 696 3055 τὴν
746 2987 952 3041 ἄνωθεν
987 2990 1164 3059 χάριν.
1207 2987 1340 3043 Εἶτα
1363 2991 1480 3055 πῶς
1513 2992 1614 3046 οὐκ
1651 2992 1716 3047 ἂν
1747 3009 1846 3047 κα-

257 3072 592 3144 ταπλήξειαν
620 3078 747 3140 τοὺς
796 3081 1218 3150 μεμαχημένους
1251 3084 1300 3135 οἱ
1337 3085 1597 3155 μακάριοι.
1636 3086 1845 3158 μάρτυ-

262 3177 377 3233 ρες,
407 3162 502 3216 καὶ
533 3164 696 3218 αὑτὸν
719 3166 978 3231 νικῶντες
1023 3168 1116 3221 τὸν
1172 3170 1438 3237 Σατανᾶν,
1466 3174 1560 3226 καὶ
1585 3179 1842 3246 πονηροῖς

263 3254 384 3336 μὲν,
418 3254 510 3308 καὶ
541 3255 874 3326 ἀκαθάρτοις
907 3259 1270 3329 ἐπιτιμῶντες
1308 3262 1603 3333 πνεύμασι,
1629 3265 1763 3318 πολὺ
1791 3267 1845 3320 δὲ

258 3345 320 3397 τὸ
345 3344 529 3416 θαῦμα
564 3351 664 3418 τῆς
690 3350 918 3420 ἐνούσης
968 3352 1219 3417 εὐκλείας
1241 3354 1427 3417 αὐτοῖς
1472 3356 1706 3420 ἐνιέντες
1735 3357 1844 3411 ἔσθ’

256 3436 352 3489 ὅτε
377 3436 474 3489 καὶ
506 3439 692 3502 αὐτοῖς
722 3443 835 3503 τοῖς
856 3442 1229 3514 ἀνῃρηκόσιν;
1261 3446 1470 3499 Οὐκοῦν
1518 3448 1752 3519 ἱππότην
1788 3465 1847 3501 τε

258 3526 380 3596 ἅμα
411 3529 505 3582 καὶ
534 3529 700 3582 ἵππον
727 3532 988 3597 πατάξειν
1039 3535 1460 3605 ἐπαγγέλλεται·
1501 3539 1589 3592 ἵνα
1635 3539 1847 3609 νοῶμεν

257 3617 362 3680 τὰς
382 3617 489 3670 τῶν
511 3619 782 3688 πολεμίων
809 3621 1116 3691 φάλαγγας,
1149 3628 1270 3689 ταῖς
1318 3626 1427 3680 τῶν
1477 3627 1648 3696 ἁγίων
1675 3629 1848 3684 ἐπιει-

261 3707 440 3771 κείαις
461 3710 940 3782 ἀντιτεταγμένας.
975 3716 1096 3768 Ἐπὶ
1115 3716 1170 3769 δὲ
1200 3717 1290 3771 τὸν
1316 3715 1464 3772 οἶκον
1506 3718 1678 3773 Ἰούδα
1704 3721 1848 3774 ἀνοία

265 3799 377 3862 ξειν
401 3798 502 3871 ἔφη
531 3803 656 3865 τοὺς
675 3803 1010 3875 ὀφθαλμούς.
1037 3808 1148 3860 Καὶ
1188 3808 1390 3861 Ἰούδαν
1426 3811 1523 3879 μὲν
1558 3812 1616 3864 ἐν
1639 3810 1848 3876 τούτοις

262 3891 355 3946 τὸν
377 3893 441 3945 ἐκ
473 3893 627 3964 ῥίζης
667 3896 882 3964 Ἰεσσαὶ,
919 3899 1014 3951 καὶ
1041 3900 1140 3971 τῆς
1175 3901 1343 3955 Ἰούδα
1371 3903 1545 3974 φυλῆς
1571 3905 1849 3976 πεφηνότα

263 3984 506 4054 Χριστὸν
544 3986 820 4057 ὀνομάζει,
851 3989 1000 4043 οἷκον
1021 3991 1077 4045 δὲ
1111 3993 1276 4047 αὐτοῦ
1321 3995 1421 4065 τὴν
1485 3996 1847 4067 Ἐκκλησίαν,

263 4077 389 4145 ἦτοι
421 4076 530 4130 τῶν
559 4079 615 4131 ἐν
637 4079 818 4133 πίστει
839 4080 1276 4153 δεδικαιωμένων
1298 4087 1395 4156 τὴν
1427 4085 1588 4154 ἁγίαν
1615 4088 1846 4159 πληθύν.

264 4167 383 4239 Τὴν
414 4168 471 4222 δέ
504 4187 566 4238 γε
586 4171 694 4223 τῶν
727 4171 1024 4242 ὀφθαλμῶν
1070 4175 1327 4242 διάνοιξιν
1354 4180 1531 4233 ἐκεῖνο
1567 4176 1720 4250 οἶμαι
1755 4181 1852 4252 δη-

263 4257 414 4323 λοῦν,
449 4260 530 4312 ὅτι
569 4260 702 4315 πολὺ
756 4262 875 4316 λίαν
906 4263 1219 4336 ἀμφιλαφῆ,
1256 4267 1347 4320 καὶ
1381 4263 1493 4322 οἷον
1545 4269 1652 4340 ὅλῳ
1686 4270 1852 4342 βλέμ-

267 4369 404 4422 ματι
434 4354 853 4423 κατασκέψεται,
886 4359 1108 4426 σημεῖον
1139 4359 1182 4412 δ’
1216 4360 1282 4413 ἂν
1327 4361 1538 4429 γένοιτο
1563 4363 1722 4416 τοῦτο
1756 4381 1852 4417 σα-

263 4442 369 4511 φές
397 4444 496 4511 τῆς
525 4445 611 4494 ἐπ’
638 4445 807 4514 αὐτῆς
849 4446 1152 4515 εὐμενείας,
1200 4452 1294 4504 καὶ
1337 4452 1435 4522 μέν
1467 4470 1551 4505 τοι
1594 4455 1810 4521 φειδοῦς
1835 4499 1848 4518 ,

1947 1985 2217 2050 curribus,
2244 1991 2299 2038 et
2323 1982 2379 2036 hi
2423 1981 2475 2036 in
2507 1979 2688 2050 cquis,
2732 1992 2831 2033 nos
2861 1986 3042 2032 autem
3085 1978 3140 2030 in
3172 1977 3393 2031 noutine
3439 1977 3534 2030 Dei

1947 2076 2114 2131 nostri
2167 2072 2660 2145 magniﬁcabimur.
2699 2071 2800 2140 Ipsi
2837 2070 3093 2124 infirmati
3127 2078 3254 2124 sunt
3305 2078 3358 2122 et
3389 2070 3531 2124 reci-

1946 2166 2178 2228 derunt;
2226 2179 2324 2218 nos
2361 2172 2541 2216 auten.
2579 2161 2932 2228 surreximus
2959 2169 3012 2215 et
3036 2161 3199 2215 erecti
3222 2176 3409 2214 sumus
3427 2159 3527 2215 δ’.»

1946 2256 2064 2310 Alio
2116 2256 2244 2310 item
2310 2254 2470 2308 modo
2533 2253 2834 2322 desipuerit
2910 2259 3222 2306 sanctorum
3293 2250 3533 2305 toleran-

1949 2348 2035 2402 tia:
2079 2345 2350 2401 insultans
2396 2345 2558 2414 impie
2605 2353 2662 2400 et
2709 2341 2764 2398 in
2811 2343 3164 2414 improvisum
3224 2355 3532 2413 stuporem,

1946 2439 2059 2494 sive
2083 2437 2500 2493 admirationem
2533 2434 2758 2503 incidet,
2796 2450 2920 2490 cum
2956 2435 3154 2490 viderit
3188 2449 3282 2491 cos
3309 2435 3534 2491 calami-

1949 2532 2148 2587 tatibus
2177 2530 2338 2585 nullis
2374 2529 2568 2585 cedere
2601 2538 2655 2584 et
2698 2530 2950 2586 coronari
2991 2529 3270 2595 cadentes,
3312 2544 3375 2585 ac
3420 2538 3530 2582 tum

1947 2624 2181 2678 maxime
2207 2622 2441 2687 vincere,
2468 2631 2520 2678 et
2543 2621 2774 2691 majores
2804 2629 3084 2690 reportare
3105 2621 3384 2686 victorias,
3409 2637 3533 2676 cunt

1946 2716 2073 2771 victi
2100 2716 2401 2786 potuissent
2429 2728 2697 2784 apparere
2731 2732 2744 2767 :
2779 2713 3048 2782 siquidem
3091 2721 3297 2766 certum
3325 2720 3412 2766 est
3439 2726 3532 2766 eos

1945 2808 2284 2879 potissimum
2312 2806 2366 2862 in
2404 2807 2660 2876 patiendo
2689 2803 2919 2875 inclytos
2953 2803 3292 2873 coriSpici,et
3325 2805 3531 2873 magni-

1947 2901 2113 2954 tudini
2141 2899 2384 2956 laborum
2426 2898 2679 2954 comitem
2707 2897 2910 2951 habere
2952 2895 3224 2951 cwlestem
3272 2895 3523 2965 gratiam.

1948 2990 2172 3055 Deinde,
2226 2991 2451 3059 quinam
2484 2997 2886 3058 Oppugnatores
2917 3001 3044 3042 suos
3083 3002 3188 3039 non
3217 2984 3527 3051 οιιδιυροιίι-

1947 3083 2093 3138 ciant
2133 3083 2276 3136 beati
2314 3090 2608 3151 martyres,
2656 3080 2746 3147 qui
2780 3079 2955 3147 ipsum
3006 3089 3222 3146 quoque
3266 3074 3523 3126 Satanam

1949 3175 2327 3245 pessumdanl,
2361 3172 2740 3242 malignosque
2759 3179 2814 3224 et
2837 3169 3146 3226 immundos
3178 3166 3402 3235 spiritus
3445 3166 3530 3219 itt-

1951 3276 2200 3334 crcpant,
2231 3273 2286 3318 et
2317 3277 2706 3332 nonnunquam
2745 3275 2938 3330 magna
2973 3259 3157 3330 gloria:
3203 3273 3316 3313 sua:
3367 3261 3533 3312 admi-

1953 3357 2163 3411 ratione
2210 3357 2357 3425 ipsos
2403 3355 2566 3410 etiam
2623 3352 3006 3408 interfeCtores
3068 3367 3196 3407 suos
3253 3350 3537 3405 alliciunt?

1951 3450 2132 3516 Quare
2151 3450 2388 3518 equitem
2415 3448 2575 3503 simul
2628 3455 2683 3502 ct
2704 3461 2898 3515 equum
2928 3461 3310 3515 percnssurmu
3330 3458 3388 3498 se
3412 3460 3538 3516 pro-

1953 3542 2137 3608 mittit,
2169 3553 2226 3596 ut
2250 3542 2486 3598 hostium
2519 3541 2816 3611 phalangas
2841 3550 3156 3596 sanctorum
3203 3539 3389 3593 \irtuli
3434 3541 3530 3594 adv
3591 3584 3610 3600 ,

1949 3643 2232 3688 versantes
2275 3633 2660 3703 intelligamus.
2715 3631 2891 3700 Super
2919 3633 3136 3687 domum
3171 3640 3349 3682 autem
3393 3629 3533 3683 Jutla

1953 3734 2268 3792 aperturum
2294 3737 2352 3778 se
2381 3722 2568 3777 oculos
2601 3723 2693 3776 ait.
2723 3720 2922 3777 Judam
2962 3721 3063 3774 hoc
3097 3721 3218 3773 loco
3252 3721 3318 3772 de
3357 3720 3538 3775 radice

1952 3814 2106 3870 Jesse
2157 3823 2206 3869 ct
2244 3815 2386 3868 tribu
2415 3813 2551 3868 Juda
2579 3813 2857 3869 Christum
2882 3815 3233 3870 exsistentem
3270 3812 3533 3878 nominat,

1954 3907 2171 3961 domum
2211 3915 2389 3961 autem
2413 3906 2530 3974 ejus
2554 3905 2875 3973 Et'clesiatn,
2909 3907 3024 3962 sive
3069 3906 3120 3959 in
3183 3903 3404 3959 Christo
3443 3904 3535 3973 ju-

1955 4000 2314 4053 stilicatorum
2341 3999 3034 4054 sanctam'multitudinem.
3092 3999 3304 4066 Aperiri
3353 4008 3532 4050 autem

1953 4090 2140 4146 oculos
2173 4090 2301 4144 illud
2352 4091 2457 4145 sibi
2507 4091 2643 4147 velle
2689 4092 2964 4158 existimo,
3006 4091 3148 4160 quod
3199 4089 3536 4158 amplissime

1953 4192 2007 4235 et
2032 4192 2143 4236 toto
2164 4181 2310 4237 velut
2340 4191 2560 4252 aspectu
2586 4183 2864 4252 respiciet,
2900 4182 3043 4250 quod
3077 4196 3188 4236 suae
3219 4196 3346 4248 erga
3386 4180 3534 4232 illum

1956 4275 2368 4340 benevolentiae,
2396 4289 2458 4327 ac
2487 4283 2749 4344 praeterea
2779 4273 3126 4342 indulgenti-.9
3158 4283 3211 4327 et
3249 4272 3536 4326 charitatis

1959 4366 2316 4420 indubitatum
2345 4365 2450 4421 erit
2506 4366 2788 4421 indicium.
2851 4364 3124 4434 Scriptum
3179 4373 3264 4418 cst
3315 4364 3460 4417 enim
3513 4377 3528 4416 :

1963 4473 1980 4505 ι
2029 4455 2179 4510 Oculi
2205 4454 2416 4509 Domini
2449 4469 2612 4525 super
2637 4453 2887 4522 iustos".
2919 4474 2938 4506 ι
2968 4454 3031 4508 Et
3056 4468 3190 4524 quos
3216 4453 3535 4522 respexerit,

261 4533 365 4586 καὶ
401 4533 644 4602 ἀγάπης.
666 4533 978 4604 Γέγραπται
1007 4538 1117 4608 γὰρ
1143 4541 1234 4608 ὄτι,
1256 4560 1273 4592 ι
1322 4542 1622 4612 Ὀφθαλμοὶ
1645 4546 1851 4616 Κυρίου

1957 4563 2050 4603 eos
2097 4549 2252 4617 plane
2297 4547 2642 4603 beatissimos
2701 4547 2904 4615 ellicit;
2937 4547 3374 4619 quandoquidem
3432 4561 3537 4598 non

259 4621 362 4676 ἐπὶ
389 4621 652 4685 δικαίους.
693 4641 710 4674 ι
753 4624 862 4676 Καὶ
894 4624 986 4688 οὒς
1029 4627 1095 4680 ἂν
1125 4630 1460 4699 ἐπιϐλέψειε,
1519 4633 1744 4700 τούτους
1785 4637 1848 4706 δὴ

265 4715 491 4775 πάντως
542 4716 978 4786 τρισμακαρίους
1024 4719 1441 4788 ἀποδείκνυσιν,
1501 4725 1657 4796 εἴπερ
1705 4727 1849 4782 ἔστιν

265 4804 446 4856 εἰπεῖν
478 4805 536 4856 ού
569 4805 987 4877 διεψευσμένως,
1045 4812 1120 4873 ὡς
1162 4812 1379 4877 κολάζει
1417 4817 1515 4886 μὲν
1561 4821 1678 4882 ταῖς
1719 4821 1851 4874 ἁπο-

267 4898 536 4966 στροφαῖς
560 4898 649 4951 τὸν
672 4899 932 4971 ὑϐριστήν
954 4920 1014 4955 τε
1033 4905 1125 4957 καὶ
1153 4906 1452 4978 ἀλιτήριον,
1469 4913 1851 4982 κατευφραίνει

264 5004 330 5055 γε
367 4987 475 5059 μὴν
507 4992 627 5053 ταῖς
650 4991 967 5061 ἐπισκέψεσι
1005 4996 1093 5047 τὸν
1141 4998 1360 5069 εὐσεϐῆ,
1397 5002 1489 5054 καὶ
1537 5003 1845 5074 φιλάρετον.

268 5079 381 5132 Καὶ
425 5079 554 5146 γοῦν
595 5082 623 5133 ό
687 5080 971 5147 θεσπέσιος
1021 5088 1204 5154 Δαϐὶδ,
1248 5091 1339 5144 καὶ
1367 5091 1466 5163 τὴν
1490 5095 1554 5147 ἐκ
1575 5095 1673 5166 τῆς
1713 5097 1840 5150 ἀπο-

266 5174 512 5240 στροφῆς
545 5172 767 5244 ζημίαν,
805 5177 896 5229 καὶ
931 5177 989 5229 τὸ
1020 5179 1083 5231 ἐκ
1112 5180 1208 5249 τῆς
1247 5182 1622 5255 ἐπιστρέψεως
1663 5187 1850 5256 κέρδος

265 5262 513 5329 ἐμφανὲς
543 5264 825 5329 καθιστὰς,
875 5268 1004 5319 ποτε
1058 5269 1158 5337 μὲν
1208 5270 1446 5340 ἔφασκε·
1506 5295 1523 5326 ι
1561 5277 1652 5345 Μὴ
1714 5277 1848 5328 ἀπο-

268 5353 514 5424 στρέψῃς
574 5356 635 5409 τὸ
683 5357 972 5428 πρόσωπόν
1017 5378 1110 5412 σου
1149 5362 1243 5416 ἀπ’
1294 5364 1452 5434 ἐμοῦ,
1496 5368 1589 5419 καὶ
1651 5367 1724 5437 μὴ
1757 5371 1846 5419 ἐκ·

272 5442 463 5516 κλίνῃς
489 5445 544 5498 ἐν
575 5445 710 5516 ὀργῇ
764 5447 870 5499 ἀπὸ
921 5448 1012 5501 τοῦ
1043 5449 1227 5503 δούλου
1280 5470 1393 5505 σου·
1433 5473 1450 5506 ›
1517 5455 1646 5508 ποτὲ
1695 5456 1750 5508 δὲ
1784 5456 1847 5526 δη

265 5529 366 5589 αὖ·
397 5552 418 5586 ι
453 5535 770 5606 Ἐπίϐλεψον
945 5541 1066 5606 ἐμὲ,
1093 5545 1187 5595 καὶ
1213 5543 1432 5616 ἐλέησόν
1475 5565 1561 5617 με.
1609 5567 1626 5598 ι
1660 5549 1887 5617 ’Έᾲεται
1949 5550 2057 5620 γὰρ
2114 5553 2234 5613 ταῖς
2277 5552 2648 5621 ἀποστροφαῖς
2699 5551 2726 5602 ὁ
2786 5549 2976 5620 θυμὸς,
3029 5555 3121 5605 καὶ
3147 5552 3214 5606 τὰ

1959 4639 2092 4693 false
2124 4639 2228 4693 diei
2271 4649 2483 4707 potest,
2513 4654 2636 4693 cum
2669 4639 3047 4694 aversionibus
3086 4638 3200 4694 suis
3244 4638 3537 4706 superbum

1949 4730 2012 4787 et
2045 4741 2380 4802 peccatorem
2432 4732 2657 4802 punire,
2705 4732 3105 4786 visitationibus
3151 4740 3330 4786 autem
3389 4729 3536 4797 pium

1960 4835 2014 4878 ct
2055 4825 2273 4878 virtutis
2331 4825 2632 4879 studiosum
2694 4823 3025 4878 exhilarare.
3083 4823 3263 4888 Quare
3319 4821 3538 4873 divinus

1959 4917 2085 4971 item
2119 4917 2312 4978 David,
2342 4925 2395 4969 et
2421 4932 2484 4970 ex
2519 4916 2802 4969 aversione
2826 4915 3104 4977 damnum,
3129 4924 3182 4968 et
3205 4929 3268 4965 ex
3312 4925 3538 4965 conver-

1956 5008 2112 5062 sione
2175 5010 2515 5061 commodum
2571 5007 2734 5076 776
2790 5006 3182 5069 manifestans,
3245 5001 3536 5068 aliquando

1955 5099 2169 5154 dicebat
2200 5115 2214 5152 :
2255 5118 2276 5151 ‹
2313 5099 2390 5154 Ne
2417 5109 2630 5152 avertas
2663 5099 2854 5153 faciem
2888 5108 3032 5151 tuam
3064 5112 3092 5149 a
3122 5110 3224 5160 me,
3267 5103 3320 5147 ct
3347 5108 3412 5145 ne
3441 5093 3536 5145 de-

1955 5191 2125 5244 clines
2159 5191 2209 5243 in
2248 5191 2324 5243 ira
2356 5206 2385 5243 a
2409 5205 2565 5245 servo
2613 5199 2704 5244 tuo
2731 5190 2821 5255 5‘;
2867 5208 2885 5240 ι
2936 5187 3227 5256 aliquando
3283 5198 3534 5237 rursum:

1961 5298 1979 5329 ι
2021 5278 2250 5346 ltespice
2286 5279 2338 5331 in
2370 5295 2478 5344 me,
2523 5289 2577 5332 et
2605 5281 2865 5334 miserere
2897 5278 2999 5331 mei
3024 5278 3089 5327 ⁵⁵.
3129 5293 3148 5325 ι
3184 5274 3537 5327 Aversionem

1958 5381 2191 5433 namque
2220 5367 2321 5430 ira,
2353 5378 2407 5420 et
2435 5384 2553 5435 qua:
2587 5371 2653 5420 ab
2687 5369 2825 5420 irato
2862 5367 3173 5435 inlliguntnr
3204 5379 3378 5434 pinna:
3407 5405 3422 5429 ,
3452 5378 3532 5417 re-

1955 5466 2198 5523 spectum
2225 5466 2403 5510 autem
2429 5460 2642 5526 adoptio
2669 5457 3056 5512 misericordire
3091 5460 3406 5512 comitatur.

3261 5550 3319 5615 ἐξ
3371 5548 3537 5604 αὑτοῦ

268 5625 661 5698 συμϐαίνοντα·
694 5629 768 5699 τῷ
796 5647 854 5699 γε
887 5632 991 5701 μὴν
1023 5635 1311 5706 ἐπιϐλέψαι
1346 5637 1403 5690 τὸ
1431 5639 1626 5708 χρῆναι
1659 5639 1840 5691 λαϐεῖν
1882 5641 1969 5693 τὸν
2004 5642 2168 5694 ἔλεον.

346 5809 390 5840 ⁶¹
422 5809 564 5867 I’sal.
599 5829 745 5880 xw,
780 5814 830 5866 '2.
909 5816 952 5846 ⁸³
984 5815 1124 5870 Psal.
1165 5831 1276 5880 xix,
1305 5814 1355 5879 8,
1391 5815 1441 5868 9.

1522 5817 1564 5846 ⁸³
1596 5816 1737 5869 Psal.
1779 5832 1964 5881 XXXIII,
2009 5818 2087 5872 16.

2169 5819 2212 5850 ⁵³
2241 5819 2384 5876 Psal.
2421 5837 2567 5889 xxvi,
2599 5822 2650 5877 9.
2730 5823 2772 5854 ⁵³
2811 5821 2949 5876 ΡδςιΙ.
2986 5837 3132 5886 xxxv,
3168 5821 3250 5875 l6.
