4026 6276
520 372 617 429 211

1538 387 1595 441 S.
1636 386 1904 446 CYRILLI
1944 390 2405 449 ALEXANDRINI
2447 394 2764 452 ARCIIIEP.

3648 399 3749 456 912

600 485 763 542 Vens.
801 486 853 541 5.
898 489 963 542 Et
1006 491 1179 546 dicent
1209 493 1403 547 tribuni
1444 494 1586 551 Iuda
1617 517 1791 555 omnes
1819 504 1873 555 in
1904 505 2083 558 cor-dio

2256 510 2364 563 Καὶ
2398 510 2642 579 ἐροῦσιν
2680 510 2977 579 χιλίαρχοι
3025 509 3221 564 Ἰούδα
3264 509 3485 576 πάντες
3514 510 3586 565 ἐν
3629 515 3750 581 ταῖς

519 588 611 635 bus
642 584 749 635 suis
777 597 795 636 :
829 582 1155 637 Inveniemus
1180 583 1327 638 nobis
1351 586 1643 642 habitantes
1680 590 1995 660 Jerusalem,
2025 596 2078 648 in

519 675 745 727 Domino
774 677 1118 743 omnipotente
1152 676 1255 731 Deo
1278 693 1476 733 eorum.

1169 763 1207 800 Ἃ

591 854 884 909 LXXXIX.
920 855 1285 922 Chiliarchas,
1310 872 1399 912 seu
1430 858 1671 914 tribunos
1694 857 1829 913 Juda
1867 869 2084 915 sanctos

521 948 791 1016 apostolos
821 948 1123 1017 appellatos
1152 963 1551 1014 asseveramus,
1572 949 1808 1005 delectos
1827 959 2081 1019 tanquam

520 1042 685 1094 duces
710 1055 739 1093 a
765 1038 1004 1105 Christo,
1037 1048 1091 1094 ct
1109 1040 1466 1109 principatum
1492 1040 1543 1094 in
1594 1039 1788 1095 Judam
1838 1045 2081 1111 adeptos,

520 1130 625 1185 hoc
647 1138 748 1195 est,
781 1129 832 1183 in
864 1143 957 1184 eos
985 1129 1074 1199 qui
1117 1131 1182 1185 ad
1207 1131 1567 1185 conﬁtendum
1641 1140 1696 1186 et
1754 1131 2082 1187 laudandum

522 1220 697 1275 vocati
759 1229 927 1276 sunt:
958 1219 1122 1276 ludas
1172 1221 1314 1275 enim
1376 1221 1496 1276 laus
1558 1222 1841 1278 redditur:
1883 1225 1972 1293 qui
2020 1240 2084 1278 ex

522 1312 773 1382 gentibus
814 1313 999 1382 utique
1054 1312 1275 1377 fuerint,
1319 1313 1514 1382 quibus
1544 1323 1601 1369 et
1629 1314 1843 1369 divinus
1900 1324 2088 1369 cautor

522 1406 763 1472 mandat,
794 1407 870 1460 uti
905 1404 1302 1461 Emmanuelem
1343 1406 1640 1471 celebrent,
1671 1406 1858 1461 dicens
1888 1406 1939 1461 in
1972 1406 2086 1476 spi-

523 1500 632 1555 ritu
666 1518 678 1554 :
721 1519 738 1552 ι
775 1498 1104 1567 Benedicite,
1128 1508 1336 1569 gentes,
1360 1500 1526 1555 Deum
1548 1508 1813 1566 nostrum,
1859 1508 1914 1556 et
1939 1500 2091 1555 audi-

524 1600 631 1644 tam
682 1590 845 1647 facile
877 1605 1061 1647 vocem
1124 1590 1300 1646 laudis
1356 1591 1475 1662 ejus
1525 1591 1594 1644 ⁵⁸.
1636 1609 1654 1643 ι
1697 1590 1864 1647 Judas
1931 1591 2093 1660 igitur

520 1680 622 1735 hoc
651 1679 768 1736 loco
786 1691 911 1735 sunt
934 1695 1026 1751 per
1039 1680 1198 1736 ﬁdem
1223 1681 1663 1736 adlaudationem
1714 1688 1770 1737 et
1796 1679 2092 1737 confessio-

522 1788 640 1828 nem
667 1774 841 1829 vocati
864 1789 888 1829 ι
923 1772 1120 1827 tribuni
1143 1772 1416 1841 veroipsis
1436 1772 2093 1840 constituti,cenluriones

519 1879 574 1925 et
593 1871 775 1933 duces,
811 1868 1259 1932 divinidiscipuli.
1277 1868 1577 1923 Observare
1604 1875 1829 1937 estergo
1853 1881 1945 1922 eos
1972 1866 2094 1921 Sal-

520 1960 725 2014 vatoris
748 1957 1121 2012 adoratoribus
1139 1957 1282 2011 velut
1301 1956 1619 2026 quibusdam
1640 1956 1898 2013 militibus
1915 1955 2115 2011 accla-‘

523 2054 735 2101 mantes
753 2056 806 2101 et
832 2046 1073 2102 dicentes
1107 2063 1122 2102 :
1159 2065 1177 2098 ι
1214 2045 1365 2102 State
1392 2047 1554 2116 igitur
1587 2046 1848 2101 succincti
1878 2046 2090 2102 lumbos

526 2146 733 2193 vestros
748 2138 801 2192 in
816 2137 1306 2203 veritate,etinduti
1326 2136 1543 2192 loricam
1553 2136 1861 2207 justitiae,et
1875 2137 2094 2192 calceati

526 2229 689 2300 pedes
717 2228 770 2283 in
801 2229 1245 2301 praeparationem
1267 2227 1542 2298 Evangelii
1569 2229 1739 2299 pacis,
1768 2230 1822 2282 in
1846 2230 2096 2285 omnibus

526 2329 803 2376 sumentes
827 2328 1038 2375 scutum
1105 2320 1255 2386 ﬁdei,
1286 2321 1338 2375 in
1370 2335 1477 2390 quo
1505 2321 1753 2391 poteritis
1782 2322 1965 2377 omnia
1994 2321 2094 2375 tela

528 2414 844 2484 nequissimi
874 2413 1039 2482 ignita
1071 2413 1419 2483 exstinguere
1449 2413 1516 2466 ".
1556 2432 1575 2464 ι
1612 2412 1748 2467 Sunt
1774 2425 1898 2482 ergo
1930 2411 2094 2467 divini

529 2505 776 2576 discipuli
806 2505 1025 2572 tribuni,
1055 2514 1109 2560 et
1142 2503 1673 2566 convenientissime,
1712 2521 1731 2555 ι
1770 2502 1871 2569 Qui
1914 2510 1969 2557 et
2015 2500 2098 2555 di-

530 2604 675 2661 cent,
704 2595 902 2667 inquit,
945 2594 999 2650 in
1051 2594 1306 2650 cordibus
1329 2594 1440 2648 suis
1481 2610 1494 2646 :
1550 2591 1894 2647 Inveniemus
1941 2590 2096 2646 nobis

532 2688 663 2758 ipsis
696 2688 1003 2742 habitantes
1026 2686 1079 2739 in
1112 2683 1432 2741 Jerusalem.
1472 2681 1911 2739 rDesiderabant
1950 2681 2094 2735 enim

530 2778 705 2833 sancti
747 2776 995 2847 discipuli
1028 2790 1156 2832 vere
1209 2783 1454 2831 sanctam
1506 2772 1827 2836 Jerusalem,
1879 2771 1933 2826 id
1990 2778 2093 2835 est,

532 2868 848 2933 Ecclesiam,
879 2868 1134 2937 repletam
1176 2866 1323 2922 cerni
1353 2864 1756 2930 adoratoribus,
1818 2874 1875 2918 et
1927 2860 2093 2917 veluti

532 2960 719 3013 urbem
780 2958 1069 3028 quamdam
1120 2956 1421 3012 incolarum
1476 2955 1779 3025 frequentia
1829 2953 2093 3023 insignem

531 3048 876 3103 meritissime
907 3048 1146 3118 gloriari.
1181 3047 1442 3113 Quocirca
1474 3044 1887 3115 promulgabant
1910 3044 2093 3108 ﬁdem,

530 3139 965 3209 evangelizantes
1016 3137 1226 3204 Iesum,
1272 3138 1550 3209 signisque
1586 3136 1917 3207 etprodigiis
1952 3136 2093 3192 dicta

530 3246 625 3285 sua
660 3231 1066 3285 conﬁrmantes.
1097 3229 1481 3285 Verumtamen
1516 3243 1621 3283 non
1671 3225 2089 3297 persuadebant.

531 3322 844 3376 Obdurabat
864 3320 1008 3374 enim
1040 3320 1268 3389 populus
1300 3318 1630 3383 inﬂexibilis,
1674 3327 1727 3375 et
1748 3318 1891 3373 velut
1925 3332 2097 3387 equus

530 3411 829 3466 indomitus
848 3409 998 3464 frena
1026 3412 1331 3465 recusabat.
1355 3411 1561 3465 Idcirco
1589 3410 1843 3479 deinceps
1888 3417 2094 3465 sanctae

534 3503 771 3559 civitatis
800 3502 1137 3557 habitatores
1161 3504 1212 3556 in
1250 3519 1269 3552 ι
1314 3502 1539 3555 Ι)οωίηο
1573 3502 1939 3570 omnipotente
1990 3501 2101 3555 Deo

532 3599 800 3668 ipsorum,
850 3615 867 3647 ι
914 3595 1014 3650 hoc
1054 3605 1159 3662 est,
1214 3594 1268 3649 in
1325 3594 1562 3658 Christo,
1614 3591 1715 3649 sibi
1764 3590 2099 3660 quaerebant.

534 3694 672 3760 Quin
705 3701 759 3746 et
791 3692 857 3746 ad
904 3700 1091 3762 gentes
1139 3691 1611 3756 convertebantur,
1654 3686 1959 3742 Judmorum
2012 3698 2101 3753 po-

534 3784 662 3850 pulo
699 3783 1013 3837 occinentes
1042 3800 1055 3835 :
1086 3782 1245 3850 777
1286 3800 1304 3832 ι
1332 3781 1495 3835 Vobis
1525 3781 1811 3847 oportebat
1864 3777 2098 3846 primum

535 3873 682 3941 loqui
713 3872 936 3925 verbum
970 3870 1083 3923 Dei.
1117 3870 1377 3934 Quoniam
1428 3878 1607 3922 autem
1649 3866 1912 3935 repellitis
1949 3864 2098 3931 illud,

536 3973 590 4017 et
622 3963 872 4031 indignos
906 3975 1003 4015 vos
1029 3960 1285 4028 judicatis
1322 3961 1431 4014 vita
1463 3969 1687 4025 aeterna,
1719 3974 1846 4013 ecce
1877 3971 2103 4013 conver-

540 4055 704 4107 timur
725 4052 791 4107 ad
818 4060 1008 4123 gentes
1039 4068 1050 4105 :
1084 4050 1163 4107 sic
1181 4051 1323 4109 enim
1352 4050 1508 4105 nobis
1530 4050 1800 4103 mandavit
1818 4048 1958 4103 Deus
1985 4048 2049 4102 ⁵⁸.
2078 4065 2096 4099 ι

539 4144 667 4199 Inde
696 4144 844 4200 cives
876 4142 1133 4199 Ecclesia:
1159 4141 1589 4212 conquisierunt,
1616 4139 1770 4211 cujus
1799 4146 1855 4194 et
1891 4138 2103 4194 divinus

538 4236 706 4291 David
736 4235 1001 4301 meminit,
1031 4234 1278 4304 inquiens
1310 4251 1324 4288 :
1365 4231 1677 4289 «Gloriosa
1708 4230 1850 4286 dicta
1876 4236 2002 4286 sunt
2038 4229 2104 4284 de

538 4341 608 4394 te,
639 4327 827 4382 civitas
851 4325 942 4382 Dei
981 4325 1047 4378 ”.
1083 4344 1102 4377 ι
1144 4323 1216 4379 lis
1246 4323 1509 4394 quaesitis,
1546 4330 1767 4393 propter
1816 4334 2101 4376 numerum

538 4419 1041 4487 multitudinemque
1077 4416 1522 4471 innumerabilem
1564 4413 1717 4468 ditati
1767 4423 1909 4467 sunt.
1961 4410 2100 4477 Quin

2187 602 2450 668 καρδίαις
2473 600 2691 655 αὐτῶν·
2721 602 3079 671 Εὑρήσομεν
3115 601 3353 670 ἑαυτοῖς
3398 602 3539 670 τοὺς
3562 621 3753 661 κατοι-

2186 692 2444 756 κοῦντας
2469 694 2538 746 ἐν
2563 692 2973 763 Ἰερουσαλὴμ,
3009 694 3077 748 ἐν
3099 695 3294 763 Κυρίῳ
3324 696 3753 766 παντοκράτορι

2189 781 2308 848 Θεῷ
2334 783 2549 840 αὐτῶν.

2256 875 2380 929 ΠΘ’.
2416 874 2741 946 Χιλιάρχους
2771 877 2870 947 μὲν
2915 875 3082 931 ’ἰούδα
3132 877 3259 940 τοὺς
3306 876 3491 946 άγίους
3527 878 3754 932 ἀποστό-

2186 961 2307 1025 λους
2336 964 2750 1033 κατωνομάσθαι
2773 966 2970 1035 φαμὲν,
3004 966 3127 1027 τοὺς
3148 960 3259 1018 οἷον
3290 967 3348 1019 ἐν
3370 967 3522 1033 τάξει
3551 972 3616 1039 τῇ
3652 968 3755 1021 τῶν

2190 1057 2508 1127 στρατηγῶν
2556 1059 3099 1128 κεχειροτονημένους
3145 1061 3311 1130 παρὰ
3339 1057 3618 1127 Χριστοῦ,
3667 1059 3757 1115 καὶ

2188 1145 2547 1216 καθηγεῖσθαι
2602 1146 2867 1218 λαχόντας
2920 1149 3015 1202 τοῦ
3079 1150 3249 1203 Ἰούδα
3275 1191 3290 1217 ,
3338 1151 3589 1203 τουτέστι
3646 1151 3753 1203 τῶν

2188 1237 2352 1307 κεκλή
2363 1236 2535 1307 μένων
2560 1238 2642 1301 εἰς
2667 1239 3048 1311 ἐξομολόγησίν
3068 1257 3127 1293 τε
3155 1241 3251 1293 καὶ
3277 1236 3446 1295 αἶνον·
3471 1237 3640 1305 αἶνος
3655 1243 3757 1312 γὰρ

2187 1330 2215 1381 ὁ
2250 1328 2448 1393 Ἰούδας
2476 1330 2859 1401 ἑρμηνεύεται.
2889 1327 3011 1384 Εἶεν
3054 1332 3097 1385 δ’
3127 1331 3193 1385 ἂν
3222 1326 3365 1385 οὗτοι
3401 1332 3602 1394 πάντες
3625 1333 3675 1384 οἰ
3704 1333 3756 1397 ἐξ

2189 1418 2377 1483 ἐθνῶν,
2408 1414 2490 1482 οἷς
2517 1421 2610 1474 καὶ
2640 1420 2700 1475 τδ
2728 1421 2924 1491 χρῆναι
2952 1421 3259 1491 δοξολογεῖνν
3280 1421 3371 1475 τὸν
3411 1422 3761 1493 Ἐμμανουήλ

2189 1511 2217 1563 ὁ
2241 1510 2518 1574 θεσπέσιος
2554 1511 2804 1583 Μελῳδδς
2835 1512 3111 1567 ἐπιτάττει
3166 1513 3339 1583 λέγων
3379 1513 3436 1567 ἐν
3467 1514 3758 1584 πνεύματιο

2196 1619 2214 1651 ι
2251 1600 2557 1669 Εὐλογεῖτε,
2580 1601 2730 1672 ἔθνη,
2761 1602 2852 1656 τὸν
2878 1602 3009 1656 Θεὸν
3047 1603 3224 1673 ἡμῶν,
3265 1603 3361 1657 καὶ
3403 1603 3767 1657 ἁκουτίσασθε

2190 1692 2289 1760 τὴν
2316 1692 2497 1764 φωνὴν
2546 1693 2647 1764 τῆς
2670 1692 2928 1757 αἰνέσεως
2972 1693 3160 1748 αὐτοῦ.
3200 1712 3219 1748 ι
3268 1694 3469 1758 Ἰούδας
3494 1694 3675 1747 τοίνυν
3706 1696 3761 1746 ἐν

2191 1786 2400 1850 τούτοις
2435 1788 2486 1841 οἰ
2516 1787 2604 1841 διὰ
2633 1787 2864 1850 πίστεως
2913 1786 3237 1857 κεκλημένοι
3279 1787 3417 1858 πρὸς
3455 1787 3663 1840 αίνεσίν
3706 1802 3762 1839 τε

2194 1878 2289 1931 καὶ
2350 1876 2750 1948 ἐξομολόγησιν·
2809 1878 3079 1950 χιλίαρχοί
3126 1893 3190 1946 γε
3233 1877 3340 1949 μὴν
3367 1879 3417 1931 οἰ
3470 1877 3557 1930 ἐπ’
3585 1877 3764 1940 αὐτοῖς

2194 1970 2535 2041 τεταγμένοι,
2567 1969 2847 2041 ταξίαρχοί
2869 1987 2929 2023 τε
2960 1971 3056 2023 καὶ
3085 1970 3372 2039 ἡγεμόνες,
3403 1968 3469 2021 οἰ,
3489 1967 3764 2022 θεσπέσιοι

2200 2062 2454 2133 μαθηταί.
2485 2062 2640 2115 Ἔστι
2675 2062 2803 2130 γοῦν
2834 2063 2962 2117 ἰδεῖν
2982 2058 3071 2117 οἷά
3101 2078 3214 2116 τισι
3246 2060 3628 2132 στρατιώταις,
3653 2059 3765 2122 τοῖς

2195 2152 2288 2206 τοῦ
2314 2153 2565 2223 Σωτῆρος
2594 2155 2996 2225 προσκυνηταῖς
3023 2153 3453 2225 διακεκραγότας
3479 2169 3539 2204 τε
3566 2151 3660 2205 καὶ
3680 2151 3765 2203 λέ-

2195 2259 2409 2313 γοντας
2446 2264 2464 2296 ι
2503 2244 2673 2313 Στῆτε
2699 2240 2791 2298 οὖν
2824 2244 3259 2315 περιζωσάμενοι
3290 2244 3392 2313 τὴν
3418 2242 3591 2312 ὀσφὺν
3614 2240 3765 2311 ὑμῶν

2194 2336 2252 2387 ἐν
2274 2333 2521 2404 ἀληθείᾳ,
2552 2335 2647 2388 καὶ
2695 2335 3044 2404 ἐνδυσάμενοι
3099 2335 3190 2391 τὸν
3245 2332 3470 2406 θώρακα
3530 2331 3633 2402 τῆς
3693 2333 3769 2385 δι-

2195 2423 2507 2494 καιοσύνης,
2533 2424 2627 2478 καὶ
2662 2424 3059 2496 ὑποδησάμενοι
3091 2425 3218 2489 τοὺς
3267 2425 3436 2488 πόδας
3458 2423 3517 2477 ἐν
3547 2424 3786 2494 ἐτοιμας-

2198 2512 2289 2583 σία.
2315 2511 2409 2566 τοῦ
2433 2512 2759 2581 Εὐαγγελίου
2809 2514 2909 2583 τῆς
2956 2514 3201 2584 εἰρήνης,
3261 2512 3354 2567 ἐπὶ
3385 2515 3550 2566 πᾶσιν
3579 2513 3771 2566 ἀναλαε

2195 2602 2381 2665 δόντες
2423 2602 2515 2655 τὸν
2564 2602 2754 2674 θυρεὸν
2806 2603 2905 2672 τῆς
2938 2603 3203 2669 πίστεως,
3257 2603 3315 2657 ἐν
3375 2595 3421 2670 ᾧ
3473 2602 3769 2673 δυνήσεσθε

2196 2687 2373 2743 πάντα
2397 2689 2464 2742 τὰ
2484 2688 2611 2759 βέλη
2641 2688 2734 2743 τοῦ
2760 2690 2999 2760 πονηροῦ
3032 2690 3101 2744 τὰ
3125 2691 3496 2761 πεπυρωμένα
3523 2691 3787 2745 σϐέσαιδ..

2194 2779 2473 2850 Χιλίαρχοι
2502 2780 2566 2851 δὴ
2617 2775 2729 2846 οὖν,
2789 2782 2881 2834 καὶ
2922 2782 3067 2852 μάλα
3122 2783 3368 2849 εἰκότως,
3409 2787 3458 2837 οἰ
3490 2783 3769 2838 θεσπέσιος.

2200 2871 2457 2942 μαθηταὶ,
2486 2892 2504 2924 ι
2534 2873 2596 2927 Οἳ
2628 2873 2723 2926 καὶ
2771 2872 2975 2943 ἐροῦσι,
3001 2876 3187 2945 φησὶν,
3244 2876 3300 2929 ἐν
3359 2877 3480 2941 ταῖς
3519 2876 3770 2947 καρδίαις

2195 2961 2391 3016 αὐτῶν·
2423 2963 2743 3035 Εὑρήσομεν
2768 2965 2978 3028 ἑαυτοῖς
3001 2965 3127 3028 τοὺς
3156 2967 3544 3031 κατοικοῦντας
3576 2970 3636 3021 ἐν
3673 2969 3771 3021 Ἰε-

2198 3052 2500 3124 ρουσαλήμ.
2545 3072 2565 3106 ι
2612 3053 2948 3123 Ἐπεθύμουν
2983 3055 3082 3125 μέν
3109 3056 3217 3127 γὰρ
3241 3058 3289 3110 οἰ
3331 3057 3606 3111 θεσπέσιοι
3662 3073 3767 3128 μαφ

2121 3171 2165 3230 C
2199 3140 2358 3212 θηταὶ
2383 3141 2480 3211 τὴν
2509 3142 2669 3211 ἁγίαν
2728 3142 2894 3206 ὅντως
2929 3144 3298 3215 Ἰερουσαλὴμ,
3358 3146 3625 3213 τουτέστι,
3673 3146 3789 3217 τὴν,

2212 3230 2536 3302 Ἐκκλησίαν
2587 3235 3015 3305 μεμεστωμένην
3064 3236 3290 3306 ὁρᾶσθαι
3345 3238 3765 3308 προσκυνητῶν,

2199 3323 2291 3376 καὶ
2321 3318 2409 3378 οἶά
2432 3339 2553 3376 τινα
2583 3324 2735 3378 πόλιν
2760 3327 3031 3397 περιφανῆ
3062 3327 3264 3396 πληθύῖ
3286 3328 3396 3381 τῶν
3413 3329 3770 3383 ἐνοικούντων

2200 3410 2368 3481 αὐτὴν
2405 3405 2463 3465 εὖ
2499 3412 2643 3480 μάλα
2700 3414 3217 3484 κατασεμνύνεσθαι.
3246 3418 3355 3470 Καὶ
3410 3417 3541 3486 γοῦν
3585 3420 3769 3490 διεκή-

2204 3518 2389 3571 ρυττον
2412 3502 2511 3571 τὴν
2542 3502 2741 3569 πίστιν,
2769 3504 3239 3577 εὐαγγελιζόμενοι
3280 3506 3372 3560 τὸν
3410 3507 3642 3578 Ἰησοῦν,
3672 3526 3769 3580 ση-

2205 3591 2375 3662 μείοις
2407 3609 2464 3645 τε
2502 3593 2593 3645 καί
2614 3593 2837 3664 τέρασιν
2876 3596 3365 3667 ἐπισφραγίζοντες
3391 3599 3520 3661 τοὺς
3563 3599 3771 3653 ἑαυτῶν

2200 3680 2407 3750 λόγους.
2444 3682 2587 3753 Πλὴν
2612 3684 2710 3737 οὐκ
2739 3683 2970 3737 ἐπειθον’
3007 3686 3281 3755 μεμένηκε
3300 3685 3416 3756 ,γὰρ
3450 3686 3690 3756 σκληρός
3713 3704 3773 3739 τε

2202 3775 2295 3828 καὶ
2314 3775 2595 3845 ὰκαμπὴς,
2636 3777 2729 3829 καὶ
2748 3771 2857 3829 οἷον
2883 3776 3046 3840 ἵππος
3080 3776 3306 3847 ἐξήνιος.
3340 3777 3521 3849 Ταύτῃ
3552 3796 3636 3831 τοι
3660 3779 3791 3832 λοι-.

2203 3866 2302 3919 πὸν
2360 3866 2581 3936 ἐζήτουν
2611 3868 2824 3931 ἐαυτοῖς
2866 3869 2991 3931 τοὺς
3044 3867 3431 3933 κατοικοῦντας
3466 3871 3567 3941 τὴν
3611 3871 3775 3939 ἁγίαν

2204 3956 2354 4009 πόλιν
2386 3975 2404 4008 ι
2441 3958 2498 4010 ἐν
2530 3957 2723 4028 Κυρίῳ
2751 3960 3149 4030 παντοκράτορι
3198 3960 3316 4028 Θεῷ
3343 3960 3542 4026 αὐτῶν,
3585 3981 3605 4014 ι
3646 3979 3774 4014 του-

2202 4047 2350 4101 τέστι
2395 4048 2452 4101 ἐν
2485 4047 2724 4118 Χριστῷ.
2779 4048 2889 4103 Καὶ
2935 4047 2997 4117 δὴ
3051 4049 3144 4102 καὶ
3191 4051 3489 4121 ἐτράποντο
3526 4052 3666 4120 πρὸς
3710 4052 3795 4103 τὰ,

2204 4137 2352 4207 ἔθνη,
2390 4140 2502 4200 τοῖς
2551 4138 2811 4191 Ἰουδαίων
2831 4139 3021 4209 δήμοις
3060 4141 3525 4211 ἐπιφωνήσαντεςο
3559 4159 3579 4192 ι
3616 4142 3778 4212 Ὑμῖν

2203 4222 2270 4298 ἦν
2301 4228 2594 4295 ἀναγκαῖον
2622 4228 2834 4299 πρῶτον
2863 4228 3158 4299 λαληθῆναι
3196 4232 3285 4285 τὸν
3308 4232 3464 4300 λόγον
3483 4230 3581 4286 τοῦ
3615 4233 3776 4287 Θεοῦ.

2218 4317 2432 4387 Ἐπειδὴ
2460 4318 2517 4371 δέ
2541 4318 2841 4373 ἀπωθεῖσθε
2880 4321 3062 4387 αὐτὸν,
3110 4322 3205 4375 καὶ
3236 4323 3336 4377 οὐκ
3358 4322 3541 4386 ἀξίους
3563 4324 3777 4394 κρίνετε

2207 4407 2431 4470 ἐαυτοὺς
2448 4408 2547 4477 τῆς
2574 4408 2791 4463 αἰωνίου
2823 4409 2965 4479 ζωῆς
2990 4449 3004 4474 ,
3050 4411 3160 4467 ἰδοὺ
3209 4413 3553 4483 στρεφόμεθα
3584 4415 3666 4477 εἰς
3708 4412 3801 4475 τὰ,

539 4520 592 4563 et
616 4509 766 4563 aiunt
812 4515 1014 4561 sancta:
1057 4506 1310 4559 civitati:
1348 4522 1368 4555 ι
1426 4503 1598 4559 Dilata
1648 4504 1825 4559 locum
1888 4500 2095 4556 tentoril

2212 4500 2358 4573 ἔθνηο
2385 4500 2527 4554 οὕτω
2554 4501 2661 4572 γὰρ
2682 4503 2810 4571 ἡμῖν
2862 4502 3171 4557 ἐντέταλται
3208 4505 3237 4555 ὁ
3285 4504 3435 4566 Θεός,
3470 4523 3488 4556 ›
3536 4504 3781 4557 Ἐκεῖθεν

543 4598 637 4661 tui,
668 4605 721 4651 et
750 4594 1214 4652 tabernaculorum
1272 4603 1505 4648 tuorum.
1563 4593 1713 4662 Fige,
1783 4607 1849 4647 ne
1892 4606 2103 4660 parcas.

542 4684 808 4739 Protende
855 4681 1123 4737 iuniculos
1161 4692 1281 4737 tuos
1352 4689 1406 4735 et
1444 4681 1627 4736 clavos
1680 4689 1821 4744 tuos,
1863 4679 2106 4735 conforta

541 4781 718 4836 adhuc
748 4780 798 4833 in
824 4776 1053 4841 dextris,
1075 4785 1130 4830 et
1154 4775 1204 4828 in
1229 4774 1444 4830 sinistra
1472 4773 1702 4827 extende
1726 4771 1792 4826 ⁸ο.
1824 4790 1843 4823 ι
1870 4771 1957 4825 llla
1981 4785 2108 4827 vero

542 4869 882 4925 multitudine
912 4864 1206 4922 incolarum
1235 4877 1452 4917 suorum
1504 4861 1761 4925 exsultat,
1850 4869 1902 4915 et
1953 4859 2108 4930 quasi

544 4962 818 5015 admirans
850 4973 1071 5015 suorum
1114 4957 1345 5010 ﬁliorum
1390 4953 1773 5022 frequentiam,
1799 4953 1911 5007 ait:
1943 4971 1961 5004 ι
1992 4952 2106 5020 Ego

544 5060 721 5105 autem
768 5052 885 5105 sine
918 5049 1061 5112 ﬁliis,
1095 5056 1149 5101 et
1180 5045 1341 5099 vidua
1369 5063 1382 5111 ;
1422 5045 1555 5100 istos
1576 5058 1707 5098 vero
1755 5044 1876 5113 quis
1923 5045 2107 5114 genuit

546 5143 712 5196 mihi?
744 5144 829 5196 isti
860 5150 1038 5195 autem
1063 5139 1151 5193 ubi
1188 5137 1317 5191 mihi
1343 5146 1495 5191 erant
1522 5136 1561 5167 ⁶¹
1586 5137 1609 5190 ?
1638 5155 1655 5187 ι

2208 4593 2479 4665 ἐζήτησαν
2531 4594 2656 4657 τοὺς
2701 4593 2799 4664 τῆς
2859 4594 3183 4664 Ἑκκλησίας
3230 4594 3473 4660 πολίτας,
3506 4588 3575 4666 ἦς
3634 4595 3782 4648 καὶὸ

2210 4684 2495 4749 θεσπέσιος
2524 4685 2686 4739 Δαϐἰδ
2714 4685 3099 4755 διαμέμνηται,
3129 4686 3318 4753 λέγων·
3356 4704 3377 4737 ι
3404 4686 3788 4755 Δεδοξασμένω

2210 4775 2441 4847 ἐλαλήθη
2466 4776 2593 4850 περὶ
2620 4776 2732 4842 σοῦ,
2766 4778 2798 4848 ἡ
2852 4778 3005 4840 πόλις
3044 4766 3136 4831 τοῦ
3163 4778 3319 4833 Θεοῦ.
3355 4796 3373 4829 ι
3438 4780 3786 4848 Ζητήσαντες

2209 4866 2265 4919 δὲ
2295 4867 2721 4937 πεπλουτήκασι,
2742 4868 3096 4937 συνεκόμισάν
3112 4886 3170 4921 τε
3189 4869 3398 4939 πληθὺν
3425 4869 3524 4940 τὴν
3546 4868 3785 4939 ἀριθμοῦ

2212 4957 2511 5025 κρείττονα.
2546 4958 2655 5009 Καὶ
2708 4958 2772 5028 δὴ
2809 4959 2900 5011 καί
2932 4975 3061 5028 φασι
3109 4961 3175 5029 τῇ
3207 4959 3338 5029 ἁγίᾳ
3379 4959 3552 5012 πόλει·
3586 4979 3604 5010 ι
3642 4958 3789 5011 Πλά-

2214 5062 2367 5099 τυνον
2395 5046 2486 5099 τὸν
2535 5046 2696 5100 τόπον
2750 5050 2845 5117 τῆς
2900 5050 3101 5119 σκηνῆς
3144 5067 3258 5114 σου,
3300 5050 3523 5103 καὶτῶν
3546 5049 3791 5104 αύλαιῶν

2218 5152 2333 5190 σου.
2370 5134 2565 5203 Πῆξον,
2614 5137 2687 5209 μή
2734 5138 2911 5209 φείσῃ.
2962 5140 3249 5209 Μάκρυνον
3297 5140 3365 5192 τὰ
3428 5137 3792 5209 σχοινίσματά

545 5252 658 5300 σου,
696 5233 788 5286 καὶ
825 5233 949 5293 τοὺς
980 5230 1285 5293 πασσάλους
1316 5247 1429 5295 σου,
1462 5228 1779 5299 κατίσχυσον
1807 5229 1884 5280 ἔτι
1913 5228 1991 5291 εἰς
2016 5230 2081 5279 τὰ
2107 5227 2276 5293 δεξιὰ,
2309 5228 2399 5281 καὶ
2430 5230 2507 5291 εἰς
2531 5228 2596 5280 τὰ
2623 5229 2879 5299 ἀριστερὰ
2907 5230 3255 5283 ἐκπέτασον,›
3302 5229 3366 5281 ἸΙ
3393 5228 3450 5281 δὲ
3476 5228 3554 5298 τῷ
3593 5229 3793 5300 πλήθει

545 5325 654 5377 τῶν
707 5321 1101 5376 κατοικούντων
1139 5322 1308 5393 αὐτὴν
1351 5321 1723 5390 ἐπιγάννυται,
1776 5321 1932 5391 μόνον
1972 5320 2026 5373 δέ
2071 5319 2190 5389 οὐχὶ
2229 5319 2723 5388 κιτχθαυμάζουσα
2765 5319 2873 5373 τῶν
2915 5321 3058 5372 ἰδίων
3109 5321 3314 5375 τέκνων
3352 5320 3451 5390 τὴν
3485 5322 3791 5392 ὁμήγυριν,

546 5416 706 5487 φησίν
732 5433 743 5444 ·
783 5435 799 5467 ι
841 5415 979 5483 Ἐγὼ
1006 5416 1060 5469 δὲ
1084 5416 1326 5482 ἄτεκνος,
1382 5417 1474 5469 καὶ
1528 5417 1691 5485 χήρα·
1728 5414 1949 5477 τούτους
1990 5413 2046 5465 δὲ
2080 5414 2161 5475 τίς
2191 5412 2445 5483 ἐγέννησέ
2476 5431 2586 5482 pet;
2621 5406 2765 5465 οὗτοι
2797 5414 2851 5466 δέ
2892 5431 2981 5484 μοι
3007 5414 3107 5466 ποῦ
3142 5410 3311 5483 ﬂuctv;
3356 5433 3373 5464 ι

622 5512 780 5566 Vens.
809 5513 860 5566 (i.
898 5510 960 5564 In
982 5512 1066 5565 die
1114 5512 1205 5565 illa
1251 5528 1441 5581 ponam
1495 5510 1730 5565 tribunos
1773 5509 1918 5563 Juda
1966 5508 2099 5561 sicut

618 5708 660 5733 ³⁵
694 5705 828 5758 l‘sal.
868 5720 985 5765 ην,
1021 5710 1070 5759 8.

1188 5708 1230 5735 δτ
1266 5706 1458 5775 raptres.
1489 5723 1555 5769 ιι,
1601 5706 1775 5758 lit-lit.

623 5777 657 5804 τ’
692 5773 791 5828 lsa.
830 5791 969 5829 nux.
1000 5777 1085 5829 9.1.

1885 5704 1928 5735 δε
1960 5706 2079 5757 Act.
2122 5718 2235 5767 xm,
2281 5702 2356 5767 lli,
2398 5703 2477 5755 i7.
2619 5705 2661 5734 δῦ
2694 5702 2834 5758 Psal.
2868 5719 3080 5770 LXXXVI,
3118 5704 3168 5757 5.

2296 5508 2395 5560 Ἐν
2422 5506 2495 5575 τῇ
2530 5504 2715 5575 ἡμέρῃ
2745 5507 2945 5575 ἐκείνῃ
2981 5508 3235 5576 θήσομαι
3262 5506 3403 5571 τοὺς
3435 5507 3794 5576 χιλιάρχους

3279 5703 3325 5755 ⁶⁰,
3356 5704 3456 5757 lsa.
3497 5719 3605 5771 LIV,
3636 5705 3687 5769 2,
3738 5703 3795 5756 5.
