4026 6276
303 331 412 386 ⁶ὶ15

1121 323 1673 383 COMMENTARIUS
1713 327 1779 383 IN
1821 321 2230 380 ZACIIARIAM
2267 320 2714 378 PROPIIETAM.

3463 327 3569 384 2M

315 446 516 502 ’Ῑούδα
546 448 627 514 ὠς
665 446 850 501 δαλὸν
886 447 1074 515 πυρὸς
1103 445 1174 500 ἐν
1212 447 1444 515 ξύλοις,
1479 449 1575 502 καί
1620 449 1700 516 ὡς
1733 451 1883 517 λαμ-

1989 452 2178 498 torrem
2210 443 2344 514 ignis
2376 443 2430 496 in
2463 441 2644 510 lignis,
2699 449 2746 494 et
2792 441 2924 494 sicut
2972 439 3269 510 lampadem
3331 443 3466 514 ignis
3517 449 3570 500 in

305 535 471 592 πὰδα
539 537 725 606 πυρὸς
784 535 852 588 ἐν
931 535 1204 605 καλάμῃ,
1299 537 1745 608 καταφάγω-ται
1819 539 1888 592 ἐκ

307 627 526 694 δεξιῶν
579 627 674 681 καὶ
721 626 788 694 ἐξ
840 627 1162 698 εὐωνύμων
1229 627 1462 694 πάντας
1515 629 1656 695 τοὺς
1697 629 1888 696 λαοὺς

311 720 626 774 κυκλόθεν.

383 813 452 876 ιιν.
493 811 817 882 Χιλιάρχους
839 809 941 882 μὲν
973 811 1163 878 Ἰούδα,
1194 812 1448 884 καθάπερ
1469 812 1569 885 ἤδη
1603 815 1888 884 προεῖπον,

313 899 436 964 τοὺς
467 900 654 968 ἁγίους
691 902 1044 966 ἀποστόλους,
1081 903 1114 974 ἢ
1147 904 1239 958 καὶ
1265 904 1512 983 ἅπαντας
1543 905 1732 971 ἁπλῶς
1763 907 1889 970 τοὺς

310 991 414 1044 τῶν
445 991 614 1060 ἁγίων
663 995 1002 1066 Ἐκκλησιῶν
1042 997 1382 1068 ἡγουμένους
1436 998 1719 1053 ἀποκαλεῖ.
1749 999 1892 1052 Κατ-

305 1083 697 1156 ευμεγεθήσειν
741 1104 799 1138 τε
850 1081 1124 1158 οὕτωτῆς
1166 1088 1274 1144 τῶν
1323 1089 1492 1145 ἐθνῶν
1544 1089 1771 1162 καρδίας
1799 1089 1891 1146 τὸν

305 1173 434 1243 παρ’
460 1173 645 1230 αὐτῶν
675 1175 780 1248 ἔφη
809 1177 988 1246 λόγον,
1021 1179 1190 1248 ἤγουν
1235 1180 1333 1252 τὴν
1379 1185 1786 1254 μυσταγωγίαν,
1815 1185 1892 1250 ὡς

299 1260 480 1318 δοκεῖν
509 1264 669 1320 δαλὸν
703 1267 800 1338 μὲν
836 1267 1014 1334 ξύλοις
1053 1271 1498 1340 ἐμπεπτωκέναι,
1525 1274 1788 1345 λαμπάδα.
1827 1293 1890 1344 γε

304 1353 415 1424 μὴν
459 1356 540 1418 εἰς
585 1357 838 1429 καλάμην
884 1359 983 1431 τὴν
1028 1359 1497 1434 εὐκατάπρηστον.
1559 1385 1577 1416 ι
1627 1367 1890 1436 Καταφά-

301 1460 493 1512 γονται
521 1446 649 1517 γὰρ,
679 1449 834 1519 φησὶ,
866 1449 1082 1522 πάντας,
1107 1453 1234 1515 τοὺς
1265 1453 1427 1518 λαοὺς
1463 1457 1527 1508 ἐκ
1572 1455 1763 1521 δεξιῶν
1796 1457 1890 1510 καὶ

299 1533 361 1598 ἐξ
394 1535 691 1608 εὐωνύμων
741 1539 1022 1619 κυκλόθεν,
1059 1560 1077 1594 θ
1109 1542 1386 1598 τουτέστιν
1430 1536 1600 1616 οὗπερ
1631 1545 1696 1602 ἂν
1749 1535 1887 1602 ἰέναι

301 1623 619 1694 βούλωνται,
653 1627 830 1699 πάντη
875 1646 934 1682 τε
987 1630 1081 1684 καὶ
1131 1632 1348 1696 πάντως
1401 1635 1516 1687 ἐκεῖ
1544 1633 1882 1706 δυνήσονται,

299 1714 591 1780 καλοῦντες
623 1719 700 1783 εἰς
733 1719 1009 1792 αἴσθησιν,
1043 1723 1157 1791 καὶ,
1188 1719 1300 1778 οἷον
1343 1727 1477 1798 πυρὶ
1509 1727 1587 1798 τῷ
1633 1726 1762 1800 θείῳ
1791 1728 1888 1783 καὶ

295 1806 496 1878 νοητῷ,
526 1809 968 1876 καταθάλποντες
1013 1815 1140 1878 τοὺς
1169 1816 1612 1889 ἀπεψυγμένους.
1657 1819 1804 1892 Ἔφη
1835 1839 1887 1875 τι

297 1899 538 1956 τοιοῦτον
577 1903 606 1956 ὁ
654 1903 762 1958 τῶν
808 1905 946 1960 ὅλων
973 1907 1125 1974 Θεὸς,
1161 1909 1256 1962 καὶ
1307 1909 1442 1980 πρὸς
1474 1909 1566 1964 τὸν
1617 1913 1887 1984 μακάριον

297 1995 587 2064 προφήτην
621 1994 887 2068 Ἱερεμίαν
909 2015 922 2028 ·
957 2016 976 2052 ι
1019 1999 1148 2054 Ἰδοὺ
1172 1999 1383 2054 δέδωκα
1413 2002 1539 2066 τοὺς
1569 2001 1760 2073 λόγους
1783 2021 1886 2074 μου

295 2085 378 2147 είς
397 2083 458 2138 τὺ
492 2085 669 2156 στόμα
698 2104 792 2141 σου
823 2089 956 2162 πῦρ,
990 2090 1082 2146 καὶ
1118 2091 1211 2145 τὸν
1236 2090 1362 2146 λαὸν
1387 2090 1576 2146 τοῦτον
1612 2093 1762 2160 ξύλα,
1794 2095 1888 2150 καὶ

297 2175 676 2250 καταφάγεται
721 2179 939 2244 αὐτοὺς,
975 2200 995 2234 ι
1034 2182 1154 2236 ἀντὶ
1190 2183 1308 2252 τοῦ,
1340 2183 1575 2238 Καλέσει
1618 2185 1754 2256 πρὸς
1802 2185 1888 2238 αἴ-

299 2265 516 2337 σθησιν,
573 2269 668 2325 καὶ
700 2273 1126 2346 ἀπεψυγμένους
1177 2277 1257 2341 είς
1304 2277 1604 2348 ἁμαρτίαν,
1647 2277 1886 2349 θερμοὺς

294 2358 361 2428 δὴ
409 2361 572 2415 πάλιν
611 2364 931 2420 ἀποτελέσει
969 2367 1048 2439 τῷ
1077 2368 1372 2440 πνεύματι.
1420 2369 1756 2439 ’Λπέψυκται
1787 2372 1886 2440 μὲν

295 2452 406 2523 γὰρ
450 2455 482 2524 ή
528 2455 636 2508 τῶν
682 2457 1052 2528 πλανωμένων
1085 2459 1303 2531 καρδία,
1355 2461 1449 2514 καὶ
1478 2461 1668 2532 νεκρὸν
1703 2460 1884 2532 ἔχουσι

293 2545 386 2598 τὸν
437 2545 582 2610 νοῦν,
637 2547 1073 2619 προσκυνοῦντες
1114 2554 1178 2622 τῇ
1231 2551 1404 2606 κτίσει
1459 2552 1610 2622 παρὰ
1647 2552 1740 2606 τὸν
1773 2553 1886 2606 κτί-

296 2652 467 2689 σαντα
511 2637 678 2703 Θεὸν,
729 2639 899 2704 λίθοις
952 2659 1010 2695 τε
1057 2643 1150 2697 καὶ
1205 2643 1383 2710 ξύλοις
1431 2644 1777 2708 ἀνατιθέντες
1823 2645 1884 2699 τὸ

295 2725 480 2790 σέϐας.
526 2728 665 2782 Ἀλλ’
693 2730 747 2783 οῖ
793 2748 856 2799 γε
887 2733 1082 2786 τοιοίδε
1110 2732 1344 2801 ζέοντες,
1387 2735 1462 2798 ὡς
1493 2734 1648 2806 ἔφην,
1687 2737 1878 2790 ἀποτε-

291 2817 516 2872 λοῦνται
543 2819 621 2892 τῷ
651 2822 944 2893 πνεύματι,
993 2825 1184 2895 θερμοὶ
1221 2826 1356 2897 πρὸς
1391 2825 1758 2898 δικαιοσύνην,
1791 2829 1883 2882 καὶ

297 2909 446 2966 καθά
481 2928 646 2984 φησιν
673 2913 702 2965 ὁ
732 2914 1015 2980 Θεσπέσιος
1053 2917 1327 2990 Ἰωάννης,
1360 2937 1378 2970 ι
1408 2918 1686 2990 Πνεύματι
1719 2921 1880 2992 ἁγίῳ,

293 3003 390 3058 καὶ
428 3004 562 3074 πυρὶ
607 3004 685 3074 τῷ
735 3006 910 3078 νοητῷ
957 3007 1331 3087 βαπτίζονται,
1391 3029 1410 3062 ι
1463 3009 1712 3083 καθάπερ
1762 3012 1885 3066 τινὰ

295 3090 563 3160 συρφετὸν
603 3092 849 3163 δαπανᾷν
894 3095 1127 3162 εἰωθότι,
1167 3096 1265 3166 τὴν
1297 3099 1418 3162 ταῖς
1457 3099 1750 3170 ἡμετέραις
1778 3099 1880 3170 ψυ-
1907 3132 1953 3192 C

293 3183 416 3252 χαῖς
439 3181 588 3254 ὲνιζή
600 3201 769 3238 σασαν
811 3185 1105 3258 ἁμαρτίαν,
1134 3189 1229 3242 καὶ
1251 3189 1376 3254 τοὺς
1395 3190 1498 3260 τῆς
1529 3193 1882 3264 φιλοσαρκίας

291 3273 584 3343 ὲκτήκοντι
639 3276 868 3346 ῥύπους.
927 3277 1160 3347 Εἴρηται
1213 3278 1345 3348 γοῦν
1407 3281 1498 3334 καὶ
1550 3282 1637 3337 διὰ
1699 3285 1886 3356 φωνῆς

305 3365 528 3420 Ἡσαΐου
546 3385 559 3398 ·
603 3370 822 3438 «Ἔχεις
846 3369 1126 3439 ἄνθρακας
1165 3371 1354 3442 πυρὸς,
1391 3373 1625 3444 κάθησαι
1653 3375 1742 3428 ἐπ’
1771 3376 1870 3428 αύ-

290 3457 458 3524 τοῦς,
516 3453 660 3512 οὗτοι
711 3458 926 3512 ἔσονταί
989 3477 1072 3513 σοι
1131 3459 1339 3532 βοηθοί.
1399 3482 1418 3514 ι
1475 3465 1584 3518 Καὶ
1635 3466 1743 3536 μὴν
1791 3468 1884 3520 καὶ

291 3548 458 3612 αὐτὸς
474 3547 602 3619 περὶ
617 3549 812 3602 ἑαυτοῦ
854 3567 985 3622 φησι
1006 3569 1019 3583 ο
1061 3572 1078 3604 ι
1121 3553 1228 3606 Καὶ
1258 3554 1537 3624 ἀπεστάλη
1565 3557 1699 3626 πρός
1727 3575 1794 3628 με
1825 3557 1882 3610 ἓν

291 3640 406 3692 τῶν
441 3641 710 3714 Σεραςρὶμ,
755 3643 848 3696 καὶ
875 3645 931 3696 ὲν
956 3646 1021 3715 τῇ
1059 3645 1199 3716 χειρὶ
1233 3640 1376 3716 εἶχεν
1405 3646 1652 3718 ἄνθρακα
1687 3649 1878 3721 πυρὸς,

291 3731 356 3782 ὃν
379 3733 442 3802 τῇ
473 3731 644 3785 λαϐίδι
674 3731 864 3787 ἔλῖαὸεν
892 3733 999 3787 ἀπὸ
1024 3733 1119 3787 τοῦ
1155 3734 1563 3808 θυσιαστηρίου,
1590 3739 1682 3792 καὶ
1708 3741 1883 3810 ἥψατο

293 3822 391 3884 τοῦ
423 3823 688 3894 στόματός
721 3842 842 3896 μου,
877 3827 972 3879 καὶ
1005 3822 1157 3880 εἶπεν
1177 3841 1189 3855 ·
1237 3827 1365 3882 Ἰδοὺ
1395 3828 1551 3882 τοῦτο
1575 3829 1752 3900 ἥψατο
1773 3832 1880 3887 τῶν

293 3913 521 3990 χειλέων
571 3931 686 3984 σου,
723 3918 818 3970 καὶ
865 3917 1058 3986 ἀφελεῖ
1088 3917 1188 3982 τὰς
1238 3919 1467 3990 ἀνομίας
1507 3938 1620 3986 σου,
1651 3923 1744 3976 καὶ
1779 3923 1882 3988 τὰς

291 3989 574 4073 ἁμαρτίας
610 4021 702 4058 σου
740 4006 872 4074 πυρὶ
905 4007 1176 4078 καθαριεῖ,
1249 4025 1270 4061 ι
1305 4009 1555 4080 ἄνθρακά
1590 4029 1713 4079 που,
1741 4015 1882 4068 κατά

292 4112 362 4162 γε
392 4094 454 4147 τὸ
485 4096 651 4160 εἰκὸς,
697 4097 788 4152 τὸν
824 4096 965 4152 θεῖόν
1003 4115 1064 4152 τε
1099 4099 1194 4154 καὶ
1231 4099 1543 4170 ἱερώτατον,
1576 4103 1670 4156 καὶ
1703 4105 1882 4176 ἀμαρ-

289 4188 418 4250 τίας
445 4188 748 4258 ἐκτήκοντα
793 4189 1028 4260 Χριστὸν
1059 4187 1198 4244 εἶναι
1248 4191 1441 4260 λέγων.
1475 4192 1684 4247 Οὐκοῦν
1723 4196 1882 4264 γεγό-

291 4293 422 4330 νασι
469 4278 568 4348 μὲν
609 4279 684 4343 ὡς
713 4279 870 4343 δαλὸς
905 4282 1076 4352 πυρὸς
1111 4283 1190 4346 εἰς
1237 4285 1489 4354 καλάμην
1527 4287 1575 4338 οἱ
1606 4285 1881 4341 θεσπέσιοι

293 4368 562 4440 μαθηταὶ,
591 4371 685 4423 καὶ
711 4372 1018 4442 κατέφαγον
1044 4375 1144 4445 μὲν
1172 4375 1239 4428 τὰ
1269 4376 1396 4446 ἔθνη
1429 4377 1709 4432 κυκλόθεν.
1736 4379 1882 4450 Πλὴν

1989 531 2204 598 stipula,
2236 543 2282 585 et
2310 531 2634 585 devorabam
2663 547 2694 582 ιι
2733 529 2931 583 (taetris
2984 541 3030 583 et
3060 547 3090 584 α
3114 533 3342 587 sinistris
3395 549 3570 588 omnes

1989 623 2208 692 populos
2241 639 2332 692 per
2362 622 2664 680 circuitum.

2061 795 2174 850 XC.
2210 793 2484 852 Tribunos
2513 794 2674 864 Juda,
2707 803 2766 850 ut
2795 805 2922 850 ante
2957 795 3138 861 docui,
3181 806 3398 854 sanctos
3443 815 3574 868 apo-

1990 888 2180 954 stolos,
2215 898 2305 942 aut
2335 889 2502 946 etiam
2530 903 2722 944 omnes
2752 887 3078 958 simpliciter
3119 895 3430 944 sanctarum
3467 891 3570 946 Ec-

1993 980 2280 1036 clesiarnm
2317 982 2636 1052 praepositos
2663 981 2926 1036 neminat.
2967 979 3118 1036 Adeo
3142 991 3324 1036 autem
3355 997 3572 1040 sermo-

1994 1054 2138 1136 nem',
2164 1073 2276 1127 sive
2298 1088 2511 1128 sacram
2541 1073 2840 1129 doctrinam
2879 1072 3118 1142 ipsorum
3167 1074 3438 1130 mentibus
3467 1075 3572 1130 im-

1994 1169 2300 1231 peraturam
2321 1162 2571 1229 afﬁrmat,
2601 1173 2660 1217 ut
2681 1163 2841 1218 torris
2857 1165 2908 1218 in
2931 1164 3094 1234 ligna,
3112 1175 3198 1219 aut
3225 1165 3311 1220 fax
3329 1167 3382 1220 in
3402 1169 3572 1236 stipu-

1995 1253 2098 1308 lam
2136 1271 2256 1324 qua:
2279 1254 2534 1310 facillime
2551 1257 2724 1327 ignem
2743 1256 2999 1326 concipit,
3019 1259 3274 1314 incidisse
3297 1261 3568 1318 videatur.

1999 1365 2018 1398 ι
2061 1346 2406 1402 Devorabunt
2423 1348 2590 1414 enim,
2611 1347 2805 1418 inquit,
2828 1363 3018 1404 omnes
3037 1351 3263 1420 populos
3287 1365 3316 1403 a
3341 1353 3570 1418 dextris,

1991 1446 2046 1492 et
2072 1453 2102 1493 a
2128 1437 2367 1494 sinistris
2401 1439 2453 1494 in
2485 1440 2740 1506 circuitu,
2779 1458 2798 1492 ι
2843 1440 2948 1496 hoc
2978 1448 3085 1506 est,
3128 1457 3449 1514 quocunque
3494 1447 3572 1501 ire

1990 1530 2282 1599 voluerint,
2333 1531 2440 1588 illic
2475 1533 2804 1588 omnimodis
2851 1533 3130 1601 Valcbunt,
3194 1546 3452 1592 vocantes
3505 1537 3571 1589 ad

1992 1622 2346 1691 agnitionem,
2377 1633 2430 1678 et
2457 1633 2714 1693 tanquam
2748 1624 2860 1693 igni
2893 1626 3078 1681 divino
3115 1637 3170 1682 et
3225 1627 3570 1682 intellectuali

1993 1713 2217 1785 frigidos
2251 1715 2651 1772 calefacientes.
2696 1717 2840 1771 Dixit
2874 1717 3130 1786 quiddam
3167 1719 3430 1788 ejusmodi
3487 1729 3568 1775 to-

1919 1801 1961 1854 Β
1993 1805 2099 1860 tius
2135 1815 2340 1861 natura:
2378 1807 2516 1863 Deus
2551 1808 2719 1863 etiam
2759 1809 2919 1864 beato
2947 1811 3227 1879 propinata:
3272 1812 3526 1868 Jeremia:
3557 1832 3570 1868 :

1997 1913 2014 1946 ι
2057 1895 2196 1952 Ecce
2220 1896 2342 1953 dedi
2374 1898 2535 1953 verba
2583 1915 2699 1954 utea
2726 1901 2780 1954 in
2815 1915 2876 1955 os
2909 1910 3058 1956 tuum
3095 1904 3294 1974 ignem,
3327 1914 3380 1960 ct
3405 1921 3576 1975 popu-

1989 1985 2100 2041 lum
2127 1987 2286 2044 istum
2312 1989 2480 2060 ligna,
2509 1991 2868 2048 ctdevorabit
2893 2007 2987 2049 eos
3013 1994 3079 2061 θ’,
3127 2013 3144 2047 ι
3185 2011 3302 2066 pro,
3355 2001 3573 2054 vocabit

1989 2075 2052 2128 ad
2082 2077 2443 2148 agnitionem,
2485 2089 2538 2136 et
2561 2079 2875 2152 frigefactos
2925 2083 2976 2138 in
3033 2097 3314 2154 peccatum
3375 2089 3572 2145 iterum

1989 2167 2179 2238 Spiritu
2209 2169 2510 2227 calefaciet.
2549 2172 2709 2244 Alget
2751 2175 2896 2229 cnim
2963 2179 3269 2232 errantium
3340 2194 3458 2245 cor,
3517 2191 3572 2236 et

1989 2269 2258 2316 mortuam
2293 2261 2496 2319 habent
2527 2274 2782 2332 mentem,
2829 2276 3136 2322 creaturam
3191 2271 3372 2339 potius
3404 2287 3566 2341 quam

1989 2363 2296 2409 creatorem
2368 2356 2534 2411 Deum
2602 2359 2895 2414 adorantes
2927 2359 3012 2427 ⁸³,
3075 2359 3458 2433 lapidibusque
3515 2374 3572 2418 et

1989 2445 2150 2518 lignis
2181 2447 2421 2503 divinum
2460 2449 2659 2504 cultura
2693 2453 3012 2509 tribuentes.
3041 2453 3144 2509 Sed
3173 2457 3326 2520 tales,
3352 2465 3406 2510 ut
3434 2456 3568 2520 disi,

1988 2539 2261 2598 ferventes
2288 2544 2479 2613 spiritu
2511 2544 2901 2614 alliduntur“,
2931 2549 3170 2604 calentes
3187 2549 3254 2602 ad
3278 2549 3566 2618 justitiam,

1985 2643 2062 2700 et,
2103 2643 2161 2687 ut
2187 2635 2362 2706 inquit
2390 2637 2605 2695 divinus
2635 2638 2894 2706 Joannes,
2949 2659 2968 2692 ι
3001 2643 3204 2710 Spiritu
3254 2651 3464 2706 sancto,
3517 2653 3571 2696 ct

1987 2721 2110 2792 igne
2127 2725 2391 2794 spirituali
2416 2727 2829 2798 baptizantur",
2860 2750 2878 2782 ι
2907 2731 3072 2800 778
3089 2731 3178 2802 qui
3200 2745 3297 2785 ceu
3319 2731 3565 2801 quisqui-

1987 2817 2088 2873 lias
2116 2823 2376 2890 quasdam
2411 2825 2698 2881 animabus
2752 2827 2952 2882 nostris
3005 2827 3247 2882 insidens
3284 2837 3566 2897 peccatum

1985 2927 2330 2981 consumere,
2391 2925 2445 2970 et
2493 2916 2683 2972 sordes
2733 2917 3072 2973 carnalitatis
3118 2935 3350 2976 exurere
3409 2921 3562 2976 solet.

1989 3002 2202 3060 Dictum
2235 3017 2318 3061 est
2369 3007 2534 3079 igitur
2580 3019 2634 3063 et
2685 3011 2753 3064 ab
2785 3009 2920 3064 Isaia
2956 3025 2972 3065 :
3011 3027 3032 3063 ι
3067 3011 3243 3067 Habes
3299 3015 3568 3070 carbones

1988 3093 2150 3166 ignis,
2185 3099 2315 3153 sede
2341 3114 2506 3169 super
2521 3113 2634 3166 eos,
2664 3100 2896 3154 bierunt
2919 3101 3011 3153 tibi
3037 3101 3088 3154 in
3116 3101 3563 3170 adjutorium“.i

1988 3186 2128 3253 Quin
2155 3189 2297 3244 idem
2326 3191 2392 3244 de
2422 3205 2480 3244 se
2511 3192 2629 3259 ipso
2657 3209 2670 3244 :
2711 3209 2728 3240 ι
2764 3191 2830 3246 Et
2861 3192 3058 3247 missus
3089 3203 3172 3247 est
3199 3195 3266 3248 ad
3313 3211 3397 3252 me
3431 3213 3570 3250 unus

1988 3279 2053 3333 de
2084 3279 2396 3350 Seraphim,
2430 3290 2484 3337 et
2511 3281 2564 3335 in
2599 3296 2759 3334 manu
2793 3281 3031 3338 habebat
3064 3284 3354 3340 carbonem
3401 3289 3568 3359 ignis,

1987 3383 2148 3438 quem
2176 3369 2382 3442 forcipe
2416 3373 2534 3427 tulit
2571 3374 2637 3428 de
2665 3372 2843 3438 altari,
2881 3382 2934 3430 et
2969 3375 3144 3447 tetigit
3175 3391 3236 3431 os
3268 3393 3468 3456 meum,
3511 3390 3568 3434 et

1987 3460 2123 3514 dixit
2161 3479 2173 3514 :
2206 3461 2346 3518 Ecce
2388 3463 2564 3532 tetigit
2589 3463 2691 3520 hoc
2733 3465 2875 3520 labia
2907 3465 3336 3533 tua,‘etauferet
3365 3469 3566 3540 iniqui-

1990 3563 2129 3608 tates
2159 3559 2300 3620 tuas,
2331 3563 2384 3609 et
2414 3566 2638 3626 peccata
2689 3565 2778 3610 tua
2808 3557 2916 3626 igni
2974 3559 3253 3614 mundabit
3284 3561 3350 3625 ⁸⁷,
3393 3581 3409 3613 ι
3441 3577 3562 3616 car-

1985 3643 2200 3711 bonem,
2229 3655 2290 3699 ut
2310 3647 2606 3704 verisimile
2631 3655 2732 3712 est,
2751 3649 3016 3714 divinum,
3035 3660 3089 3704 et
3110 3652 3565 3718 sacratissimum,

1985 3745 2042 3790 et
2077 3747 2297 3806 peccata
2352 3749 2762 3794 consumentem
2807 3740 2984 3809 ignem
3020 3739 3298 3796 Christum
3337 3755 3457 3796 esse
3487 3743 3570 3796 di-

1985 3839 2136 3881 cens.
2170 3827 2536 3893 Quamobrem
2564 3829 2729 3884 divini
2761 3829 3016 3899 discipuli
3050 3841 3106 3887 ut
3145 3833 3305 3887 torris
3343 3833 3482 3903 ignis
3513 3835 3568 3890 in

1984 3917 2181 3984 stipula
2211 3919 2453 3982 fuerunt,
2482 3930 2536 3975 et
2565 3930 2751 3991 gentes
2785 3924 3000 3992 quidem
3037 3925 3088 3978 in
3118 3925 3348 3979 circuitu
3386 3929 3552 3980 devo-

1987 4017 2205 4074 rarunt;
2238 4021 2612 4066 verumtamen
2649 4029 2756 4068 non
2799 4019 3014 4084 penitus
3051 4017 3424 4085 perdiderunt,
3465 4018 3560 4073 sed

1986 4099 2165 4168 potius
2190 4101 2337 4157 falsae
2373 4104 2424 4158 in
2459 4104 2592 4174 ipsis
2636 4107 2881 4163 scientiae
2915 4109 3239 4164 detestanda
3271 4118 3323 4165 et
3355 4111 3564 4180 impura

1985 4195 2235 4264 dogmata
2294 4197 2670 4263 incenderunt,
2722 4200 3026 4268 veterisque
3081 4199 3308 4254 fallaciae
3375 4202 3566 4255 sordes

1984 4287 2423 4358 absumpserunt,
2451 4299 2505 4343 et
2531 4289 2746 4344 animos
2778 4304 2971 4344 eorum
3021 4291 3114 4360 qui
3170 4291 3342 4345 semel
3391 4291 3567 4345 credi-

1986 4380 2197 4446 derant,
2221 4382 2286 4434 ad
2315 4381 2750 4450 insipientiamet
2777 4381 3135 4436 temeritatem
3168 4381 3424 4451 frigelieri
3451 4396 3568 4436 ant-

291 4461 360 4513 οὐ
397 4460 747 4524 δαπανῶντες
791 4465 870 4525 είς
899 4463 1150 4534 ὄλεθρον,
1185 4467 1621 4536 καταφλέγοντες
1654 4471 1711 4526 δὲ
1747 4472 1881 4540 μᾶλ-

1988 4472 2126 4541 plius
2151 4473 2297 4542 passi
2328 4488 2433 4528 non
2487 4481 2631 4538 sunt,
2690 4482 2747 4527 ut
2805 4473 2860 4527 in
2898 4486 2956 4526 se
3004 4473 3136 4541 ipsis
3202 4473 3567 4541 exsultantes,

290 4555 392 4608 λον
416 4550 514 4621 τῆς
541 4552 599 4604 ὲν
634 4551 816 4615 αὐτοῖς
861 4553 1208 4626 ψευδωνύμου
1237 4558 1490 4626 γνώσεως
1523 4560 1589 4613 τὰ
1621 4561 1794 4630 μιαρά
1823 4581 1880 4617 τε

293 4643 396 4697 καὶ
435 4643 641 4714 βέϐηλα
687 4643 954 4714 δόγματα,
1001 4647 1219 4718 καὶτῆς
1261 4649 1492 4720 ἀρχαίας
1537 4651 1753 4723 ἀπάτης
1788 4656 1880 4710 τὸν

291 4737 472 4807 ῥύπον
525 4739 872 4808 ἐκτήκοντες,
906 4738 1284 4811 ἀποψύχεσθαί
1317 4758 1376 4795 τε
1409 4743 1507 4796 οὐκ
1557 4743 1750 4809 ἐῶντες
1794 4746 1880 4804 ἔτι

299 4830 405 4883 τῶν
437 4829 586 4896 ἅπαξ
629 4833 1074 4886 πεπιστευκότων
1125 4833 1214 4886 τὸν
1262 4833 1386 4888 νοῦν
1435 4835 1570 4906 πρὸς
1618 4837 1877 4909 ἀνοήτους

289 4924 711 4988 εἰκαιοϐουλίας,
743 4924 820 4987 ὡς
836 4923 926 4977 έπί
965 4924 1030 4993 γέ
1078 4941 1258 4993 σφισιν
1290 4927 1474 4990 αὐτοῖς
1503 4927 1876 5001 ἀνασκιρτῶν-

301 5034 397 5079 ra;
423 5017 600 5084 λέγειν
627 5019 766 5089 πρὸς
786 5018 878 5071 τὸν
900 5018 1008 5071 τῶν
1028 5018 1162 5071 ὅλων
1190 5019 1417 5090 Σωτῆρα
1445 5021 1707 5091 Χριστόν·
1733 5042 1750 5074 ι
1778 5023 1879 5078 Πε-

291 5110 623 5178 πυρωμένον
653 5109 714 5161 τὸ
758 5109 937 5176 λόγιόν
977 5127 1068 5164 σου
1120 5111 1342 5181 σφόδρα,
1381 5111 1471 5164 καὶ
1504 5114 1531 5165 ὁ
1563 5112 1750 5176 δοῦλός
1784 5131 1876 5167 σου

295 5201 582 5273 ἠγάπησεν
615 5202 766 5254 αὐτό.
809 5220 828 5253 ι
866 5201 987 5254 Ὀτι
1029 5202 1138 5272 γάρ
1173 5204 1289 5256 ὲστι
1324 5203 1544 5276 θερμὸς,
1579 5205 1672 5258 καὶ
1693 5206 1876 5276 τομώ-

293 5312 460 5358 τατος
485 5297 514 5348 ὁ
542 5294 635 5347 τοῦ
665 5293 798 5348 Θεοῦ
828 5294 1004 5362 λόγος,
1047 5296 1213 5364 σαφὲς
1252 5295 1318 5350 ἂν
1345 5297 1574 5365 γένοιτο,
1608 5297 1744 5369 πρὸς
1785 5299 1879 5351 Ἱε-

297 5386 498 5458 ρεμίαν
529 5387 778 5455 λέγοντος
803 5387 967 5441 αὐτοῦ
987 5404 998 5415 ⁸
1034 5407 1052 5437 ι
1095 5390 1156 5441 Οἱ
1186 5388 1330 5458 λόγοι
1370 5407 1470 5459 μου
1499 5390 1574 5454 ὡς
1608 5389 1718 5460 πῦρ
1750 5389 1878 5458 φλέ-

295 5497 420 5549 γον,
445 5481 586 5548 λέγει
619 5481 842 5549 Κύριος,
887 5482 979 5534 καὶ
1014 5481 1089 5545 ὡς
1124 5481 1290 5547 πέλυξ
1319 5483 1534 5536 κόπτων
1570 5482 1794 5552 πέτραν.
1855 5501 1872 5532 ι

375 5681 417 5712 ⁵³
448 5679 649 5732 ιιι-ι’σηι.
681 5696 717 5744 ι,
749 5680 800 5734 9.

296 5752 355 5810 6.
397 5751 444 5802 7.

527 5751 568 5778 τε
616 5751 751 5805 I‘sal.
784 5767 968 5812 oxvm,
1003 5753 1119 5806 lit).
1199 5754 1241 5785 “9
1277 5753 1476 5808 Jcrem.
1517 5767 1670 5812 wn.
1707 5752 1796 5806 2:).

880 5681 923 5710 ’⁵³
962 5681 1116 5735 Rom.
1153 5683 1308 5749 1,23).
1389 5683 1432 5714 δ’*
1478 5683 1632 5735 ιὶυιιι.
1671 5697 1769 5743 ιιι,
1812 5685 1889 5738 ιι.

1989 4564 2364 4621 universorum
2393 4566 2660 4622 Salvatori
2693 4566 2912 4620 Christo
2956 4564 3239 4620 dicerent:
3279 4585 3298 4618 ι
3337 4565 3565 4638 ignitmn

1985 4651 2258 4724 eloquium
2295 4666 2445 4710 tuum
2483 4659 2854 4723 vehementer,
2881 4664 2936 4712 et.
2981 4670 3170 4712 servus
3218 4667 3341 4710 tuus
3373 4657 3565 4710 dilexit

1986 4743 2117 4802 illud
2159 4747 2226 4802 ⁸³.
2265 4767 2284 4800 ι
2325 4749 2457 4804 Esse
2500 4751 2643 4805 enim
2701 4749 2964 4805 fervidum
3037 4757 3089 4804 et
3141 4749 3208 4803 ad
3261 4748 3560 4801 secandum

1986 4839 2360 4894 acutissimum
2390 4839 2484 4896 Dei
2517 4842 2764 4908 verbum,
2809 4841 3025 4910 planum
3079 4839 3136 4894 lit
3176 4853 3245 4893 ex
3301 4851 3366 4892 eo
3418 4838 3563 4910 qugd

1985 4929 2238 4985 Jeremia:
2269 4931 2399 4987 dicit
2434 4949 2447 4985 :
2485 4950 2504 4985 ι
2541 4930 2715 4986 Verba
2739 4945 2854 4984 mea
2887 4932 3027 4985 sicut.
3051 4928 3188 4999 ignis
3217 4927 3562 4990 comburens,

1986 5032 2040 5077 et
2065 5022 2208 5078 sicut
2239 5025 2448 5080 securis
2471 5025 2717 5079 incidens
2741 5033 2948 5095 petram
2986 5022 3050 5076 ⁸ο.
3085 5040 3102 5071 ι
3137 5021 3232 5076 Est
3262 5019 3407 5070 enim
3440 5032 3562 5085 per-

1987 5130 2151 5182 quam
2189 5117 2414 5171 idoneus
2445 5117 2536 5173 Dei
2571 5133 2752 5173 sermo
2797 5124 2856 5170 ut
2903 5113 3076 5184 possit
3121 5120 3175 5166 et
3231 5110 3372 5179 quod
3402 5107 3571 5179 frige-

1989 5208 2189 5260 t‘aetum
2213 5216 2296 5262 est
2327 5207 2378 5260 in
2402 5219 2622 5276 peccato
2655 5207 3035 5270 reacceudere,
3073 5211 3126 5256 et
3165 5215 3282 5269 qua:
3305 5199 3451 5254 velut
3478 5199 3565 5252 in-

1989 5293 2286 5347 duruerant
2320 5303 2372 5348 et
2407 5303 2682 5348 coarctata
2721 5303 2847 5348 sunt
2889 5308 2990 5344 non
3019 5289 3232 5344 ditiicile
3261 5287 3558 5358 explicare.

1992 5385 2081 5437 Est
2113 5400 2344 5453 namque
2375 5405 2392 5436 ι
2421 5387 2572 5440 vivus
2597 5395 2648 5439 et
2675 5384 2882 5448 eﬂieax,
2915 5391 2966 5436 et
3002 5381 3386 5452 penetrabilior
3413 5381 3562 5435 omni

1987 5479 2163 5548 gladio
2216 5477 2459 5546 ancipiti,
2515 5477 2834 5546 pervenit-ns
2891 5490 3062 5543 usque
3117 5475 3182 5527 ad
3241 5474 3558 5528 divisionem

3273 5673 3314 5701 ⁵⁷
3346 5671 3450 5724 153.
3484 5683 3556 5726 Vir

2009 5685 2049 5708 ’κ
2083 5680 2270 5736 Μαι-ιι.
2307 5695 2389 5744 ιιι,
2418 5678 2500 5731 Η.
2595 5677 2638 5707 σθ
2671 5673 2801 5743 lino,
2832 5675 3028 5730 Ezech.
3061 5690 3111 5742 ν,
3139 5673 3193 5726 ‘2.
