4026 6276
532 390 640 444 215

1519 388 1576 443 S.
1618 387 1884 446 CYRILLI
1921 392 2388 452 ALEXANDRINI
2432 394 2755 452 ARCHIEP.

3659 395 3763 452 916

537 504 730 564 animae
758 512 812 556 ct
839 504 1088 572 spiritus,
1120 503 1474 558 medullarum
1507 520 1742 576 quoque,
1789 517 1844 564 et
1871 524 2090 580 compa-

2206 512 2350 583 Ἔχει
2392 513 2522 584 γὰρ,
2558 515 2653 568 καὶ
2698 514 2844 584 μάλα
2874 513 3212 584 ἐπιτηδείως,
3235 514 3263 564 ὁ
3305 510 3398 565 τοῦ
3433 510 3569 564 Θεοῦ
3613 511 3763 577 λόγος

534 610 680 661 gum,
706 605 760 648 et
794 595 1062 650 discretor
1093 596 1472 665 cogitationum
1501 605 1555 652 et
1586 598 1942 655 intentionum
1974 617 2093 657 cor-

535 684 619 738 dis
649 685 716 738 7°.
758 705 776 737 ι
817 684 1025 739 Dictum
1045 694 1126 740 est
1159 687 1284 740 item
1311 701 1442 742 voce
1469 689 1853 757 prophetarum
1909 692 2089 746 immi-

539 773 680 826 tilms
711 782 766 827 et
818 774 1226 829 contumacibus
1252 773 1456 830 Judaeis
1486 794 1500 828 :
1534 795 1577 856 αι
1627 776 2092 834 Circumcidimini

531 863 644 916 Deo
677 871 875 927 vestro,
907 865 1006 917 viri
1035 864 1259 920 Juda“.
1294 882 1315 917 ι

2192 601 2272 664 είς
2311 618 2376 670 γε
2433 605 2495 657 τὸ
2549 603 2808 658 δύνασθαι
2831 603 2924 657 καὶ
2946 602 3328 673 ἀπεψυγμένον
3358 604 3415 655 ὲν
3448 601 3766 672 ἁμαρτίαις,

2194 693 2655 765 ἀναζωπυρῆσαι·
2705 697 2798 748 καὶ
2844 694 3004 748 οίονεί
3047 711 3164 756 πως
3218 692 3624 762 ἀπεσκληκότα,
3677 692 3765 744 καί

2197 784 2565 854 πεπιλημένον
2592 786 2875 852 διαπτύξαι
2910 785 3129 856 ῥᾳδίως.
3167 784 3277 836 Καὶ
3300 783 3408 852 γάρ
3452 784 3566 835 ἐστι
3601 800 3619 831 ι
3661 781 3764 845 ζῶν

2200 887 2258 922 τε
2280 872 2375 924 καὶ
2399 873 2643 950 ἐνεργὴς,
2673 875 2767 928 καὶ
2791 873 3101 944 τομώτατος
3123 872 3262 941 ὑπὲρ
3285 872 3464 923 πᾶσαν
3494 870 3765 938 μάχαιραν

533 953 802 1023 δίστομον,
830 954 1198 1024 διικνούμενος
1224 971 1283 1006 τε
1315 955 1475 1024 μέχρι
1511 955 1776 1028 μερισμοῦ
1837 956 2011 1026 ψυχῆς
2067 955 2161 1008 καὶ
2200 958 2468 1029 σώματος,
2506 959 2701 1032 ἁρμῶν
2727 980 2786 1016 τε
2815 963 2910 1016 καὶ
2939 961 3171 1031 μυελῶν,
3207 960 3301 1012 καὶ
3330 958 3575 1027 κριτικὸς
3613 958 3766 1010 ἐνθυ-

537 1047 790 1116 μήσεων,
847 1049 940 1101 καὶ
1004 1049 1220 1102 ἐννοιῶν
1284 1049 1527 1118 καρδίας.
1573 1068 1592 1099 ι
1648 1049 1875 1120 Εἴρηται
1920 1049 1977 1101 δέ
2025 1065 2127 1101 που
2179 1052 2273 1104 καὶ
2332 1053 2416 1108 διὰ
2472 1056 2656 1126 φωνῆς
2708 1054 3002 1127 προφητῶν
3075 1054 3210 1125 πρὸς
3269 1052 3360 1105 τὸν
3415 1051 3600 1122 ἀπηνῆ
3670 1052 3765 1104 καὶ

529 1141 791 1206 ἄτεγκτον
834 1139 1113 1192 ἰουδαῖονο
1173 1159 1191 1191 ‹
1250 1139 1567 1210 Τετμήθητε
1618 1139 1694 1208 τῷ
1742 1139 1858 1210 Θεῷ
1914 1139 2086 1210 ὑμῶν,
2127 1138 2317 1211 ἄνδρες
2367 1145 2556 1200 Ἰούδα.
2597 1165 2616 1197 ι

606 1225 750 1282 Vsus
789 1228 841 1284 ’7.
879 1228 948 1282 Et
977 1230 1227 1283 habitabit
1269 1228 1562 1282 Jerusalem
1602 1229 1774 1283 adhuc
1813 1231 1868 1284 in
1911 1239 2093 1284 semeto

533 1320 720 1386 ipsam,
767 1328 812 1374 et
842 1320 1058 1375 salvabt’t
1085 1319 1340 1383 Dominus
1381 1320 1723 1375 tabernacula
1769 1321 1913 1375 Juda
1951 1322 2091 1375 sicut

532 1429 566 1463 a
595 1411 868 1478 principio,
895 1421 947 1464 ut
975 1428 1074 1464 non
1113 1411 1481 1480 magniﬁcetur
1524 1412 1771 1483 gloriatio
1820 1410 2011 1476 David,
2046 1418 2092 1464 et

533 1501 782 1555 elationes
801 1501 1149 1555 habitantium
1183 1501 1480 1556 Jerusalem
1500 1518 1655 1570 super
1676 1501 1710 1556 .l
1717 1502 1896 1556 udam.

591 1674 722 1728 XCI.
750 1674 865 1730 Non
886 1690 1099 1746 semper
1119 1675 1414 1730 Ecclesiam
1437 1674 1749 1729 tumultibus
1768 1674 2093 1742 exagitatum

531 1767 724 1833 iri,nec
737 1769 854 1822 sine
883 1767 1399 1837 ﬁnepersecutiones
1423 1781 1701 1836 passuram
1716 1767 2044 1821 vaticinatur
2079 1785 2093 1821 :

531 1860 626 1915 sed
657 1861 960 1928 quieturam
993 1859 1299 1927 aliquando,
1333 1867 1386 1912 et
1413 1859 1776 1912 habitatorum
1810 1861 1863 1913 in
1890 1868 2096 1914 semet-

530 1951 669 2019 ipsa,
711 1965 804 2006 seu
838 1955 889 2004 in
919 1950 1034 2005 loco
1067 1965 1186 2013 suo,
1218 1951 1321 2005 hoc
1348 1957 1448 2013 est,
1489 1949 1816 2014 seiunctam,
1846 1950 2012 2020 ’179
2042 1960 2096 2005 et

533 2039 1001 2105 solam,turbanle
1056 2039 1289 2106 nemine,
1339 2055 1446 2095 non
1499 2040 1898 2095 tribulationem
1951 2040 2097 2095 exci-

533 2140 703 2196 tante,
751 2146 858 2186 non
897 2140 1158 2186 terrorem
1205 2131 1550 2196 immittente,
1591 2147 1693 2186 non
1738 2132 2096 2186 tentationum

536 2237 800 2278 maerores
843 2222 1217 2278 accumulante
1243 2242 1256 2277 :
1285 2241 1304 2275 ι
1346 2222 1586 2279 Salvabit
1638 2223 1781 2278 enim
1835 2223 2096 2278 Dominus

537 2315 881 2370 tabernacula
930 2315 1095 2381 Juda,
1154 2316 1294 2371 sicut
1347 2331 1377 2370 a
1431 2316 1718 2386 principio.
1774 2334 1792 2367 ι
1824 2314 2098 2372 Ecclesias

534 2425 684 2473 suas,
714 2410 826 2464 sive
862 2409 1199 2464 tabernacula
1252 2423 1351 2464 sua
1393 2411 1490 2463 ita‘
1519 2416 1784 2479 proteget,
1840 2416 1900 2463 ut
1945 2421 2098 2477 teque

536 2516 784 2570 magnam
809 2501 1038 2572 gratiam
1071 2500 1125 2556 in
1157 2514 1249 2556 eas
1279 2500 1538 2565 conferat,
1565 2514 1726 2570 quam
1762 2499 1814 2554 in
1841 2497 2095 2554 lsraelem

532 2590 780 2656 contulit,
809 2606 969 2661 quem
999 2606 1064 2645 ex
1095 2589 1328 2662 IE‘gypto
1372 2589 1644 2645 liberavit.
1695 2589 1896 2644 Eduxit
1951 2589 2095 2645 enim

533 2679 683 2735 illum
720 2701 738 2733 ι
766 2682 970 2738 edomo
997 2681 1296 2746 servitutis,
1317 2690 1371 2737 et
1391 2696 1421 2738 e
1446 2681 1669 2736 fornace
1691 2679 1924 2746 ferrea,»
1957 2681 2100 2735 sicut

532 2777 791 2842 scriptum
820 2783 906 2828 est
941 2773 985 2806 ’ί
1009 2774 1043 2838 ⁸,
1082 2782 1134 2827 et
1169 2786 1199 2826 e
1259 2773 1536 2827 dominatu
1589 2771 1914 2827 intolerabili
1973 2772 2096 2826 uni-

535 2879 812 2919 versorum
844 2865 1004 2928 Deus,
1048 2883 1067 2917 ι
1089 2865 1141 2920 in
1169 2880 1328 2920 manu
1347 2864 1470 2919 forti
1496 2875 1549 2920 et
1588 2864 1642 2918 in
1676 2863 1898 2918 brachio
1920 2862 2100 2919 excel-

536 2972 599 3012 so
633 2957 700 3024 τ’,
735 2975 754 3009 ›
793 2957 1008 3026 quando
1060 2965 1437 3025 persecutores
1494 2956 1613 3029 ejus
1666 2974 1685 3008 ι
1743 2955 2000 3011 demersit
2047 2956 2100 3008 in

533 3047 670 3102 mari
697 3046 900 3113 Rubro,
917 3058 1077 3118 ponto
1092 3048 1369 3116 cooperuit
1383 3063 1496 3114 eos,
1516 3057 1571 3104 et
1587 3048 1984 3104 descenderunt
1996 3048 2103 3103 sic-

2266 1236 2372 1288 Καὶ
2407 1236 2748 1304 κατοικήσει
2803 1234 3189 1305 Ἰερουσαλὴμ
3226 1233 3314 1287 ἐτι
3351 1233 3480 1288 καθ’
3521 1232 3762 1300 ἑαυτὴν,

2199 1327 2294 1379 καί
2328 1326 2512 1381 σώσει
2543 1327 2760 1396 Κύριος
2804 1327 2876 1382 τὰ
2919 1326 3279 1394 σκηνώματα
3325 1323 3541 1388 Ἰούδα,
3574 1324 3761 1389 καθὼς

2199 1416 2298 1471 ἀπ’
2327 1415 2534 1486 ἀρχῆς,
2567 1417 2724 1482 ὅπως
2743 1416 2829 1486 μὴ
2849 1417 3256 1488 μργαλύνηται
3288 1415 3566 1483 καύχημα
3599 1413 3773 1468 οἷκουο

2201 1509 2396 1574 Δαείδ,
2429 1509 2527 1563 καί
2555 1509 2836 1577 ἐπάρσεις
2863 1509 2980 1564 τῶν
3001 1508 3435 1564 κατοικούντων
3477 1507 3765 1573 Ἰερουσα-

2200 1601 2324 1670 λὴμ
2354 1601 2451 1654 ἐπὶ
2478 1601 2585 1655 τὸν
2623 1601 2835 1656 Ἰούδα.

2239 1695 2355 1760 ιιΑκ
2395 1693 2508 1747 Οὐκ
2539 1692 2624 1746 ἀεὶ
2642 1693 2740 1763 τὴν
2790 1691 3114 1761 Ἐκκλησίαν
3151 1690 3207 1742 ὲν
3236 1688 3486 1760 θορύϐοις
3511 1687 3764 1756 γενέσθαι

2203 1783 2390 1853 φησὶν,
2418 1782 2541 1835 οὔτε
2569 1781 2675 1853 μὴν
2713 1781 3098 1852 ἀτελευτήτους
3146 1779 3434 1848 ὑπομεῖναι
3477 1777 3606 1840 τοὺς
3647 1776 3767 1828 διω-

2201 1874 2374 1944 γμούς
2393 1889 2406 1902 ·
2441 1872 2557 1926 ἀλλ’
2586 1872 2884 1942 ἠρεμήσειν
2915 1889 2974 1923 τε
3016 1870 3160 1924 κατά
3186 1869 3430 1939 καιροὺς,
3465 1867 3556 1920 καί
3583 1883 3765 1919 κατοι-

2197 1963 2386 2033 κήσειν
2431 1961 2553 2017 καθ’
2599 1960 2816 2032 ἑαυτὴν,
2865 1960 3110 2013 τουτέστι
3165 1956 3497 2027 καταμόνας,
3547 1957 3647 2008 οὐκ
3686 1957 3770 2008 ὲν-

2196 2050 2472 2122 οχλοῦντός
2500 2067 2674 2113 τινος,
2701 2049 2758 2102 ού
2787 2048 2961 2119 θλίψιν
3014 2047 3326 2115 ἐπάγοντος,
3384 2045 3484 2098 οὐκ
3539 2043 3770 2106 ὲνιέγτος

2196 2142 2449 2214 δεῖμα,ού
2484 2142 2582 2206 τὰς
2611 2142 2718 2194 τῶν
2736 2139 3055 2211 πειρασμῶν
3081 2138 3382 2209 δυσθυμίας
3411 2133 3770 2205 ὲπισωρεύον-

2197 2251 2316 2300 τος·
2356 2253 2375 2287 ι
2411 2234 2580 2288 Σώσει
2607 2233 2714 2302 γάρ
2747 2231 2949 2300 Κύριος
2975 2230 3042 2284 τὰ
3073 2227 3409 2300 σκηνώματα
3447 2227 3638 2290 Ἰούδα,
3675 2242 3770 2278 κα-

2199 2327 2306 2390 θὼς
2354 2325 2446 2378 ἀπ’
2490 2324 2686 2395 ἀρχῆς.
2735 2340 2752 2374 ι
2811 2322 3263 2391 Ὑπερασπιεῖται
3308 2317 3450 2370 οὕτω
3481 2315 3591 2368 τῶν
3629 2315 3771 2368 ἰδίων

2211 2417 2562 2489 Ἐκκλησιῶν,
2589 2416 2708 2486 ήτοι
2741 2413 2846 2468 τῶν
2892 2411 3085 2466 ἑαυτοῦ
3113 2409 3511 2482 σκηνωμάτων,
3549 2407 3624 2470 ὡς
3652 2406 3771 2476 ἴσην

2199 2507 2379 2570 αὐτοῖς
2422 2505 2713 2575 ἀπονέμειν
2762 2503 3017 2574 φροντίδα
3077 2504 3144 2573 τῇ
3202 2501 3368 2556 πάλαι
3423 2497 3770 2568 δεδωρημένῃ

2197 2598 2543 2670 λυτρουμένῳ
2577 2596 2636 2661 ἐξ
2667 2596 2942 2664 Αἰγύπτου
2972 2593 3049 2665 τῷ
3091 2593 3326 2664 Ἰσραήλ.
3374 2590 3642 2660 Ἐξήγαγε
3663 2589 3771 2658 γὰρ

2197 2689 2289 2744 τὸν
2327 2688 2542 2759 Ἰσραὴλ
2573 2706 2591 2739 ι
2627 2687 2684 2753 ἐξ
2714 2685 2864 2739 οἴκου
2894 2684 3156 2749 δουλείας,
3191 2683 3286 2735 καί
3317 2682 3380 2734 ὲκ
3407 2679 3641 2750 καμίνου
3690 2695 3772 2730 σι-

2200 2782 2391 2852 δηρᾶς,
2423 2778 2567 2832 καθά
2592 2779 2919 2848 γέγραπται,
2959 2795 2978 2829 ι
3019 2777 3115 2829 καὶ
3164 2774 3223 2840 ἐξ
3265 2773 3539 2843 ἀφορήτου
3585 2770 3774 2823 πλεον-

2202 2874 2348 2941 εξίας
2375 2875 2404 2927 ό
2437 2875 2545 2928 τῶν
2588 2873 2724 2925 ὅλων
2755 2871 2905 2934 Θεὸς,
2953 2889 2970 2922 t
3007 2870 3064 2923 ἐν
3102 2869 3246 2938 χειρί
3277 2866 3532 2937 κραταιᾷ,
3584 2863 3678 2915 καὶ
3720 2863 3774 2914 ὲν

2204 2967 2447 3038 βραχίονι
2483 2963 2690 3034 ὑψηλῷ,
2732 2979 2752 3014 ι
2786 2963 2874 3016 ὅτε
2904 2960 3031 3024 τοὺς
3057 2957 3348 3020 διώκοντας
3387 2973 3405 3007 ι
3455 2955 3776 3008 κατεπόντι-

2205 3077 2296 3114 σεν
2331 3060 2388 3111 ὲν
2429 3055 2663 3128 Ἐρυθρᾷ
2711 3053 2972 3126 Θαλάσσῃ,
3020 3049 3227 3105 πόντων
3254 3047 3524 3116 ἐκάλυψεν
3557 3045 3773 3109 αὐτοὺς,

538 3148 597 3192 ut
624 3138 894 3208 plumbum
939 3140 990 3194 in
1039 3157 1178 3211 aqua
1211 3141 1539 3208 vehementi,
1579 3151 1635 3196 et
1677 3140 2007 3196 transierunt
2038 3139 2100 3194 li-

2206 3151 2298 3206 καί
2331 3149 2522 3202 ἔδυσαν
2551 3145 2682 3199 ὼσεί
2712 3145 2956 3215 μόλιϐδος
2997 3143 3054 3196 ὲν
3085 3141 3235 3195 ὕδατι
3267 3139 3479 3210 σφοδρῷ
3501 3181 3516 3206 ,
3560 3137 3657 3191 καὶ
3695 3137 3775 3188 δι-

534 3233 706 3288 berati
741 3234 806 3288 ".
850 3252 869 3286 ι
904 3232 1163 3289 Columna
1197 3247 1374 3289 autem
1406 3234 1544 3305 ignis
1572 3248 1664 3289 eos
1689 3241 1850 3289 noctu
1900 3248 2102 3303 praece-

536 3325 671 3379 dens
697 3325 837 3378 viam
862 3325 1132 3395 signabat,
1164 3333 1217 3379 et
1251 3341 1344 3394 per
1369 3325 1509 3380 diem
1537 3326 1708 3381 nubes
1739 3339 1900 3391 supra
1941 3334 2103 3394 caput

539 3417 646 3467 dux
695 3414 1038 3484 impendebat
1062 3414 1130 3468 τι.
1162 3434 1181 3466 ι
1215 3415 1418 3470 Deinde
1439 3431 1632 3484 panem
1663 3415 1731 3470 de
1756 3415 1894 3470 ccelo
1950 3431 2102 3471 com-

540 3508 770 3561 ederunt
811 3507 879 3569 ⁷⁵,
927 3515 980 3560 et
1058 3507 1110 3561 in
1183 3507 1469 3563 solitudine
1528 3522 1739 3562 morsus
1791 3516 2102 3577 serpentum

539 3603 830 3651 evaserunt
861 3597 928 3651 “.
966 3596 1224 3652 Vicerunt
1255 3597 1527 3662 inimicos,
1562 3598 1892 3652 transierunt
1915 3595 2106 3653 Jorda-

537 3703 661 3742 nem
687 3687 754 3754 ’⁷,
783 3688 1086 3743 circumcisi
1115 3698 1260 3755 sunt,
1284 3699 1546 3744 venerunt
1574 3690 1625 3744 in
1648 3698 1846 3745 terram
1876 3687 2105 3758 promis-

537 3775 708 3831 sionis
737 3775 803 3831 ".
837 3775 960 3832 Haec
986 3776 1205 3832 donabit
1228 3777 1474 3834 Christus
1505 3781 1874 3848 quaerentibus
1919 3779 2103 3834 taber-

539 3866 754 3931 nacula,
784 3867 889 3923 hoc
933 3878 1036 3933 est,
1076 3868 1375 3924 Ecclesiam
1416 3870 1539 3922 :sic
1585 3878 1641 3923 et
1694 3869 1823 3936 ipsis
1875 3867 2104 3922 salutem

545 3958 811 4023 restituet,
858 3958 1119 4015 diabolica
1146 3958 1406 4013 servitute
1442 3959 1726 4026 exemptis,
1778 3966 1832 4012 et
1889 3959 2109 4014 damno-

543 4050 692 4105 niaea
746 4050 1112 4105 dominatione
1153 4048 1418 4117 liberatis,
1472 4058 1526 4104 et
1575 4064 1670 4118 per
1726 4049 2108 4106 distractiones

543 4138 700 4212 hujus
733 4140 852 4198 vita:
883 4148 938 4198 et
965 4138 1147 4195 turbas
1196 4137 1386 4193 inanes
1447 4138 1593 4194 velut
1644 4154 1739 4210 per
1793 4154 1943 4194 mare
1999 4149 2108 4194 tra-

541 4237 762 4301 ductis;
830 4234 1136 4289 columnam
1171 4247 1387 4304 quoque
1435 4241 1491 4287 et
1539 4232 1938 4289 ﬁrmamentum
1991 4233 2112 4288 illu-

542 4341 657 4386 stre
695 4328 931 4398 seipsum
981 4325 1086 4380 illis
1123 4325 1174 4380 in
1204 4325 1312 4380 alto
1371 4335 1655 4396 proponet,
1710 4325 2108 4380 illuminantem

542 4427 819 4472 versantes
851 4416 905 4469 in
933 4414 1192 4481 tenebris,
1218 4423 1272 4470 et
1305 4416 1476 4470 instar
1515 4417 1674 4470 nubis
1713 4417 1930 4472 roribus
1971 4429 2108 4485 quos

2207 3237 2572 3307 εϐιϐάσθησαν
2608 3235 2704 3305 μὲν
2724 3236 2772 3287 oi
2799 3231 3212 3304 λελυτρωμένοι.
3236 3249 3255 3283 ›
3287 3229 3486 3292 Στύλος
3508 3229 3565 3281 δὲ
3599 3227 3778 3281 αὐτῶν

2204 3331 2392 3402 ἡγεῖτο
2446 3328 2617 3400 πυρὸς
2663 3325 2762 3397 τὴν
2809 3325 2999 3387 νύκτα,
3044 3321 3446 3376 καταδεικνύων
3496 3320 3597 3390 τὴν
3637 3319 3776 3385 ὁδὸν,

2204 3420 2550 3491 ὲπεκρέματο
2567 3417 2625 3470 δὲ
2652 3417 2745 3469 καὶ
2777 3417 2834 3469 ὲν
2862 3414 3042 3490 ήμέρᾳ
3072 3414 3289 3483 νεφέλη.
3323 3407 3456 3464 Εἶτα
3487 3412 3580 3463 τὸν
3609 3410 3781 3474 ὲξόύ-

2208 3510 2372 3582 ρανοῦ
2430 3508 2847 3578 κατεδηδόκασιν
2904 3506 3100 3574 ἄρτον,
3157 3504 3251 3558 καί
3299 3503 3555 3572 διέφυγον
3604 3504 3662 3554 ἐν
3718 3502 3778 3570 τῇ

2206 3602 2400 3672 ἐρήμῳ
2427 3601 2496 3652 τὰ
2534 3598 2640 3652 τῶν
2683 3597 2859 3667 ὄφεων
2895 3597 3167 3667 δήγματα.
3201 3595 3498 3666 Κρείττους
3525 3589 3664 3664 ἦσαν
3696 3595 3782 3661 ἐχ·

2207 3694 2372 3767 θρῶν,
2411 3691 2825 3762 διεϐιϐάσθησαν
2854 3690 2943 3743 τὸν
2996 3689 3284 3760 Ἰορδάνην,
3333 3685 3782 3758 περιετμήθησαν

2212 3785 2507 3857 μαχαίραις
2539 3782 2834 3853 πετρίναις,
2871 3777 3031 3852 ἦλθον
3058 3782 3135 3844 εἰς
3162 3780 3259 3851 τὴν
3288 3779 3390 3849 γῆν
3419 3779 3519 3847 τῆς
3552 3778 3782 3844 ἐπαγγε-

2206 3877 2340 3940 λίας.
2374 3875 2417 3928 Τ
2421 3874 2562 3930 αὕτα
2589 3877 2859 3945 χαριεῖται
2886 3871 3120 3944 Χριστὸς
3148 3873 3260 3933 τοῖς
3291 3868 3515 3940 ζητοῦσι
3545 3867 3618 3921 τὰ
3647 3884 3784 3937 σκη-

2209 3966 2434 4036 νώματα
2467 3962 2652 4030 αὑτοῦ,
2685 3961 2932 4016 τουτέστι
2965 3960 3063 4032 τὴν
3105 3959 3429 4029 Ἐκκλησίαν
3452 3977 3468 3992 ·
3502 3958 3646 4011 οὓτω
3692 3957 3784 4010 καὶ

2209 4061 2406 4121 αὐτοὺς
2423 4055 2714 4120 ἀνασώσει,
2733 4053 2977 4116 δουλείας
3013 4053 3110 4123 μὲν
3126 4049 3436 4115 ἀπαλλάξας
3447 4051 3546 4120 τῆς
3569 4049 3677 4102 ὑπο
3706 4047 3785 4119 τῷ

2211 4151 2440 4221 διαϐόλῳ
2468 4149 2631 4219 φημὶ,
2651 4149 2744 4200 καὶ
2778 4144 3160 4216 δαιμονιώδους
3206 4143 3518 4209 πλεονεξίας
3563 4141 3783 4209 ἐξελὼν,

2210 4241 2525 4302 διαϐιϐάσας
2540 4239 2597 4292 δὲ
2617 4238 2804 4309 ὥσπερ
2828 4237 2915 4290 διὰ
2931 4237 3202 4306 θαλάσσης
3223 4235 3330 4288 τῶν
3352 4236 3409 4287 ἐν
3425 4233 3564 4304 τῷδε
3589 4232 3666 4302 τῷ
3688 4231 3786 4301 βίῳ

2212 4329 2629 4402 περισπασμῶν,
2673 4327 2766 4380 καί⁵
2803 4326 3010 4397 τύρϐης
3050 4324 3284 4388 εἰκαίας,
3320 4323 3511 4376 στύλον
3564 4323 3642 4385 δὲ,
3693 4321 3788 4374 καί

2215 4422 2491 4494 ἑδραίωμα
2520 4418 2770 4489 λαμπρὸν
2797 4417 2985 4470 ἑαυτὸν
3007 4417 3187 4480 αὐτοῖς
3215 4415 3455 4478 ἀναθεὶς,
3481 4413 3788 4483 φωτίζοντα

545 4509 725 4562 animo
755 4507 1047 4573 cernimus,
1079 4506 1395 4576 irrigantem
1421 4523 1436 4570 ;
1465 4504 1638 4560 lactus
1665 4506 1792 4560 item
1816 4507 1920 4562 illis
1954 4507 2110 4575 panis

2214 4491 2339 4575 τούς
2369 4512 2426 4564 ἐν
2454 4509 2653 4572 σκότει,
2674 4507 2767 4561 καί
2803 4500 3137 4574 οἷα-νεφέλην
3179 4506 3302 4567 ταῖς
3335 4505 3554 4572 νοηταῖς
3585 4501 3790 4569 κατάρ⁸

544 4601 665 4653 vitae
717 4598 1158 4667 serpentiumque
1213 4599 1312 4652 sub
1351 4597 1753 4666 intelligentiam
1800 4598 2106 4652 cadentium

546 4704 758 4745 morsus
802 4687 1097 4744 imbecilles
1126 4697 1181 4744 et
1208 4686 1393 4740 irritos
1418 4684 1642 4751 faciens,
1684 4686 1970 4741 traducens
2017 4702 2112 4756 per

542 4782 851 4846 Jordanem,
879 4788 934 4836 et
957 4779 1370 4835 circumcisione
1398 4776 1621 4846 spiritus
1651 4792 1813 4846 puros
1856 4777 2107 4842 reddens,

544 4882 597 4927 et
643 4873 696 4928 in
746 4887 966 4942 regnum
993 4874 1252 4926 ccelorum
1284 4869 1652 4923 introducens.
1688 4867 1811 4922 Haec
1859 4869 1972 4922 suis
2015 4869 2112 4921 ad-

543 4965 849 5021 oratoribus
875 4964 1153 5032 largietur,
1207 4960 1542 5028 salvabitque
1581 4975 1674 5014 eos
1698 4959 1897 5013 talibus
1920 4959 2112 5022 modis,

551 5077 567 5106 ι
606 5067 662 5110 ut
688 5072 792 5111 non
826 5055 1203 5124 magniﬁcetnr
1239 5052 1488 5121 gloriatio
1508 5051 1702 5106 domus
1727 5051 1913 5114 David,
1958 5069 1976 5101 ›
2016 5053 2116 5105 hoc

545 5144 973 5208 est,Jud:eorum
1023 5142 1336 5211 principes:
1394 5156 1492 5195 nec
1522 5141 1783 5196 elationes
1845 5143 1977 5205 sint,
2020 5156 2111 5194 seu

546 5235 795 5289 elationis
819 5233 1034 5289 occasio
1070 5243 1256 5288 contra
1285 5231 1498 5298 Judam,
1551 5233 1920 5288 habitantibus
1953 5232 2112 5286 Jeru-

547 5327 734 5393 salem,
764 5342 924 5396 quam
961 5342 1152 5383 sensus
1190 5326 1439 5395 percipit,
1500 5335 1554 5380 ct
1595 5333 1931 5380 terrestrem.
1970 5325 2113 5379 Elle-

550 5419 739 5472 rebant
763 5419 960 5487 quippe
990 5435 1072 5484 se,
1099 5429 1154 5474 el.
1185 5419 1435 5487 superbia
1471 5419 1953 5471 tumelmntcantra
1999 5432 2116 5470 cre-

549 5510 736 5563 dentes
773 5509 824 5563 in
860 5511 1156 5577 Christum,
1201 5511 1489 5578 ipsumque
1539 5506 1964 5584 Emmanuelem,
2020 5521 2117 5574 per

616 5713 662 5744 ⁷ο
691 5712 853 5768 ΙΙιιῠν.
894 5731 962 5776 ιν,
998 5715 1076 5769 12.

587 5783 639 5838 2.
714 5785 759 5815 ⁷⁵
799 5785 965 5840 Exod.
1018 5800 1122 5843 sn.
1165 5784 1242 5838 l5.
1322 5782 1365 5810 ⁷⁸
1410 5782 1561 5834 Νυιη.
1599 5779 1854 5835 “1.6-9.

1155 5713 1198 5742 ⁷·
1232 5713 1427 5766 lcrem.
1459 5725 1530 5770 Iv,
1565 5710 1612 5760 εἰ.
1696 5711 1761 5738 ⁷¹⁴
1798 5709 1944 5760 Dent.
1979 5724 2050 5767 tv,
2083 5708 2170 5762 ‘20.
2248 5708 2292 5738 τ’
2327 5707 2476 5758 Οιιιιι.
2521 5721 2568 5770 v,
2607 5705 2690 5756 l5.

2217 4607 2372 4659 δοντα
2389 4603 2614 4672 δρόσοις·
2635 4597 2870 4668 γεγονὼς
2885 4598 2939 4651 δὲ
2967 4598 3146 4661 αὐτοῖς
3164 4597 3253 4650 καὶ
3271 4596 3434 4666 ἄρτος
3451 4594 3594 4662 ζωῆς
3612 4595 3789 4662 ἄπρα-

2219 4697 2323 4749 κτά
2344 4713 2404 4746 τε
2433 4694 2526 4746 καὶ
2553 4691 2754 4762 ἀδρανῆ
2787 4689 2855 4743 τὰ
2897 4688 3007 4741 τῶν
3034 4688 3237 4757 νοητῶν
3281 4686 3458 4756 ὄφεων
3501 4683 3792 4749 ἀποδείξας

2219 4787 2490 4857 δήγματα,
2523 4783 2620 4835 καὶ
2648 4779 2962 4842 διαϐιϐάσας
2989 4777 3080 4830 τὸν
3121 4775 3409 4846 Ἰορδάνην,
3452 4774 3548 4827 καὶ
3595 4775 3660 4842 τῇ
3700 4769 3792 4825 διὰ

2215 4877 2524 4946 πνεύματος
2558 4875 2826 4944 περιτομῇ
2868 4871 3142 4940 καθαροὺς
3169 4866 3508 4936 ἀποφαίνων,
3540 4860 3791 4930 εἰσκομί-

2215 4969 2321 5031 ζων
2354 4966 2408 5017 δὲ
2443 4963 2536 5016 καὶ
2573 4964 2651 5025 εἰς
2688 4961 2962 5030 βασιλείαν
2996 4956 3258 5027 οὐρανῶν.
3292 4955 3478 5008 Ταῦτα
3519 4955 3796 5024 χαριεῖται

2213 5061 2325 5118 τοῖς
2359 5056 2508 5118 ἰδίοις
2540 5055 2958 5124 προσκυνηταῖς,
2986 5048 3241 5102 διασώσει
3275 5065 3333 5100 τε
3384 5045 3584 5108 αὐτοὺς
3645 5043 3797 5098 κατὰ

2214 5146 2452 5200 τοιούσδε
2504 5144 2656 5205 τινὰς
2708 5143 2959 5212 τρόπους,
3010 5158 3027 5190 ‹
3079 5140 3226 5200 ὅπως
3287 5137 3360 5205 μὴ
3419 5133 3795 5204 μεγαλύνηται

2219 5237 2479 5307 καύχημα
2509 5235 2654 5286 οἴκου
2690 5233 2870 5298 Δαϐἰδ,
2908 5251 2926 5283 ι
2964 5229 3258 5289 τουτέστιν,
3294 5227 3341 5278 οἱ
3376 5224 3483 5277 τῶν
3528 5223 3800 5276 Ἰουδαίων

2218 5328 2535 5399 ἡγούμενον
2573 5325 2706 5394 μήτε
2760 5324 2864 5394 μὴν
2895 5322 3152 5391 ὲπάρσεις
3181 5315 3288 5370 εἷεν
3314 5317 3480 5386 ἤγουν
3504 5316 3798 5384 ὲπάρσεως

2219 5417 2463 5486 ἀφορμαὶ
2506 5418 2614 5476 τοῖς
2662 5413 3005 5467 κατοικοῦσιν
3055 5409 3409 5480 Ἰερουσαλὴμ
3463 5407 3563 5478 τὴν
3603 5405 3801 5474 αἰσθη-

2217 5508 2336 5577 τὴν,
2386 5506 2479 5558 καὶ
2517 5505 2754 5572 ἐπίγειον
2786 5504 2925 5556 κατὰ
2970 5502 3063 5554 τοῦ
3113 5501 3295 5553 Ἰούδα.
3346 5499 3642 5568 Ἐφρόνουν
3694 5495 3800 5567 μὲν

2768 5707 2811 5736 ⁷³
2842 5706 3009 5760 Exul.
3043 5721 3128 5769 xv,
3171 5703 3283 5757 ‘24.
3389 5702 3433 5732 7‘
3458 5701 3629 5756 Exod.
3665 5715 3808 5769 xm,

1937 5780 1974 5807 ⁷⁷
2007 5776 2164 5833 lesue
2194 5794 2272 5843 ιιι,
2311 5777 2489 5829 li-l‘l.
2569 5777 2614 5810 ⁷⁸
2644 5773 2803 5830 Josuc
2833 5793 2879 5843 ν,
2924 5776 3040 5830 ρνὶξ.
