4026 6276
354 381 453 438 217

1165 382 1712 443 COMMENTARIUS
1751 386 1815 442 IN
1857 385 2255 444 ZACllAlllAll
2295 392 2740 450 PROPHETAM.

3483 388 3591 443 9.!8

356 497 466 566 γὰρ
513 495 742 566 μεγάλα,
784 496 874 550 καὶ
908 500 1288 568 κατωφρύοντο
1337 501 1456 554 λίαν
1484 502 1591 555 τῶν
1636 521 1953 563 πεπιστευ-,

2041 506 2204 561 llosen
2235 513 2504 566 veteribus
2530 510 2781 564 muniﬁce
2831 507 3028 562 collata
3085 497 3246 562 totks
3300 505 3592 574 iactantes,

361 588 534 640 κὸτων
555 590 630 650 είς
647 587 896 658 Χριστὸν,
922 589 1013 641 καὶ
1035 589 1198 643 αὑτοῦ
1226 591 1281 643 δὲ
1301 592 1392 644 τοῦ
1420 594 1475 646 Ἐ
1484 595 1786 666 μμανουὴλ,
1807 596 1920 650 ἄνω

359 695 420 732 τε
459 680 550 733 καὶ
587 679 730 732 κάτω
767 679 835 732 τὰ
871 678 957 733 διὰ
991 681 1235 744 Μωσέως
1278 685 1388 746 τοῖς
1416 686 1661 756 ἀρχαίοις
1687 686 1922 757 δεδωρη-

366 771 499 841 μένα
545 770 927 840 προτείνοντες,
981 773 1075 824 καὶ
1120 775 1218 843 τὴν
1267 779 1378 838 τοῖς
1427 778 1694 847 πατράσιν
1745 778 1922 830 αὐτῶν

363 861 750 931 ὶκνεμηθεῖσαν
773 863 937 929 φειδὼ
960 865 1359 935 προϊσχόμενοι.
1381 867 1489 919 Καὶ
1506 867 1637 934 γοῦν
1663 868 1921 935 ἔφασκον,

362 951 488 1003 ποτὲ
521 953 652 1019 μέν’
687 969 706 1001 ι
757 951 823 1003 Τί
853 947 946 1006 οὖν
985 955 1158 1015 ποιεῖς
1197 955 1260 1006 σὺ
1291 959 1532 1025 σημεῖον,
1581 957 1668 1009 ἵνα
1702 957 1920 1026 ἴδωμεν,

362 1040 452 1094 καὶ
489 1040 906 1111 πιστε·ύσωμεν;
945 1042 997 1094 τί
1032 1044 1096 1096 σὺ
1126 1044 1368 1116 ἐργάζῃ;
1397 1047 1459 1100 Οἱ
1493 1048 1736 1115 Πατέρες
1766 1047 1923 1117 ἡμῶν

356 1128 558 1198 ἔφαγον
594 1129 655 1182 τὸ
686 1132 858 1201 μάννα
885 1132 942 1184 ἐν
973 1135 1038 1202 τῇ
1085 1133 1296 1203 ἐρήμῳ,
1325 1135 1506 1199 καθώς
1533 1138 1649 1190 ἐστι
1675 1153 1925 1208 γεγραμ-

361 1219 544 1290 μένον,
563 1222 762 1290 Ἀρτον
782 1223 846 1274 ὲκ
869 1220 960 1274 τοῦ
991 1222 1220 1292 οὐρανοῦ
1249 1223 1444 1276 ἔδωκεν
1474 1226 1655 1288 αὐτοῖς
1679 1229 1922 1293 φαγεῖν»

359 1311 491 1363 ποτὲ
526 1310 583 1363 δὲ
614 1311 676 1380 δή
701 1326 716 1340 °
750 1331 767 1362 ς
819 1312 1006 1380 Ἡμεῖς
1044 1311 1265 1382 οἴδαμεν
1293 1315 1374 1365 ὅτι
1409 1315 1598 1366 Μωσεῖ
1635 1315 1930 1384 λελάληκεν

359 1403 392 1456 ὁ
420 1401 576 1465 Θεὸς,
621 1401 810 1454 τοῦτον
835 1403 889 1456 δὲ
911 1403 1008 1454 οὐκ
1036 1403 1254 1473 οἴδαμεν
1295 1405 1456 1457 πόθεν
1495 1407 1629 1460 ἐστί.
1665 1425 1686 1455 ι
1724 1407 1929 1472 Τερατ-

361 1492 622 1561 ουργήσει
655 1490 717 1559 δὴ
745 1485 855 1555 οὖν,
911 1493 1093 1559 φησὶν,
1135 1493 1263 1561 ἡμῖν
1298 1495 1332 1544 ὁ
1355 1495 1462 1544 τῶν
1500 1494 1634 1546 ὅλων
1672 1493 1824 1556 Θεὸς,
1879 1495 1927 1546 εί

360 1581 459 1632 καὶ
490 1579 564 1648 μὴ
592 1580 864 1648 ἐμφανῶς,
896 1579 1142 1648 καθάπερ
1174 1581 1366 1648 ἀμέλει
1392 1581 1484 1633 καὶ
1512 1581 1656 1645 τότε,
1699 1580 1812 1632 ἀλλ’
1837 1577 1928 1634 οὖν

362 1669 586 1740 νοητῶς,
629 1665 772 1720 οὕτω
800 1685 859 1720 τε
883 1670 1030 1738 ἡμᾶς
1055 1668 1326 1722 άνασώσει
1366 1672 1488 1734 τοὺς
1535 1673 1593 1723 ὲν
1635 1672 1748 1734 τοῖς
1779 1671 1930 1735 ἰδίοις

363 1757 734 1828 σκηνώμασιν,
765 1757 852 1809 ἵνα
894 1756 967 1827 μὴ
1000 1757 1138 1826 μέγα
1180 1758 1418 1826 φρονῶσι
1450 1759 1569 1812 καθ’
1596 1758 1752 1828 ἡμῶν
1807 1759 1931 1812 ’1ου-

359 1850 514 1912 δαῖοι,
567 1848 734 1918 ἤγουν
777 1849 825 1900 οἱ
877 1848 1005 1916 παρ’
1039 1849 1224 1910 αὐτοῖς
1270 1848 1582 1918 ἡγούμενοι.
1615 1849 1795 1903 Ταυτδ
1825 1849 1932 1921 γὰρ
1964 1853 2006 1908 Β

361 1936 510 2009 οἶμαι
540 1939 732 2009 δηλοῦν
769 1958 787 1990 t
819 1939 881 1991 τὸ
905 1939 1164 2010 καύχημα
1191 1938 1283 1991 τοῦ
1318 1940 1467 1992 οἴκου
1499 1939 1680 1992 Δαϐίδ.
1731 1959 1749 1992 ι

432 2029 539 2080 Kal
572 2028 743 2082 ἔσται
773 2029 843 2082 ἐν
877 2028 952 2097 τῇ
983 2029 1173 2097 ἡμέρᾳ
1200 2030 1787 2098 ἐκείνῃ,ὺπερασπιεῐ
1815 2033 1923 2086 Κύ-

355 2136 484 2186 ριος
509 2119 661 2186 ὑπὲρ
702 2117 822 2172 τῶν
853 2121 1289 2172 κατοικούντων
1349 2120 1759 2190 Ἰερουσαλήμ.
1818 2122 1930 2175 Kal

360 2212 529 2264 ἔσται
553 2213 586 2263 ὁ
613 2210 888 2265 ἀσθενῶν
916 2211 985 2263 ἐν
1014 2211 1218 2276 αὐτοῖς
1240 2213 1310 2264 ἐν
1333 2212 1531 2281 ἐκείνῃ
1550 2213 1628 2282 ¹τῇ
1648 2215 1834 2282 ἡμέρᾳ
1854 2217 1932 2282 ὠς

361 2297 526 2366 οἶκος
562 2301 756 2365 Δαϐὶδ,
785 2303 817 2354 ὁ
846 2300 914 2352 δὲ
934 2297 1100 2364 οἶκος
1122 2300 1318 2363 Δαϐὶδ,
1357 2302 1436 2366 ὠς
1464 2297 1628 2367 οἶκος
1659 2302 1827 2368 Θεοῦ,
1853 2304 1933 2369 ὡς

362 2390 614 2460 ἄγγελος
643 2388 866 2458 Κυρίου
894 2389 1149 2443 ἐνώπιον·
1183 2389 1399 2444 αὐτῶν.

433 2481 546 2547 L_B'.
595 2500 611 2532 t
667 2481 854 2550 Ὅπλῳ
888 2481 985 2550 μὲν
1037 2482 1181 2550 ἡμᾶς
1236 2481 1481 2544 εὐδοκίας
1506 2483 1934 2552 ἐστεφάνωσενὸ

360 2571 494 2633 Θεὺς
525 2571 616 2623 καὶ
662 2572 869 2641 Πατήρ.
913 2590 932 2622 ›
966 2571 1172 2624 Δέδωκε
1204 2570 1314 2640 γάρ
1343 2573 1474 2641 ἡμῖν
1500 2572 1590 2625 τὸν
1621 2573 1750 2627 ἴδιον
1784 2573 1929 2638 Υἱὸν,

362 2661 761 2732 προασπιστὴν,
797 2662 890 2712 καὶ
920 2660 1221 2730 πρόμαχον,
1256 2661 1323 2713 δι’
1372 2653 1432 2714 οὗ
1463 2663 1556 2716 καὶ
1587 2663 1930 2734 σεσώσμεθα,

364 2746 565 2808 παντὸς
601 2746 698 2814 μὲν
734 2746 967 2809 εὐκόλως
991 2747 1352 2811 διεκδύνοντες
1400 2750 1728 2821 πειρασμοῦ,
1770 2751 1932 2805 πολέ-

368 2853 469 2905 μου
515 2837 571 2888 δὲ
617 2837 710 2889 τοῦ
761 2838 887 2907 παρ’
916 2838 1143 2908 ἐχθρῶν,
1190 2840 1286 2892 καὶ
1338 2841 1437 2910 τῆς
1474 2841 1581 2894 τῶν
1631 2843 1933 2896 διωκόντων

365 2929 683 3000 σκαιότητος
720 2929 1138 2998 κατευμεγεθείν
1160 2931 1428 2994 εἰωθότες.
1475 2933 1613 2985 Ἀλλ’
1646 2933 1704 2987 ἐν
1730 2951 1793 3001 γε
1823 2937 1934 2996 τοῖς

366 3019 744 3089 προκειμένοις
770 3019 1021 3090 δηλοῦται
1048 3023 1146 3092 μέν
1173 3041 1224 3076 τι
1247 3023 1505 3086 τοιοῦτον,
1530 3023 1670 3093 πλὴν
1698 3025 1934 3095 ἀσαφείᾳ

363 3108 535 3178 πολλῇ
575 3112 1034 3179 κατεσκιασμένον
1082 3111 1172 3163 τὸν
1203 3111 1356 3178 λόγον
1393 3111 1489 3163 ἴδοι
1529 3129 1611 3175 τις
1651 3113 1737 3166 ἄν.
1789 3113 1932 3182 Ἔφη

367 3201 468 3270 μὲν
507 3200 614 3269 γὰρ
665 3202 1023 3270 ύπερασπιεῖν
1053 3203 1082 3254 ὁ
1127 3202 1234 3253 τῶν
1268 3203 1403 3254 ὅλων
1442 3203 1572 3264 Θεὸς
1614 3205 1720 3254 τῶν
1762 3220 1937 3255 κατοιο

365 3292 996 3363 κούντωνίερουσαλὴμ,
1028 3293 1124 3344 καὶ
1147 3293 1268 3361 οὐχὶ
1295 3293 1358 3362 δὴ
1398 3293 1594 3361 μᾶλλον
1621 3293 1730 3346 τῶν
1756 3310 1942 3358 παροι-

367 3381 603 3436 κούντων
630 3381 818 3451 αὐτὴν.
855 3382 963 3432 Καὶ
995 3383 1194 3433 νοεῖται
1224 3381 1321 3450 μὲν
1357 3382 1800 3451 ὁμολογουμένως
1846 3383 1941 3434 ’ἰε-

371 3473 649 3543 ρουσαλὴμ
677 3473 732 3524 ὲν
755 3471 962 3534 τούτοις
992 3473 1024 3541 ὴ
1069 3471 1361 3542 Ἐκκλησία
1392 3473 1646 3541 Χριστοῦ.
1683 3474 1941 3542 Παροικεῖ

365 3564 424 3617 δὲ
452 3563 618 3633 αὐτὴν
642 3565 670 3615 ὁ
702 3564 774 3632 μὴ
804 3561 921 3615 λίαν
950 3561 1216 3632 ἀσφαλὴς,
1250 3562 1638 3632 σεσαλευμένος
1667 3563 1724 3614 δὲ
1749 3562 1936 3633 ὥσπερ

370 3654 465 3705 καὶ
496 3653 848 3721 εὐπάροιστος
879 3652 1095 3722 κομιδῇ,
1131 3649 1267 3721 πρὸς
1293 3652 1353 3703 τὸ
1398 3651 1472 3721 μὴ
1522 3651 1643 3721 ἕχον
1665 3652 1862 3722 ὀρθῶς,
1902 3653 1936 3721 ἢ

370 3746 468 3796 καὶ»
495 3743 667 3807 ἄλλως
696 3743 935 3815 ῥᾴθυμος
973 3745 1054 3806 είς
1098 3743 1475 3813 φιλομάθειαν..
1503 3745 1762 3796 Κατοικεῖ
1788 3744 1845 3795 δὲ
1875 3740 1939 3797 αὖ

367 3837 396 3885 ὁ
426 3832 689 3902 βεϐηκὼς,
740 3833 834 3885 καὶ
883 3833 1271 3903 ἐρηρεισμένος
1318 3834 1396 3895 εἰς
1437 3833 1659 3903 ἀγάπην
1698 3833 1797 3904 τὴν
1851 3834 1944 3886 ἐπὶ

368 3923 606 3994 Χριστῷ,
633 3926 726 3976 καὶ
747 3926 864 3986 ταῖς
890 3925 952 3975 ὲκ
972 3924 1079 3976 τῶν
1107 3923 1265 3976 θείων
1292 3924 1628 3993 μαθημάτων
1653 3924 1943 3991 ὠφελείαις

370 4015 458 4069 ἀεὶ
487 4014 899 4085 προσκείμενος,
933 4014 1072 4066 ὥστε
1101 4013 1366 4067 δύνασθαι
1407 4013 1587 4081 λέγειν
1623 4014 1710 4067 διὰ
1761 4015 1944 4083 φωνῆς

369 4104 462 4158 τοῦ
505 4105 696 4158 Δαὸίδ·
743 4124 760 4156 t
807 4106 894 4168 Ὠς
943 4105 1146 4172 γλυκέα
1167 4105 1244 4175 τῷ
1272 4104 1507 4175 λάρυγγί
1552 4122 1654 4174 μου
1692 4105 1762 4157 τὰ
1792 4104 1946 4172 λόγιά

374 4219 468 4254 σου
489 4204 511 4256 ί·
557 4202 698 4270 ὑπὲρ
748 4201 889 4270 μέλι,
933 4202 1028 4254 καὶ
1073 4201 1265 4270 κηρίον
1299 4200 1376 4270 τῷ
1421 4198 1648 4270 στόματί
1704 4217 1824 4269 μου.
1873 4229 1948 4240 --

383 4294 743 4362 ’Υπερασπιεί
789 4292 988 4357 τοίνυν,
1039 4292 1194 4361 φησὶ,
1233 4291 1340 4344 τῶν
1385 4291 1804 4352 κατοικούντων,
1852 4289 1946 4343 καὶ

372 4387 524 4439 ἔσται
541 4388 567 4437 ὁ
583 4382 821 4436 ἀσθενῶν
847 4383 1097 4445 ὲναῦτοῖς
1108 4383 1165 4434 ὲν
1181 4384 1247 4452 τῇ
1269 4383 1450 4452 ἡμέρᾳ
1477 4382 1680 4453 ἐκείνῃ,
1699 4381 1774 4442 ὡς
1799 4377 1947 4442 οἶκος

2025 608 2080 651 et
2112 601 2360 654 tributam
2394 605 2640 670 patribus
2692 601 2931 670 ipsorum
2983 597 3369 664 indulgentiam
3404 597 3596 651 obten-

2028 693 2234 746 tlenlcs.
2265 694 2440 758 Quare
2469 692 2738 754 dicebant,
2777 704 2918 744 nunc
2950 688 3166 756 quidem
3195 704 3208 740 :
3246 706 3263 738 t
3306 687 3458 752 Quod
3490 686 3592 755 igi-

2028 792 2116 835 tur
2144 783 2352 851 signum
2399 792 2453 836 tu
2500 780 2651 844 facis,
2703 790 2762 833 ut
2815 779 3111 842 videmnus,
3164 785 3218 830 et
3265 775 3596 829 credamus?

2030 874 2454 941 quidopcraris?
2503 872 2690 926 Patres
2717 871 2883 926 nostri
2917 869 3265 922 comederunt
3302 881 3496 919 manna
3541 867 3594 918 in

2032 966 2264 1030 deserto,
2289 965 2426 1018 sicut
2464 965 2721 1032 scriptum
2755 971 2860 1025 est,
2911 961 3108 1014 Panem
3143 960 3207 1012 de
3234 957 3397 1026 780
3457 957 3598 1010 etnlo

2034 1055 2177 1109 dedit
2209 1055 2286 1108 eis
2332 1056 2652 1109 manducare
2683 1055 2768 1120 7°;
2816 1071 2834 1104 ι
2878 1068 3019 1105 nunc
3047 1065 3174 1104 vero
3213 1067 3227 1104 :
3264 1068 3281 1100 ι
3321 1047 3428 1102 Nos
3486 1047 3596 1101 sci-

2034 1163 2153 1199 mus
2177 1147 2300 1214 quia
2336 1145 2468 1199 Mosi
2514 1146 2725 1199 loeutus
2753 1153 2837 1198 est
2881 1145 3041 1207 Deus,
3075 1142 3218 1194 hunc
3268 1149 3449 1192 autem
3506 1151 3599 1190 ne-

2035 1238 2237 1291 scimus
2267 1236 2407 1292 unde
2429 1237 2496 1290 sit
2516 1237 2559 1266 ⁸⁰
2575 1277 2586 1289 .
2602 1255 2618 1287 ι
2643 1234 2819 1302 lnquit
2838 1235 3000 1304 igitur
3020 1249 3035 1286 :
3057 1231 3242 1286 Faciet
3263 1230 3418 1285 vobis
3436 1229 3600 1283 mira-

2034 1329 2161 1383 bilia
2195 1330 2566 1384 universorum
2594 1331 2756 1392 Dens,
2785 1329 2883 1382 etsi
2954 1342 3062 1381 non
3107 1325 3415 1384 manifeste,
3465 1336 3598 1390 quo-

2035 1421 2194 1474 modo
2243 1419 2489 1474 videlicet
2526 1419 2676 1482 olim,
2729 1419 2821 1472 sed
2873 1428 3048 1471 tamen
3115 1431 3232 1485 quae
3294 1413 3604 1468 intellectus

2035 1509 2234 1574 videat,
2261 1517 2315 1564 et
2337 1509 2416 1563 sic
2457 1523 2550 1561 vos
2586 1507 2818 1560 salvabit
2852 1507 2942 1574 qui
2970 1506 3101 1559 estis
3173 1505 3226 1556 in
3271 1501 3386 1570 ejus
3421 1501 3603 1553 taber-

2037 1601 2265 1664 naculis,
2304 1614 2370 1654 ne
2403 1599 2698 1668 glorientur
2728 1609 2914 1650 contra
2960 1611 3058 1650 vos
3107 1594 3297 1656 Judzei,
3350 1593 3463 1648 sive
3509 1591 3602 1658 qui

2037 1709 2222 1750 eormn
2264 1691 2626 1764 gubernacula
2677 1697 2876 1745 tenent.
2913 1691 3057 1743 Idem
3116 1701 3350 1755 namque
3411 1683 3604 1753 opinor

2040 1784 2344 1854 signiﬁcare
2377 1801 2395 1834 ι
2427 1781 2800 1849 gloriationem
2826 1782 3017 1835 domus
3043 1777 3232 1832 David.
3275 1796 3295 1830 ι

2106 2044 2266 2098 Vens.
2289 2043 2342 2096 8.
2387 2041 2448 2094 Et
2474 2042 2574 2094 erit
2597 2041 2648 2092 in
2671 2039 2754 2092 die
2780 2037 2896 2102 illa,
2923 2045 3150 2105 proteget
3177 2031 3431 2086 Dominus
3455 2047 3610 2098 super

2034 2133 2312 2187 incolentes
2339 2130 2654 2184 Jerusalem.
2683 2127 2745 2180 Et
2766 2127 2862 2180 erit
2915 2124 3005 2195 qui
3031 2187 3039 2196 ⁸
3071 2123 3373 2191 inﬁrmatur
3419 2119 3476 2172 in
3532 2119 3610 2170 eis

2033 2225 2125 2277 illa
2151 2225 2235 2277 die
2263 2233 2317 2276 ut
2347 2221 2533 2275 domus
2562 2219 2750 2282 David,
2775 2217 2959 2270 domus
2992 2222 3169 2268 autem
3200 2212 3389 2275 David,
3426 2217 3481 2262 ut
3513 2209 3610 2260 do-

2033 2333 2148 2370 mus
2169 2314 2284 2378 Dei,
2313 2322 2366 2366 ut
2393 2311 2608 2383 angelus
2642 2308 2848 2362 Domini
2879 2307 2936 2360 iu
2958 2315 3234 2374 conspectu
3267 2317 3469 2356 eorum.

2106 2485 2265 2542 XCII.
2303 2503 2323 2536 ι
2356 2482 2534 2537 Armis
2562 2482 2716 2537 bonae
2747 2479 3042 2534 voluntatis
3061 2491 3174 2534 sua:
3205 2481 3485 2532 coronam
3509 2487 3606 2528 eos

2038 2581 2178 2635 Deus
2209 2587 2260 2634 et
2290 2577 2449 2631 Pater
2476 2573 2547 2630 ⁸⁸.
2579 2593 2596 2626 ι
2637 2573 2790 2628 Dedit
2817 2573 2962 2628 enim
2995 2572 3150 2626 nobis
3197 2570 3393 2623 Filium
3447 2583 3606 2622 suum

2037 2670 2371 2727 defensorem
2415 2676 2468 2721 et
2511 2667 3060 2734 antesignanum,per
3107 2675 3266 2728 quem
3319 2669 3372 2713 et
3414 2658 3613 2710 salvali

2035 2777 2239 2824 sumus,
2295 2775 2358 2813 ex
2412 2758 2557 2812 omni
2600 2756 2894 2811 tentatione
2947 2752 3104 2806 facile
3155 2757 3517 2818 emergentes,
3559 2756 3614 2801 et

2035 2869 2066 2906 a
2123 2851 2264 2906 bello
2315 2851 2507 2918 quovis
2564 2845 2789 2908 hostili,
2848 2852 2904 2897 et
2953 2857 2982 2895 a
3046 2839 3479 2911 persequentium
3529 2838 3612 2891 fu-

2039 2957 2158 2997 iore
2207 2954 2420 3010 semper
2476 2937 2679 2992 invicti.
2733 2935 2800 2991 Et
2853 2933 3033 2988 verbis
3081 2931 3292 3001 quidem
3365 2930 3612 2999 proposi-

2041 3034 2106 3088 tis
2159 3031 2261 3084 tale
2315 3027 2566 3098 quiddam
2621 3025 2906 3087 indicatur,
2941 3037 3058 3090 qua:
3108 3029 3287 3073 tamen
3318 3018 3482 3070 multa
3518 3016 3614 3069 ob-

2037 3121 2298 3176 scuritate
2352 3117 2589 3172 involuta
2645 3117 2848 3169 videas.
2900 3115 2990 3166 Ait
3032 3114 3200 3175 enim,
3233 3109 3611 3162 universorum

2038 3213 2208 3266 Deum
2259 3217 2632 3279 protecturum
2698 3203 2995 3259 incolentes
3032 3200 3360 3262 Jerusalem,
3407 3207 3460 3251 at
3510 3215 3612 3251 uou

2042 3303 2219 3373 potius
2254 3299 2559 3354 accolentes
2596 3312 2734 3350 eam.
2791 3296 2854 3347 Et
2907 3293 3204 3349 Jerusalem
3259 3290 3472 3360 quidem
3515 3290 3616 3342 hue

2043 3395 2157 3448 loco
2203 3393 2321 3447 sine
2379 3389 2744 3443 controversia
2788 3386 3030 3441 Ecclesia
3095 3383 3302 3438 Christi
3363 3381 3614 3449 intellig-,2-

2045 3495 2150 3538 tur.
2179 3481 2583 3536 Accolitautem
2619 3477 2761 3531 illam
2821 3492 2924 3530 non
2978 3474 3135 3528 Valde
3189 3481 3334 3526 tutus
3378 3480 3432 3526 et
3458 3485 3614 3524 secu-

2043 3589 2154 3637 rus,
2174 3572 2265 3628 sed
2283 3571 2434 3640 quasi
2466 3570 2697 3637 agitatus
2720 3566 2991 3630 ﬂuctibus,
3014 3574 3066 3618 et
3085 3565 3426 3618 velaettietttcr
3447 3560 3616 3614 mobi—

2047 3667 2110 3719 lis
2135 3665 2198 3718 ad
2223 3663 2443 3725 malum,
2481 3670 2573 3713 aut
2604 3660 2805 3728 alioqui
2843 3659 2987 3710 iners
3038 3657 3104 3708 ad
3153 3654 3488 3708 discendum.
3529 3649 3614 3702 ln-

2044 3758 2172 3813 colit
2222 3756 2358 3808 ﬁxus
2397 3761 2451 3807 et
2488 3751 2732 3805 ﬁrmatus
2780 3750 2832 3802 in
2875 3747 3140 3802 citaritate
3165 3759 3289 3813 erga
3319 3743 3616 3802 Christum,

2042 3855 2094 3901 et
2135 3843 2462 3899 utilitatibus
2520 3857 2587 3895 ex
2633 3841 2876 3894 doctrina
2940 3836 3118 3890 divina
3173 3831 3618 3902 promanantibus

2044 3951 2259 4005 semper
2302 3934 2548 3998 deditus,
2624 3940 2682 3984 ut
2750 3929 2934 3982 dicere
2978 3925 3144 3994 possit
3190 3939 3311 3978 cum
3369 3923 3614 3976 Davide:

2049 4048 2069 4081 ‹
2109 4029 2276 4094 Quam
2319 4024 2498 4078 dulcia
2564 4021 2809 4075 faucibus
2848 4018 2982 4071 meis
3012 4016 3220 4084 eloquia
3271 4015 3394 4069 tua!
3455 4029 3618 4082 Super

2045 4119 2152 4175 mel
2175 4129 2226 4173 et
2266 4119 2446 4171 favum
2492 4115 2572 4168 ori
2623 4127 2741 4166 meo
2771 4112 2836 4164 θ’.
2876 4130 2893 4163 ι
2925 4109 3102 4176 quuit
3133 4121 3264 4175 ergo
3298 4119 3312 4158 :
3353 4123 3370 4154 ι
3431 4105 3618 4157 Prote-

2047 4221 2135 4280 get
2167 4209 2485 4273 incolentes,
2507 4214 2561 4260 et
2593 4204 2699 4258 erit
2724 4203 3035 4256 inﬁrmatus
3072 4200 3211 4252 inter
3258 4199 3401 4265 ipsos
3453 4196 3504 4246 in
3532 4195 3620 4247 die

2048 4301 2138 4352 illa
2161 4300 2305 4353 sicut
2331 4299 2520 4351 domus
2561 4293 2750 4346 David.
2793 4310 2811 4342 ι
2859 4291 3083 4342 Domum
3136 4287 3300 4340 David
3347 4286 3433 4338 hic
3481 4283 3619 4351 apud

2048 4389 2260 4445 Judzeos
2289 4384 2739 4442 Itonoratissimos
2769 4380 2949 4435 vocari
2989 4378 3301 4432 asserit-ms.
3357 4376 3432 4428 De
3480 4376 3619 4427 tribu

377 4474 554 4527 Δαϐίδ.
608 4493 624 4522 ι
659 4473 771 4525 Καὶ
803 4468 949 4525 οἷκον
994 4474 1088 4542 μὲν
1117 4471 1213 4524 τοῦ
1248 4472 1410 4525 Δαϐὶδ
1445 4474 1500 4524 ὲν
1552 4473 1785 4535 τούτοις,
1820 4473 1945 4534 τοὺς

2047 4483 2188 4537 enim
2214 4479 2349 4534 Juda
2373 4493 2437 4532 ex
2473 4476 2623 4530 Jesse
2681 4483 2734 4528 et
2790 4471 2986 4526 Davide
3011 4468 3297 4538 progeniti,
3327 4466 3620 4534 aliquando

378 4562 529 4630 παρὰ
561 4561 826 4622 Ἰουδαίοις
843 4563 1234 4630 ὲντιμωτάτους
1253 4562 1568 4631 ὠνομάσθαι
1590 4562 1783 4631 φαμέν.
1816 4563 1947 4614 ’Λπὸ

376 4655 486 4724 γὰρ
522 4654 619 4722 τῆς
666 4652 833 4705 ’ἰούδα
860 4651 1029 4722 φυλῆς
1060 4652 1122 4717 ἐξ
1167 4652 1382 4716 Ἰεσσαὶ,
1424 4653 1517 4705 καὶ
1559 4652 1722 4705 Δαϐὶδ
1765 4653 1948 4705 ἐϐασί-

375 4750 530 4801 λευον
574 4746 712 4800 κατὰ
760 4744 982 4815 καιροὺς
1027 4745 1084 4796 ἐν
1134 4747 1247 4808 τοῖς
1303 4744 1708 4814 Ἰεροσολύμοις.
1763 4745 1948 4798 Ἀσθε-

378 4840 572 4894 νοῦντα
617 4839 673 4892 δέ
719 4854 883 4908 φησιν
941 4839 1002 4888 ὲκ
1050 4835 1155 4888 τῶν
1202 4835 1595 4889 κατοικούντων
1641 4836 1738 4906 τὴν
1787 4836 1947 4904 ἁγίαν

377 4931 551 4995 πόλιν,
582 4931 682 5000 τὴν
725 4929 919 4998 νοητὴν
959 4927 1332 4998 Ἰερουσαλὴμ,
1368 4928 1488 4998 ἥτις
1541 4927 1688 4980 ἐστὶν
1735 4929 1767 4996 ἡ
1827 4928 1947 4979 Ἐκ-

377 5021 596 5092 κλησία,
637 5019 778 5089 τάχα
820 5036 921 5070 που
957 5017 1050 5070 τὸν
1102 5018 1179 5070 ἔτι
1226 5017 1648 5088 κατηχούμενον,
1699 5018 1753 5080 ὃς
1797 5017 1948 5070 οὔπω

380 5114 759 5182 βεεάπτισται,
793 5113 939 5165 νοσεῖ
976 5111 1030 5162 δὲ
1063 5110 1248 5180 ὥσπερ
1303 5111 1381 5162 ’ἑτι
1425 5110 1500 5179 τῷ
1544 5113 1644 5180 τῆς
1679 5110 1948 5179 ἁμαρτίας

380 5205 585 5276 φορτίῳ
616 5203 1072 5272 κατηχθεσμένος,
1122 5201 1350 5254 καὶτῶν
1386 5203 1624 5271 ἀρχαίων
1669 5203 1949 5272 ἀρρωστη-

383 5297 588 5365 μάτων,
637 5297 802 5364 ἧγουν
854 5292 1039 5346 παθῶν
1083 5293 1183 5345 οὐκ
1218 5293 1576 5362 ἀπήλλακται.
1641 5293 1799 5345 Ἀλλὰ
1857 5293 1950 5343 καὶ

383 5390 554 5451 οὕτως
593 5387 750 5456 ἔχων,
779 5387 858 5439 ὅτι
883 5385 944 5454 δὴ
982 5386 1138 5455 μόνον
1165 5385 1514 5450 πεπίστευκε,
1541 5385 1634 5437 καὶ
1663 5385 1760 5453 τῆς
1797 5401 1950 5450 νομι-

384 5481 486 5548 κῆς
518 5481 728 5556 ἀπέστη
760 5480 937 5540 σκιᾶς,
970 5478 1061 5530 καὶ
1096 5476 1430 5528 διανένευκεν
1457 5477 1590 5538 ὅλως
1629 5475 1720 5527 ἐπὶ
1748 5475 1808 5526 τὸ
1835 5474 1951 5525 ἑλέ-

389 5572 509 5631 σθαι
556 5568 791 5641 πληροῦν
835 5569 929 5638 τὴν
976 5571 1031 5621 ὲν
1066 5566 1332 5638 πνεύματι
1399 5566 1692 5630 πολιτείαν,
1733 5565 1826 5617 καὶ
1855 5565 1951 5633 τῆς

459 5743 501 5774 ⁷⁵
529 5743 683 5804 .lean.
710 5759 786 5811 vr,
818 5747 908 5800 '50.
981 5746 1024 5779 ⁸ο
1057 5745 1211 5802 Joan.
1243 5760 1314 5810 lx,
1346 5745 1435 5799 2‘).

2053 4569 2440 4640 Ilierosolymis
2473 4575 2790 4638 regnarunt.
2831 4564 3164 4618 Inﬁrmatmn
3197 4570 3373 4613 atttem
3417 4575 3479 4610 ex
3537 4558 3618 4609 in-

2053 4662 2351 4716 cidentibus
2378 4665 2619 4713 sanctam
2648 4655 2941 4718 civitatem,
2991 4651 3404 4707 intellectualem
3457 4646 3617 4700 Jeru-

2052 4753 2238 4816 salem,
2271 4765 2388 4820 qua:
2436 4757 2520 4803 est
2568 4745 2829 4809 Ecclesia,
2870 4743 3116 4797 fortassis
3141 4742 3318 4795 adhuc
3354 4739 3618 4793 catechu-

2054 4860 2268 4899 menntn
2302 4842 2454 4905 dicit,
2497 4839 2587 4908 qui
2623 4853 2781 4892 sacro
2819 4836 2965 4889 fonte
2991 4835 3223 4889 nondum
3276 4831 3512 4891 ablutus,
3565 4835 3620 4880 et

2055 4934 2452 5004 quodammodo
2483 4931 2655 4982 adhuc
2683 4929 2886 4997 peccati
2930 4941 3094 4980 onere
3139 4931 3390 4991 gravatus
3446 4933 3619 4984 aegro-

2057 5035 2154 5088 tat,
2185 5025 2566 5089 vetcribusque
2592 5021 2793 5074 morbis
2836 5019 2948 5071 sive
2985 5014 3211 5068 turbidis
3238 5008 3400 5063 animi
3429 5008 3622 5059 motio-

2057 5118 2214 5170 nibus
2273 5116 2502 5168 necdum
2587 5122 2763 5165 vacat.
2808 5110 2912 5163 Sed
2961 5105 3206 5174 quamvis
3262 5103 3312 5154 in
3355 5102 3454 5153 hoc
3509 5109 3621 5152 sta-

2049 5216 2103 5259 tu
2153 5220 2419 5269 versans,
2477 5203 2729 5271 quoniam
2792 5209 2971 5251 tamen
3036 5196 3260 5248 credidit
3315 5191 3620 5251 duntaxat,

2048 5297 2207 5365 781
2245 5305 2294 5348 et
2337 5294 2404 5347 ab
2433 5293 2619 5345 umbra
2650 5293 2784 5360 legis
2815 5288 3056 5348 recessit,
3093 5293 3143 5338 et
3169 5283 3376 5351 penitus
3403 5283 3467 5333 ad
3503 5281 3625 5334 vita:

2048 5386 2342 5453 Spiritualis
2378 5385 2682 5436 institutum
2713 5378 3088 5443 excolendum,
3122 5385 3175 5428 ct
3209 5377 3325 5428 vitt‘c
3367 5374 3421 5428 in
3464 5373 3622 5426 Chri-

2049 5487 2132 5529 sto
2190 5476 2352 5528 decus
2406 5471 2694 5525 dcclinavit
2726 5509 2740 5531 ,
2801 5487 2819 5519 (
2857 5468 3006 5530 Erit,
3055 5466 3265 5536 inqttit,
3330 5473 3386 5516 ut
3434 5463 3624 5515 domus

2049 5564 2237 5629 David,
2276 5587 2292 5613 ν
2346 5563 2446 5614 hoe
2493 5571 2597 5625 est,
2645 5559 2773 5614 nulli
2825 5557 2959 5627 apud
3012 5557 3228 5612 Judmos
3273 5551 3499 5622 sapienti
3572 5557 3627 5602 ct
3694 5550 3701 5556 ’

1515 5745 1555 5775 δι
1592 5742 1731 5798 Psal.
1765 5741 1927 5809 v,-15.
2000 5741 2045 5771 ⁸²
2073 5737 2212 5794 Psal.
2243 5751 2430 5804 eum,
2466 5735 2585 5791 105.
