4026 6276
477 342 583 399 2i9

1465 338 1523 395 S.
1566 339 1842 395 CYRIIJJ
1886 339 2349 394 ALEXANDRINI
2387 339 2704 395 ARCHIEP.

3611 344 3719 402 .220

477 456 870 526 spectatissimo
898 455 1251 524 intelligentia
1284 454 1460 510 cedet.
1486 457 1758 523 Ejusmodi
1789 458 2042 527 quiddam

2153 458 2210 511 ἐν
2238 457 2458 528 Χριστῷ
2489 458 2634 528 ζωῆς
2661 456 2728 510 τά
2763 455 3072 527 αὐχήματα,
3117 473 3136 507 ι
3172 454 3385 524 Ἔσται,
3427 457 3607 526 φησιν,
3647 461 3713 525 ὡς

477 559 531 603 et
559 547 988 618 sapientissimus
1029 547 1242 613 Paulus,
1293 549 1517 617 populos
1545 548 1850 604 Judteorutn
1910 549 2046 604 allo-

476 653 670 708 qnens,
704 639 963 693 insinuat.
1007 638 1099 692 Sic
1133 640 1274 693 enim
1308 639 1423 694 ait:
1463 658 1479 691 ι
1513 639 1646 694 Cum
1676 641 1818 696 enim
1860 650 2046 711 gentes

476 743 596 796 quae
639 727 809 797 legem
866 743 970 781 non
1011 727 1230 793 habent,
1281 729 1600 784 naturaliter
1641 743 1702 783 ea
1750 745 1868 799 qua:
1913 730 2046 798 legis

474 829 600 870 sunt
625 815 850 881 faciunt,
882 817 1053 886 legem
1082 833 1187 870 non
1222 818 1500 878 habentes,
1535 817 1637 887 ipsi
1663 818 1764 872 sibi
1793 827 1918 873 sunt
1939 817 2042 882 lex,

474 907 565 975 qui
628 906 918 959 ostendunt
966 920 1100 973 Opus
1149 906 1281 974 legis
1343 908 1605 976 scriptum
1677 907 1730 960 in
1793 909 2045 961 cordibus

476 996 588 1050 suis
611 995 675 1048 ³³.
709 1013 725 1046 ι
755 993 818 1047 Ει
853 996 1044 1047 iterum
1073 1012 1087 1048 :
1124 1012 1142 1045 ι
1182 994 1536 1050 Cirrumeisio
1565 995 1780 1063 quidem
1805 997 2041 1065 prodest,

477 1088 521 1140 si
554 1086 720 1156 legem
747 1086 1007 1140 observes
1039 1103 1052 1138 :
1087 1085 1130 1140 si
1163 1095 1339 1140 autem
1369 1087 1755 1156 praevaricator
1781 1086 1912 1156 legis
1945 1088 2040 1152 sis,

477 1177 818 1231 circumcisio
844 1186 931 1228 tua
963 1176 1283 1246 prreputium
1320 1176 1464 1229 facta
1501 1184 1600 1230 est.
1633 1175 1686 1228 Si
1717 1176 1878 1245 igitur
1906 1191 2044 1244 pra:-

478 1268 682 1337 putiunt
722 1267 962 1336 justitias
1008 1268 1140 1336 legis
1190 1267 1476 1331 custodiat,
1517 1282 1695 1321 nonne
1725 1267 2040 1336 praeputium

477 1358 618 1411 illius
651 1358 702 1410 in
749 1357 1212 1412 oircumcisiouem
1267 1356 1643 1424 reputabitur?
1677 1366 1730 1410 et
1760 1355 2040 1426 iudicabit,

474 1445 527 1500 id
553 1447 694 1515 quod
726 1463 790 1499 ex
833 1456 1020 1498 natura
1069 1454 1151 1498 est
1182 1446 1527 1513 praeputium,
1574 1445 1743 1514 legem
1789 1461 2042 1499 consum-

475 1552 649 1604 tnans,
699 1551 822 1589 eum
876 1536 963 1604 qui
1023 1550 1118 1603 per
1165 1535 1396 1588 litteram
1478 1545 1532 1588 et
1578 1534 2040 1589 circutucisionem

475 1629 856 1695 praevaricator
893 1625 1026 1694 legis
1060 1624 1180 1678 est?
1209 1623 1322 1678 Non
1352 1614 1495 1678 enim
1523 1625 1612 1694 qui
1641 1625 1692 1677 in
1733 1625 2018 1680 manifesto

469 1714 684 1771 Judzens
735 1725 836 1781 est,
879 1731 1052 1786 neque
1111 1730 1233 1785 quae
1283 1715 1334 1768 in
1381 1715 1689 1779 manifesto,
1751 1715 1802 1768 iu
1853 1731 2037 1780 Carne,

471 1807 812 1862 circumcisio
854 1815 936 1861 est
969 1830 979 1860 :
1006 1807 1099 1860 sed
1136 1807 1224 1873 qui
1253 1807 1304 1858 in
1351 1805 1666 1860 abscondito
1696 1805 1909 1860 Juda‘us
1935 1815 2040 1870 est,

470 1905 525 1951 et
563 1897 905 1952 circumcisio
939 1897 1118 1950 cordis
1164 1897 1217 1948 in
1263 1895 1476 1962 spiritu,
1509 1909 1612 1946 non
1656 1894 1854 1957 littera,
1888 1895 2042 1962 cujus

471 1989 586 2042 laus
616 2003 720 2042 non
749 2001 817 2041 ex
849 1984 1179 2047 hominibus,
1210 1985 1302 2038 sed
1329 1997 1394 2036 ex
1425 1984 1531 2038 Deo
1551 1983 1620 2037 ⁸⁸.
1662 2003 1680 2036 ι
1718 1983 1844 2054 [Qui
1880 1985 2042 2054 igitur

469 2074 942 2132 circumcisionem
988 2073 1039 2128 in
1079 2088 1246 2129 carne
1299 2083 1357 2126 ut
1392 2072 1690 2128 obsoletam
1763 2082 2042 2128 aversatus

469 2165 800 2234 spiritualem
830 2164 1006 2234 potius
1025 2157 1247 2229 amabit,
1275 2173 1326 2218 et
1350 2162 1588 2217 Judaeum
1614 2164 1702 2233 qui
1742 2165 1794 2218 in
1831 2166 2043 2218 Occulto

467 2252 943 2319 est,cireumleret,
983 2271 1001 2304 ι
1031 2251 1188 2321 cujus
1225 2252 1340 2307 laus
1366 2261 1449 2306 est
1481 2266 1584 2306 non
1608 2267 1673 2307 ex
1710 2252 2040 2316 hominibus,

469 2345 562 2399 sed
591 2359 655 2398 ex
687 2345 817 2407 Deo,
848 2343 979 2414 i(l)]
1004 2344 1270 2411 quomodo
1301 2358 1404 2396 non
1430 2352 1668 2412 prmstal,
1703 2359 1823 2396 cum
1847 2345 2042 2398 virtute

468 2436 600 2505 legis
642 2435 850 2500 doctos,
890 2445 945 2511 et
995 2435 1086 2505 qui
1141 2436 1285 2489 inter
1325 2434 1542 2489 Judteos
1590 2436 1872 2505 przeeipuze
1916 2448 2042 2491 sunt

466 2527 906 2591 existimationis,
953 2527 1314 2596 superaverit,
1345 2528 1593 2596 quamvis
1627 2526 1860 2582 fortasse
1892 2528 2041 2581 inlir-

467 2619 670 2674 unitatis
713 2619 987 2687 reliquias,
1035 2628 1093 2674 ut
1149 2618 1384 2673 nondum
1435 2619 1764 2688 baptizatus,
1811 2619 2040 2673 habeat?

469 2709 624 2762 l'arte
662 2709 807 2764 enim
852 2709 1033 2763 cordis
1063 2710 1144 2763 sui
1181 2724 1335 2774 sana,
1386 2709 1486 2763 hoc
1523 2719 1608 2762 est
1652 2709 1778 2775 (ide,
1828 2709 2041 2763 dill‘eret

470 2799 653 2867 utique
683 2800 751 2854 ab
785 2815 871 2865 eo,
901 2800 990 2868 qui
1024 2800 1180 2855 [idem
1213 2799 1482 2869 repudiat.
1513 2799 1665 2864 Quod
1697 2801 1740 2854 si
1773 2799 2038 2868 quispiam

470 2889 538 2943 de
565 2889 724 2944 domo
752 2890 938 2955 David,
991 2890 1094 2945 hoc
1124 2902 1228 2956 εει,
1279 2891 1344 2944 de
1372 2890 1672 2945 illustribus
1723 2898 1777 2945 ct
1814 2891 2043 2947 honora«

472 2979 692 3034 tissimis
721 2983 861 3048 apud
901 2981 1047 3050 ipsos
1089 2981 1246 3036 ﬁdem
1288 2981 1610 3050 susceperit,
1641 2991 1694 3036 et
1727 2982 2036 3052 mysterium

2147 550 2176 601 6
2222 544 2368 611 οἶκος
2413 549 2596 612 Δαϐὶδ,
2641 567 2659 598 ι
2701 548 2942 601 τουτέστι
2992 548 3112 601 κατ’
3165 547 3320 601 οὐδὲν
3369 547 3606 604 ἐλάττων
3644 554 3714 616 εἰς

2151 639 2364 692 σύνεσιν
2391 638 2485 692 τοῦ
2516 639 2679 708 σοφοῦ
2709 657 2769 692 τε
2805 640 2901 692 καὶ
2955 638 3306 709 ἐντιμοτάτου
3344 640 3494 709 παρά
3521 657 3584 708 γε
3612 645 3716 706 τοῖς

2159 730 2446 792 Ἰουδαίοις.
2478 729 2878 784 ’Υπαινίττεταί
2896 748 2949 782 τι
2977 730 3214 784 τοιοῦτον
3242 731 3335 784 καὶ
3363 732 3394 782 6
3414 731 3716 800 σοφώτατος

2147 819 2377 885 Παῦλος,
2399 821 2510 884 τοῖς
2551 819 2818 872 Ἰουδαίων
2842 819 3034 889 δήμοις
3065 819 3402 890 προσλαλῶν.
3440 821 3581 890 Ἔφη
3612 823 3714 891 γὰρ

2146 908 2352 972 οὕτως·
2385 928 2403 961 t
2446 910 2615 962 Ὅταν
2656 909 2763 980 γὰρ
2788 909 2912 978 ἔθνη
2946 908 3012 962 τὰ
3041 910 3116 979 μὴ
3154 910 3316 978 νόμον
3345 910 3537 980 ἔχοντα
3562 911 3715 979 φύσει

2144 999 2211 1052 τὰ
2249 999 2343 1052 τοῦ
2379 1000 2543 1070 νόμου
2587 1003 2735 1070 ποιῇ,
2776 994 2918 1054 οὗτοι
2952 1000 3113 1068 νόμον
3147 999 3222 1070 μὴ
3257 1001 3471 1070 ἔχοντες
3510 1003 3714 1066 ἑαυτοῖς

2145 1091 2249 1143 είσι
2268 1091 2448 1160 νόμος,
2478 1091 2673 1154 οἵτινες
2731 1091 3101 1144 ἐκδείκνυνται
3136 1091 3197 1144 τὸ
3229 1091 3390 1160 ἔργον
3418 1092 3513 1146 τοῦ
3557 1096 3714 1163 νόμου

2144 1177 2387 1247 γραπτὸν
2410 1179 2467 1230 ἐν
2497 1181 2614 1241 ταῖς
2644 1178 2889 1248 καρδίαις
2919 1178 3118 1231 αὐτῶν.
3151 1199 3169 1229 ι
3208 1181 3315 1233 Καὶ
3341 1182 3500 1234 πάλιν
3521 1198 3533 1210 ·
3569 1202 3588 1234 ι
3624 1186 3714 1236 Πεο

2146 1263 2338 1334 ριτομὴ
2379 1265 2478 1334 μὲν
2515 1265 2622 1335 γὰρ
2650 1266 2866 1334 ὠφελεῖ,
2900 1267 2994 1319 ἐὰν
3025 1267 3188 1337 νόμον
3221 1271 3503 1342 πράσσῃς·
3538 1272 3629 1325 ἐὰν
3660 1273 3715 1326 δὲ

2143 1354 2464 1424 παραϐάτης
2501 1356 2666 1424 νόμου
2700 1351 2788 1427 ᾖς,
2838 1358 2870 1426 ἡ
2919 1359 3184 1427 περιτομή
3247 1376 3341 1412 σου
3387 1361 3712 1430 ἀκροϐυστία

2141 1443 2383 1511 γέγονεν.
2427 1445 2550 1496 Ἐὰν
2578 1440 2726 1514 οὖνὴ
2763 1446 3102 1516 ἀκροϐυστία
3128 1447 3198 1500 τά
3235 1448 3582 1518 δικαιώματα
3624 1452 3712 1504 τοῦ

2143 1532 2306 1601 νόμου
2344 1532 2610 1603 φυλάσσῃ,
2642 1533 2737 1603 οὐχ
2764 1537 2796 1602 ἡ
2833 1534 3165 1603 ἀκροϐυστία
3206 1536 3370 1590 αὐτοῦ
3400 1540 3482 1601 είς
3513 1556 3714 1610 περιτο-

2145 1621 2250 1691 μὴν
2293 1621 2704 1692 λογισθήσεται;
2751 1623 2844 1676 καὶ
2885 1627 3060 1694 κρινεῖ
3102 1627 3134 1694 ὴ
3179 1627 3243 1679 ὲκ
3294 1627 3510 1694 φύσεως
3553 1630 3710 1700 ἀκρο-

2143 1712 2333 1765 ϐυστία
2362 1712 2454 1768 τὸν
2495 1714 2656 1784 νόμον
2695 1715 2944 1780 τελοῦσα,
2992 1717 3084 1770 τὸν
3113 1717 3198 1770 διὰ
3242 1719 3590 1788 γράμματος,
3623 1722 3712 1775 καὶ

2079 1789 2116 1841 Β
2145 1804 2444 1875 περιτομῆς
2487 1806 2809 1877 παραϐάτην
2845 1807 3042 1877 νόμου;
3089 1808 3163 1862 Οὐ
3202 1809 3310 1880 γὰρ
3349 1811 3377 1862 6
3403 1812 3460 1863 ἐν
3505 1811 3582 1881 τῷ
3616 1829 3704 1880 (par

2141 1893 2280 1963 νερῷ
2318 1894 2586 1959 Ἰουδαῖος,
2617 1896 2735 1950 οὐδὲ
2770 1898 2802 1966 ὴ
2830 1898 2887 1949 ἐν
2924 1897 3002 1966 τῷ
3031 1899 3250 1968 φανερῷ
3285 1901 3342 1952 ἐν
3373 1902 3539 1971 σαρκὶ
3568 1918 3712 1971 περι-

2141 1982 2298 2053 τομὴ,
2312 1984 2424 2036 ἀλλ’
2437 1986 2464 2037 6
2482 1985 2540 2036 ἐν
2556 1985 2634 2054 τῷ
2653 1985 2878 2056 κρυπτῷ
2907 1987 3173 2052 Ἰουδαῖος,
3190 1991 3284 2042 καὶ
3301 1992 3570 2060 περιτομὴ
3587 2008 3711 2062 καρ-

2141 2072 2257 2136 δίας
2287 2075 2344 2125 ἐν
2379 2074 2670 2145 πνεύματι,
2697 2078 2757 2128 οὑ
2791 2078 3097 2148 γράμματι,
3130 2073 3191 2131 οῦ
3221 2082 3249 2133 6
3281 2079 3501 2143 ἔπαινος
3531 2082 3629 2134 οὐκ
3659 2081 3714 2148 ἐξ

2142 2161 2462 2230 ἀνθρώπων,
2495 2162 2607 2214 ἀλλ’
2639 2165 2701 2216 ἐκ
2740 2164 2894 2218 Θεοῦ.
2935 2185 2952 2216 ι
2996 2166 3116 2228 Πῶς
3153 2168 3250 2220 οὐκ
3293 2168 3557 2237 ἀμείνων,
3601 2171 3710 2222 κατ’

2141 2251 2339 2323 ἀρετὴν
2375 2253 2683 2324 ἡττώμενος
2715 2256 2822 2307 τῶν
2849 2257 3192 2326 νομομαθῶν,
3225 2260 3318 2312 καὶ
3351 2262 3712 2330 ἐντιμοτάτων

2144 2340 2294 2411 παρὰ
2343 2341 2632 2405 Ἰουδαίοις,
2668 2343 2768 2395 κᾶν
2801 2346 2849 2396 εἰ
2881 2345 2992 2414 έχοι
3021 2347 3180 2416 τυχὸν
3213 2349 3496 2412 ἀσθενείας
3533 2351 3711 2420 λείψα-

2140 2448 2250 2495 νον,
2301 2431 2377 2492 ὼς
2426 2431 2578 2486 οὔπω
2628 2433 3096 2505 βεϐαπτισμένος;
3148 2439 3236 2509 Τῷ
3271 2440 3377 2509 γὰρ
3421 2441 3718 2509 ὑγιαίνοντι

2145 2521 2301 2592 μέρει
2345 2523 2445 2593 τῆς
2524 2524 2714 2579 ἑαυτοῦ
2770 2527 3027 2596 καρδίας,
3080 2530 3326 2583 τουτέστι
3387 2534 3454 2602 τῇ
3517 2534 3710 2598 πίστει,

2140 2612 2326 2665 διοίσει
2357 2615 2571 2676 πάντως
2602 2615 2694 2667 τοῦ
2726 2617 2823 2686 τὴν
2856 2618 3036 2671 πίστιν
3061 2618 3120 2670 οὺ
3148 2623 3532 2690 προσιεμένου.
3573 2625 3632 2676 Ei
3659 2623 3714 2675 δὲ

2139 2699 2203 2768 δὴ
2238 2699 2344 2752 τῶν
2387 2701 2450 2753 ἐκ
2478 2701 2573 2754 τοῦ
2615 2703 2765 2756 οἴκου
2798 2705 2982 2772 Δαϐὶδ,
3015 2709 3262 2760 τουτέστι
3315 2711 3424 2763 τῶν
3457 2713 3590 2782 παρ’
3621 2713 3715 2766 αὺ-

2141 2795 2254 2854 τοῖς
2299 2792 2589 2863 λαμπρῶν,
2645 2795 2739 2848 καὶ
2788 2798 3156 2866 ἐντιμοτάτων
3213 2802 3582 2871 παραδέξαιτό
3633 2821 3711 2868 τις

2139 2884 2238 2955 τὴν
2270 2885 2466 2949 πίστιν,
2495 2887 2587 2938 καὶ
2630 2888 2708 2950 εἰς
2738 2887 2950 2942 σύνεσιν
2989 2884 3049 2942 εὖ
3083 2890 3227 2958 μάλα
3259 2893 3319 2944 τὸ
3348 2894 3588 2964 Χριστοῦ
3619 2913 3713 2964 μυ·

2141 2978 2360 3046 στήριον
2417 2977 2566 3047 αὐτῷ
2618 2979 2858 3046 γένοιτο,
2912 2982 3283 3052 προσκυνητὸς
3341 2978 3494 3047 οὗτος
3546 2985 3710 3047 ἔσται,

467 3071 668 3126 Christi
705 3071 1008 3127 rectissime
1040 3071 1385 3135 intellexerit,
1425 3072 1511 3126 hic
1537 3073 1640 3126 erit
1674 3073 2033 3136 venerandus,

2145 3085 2164 3118 ι
2212 3069 2305 3120 καὶ
2329 3063 2476 3130 οἶκος
2516 3069 2669 3133 Θεοῦ,
2718 3070 2811 3123 καὶ
2851 3069 2924 3132 ὼς
2960 3072 3188 3140 ἄγγελος
3235 3074 3440 3146 Κυρίου
3485 3075 3713 3129 ἐνώπιον

471 3182 491 3215 t
521 3173 575 3218 et
607 3164 796 3218 domus
823 3165 939 3230 Dei,
971 3172 1025 3220 et
1062 3173 1119 3218 ut
1158 3164 1380 3235 angelus
1422 3165 1631 3219 Domini
1662 3164 1716 3218 in
1741 3173 2035 3236 conspectu

467 3269 726 3310 eorutu.o
783 3255 971 3310 Simile
1013 3256 1265 3325 quiddam
1325 3265 1378 3310 et
1440 3256 1777 3310 Salvatorem
1831 3257 2034 3310 dixisse

471 3354 651 3400 uotum
695 3353 775 3399 est
824 3346 941 3410 ;ait
988 3347 1130 3400 enim
1167 3365 1179 3400 :
1223 3364 1240 3395 ι
1273 3346 1462 3401 Omnis
1503 3347 1680 3402 scriba
1735 3347 1925 3401 doctus
1985 3346 2035 3400 in

471 3450 634 3505 regno
665 3435 926 3489 etelorum
964 3435 1154 3488 similis
1200 3445 1283 3489 est
1313 3436 1516 3489 homini
1551 3437 1924 3505 patrifamilias
1946 3438 2035 3505 qui

471 3525 678 3594 profert
721 3522 788 3578 de
819 3526 1069 3579 thesauro
1109 3539 1208 3578 suo
1257 3540 1390 3578 nova
1468 3535 1525 3580 et
1573 3535 1752 3580 vetera
1769 3528 1835 3581 ⁸³.
1865 3544 1885 3578 ι
1935 3527 2036 3592 Qui

471 3621 616 3674 enim
665 3619 1026 3687 cognitionem
1086 3616 1216 3686 legfs
1276 3617 1326 3670 in
1384 3618 1564 3687 scipso
1615 3627 1672 3670 ut
1726 3618 2035 3674 thesaurum

469 3709 751 3763 eollectum
795 3707 974 3771 habet,
1025 3707 1070 3760 si
1113 3705 1481 3774 evangelieam
1517 3706 1842 3775 adjunxerit,
1887 3709 2038 3765 dives

470 3802 685 3869 quidam
737 3799 1094 3867 intelligentia
1130 3801 1256 3865 erit,
1309 3815 1446 3871 nova
1495 3808 1550 3854 et
1590 3809 1772 3855 vetera
1826 3802 2038 3854 theore-

472 3901 639 3956 tnata,
674 3905 768 3944 seu
814 3905 900 3944 res
941 3890 1370 3944 consideratione
1410 3889 1600 3958 dignas
1646 3889 1882 3944 discendi
1921 3900 2037 3944 stu-

469 3982 638 4037 diusis
677 3991 930 4050 tanquam
969 3996 1034 4034 ex
1069 3982 1369 4050 apothecis,
1400 3995 1494 4034 seu
1541 3981 1875 4048 repositoriis
1917 3996 2036 4050 pro-

472 4085 674 4138 ponens
710 4087 723 4123 :
762 4069 939 4138 qualis
981 4079 1098 4124 erat
1128 4071 1336 4124 divinus
1363 4069 1580 4134 Paulus,
1627 4069 1784 4123 modo
1813 4085 1875 4124 ex
1923 4070 2039 4139 lege

471 4161 650 4230 petitis
686 4160 1088 4230 probationibus
1129 4175 1432 4216 sermonem
1480 4161 1546 4214 de
1583 4159 1800 4214 Christo
1841 4161 2040 4216 contir-

471 4264 618 4304 mare
658 4250 902 4312 enitens,
939 4249 1098 4304 modo
1129 4250 1292 4305 etiam
1343 4249 1586 4306 doctrina
1635 4263 1831 4302 arcana
1873 4264 2034 4319 supra

471 4341 636 4410 legent
661 4341 937 4397 audientes
960 4341 1024 4396 ad
1055 4341 1389 4396 voluntatem
1420 4343 1472 4396 in
1505 4341 1620 4408 ejus
1643 4340 1746 4394 lide
1770 4339 2033 4410 gloriandi

2139 3159 2336 3214 αὐτῶν,
2377 3179 2394 3209 ι
2432 3159 2680 3214 Τοιοῦτόν
2720 3178 2773 3214 τι
2803 3162 2895 3214 καὶ
2923 3162 3084 3224 αὐτὸς
3112 3163 3140 3214 6
3179 3163 3367 3234 Σωτὴρ
3399 3163 3713 3233 εὑρίσκεται

2137 3249 2308 3318 λέγων
2327 3267 2339 3280 ·
2366 3251 2469 3320 ἔφη
2498 3251 2626 3321 γάρ,
2648 3252 2728 3304 ὅτι
2759 3270 2776 3303 ι
2817 3253 2928 3314 Πᾶς
2953 3253 3318 3323 Γραμματεὺς
3353 3253 3712 3323 μαθητευθεὶς

2138 3343 2194 3394 ἐν
2223 3345 2286 3411 τῇ
2319 3340 2562 3412 βασιλείᾳ
2591 3343 2698 3394 τῶν
2737 3343 2998 3413 οὐρανῶν,
3035 3345 3220 3414 ὅμοιός
3257 3345 3403 3396 ἐστιν
3428 3345 3714 3415 ¹ἀνθρώπῳ

2137 3432 2505 3503 οἰκοδεσπότῃ,
2567 3435 2718 3496 ὅστις
2743 3433 2994 3488 ἐκϐάλλει
3024 3435 3089 3488 ἐκ
3117 3435 3212 3488 τοῦ
3243 3435 3522 3505 θησαυροῦ
3556 3435 3714 3492 αὐτοῦ

2138 3522 2298 3575 καινὰ
2324 3524 2418 3574 καὶ⁴
2443 3523 2667 3575 παλαιά.
2700 3541 2718 3573 ι
2768 3523 2826 3577 Ὀ
2859 3524 2968 3595 γὰρ
2995 3524 3133 3594 ἔχων
3163 3525 3262 3596 ἥδη
3291 3527 3715 3598 τεθησαυρισμέ·

2137 3629 2233 3681 νην
2278 3615 2333 3664 ἐν
2375 3612 2550 3682 ἑαυτῷ
2582 3614 2678 3683 τὴν
2708 3612 2799 3666 τοῦ
2845 3613 3009 3684 νόμου
3056 3616 3275 3683 γνῶσιν,
3322 3618 3372 3669 εἰ
3419 3617 3714 3688 προσλάϐοι

2138 3703 2234 3772 τὴν
2283 3703 2664 3774 εὐαγγελικὴν,
2703 3703 2955 3768 πλούσιος
3011 3705 3163 3758 ἔσται
3214 3724 3297 3769 τις
3346 3708 3424 3770 εἰς
3479 3708 3711 3772 σύνεσιν,

2139 3794 2301 3846 καινά
2329 3811 2385 3846 τε
2413 3795 2504 3846 καὶ
2561 3795 2766 3848 παλαιὰ
2810 3794 3160 3866 θεωρήματα,
3208 3797 3458 3867 καθάπερ
3487 3799 3548 3864 ἐξ
3579 3800 3714 3852 ἀπο-

2139 3883 2455 3952 θηκῶν,τοῖς
2485 3883 2806 3952 φιλομαθέσι
2869 3887 3225 3956 παρατιθείς·
3287 3888 3476 3950 ὁποῖός
3520 3905 3608 3950 τις
3649 3884 3727 3957 ἦν-

2137 3973 2164 4024 6
2193 3971 2478 4036 Θεσπέσιος
2523 3971 2754 4036 Παῦλος,
2802 3974 2931 4026 ποτὲ
2979 3974 3077 4043 μὲν
3120 3978 3370 4045 νομικαῖς
3403 3975 3720 4040 ἀποδείξεσι,

2136 4063 2226 4116 τὸν
2258 4065 2385 4136 περὶ
2426 4063 2661 4135 Χριστοῦ
2697 4065 2853 4133 λόγον
2897 4066 3164 4136 ἐμπεδοῦν
3210 4067 3538 4137 ἐπιχειρῶν·
3587 4067 3715 4120 ποτέ

2137 4155 2190 4209 δὲ
2235 4156 2326 4208 καῖ⁹
2373 4158 2491 4218 ταῖς
2540 4157 2678 4226 ὺπέρ
2725 4158 2887 4227 νόμον
2929 4161 3336 4228 μυσταγωγίαις
3375 4159 3716 4212 συνελαύνων

2136 4247 2332 4316 τρόπον
2367 4249 2488 4302 τινὰ
2532 4249 2656 4311 τοὺς
2687 4249 3067 4318 ἀκροωμένους
3099 4251 3177 4313 εἷς
3206 4267 3269 4318 γε
3302 4251 3361 4303 τὸ
3395 4250 3616 4305 ἑλέσθαι
3649 4253 3711 4320 τῇ

2137 4339 2215 4399 είς
2262 4337 2424 4391 αὑτὸν
2473 4337 2650 4390 πίστει
2679 4338 3198 4408 κατασεμνύνεσθαι.
3252 4341 3388 4392 Ποτέ
3444 4340 3547 4410 μὲν
3607 4340 3712 4408 γὰρ

468 4431 811 4498 compellens.
857 4431 1159 4499 Aliquando
1203 4431 1468 4498 siquidem
1515 4431 1731 4484 dicebat
1764 4447 1776 4482 :
1811 4447 1829 4480 ι
1868 4430 2035 4482 Dicite

2140 4427 2342 4496 ἔφασκε
2365 4445 2376 4457 ·
2417 4447 2434 4478 t
2472 4427 2670 4495 Λέγετέ
2704 4444 2814 4497 μοι,
2844 4428 2893 4479 oi.
2923 4428 3026 4480 ὑπὸ
3056 4428 3218 4495 νόμον
3259 4428 3506 4492 θέλοντες
3548 4423 3710 4494 εἶναι,

473 4521 626 4584 mihi,
660 4521 748 4585 qui
773 4520 872 4573 sub
900 4521 1014 4589 lege
1057 4534 1178 4574 esse
1205 4521 1398 4574 vultis:
1434 4519 1629 4588 Legem
1663 4535 1767 4572 non
1798 4520 2039 4572 auditis?

475 4609 635 4676 782
666 4607 934 4675 Scriptum
977 4617 1061 4662 est
1096 4611 1257 4671 enim,
1301 4607 1554 4676 quoniam
1598 4607 1868 4659 Abraham
1905 4609 2039 4661 duos

473 4699 608 4753 lilios
641 4699 846 4761 habuit,
874 4713 1036 4750 unum
1065 4699 1130 4751 de
1157 4697 1371 4762 aut-illa,
1401 4707 1454 4750 et
1477 4712 1638 4749 unum
1664 4697 1728 4750 de
1751 4696 1917 4749 libera
1944 4713 2040 4766 per

475 4791 980 4858 repromissionetu,
1031 4805 1148 4858 qum
1191 4801 1316 4843 sunt
1366 4805 1462 4858 per
1507 4787 1818 4856 allegoriam
1871 4787 2035 4843 dicta.

472 4881 596 4936 llzcc
634 4883 776 4936 enim
825 4893 952 4936 sunt
995 4880 1101 4934 duo
1136 4887 1475 4941 testamenta,
1533 4893 1695 4930 unutn
1742 4876 1955 4944 quidem
2008 4892 2038 4931 a

474 4979 653 5026 n'tonle
681 4971 832 5036 Sina,
867 4971 918 5024 iu
950 4970 1264 5024 servitutem
1294 4981 1574 5036 generatis,
1603 4982 1722 5036 qua:
1743 4975 1824 5020 est
1862 4967 2039 5035 Agar;

473 5061 614 5128 Agar
653 5062 795 5115 enim
825 5076 981 5114 mons
1022 5070 1104 5114 est
1134 5060 1187 5112 in
1234 5058 1455 5122 Arabia,
1491 5059 1580 5126 qui
1615 5055 1932 5124 conjunt-tus
1960 5066 2042 5110 est

473 5152 520 5206 ei
554 5168 670 5220 quze
701 5167 842 5205 nunc
870 5160 952 5206 est
974 5149 1299 5211 Jerusalem,
1332 5158 1385 5203 et
1413 5149 1576 5203 servit
1599 5163 1721 5202 cum
1753 5147 1877 5202 ﬁliis
1905 5148 2037 5202 suis.

475 5241 601 5308 Quae
630 5249 804 5294 autem
844 5255 1056 5294 sursum
1097 5247 1178 5293 est
1220 5236 1542 5302 Jerusalem,
1575 5237 1740 5292 libera
1789 5246 1889 5302 est,
1922 5253 2042 5306 qua:

2142 4519 2232 4570 τὸν
2257 4520 2420 4589 νόμον
2445 4517 2668 4571 ἀκούετε
2690 4534 2704 4582 ;
2734 4517 3045 4586 Γέγραπται
3069 4517 3196 4588 γὰρ,
3219 4518 3298 4570 ὅτι
3345 4517 3597 4586 Ἀϐραὰμ
3620 4517 3710 4569 δύο

2143 4607 2290 4668 υἱοὺς
2337 4606 2512 4676 ἔσχεν,
2549 4605 2642 4660 ἕνα
2675 4608 2737 4680 ἐκ
2765 4607 2861 4674 τῆς
2906 4605 3213 4673 παιδίσκης,
3246 4605 3337 4657 καὶ
3370 4604 3463 4657 ἕνα
3509 4606 3575 4657 ἐκ
3616 4605 3721 4674 τῆς

2145 4698 2432 4768 ἐλευθέρας
2470 4698 2536 4750 δι’
2599 4697 2948 4765 ἐπαγγελίας,
2999 4697 3157 4751 ama
3202 4699 3347 4750 ἐστιν
3386 4695 3716 4767 ἀλληγορού-

2147 4803 2301 4857 μενα.
2349 4781 2518 4838 Αῦται
2571 4786 2674 4856 γάρ
2719 4786 2824 4838 είσι
2855 4784 2945 4838 δύο
2990 4785 3266 4854 διαθῆκαι,
3320 4785 3419 4854 μία
3470 4785 3568 4854 μὲν
3621 4781 3712 4836 ἀπ’

2144 4877 2301 4947 ὅρους
2328 4879 2475 4942 Σινᾶ,
2509 4877 2587 4938 εἰς
2617 4876 2862 4929 δουλείαν
2891 4875 3154 4944 γεννῶσα,
3186 4876 3306 4945 ἦτις
3338 4875 3483 4926 ἐστὶν
3513 4875 3713 4942 Ἅγαρ·

2144 4967 2204 5020 τὸ
2230 4967 2337 5034 γὰρ
2372 4967 2571 5038 Ἀγαρ,
2606 4967 2727 5036 ὅρος
2760 4967 2906 5019 ἐστὶν
2953 4967 3011 5019 ἐν
3052 4969 3117 5036 τῇ
3161 4965 3407 5035 ’Λραϐἵᾳ,
3445 4964 3719 5034 συστοιχεῖ

2137 5058 2193 5111 δὲ
2232 5060 2296 5128 τῇ
2332 5057 2424 5108 νῦν
2464 5057 2833 5127 Ἰερουσαλήμ·
2871 5056 3110 5110 δουλεύει
3143 5055 3252 5126 γὰρ
3299 5056 3435 5126 μετά
3481 5056 3591 5108 τῶν
3632 5055 3718 5108 τέ-

2140 5165 2280 5202 κνων
2302 5147 2490 5216 αὐτῆς.
2534 5147 2599 5199 'll
2631 5147 2685 5199 δὲ
2713 5149 2822 5201 άνω
2853 5147 3206 5220 Ἰερουσαλὴμ
3251 5147 3510 5217 ἐλευθέρα
3540 5149 3714 5208 ἐστὶν,

2137 5243 2257 5312 ἥτις
2305 5239 2420 5292 ἐστὶ
2471 5239 2650 5310 μήτηρ
2701 5239 2876 5309 ὴμῶν.
2933 5259 2949 5291 ›
3016 5240 3152 5292 Ποτέ
3202 5240 3257 5291 δὲ
3298 5240 3392 5292 καὶ
3450 5239 3582 5310 περὶ
3625 5235 3731 5290 τοῦ-

474 5339 554 5385 est
580 5338 752 5383 mater
783 5337 963 5383 nostra
986 5329 1053 5384 ⁸⁸.
1087 5348 1104 5382 ι
1135 5329 1440 5400 Aliquando
1479 5339 1658 5384 autem
1703 5338 1756 5383 et
1790 5329 1852 5383 de
1883 5328 2042 5394 Filio,

2141 5331 2290 5397 l'ioﬁ,
2322 5351 2340 5385 t
2382 5334 2478 5395 Ὃς
2507 5330 2580 5384 ῶν
2611 5330 2947 5402 ἀπαύγασμα
2967 5334 3063 5402 τῆς
3091 5331 3266 5401 δόξης,
3304 5331 3398 5384 καὶ
3431 5327 3721 5400 χαρακτὴρ

541 5505 588 5536 ε’
615 5504 768 5560 llum.
797 5523 856 5571 ll,
888 5508 974 5576 Η,
1009 5507 1096 5562 l5.
1173 5508 1218 5538 °‘
1245 5507 1374 5564 lbid.
1405 5506 1591 5562 23-29.
1669 5506 1713 5537 ⁸⁸
1743 5504 1934 5560 Matth.
1975 5520 2042 5558 XII

2140 5504 2215 5559 39..
2287 5507 2331 5536 ⁸⁸
2360 5505 2535 5563 (idat.
2569 5520 2638 5570 tv,
2665 5503 2855 5560 ill-9.6.

545 5684 618 5752 ll)
649 5683 776 5750 Quae
804 5684 1013 5740 uncinis
1042 5684 1242 5740 inclusa
1272 5693 1412 5750 sunt,
1454 5685 1645 5740 desunt
1681 5685 1732 5738 itt
1759 5682 1966 5739 Graeco.
2011 5681 2195 5740 Ευιῐ..
