4026 6276
327 380 426 438 221

1155 379 1704 440 ϐΟΜΜΕΝΤΑΠίΠὸ
1743 382 1814 439 ΙΝ
1855 381 2266 441 ΖΔΩΠΑΒΙΑΜ·
2296 379 2741 437 ΡΒΟΡΗΕΤΑΜ.

3470 378 3589 434 2‘22

328 496 428 569 τῆς
462 495 809 558 ὑποστάσεως
842 493 1026 560 αὑτοῦ,
1059 495 1238 566 φέρων
1289 515 1350 551 τε
1381 499 1451 554 τὰ
1480 499 1658 554 πάντα
1693 499 1770 570 τῷ
1810 502 1906 571 ρή-

2015 519 2034 553 ι
2072 500 2173 567 Qui
2205 513 2325 553 cum
2350 499 2421 553 sit
2447 494 2704 566 splendor
2737 493 2944 564 εισι-ἴω,
2971 503 3024 548 ct
3057 493 3222 565 ﬁgura
3260 493 3578 549 substantiae

336 586 588 658 ματιιτῆς
613 586 888 656 δυνάμεως
915 586 1101 652 αὐτοῦ,
1129 587 1196 640 δι’
1213 587 1405 642 ἐαυτοῦ
1432 590 1770 661 καθαρισμὸν
1790 592 1896 645 τῶν

334 679 620 750 ἁμαρτιῶν
656 677 810 749 ἡμῶν
839 678 1224 751 ποιησάμενος,
1251 680 1503 735 ἐκάθισεν
1533 684 1591 735 ἐν
1617 684 1766 755 δεξιᾷ
1805 685 1898 737 τοῦ

336 769 521 838 θρόνου
556 770 655 839 τῆς
687 771 1054 842 μεγαλοσύνης
1083 771 1412 841 ἐνοψηλοῖς.
1451 792 1469 825 ι
1501 774 1705 838 Συνιεῖς
1736 769 1897 832 οῦν...

338 860 578 922 παλαιοῖς
604 876 661 912 τε
701 859 816 929 ἅμα
847 862 943 915 καί
966 861 1108 926 νέοις
1147 863 1480 934 παιδεύμασι
1515 865 1614 928 τὰς
1638 865 1748 918 τῶν
1773 883 1901 918 παι-

335 950 753 1020 δαγωγουμένων
781 952 987 1022 ὀνίνησι
1016 953 1212 1024 ψυχάς.
1251 974 1279 1007 ι.
1327 957 1521 1009 Ἔσται
1547 958 1747 1020 τοίνυν,
1793 975 1901 1028 φη-

336 1042 509 1147 oi'v,-6
552 1037 700 1106 οἶκος
756 1044 942 1143 Δαόὶδ,
997 1045 1073 1109 ὡς
1126 1046 1358 1117 ἄγγελος
1406 1047 1613 1121 Κυρίου
1673 1049 1903 1103 ἐνώπιον

331 1134 528 1186 αὐτῶν.
578 1151 600 1185 ι
826 1164 834 1174 -
855 1134 869 1143 ⁵

396 1266 512 1324 Καὶ
551 1268 747 1336 ἔσται,
784 1271 950 1341 ἐγτῇ
999 1272 1189 1342 ἡμέρᾳ,
1260 1273 1462 1346 ἐκείνῃ
1517 1276 1747 1346 ζητήσω
1799 1277 1905 1332 τοῦ

326 1356 535 1424 ἐξᾶραι
582 1359 779 1414 πάντα
819 1363 891 1415 τὰ
931 1362 1099 1432 ἔθνη,
1140 1363 1212 1417 τὰ
1251 1366 1618 1435 ἐπερχόμενα
1649 1367 1748 1420 ἐπὶ
1774 1413 1778 1416 .
1807 1369 1908 1422 Ἰε-

324 1449 670 1519 ρουσαλὴμ,
720 1452 818 1506 καὶ
862 1452 1018 1520 ἐκχῶ
1052 1453 1150 1507 ἐπὶ
1193 1455 1302 1507 τὸν
1345 1453 1514 1509 οἷκον
1556 1456 1748 1520 Δαϐὶδ,
1805 1457 1904 1511 καὶ

326 1537 426 1591 ἐπὶ
499 1539 642 1606 τοὺς
671 1603 674 1606 ι
706 1541 1133 1608 κατοικοῦντας
1210 1544 1598 1614 Ἰερουσαλὴμ
1668 1548 1906 1615 πνεῦμα

327 1627 586 1705 χάριτος,
614 1631 709 1686 καὶ
725 1633 1046 1702 οἰκτιρμοῦ,
1069 1633 1166 1688 καὶ
1185 1635 1615 1704 ἐπιϐλέψονται
1630 1641 1781 1705 πρός
1801 1655 1900 1708 με.

400 1761 513 1825 ιιΓο.
551 1761 756 1825 Σκοπός
787 1762 903 1816 ἐστὶ
939 1781 1050 1834 μοι,
1101 1765 1286 1834 φησὶν,
1319 1768 1508 1837 ἐξᾶραι
1549 1769 1743 1838 μὲν-τὰ
1778 1769 1909 1842 ἔθνη

2000 591 2139 662 ejus,
2177 598 2503 659 portansque
2545 586 2724 640 omnia
2771 585 2935 640 verbo
2974 584 3188 638 virtutis
3221 599 3351 649 suac,
3390 599 3487 652 per
3517 597 3591 638 se.

2001 686 2174 755 ipsum
2203 683 2573 754 purgationem
2608 687 2950 748 peccatorum
2995 686 3300 730 nostrorum
3350 677 3577 740 faciens,

2000 777 2139 831 sedit
2173 778 2225 830 in
2269 775 2488 830 dextera
2536 773 2715 827 throni
2756 769 3052 838 maiestatis
3107 767 3159 822 in
3201 767 3430 821 excelsis
3450 768 3516 822 θ’.
3552 787 3571 819 ι

2001 863 2255 933 lntelligis
2303 877 2434 932 ergo
2463 899 2476 913 .
2515 901 2529 916 .
2567 899 2581 912 .
2615 897 2629 912 .
2667 898 2680 911 .
2714 897 2728 911 .
2789 856 3062 911 veteribus
3109 853 3266 907 simul
3333 863 3388 906 et
3426 851 3590 904 novis.

2003 955 2266 1010 doctrinis
2310 953 2678 1008 institutorum
2739 947 2936 1001 animis
2997 944 3324 999 commodet.
3397 958 3415 990 ι
3463 941 3578 994 Erit

2004 1046 2185 1116 igitur,
2221 1045 2414 1112 inquit,
2459 1045 2647 1097 domus
2691 1041 2878 1106 David,
2926 1046 2986 1092 ut
3019 1035 3242 1104 angelus
3279 1031 3487 1086 Domini
3521 1031 3586 1084 in.

2003 1147 2295 1205 conspectu
2327 1149 2536 1188 eorum.
2567 1151 2585 1183 ι

2076 1272 2240 1325 Vsus.
2278 1269 2332 1332 9,
2372 1268 2458 1321 l0.
2504 1265 2570 1318 Et
2611 1266 2703 1319 erit
2729 1264 2782 1317 in
2830 1264 2914 1317 die
2946 1263 3060 1326 illa,
3096 1275 3330 1328 qua-ram
3367 1259 3588 1327 auferre

2007 1378 2182 1416 omnes
2235 1367 2432 1428 gentes,
2490 1371 2604 1426 qua:
2660 1355 2870 1408 veniunt
2923 1362 3103 1406 contra
3151 1350 3472 1413 Jerusalem,
3527 1359 3574 1402 et

2005 1451 2271 1519 e/fundam
2315 1463 2475 1514 super
2520 1446 2732 1498 domum
2771 1444 2956 1509 David,
3004 1453 3048 1494 et
3095 1458 3249 1508 super
3287 1440 3576 1493 habitantes

2003 1536 2300 1594 Jerusalem
2341 1535 2578 1602 spiritum
2621 1532 2810 1602 gratitc
2845 1541 2891 1585 et
2928 1530 3326 1595 misericordite,
3360 1538 3406 1583 et
3435 1529 3578 1596 aspi-

2006 1633 2140 1686 cient
2175 1631 2246 1684 αιί
2276 1645 2380 1684 me.

2080 1762 2260 1818 XCIII.
2303 1759 2597 1816 Consilium
2624 1773 2802 1812 meum
2832 1765 2941 1823 est,
2980 1755 3178 1824 inquit,
3211 1752 3451 1816 auferre,
3483 1754 3577 1807 de-

329 1847 398 1900 τὰ
425 1851 787 1920 μεμαχημὲνα
815 1855 880 1923 τῇ
910 1831 1042 1924 ἁγίᾳ
1089 1831 1262 1920 πόλει,
1291 1831 1636 1929 τουτέστι-τῇ
1681 1831 1907 1930 Ἐκκληί

2014 1856 2118 1911 lere
2149 1863 2353 1924 gentes,
2376 1867 2494 1920 quae
2516 1851 2788 1905 civitatem
2811 1856 3080 1910 sanctam,
3103 1855 3227 1915 puta
3261 1843 3595 1907 Ecclesiam,

332 1938 455 2009 σία·
503 1940 684 2010 χάριτί
713 1958 777 2010 γε
816 1944 924 2014 μὴν
966 1946 1061 1999 καὶ
1109 1948 1414 2019 οἰκτιρμοῖς
1464 1951 1778 2020 περιϐαλεῖν
1816 1952 1912 2004 τὸν.

330 2023 476 2082 οἷκον
541 2029 726 2098 Ἰούδα,
775 2033 870 2086 καὶ
914 2036 1040 2098 τοὺς
1088 2037 1477 2101 κατοικοῦντας
1529 2040 1904 2111 Ἰερουσαλὴμ,

329 2122 572 2176 τουτέστι
609 2125 736 2188 τοὺς
781 2127 881 2196 τῆς
935 2127 1262 2199 Ἐκκλησίας
1291 2129 1533 2196 πολίτας,
1583 2133 1675 2186 καὶ
1705 2135 1764 2185 ἐν
1795 2136 1907 2197 τοῖς

331 2215 497 2268 αἰνεῖν
541 2217 814 2284 ὀφείλουσι
865 2222 1376 2292 κατατεταγμένους
1400 2240 1414 2254 θ
1445 2219 1553 2277 εἰεν
1581 2225 1627 2278 δ’
1658 2226 1723 2279 ἂν
1763 2220 1906 2280 οὗτοι

331 2302 493 2358 πάλιν
524 2306 572 2357 οἱ
600 2307 1036 2377 προσκυνοῦντες
1067 2309 1310 2381 Χριστῷ,
1343 2311 1439 2364 καὶ
1467 2313 1578 2375 τοῖς
1623 2313 1907 2381 εύαγγελιν-

331 2393 448 2456 κοῖς
473 2393 837 2464 θεσπίσμασιν
866 2396 1091 2451 ἕπεσθαι
1115 2400 1403 2471 ᾑρημένοι,
1451 2402 1551 2471 τὴν
1605 2403 1802 2456 εὐκλεᾶ
1847 2420 1904 2456 τε

331 2483 429 2544 καὶ
481 2483 884 2555 ἀνεπίπληκτον
936 2487 1325 2557 κατορθοῦντες
1385 2488 1553 2560 ζωήν.
1621 2490 1744 2542 Ὀτι
1796 2491 1906 2561 γὰρ

333 2572 556 2643 ἔμελλον
585 2575 938 2645 άρῥωστῆσαι
960 2577 1021 2630 τὺ
1048 2578 1237 2631 ἄναλκι
1277 2579 1450 2649 πάντη
1480 2597 1540 2633 τε
1571 2582 1662 2634 καί
1692 2581 1907 2645 πάντως

331 2665 381 2717 οἰ
410 2665 512 2734 τῆς
537 2665 793 2736 ἀληθείας
817 2667 1023 2736 ἐχθροὶ,
1054 2673 1308 2738 σαφηνιεῖ
1353 2670 1526 2738 λέγων
1563 2673 1656 2724 καὶ
1686 2673 1848 2735 αὐτὸς
1878 2675 1906 2725 6

336 2756 559 2826 Σωτήρ·
613 2774 632 2807 ‹
690 2757 762 2809 Σὺ
806 2753 856 2810 εἰ
890 2758 1112 2830 Πέτρος,
1154 2761 1247 2813 καὶ
1293 2761 1384 2814 ἐπὶ
1415 2761 1584 2832 ταύτῃ
1619 2764 1684 2832 τῇ
1735 2764 1907 2833 πέτρᾳ

333 2845 672 2916 οἰκοδομήσω
703 2861 802 2916 μου
830 2845 927 2916 τὴν
967 2847 1312 2917 Ἐκκλησίαν,
1349 2847 1442 2900 καὶ
1476 2848 1638 2903 πύλαι
1672 2849 1798 2919 ᾅδου
1844 2851 1905 2902 οὐ

333 2936 756 3006 κατισχύσουσιν
781 2938 967 3008 αὐτῆς,
1001 2956 1018 2989 ι
1055 2939 1184 2992 Ἰδοὺ
1215 2932 1315 2992 ὧδε
1341 2940 1514 3000 πύλας
1545 2941 1669 3004 τοὺς
1693 2940 1907 2996 διώκειν

332 3027 506 3096 αὐτὴν
552 3027 851 3092 ἐθέλοντας,
898 3028 1084 3100 φησὶν,
1134 3024 1244 3083 οἷον
1289 3029 1544 3100 ὀλέθρους
1591 3031 1770 3095 ὄντας,
1815 3033 1908 3086 καὶ

334 3118 589 3213 φθόρους,
622 3119 711 3172 καὶ
737 3121 816 3183 εἰς
853 3120 1122 3213 ⁸ιιτέταυρον
1151 3121 1276 3191 ᾅδου
1310 3123 1700 3193 κατακομίζειν
1733 3124 1910 3177 εἰωθό-
1936 3156 1977 3213 C

333 3227 433 3272 τας
457 3212 580 3274 τοὺς
617 3211 1046 3281 προσκειμένους
1076 3212 1277 3274 αὐτοῖς.
1319 3213 1667 3284 Ἀτονήσουσι
1694 3215 1758 3285 δὴ
1791 3212 1906 3282 οὖν,

339 3301 539 3371 μᾶλλον
565 3301 622 3354 δὲ
657 3301 752 3354 καὶ
777 3300 1170 3371 ἐξαρθήσονται
1199 3303 1246 3355 oi
1277 3303 1718 3373 πεπολεμηκότες
1749 3305 1912 3375 αὐτῇ,

335 3393 431 3446 καὶ
469 3393 778 3463 οἰχήσονται
825 3393 962 3462 πρὸς
1006 3392 1302 3446 ἀπώλειαν.
1339 3411 1356 3446 ι
1413 3393 1611 3448 Πολλαί
1665 3396 1762 3466 μὲν
1805 3397 1914 3467 γὰρ

333 3484 778 3554 ὁμολογουμένως
799 3484 907 3537 τῶν
927 3485 1146 3538 δικαίων
1170 3485 1226 3536 αἰ
1243 3484 1448 3555 θλίψεις
1466 3502 1480 3516 ’
1503 3485 1616 3539 ἀλλ’
1638 3488 1702 3540 ἐκ
1726 3487 1914 3543 πασῶν

336 3572 516 3628 αὐτῶν
550 3573 769 3645 ῥύσεται
795 3573 990 3635 αὐτοὺς
1009 3574 1036 3625 6
1068 3572 1288 3643 Κύριος.
1329 3592 1347 3624 ι
1387 3573 1496 3627 Καὶ
1525 3573 1670 3627 ἔστιν
1693 3575 1918 3643 ἀληθὲς,

336 3667 421 3718 ὅτι
467 3684 485 3716 ι
539 3665 739 3729 πάντες
778 3666 824 3717 οἰ
861 3664 1118 3727 θέλοντες
1149 3663 1248 3735 ζῇν
1289 3665 1527 3730 εὐσεϐῶς
1568 3667 1628 3718 ὲν
1670 3668 1908 3738 Χριστῷ,

336 3755 744 3826 διωχθήσονται.
782 3774 800 3806 ι
830 3755 978 3825 Πλὴν
1010 3757 1248 3826 ἀνόνητα
1277 3758 1371 3810 καί
1410 3757 1613 3828 ἀδρανῆ
1648 3758 1757 3811 τῶν
1795 3760 1916 3812 ἐπισ

339 3846 702 3900 ϐουλευόντων
730 3847 800 3899 τὰ
830 3848 1141 3918 σκέμματα,
1178 3848 1273 3900 καὶ
1308 3847 1449 3901 αὐτὰ
1473 3848 1530 3900 δὲ
1558 3847 1627 3900 τὰ
1658 3848 1913 3921 ἐγχειρή-

340 3953 488 4011 ματα
516 3935 727 4006 τίθησιν
754 3937 782 3988 ὁ
809 3936 1061 4006 Χριστὸς,
1097 3935 1154 3998 ὃς
1181 3935 1408 3990 δέδωκεν
1449 3954 1467 3988 ι
1503 3937 1635 4005 ἡμῖν
1664 3936 1914 4003 ἐξουσίαν

339 4031 532 4082 πατεῖν
570 4027 755 4081 ἐπάνω
784 4026 978 4095 ὄφεων,
1010 4027 1105 4080 καὶ
1145 4018 1442 4098 σιῖορπίων,
1486 4029 1580 4081 καὶ
1613 4028 1706 4080 ἐπὶ
1736 4029 1916 4081 πᾶσαν

337 4120 437 4190 τὴν
467 4119 694 4189 δύναμιν
723 4117 816 4170 τοῦ
847 4117 1065 4188 ἐχθροῦ.
1103 4137 1122 4170 ι
1153 4118 1568 4189 Παραθαρῤύνει
1608 4136 1668 4171 τε
1704 4119 1877 4186 λέγων
1900 4135 1913 4150 '

345 4229 382 4267 ς,
412 4211 601 4279 Θλίψιν
639 4209 804 4279 ,ἔχετε
847 4211 906 4263 ὲν
939 4209 1016 4280 τῷ
1058 4210 1269 4281 κόσμῳ,
1320 4211 1456 4265 ἀλλὰ
1501 4212 1771 4284 θαρσεῖτε,
1807 4213 1919 4281 ἐγὼ

335 4300 602 4370 νενίκηκα
649 4299 741 4352 τὸν
773 4299 993 4369 κόσμον.
1050 4319 1068 4350 ι
1121 4299 1328 4354 Ούκοῦν
1366 4299 1672 4372 ἐξαίρονται
1722 4305 1821 4373 μὲν
1867 4304 1920 4356 οἰ

334 4392 440 4459 τῆς
483 4387 807 4456 Ἐκκλησίας
837 4385 1346 4456 κατεξανιστάμενοι
1377 4391 1519 4443 κατὰ
1546 4394 1790 4460 καιροὺς,
1827 4393 1920 4444 ἐπὶ

2006 1951 2451 2016 oppugnaverunt
2492 1958 2506 1994 :
2557 1940 2728 2009 gratia
2779 1945 2958 1991 autem
3021 1943 3076 1990 et
3132 1934 3572 1990 miserationibus

2006 2031 2464 2102 comprehendere
2489 2029 2706 2083 domum
2738 2025 2895 2091 Iuda,
2937 2034 2993 2079 et
3025 2024 3330 2079 habitantes
3354 2021 3579 2076 Jerusa-

2007 2125 2134 2190 lem,
2162 2123 2262 2177 hoc
2289 2130 2393 2183 est,
2422 2117 2677 2174 Ecclesia:
2699 2116 2865 2181 cives,
2899 2123 2954 2169 et
2977 2127 3092 2179 eos,
3134 2111 3225 2181 qui
3253 2111 3319 2164 ad
3355 2109 3582 2162 laudau-

2007 2219 2144 2272 dum.
2191 2211 2470 2270 constituti
2522 2217 2692 2265 sunt:
2725 2207 2816 2276 qui
2870 2219 3088 2261 rursum
3143 2203 3314 2271 accipi
3360 2207 3596 2271 possunt.

2008 2309 2295 2363 adorantes
2345 2303 2660 2365 Christum,
2709 2308 2763 2354 ct
2822 2297 3082 2355 submissi
3133 2294 3369 2351 oraculis
3407 2308 3581 2349 evan-

2007 2397 2190 2467 gelicis
2217 2433 2235 2460 ,
2277 2392 2595 2448 laudabilem
2645 2389 2884 2459 nullique
2933 2389 3105 2459 culpas
3150 2387 3361 2442 atIinem
3413 2385 3595 2439 vitam.

2007 2487 2330 2542 excolentes.
2377 2479 2673 2536 lmbecilles
2723 2480 2866 2534 enim
2912 2478 3028 2534 fore
3068 2477 3289 2533 omnino
3337 2474 3590 2529 veritatis

2010 2577 2275 2639 inimicos,
2303 2575 2637 2628 demonstrat
2668 2572 2782 2640 ipse
2809 2569 3059 2624 Salvator
3083 2583 3204 2622 cum
3236 2567 3365 2622 dicit
3399 2585 3411 2619 :
3449 2583 3468 2616 ι
3499 2564 3582 2618 Tu

2007 2683 2066 2723 es
2098 2667 2308 2729 Petrus,
2338 2673 2394 2718 et
2441 2679 2602 2730 super
2647 2664 2786 2716 hanc
2819 2671 3027 2730 petram
3075 2659 3354 2714 aedillcabo
3395 2656 3588 2710 Eccle-

2008 2760 2143 2815 siam
2174 2771 2373 2820 meam,
2394 2764 2450 2810 et
2478 2763 2646 2824 porta:
2673 2753 2833 2808 inferi
2861 2767 2965 2807 non
2995 2750 3366 2821 praevalebunt
3394 2749 3585 2802 adver-

2009 2865 2104 2905 sus
2150 2864 2269 2903 eam
2292 2848 2358 2900 33.
2397 2865 2417 2898 ι
2483 2847 2625 2900 Ecce
2689 2845 2779 2898 hic
2847 2851 3106 2897 conantes
3157 2855 3278 2894 eam
3333 2839 3583 2909 persequi

2010 2950 2194 3010 pert-as
2245 2948 2432 3002 vocat,
2499 2936 2660 2990 veluti
2722 2943 2936 3004 pestes,
2985 2941 3039 2987 et
3085 2932 3284 2994 exitia,
3341 2939 3394 2983 et
3454 2930 3595 2997 ipsis,

2011 3033 2346 3086 adhaerentes
2379 3032 2443 3084 ad
2484 3027 2704 3096 pedicas
2749 3023 3042 3079 inferorum
3084 3023 3348 3077 deducere
3376 3019 3582 3072 solitos.

2012 3123 2326 3190 Torpebunt
2360 3119 2544 3189 igitur,
2582 3117 2690 3170 imo
2728 3114 2983 3170 tollentur
3021 3112 3112 3180 qni
3149 3111 3347 3164 bellum
3388 3110 3436 3162 ei
3471 3123 3588 3160 ιιιο-

2012 3212 2212 3273 verint,
2243 3217 2296 3262 et.
2342 3210 2394 3262 in
2432 3205 2728 3275 perniciem
2773 3203 2946 3256 ibunt.
2977 3219 2996 3251 ‹
3025 3199 3206 3254 Multae
3239 3198 3404 3260 enim,
3444 3195 3585 3264 quod

2014 3316 2175 3355 nemo
2219 3298 2414 3361 nescit,
2447 3305 2572 3350 sunt
2625 3293 3005 3347 tribulationes
3037 3290 3304 3358 iustorum
3337 3288 3478 3342 :‘sed
3519 3287 3586 3341 de

2014 3395 2100 3448 his
2142 3390 2396 3448 omnibus
2435 3387 2686 3442 liberabit
2728 3400 2822 3440 eos
2861 3383 3117 3438 Dominus
3140 3379 3209 3436 ".
3243 3399 3260 3431 ι
3301 3380 3366 3434 Ει
3397 3393 3583 3433 verum

2015 3462 2116 3550 esi,
2153 3502 2172 3535 ι
2202 3496 2392 3538 omnes
2436 3480 2526 3549 qui
2559 3478 2646 3548 pie
2678 3476 2857 3531 volent
2890 3475 3068 3528 vivere
3100 3474 3152 3528 in
3183 3470 3420 3536 Christo,
3460 3485 3588 3538 per-

2015 3577 2320 3633 secutiones
2342 3585 2596 3642 passuros
2614 3571 2680 3623 ὀ.
2713 3591 2732 3619 ο
2769 3567 3034 3621 Caeterum
3078 3563 3295 3618 inutiles
3344 3569 3401 3615 ct
3431 3562 3586 3614 inva-

2015 3672 2154 3725 lidas
2227 3664 2602 3720 insidiantium
2669 3659 3022 3728 cogitationes
3084 3663 3148 3708 ct
3224 3668 3384 3707 ausus
3443 3652 3592 3720 ipsos

2015 3759 2270 3816 Christus
2297 3755 2444 3818 facit,
2469 3753 2558 3821 qui
2584 3750 2732 3804 dedit
2765 3766 2783 3799 ι
2816 3747 2970 3802 nobis
2996 3751 3318 3813 potestatem
3343 3741 3593 3795 calcandi-

2018 3850 2179 3921 783
2221 3861 2398 3916 supra-
2437 3851 2756 3912 serpentes,
2808 3847 2864 3893 et
2909 3838 3259 3905 scorpiones,
3322 3842 3377 3886 et
3427 3846 3599 3898 supra

2016 3958 2231 4000 omnem
2260 3942 2510 3994 virtutem
2540 3933 2744 3990 inimici
2767 3931 2835 3985 “.
2865 3950 2884 3982 ι
2923 3930 2992 3985 Et
3026 3927 3313 3984 conﬁrmat
3342 3939 3443 3979 nos
3465 3939 3588 3978 cum

2018 4038 2092 4091 ait
2121 4053 2135 4090 :
2169 4053 2186 4086 ι
2219 4033 2274 4088 In
2305 4031 2504 4086 mundo
2539 4039 2846 4098 pressuram
2877 4021 3163 4084 habebitis,
3193 4019 3286 4074 sed
3314 4016 3607 4079 conﬁdite,

2019 4129 2142 4199 quia
2173 4141 2272 4195 ego
2297 4125 2399 4178 vici
2437 4122 2694 4178 mundum
2717 4123 2786 4174 θ’.
2819 4137 2838 4170 ι
2875 4116 3153 4171 Tollentnr
3200 4114 3379 4179 itaque
3407 4125 3439 4162 e
3479 4123 3592 4161 nte-

2020 4221 2110 4274 dio
2151 4219 2242 4287 qui
2289 4215 2584 4285 aliquando
2615 4213 2669 4266 in
2723 4209 3017 4263 Ecelesiam
3056 4207 3390 4270 insurgunt:
3428 4211 3593 4264 super

2022 4312 2167 4380 ipsos
2213 4317 2416 4370 autem,
2469 4306 2571 4358 hoc
2633 4309 2737 4364 est,
2794 4313 2956 4365 super
3009 4295 3310 4353 credentes,
3360 4287 3615 4342 ubertinr

2028 4375 2058 4453 ι-
2080 4400 2302 4470 spiritus
2331 4395 2515 4464 gratia:
2536 4401 2589 4446 et
2629 4387 2989 4443 miserationis
3019 4405 3036 4437 ι
3090 4381 3400 4438 οίῖιιιιιιίιιιι·⁶
3422 4375 3613 4430 Ornat-

337 4482 401 4534 δέ
430 4496 493 4547 γε
526 4481 650 4541 τοὺς
682 4477 868 4540 αὐτοῦ,
911 4478 1153 4532 τουτέστι
1203 4483 1329 4544 τοὺς
1373 4482 1792 4546 πιστεύσαντας,
1821 4486 1913 4537 ἐκ·

2021 4467 2162 4546 οιιίιιι
2193 4503 2292 4543 nos
2329 4486 2486 4541 bonis
2518 4480 2828 4537 coelestibus
2875 4479 3013 4532 Deus
3041 4481 3100 4531 et
3132 4473 3316 4555 Pater,
3344 4479 3398 4522 et
3429 4467 3594 4534 spiri-

340 4574 522 4642 χεῖται
558 4568 825 4631 πλουσίως
870 4587 888 4619 ι
915 4568 1136 4638 Πνεῦμα
1183 4571 1401 4640 χάριτος
1430 4571 1524 4625 καί
1550 4573 1855 4643 οἰκτιρμοῦ.
1892 4594 1910 4627 ι

339 4664 611 4732 Στεφανοῖ
643 4661 750 4732 γὰρ
788 4662 936 4730 ἡμᾶς
956 4662 1068 4724 τοῖς
1096 4661 1299 4716 ἄνωθεν
1338 4663 1562 4729 ἀγαθοῖς
1608 4665 1636 4716 ὁ
1665 4665 1794 4729 Θεὸς
1825 4665 1922 4719 καὶ,

345 4755 561 4824 Πατὴρ,
619 4753 714 4805 καὶ
759 4752 1142 4822 πνευματικῶν
1193 4753 1496 4823 ἐμπίπλησι
1542 4758 1916 4828 χαρισμάτων,

345 4847 436 4900 ἵνα
465 4846 554 4899 τὸν
593 4845 693 4915 τῆς
731 4845 970 4907 διανοίας
1004 4844 1280 4914 ὀφθαλμὸν
1323 4847 1459 4914 πρὸς
1497 4848 1658 4902 αὑτὸν
1701 4851 1916 4904 ἀνατεί-

341 4955 554 5002 ναντες,
588 4938 674 4990 ἐπ’
707 4935 854 5006 αὐτῷ
883 4939 1061 4989 πᾶσαν
1087 4937 1302 5007 ἔχοιμεν
1336 4938 1543 4992 ἐλπίδα.
1583 4939 1750 4994 Τοῦτο
1785 4941 1914 5012 γὰρ,

341 5023 520 5098 οἶμαι,
562 5028 677 5081 ἔστι
719 5027 798 5094 τὸ,
845 5045 864 5078 ι
909 5028 1318 5096 Ἐπιϐλέψονται
1357 5030 1491 5100 πρός
1528 5048 1618 5101 με.
1657 5050 1675 5083 ι
1710 5034 1925 5086 Διακεί-.

351 5140 504 5194 μενοι
534 5123 589 5175 δὲ
619 5123 778 5186 οὕτω,
813 5121 1126 5192 γαννύμεθα
1157 5122 1254 5192 μὲν
1282 5121 1366 5190 ἐφ’
1395 5124 1626 5188 ἑαυτοῖς,
1661 5125 1839 5193 φαμὲν
1863 5125 1918 5176 δὲ

347 5213 414 5279 δὴ
455 5211 857 5280 δοξολογοῦντες
885 5211 1044 5264 Θεόν·
1083 5229 1102 5263 ι
1138 5212 1382 5280 Εύλόγει,
1424 5215 1456 5282 ή
1488 5213 1632 5284 ψυχή
1671 5229 1795 5283 μου,
1825 5211 1917 5264 τὸν

347 5305 574 5376 Κύριον,
609 5307 699 5359 τὸν
746 5305 1122 5359 εύῖλατεύοντα
1168 5305 1346 5368 πάσας
1381 5305 1478 5369 τὰς
1524 5306 1751 5374 ἀνομίας
1800 5321 1915 5367 σου,

351 5396 443 5450 τὸν
481 5398 704 5467 ἰώμενον
746 5397 924 5459 πάσας
956 5396 1054 5459 τὰς
1077 5397 1264 5459 νόσους
1294 5413 1408 5461 σου,
1436 5395 1527 5448 τὸν
1556 5395 1917 5465 λυτρούμενον

2027 4582 2259 4636 tnalibus
2287 4577 2441 4633 donis
2471 4573 2730 4637 cumulat,
2757 4581 2816 4626 ut
2857 4567 3053 4623 mentis
3077 4563 3290 4621 oculum
3318 4561 3384 4613 ad
3417 4561 3614 4626 ipsum.

2025 4673 2296 4736 tollentes,
2347 4683 2563 4725 omnem
2615 4668 2670 4720 in
2721 4679 2786 4720 eo
2840 4661 3090 4716 ﬁduciam
3133 4656 3476 4712 collocemus.
3538 4646 3623 4704 Id»

2025 4765 2169 4819 enim
2208 4772 2312 4826 est,
2342 4762 2553 4831 Opinor,
2588 4757 2730 4827 quod
2773 4755 2928 4820 dicit,
2967 4773 2985 4804 ‹
3012 4749 3283 4820 Aspicient
3314 4746 3379 4798 ad
3427 4755 3530 4795 me.
3568 4759 3615 4793 ι.

2026 4855 2141 4922 Quo
2169 4854 2384 4923 quidem
2420 4852 2578 4904 modo
2617 4848 2817 4910 allecti,
2859 4845 3102 4900 lzetamur
3130 4841 3182 4894 in
3219 4840 3360 4897 sinu,
3401 4841 3454 4885 et
3482 4831 3598 4882 lau-

2026 4947 2221 5000 dantes
2251 4944 2533 4998 Dominum
2567 4940 2797 4993 dicimus
2830 4957 2844 4992 :
2880 4955 2898 4987 ι
2928 4932 3176 4993 Benedic,
3223 4926 3401 4978 anima
3453 4934 3619 4985 mea,‘

2030 5035 2351 5095 Dominum,
2407 5030 2495 5100 qui
2551 5027 2873 5098 prepitiatur
2916 5021 3165 5082 omnibus
3223 5009 3607 5100 iniquitatibus

2031 5127 2158 5187 tuis,
2192 5124 2280 5191 qui
2315 5129 2473 5176 sanat
2505 5133 2695 5174 omnes
2721 5115 3068 5170 infirmitates
3097 5119 3234 5170 tuas,
3262 5103 3352 5173 qui
3380 5099 3610 5154 redimit.

2029 5216 2092 5267 de
2136 5212 2355 5267 interitu
2390 5211 2552 5263 vitam
2599 5218 2764 5268 tuam,
2796 5204 2888 5273 qui
2930 5207 3153 5256 coronat
3200 5206 3250 5247 te
3297 5193 3348 5245 in
3383 5187 3598 5242 miseri-

2029 5304 2210 5358 cordia
2243 5311 2298 5355 et
2339 5299 2800 5361 miserationibus,
2833 5293 2921 5362 qui
2965 5289 3132 5359 replet
3165 5287 3217 5340 in
3260 5281 3416 5338 bonis
3454 5279 3598 5334 desi-

2027 5394 2234 5447 derium
2265 5401 2410 5446 tuum
2437 5391 2502 5440 '3.
2536 5408 2553 5439 ι

353 5488 418 5544 ἐκ
446 5488 648 5556 φθορᾶς
690 5487 788 5558 τὴν
836 5489 980 5558 ζωήν
1021 5506 1136 5564 σου,
1167 5489 1267 5558 ,τὸν
1336 5487 1704 5558 στεφανοῦντά
1751 5505 1810 5539 σε
1857 5488 1913 5540 ἐν
1954 5487 2092 5540 ἐλέει
2138 5486 2230 5538 καὶ
2290 5483 2610 5552 οἰκτιρμοῖς,
2637 5477 2730 5528 τὸν
2795 5473 3146 5543 ἐμπιπλῶντα
3169 5472 3224 5524 ἐν
3252 5468 3470 5538 ἀγαθοῖς
3496 5460 3618 5532 τὴνςτ

355 5580 646 5650 ἐπιθυμίαν
674 5597 787 5633 σου.
825 5599 840 5630 ι

423 5695 464 5726 ⁸⁷
501 5693 663 5747 llchr.
697 5710 735 5757 ι,
779 5693 829 5745 ’5.
906 5693 948 5723 ⁸⁸
977 5691 1156 5748 Matth.
1184 5711 1294 5759 λιί,
1327 5696 1407 5749 l8.
1483 5696 1525 5726 ⁸ο
1554 5693 1692 5746 l‘sal.
1726 5707 1912 5756 xxxul,

2017 5726 2028 5740 .
2110 5688 2153 5716 νο
2186 5685 2225 5738 ll
2254 5685 2391 5739 'l‘im.
2429 5698 2507 5748 ιιι,
2569 5678 2651 5734 19.
2730 5679 2768 5707 "‘
2807 5675 2932 5729 LUC.
2971 5691 3018 5740 ν,
3060 5676 3135 5730 l9.
3215 5675 3258 5704 “'3
3288 5671 3438 5726 Joan.
3475 5681 3604 5737 xvt,‘

358 5763 448 5824 ὅδε
521 5764 566 5795 ’³
600 5762 739 5817 Psal.
777 5778 869 5827 cu,
908 5762 1013 5815 1-5.
