4026 6276
313 390 421 445 225

1127 383 1686 441 COMMENTARIUS
1729 383 1793 439 IN
1836 381 2236 439 ZACliARlAM
2278 381 2724 440 PROPHETAM.

3475 389 3581 447 225

389 503 504 570 ιβ’.
552 499 1008 571 Καταδῃουμένης
1052 498 1269 569 ἁπάσης
1315 498 1417 568 τῆς
1454 499 1712 561 Ἰουδαίας
1764 498 1905 551 κατὰ

2077 496 2240 553 XCV.
2291 497 2455 552 Ferro
2484 498 2699 568 ignique
2727 495 3028 552 deformata
3049 498 3176 554 olim
3209 499 3459 558 universa
3479 501 3582 558 Ju-

320 592 544 662 καιροὺς
590 590 692 642 ὑπὸ
735 589 834 657 τῆς
868 589 1153 658 Ῥωμαίων
1186 589 1478 658 στρατιᾶς,
1516 588 1609 640 καί¹
1644 587 1810 657 αὐτῆς
1845 587 1902 640 δὲ

322 681 779 754 πολιορκουμένης
813 679 914 750 τῆς
951 679 1307 750 Ἰερουσαλὴμ
1329 720 1343 740 ,
1395 679 1634 732 τοιοῦτον
1686 677 1903 731 ἔσεσθαί

323 791 455 842 φησι
505 770 649 842 παρὰ
697 770 804 822 τῶν
852 771 911 822 ὲν
955 770 1092 841 αὐτῇ
1143 771 1235 824 τὸν
1291 769 1546 833 κοπετὸν,
1597 771 1783 824 ὁποῖον
1837 767 1904 822 ἂν

324 867 601 935 ποιήσαιτο
660 860 895 932 γηπόνος
947 861 1143 930 ῥοῶνος
1190 863 1613 934 ὲκκοπτομένου.
1667 863 1906 927 Εὐανθὲς

327 957 420 1027 μὲν
448 955 554 1024 γὰρ
585 952 646 1005 τί)
678 953 865 1021 φυτὺν,
897 952 994 1006 καὶ
1022 953 1246 1022 συχνούς
1273 954 1337 1006 ὲκ
1367 953 1524 1025 ῥίζης
1552 953 1736 1024 ἀνίησι
1763 952 1906 1007 κλῶ-

322 1065 414 1111 νας
443 1046 658 1116 ὀρθοὺς,
690 1045 784 1096 καὶ⁸
813 1044 1279 1115 εὐμηκεστάτους,
1314 1045 1360 1097 εί
1393 1045 1450 1098 δὲ
1477 1046 1541 1116 δὴ
1587 1046 1680 1098 καὶ
1724 1046 1908 1109 αὐτοῖς

319 1138 665 1208 ὲξωραῖζοιτο
695 1138 807 1199 τοῖς
856 1137 1090 1205 καρποῖς
1112 1176 1126 1200 ,
1179 1141 1301 1188 τότε
1347 1136 1411 1207 δὴ
1444 1136 1681 1207 μάλιστα
1724 1137 1818 1190 καὶ
1850 1139 1908 1189 ὲν

319 1229 502 1299 πολλῷ
541 1230 720 1282 κεῖται
771 1225 1034 1297 θαύματι.
1079 1225 1289 1297 Χρῆμα
1328 1227 1436 1296 7&9
1481 1227 1821 1298 ἀξιέραστον,
1871 1229 1904 1298 ὴ

321 1321 478 1391 ῥοιὰ,
529 1317 746 1390 φυσικῷ
798 1319 1176 1390 διαπρέπουσα
1243 1319 1430 1372 κάλλει
1486 1321 1596 1374 τῶν
1647 1321 1909 1392 ὀρπήκων

321 1410 711 1480 ἀπηρτημένη,
740 1407 835 1462 καὶ
861 1412 972 1472 τοῖς
1002 1409 1109 1461 ἔσω
1129 1410 1349 1474 κόκκοις
1378 1411 1909 1482 συμπεφοινιγμένον

321 1501 529 1572 ἔχουσα
573 1501 682 1554 τῶν
726 1500 1000 1572 ὲλύστρων
1042 1501 1102 1552 τὸ
1151 1495 1310 1563 εἶδος.
1368 1501 1657 1579 Πάνδεενον
1706 1501 1786 1567 δὲ,
1835 1501 1910 1564 ὡς

320 1593 480 1663 ἔφην,
512 1593 606 1644 καὶ
643 1591 884 1660 ἀνιαρὸν,
916 1590 1050 1661 ὁμοῦ
1095 1593 1208 1654 τοῖς
1247 1593 1483 1662 καρποῖς
1521 1591 1908 1664 ἀποκείρεσθαι

320 1683 382 1736 τὸ
431 1683 617 1751 φυτόν.
661 1682 801 1735 Ἀλλ’
849 1677 918 1752 ἦν
955 1699 1006 1735 τι
1055 1681 1293 1737 τοιοῦτον
1328 1683 1458 1736 ἰδεῖν
1490 1685 1601 1746 τοῖς
1635 1682 1909 1746 Ἰουδαίοις

324 1775 642 1845 συμϐαῖνον.
675 1775 837 1827 Ὅσον
871 1774 971 1844 μὲν
999 1771 1110 1843 7&9
1137 1773 1261 1843 ἥκει
1301 1774 1380 1836 εἰς
1407 1773 1507 1836 τὰς
1533 1775 1598 1826 ὲκ
1631 1773 1795 1843 νόμου
1827 1791 1907 1826 τι-

325 1866 467 1937 μὰς,
510 1868 684 1936 ῥοιαῖς
738 1865 1036 1936 ὲγκάρποις
1081 1864 1503 1935 παρεικάζοιντο
1539 1865 1606 1918 ἂν
1653 1865 1911 1928 εἰκότως,
1944 1855 1988 1910 Β

322 1961 370 2011 οἱ
410 1956 740 2028 προύχοντες
785 1958 844 2010 ἐν
882 1957 1088 2020 αὐτοῖς·
1119 1957 1170 2010 oi.
1211 1956 1311 2027 μὲν
1350 1955 1460 2027 γὰρ
1504 1957 1568 2009 ἐκ
1609 1956 1708 2026 τῆς
1745 1955 1914 2009 Ἰούδα

323 2049 529 2120 φυλῆς,
577 2051 705 2113 τοὺς
751 2049 852 2118 τῆς
904 2048 1182 2118 βασιλείας
1231 2049 1506 2111 διέποντες
1559 2048 1782 2119 θρόνους
1835 2048 1915 2111 είς

322 2141 478 2212 λῆξιν
515 2141 764 2203 εὐκλείας
798 2139 1040 2194 τέθειντο
1067 2140 1194 2210 παρ’
1220 2140 1423 2202 αὐτοῖς.
1468 2139 1530 2192 Οί
1559 2138 1617 2190 δὲ
1648 2139 1712 2192 ὲκ
1743 2137 1915 2208 φυλῆς

324 2236 459 2288 Λευῖ
499 2236 610 2298 τοῖς
650 2235 750 2305 τῇς
781 2230 1080 2302 ἱερωσύνης
1124 2231 1435 2302 αὐχήμασιν
1476 2225 1535 2283 εὖ
1590 2229 1735 2300 μάλα
1781 2246 1914 2282 κατ-

327 2323 681 2394 εστεμμένοι,
744 2321 989 2392 λαμπροί
1037 2338 1096 2372 τε
1124 2315 1266 2390 ἦσαν
1310 2321 1406 2374 καὶ
1440 2320 1734 2390 διαϐόητοι.
1763 2319 1828 2372 Τί
1868 2319 1913 2372 δ’

325 2413 394 2468 ἂν
436 2413 647 2482 λέγοιμι
691 2412 886 2482 κριτάς
923 2428 980 2463 τε
1034 2410 1130 2464 καὶ
1164 2411 1453 2480 νομικοὺς,
1503 2411 1596 2462 καὶ
1632 2410 1758 2473 τοὺς
1795 2410 1914 2473 ταῖς

328 2500 546 2571 ἑτέραις
595 2502 785 2569 τιμαῖς
843 2497 1384 2568 κατηγλαϊσμένου;;
1445 2497 1660 2569 Ἐπειδὴ
1706 2499 1762 2550 δὲ
1815 2515 1916 2551 πε-

329 2593 722 2662 παρῳνήκασιν
749 2591 830 2653 εἰς
863 2589 1120 2658 Χριστὸν,
1147 2589 1383 2642 δέδονται
1413 2592 1523 2650 τοῖς
1555 2589 1789 2660 ἐχθροῖς,
1821 2590 1916 2642 καὶ

329 2682 742 2754 καταδῃούντων
790 2681 974 2745 αὐτοῖς
1024 2681 1124 2751 τὴν
1165 2679 1348 2751 χώραν
1402 2679 1811 2733 Οὐεσπασιανοῦ
1855 2697 1914 2732 τε

329 2772 428 2825 καὶ
461 2771 641 2834 Τίτου,
682 2768 1146 2840 πολιορκουμένης
1173 2785 1232 2820 τε
1273 2770 1372 2838 τῆς
1410 2767 1789 2838 Ἰερουσαλὴμ,
1823 2767 1916 2821 καὶ

329 2863 540 2924 πάντας
565 2861 690 2924 τοὺς
719 2861 775 2912 ὲν
803 2859 939 2930 αὐτῇ
969 2858 1129 2930 λιμοῦ
1159 2858 1599 2928 καταφθίνοντος,
1627 2857 1827 2929 θρήνου
1857 2874 1916 2912 τε

329 2954 427 3006 καὶ
459 2951 688 3005 κοπετοῦ
713 2951 782 3004 τὰ
813 2951 992 3004 πάντα
1024 2949 1402 3020 πεπλήρωται.
1430 2951 1716 3019 Μαρτυρεῖ
1742 2950 1800 3003 δὲ
1824 2950 1917 3003 καὶ

345 3043 628 3114 Ἰώσηπος.
659 3042 738 3094 Τὰ
767 3042 874 3112 7&9
913 3041 1014 3111 τῆς
1053 3040 1348 3107 Ἀλώσεως
1398 3040 1576 3111 βιϐλία
1611 3040 1915 3107 συντιθεὶς,

330 3133 444 3203 ἔφη·
476 3151 576 3186 που
612 3132 739 3202 περὶ
765 3132 873 3184 τῶν
909 3131 1297 3202 Ἱεροσολύμων
1337 3134 1523 3196 αὑταῖς
1555 3133 1764 3199 λέξεσιν
1791 3127 1914 3188 ὧδεο

331 3193 554 3294 Ιί-ομμοὶ
577 3223 633 3276 δὲ
663 3193 803 3294 ἦσαν
845 3223 947 3276 ἀνὰ
982 3193 1082 3294 τὴν
1118 3193 1270 3276 πάλιν
1304 3193 1577 3294 πανταχῆ,
1617 3193 1830 3296 οἰμωγὴ
1861 3225 1918 3278 δὲ
1946 3193 1987 3250 c

329 3315 668 3384 διαπρύσιος,
709 3314 802 3365 καὶ
847 3312 1042 3382 θρῆνος
1089 3314 1463 3381 ἐγκέλευστος.
1494 3316 1701 3387 Ὠσπερ
1736 3315 1793 3367 δὲ
1825 3315 1919 3367 Λί-

333 3408 520 3470 ϐανον,
555 3407 648 3460 καὶ
678 3405 882 3476 δρυμὸν
915 3405 1083 3476 αὐτὴν
1113 3405 1382 3475 ὠνόμαζε,
1414 3405 1588 3473 λέγων
1610 3423 1622 3436 ·
1662 3424 1680 3456 ι
1711 3406 1920 3460 Διάνοι-

333 3501 452 3566 ξον,
477 3503 504 3552 ὁ
531 3498 779 3562 Λίϐανος,
807 3497 905 3560 τὰς
933 3497 1101 3567 θύρας
1133 3514 1247 3564 σου,
1276 3498 1371 3551 καὶ
1414 3498 1778 3567 καταφαγέτω
1809 3499 1920 3569 πῦρ

329 3585 435 3647 τὰς
479 3584 698 3657 κέδρους
757 3601 876 3637 σου.
928 3584 1262 3650 Ὀλολυξὰτω
1309 3585 1499 3652 πίτυς,
1545 3587 1629 3639 ὅτι
1663 3587 1919 3640 πέπτωκε

333 3676 563 3746 κέδρος,
611 3676 694 3727 ὅτι
756 3674 1013 3744 μεγάλως
1064 3675 1387 3746 μεγιστᾶνες
1443 3677 1918 3749 ἐταλαιπώρησαν.

347 3768 688 3834 Ὀλολύξατε,
722 3767 880 3839 δρύες
914 3769 1012 3838 τῆς
1035 3767 1413 3832 Βασανίτιδος,
1450 3771 1530 3822 ὅτι
1566 3769 1921 3841 κατεσπάσθη

331 3861 366 3912 ὁ
390 3858 590 3930 δρυμὸς
613 3860 640 3910 ὁ
675 3859 982 3928 σύμφυτος·
1014 3875 1032 3907 ι
1069 3855 1214 3910 οὕτω
1251 3856 1345 3909 καὶ
1384 3856 1559 3927 ῥοῶνα
1591 3858 1921 3928 κοπτόμενον

327 3950 612 4019 ὀνομάζει.
659 3949 994 4001 Πιστώσεται
1023 3947 1080 4000 δὲ
1108 3947 1199 4000 τὸν
1239 3947 1396 4015 λόγον
1439 3948 1533 4000 καὶ
1575 3951 1601 3997 ὁ
1639 3949 1921 4011 θεσπέσιος

332 4043 645 4107 Ματθαῖος,
691 4044 803 4104 τοῖς
841 4040 1106 4094 Ἰουδαίων
1163 4039 1353 4109 δήμοις
1397 4040 1918 4111 προσπεφωνηκώς·

333 4156 362 4190 -ι
396 4137 534 4207 Ἤδη
562 4137 619 4190 δὲ
656 4137 749 4188 καὶ
779 4137 812 4205 ἡ
849 4135 1006 4204 ἀξίνη
1041 4133 1177 4204 πρὸς
1204 4135 1301 4203 τὴν
1338 4135 1490 4204 ῥίζαν
1536 4135 1647 4188 τῶν
1689 4137 1923 4207 δένδρων

330 4230 533 4282 κεῖται.
565 4228 682 4279 Πᾶν
729 4221 821 4280 οῦν
862 4226 1076 4295 δένδρον
1114 4225 1188 4296 μὴ
1241 4224 1430 4278 ποιοῦν
1469 4227 1680 4296 καρπὸν
1735 4228 1919 4290 καλὸν,

330 4318 696 4379 ἐκκόπτεται,
741 4316 834 4368 καὶ
871 4316 951 4377 είς
990 4315 1101 4385 πῦρ
1151 4314 1432 4384 βάλλεται,
1488 4317 1580 4369 καὶ
1625 4316 1859 4370 καίεται.
1898 4337 1916 4369 ι

334 4410 538 4462 Ἔσται
569 4409 746 4460 τοίνυν
776 4406 936 4471 οὓτω,
969 4408 1125 4476 φησι,
1159 4407 1330 4476 μέγας
1359 4409 1387 4460 ὁ
1414 4408 1473 4461 ὲν
1497 4409 1635 4479 αὐτῇ
1671 4410 1920 4476 κοπετδς,

2005 589 2116 642 i'ata
2187 603 2216 642 a
2270 587 2518 644 Romano
2576 590 2856 656 exercitu,
2912 589 3138 658 ipsaque
3207 589 3583 664 Hierosolyma

2005 679 2286 735 obsidione
2313 680 2512 744 cincta,
2545 680 2701 734 talem
2733 680 2800 736 ab
2838 680 3031 736 incolis
3065 680 3340 750 planctum
3377 685 3582 739 editum

2005 771 2200 838 iri-ait,
2232 771 2446 842 qualem
2481 773 2665 827 ederet
2688 771 2928 842 agricola
2963 773 3145 828 excisa
3186 773 3327 827 malo
3361 775 3582 844 punica.

2008 864 2100 918 Est
2144 863 2289 918 enim
2337 865 2438 919 hoc
2480 879 2650 936 genus
2679 865 2891 920 arboris
2930 864 3311 928 bellissimum,
3362 875 3524 936 atque
3552 882 3584 922 a

2009 956 2187 1010 radice
2228 957 2279 1009 in
2325 959 2567 1022 crebros,
2629 965 2828 1012 teretes
2878 971 2942 1011 ac
2977 957 3188 1026 patulos
3222 956 3474 1012 diiiusum
3505 973 3588 1014 ra-

2009 1062 2126 1102 mos
2178 1048 2606 1117 exsurgit,ipsis
2655 1062 2871 1116 quoque
2908 1047 3189 1114 ,l'ructibus
3236 1049 3583 1117 decoratum,

2010 1139 2262 1209 inprimis
2294 1149 2378 1194 est
2415 1139 2752 1195 admirabile.
2797 1140 3120 1196 Gratissima
3155 1142 3302 1195 enim
3349 1157 3438 1197 res
3472 1157 3588 1197 ma-

2012 1231 2121 1285 lum
2177 1231 2453 1300 punicum,
2505 1231 2737 1286 naturali
2781 1231 3180 1300 pulchritudine
3220 1232 3502 1300 eximium,
3553 1248 3584 1288 a

2014 1337 2166 1376 ramo
2218 1321 2548 1391 dependens,
2603 1330 2660 1376 et
2705 1336 2828 1376 cum
2882 1323 3064 1390 granis
3113 1323 3258 1378 intus
3301 1325 3584 1379 rubentem

2012 1416 2216 1469 habens
2256 1414 2536 1470 corticem.
2564 1413 2955 1469 Gravissimum
3004 1423 3181 1470 autem
3233 1424 3290 1470 et
3317 1415 3589 1472 molestis-

2011 1505 2232 1570 simum,
2263 1514 2321 1558 ut
2351 1505 2618 1569 dicebam,
2655 1503 2818 1559 simul
2859 1518 2983 1558 cum
3030 1503 3294 1559 fructibus
3338 1504 3586 1558 arborem

2011 1586 2306 1664 amputari.
2372 1593 2648 1665 Ejusmodi
2711 1593 2966 1663 quiddam
3027 1592 3230 1647 ludatis
3300 1594 3592 1664 contigisse

2011 1687 2202 1741 videre
2245 1686 2390 1740 licet.
2443 1685 2579 1739 Nam
2613 1686 2755 1754 quod
2801 1686 2869 1740 ad
2910 1685 3142 1739 honores
3172 1694 3394 1754 propter
3421 1684 3592 1754 legem

2013 1787 2299 1846 perci-ptos
2326 1776 2541 1842 attinet,
2581 1792 2687 1832 non
2721 1775 2994 1830 immerito
3020 1775 3176 1830 malis
3208 1776 3418 1846 punicis
3446 1790 3595 1831 eom-

2017 1877 2294 1938 parentur,
2335 1869 2426 1937 qui
2465 1869 2607 1922 iuter
2649 1881 2741 1921 eos
2789 1867 3089 1936 principem
3127 1867 3303 1920 locum
3345 1867 3594 1922 obtinue-

2017 1967 2164 2012 runt.
2203 1958 2480 2026 Siquidem
2511 1959 2577 2012 de
2601 1957 2742 2012 tribu
2791 1967 2844 2011 et
2873 1955 3078 2010 familia
3109 1955 3244 2011 Juda
3275 1958 3514 2024 oriundi,
3541 1967 3596 2012 et

2017 2065 2182 2120 regno
2219 2049 2492 2120 praepositi
2522 2049 2573 2102 in
2609 2063 2820 2104 summa
2852 2035 2995 2123 apud
3036 2063 3129 2103 eos
3153 2049 3323 2118 gloria
3355 2050 3592 2104 fuerunt.

2016 2142 2265 2198 Tribules
2308 2153 2484 2196 autem
2536 2141 2684 2206 Levi,
2723 2139 2888 2211 785
2918 2140 3208 2195 sacerdotii
3255 2143 3595 2196 ornamentis

2016 2234 2505 2307 congruentissime
2554 2233 2916 2298 cohonestati,
2965 2232 3018 2286 in
3059 2233 3314 2286 claritate
3359 2243 3414 2286 ct
3447 2233 3595 2287 cele-

2015 2327 2218 2382 britate
2264 2327 2534 2382 vixerunt.
2568 2324 2706 2392 Quid
2763 2338 2861 2393 ego
2892 2324 2956 2378 de
2985 2323 3285 2392 iudicibus,
3335 2333 3390 2377 et
3418 2323 3592 2394 legunt

2016 2416 2225 2485 peritis,
2254 2422 2308 2468 et
2335 2413 2455 2467 aliis
2483 2412 2779 2467 honoribus
2809 2410 3092 2464 illustratis
3122 2409 3337 2463 dicam?
3359 2409 3430 2463 At
3450 2417 3597 2478 post-

2017 2522 2178 2576 quam
2207 2507 2259 2560 in
2288 2505 2562 2560 Christum
2595 2503 2908 2558 dcbacchati
2943 2512 3089 2567 sunt,
3119 2502 3368 2558 hOStibus
3407 2503 3592 2557 traditi

2017 2605 2186 2663 sunt,
2238 2595 2678 2666 Vespasianoqne
2739 2609 2804 2647 ac
2858 2592 2980 2647 Tito
3023 2607 3208 2647 eorum
3263 2592 3594 2660 provinciam

2019 2687 2489 2757 depopulantibus,
2526 2696 2580 2740 et
2624 2684 3052 2756 Hierosolymam
3096 2682 3493 2743 obsidentibus,
3543 2690 3599 2735 ct

2019 2779 2160 2833 fame
2205 2779 2407 2832 incolas
2455 2792 2644 2831 onmes
2671 2784 2956 2838 enecante,
3005 2773 3242 2827 lamenta
3292 2781 3345 2828 et
3375 2772 3594 2842 planctu

2018 2871 2196 2926 omnia
2236 2869 2620 2924 redundarnnt.
2663 2867 2916 2922 Testatur
2943 2875 2998 2920 et
3027 2864 3317 2935 Josephus.
3351 2863 3484 2917 Nam
3539 2863 3595 2916 in

2019 2961 2176 3015 libris
2199 2960 2272 3014 De
2296 2960 2426 3014 bello
2449 2959 2678 3013 Iudaico
2704 2958 2899 3012 alicubi
2926 2957 2993 3012 de
3017 2956 3384 3026 Hierosolyma
3409 2955 3595 3008 scribit

2022 3055 2074 3108 in
2106 3057 2219 3109 haec
2253 3054 2415 3108 verba
2452 3070 2463 3104 :
2498 3053 2645 3108 Urbe
2682 3063 2790 3105 tota
2832 3053 3142 3120 plangores,
3180 3049 3510 3116 etgemitus,
3546 3056 3600 3101 et

2022 3145 2260 3198 lamenta
2316 3144 2501 3198 dolore
2545 3156 2800 3209 expressa
2848 3140 2954 3192 late
3004 3138 3381 3193 audiebantur.
3424 3136 3492 3190 Et
3541 3145 3600 3189 ut

2022 3250 2142 3290 eam
2195 3236 2457 3290 Libanum
2513 3245 2568 3287 et
2625 3233 2822 3286 saltum
2877 3231 3125 3294 vocavit,
3173 3244 3295 3284 cum
3345 3228 3596 3283 diceret:

2031 3344 2048 3377 ι
2079 3326 2271 3396 Aperi,
2305 3324 2738 3392 Libane,porlas
2779 3331 2918 3384 luas,
2949 3330 3002 3373 et
3044 3319 3183 3387 ignis
3229 3318 3476 3373 comedat
3509 3331 3600 3372 ce-

2024 3417 2332 3470 dros‘tuas.
2377 3413 2551 3468 Ulnlet
2595 3413 2770 3480 pinus,
2810 3411 2934 3478 quia
2979 3410 3174 3463 cecidit
3211 3409 3427 3473 cedrus,
3459 3422 3600 3476 quo-

2025 3509 2166 3561 niam
2214 3514 2491 3575 tnagnatcs
2521 3487 2866 3556 vehementer
2896 3500 3017 3554 facti
3066 3507 3192 3554 sunt
3219 3499 3424 3553 miseri.
3465 3497 3598 3556 Ulu-

2024 3599 2150 3663 lntc,
2186 3610 2418 3666 quercus
2469 3593 2839 3656 Basanitidis,
2898 3592 3152 3659 quoniam
3221 3591 3460 3645 succisus
3519 3599 3601 3644 est

2023 3690 2190 3742 saltus
2218 3687 2459 3740 consitus
2481 3687 2501 3716 ¹
2534 3702 2547 3736 :
2590 3702 2608 3733 ι
2647 3683 2726 3737 sic
2773 3697 2919 3735 nunc
2956 3683 3084 3734 item
3119 3679 3315 3733 malum
3348 3679 3598 3746 punicum

2025 3780 2262 3833 excisam
2315 3775 2565 3846 appellat.
2609 3773 2786 3828 Testis
2832 3773 3040 3825 accedit
3094 3780 3148 3824 et
3199 3770 3412 3824 divinus
3465 3768 3601 3822 Mat-

2024 3870 2222 3932 thaaus,
2287 3868 2376 3921 ubi
2441 3863 2636 3934 pepnlo
2677 3862 2989 3917 Judaeorum
3038 3861 3111 3913 ita
3167 3859 3597 3928 praenuntiatum

2032 3959 2199 4014 «Jam
2258 3957 2466 4013 securis
2521 3956 2586 4009 ad
2649 3954 2885 4008 radicem
2954 3952 3206 4006 arborum
3269 3951 3438 4019 posita
3497 3960 3597 4004 est.

2025 4052 2214 4109 Omnis
2274 4051 2435 4120 igitur
2490 4047 2652 4102 arbor
2699 4059 2805 4099 non
2865 4045 3045 4097 ferens
3095 4041 3326 4096 fructum
3375 4041 3598 4104 bonum,

2025 4140 2386 4205 exscindilur,
2425 4148 2480 4191 et
2512 4137 2563 4189 in
2598 4137 2774 4203 ignem
2819 4133 3072 4197 mittitur,
3105 4139 3158 4184 et
3197 4129 3413 4184 ardet‘.
3453 4148 3470 4179 ι
3515 4129 3601 4182 ln-

2025 4233 2143 4303 quit
2172 4247 2325 4299 ergo,
2356 4236 2537 4282 tantus
2585 4226 2810 4280 exsistet
2863 4224 2914 4275 in
2980 4237 3044 4276 ea
3093 4219 3358 4290 planctus,
3429 4235 3602 4287 quan-

2029 4333 2114 4378 tus
2177 4328 2527 4376 exarescente
2593 4317 2709 4383 ejus
2780 4313 2954 4366 fructu
3003 4312 3318 4378 improviso,
3367 4320 3420 4362 et
3486 4309 3599 4375 ipsa

2027 4415 2226 4469 excisa.
2261 4431 2279 4462 ι
2311 4411 2534 4478 Planget
2579 4416 2758 4459 autem
2790 4414 2933 4457 terra
2967 4415 3064 4470 per
3105 4399 3277 4454 tribus
3304 4409 3357 4453 et
3399 4399 3598 4461 tribus,

327 4493 452 4558 οἷος
493 4496 559 4548 ἂν
592 4495 801 4562 γένοιτο
847 4493 1070 4563 ροὦνος,
1118 4494 1467 4564 ὲκτεθηλότος
1501 4495 1649 4563 αύτῷ
1685 4495 1925 4565 δηλονότι

2035 4515 2088 4558 et
2131 4504 2382 4558 mulieres
2421 4514 2606 4552 eorum
2651 4510 2914 4550 seorsum.
2953 4513 2970 4543 ι
3023 4490 3138 4545 Non
3190 4498 3436 4559 putamus
3467 4503 3601 4543 sane

332 4586 437 4641 τοῦ
471 4583 706 4657 καρποῦ,
736 4583 828 4636 καὶ
855 4583 1131 4653 ἀδοκήτως
1170 4582 1598 4652 ὲκκοπτομένου.
1635 4601 1652 4633 ι
1683 4585 1923 4653 Κόψεται

331 4680 399 4733 δὲ
428 4680 460 4749 ἡ
494 4678 568 4747 γῆ
607 4675 749 4729 κατὰ
782 4675 953 4745 φυλὰς
986 4674 1176 4742 φυλὰς,
1225 4675 1320 4726 καὶ
1361 4675 1417 4725 αἱ
1462 4677 1714 4742 γυναῖκες
1746 4679 1924 4733 αὐτῶν

333 4769 463 4824 καθ’
501 4766 720 4830 ἑαυτάς.
750 4785 767 4817 ι
802 4767 913 4820 Καὶ
940 4765 1062 4818 οὕτε
1092 4763 1193 4817 πού
1231 4781 1408 4834 φαμεν
1435 4766 1609 4817 ἐκεῖνο
1642 4766 1923 4836 βούλεσθαι

330 4859 534 4929 δηλοῦν
572 4859 664 4911 τὸν
698 4857 963 4927 μακάριον
994 4855 1298 4926 προφήτην,
1326 4855 1400 4918 ὡς
1427 4856 1645 4926 ἑστήκοι
1693 4860 1787 4927 μὲν
1821 4861 1922 4914 ἀνὰ

335 4953 508 5024 μέρος
539 4951 600 5004 τὸ
629 4951 793 5021 ἄρσεν
821 4952 877 5002 έν
910 4951 1114 5020 ἑκάστῃ
1150 4947 1313 5018 φυλῇ,
1339 4949 1440 5002 ἀνὰ
1477 4950 1641 5021 μέρος
1670 4951 1725 5005 δὲ
1764 4951 1830 5006 αὖ
1864 4956 1922 5008 τὸ

333 5045 499 5114 θῆλυ,
548 5045 641 5096 καὶ
699 5043 1014 5112 ποιήσονται
1066 5040 1156 5094 τὸν
1191 5041 1452 5094 κοπετόν’
1488 5044 1740 5113 περιττὸν
1788 5047 1920 5116 γὰρ,

330 5137 417 5199 ὡς
464 5133 639 5200 ἔοικε,
679 5134 740 5186 τὸ
795 5133 1019 5204 χρῆμα,
1077 5132 1172 5185 καὶ
1228 5132 1612 5185 εἰκαιόϐουλον.
1668 5135 1919 5188 Διδάσκει

330 5229 397 5283 δὲ
447 5227 646 5298 μᾶλλον
680 5225 755 5288 ὡς
785 5225 989 5292 ἑκάστη
1022 5223 1160 5292 φυλὴ
1209 5223 1350 5276 κατὰ
1398 5225 1505 5276 τῶν
1552 5225 1608 5277 ἐν
1642 5225 1778 5296 αὐτῇ
1828 5245 1924 5294 γυ-

333 5320 544 5374 ναικῶν
592 5320 728 5372 ἰδίαν
775 5318 886 5384 ἕξει
933 5317 1052 5370 τινὰ
1102 5317 1199 5370 τοῦ
1251 5317 1447 5388 θρήνου
1495 5319 1594 5390 τὴν
1644 5321 1920 5392 ἀφορμήν,

340 5413 528 5483 Ταύτῃ
550 5430 632 5464 τοι
662 5411 827 5482 φησὶν
857 5411 937 5463 ὄτι
957 5428 974 5460 ι
998 5409 1139 5479 Φυλὴ
1173 5410 1318 5462 οίκου
1354 5411 1516 5463 Δαϐὶδ
1551 5413 1670 5464 καθ’
1706 5414 1922 5481 ἑαυτὴν,

336 5505 437 5558 καὶ
470 5505 526 5556 αἱ
563 5505 817 5573 γυναῖκες
861 5501 1038 5555 αὐτῶν
1069 5501 1190 5554 καθ’
1231 5502 1447 5564 ἑαυτάς.
1480 5521 1498 5552 ι
1535 5504 1644 5555 Καὶ
1690 5504 1753 5574 δὴ
1793 5505 1925 5574 φέρε

334 5594 605 5664 λέγωμεν,
634 5593 706 5658 ὡς
735 5593 835 5659 ἔνι,
866 5593 958 5647 τὸν
988 5592 1222 5663 ἑκάστης
1271 5592 1450 5647 πόνον.
1481 5594 1542 5646 υἱ
1577 5592 1675 5664 μὲν
1719 5595 1827 5665 γὰρ
1862 5597 1926 5648 ἐκ

415 5772 436 5803 ⁸
458 5771 684 5826 Zachar.
716 5787 791 5836 χι,
832 5769 958 5834 1,2.
1037 5770 1055 5801 ³
1078 5769 1267 5824 Matth.
1311 5783 1393 5835 ιιι,
1427 5768 1514 5822 10.

2029 4596 2243 4651 beatum
2295 4594 2610 4663 prophetam
2660 4588 2791 4642 illud
2837 4586 3031 4650 velle,-
3061 4585 3114 4639 in
3169 4584 3408 4655 qualibet
3459 4581 3598 4635 tribu

2029 4701 2276 4742 seorsum
2325 4699 2503 4738 mares
2562 4697 2591 4735 a
2649 4679 2864 4734 feminis
2909 4687 3176 4743 staturos,
3223 4685 3277 4730 et
3323 4676 3599 4745 planctum

2030 4779 2284 4842 daturos;
2315 4781 2413 4829 hoc
2446 4774 2591 4828 enim
2631 4785 3089 4839 supervacaneum
3127 4782 3180 4822 et
3225 4767 3602 4820 inconsidera-

2032 4880 2142 4924 tum
2191 4870 2347 4922 foret.
2385 4867 2514 4918 Illud
2565 4865 2742 4932 potius
2782 4864 2960 4927 docet,
3014 4872 3450 4926 unamquamque
3502 4855 3599 4908 tri-

2030 4960 2155 5013 bum
2196 4974 2315 5012 Clllll
2363 4956 2581 5010 feminis
2610 4954 2724 5006 suis
2750 4952 3074 5022 peculiarem
3103 4945 3432 5000 lamentandi
3468 4957 3602 4997 cau-

2028 5065 2141 5103 sam
2196 5049 2525 5101 habituram.
2585 5043 2788 5098 ldcirco
2845 5043 3018 5110 inquit
3069 5057 3081 5090 :
3140 5037 3384 5089 «Tribus
3439 5033 3603 5087 David

2028 5156 2294 5204 seorsum,
2333 5150 2378 5190 et
2425 5138 2677 5190 mulieres
2726 5149 2916 5188 eorum
2964 5144 3229 5186 seorsum.
3262 5145 3278 5176 ι
3313 5125 3432 5179 Jatn
3474 5138 3604 5178 vero

2021 5240 2282 5299 quantum
2334 5243 2620 5296 possumus
2651 5224 2940 5292 cujuslibet
2972 5220 3316 5273 alllictionem
3345 5213 3602 5282 explane-

2025 5335 2161 5372 tnns.
2213 5317 2466 5370 Tribules
2512 5319 2656 5369 enim
2699 5331 2729 5366 e
2788 5312 2930 5365 tribu
2977 5308 3165 5370 David,
3212 5308 3326 5360 sive
3370 5302 3530 5366 Juda,
3574 5318 3606 5357 e

2027 5426 2190 5478 regno
2222 5409 2414 5470 excisi,
2448 5408 2773 5474 impotenter
2799 5400 3023 5467 ejnlant,
3053 5406 3110 5450 ut
3149 5408 3294 5451 tanto
3318 5394 3605 5464 splendore

2024 5501 2260 5569 Spoliati.
2290 5497 2488 5550 Levitze
2516 5511 2666 5560 vero,
2690 5488 2983 5546 sacerdotii
3018 5489 3222 5541 honore
3244 5485 3475 5556 depulsi,
3499 5498 3606 5537 una

2027 5607 2148 5646 cum
2194 5588 2514 5644 mulieribus
2540 5583 2783 5655 planctui
2817 5596 2876 5636 se
2917 5579 3140 5634 dabunt.
3175 5578 3249 5634 De
3281 5574 3485 5631 familia
3511 5585 3606 5626 au-
