4026 6276
440 332 545 391 221
1420 319 1492 374 s.
1537 308 1812 376 CYRILLI
1852 314 2339 397 ALEXANDRINI
2369 311 2692 369 ARCIIIEP.
3604 306 3718 362 εει

446 464 555 505 tem
588 444 802 501 Nathau
836 442 947 512 (hic
974 449 1091 495 erat
1123 438 1408 509 propheta,
1446 451 1555 491 'nec
1585 439 1806 492 omnino
1835 436 2023 505 verax)

2142 435 2304 504 ρυλῆς
2345 432 2528 498 Δαϐὶδ,
2557 431 2675 501 ήτοι
2718 427 2812 481 τοῦ
2853 425 3050 486 Ἰούδα,
3097 423 3195 493 τῆς
3229 422 3508 493 βασιλείας
3561 424 3717 477 ἐκκοο

447 540 699 596 similiter
738 536 993 606 plaugeut
1027 551 1040 585 :
1077 546 1180 584 non
1220 531 1363 586 enim
1418 530 1602 584 licebit
1647 529 1753 584 illis
1799 528 2030 599 amplius

2142 526 2346 589 πέντες,
2389 520 2821 592 κατοιμώζουσιν
2852 518 3115 588 ἀσχέτως,
3146 516 3221 578 ὼς
3253 516 3352 585 τῆς
3387 513 3530 566 οὕτω
3565 532 3717 584 περι-

447 628 737 686 vaticinari
771 628 978 696 iniqua,
1002 634 1057 679 et
1086 623 1229 694 loqui
1258 622 1327 677 de
1353 623 1516 677 corde
1545 637 1643 676 suo
1666 622 1708 688 ‘,
1740 631 1794 676 et
1825 635 2031 678 sermo-

444 738 549 780 nes
608 736 739 777 suos
801 733 901 788 pro
968 715 1166 771 divinis
1225 714 1505 769 venditare
1561 712 2027 783 imprudentibus,

451 816 685 881 indeque
714 820 873 880 turpe
914 810 1125 863 lucrum
1158 806 1438 875 colligere.
1474 792 1645 860 Habet
1674 819 1834 874 porro
1867 802 2032 857 tradi-

453 906 550 969 tio,
584 903 802 959 Iudaeos
829 902 1041 971 judices
1071 914 1167 969 per
1191 907 1437 968 tempora
1469 912 1564 951 sua
1591 896 1935 961 constitutos,
1964 895 2033 949 de

454 997 595 1050 tribu
628 993 909 1064 Symeonis
963 990 1178 1060 legisse,
1215 989 1381 1059 786
1420 997 1603 1057 utpote
1653 1000 1771 1056 qua:
1815 984 2033 1040 ﬂoreret

450 1088 586 1142 viris
617 1083 1081 1156 prudentissimis,
1131 1090 1187 1135 et
1232 1082 1410 1150 legum
1451 1077 1849 1144 scientissimis,
1889 1084 1943 1129 et
1980 1076 2031 1129 in

445 1182 561 1233 vita
596 1179 663 1235 ad
705 1177 851 1246 leges
881 1174 1289 1230 accommodata
1326 1171 1538 1235 cmteris
1573 1170 1738 1223 multo
1766 1176 2033 1238 praestau-

454 1269 705 1325 tioribus.
756 1266 1223 1322 Lamentabuntur
1272 1272 1456 1317 autem
1510 1261 1565 1315 hi
1594 1275 1828 1331 quoque.
1882 1258 2033 1313 IIauc

451 1363 522 1418 ob
582 1375 801 1416 causam
854 1358 1006 1422 dicit,
1070 1357 1269 1409 tribum
1315 1355 1546 1427 Symeon
1609 1354 2032 1406 lamentaturam

453 1466 719 1508 seorsum.
756 1448 873 1503 Non
919 1446 1065 1500 enim
1106 1446 1320 1499 sincere
1345 1442 1533 1511 iudicii
1583 1456 1777 1495 munus
1808 1453 2035 1495 exerce-

453 1546 603 1608 bant,
645 1555 819 1609 neque
855 1538 1057 1593 divinis
1094 1535 1302 1605 legibus
1341 1535 1726 1601 obsequentes,
1758 1546 1875 1601 qum
1925 1531 2035 1585 Deo

452 1633 745 1700 placerent,
794 1636 1055 1699 prtestare
1099 1627 1461 1689 conabantur,
1501 1624 1594 1679 sed
1641 1623 1811 1677 lucris
1857 1622 2035 1691 potius

422 1722 753 1784 -inbiabanl,
780 1720 1057 1776 levissimo
1094 1719 1267 1788 pretio
1296 1717 1458 1771 ﬁdem
1496 1730 1649 1770 suam
1698 1715 2033 1777 addicentes,

2132 616 2333 686 φανούς
2362 613 2610 677 εὐκλείας
2650 609 3128 681 ἀποστερούμενοι.
3173 608 3239 659 Οἵ
3273 623 3337 675 γε
3376 606 3481 677 μὴν
3521 607 3585 658 ὲκ
3622 608 3720 677 τῆς

2130 707 2226 763 τοῦ
2256 707 2410 774 Λευὶ,
2431 706 2539 760 τῶν
2569 706 2631 758 ὲκ
2665 704 2763 774 τῆς
2795 701 3093 774 ἱερωσύνης
3123 697 3486 768 ἐξωθούμενοι
3519 697 3718 769 γερῶν,

2128 798 2268 870 ὁμοῦ
2298 796 2514 867 γυναιξὶ
2544 795 2857 865 ποιήσονται
2896 792 2986 847 τὸν
3013 791 3245 862 κομμόν.
3275 792 3338 843 Οἱ
3366 790 3422 843 δὲ
3458 791 3522 842 ὲκ
3551 788 3725 860 φυλῆς

2132 892 2226 945 τοῦ
2262 891 2471 955 Νάθαν,
2513 890 2800 960 προφήτης
2826 877 3064 947 δὲίοῦτος
3090 879 3178 953 ἦν,
3223 882 3317 935 καὶ
3358 883 3479 952 οὐχὶ
3506 881 3724 942 πάντως

2132 978 2356 1050 ἀληθὴς,
2391 977 2646 1047 κόψονται
2689 975 2875 1028 πάλιν·
2908 974 2968 1025 οὺ
3002 972 3111 1042 γὰρ
3149 966 3216 1042 ἦν
3249 970 3432 1033 αὐτοῖς
3473 969 3554 1021 ἔτι
3587 986 3725 1039 προ-

2135 1070 2389 1142 φητεύειν
2411 1069 2590 1133 ἄδικα,
2618 1066 2713 1121 καὶ
2749 1065 2930 1119 λαλεῖν
2966 1064 3035 1117 τὰ
3067 1061 3176 1116 ἀπὸ
3207 1062 3454 1132 καρδίας,
3488 1061 3583 1113 καὶ
3611 1062 3725 1125 τοῖς

2133 1163 2412 1226 ἁσυνέτοις
2448 1160 2788 1215 κατα-πωλεῖν
2812 1159 2890 1223 ὡς
2924 1156 3075 1229 παρὰ
3100 1153 3237 1209 Θεοῦ
3275 1155 3402 1217 τοὺς
3440 1153 3603 1217 ἰδίους
3641 1153 3729 1206 λό-

2135 1272 2298 1324 γους,
2342 1253 2432 1307 καὶ
2476 1252 2575 1315 τὰς
2627 1250 2875 1305 ἐντεῦθεν
2930 1248 3208 1317 συλλέγειν
3259 1244 3722 1315 αἰσχροκερδείας.

2139 1348 2292 1418 Ἔχει
2318 1346 2374 1398 δὲ
2403 1348 2436 1416 ή
2466 1343 2783 1415 παράδοσις,
2816 1342 2897 1394 ὅτι
2934 1342 3058 1404 τοὺς
3090 1337 3287 1411 κριτὰς
3324 1337 3571 1391 Ἰουδαῖοι
3600 1336 3726 1399 τοὺς

2135 1437 2567 1507 καθισταμένους
2600 1434 2741 1488 κατὰ
2767 1432 2991 1504 καιροὺς
3012 1434 3075 1485 ὲκ
3098 1432 3198 1501 τῆς
3231 1429 3455 1500 Συμεὼν
3486 1429 3729 1499 ἐδέχοντο

2137 1529 2329 1599 φυλῆς,
2358 1528 2452 1582 ἅτε
2480 1527 2545 1596 δὴ
2586 1524 2986 1587 συνετωτάτους
3043 1524 3138 1576 καὶ
3167 1521 3496 1593 νομομαθεῖς
3528 1520 3729 1591 ἄνδρας
3813 1569 3816 1571 .

2136 1621 2390 1692 ἐχούσης,
2421 1620 2515 1673 καὶ
2546 1616 2680 1671 πολὺ
2714 1617 2825 1669 τῶν
2845 1614 3020 1669 ἄλλων
3059 1612 3528 1684 προφερεστέρους
3552 1610 3635 1673 εἷς
3667 1626 3729 1677 γε

2137 1714 2197 1766 τὸ
2225 1712 2324 1783 ζῇν
2372 1710 2588 1764 ἑλέσθαι
2626 1709 2884 1778 ἐννόμως.
2927 1705 3026 1759 Διὰ
3062 1704 3219 1757 τοῦτό
3259 1721 3423 1773 φησιν
3467 1704 3550 1756 ὃτι
3583 1700 3727 1771 Φυλή

447 1824 502 1869 et
563 1823 625 1867 ut
677 1813 754 1865 ait
804 1812 1120 1880 propheta:
1171 1827 1189 1859 ι
1219 1808 1439 1863 Judices
1492 1820 1683 1860 eorum
1740 1805 1884 1859 sicut
1929 1802 2036 1872 lupi

2142 1804 2366 1875 Συμεὼν
2408 1802 2633 1871 κόψεται
2669 1799 2789 1855 καθ’
2826 1798 3049 1867 ἑαυτήν.
3079 1796 3237 1858 Ἰδιος
3266 1796 3324 1849 δέ
3362 1813 3443 1858 τις
3475 1795 3572 1847 καὶ
3604 1795 3731 1871 τού-

448 1904 670 1958 Arabia:
717 1903 761 1954 ⁵.
793 1919 812 1951 ι
854 1898 1166 1954 Lamentari
1205 1907 1383 1952 autem
1428 1910 1533 1949 una
1564 1896 1727 1949 etiam
1761 1894 1894 1948 alias
1940 1892 2033 1947 tri-

451 1994 556 2048 bus
583 1991 889 2061 oportebat,
919 1986 1413 2057 utzjucundissimis
1447 1986 1547 2040 sibi
1585 1985 1779 2038 ritibus
1822 1994 1876 2038 et
1905 1982 2041 2038 locis

451 2080 681 2149 ejectas,
722 2079 832 2133 imo
866 2078 1062 2146 etipsa
1107 2087 1283 2131 morte
1324 2089 1510 2131 earum
1550 2076 1816 2145 capitibus
1858 2073 2037 2129 immi-

453 2180 642 2234 nente,
688 2170 914 2240 ipsaque
946 2167 1093 2223 fame
1132 2168 1307 2224 instar
1348 2166 1563 2223 hostilis
1606 2164 1769 2237 gladii
1805 2179 1899 2221 eas
1943 2164 2037 2219 ab-

451 2271 719 2316 sumente.

2142 1910 2256 1956 τοις
2282 1893 2309 1944 ὁ
2340 1891 2555 1962 θρῆνος.
2586 1889 2658 1942 Οὐ
2699 1887 2806 1959 γὰρ
2837 1886 3048 1958 ἔκρινον
3089 1883 3285 1956 ὀρθῶς,
3313 1882 3437 1936 οὔτε
3478 1882 3583 1953 μὴν
3619 1884 3731 1945 τοῖς

2140 1982 2307 2045 θείοις
2348 1980 2587 2043 εἴκοντες
2618 1978 2823 2049 νόμοις,
2855 1976 2918 2030 τὸ
2945 1976 3025 2046 τῷ
3053 1972 3171 2045 Θεῷ
3198 1973 3388 2029 δοκοῦν
3430 1972 3732 2043 ἁποπεραί-

2138 2092 2249 2128 νειν
2298 2073 2651 2137 ἐσπούδαζον,
2698 2066 2839 2141 ἦσαν
2887 2068 2946 2122 δὲ
2996 2067 3195 2138 μᾶλλον
3232 2064 3601 2135 φιλοκερδεῖς,
3638 2063 3732 2116 καὶ

2136 2167 2489 2227 εὐωνότατοι,
2536 2163 2631 2217 καὶ
2757 2177 2922 2232 φησιν
2962 2162 2989 2213 ὁ
3036 2159 3359 2231 προφήτης,
3396 2176 3414 2208 ι
3443 2157 3506 2209 Oi
3548 2154 3730 2224 κριταὶ

2135 2258 2305 2329 αὐτῆς
2332 2257 2408 2321 ὡς
2432 2256 2586 2309 λύκοι
2620 2255 2719 2326 τῆς
2746 2252 3058 2325 Ἀραϐίας.)
3088 2249 3484 2320 Συνοδύρεσθαι
3513 2248 3572 2301 δὲ
3601 2246 3731 2301 ταύ-

450 2369 572 2416 ταις
608 2355 906 2423 ἀναγκαῖόν
939 2371 1055 2418 πως
1093 2349 1161 2425 ἦν
1233 2353 1330 2406 καὶ
1400 2350 1499 2413 τὰς
1540 2350 1732 2421 ἐτέρας
1769 2350 1970 2419 φυλὰς,
2008 2350 2104 2405 ἅτε
2142 2351 2205 2421 δὴ
2247 2351 2352 2403 τῶν
2390 2350 2621 2420 ἡδίστων
2659 2349 2850 2410 αὑταῖς
2890 2345 3027 2399 ἐθῶν
3063 2362 3123 2397 τε
3167 2344 3263 2397 καὶ
3305 2340 3486 2394 τόπων
3524 2341 3731 2407 ὲκπεμ-

454 2446 721 2515 πομένας,
757 2448 958 2518 μᾶλλον
986 2448 1042 2500 δὲ
1073 2447 1168 2500 κα)⁵
1199 2443 1362 2498 αὐτοῦ
1395 2443 1626 2497 θανάτου
1656 2444 2038 2515 ἐπηρτημένου
2076 2448 2195 2509 ταῖς
2262 2445 2413 2515 σφῶν
2451 2443 2715 2513 κεφαλαῖς
2749 2440 3063 2511 ,φθάνοντος
3094 2440 3152 2493 δὲ
3215 2439 3405 2508 ὥσπερ
3435 2434 3543 2488 τῶν
3574 2432 3729 2486 πολε-

457 2543 596 2609 μίων
624 2540 685 2592 τὸ
713 2538 864 2608 ξίφος
898 2538 995 2593 καὶ
1020 2535 1186 2591 αὐτοῦ
1218 2535 1312 2589 τοῦ
1346 2535 1527 2605 λιμοῦ.

1077 2668 1233 2725 CAP.
1275 2668 1415 2724 XIII.

526 2808 688 2861 Vens.
750 2806 797 2859 l.
841 2802 907 2857 In
942 2803 1025 2857 die
1058 2801 1154 2856 illa
1199 2802 1296 2855 erit
1327 2801 1496 2854 omnis
1541 2799 1686 2854 locus
1731 2807 1941 2869 apertus
1982 2798 2038 2853 in

454 2901 612 2953 domo
660 2896 852 2961 David,
881 2904 930 2949 et
969 2889 1331 2948 habitantibus
1361 2891 1681 2956 Jerusalem,
1712 2902 1759 2947 et
1786 2892 1841 2945 in
1863 2901 2038 2944 trans-

453 2988 807 3045 mutationem
857 2997 903 3041 et
933 2987 1307 3055 aspersionem.

525 3165 711 3223 XCVI.
749 3165 888 3235 ⁸Ροει
934 3166 1038 3220 hoc
1088 3164 1379 3221 adventum
1434 3164 1634 3220 Christi
1690 3164 2040 3233 diligentibus

456 3271 723 3317 eventura
760 3259 1055 3328 percurrit.
1087 3257 1189 3324 Qui
1222 3258 1368 3314 enim
1415 3257 1469 3311 in
1517 3271 1615 3311 sua
1663 3255 2041 3311 incredulitate

460 3351 786 3408 insolentius
832 3365 890 3406 se
935 3358 1247 3421 gesserunt,
1286 3347 1708 3413 obsidebuntur,
1743 3348 1941 3418 inquit,
1989 3356 2044 3403 et

460 3444 514 3497 in
547 3440 785 3496 miseriis
815 3440 927 3496 suis
965 3439 1269 3508 ejulabunt.
1307 3438 1406 3493 Ast
1442 3439 1496 3491 in
1541 3453 1625 3502 ea,
1654 3453 1815 3507 quam
1864 3447 2043 3492 mente

459 3541 796 3604 spectamus,
858 3540 914 3587 et
962 3545 1092 3586 vere
1153 3538 1342 3584 sancta
1389 3526 1832 3598 Hierosolyma“,
1884 3538 1938 3582 et
1986 3527 2042 3582 in

460 3624 623 3677 domo
660 3619 850 3684 David,
886 3618 988 3675 hoc
1014 3628 1117 3684 est,
1154 3618 1416 3685 Ecclesia,
1461 3617 1553 3672 ubi
1586 3631 1649 3672 ex
1687 3618 1897 3673 semine
1939 3616 2043 3671 Da-

460 3714 550 3768 vid
583 3712 881 3768 secundum
907 3724 1127 3767 carnem
1157 3709 1407 3766 Christus
1436 3709 1772 3780 apparuerit,
1804 3728 1823 3761 ι
1855 3707 2042 3765 Omnis

458 3804 613 3858 locus
663 3803 889 3872 patebit,
920 3820 942 3854 ι
997 3801 1102 3856 hoc
1138 3808 1246 3867 est,
1303 3800 1471 3855 multa
1519 3801 1626 3854 erit
1678 3800 1932 3865 latitudo,
1986 3808 2042 3854 et

434 3894 616 3963 ‘quasi
642 3893 927 3946 remissum
951 3899 1005 3949 et
1035 3892 1242 3957 laxum,
1274 3889 1787 3961 Optatissimumque
1818 3898 1871 3944 et
1893 3889 2040 3943 omni

460 3983 709 4039 molestia
752 3982 1143 4037 solutissimum
1182 3981 1393 4035 vivendi
1439 3994 1626 4050 genus.
1678 3979 1831 4035 Scias
1880 3993 2041 4049 porro

459 4074 647 4140 velim,
698 4074 752 4129 in
788 4075 1013 4130 Hebraea
1057 4074 1295 4129 editione
1334 4073 1660 4129 sententiam
1703 4075 1844 4129 hanc
1886 4074 2042 4130 aliter

459 4175 698 4219 exstare.
731 4162 864 4219 Nam
890 4180 1009 4235 pro,
1045 4182 1065 4217 ι
1096 4164 1213 4219 Erit
1234 4164 1412 4220 onmis
1440 4163 1591 4220 locus
1619 4175 1859 4234 apertus,
1893 4183 1911 4216 ›
1942 4166 2037 4232 ait,

460 4257 578 4313 fore
617 4268 674 4311 ut
712 4258 891 4314 omnis
946 4256 1069 4313 lous
1105 4259 1386 4314 scaturiat.
1423 4256 1489 4314 Et
1519 4257 1799 4328 probabile
1828 4267 1911 4313 est
1948 4259 2039 4313 ad-

461 4350 712 4415 modum,
758 4350 924 4406 etiam
957 4349 1098 4405 LXX
1127 4351 1631 4421 interpretationem
1677 4351 1868 4407 eodem
1923 4360 2039 4407 ten-

456 4441 610 4504 dere,
660 4440 912 4508 quamvis
958 4442 1123 4494 verba
1173 4456 1333 4496 secus
1375 4442 1634 4505 habeant,
1689 4453 1746 4497 ut
1781 4443 2034 4512 quiddam

457 4528 728 4597 ejusmodi
769 4528 1127 4598 signiﬁcetur.
1162 4528 1441 4585 Iucredula
1489 4546 1679 4602 nempe
1734 4542 1787 4586 et
1815 4533 2037 4587 recalci-

462 4628 635 4681 trans,
687 4632 944 4687 pcrversa
1018 4627 1075 4673 et
1132 4620 1429 4688 apostatrix
1482 4618 1804 4686 Jerusalem,
1869 4638 2038 4691 «quae

458 4711 665 4767 occidit
692 4710 1007 4780 prophetas,
1044 4720 1100 4767 et
1132 4710 1337 4780 lapidat
1364 4726 1459 4768 eos
1498 4713 1589 4784 qui
1630 4714 1697 4767 ad
1727 4728 1845 4769 eam
1889 4716 2036 4770 missi

460 4804 651 4868 sunt",
689 4821 709 4856 ι
742 4802 1041 4873 condignas
1091 4802 1315 4859 audacia
1367 4818 1463 4859 sua
1516 4819 1706 4870 poenas
1748 4806 2036 4875 persolvet.

460 4896 829 4952 Exscindetur
861 4894 1031 4959 enim,
1066 4909 1165 4950 ceu
1201 4895 1374 4951 malus
1412 4896 1628 4965 punica.
1662 4896 2039 4952 Habitantibus

461 4999 641 5043 autem
675 4986 972 5043 Jerusalem
1003 5001 1123 5057 qua:
1151 4984 1507 5056 intelligentia
1544 4988 1895 5055 conspicitur,
1925 4989 2039 5042 sive

461 5082 680 5135 domum
727 5079 887 5144 Juda,
940 5080 994 5134 id
1046 5086 1153 5144 est,
1208 5076 1434 5144 Christi,
1484 5098 1501 5131 ι
1530 5080 1636 5135 erit
1671 5078 1847 5134 omnis
1890 5079 2038 5135 locus

461 5179 702 5237 apertus,
734 5186 753 5219 ι
791 5172 904 5223 sive
934 5168 989 5223 in
1027 5169 1173 5224 omni
1206 5168 1328 5224 loco
1357 5168 1497 5236 fons,
1530 5170 1867 5240 purgationis
1898 5188 2035 5241 aqua

462 5274 711 5323 manans,
760 5260 947 5329 utique
997 5262 1139 5315 sacri
1197 5260 1583 5331 baptismatis,
1630 5262 1697 5316 ad
1749 5261 2034 5318 utilitatem

461 5350 822 5419 credentium,
869 5370 889 5403 ς
920 5360 972 5407 et
1024 5352 1078 5407 in
1133 5354 1643 5409 transmutationem
1685 5353 1847 5423 787
1875 5363 1929 5407 et
1982 5353 2035 5407 in

460 5444 849 5511 aspersionem.
882 5464 903 5498 ι
931 5445 1186 5514 Quaenam
1232 5448 1335 5503 ista
1377 5447 1792 5502 transmutatio?
1826 5445 2038 5500 Iudaeo-

462 5548 581 5588 rum
628 5548 693 5590 ex
744 5535 1080 5593 institutione
1127 5537 1281 5609 legali
1336 5538 1403 5593 ad
1445 5538 1613 5593 vitam
1672 5537 1725 5591 in
1782 5536 2035 5603 Christo,

530 5712 553 5745 ⁸
576 5709 779 5769 Jerem.
806 5729 965 5777 nm,
994 5712 1078 5769 16.
1156 5715 1176 5744 ⁸
1210 5714 1450 5779 Sophon.
1481 5729 1564 5781 tn,
1594 5715 1646 5769 5.

1727 5715 1746 5745 ⁶
1774 5712 1935 5769 Hebr.
1974 5726 2069 5779 xu,
2099 5712 2187 5767 22.

2757 2663 3009 2715 ΚΕΦΑΛ.
3046 2660 3145 2715 II".

2225 2798 2322 2851 Ἐν
2349 2796 2421 2866 τῇ
2461 2796 2651 2866 ἡμέρᾳ
2688 2796 2887 2865 ἐκείνῃ
2930 2794 3103 2849 ἔσται
3134 2793 3254 2860 πᾶς
3290 2794 3475 2858 τόπος
3508 2792 3726 2847 διανοι-

2143 2888 2395 2956 γόμενυς
2434 2887 2505 2940 ἐν
2532 2886 2615 2952 τῷ
2644 2886 2788 2953 οἴκῳ
2812 2884 3010 2951 Δαϐὶδ,
3041 2884 3141 2940 καί
3186 2883 3309 2950 τοῖς
3343 2882 3728 2937 κατοικοῦσιν

2155 2978 2564 3048 Ἰερουσαλὴμ,
2606 2978 2706 3032 καὶ
2745 2979 2833 3045 εὶς
2878 2976 2994 3046 τὴν
3044 2977 3463 3047 μετακίνησιν,
3503 2975 3604 3029 καὶ
3643 2976 3728 3039 εἰς

2066 3047 2106 3105 C
2140 3047 2248 3124 τὸν
2265 3070 2623 3139 ραντισμόν.

2216 3164 2347 3229 ιιςο.
2401 3160 2713 3231 Ἐπιτρέχει
2747 3159 2825 3230 τῷ
2872 3160 3016 3231 λόγῳ
3047 3159 3115 3212 τὰ
3166 3159 3306 3228 μετὰ
3354 3155 3515 3213 τοῦτο
3569 3156 3726 3211 πάλιν

2141 3253 2380 3325 ἐσόμενα
2420 3254 2534 3316 τοῖς
2580 3251 2892 3321 ἠγαπηκόσι
2937 3252 3035 3323 τὴν
3083 3252 3405 3321 ἐπιφάνειαν
3450 3250 3545 3303 τοῦ
3592 3251 3725 3319 Χρι-

2144 3342 2293 3399 στοῦ.
2334 3344 2400 3397 Οἱ
2442 3342 2539 3413 μὲν
2573 3342 2682 3411 γὰρ
2726 3345 2849 3405 ταῖς
2900 3341 3209 3405 ἀπειθείαις
3257 3341 3627 3412 ὲξυὸρικότες,
3672 3343 3723 3393 ὲν

2143 3435 2479 3506 πολιορκίαις
2511 3434 2744 3502 ἔσονται,
2782 3435 2935 3505 φησὶ,
2968 3435 3061 3487 καὶ
3093 3434 3186 3487 ἐπί
3225 3451 3287 3503 γε
3315 3436 3428 3497 τοῖς
3461 3434 3612 3504 σφῶν
3636 3434 3724 3487 αύ-

2142 3528 2251 3581 τῶν
2284 3527 2681 3597 κατοιμώξουσι
2725 3530 2937 3591 κακοῖς.
2996 3529 3083 3581 Ἐν
3125 3527 3183 3579 δέ
3225 3543 3287 3596 γε
3323 3529 3387 3599 τῇ
3420 3530 3586 3598 νοητῇ
3636 3526 3723 3580 καὶ

2144 3621 2276 3691 ἁγίᾳ
2309 3620 2450 3674 κατὰ
2488 3620 2549 3673 τὸ
2595 3620 2795 3690 ἀληθὲς
2830 3619 3221 3691 Ἰερουσαλὴμ,
3258 3619 3353 3673 καὶ
3388 3621 3445 3672 ὲν
3484 3620 3563 3689 τῷ
3596 3619 3724 3688 οἴκῳ

2142 3710 2341 3775 Δαὸὶδ,
2390 3710 2637 3764 τουτέστι
2692 3712 2758 3781 τῇ
2816 3708 3132 3782 Ἐκκλησία,
3172 3710 3267 3763 τοῦ
3319 3710 3620 3779 πεφηνότος
3666 3710 3726 3761 ἐκ

2145 3801 2455 3871 σπέρματος
2482 3800 2646 3854 Δαϐὶδ
2679 3800 2821 3855 κατὰ
2852 3800 3031 3872 σάρκα
3066 3801 3327 3871 Χριστοῦ,
3366 3820 3384 3852 t
3420 3802 3535 3864 Πᾶς
3560 3800 3723 3861 τόπος

2142 3892 2295 3945 ἔσται
2354 3892 2835 3963 διανοιγόμενος,)
2888 3894 3162 3959 τουτέστι,
3213 3893 3383 3964 πολλή
3432 3910 3517 3957 τις
3570 3894 3725 3964 εὐρυ-

2142 3983 2339 4054 χωρία,
2370 3984 2466 4036 καὶ
2492 3982 2603 4037 οἷον
2636 3985 2891 4056 ἀνειμένη
2920 3984 3099 4040 δίαιτα
3126 3984 3450 4056 τριπόθητος
3477 3984 3570 4038 καὶ
3597 3986 3727 4038 ἀπο-

2141 4076 2377 4145 νωτάτη.
2416 4076 2611 4129 Ἰστέον
2643 4077 2700 4130 δὲ
2739 4078 2821 4130 ὅτι
2851 4078 2913 4130 τὸ
2948 4078 3111 4149 ῥητὸν
3144 4078 3384 4149 Ἑϐραῖοι
3418 4078 3581 4132 πάλιν
3611 4077 3724 4130 ἐτέ-

2144 4184 2251 4237 ρως
2277 4167 2656 4225 ἐκδεδώκασιν.
2693 4170 2841 4223 ’Λντὶ
2870 4170 2977 4241 γὰρ
3002 4171 3121 4235 τοῦ,
3155 4189 3174 4222 ι
3209 4172 3400 4223 Ἔσται
3432 4172 3540 4234 πᾶς
3565 4169 3725 4232 τόπος

2139 4259 2566 4330 διανοιγόμενος,
2598 4280 2615 4311 ι
2653 4262 2836 4315 πᾶσαν
2882 4261 3100 4315 ἔσεσθαι
3132 4261 3312 4332 πηγὴν
3352 4260 3724 4332 ἀναΰρύουσαν

2140 4350 2349 4421 ἔφησαν
2375 4351 2546 4405 αὐτοί.
2578 4352 2688 4405 Καὶ
2726 4353 2874 4416 εἰκός
2915 4369 2979 4421 γε
3024 4354 3248 4425 σφόδρα,
3289 4353 3512 4422 καὶτῆς
3553 4355 3721 4424 ἑρμη-

2142 4442 2288 4505 νείας
2323 4441 2434 4495 τῶν
2477 4441 2883 4513 Ἑϐδομήκοντα
2911 4442 3002 4497 τὸν
3043 4443 3243 4496 σκοπὸν
3280 4444 3361 4506 εἰς
3398 4443 3557 4495 τοῦτο
3598 4441 3723 4495 αὐτὸ

2146 4532 2534 4597 συντείνεσθαι,
2581 4533 2685 4586 κᾶν
2715 4534 2763 4585 εἰ
2810 4534 3009 4605 ἑτέρως
3045 4535 3158 4604 ἔχοι
3190 4536 3287 4605 τῆς
3321 4528 3431 4587 τῶν
3468 4534 3723 4606 ῥημάτων

2152 4626 2423 4695 προφορᾶς
2449 4626 2477 4676 ὁ
2511 4625 2733 4695 τρόπος,
2764 4626 2850 4679 ἵνα
2876 4643 2929 4679 τι
2961 4623 3252 4700 τοιοῦτονῇ
3282 4628 3344 4679 τὸ
3376 4627 3718 4698 δηλούμενον.

2156 4713 2221 4765 Ἥ
2269 4713 2367 4782 μὲν
2412 4714 2519 4785 γὰρ
2559 4715 2819 4786 ἀπειθὴς,
2868 4716 2963 4770 καὶ
3000 4716 3211 4785 ὲξήνιος
3262 4717 3647 4788 Ἰερουσαλὴμ,
3689 4716 3720 4785 ἡ

2146 4806 2358 4875 πονηρά
2386 4823 2445 4859 τε
2494 4808 2590 4860 καὶ
2622 4808 2951 4872 ἀποστάτις,
3004 4827 3022 4860 ι
3061 4809 3127 4863 Ἠ
3158 4810 3556 4864 ἀποκτείνουσα
3602 4813 3722 4871 τοὺς

2147 4898 2449 4965 προφήτας,
2483 4898 2578 4950 καὶ
2603 4899 2947 4953 λιθοϐολοῦσα
2972 4901 3096 4964 τοὺς
3121 4902 3565 4971 ἀπεσταλμένους
3592 4900 3723 4971 πρὸς

2144 4988 2334 5056 αὐτὴν,
2361 5007 2379 5039 ι
2417 4988 2516 5051 τὰς
2547 4992 2658 5053 τοῖς
2692 4991 2841 5054 ίδίοις
2872 4991 3217 5063 τολμήμασιν
3259 4992 3539 5061 ἀναλόγως
3576 4991 3724 5062 ἐχούο

2146 5094 2244 5141 σας
2285 5080 2499 5132 ἀποτιεῖ
2535 5081 2710 5145 δίκας.
2749 5083 3141 5153 Ἐκκοπήσεται
3172 5085 3280 5155 γὰρ
3317 5085 3519 5154 ροὧνος
3548 5084 3721 5147 δίκην.

2144 5170 2267 5233 Τοῖς
2313 5187 2375 5238 γε
2412 5170 2518 5240 μὴν
2567 5172 2774 5225 οἰκοῦσι
2821 5174 2920 5245 τὴν
2954 5174 3147 5246 νοητὴν
3187 5175 3576 5246 Ἰερουσαλὴμ,
3606 5175 3722 5243 ἦτοι

2142 5257 2233 5311 τὸν
2263 5255 2409 5312 οἶκον
2443 5259 2629 5326 Ἰούδα,
2662 5262 2907 5316 τουτέστι
2960 5263 3219 5335 Χριστοῦ,
3260 5284 3277 5315 ι
3306 5265 3460 5318 ἔσται
3496 5266 3605 5327 πᾶς
3636 5263 3725 5315 τό-

2146 5370 2245 5414 πος
2282 5353 2702 5423 διανοιγόμενος,
2732 5374 2750 5405 ›
2797 5356 2961 5425 ήγουν
2990 5357 3048 5409 ὲν
3085 5356 3247 5409 παντὶ
3286 5357 3437 5426 τόπῳ
3466 5356 3634 5426 πηγὴ,
3663 5355 3725 5407 τὸ

2145 5445 2244 5513 τῆς
2285 5446 2603 5514 καθάρσεως
2645 5447 2788 5518 ὕδωρ
2823 5448 3191 5519 ἀναϐρύουσα,
3224 5448 3385 5517 δῆλον
3430 5448 3489 5501 δὲ
3516 5450 3597 5500 ὅτι
3627 5444 3722 5499 τοῦ

2148 5536 2303 5605 ἁγίου
2350 5537 2749 5608 βαπτίσματος,
2795 5539 2869 5604 ὡς
2902 5536 3040 5596 εἶναι
3083 5543 3351 5612 χρήσιίον
3399 5543 3512 5602 τοῖς
3561 5554 3721 5592 πεπι-

2290 5716 2307 5746 ⁷
2341 5715 2530 5771 Matth.
2565 5731 2720 5781 xxm,
2755 5722 2840 5778 '57.
