4026 6276
293 366 398 420 εἶθ

1096 363 1646 421 COMMENTARIUS
1685 361 1752 418 IN
1792 358 2192 419 ZACIIARIAM
2236 361 2681 423 PROI’IIETAM.

3447 370 3553 426 230

300 476 589 539 στευκόσι,
648 495 665 528 t
695 476 786 530 καὶ
834 475 910 538 εἰς
963 475 1062 546 τὴν
1111 481 1488 550 μετακίνησιν,
1537 479 1632 534 καὶ
1665 480 1744 542 εἰς
1787 477 1878 532 τὸν

1985 481 2054 533 ab
2094 479 2282 534 umbra
2323 481 2388 534 ad
2415 482 2718 547 veritatem,
2755 496 2785 536 a
2811 490 2933 553 typo
2954 489 3008 538 et
3051 481 3229 538 littera
3257 483 3324 539 ad
3348 482 3552 540 cultum

300 567 618 639 ῥαντισμὸν.
647 585 664 616 ι
697 567 803 618 Καὶ
831 565 912 628 τίς
957 567 990 636 ή
1029 568 1413 638 μετακίνησις;
1456 570 1727 623 Ἰουδαίων
1776 570 1874 640 μὲν

295 660 363 710 ὲκ
394 657 623 728 νομικῆς
652 656 871 728 ἀγωγῆς
915 659 996 721 εἰς
1038 659 1312 715 πολιτείαν
1348 660 1447 731 τὴν
1488 661 1583 714 ἐπὶ
1619 660 1874 732 Χριστῷο

297 748 408 803 ἀπὺ
445 751 600 812 σκιᾶς
639 750 716 812 είς
755 749 1033 820 ἀλήθειαν,
1077 752 1140 804 ὲκ
1177 751 1348 805 τύπου
1383 753 1477 806 καὶ
1518 754 1872 824 γράμματος,

301 845 380 905 εἰς
418 841 663 910 λατρείαν
709 844 1107 912 πνευματικήν.
1140 843 1370 914 Ἕλλησι
1417 845 1474 898 δὲ
1523 845 1876 916 μετακίνησις

301 931 381 992 τίς
410 929 590 995 ἕσται;
630 930 719 994 Ἐξ
766 931 1026 994 ἀπιστίας
1074 933 1300 1002 ἥκουσιν
1345 934 1438 987 ἐπὶ
1482 934 1542 987 τὸ
1585 933 1875 987 πιστεῦσαι

299 1015 547 1087 Χριστῷο
588 1017 646 1084 ἐξ
692 1019 962 1088 ἀμαθείας
1011 1019 1107 1089 τῆς
1159 1020 1415 1092 πρώτης,
1459 1023 1538 1084 είς
1579 1022 1875 1090 ἐπίγνωσιν

295 1107 572 1178 ἀκραιφνῆ
611 1109 708 1161 τοῦ
739 1109 882 1163 κατά
925 1110 1180 1181 ἀλήθειαν
1213 1113 1365 1176 ὄντος
1396 1113 1564 1183 Θεοῢέ
1598 1114 1704 1166 ἀπὸ
1752 1114 1877 1167 σκό-

291 1215 411 1259 τους
470 1200 552 1262 είς
601 1199 898 1269 φωτισμόν.
957 1201 1330 1272 Μετακίνησις
1374 1204 1432 1256 δὲ
1483 1204 1666 1274 κοινὴ,
1713 1205 1876 1257 παντὶ

293 1289 583 1354 πρέπουσα
609 1287 688 1357 τῷ
716 1289 1037 1359 κεκλημένῳ
1064 1290 1152 1344 διὰ
1186 1292 1287 1363 τῆς
1325 1294 1560 1357 πίστεως
1583 1335 1597 1357 ,
1643 1294 1875 1364 Ἰουδαίῳ

294 1393 353 1428 τε
387 1377 752 1448 καὶἜλληνι,
779 1379 886 1432 ἀπὸ
914 1379 1007 1432 τοῦ
1048 1385 1262 1451 φρονεῖν
1305 1383 1374 1436 τά
1423 1384 1644 1455 σαρκὸς,
1687 1384 1778 1436 ἐπὶ
1816 1384 1876 1437 τὸ

293 1467 510 1520 ἑλέσθαι
543 1469 642 1539 ζῇν
673 1471 853 1536 ὁσίως,
895 1471 988 1524 καὶ
1029 1472 1305 1542 καθαρῶς,
1338 1474 1433 1527 καὶ
1468 1478 1786 1545 περιπατεῖν
1815 1475 1873 1526 ὲν

292 1558 603 1628 πνεύματι,
645 1560 785 1613 κατά
813 1563 910 1629 τὴν
939 1564 1034 1615 τοῦ
1070 1563 1344 1633 μακαρίου
1389 1563 1603 1617 Παύλου
1649 1565 1868 1634 φωνήν*

289 1650 354 1701 ἐκ
383 1649 476 1701 τοῦ
499 1653 662 1720 τιμᾷν
688 1650 753 1703 τὰ
782 1653 840 1702 ἐν
878 1654 1066 1722 κόσμῳ
1093 1655 1174 1716 είς
1205 1653 1265 1706 τὸ
1290 1654 1572 1724 ἀγαπῆσαι
1602 1656 1670 1708 τὰ
1701 1656 1872 1726 ὑπερ-

291 1740 512 1809 κόσμια.
541 1741 661 1792 Ὅτι
690 1741 747 1793 δὲ
780 1741 838 1794 τὸ
879 1741 1018 1796 θεῖον
1056 1744 1151 1796 καὶ
1191 1744 1330 1816 ἱερὸν
1364 1744 1642 1815 δεχόμενοι
1674 1746 1870 1816 βάπτι-

1978 571 2334 641 spiritualem.
2373 573 2628 639 Quaenam
2671 585 2850 629 autem
2892 573 3202 629 Grzccorum
3232 577 3338 630 erit
3379 587 3557 630 trans-

1977 667 2248 721 mutatio?
2301 668 2375 722 Ex
2425 667 2805 723 incredulitate
2854 666 2920 720 ad
2969 663 3188 719 Christo
3227 666 3555 720 credendum

1977 757 2220 823 veniunt,
2267 769 2320 813 et
2365 773 2432 814 ex
2474 761 2781 830 ignorantia
2825 755 3063 811 maxima
3113 756 3180 811 ad
3221 757 3555 826 agnitionem

1975 861 2164 916 puram
2218 851 2334 904 veri
2393 851 2522 919 Dei;
2569 866 2599 906 a
2663 850 2900 905 tenchris
2949 849 3015 902 ad
3069 847 3554 903 illuminatlonem.

1979 933 2383 993 Transmutatio
2413 948 2593 995 autem
2642 939 2968 1006 communis,
3000 939 3224 993 cuilibet
3264 952 3360 1008 per
3397 938 3554 992 ﬁdem

1974 1037 2169 1080 vocato
2197 1029 2552 1095 conveniens,
2585 1028 2768 1084 Judaeo
2796 1040 2848 1084 et
2875 1030 3084 1096 Graeco,
3126 1047 3155 1083 a
3203 1031 3463 1099 sapiendo
3489 1045 3554 1085 ea

1976 1131 2096 1185 quae
2141 1120 2320 1173 carnis
2373 1129 2499 1175 sunt
2541 1124 2606 1175 ad
2647 1130 2833 1176 sancte
2866 1135 2930 1175 ac
2982 1136 3115 1191 pure
3161 1122 3373 1176 vivendi
3408 1132 3464 1177 et
3499 1123 3554 1176 in

1979 1212 2175 1280 spiritu
2206 1213 2516 1268 ambulandi
2543 1215 2848 1277 consilium,
2879 1215 2955 1268 uti
2988 1216 3180 1269 beatus
3210 1213 3410 1268 Paulus
3435 1215 3557 1269 hor-

1976 1305 2202 1369 tatur";
2239 1320 2306 1358 ex
2339 1306 2698 1359 admiratione
2723 1319 2912 1359 eorum
2944 1319 3063 1372 qua:
3096 1304 3148 1358 in
3193 1305 3398 1359 mttndo
3426 1311 3555 1357 sunt

1975 1395 2042 1447 ad
2098 1394 2367 1464 diligenda
2416 1410 2536 1463 qum
2583 1409 2744 1463 supra
2801 1395 3062 1448 mundum
3112 1401 3257 1447 sunt.
3301 1392 3552 1446 Divinum

1981 1496 2146 1550 porro
2174 1492 2229 1538 et
2278 1500 2493 1540 sacrum
2530 1485 2802 1554 baptisma
2831 1483 3185 1553 suscipientes
3213 1498 3310 1538 nos
3341 1483 3552 1553 aspergi

1973 1573 2238 1643 sanguine
2288 1575 2490 1629 Christi
2553 1574 2619 1628 ad
2672 1574 3120 1644 expurgationem
3165 1575 3392 1643 peccati,
3431 1576 3554 1644 quis

1973 1664 2222 1720 dubitet?
2262 1665 2403 1736 Ergo
2437 1666 2524 1719 via
2576 1665 2642 1720 ad
2683 1665 3190 1720 transmutationem
3270 1675 3325 1719 et
3370 1679 3554 1732 asper-

1975 1753 2180 1809 sionem
2214 1755 2432 1811 domum
2463 1755 2603 1810 inda
2634 1756 3006 1810 habitantibus
3027 1756 3263 1810 salutare
3287 1755 3552 1824 baptisma

289 1847 402 1899 σμα
452 1830 813 1901 ραντιζόμεθα
855 1834 932 1903 τῷ
967 1834 1158 1904 αἵματι
1189 1834 1428 1907 Χριστοῦ
1476 1837 1612 1908 πρὸς
1658 1837 1869 1891 ἀποκά-

1971 1852 2074 1908 est,
2108 1843 2224 1899 sive
2263 1845 2442 1900 omnis
2477 1845 2628 1900 locus
2669 1852 2911 1913 apertus,
2947 1845 3060 1898 sive
3091 1844 3268 1898 omnis
3308 1841 3430 1897 l‘ons
3464 1843 3552 1895 di-

289 1920 482 1990 θαρτιν
524 1923 819 1993 ἁμαρτίας,
853 1923 969 1987 πῶς
1008 1924 1073 1978 ἂν
1116 1925 1408 1981 ὲνδοιάσειέ
1438 1943 1553 1992 τις;
1585 1929 1794 1982 Οὐκοῦν
1835 1930 1868 1998 ἠ

283 2011 404 2076 ὁδὸς
440 2013 472 2081 ἡ
500 2013 580 2075 εἰς
612 2015 964 2085 μετακίνησιν
1004 2015 1098 2068 καὶ
1127 2018 1206 2079 είς
1240 2018 1533 2087 ῥαντισμὸν
1561 2022 1674 2083 τοῖς
1707 2020 1765 2073 ὲν
1791 2021 1870 2091 τῷ

1977 1934 2199 2000 latatus,
2257 1943 2312 1989 et
2335 1934 2675 2006 purgationis
2713 1946 2809 1988 seu
2841 1933 3172 2002 expiationis
3200 1947 3340 2002 aqua
3370 1940 3562 1988 scatu-r

1977 2040 2142 2080 I‘IOIIS.

287 2101 421 2172 οἴκῳ
454 2101 643 2168 Ἰούδα,
672 2103 734 2156 τὸ
762 2105 1027 2173 σωτήριον
1061 2106 1364 2176 βάπτισμα,
1431 2107 1549 2177 ἤτοι
1589 2110 1697 2172 πᾶς
1740 2110 1902 2176 τόπος
1939 2115 2359 2187 διανοιγόμενος,
2424 2116 2593 2186 ἦγουν
2632 2116 2784 2170 πᾶσα
2825 2115 2975 2186 πηγὴ
3020 2113 3463 2186 κατευρυνομένη
3488 2127 3548 2167 τε

288 2193 382 2246 καὶ
411 2191 754 2264 ἀναϐρύουσα
779 2193 840 2246 τὸ
869 2196 969 2266 τῆς
998 2196 1320 2268 καθάρσεως
1347 2197 1511 2270 ὕδωρ.

359 2284 469 2336 Καὶ
508 2285 679 2338 ἔσται
711 2285 780 2337 ἐν
811 2283 887 2353 τῇ
944 2286 1133 2354 ἡμέρᾳ
1181 2286 1414 2354 ἐκείνῃ,
1457 2287 1619 2358 λέγει
1652 2291 1868 2358 Κύριος

285 2373 550 2438 Σαϐαὼθ,
580 2375 992 2441 ἑξολοθρεύσω
1022 2375 1094 2428 τὰ
1126 2376 1389 2444 ὀνόματα
1438 2375 1559 2430 τῶν
1610 2379 1869 2434 εἰδώλων

284 2467 405 2519 ἀπὸ
445 2465 553 2534 τῆς
594 2465 738 2535 γῆς,
779 2467 876 2520 καὶ
935 2465 1134 2520 οὐκέτι
1207 2467 1379 2520 ἔσται
1428 2469 1627 2522 αὐτῶν
1665 2472 1863 2539 μνεία.

286 2557 394 2611 Καὶ
441 2558 600 2620 τοὺς-
635 2557 1172 2626 Ψευὸοπροςρήτας,
1227 2558 1326 2612 καί
1381 2558 1448 2612 τὸ
1503 2562 1739 2631 πνεῦμα
1794 2563 1863 2616 τὸ

285 2649 621 2717 ἀκάθαρτον
647 2649 837 2717 ἐξαρῶ
862 2649 978 2703 ἀπὸ
1010 2648 1120 2718 τῆς
1151 2647 1283 2718 γῆς.

359 2742 470 2806 ιιιΖ’.
511 2740 694 2792 Πάντα
739 2739 874 2811 πρὸς
914 2739 976 2792 τὺ
1028 2741 1248 2809 ἄμεινον
1304 2741 1762 2819 μετακεχώρηκεν
1809 2743 1867 2796 ὲν

281 2831 526 2902 Χριστῷ,
555 2831 649 2884 καὶ
672 2831 832 2902 καινὴ
859 2834 1035 2893 κτίσις
1062 2831 1130 2883 τὰ
1158 2832 1217 2884 ἐν
1243 2831 1482 2903 Χριστῷ,
1513 2833 1611 2902 τῆς
1636 2833 1868 2904 ἀρχαίας

282 2922 621 2993 σαθρότητος
649 2922 986 2977 ἀποϐαλόντα
1019 2921 1111 2976 τὸν
1151 2922 1360 2994 μῶμον.
1393 2925 1622 2995 Ἀτρεκῆ
1652 2925 1709 2977 δὲ
1744 2925 1871 2978 ὄντα

277 3011 379 3064 τὸν
398 3012 492 3065 ἐπὶ
508 3011 642 3080 τῷδε
665 3011 820 3080 λόγον
837 3012 1040 3066 κατίδοι
1060 3030 1143 3076 τις
1165 3012 1230 3065 ἂν
1254 3013 1312 3079 ἐξ
1334 3013 1585 3081 αὐτῶν,εί
1604 3015 1864 3083 βούλοιτο,

2047 2290 2210 2345 Vens.
2242 2288 2297 2342 2.
2340 2285 2406 2340 Et
2457 2289 2556 2342 erit
2579 2289 2630 2342 in
2667 2287 2753 2342 die
2792 2287 2908 2352 illa,
2955 2288 3081 2342 dicit
3132 2287 3392 2344 Dominus
3446 2289 3549 2346 Sa-

1975 2383 2152 2447 baoth,
2189 2382 2487 2450 disperdam
2518 2381 2730 2434 nomina
2770 2380 3033 2434 idolorum
3057 2381 3120 2435 de
3144 2389 3307 2447 terra,
3343 2393 3390 2436 et
3436 2399 3546 2438 non

1972 2474 2068 2527 erit
2104 2474 2246 2526 ultra
2279 2489 2461 2527 eorum
2509 2472 2786 2526 memoria.
2841 2470 2910 2526 Et
2949 2473 3455 2544 pseudopropltetas,
3493 2487 3544 2530 et

1973 2566 2217 2634 spiritum
2243 2565 2572 2619 immundum
2599 2564 2839 2633 auferam
2867 2562 2931 2618 de
2959 2573 3122 2619 terra.

2045 2737 2254 2795 XCVII.
2288 2739 2484 2795 Omnia
2517 2741 2572 2795 in
2598 2748 2797 2795 statum
2840 2741 3118 2794 meliorem
3155 2739 3457 2808 migrarent
3490 2740 3543 2796 in

1973 2833 2212 2899 Christo,
2243 2843 2299 2888 et
2327 2848 2447 2903 quae
2481 2834 2533 2887 in
2558 2846 2624 2887 eo
2650 2841 2776 2888 sunt
2807 2846 2950 2886 nova
2973 2839 3221 2886 creatura
3252 2834 3296 2898 ο,
3325 2846 3546 2888 mareo-

1980 2924 2056 2978 ris
2090 2924 2293 2992 antiqui
2331 2922 2543 2993 ahjceto
2573 2923 2857 2978 dedecore.
2893 2921 2970 2976 Ac
3003 2921 3290 2976 verborum
3320 2921 3540 2991 quidem

1978 3014 2204 3069 istorum
2232 3017 2518 3069 veritatem
2544 3030 2612 3069 ex
2656 3014 2788 3084 ipsis
2821 3028 3038 3084 quoque
3063 3013 3225 3067 rebus
3272 3011 3542 3082 quispiam

277 3103 394 3156 τῶν
441 3103 798 3173 πραγμάτων.
853 3102 966 3175 Πρὸ
1023 3103 1122 3174 μὲν
1159 3104 1269 3174 γὰρ
1299 3105 1406 3157 τῶν
1444 3105 1544 3174 τῆς
1580 3106 1871 3177 ἐπιδημίας

1975 3105 2332 3174 perspexerit.
2365 3105 2507 3159 Ante
2539 3113 2780 3172 tempora
2828 3103 2971 3157 enim
3013 3104 3294 3166 adventus,
3324 3099 3546 3170 quando

274 3193 517 3262 καιρῶν,
545 3193 696 3246 οΰπω
728 3195 847 3246 καθ’
880 3197 1028 3264 ἡμᾶς
1064 3195 1349 3263 γεγονότος
1377 3195 1469 3248 τοῦ
1502 3197 1860 3265 Μονογενοῦς,

272 3284 410 3336 οὔτε
449 3285 554 3355 μὴν
578 3285 656 3355 τῷ
683 3285 812 3355 θείῳ
841 3287 980 3354 φωτὶ
1004 3285 1072 3338 τά
1100 3286 1278 3339 πάντα
1307 3290 1861 3358 περιαστράπτοντος,

271 3373 453 3444 ἀχλὺς
482 3370 550 3444 ἦν
593 3375 707 3439 ἔτι,
754 3377 846 3428 κοιλ¹
886 3376 1077 3438 σκότος
1125 3376 1184 3428 ὲν
1228 3379 1348 3439 ταῖς
1383 3377 1492 3430 τῶν
1525 3377 1694 3431 ἐθνῶν
1729 3395 1866 3450 καρ-

269 3463 443 3525 δίαις.
483 3463 800 3534 Ἐλάτρευον
829 3463 939 3534 γὰρ
987 3463 1260 3528 εἰδώλοις,
1306 3464 1399 3518 καὶ
1430 3464 1746 3529 δυσϐουλίας
1785 3468 1864 3530 εἰς

270 3553 446 3607 τοῦτο
491 3553 842 3620 κατώλισθον,
874 3553 949 3616 ὼς
985 3553 1190 3621 ξύλοις,
1231 3554 1327 3607 καὶ
1368 3554 1535 3617 λίθοις
1584 3555 1862 3609 ἀναθεῖναι

271 3645 342 3699 τὸ
377 3643 559 3706 σέϐας,
585 3645 676 3697 καὶ
703 3647 814 3707 τοῖς
843 3644 1170 3715 ἀκαθάρτοις
1200 3645 1417 3715 δαίμοσι
1447 3645 1546 3708 τὰς
1584 3645 1702 3714 Θεῴ
1733 3663 1861 3715 πρε-

270 3735 496 3797 πούσας
522 3735 780 3788 ἀνάπτειν
811 3736 994 3806 τιμάς.
1023 3737 1130 3789 Καὶ
1157 3737 1317 3788 ταυτὶ¹
1346 3736 1443 3806 μὲν
1469 3736 1568 3806 τῆς
1592 3737 1700 3790 τῶν
1729 3736 1862 3789 πλα-

266 3825 543 3893 νωμένων
569 3826 892 3896 ἀϐελτηρίας
927 3825 995 3878 τὰ
1035 3826 1376 3895 ἐγκλήματα.
1410 3825 1570 3896 Παρά
1597 3826 1656 3879 δέ
1694 3843 1758 3895 γε
1785 3826 1862 3896 τῷ

280 3913 533 3985 Ἰσραὴλ,
566 3915 623 3978 ὃς
660 3915 754 3968 καὶ
781 3915 1094 3979 ἀπόδεκτος,
1130 3917 1223 3968 καὶ
1267 3917 1425 3986 μερὶς
1459 3915 1683 3988 Κυρίου,
1719 3917 1862 3970 κατά

264 4006 338 4060 τὸ
391 4007 800 4076 γεγραμμένον,
832 4006 1120 4076 σχοινισμά
1160 4023 1222 4058 τε
1268 4007 1631 4077 κληρονομίας
1671 4006 1857 4072 αὑτοῦ,

263 4087 521 4169 τοσαύτη
553 4117 638 4163 τις
678 4095 748 4170 ἦν
787 4099 934 4170 ἠθῶν
967 4117 1027 4153 τε
1069 4101 1162 4154 καὶ
1205 4101 1421 4172 τρόπων
1469 4101 1742 4172 ὲξιτηλία,
1785 4102 1861 4164 ὡς

262 4191 467 4258 ὀλίγου
505 4190 602 4259 μὲν
630 4189 908 4255 ἀξιοῦσθαι
937 4189 1118 4258 λόγου,
1149 4189 1325 4243 καίτοι
1371 4190 1507 4260 πρὸς
1542 4185 1860 4262 ἐπικουρίαν

261 4283 472 4344 αὐτοῖς
505 4281 723 4335 δοθέντα
752 4281 843 4335 τὸν
872 4281 1056 4352 νόμον,
1098 4282 1192 4335 καὶ
1233 4281 1334 4335 οὐκ
1375 4282 1642 4345 ἀνικάνως
1670 4281 1859 4351 ἔχοντα

261 4373 424 4445 πρὸς
467 4373 839 4440 παιδαγωγίαν
876 4373 976 4442 τὴν
1021 4372 1112 4424 ὲπί
1140 4389 1204 4441 γε
1232 4372 1311 4442 τῷ
1357 4371 1554 4442 χρῆναι
1589 4371 1736 4441 βιοῦν
1774 4373 1862 4441 ὀρ·

1973 3198 2207 3252 nondum
2237 3211 2436 3264 corpus
2468 3195 2637 3248 ullum
2673 3195 2926 3248 induerat
2976 3191 3321 3262 Unigenitus,
3368 3205 3546 3261 neque

1972 3289 2159 3343 divino
2199 3287 2404 3341 lumine
2429 3287 2614 3342 omnia
2633 3286 3114 3352 collustrabantur,
3166 3286 3345 3340 adhuc
3369 3285 3549 3354 caligo

1971 3390 2025 3436 et
2046 3381 2280 3434 tenehrze
2305 3379 2356 3433 in
2389 3378 2636 3433 cordibus
2661 3378 2899 3446 gentium
2925 3385 3097 3432 erant.
3119 3375 3378 3432 Colebant
3399 3377 3545 3431 enim

1971 3470 2281 3533 simulacra,
2313 3483 2485 3538 eoque
2515 3468 2758 3524 stultitim
2784 3467 3177 3522 descenderant
3209 3474 3270 3521 ut
3310 3467 3454 3538 ligna
3485 3474 3542 3522 et

1971 3561 2176 3630 lapides
2205 3559 2402 3615 divinis
2432 3559 2769 3616 caremoniis
2816 3557 3112 3623 adicerent,
3145 3566 3202 3612 et
3245 3558 3548 3614 immundis

1971 3653 2304 3708 daemonibus
2342 3654 2452 3708 Deo
2484 3661 2848 3721 congruentes
2868 3651 3102 3705 honores
3146 3650 3538 3719 impenderent.

1969 3744 2036 3798 Et
2066 3746 2180 3799 hare
2207 3744 2424 3812 quidem
2447 3743 2745 3799 errantium
2768 3743 3002 3797 vesaniae
3032 3741 3264 3795 crimina
3295 3740 3537 3798 fuerunt.

1967 3836 2122 3907 Apud
2179 3835 2436 3890 lsraeletn
2497 3849 2623 3888 vero
2673 3841 2949 3902 acceptum
2999 3832 3147 3887 illum
3178 3873 3193 3896 ,
3235 3841 3291 3887 et
3330 3841 3542 3902 partem

1968 3924 2204 3990 Domini,
2242 3924 2667 3992 sicutscriptum
2703 3932 2786 3976 est
2819 3921 2882 3988 ³ο,
2925 3929 2978 3975 et
3026 3921 3324 3974 funiculum
3369 3920 3540 3975 haere-

1967 4017 2155 4072 ditatis
2202 4016 2340 4086 ejus,
2373 4025 2520 4069 tanta
2569 4023 2684 4067 erat
2717 4013 3172 4068 consuetudinum
3209 4022 3374 4081 atque
3418 4026 3538 4068 mo-

1969 4120 2086 4160 rum
2135 4105 2381 4169 fatuitas,
2421 4112 2479 4157 ut
2512 4103 2704 4173 legem,
2737 4103 2981 4171 quamvis
3012 4103 3078 4156 ad
3131 4102 3390 4156 auxilium
3430 4102 3538 4157 sibi

1967 4195 2171 4260 datam,
2202 4210 2302 4248 nec
2325 4195 2390 4248 ad
2415 4194 2808 4247 institutionem
2836 4192 2956 4245 vitae
2979 4193 3031 4244 in
3053 4191 3270 4245 Christo
3297 4191 3534 4260 probata:

1968 4282 2374 4338 insuliicientcm
2430 4282 2913 4350 parvipenderent,
2962 4280 3250 4347 potiusque
3305 4281 3370 4334 ad
3407 4294 3535 4348 gen-

1970 4372 2102 4427 tium
2135 4385 2348 4427 errores
2379 4370 2681 4439 sequendos
2721 4369 2914 4424 stolide
2961 4367 3330 4434 declinarent,
3368 4368 3533 4422 ﬁniti-

260 4464 420 4523 θῶς,
449 4462 744 4514 ἀπονεῦσαι
770 4461 826 4512 δὲ
861 4461 1059 4530 μᾶλλον
1087 4462 1224 4533 πρὸς
1250 4462 1310 4514 τὸ
1337 4463 1447 4514 δεῖν
1472 4460 1715 4522 ἀϐούλως
1739 4462 1858 4522 ταῖς

1971 4477 2284 4531 marumqne
2355 4459 2776 4530 superstitiones
2830 4458 2998 4529 788
3059 4456 3531 4527 amplecterentur.

256 4553 397 4606 τῶν
447 4549 616 4603 ἐθνῶν
664 4549 1092 4619 ἀποκομίζεσθαι
1141 4552 1399 4618 πλάναις,
1448 4553 1543 4604 καὶ
1589 4553 1707 4610 ταῖς
1754 4550 1860 4602 τῶν

257 4643 505 4716 ὁμόρων
548 4639 991 4710 δεισιδαιμονίαις
1046 4644 1298 4710 στοιχεῖν.
1352 4641 1711 4711 Προσέκειντο
1763 4641 1860 4710 μὲν

257 4738 417 4806 γὰρ,
450 4735 545 4786 καὶ
584 4732 701 4786 λίαν
737 4732 1001 4794 ἐκτόπως,
1040 4734 1152 4796 τοῖς
1181 4731 1291 4786 τῶν
1320 4731 1682 4801 ψευδωνύμων
1727 4748 1861 4803 προ-

257 4824 474 4896 φητῶν
519 4823 906 4892 μαντεύμασιν.
934 4825 995 4876 Οἱ
1026 4823 1122 4892 μὲν
1151 4824 1260 4894 γὰρ
1294 4823 1404 4875 τῶν
1434 4823 1660 4875 εἰδώλων
1696 4823 1857 4894 θερα-

259 4916 504 4977 πευταὶ,
532 4917 644 4975 τοῖς
668 4913 910 4983 βεϐήλοις
955 4913 1203 4984 τεμένεσι
1237 4912 1686 4983 προσιζήσαντες,
1727 4930 1859 4982 χρη-

262 5005 541 5077 σμολόγοι
564 5021 622 5056 τε
651 4999 812 5073 ἦσαν,
845 5004 940 5057 καὶ
963 5003 1277 5074 ψευδοεπεῖς
1297 5021 1310 5033 ’
1339 5004 1385 5056 οἱ
1412 5002 1469 5055 δὲ
1497 5003 1589 5056 καὶ
1614 5002 1693 5067 τὸ,
1731 5022 1748 5053 t
1783 5005 1858 5074 Ζῇ

257 5098 510 5168 Κύριος,
538 5114 556 5147 ι
591 5096 683 5149 ἐπὶ
728 5094 974 5164 γλώττης
1022 5094 1269 5165 ἔχοντες,
1314 5094 1408 5148 καὶ
1456 5093 1696 5148 εὐσεϐεῖν
1729 5095 1860 5146 ὐπο-

258 5187 667 5258 πλαττόμενοι,
698 5189 789 5240 καὶ
823 5183 933 5239 οἷον
965 5186 1234 5257 προϐάτου
1267 5187 1396 5258 δορᾷ
1431 5185 1523 5240 τὸν
1550 5186 1711 5240 λύκον
1742 5187 1860 5240 ὲπι-

260 5278 627 5343 σκιάζοντες,
666 5278 728 5331 τὸ
756 5277 854 5346 τῆς
885 5277 1218 5348 προφητείας
1257 5277 1426 5346 ὄνομά
1468 5293 1648 5346 σφισιν
1680 5275 1860 5336 αὐτοῖς

260 5369 655 5441 περιτιθέντες
687 5373 734 5423 οἱ
767 5369 1029 5434 τάλανες,
1077 5371 1169 5423 καὶ
1206 5370 1305 5439 τὴν
1354 5369 1444 5421 ἐπὶ
1489 5369 1662 5437 τούτῳ
1704 5367 1859 5432 δόξαν

261 5461 518 5523 ἀνοσίως
562 5460 936 5531 ἁρπάζοντες,
986 5461 1358 5530 ἀπηρεύγοντο
1402 5459 1462 5511 τὸ
1506 5457 1717 5518 δοκοῦν,
1767 5456 1861 5507 καὶ⁸

256 5555 412 5614 τοὺς
457 5551 550 5621 τῆς
593 5551 769 5604 αὐτῶν
819 5551 1040 5620 καρδίας
1078 5551 1387 5619 λογισμοὺς,
1435 5549 1584 5602 θείαν
1625 5547 1860 5614 ἔφασκον

345 5725 373 5757 ⁸
402 5721 562 5778 Rom.
595 5739 712 5790 vttt,
733 5725 764 5778 4
791 5737 941 5794 seqq.

1967 4551 2246 4605 Falsorum
2285 4551 2429 4604 enim
2460 4550 2844 4619 prophetarum
2873 4546 3148 4602 vaticiniis
3196 4546 3528 4602 absurdissi-

1968 4656 2054 4694 tne
2118 4638 2471 4693 inharrebant.
2537 4637 2774 4703 Quorum
2833 4635 2922 4688 alii
2981 4635 3243 4689 idolorum
3294 4633 3536 4687 ministri-

1966 4729 2208 4799 prol‘anis
2247 4728 2459 4798 templis
2485 4729 2808 4793 assidentes,
2839 4738 2892 4782 et
2925 4727 3144 4782 oracula
3173 4735 3226 4782 et
3251 4727 3530 4780 mendacia

1964 4821 2326 4888 loquebantur
2354 4837 2368 4872 :
2402 4819 2512 4884 alii,
2553 4837 2571 4870 ι
2609 4817 2752 4872 Vivit
2784 4817 3044 4873 Dominus
3079 4837 3096 4869 ι
3135 4818 3187 4872 in
3221 4818 3400 4887 lingua
3434 4817 3530 4871 ha-

1965 4911 2174 4975 bentes,
2217 4921 2270 4964 et
2314 4909 2567 4979 pietatem
2614 4909 2930 4970 simulantes
2973 4918 3029 4963 et
3070 4918 3320 4976 tanquam
3370 4907 3530 4961 ovilla

1965 5003 2101 5071 pelle
2133 5003 2314 5070 lupum
2355 5009 2730 5068 contegentes,
2757 4999 3248 5068 prophetarumqne
3293 4996 3530 5064 appella-

1970 5097 2169 5148 tionem
2201 5091 2300 5146 sibi
2326 5091 2456 5159 ipsis
2485 5100 2817 5160 arrogantes,
2844 5088 3048 5149 miseri,
3075 5096 3125 5140 et
3159 5085 3384 5154 gloriam
3409 5087 3532 5154 ejus

1968 5184 2175 5238 nefarie
2205 5182 2496 5250 rapientes,
2521 5183 2659 5248 quod
2690 5179 2889 5232 libebat
2912 5177 3254 5241 eruetabant,
3280 5183 3333 5229 et
3369 5190 3532 5230 sensa

1966 5273 2145 5328 cordis
2176 5272 2254 5326 sui
2291 5272 2526 5325 divinum
2559 5285 2677 5325 esse
2701 5269 2983 5323 consilium
3024 5266 3397 5319 autumabant.
3424 5265 3531 5319 Su-

1966 5380 2064 5432 per
2105 5360 2409 5429 hnjusmodi
2444 5370 2548 5413 tam
2595 5360 2830 5429 projeete
2862 5355 3156 5410 audacibus
3186 5355 3346 5410 etiam
3391 5371 3530 5424 pro-

1970 5456 2127 5521 pheta
2172 5449 2434 5503 Jeremias
2484 5448 2858 5500 universorum
2920 5445 3204 5499 Dominum
3251 5444 3412 5499 Deum
3455 5445 3530 5496 ita

1968 5539 2254 5610 compellat
2285 5555 2296 5590 :
2337 5555 2354 5588 t
2385 5535 2484 5601 Qui
2529 5550 2609 5601 es,
2644 5533 2886 5601 Domine,
2932 5547 3057 5589 ecce
3106 5534 3375 5602 prophetze
3399 5546 3532 5600 pro-

1017 5724 1037 5754 ⁹
1062 5725 1102 5775 ll
1133 5724 1258 5779 Cor.
1286 5729 1345 5789 ν,
1378 5722 1468 5776 17.
1547 5723 1591 5754 ¹⁰
1625 5721 1780 5775 Deut.
1804 5733 1978 5781 xxxn,
2005 5720 2056 5772 9.
