4026 6276
476 322 576 375 951

1456 317 1513 371 S.
1554 308 2335 376 CYI’IILLI’ALEXANDBINI
2377 314 2691 373 ARCHIEP.

3610 316 3718 371 252

471 437 718 506 phetant,
746 445 801 492 et
830 438 1014 492 dicunt
1052 456 1064 489 :
1107 436 1222 489 Non
1280 435 1529 490 videbitis
1571 436 1829 506 gladium,
1864 445 1919 492 et
1959 437 2040 489 fa—

2144 435 2279 491 εἷναι
2312 438 2527 509 βουλήν.
2576 438 2709 509 Περὶ
2738 437 2845 489 τῶν
2885 436 2951 488 τά
2980 433 3157 488 τοιάδε
3197 432 3403 503 τολμᾷν
3446 428 3712 483 εἰωθότων

475 543 589 583 mes
628 545 730 583 non
784 531 887 583 erit
938 530 990 582 in
1033 527 1205 590 vobis,
1239 527 1364 595 quia
1423 528 1702 582 veritatem
1751 535 1804 581 et
1849 542 2035 596 pacem

471 617 610 670 dabo
633 618 684 671 in
719 626 885 681 terra,
918 627 973 670 et
1009 618 1059 670 in
1092 616 1208 670 loco
1240 618 1342 669 isto
1375 616 1441 668 “.
1473 634 1492 667 ι
1527 615 1592 668 Ει
1620 616 1686 669 ad
1714 616 1827 670 haec
1856 616 1993 671 Deus
2022 634 2037 669 :

475 723 496 758 ι
526 704 681 760 Falsa
714 708 988 776 preplietze
1019 707 1343 776 prophetarit
1378 706 1431 760 in
1482 708 1703 761 nomine
1744 720 1882 761 meo.
1920 707 2036 762 Non

474 799 595 851 misi
625 814 739 863 eos,
774 809 828 854 et
858 814 966 853 non
1010 799 1258 852 mandavi
1288 797 1391 864 eis,
1430 809 1484 854 et
1517 812 1621 853 non
1664 813 1781 852 sum
1829 798 2040 853 locutus

473 888 540 942 ad
588 904 700 954 eos,
735 899 788 942 et
831 890 1063 944 visiones
1100 891 1407 951 mendaces,
1455 897 1509 943 et
1558 889 1939 954 divinationes,
1986 899 2041 944 et

473 978 723 1047 auguria,
754 986 809 1032 et
845 979 1141 1032 electiones
1169 979 1354 1033 cordis
1383 979 1467 1032 sui
1503 978 1602 1044 ipsi
1629 976 1792 1031 locuti
1822 985 1947 1035 sunt
1973 977 2039 1030 ad

473 1083 588 1132 eos,
617 1077 665 1123 et
695 1069 795 1136 ipsi
822 1069 985 1131 locuti
1011 1079 1138 1123 sunt
1161 1071 1261 1135 eis,
1292 1080 1346 1123 et
1373 1071 1469 1139 ipsi
1500 1070 1893 1139 prophetabant
1915 1070 1978 1124 ¹¹.
2014 1087 2032 1120 ι

474 1155 866 1224 Mendaciloqui
899 1159 1042 1211 enim
1099 1167 1274 1221 erant,
1319 1166 1378 1210 ut
1419 1157 1552 1222 dixi,
1583 1164 1637 1210 et
1687 1156 1930 1224 turpibus
1960 1156 2039 1209 vi-

475 1248 545 1299 cti
585 1247 940 1316 quaesticulis,
971 1250 1035 1301 de
1064 1249 1222 1302 corde
1244 1262 1340 1301 suo
1364 1246 1707 1301 audientibus
1739 1246 2038 1315 loqueban-

478 1348 584 1400 tur,
620 1348 675 1388 ut
707 1339 965 1406 scriptum
1003 1347 1106 1401 est,
1146 1356 1164 1387 ι
1214 1346 1270 1389 ct
1304 1352 1409 1389 non
1454 1337 1519 1390 de
1547 1351 1641 1391 ore
1671 1336 1879 1389 Domini
1913 1335 1975 1390 η.
2013 1355 2031 1388 υ

473 1428 677 1482 Deinde
704 1444 824 1482 cum
860 1428 1077 1482 Judaeos
1104 1428 1243 1481 istud
1274 1427 1459 1495 iniquo
1485 1427 1666 1480 animo
1699 1427 1840 1481 ferre
1877 1442 2041 1496 opor-

476 1527 633 1581 teret,
683 1518 758 1571 illi
813 1530 1000 1571 contra
1055 1533 1149 1572 cos
1193 1518 1611 1583 venerabantur,
1661 1525 1714 1571 et
1772 1518 2040 1586 supremis

2139 527 2234 580 καὶ
2277 527 2305 577 6
2338 528 2623 598 προφήτης
2668 527 2905 595 ἔφασκεν
2940 523 3234 593 Ἱερεμίας.
3288 519 3424 590 πρὸς
3468 518 3561 576 τὸν
3608 517 3715 570 τῶν

2137 618 2273 671 ὅλων
2300 616 2783 684 κατεξουσιάζοντα
2816 617 2946 669 Θεόν
2966 632 2979 645 ·
3020 633 3037 665 ι
3078 614 3136 667 '0
3168 612 3264 674 ὢν,
3294 610 3491 679 Κύριε,
3528 609 3638 662 ἰδοὺ
3664 612 3713 663 οἰ

2140 706 2417 774 προφῆται
2471 706 2649 759 αὐτῶν
2688 704 3112 776 προφητεύουσι,
3162 701 3256 754 καὶ
3289 699 3571 767 λέγουσιν’
3603 698 3711 750 Οὐκ

2139 793 2333 863 ὄψεσθε
2375 795 2669 865 μάχαιραν,
2706 795 2802 847 καὶ
2834 793 2989 863 λιμὸς
3032 793 3130 845 οὐκ
3173 790 3323 843 ἔσται
3354 790 3411 841 ἐν
3437 788 3589 858 ὑμῖν,
3634 787 3715 839 ὃτι

2138 884 2392 953 ἀλήθειαν
2426 884 2520 939 καὶ
2553 886 2773 960 εἰρήνην
2812 884 2967 937 δώσω
3004 883 3097 935 ἐπὶ
3127 882 3225 951 τῆς
3265 881 3387 949 γῆς,
3425 880 3519 931 καὶ
3550 878 3609 931 ἐν
3638 876 3713 947 τῷ

2138 977 2288 1046 τόπῳ
2304 974 2503 1048 τούτῳ.
2529 996 2549 1031 ι
2586 978 2697 1029 Καὶ
2724 976 2859 1047 πρός
2891 992 2955 1044 γε
2993 974 3164 1029 ταῦτα
3186 973 3320 1035 Θεός
3340 989 3353 1001 υ
3396 989 3415 1022 ι
3443 967 3630 1037 Ψευδῆ
3663 970 3712 1021 οἰ

2140 1070 2415 1139 προφῆται
2450 1068 2879 1140 προφητεύουσιν
2929 1070 2986 1120 ἐν
3028 1066 3106 1137 τῷ
3149 1063 3375 1133 ὀνόματί
3432 1078 3555 1132 μου.
3604 1060 3714 1113 Οὐκ

2138 1157 2432 1211 ἀπέστειλα
2466 1158 2692 1223 αὐτοὺς,
2725 1157 2818 1211 καὶ
2848 1156 2950 1210 οὐκ
2996 1153 3349 1223 ἐνετειλάμην
3384 1152 3590 1213 αὐτοῖς,
3624 1150 3715 1202 καὶ

2138 1249 2239 1301 οὐκ
2270 1248 2507 1317 ἐλάλησα
2538 1248 2673 1319 πρὸς
2703 1249 2918 1315 αὐτοὺς,
2957 1248 3052 1301 καὶ
3095 1246 3313 1316 ὁράσεις
3354 1243 3592 1313 ψευδεῖς,
3622 1242 3714 1294 καὶ⁸

2142 1340 2422 1409 μαντείας,
2467 1341 2561 1392 καὶ
2587 1340 2946 1410 οἰωνίσματα,
2979 1337 3074 1392 καὶ
3107 1335 3455 1409 προαιρέσεις
3491 1329 3712 1404 καρδίας

2139 1431 2339 1496 αὐτῶν,
2370 1433 2521 1485 αὐτοὶ
2550 1431 2817 1502 ἐλάλησαν
2858 1429 2994 1500 πρὸς
3021 1428 3237 1491 αὐτοὺς,
3269 1427 3361 1480 καὶ
3398 1424 3551 1477 αὐτοὶ
3585 1440 3711 1491 προ-

2140 1522 2419 1591 εφήτευον.
2446 1540 2464 1571 ι
2493 1521 2823 1583 Ψευδοεπεῖς
2855 1520 2962 1591 γάρ
2987 1518 3147 1590 ἦσαν,
3172 1517 3247 1575 ὡς
3273 1516 3428 1585 ἔφην,
3456 1514 3551 1567 καὶ
3573 1514 3707 1582 λημ-

477 1609 765 1662 honoribus
830 1623 1094 1663 exornare
1159 1610 1466 1663 studebant.
1518 1609 1807 1678 Postquam
1860 1620 2038 1665 autem

2144 1612 2349 1681 ματίων
2375 1612 2616 1683 αἰσχρῶν
2635 1612 2954 1683 ἡττώμενοι,
2973 1609 3338 1682 προσελάλουν
3356 1610 3468 1670 τοῖς
3498 1607 3703 1675 ἀκροω-

472 1701 764 1767 aliquando
802 1701 1137 1767 unigenitum
1173 1700 1265 1753 Dei
1308 1701 1542 1755 Verbum
1576 1702 1730 1756 nobis
1764 1703 2035 1771 apparuit,

2145 1703 2323 1773 μένοις
2356 1704 2424 1757 τὰ
2457 1705 2565 1757 ἀπὸ
2595 1703 2820 1774 καρδίας
2848 1702 3048 1765 αὐτῶν,
3095 1700 3238 1754 καθά
3262 1700 3593 1769 γέγραπται,
3621 1697 3709 1748 καὶ

472 1789 648 1858 inepta
698 1800 751 1845 et
809 1791 1034 1859 puerilia
1091 1791 1405 1845 idololatria:
1436 1791 1635 1846 ludicra
1666 1808 1887 1860 prorsus
1915 1808 2040 1850 eva-

2144 1796 2240 1849 ούκ
2276 1797 2384 1849 ἀπὸ
2426 1797 2692 1866 στόματος
2742 1798 2967 1865 Κυρίου.
3012 1788 3148 1846 Εἶτα
3192 1792 3309 1844 δέον
3370 1790 3465 1843 ἐπὶ
3507 1787 3710 1848 τούτοις

473 1890 709 1935 nuerunt
740 1891 793 1935 et
820 1883 1085 1935 exstincta
1120 1890 1264 1944 sunt,
1299 1890 1353 1935 ct
1384 1882 1650 1936 sublatum
1683 1898 1804 1936 cum
1828 1898 1891 1937 ea
1930 1898 2042 1938 ne—

2144 1882 2471 1949 άγανακτεῖν
2506 1882 2822 1945 Ἰουδαίους,
2866 1883 2931 1935 ἐκ
2977 1881 3085 1934 τῶν
3131 1879 3388 1933 ἐναντίων
3436 1875 3711 1929 ἐποιοῦντο

472 1972 667 2026 farium
693 1958 907 2039 quoque
939 1980 992 2023 et
1034 1970 1253 2039 impium
1292 1970 1877 2040 pseudoprophetarum
1912 1983 2043 2028 stu-

474 2063 619 2115 dium
649 2061 737 2129 qui
773 2061 1007 2129 maliguo
1051 2070 1105 2113 et
1137 2060 1412 2115 immundo
1438 2062 1630 2130 spiritu
1668 2062 1811 2132 pleni
1858 2072 2038 2130 erant,

472 2160 528 2205 et
551 2167 669 2205 cum
698 2151 962 2205 idolorum
988 2151 1283 2206 cultoribus
1304 2167 1559 2222 germano
1582 2169 1645 2208 ac
1678 2155 1837 2209 simili
1857 2170 2043 2211 errore

475 2242 659 2295 infecti
710 2241 991 2296 verissime
1040 2241 1257 2310 coargui
1292 2243 1613 2311 potuissent.
1656 2243 1809 2300 Unus
1846 2246 2044 2315 quippe

476 2331 739 2386 ambobus
789 2332 1083 2399 impietatis
1125 2347 1344 2403 praeses,
1390 2335 1642 2389 nimirum
1677 2335 1926 2390 Satanas.
1953 2336 2044 2390 Ait

479 2423 640 2492 igitur
668 2440 683 2479 ;
712 2438 731 2472 ι
766 2421 974 2476 Tollam
1012 2422 1075 2475 tle
1108 2432 1249 2477 terra
1281 2424 1496 2477 nomina
1545 2425 1905 2490 idolorum,et
1937 2442 2042 2480 non

476 2513 582 2567 erit
616 2514 872 2567 memoria
923 2512 1134 2567 illorum
1183 2515 1234 2567 in
1264 2514 1353 2568 die
1388 2514 1473 2568 illa
1504 2515 1566 2579 “,
1608 2535 1626 2568 ›
1668 2517 1768 2571 ιιοο
1800 2525 1904 2579 est,
1957 2518 2046 2571 illo

481 2618 745 2675 tempore,
768 2622 875 2675 quo
904 2605 1140 2660 divinum
1164 2615 1217 2659 et
1248 2605 1468 2660 coeleste
1492 2606 1669 2661 lumen
1694 2606 2043 2676 splenduerit,

479 2707 536 2751 et
562 2698 612 2750 in
640 2696 940 2750 errantium
977 2695 1230 2751 cordibus
1262 2695 1502 2759 Lucifer,
1535 2711 1694 2766 quem
1742 2696 2047 2768 intelligen-

480 2789 567 2841 tiae
593 2787 751 2843 oculo
782 2788 1047 2848 videmus,
1091 2797 1312 2842 exortus
1337 2787 1515 2853 fuerit,
1556 2797 1615 2841 ut
1646 2788 1904 2858 scriptum
1941 2799 2045 2854 est,

481 2890 537 2933 et
565 2878 818 2933 diluxerit
850 2878 985 2943 dies,
1022 2879 1241 2949 antiqua
1267 2888 1424 2934 nocte
1453 2886 1507 2932 et
1532 2894 1650 2948 quae
1679 2879 1730 2931 in
1760 2895 1819 2933 ea
1851 2880 2049 2934 ﬁebant

482 2968 736 3037 repulsis,
768 2976 845 3034 ut,
874 2968 1044 3021 veteri
1075 2969 1414 3027 immunditia
1465 2968 1701 3034 sublata,
1733 2969 1950 3023 athletae.
1994 2976 2049 3024 et

482 3060 653 3113 sancti
689 3061 1003 3113 adoratores
1036 3061 1102 3113 de
1144 3069 1341 3113 caetero
1390 3061 1821 3116 conversationis
1848 3071 2048 3116 sanctae

2145 1974 2394 2035 σεπτοὺς,
2427 1975 2520 2025 καὶ
2545 1975 2733 2042 τιμαῖς
2758 1973 2877 2036 ταῖς
2906 1971 3165 2026 ἀνωτάτω
3195 1966 3495 2038 στεφανοῦν
3523 1965 3712 2019 ἐσπού-

2141 2060 2319 2124 δαζον.
2337 2062 2487 2113 Ἐπεὶ
2517 2063 2574 2114 δέ
2604 2063 2786 2115 λοιπὸν
2814 2063 3080 2130 ἐπέφανεν
3104 2062 3234 2131 ἡμῖν
3257 2060 3285 2111 6
3309 2056 3601 2128 μονογενὴς
3621 2054 3711 2108 τοῦ

2145 2151 2277 2203 Θεοῦ
2309 2152 2501 2218 Λόγος,
2520 2152 2691 2222 ᾤχετο
2712 2154 2808 2224 μὲν
2837 2155 2915 2216 εἰς
2938 2153 3104 2218 ἅπαν,
3130 2153 3221 2204 καὶ
3246 2148 3551 2219 ώλόθρευτο
3581 2163 3713 2200 παν-

2149 2244 2320 2306 τελῶς
2351 2245 2419 2298 τὰ
2449 2244 2632 2316 ψυχρά
2658 2245 2750 2297 καὶ
2783 2243 3115 2314 μειρακιώδη
3140 2245 3239 2313 τῆς
3274 2238 3714 2308 εἰδωλολατρείας

2146 2333 2456 2403 ἀθύρματα,
2503 2335 2861 2404 συνεξῄρηται
2892 2334 2947 2386 δὲ
2978 2334 3114 2404 αὐτῇ
3154 2334 3248 2387 καὶ
3282 2333 3341 2385 τὸ
3388 2331 3617 2384 ἔκτοπόν
3656 2346 3716 2382 τε

2146 2425 2241 2476 καὶ
2288 2424 2540 2488 δυσσεϐὲς
2592 2425 2929 2495 ἐπιτήδευμα
2978 2424 3087 2477 τῶν
3135 2421 3619 2493 ψευδοπροφητῶν,
3665 2418 3713 2472 οῖ

2147 2516 2383 2584 πονηροῦ
2410 2516 2504 2569 καὶ¹
2526 2516 2833 2587 ἀκαθάρτου
2860 2515 3168 2586 πνεύματος
3192 2514 3411 2585 ἔμπλεῳ
3436 2509 3598 2582 ἦσαν,
3625 2510 3719 2564 καὶ

2145 2607 2258 2667 τοῖς
2296 2605 2401 2657 τῶν
2443 2605 2677 2659 εἰδώλων
2721 2607 3083 2677 θεραπευταῖς
3113 2605 3347 2676 ἀδελφὴν
3377 2604 3470 2657 καὶ
3506 2602 3719 2672 γείτονα

2147 2695 2425 2759 νοσοῦντες
2453 2696 2549 2767 τὴν
2578 2697 2840 2767 πλάνησιν
2869 2697 3312 2767 καταφωραθεῖεν
3339 2695 3426 2761 ἂν,
3453 2693 3548 2747 καὶ
3579 2692 3720 2764 μάλα

2147 2785 2340 2856 ὀρθῶς.
2365 2782 2459 2850 Εἷς
2497 2786 2604 2855 γὰρ
2640 2789 2840 2858 ἀμφοῖν
2865 2788 2961 2858 τῆς
2990 2787 3308 2849 δυσσεϐείας
3341 2787 3369 2838 6
3401 2784 3717 2853 ἐπιστάτης,

2148 2878 2426 2931 τουτέστιν
2454 2881 2481 2931 6
2510 2880 2773 2942 Σατανᾶς.
2809 2899 2829 2931 ι
2870 2876 3078 2950 Ἐξαρῶ
3130 2878 3329 2943 τοίνυν,
3380 2876 3567 2947 φησὶν,
3613 2874 3719 2927 ἀπὸ

2148 2968 2247 3037 τῆς
2278 2970 2381 3039 γῆς
2426 2969 2497 3022 τά
2541 2970 2777 3040 ὀνόματα
2829 2971 2935 3024 τῶν
2990 2970 3245 3034 εἰδώλων,
3294 2971 3388 3023 καὶ
3436 2970 3536 3022 οὐκ
3568 2968 3717 3021 ἔσται

2151 3061 2329 3113 αὐτῶν
2368 3062 2525 3131 μνεία
2580 3064 2636 3115 ἐν
2680 3066 2745 3133 τῇ
2777 3062 2958 3132 ἡμέρᾳ
2996 3063 3243 3134 ἐκείνῃ,›
3286 3062 3555 3125 τουτέστι,
3602 3059 3719 3112 κατ’

481 3150 819 3205 ornamentis
864 3148 1136 3214 instructi,
1188 3150 1351 3203 vitam
1410 3152 1463 3204 in
1504 3150 1722 3207 Christo
1766 3152 2042 3221 suspicere

2150 3154 2354 3207 ἐκεῖνον
2368 3122 2473 3207 ’τὸν
2511 3122 2857 3224 καιρὸν
2980 3152 3046 3207 ἂν
3076 3122 3316 3207 τὸηθεῖον
3350 3122 3445 3206 καὶ
3486 3122 3723 3220 ἐπουρά-

480 3240 776 3294 videantur.

2154 3262 2263 3298 νιον
2290 3245 2477 3316 λάμψῃ
2508 3245 2643 3313 φῶς,
2682 3246 2775 3298 καὶ
2804 3246 2860 3298 ἐν
2889 3248 3008 3308 ταῖς
3046 3245 3154 3299 τῶν
3184 3244 3553 3315 πλανωμένων
3585 3258 3723 3313 καρ-

479 3329 617 3391 δίαις
674 3328 701 3377 6
741 3328 928 3396 νοητὸς
961 3329 1236 3399 ἑωσφόρος
1274 3328 1548 3400 ἀνατείλῃ,
1581 3329 1721 3383 κατά
1760 3331 1822 3383 τὸ
1852 3332 2259 3402 γεγραμμένον,
2289 3336 2557 3407 διαυγάσῃ
2584 3335 2642 3387 δὲ
2683 3334 2884 3407 ἡμέρα,
2929 3336 3025 3404 τῆς
3062 3336 3229 3389 πάλαι
3269 3333 3463 3399 νυκτὸς
3516 3333 3723 3403 ἀπελη-

480 3420 841 3490 λαμένης,κα“ι
865 3418 973 3469 τῶν
998 3420 1053 3470 ἐν
1073 3420 1207 3488 αὐτῇ
1229 3420 1547 3489 δρωμένων·
1577 3422 1683 3487 ἴνα,
1710 3422 1807 3491 τῆς
1835 3423 2064 3493 ἀρχαίας
2101 3425 2435 3496 ἀκαθαρσίας
2499 3426 2863 3499 ἐξῃρημένης,
2900 3428 2948 3478 οἱ
2989 3425 3220 3497 ἀθληταὶ
3252 3428 3347 3480 καὶ
3379 3427 3524 3495 ἆγιοι
3551 3442 3723 3495 προσ-

484 3516 716 3584 κυνηταὶ
770 3512 1043 3582 φαίνοιντο
1097 3511 1282 3564 λοιπὸν
1345 3513 1444 3581 τῆς
1500 3515 1730 3582 εὐαγοῦς
1786 3517 2057 3581 πολιτείας
2097 3521 2400 3590 ἀνημμένοι
2420 3523 2485 3574 τὰ
2507 3524 2822 3593 αὐχήματα,
2848 3524 2940 3576 καὶ
3004 3521 3099 3592 τὴν
3122 3526 3177 3577 ἐν
3212 3522 3433 3593 Χριστῷ
3454 3521 3719 3593 τιμῶντες

483 3612 651 3680 ζωήν-

554 3700 719 3770 789
744 3699 903 3755 Vnus.
942 3701 996 3754 5.
1032 3698 1099 3755 Et
1133 3703 1251 3768 erit,
1292 3703 1338 3757 si
1366 3688 1744 3772 prop/ietaverit
1770 3706 1922 3760 homo
1961 3706 2045 3759 ul-

485 3805 588 3858 tra,
636 3805 683 3848 et
708 3796 843 3846 dicet
867 3795 933 3846 ad
954 3810 1067 3847 eum
1092 3806 1238 3864 pater
1268 3805 1314 3849 et
1332 3808 1498 3850 mater
1516 3798 1628 3864 ejus
1651 3799 1738 3865 qui
1761 3811 2045 3866 genuerunt

483 3901 602 3938 eum
627 3900 644 3937 :
673 3883 797 3936 Non
837 3884 993 3948 vives,
1037 3887 1283 3952 quoniam
1311 3889 1636 3939 mendacium
1669 3888 1874 3941 locutus
1905 3906 1955 3942 es
1996 3892 2049 3941 in

486 3975 694 4029 nomine
743 3976 987 4040 Domini,
1032 3986 1077 4030 et
1122 3979 1444 4045 compedient
1496 3995 1613 4032 enin
1656 3990 1804 4048 pater
1839 3982 1952 4048 ejus
2002 3992 2050 4034 et

485 4078 653 4120 mater
690 4071 802 4135 ejus
858 4067 946 4135 qui
998 4078 1288 4137 genuerunt
1341 4084 1491 4134 eum,
1540 4087 1655 4123 cum
1722 4072 2049 4141 prophetare:

483 4164 613 4228 ipse.

557 4250 784 4308 XCVIII.
828 4251 999 4307 Tanta
1049 4256 1350 4310 reverentia
1391 4255 1532 4312 illius
1568 4256 1749 4312 saeculi
1795 4258 2051 4314 mortales

2224 3707 2333 3760 Καὶ
2366 3706 2556 3770 ἔσται,
2587 3709 2694 3761 ἐὰν
2718 3711 3106 3777 προφητεύσῃ
3135 3710 3443 3776 ἄνθρωπος
3484 3708 3592 3772 ἔτι,
3619 3707 3717 3761 καί

2152 3798 2274 3865 ἐρεῖ
2312 3800 2457 3863 πρὸς
2503 3800 2687 3851 αὐτὸν
2718 3802 2750 3852 ό
2793 3800 2987 3868 πατὴρ
3022 3800 3118 3853 καὶ
3156 3802 3192 3869 ἡ
3216 3799 3412 3867 μήτηρ
3449 3797 3635 3851 αὐτοῦ
3666 3800 3721 3851 οἰ

2155 3892 2558 3959 γεννήσαντες
2587 3893 2801 3944 αὐτόν·
2839 3894 2921 3945 Οὐ
2953 3890 3126 3960 ζήσῃ,
3158 3891 3246 3943 ὅτι
3279 3888 3476 3958 ψευδῆ
3510 3887 3723 3954 ἐλάλη-

2149 3997 2264 4046 σας
2296 3983 2364 4034 ἐν
2401 3980 2641 4049 ὀνόματι
2666 3983 2907 4047 Κυρίου,
2942 3982 3038 4033 καὶ
3068 3980 3511 4049 σι’μποδιοῦσιν
3539 3979 3723 4032 αὐτόν

2150 4076 2181 4125 ὀ
2210 4072 2405 4138 πατὴρ
2451 4071 2638 4124 αὑτοῦ
2667 4071 2763 4123 καί
2791 4072 2829 4139 ἡ
2849 4071 3045 4138 μήτηρ
3078 4068 3263 4123 αὑτοῦ
3300 4072 3354 4122 oi
3392 4068 3724 4139 γεννήσαν-

2150 4181 2248 4227 τες
2285 4163 2472 4216 αὐτὸν
2499 4163 2567 4215 ἐν
2599 4161 2677 4226 τῷ
2708 4162 3103 4229 προφητεύειν
3128 4161 3333 4214 αὐτόν.

2222 4257 2344 4321 ιδίι.
2386 4254 2634 4323 Τοσαύτη
2686 4270 2769 4316 τις
2804 4253 2953 4304 ἔσται
3003 4253 3130 4322 περὶ
3156 4252 3217 4303 τὸ
3246 4251 3388 4302 θεῖον
3417 4249 3581 4310 αἰδὼς
3615 4248 3722 4301 τῶν

485 4358 677 4398 numen
729 4357 1148 4414 prosequentur,
1196 4347 1392 4415 inquit,
1432 4347 1673 4417 adeoque
1717 4350 1781 4403 de
1817 4351 2042 4419 perfecta

2155 4346 2427 4417 τηνικάδε,
2455 4346 2607 4415 φησι,
2638 4344 2943 4413 φροντιοῦσι
2994 4343 3048 4395 δὲ
3095 4341 3239 4394 οὕτω
3286 4342 3385 4410 τῆς
3429 4342 3510 4403 εἰς
3555 4340 3721 4408 ἄκρον

484 4435 751 4504 probitate
778 4444 830 4488 et
862 4438 968 4488 vita
1018 4436 1272 4491 laudabili
1307 4447 1467 4492 erunt
1509 4440 1747 4506 solliciti,
1784 4452 1843 4495 ut
1886 4443 2042 4497 etiam

2148 4437 2448 4497 ἐπιεικείας
2491 4436 2585 4487 καὶ
2630 4435 2954 4502 ἀξιαγάστου
3005 4432 3168 4501 ζωῆς,
3199 4431 3339 4484 ὥστε
3385 4431 3480 4483 καὶ
3530 4429 3721 4498 γονέας

488 4531 739 4591 parentes
770 4524 872 4590 ipsi
921 4526 984 4575 ad
1030 4526 1200 4579 zelum
1245 4537 1299 4580 et
1350 4528 1483 4579 iram
1514 4530 1799 4583 adversum
1852 4532 2042 4585 liberos

2148 4526 2344 4587 αὐτοὺς
2397 4524 2546 4585 ἰδίοις
2594 4520 2951 4591 ἐπιθήγεσθαι
2997 4520 3206 4582 τέκνοις
3253 4518 3467 4589 ζηλοῦν,
3502 4519 3563 4570 τὸ
3596 4517 3716 4578 τοὺς

485 4623 841 4676 cxacuantur,
876 4614 1015 4681 quod
1061 4628 1183 4668 cum
1222 4617 1353 4669 falsa
1404 4618 1608 4683 dicant,
1640 4633 1699 4673 se
1734 4622 2042 4688 prophetare

2146 4613 2459 4680 ψευδοεπεῖς
2492 4610 2854 4682 προφητεύειν
2898 4609 3434 4679 ἀποπλαττομένους,
3465 4609 3558 4660 καὶ
3585 4607 3719 4659 ἀπο-

487 4704 716 4771 ﬁngant,
745 4711 797 4756 ct
828 4703 895 4755 de
928 4705 1089 4757 corde
1132 4720 1229 4759 suo
1278 4705 1587 4772 loquantur,
1617 4709 1772 4774 quasi
1805 4708 1944 4761 Deus
1982 4710 2042 4763 ad

2148 4703 2458 4771 φθέγξοιντο
2483 4703 2550 4754 τὰ
2575 4703 2683 4754 τῶν
2713 4702 2819 4755 ἀπὸ
2855 4702 3099 4771 καρδίας,
3138 4701 3213 4763 ὡς
3246 4699 3380 4752 Θεοῦ
3428 4697 3715 4767 λελαληκό-

487 4795 633 4863 ipsos
673 4793 833 4847 verba
878 4791 1115 4847 fecisset.
1151 4812 1169 4843 ‹
1203 4794 1588 4864 Compedibus,
1637 4796 1833 4863 inquit,
1871 4797 2041 4864 impli-

2155 4811 2263 4855 τος.
2323 4813 2339 4844 ι
2371 4793 2726 4863 Συμποδιοῦσι
2776 4796 2883 4863 γὰρ
2934 4793 3117 4855 αὐτὸν,
3146 4811 3163 4842 ι
3220 4794 3387 4860 φησὶ,
3434 4784 3716 4851 τουτέστι,

484 4886 686 4939 eabunt
726 4900 872 4950 eum,
908 4903 926 4936 ι
959 4884 1059 4938 hoc
1111 4895 1214 4948 est,
1264 4894 1322 4937 ut
1376 4895 1646 4939 amentem
1701 4894 1755 4939 et
1808 4887 2042 4940 insanum

2154 4883 2678 4953 καταδεσμεύσουσιν
2727 4885 2802 4946 ώς
2848 4883 3085 4951 ἔκφρονά
3140 4898 3195 4933 τε
3255 4882 3347 4933 καὶ
3404 4880 3715 4949 μεμηνότα.

485 4977 742 5037 vincient,
795 4991 1081 5045 morasque
1136 4975 1404 5037 tollentes,
1454 4977 1610 5029 morti
1650 4991 1770 5029 cum
1823 4978 2042 5030 desnna-

2156 4974 2517 5043 μελλήσαντες
2567 4974 2622 5025 δὲ
2675 4974 2844 5036 οὐδὲν,
2877 4972 3215 5044 καθοριοῦσιν
3247 4971 3409 5024 αὑτοῦ
3441 4973 3530 5023 τὸν
3558 4971 3723 5023 θάνα-

484 5066 638 5129 bunt,
668 5067 709 5118 si
741 5066 791 5119 in
822 5067 923 5119 hoc
955 5066 1139 5120 morbo
1169 5069 1272 5119 lixe
1299 5067 1738 5133 impudenterque
1777 5068 2042 5120 manserit,

2150 5081 2260 5127 τον,
2292 5064 2340 5114 εί
2382 5062 2613 5131 ἔμμονόν
2644 5081 2703 5115 τε
2733 5064 2824 5115 καὶ
2854 5063 3043 5133 ἀναιδῆ
3073 5063 3170 5132 τὴν
3208 5062 3300 5114 ἐπὶ
3336 5062 3473 5131 τῷδε
3520 5064 3723 5113 ποιοῖτο

486 5157 631 5211 Satis
652 5156 792 5211 enim
829 5166 913 5210 est
942 5157 1049 5210 illis
1084 5158 1150 5210 ad
1190 5156 1417 5225 quodvis
1459 5156 1774 5225 supplicium
1801 5158 1850 5209 in
1880 5158 2042 5209 ﬁlium

2150 5154 2574 5223 νόσον.Ἀπόχρη
2621 5153 2726 5224 γὰρ
2772 5154 2956 5216 αὐτοῖς
3002 5155 3079 5216 είς
3122 5153 3183 5205 τὸ
3227 5153 3336 5206 δεῖν
3368 5151 3587 5205 ἃπασαν
3628 5149 3719 5203 τοῦ

484 5248 901 5312 decernendum,
930 5249 1070 5317 quod
1104 5247 1240 5300 falsa
1271 5247 1323 5299 in
1352 5248 1568 5299 nomine
1595 5249 1804 5299 Domini
1842 5248 2042 5301 locutus

2144 5240 2331 5302 παιδὸς
2356 5240 2642 5310 καθορίσαι
2690 5242 2844 5312 δίκην
2871 5241 3010 5304 τόδε,
3038 5242 3118 5294 ὅτι
3142 5240 3309 5310 ψευδῆ
3339 5240 3633 5311 λελάληκεν
3664 5240 3720 5292 ἐν

484 5338 573 5390 sit.
596 5337 724 5391 Vide
755 5349 930 5391 autem
964 5354 1126 5406 quam
1164 5352 1292 5391 vere
1327 5338 1428 5390 hoc
1462 5337 1660 5389 dictum
1687 5339 1777 5401 sit,
1807 5350 1861 5390 et
1888 5353 2042 5404 quant

2144 5334 2366 5401 ὀνόματι
2398 5334 2817 5404 Κυρίου.¹Ἀθρει
2851 5334 2906 5386 δὲ
2949 5334 3137 5405 ὥσπερ
3168 5334 3316 5387 ἐστὶν
3343 5333 3550 5403 ἀληθὴς
3579 5336 3606 5385 6
3632 5332 3721 5384 λό-

483 5423 733 5476 stabilem
767 5436 1038 5479 mereatur
1073 5426 1229 5479 fidem
1258 5426 1552 5494 praedictio.
1588 5424 1719 5490 Quis
1766 5425 1907 5477 enim
1957 5441 2042 5478 no-

2144 5439 2257 5488 γος,
2293 5423 2386 5475 καὶ
2437 5423 2499 5474 τὸ
2553 5423 2767 5492 βέϐαιον
2822 5427 2899 5488 εἰς
2949 5425 3133 5477 πίστιν
3178 5427 3211 5495 ἡ
3264 5423 3721 5493 προαναφώνησις

483 5524 655 5567 strum
709 5513 1019 5569 toleraverit
1059 5515 1217 5572 hodie
1274 5517 1353 5571 sic
1408 5516 1815 5585 proplietantcm
1860 5529 2042 5583 quem-

2146 5511 2279 5581 ἔχει.
2312 5514 2409 5575 Τίς
2456 5513 2563 5583 γὰρ
2590 5514 2697 5565 τῶν
2725 5514 2846 5567 καθ’
2879 5517 3023 5584 ἡμᾶς
3046 5515 3528 5584 διακαρτερήσειεν
3563 5512 3632 5566 ἂν
3661 5511 3723 5565 ἐν

555 5699 596 5731 ¹¹
634 5696 827 5751 Ezcclt.
857 5711 966 5761 xlv,
1003 5694 1088 5747 I5.
1169 5696 1211 5725 ¹²
1245 5695 1374 5749 Ibid.
1414 5695 1497 5749 Ii.
1574 5693 1614 5723 ¹³
1645 5693 1843 5747 Jcrem.
1880 5708 2032 5758 xxm,

2144 5730 2149 5738 .
2227 5692 2271 5724 ¹¹ι
2298 5690 2338 5745 II
2366 5690 2509 5745 I'ctr.
2539 5707 2572 5753 ι,
2610 5693 2723 5745 193~
