4026 6276
487 396 598 452 255

1490 392 1548 448 5.
1593 390 1863 446 CYRILLI
1903 392 2371 448 ALEXANDBlNl
2403 392 2720 449 ARClllEP.

3654 399 3764 456 156

493 508 906 578 recentiumque
946 522 1125 561 rerum
1159 505 1463 560 differentia
1499 509 1591 571 sit,
1632 514 1810 559 tecum
1860 515 2068 574 reputa.

2179 506 2463 577 ἀγαπητοῦ
2504 507 2721 576 ἑκάστῳ
2762 507 2869 561 τῶν
2896 506 3014 559 καθ’
3041 508 3211 577 ἡμᾶς,
3241 509 3270 561 ὁ
3304 507 3412 561 τῶν
3443 511 3766 580 γεγεννηκόο

487 600 825 654 Ferebantur
849 598 992 652 enim
1026 598 1076 651 in
1113 596 1286 652 oculis
1315 596 1432 649 falsi
1463 598 1758 665 propltette,
1791 599 2067 666 gloriaque

483 705 537 745 et
584 692 846 760 Opinione
892 692 1030 744 bona
1072 688 1357 752 ﬂorebant,
1397 704 1493 742 nec
1538 703 1632 742 eos
1681 689 1804 741 talia
1847 700 2066 757 agentes

485 781 611 834 facti
661 782 983 850 pmnitcbat.
1025 785 1120 834 Ast
1159 781 1412 849 pra-senti
1450 790 1714 849 tempore,
1759 783 1802 834 si
1840 782 1931 846 qui
1971 798 2064 836 eo-

489 889 603 922 rutn
641 873 792 938 sequi
825 873 1080 926 vaticinia
1137 873 1430 936 voluerint,
1465 873 1815 941 increpantttr
1841 882 1895 926 et
1935 888 2065 926 con-

487 962 806 1025 funduntur,
834 973 887 1016 et
928 975 1214 1032 parentum
1246 964 1469 1019 calculis
1503 965 1566 1016 ad
1610 979 1820 1033 poenam
1870 979 2067 1018 vocan-

477 1048 598 1119 tur,
639 1057 997 1124 resipiscnnt,
1037 1067 1092 1110 ut
1129 1057 1218 1122 qui
1257 1058 1554 1125 peccarint,
1594 1055 1795 1122 lugent,
1832 1056 2066 1122 plorant,

486 1146 734 1199 humanm
775 1158 982 1201 natura:
1017 1147 1444 1201 imbecillitatem
1476 1146 1973 1216 proclivitalemqne
2005 1147 2072 1200 ad

486 1238 819 1305 peccandum
850 1240 1185 1292 confitentes.
1215 1238 1371 1308 791
1428 1239 1500 1292 De
1538 1247 1680 1291 terra
1726 1239 1870 1290 enim
1906 1239 2067 1306 spiri-

489 1340 578 1383 tus
608 1329 916 1382 imnmndus
946 1328 1245 1383 Salvatoris
1275 1330 1447 1384 nostri
1481 1327 1607 1383 Jesu
1639 1328 1840 1382 Christi
1873 1330 2069 1384 virtute
2107 1310 2130 1327 ’

487 1428 864 1486 potestateqne
899 1419 1144 1473 sublatus
1179 1428 1282 1474 est.
1380 1426 1406 1450 '

2167 601 2447 670 των.”υρα
2483 602 2660 652 τοίνυν
2700 600 2796 670 ὅση
2835 600 2916 662 τίς
2945 601 3092 652 ἐστιν
3128 603 3158 670 ἡ
3192 601 3301 652 τῶν
3333 601 3500 654 πάλαι
3548 605 3642 654 καὶ
3670 603 3762 657 νῦν

2169 691 2509 758 πραγμάτιον
2538 690 2792 760 διαφορά.
2812 689 3216 759 Ἐθαυμὰξοντο
3269 692 3366 760 μὲν
3406 694 3516 762 γὰρ
3543 694 3591 743 οἱ
3625 694 3763 764 παρ’

2167 782 2396 844 ἐκείνοις
2426 782 2894 852 ψευδοπροφῆται,
2931 784 3023 834 καὶ
3054 778 3194 851 ἦσαν
3241 785 3297 834 ἐν
3345 783 3474 852 δόξῃ
3505 784 3601 836 καὶ
3635 785 3768 836 ὑπο·-

2167 873 2324 943 λήψει
2355 877 2589 945 χρηστῇ,
2631 876 2726 926 καὶ
2760 874 2933 927 ταῦτα
2959 874 3194 944 δρῶντες
3222 876 3342 927 οὐδὲ
3383 877 3759 946 μετεμέλοντο.

2174 965 2333 1017 Κατά
2360 965 2414 1016 δέ
2441 982 2502 1032 γε
2523 966 2612 1017 τὸν
2645 966 2975 1035 ἐνεστηκότα
3002 965 3215 1036 καιρὸν,
3235 968 3282 1018 εἰ
3308 967 3369 1036 δή
3401 984 3544 1029 τινες
3567 969 3763 1020 ἕλοιντο

2181 1059 2302 1118 ταῖς
2335 1055 2554 1108 ἐκείνων
2599 1056 2875 1124 μαντείαις
2927 1057 3368 1118 κατακολουθεῖν,
3409 1059 3747 1126 ἐπιτιμῶντα

2183 1147 2276 1198 καὶ
2302 1146 2775 1214 καταισχύνονται,
2808 1147 2900 1199 καὶ
2932 1151 3052 1209 ταῖς
3095 1147 3201 1198 τῶν
3237 1149 3647 1218 γεγεννηκότων
3676 1167 3765 1201 κο-

2179 1238 2428 1301 λάζονται
2461 1239 2682 1308 ψήξοις,
2722 1240 3220 1308 μεταγινώσκουσιν
3260 1242 3332 1303 ὡς
3367 1244 3764 1312 ἡμαρτηκότες,

2177 1330 2434 1398 πενθοῦσι
2487 1333 2578 1383 καὶ
2612 1331 2880 1393 κλαίουσι,
2921 1333 3017 1400 τὴν
3048 1334 3146 1401 τῆς
3175 1334 3524 1403 ἀνθρωπείας
3553 1335 3764 1400 φύσεως

2174 1422 2564 1492 ὁμολογοῦντες
2591 1423 2875 1475 ἀσθένειαν
2893 1425 2983 1474 καὶ
3002 1424 3060 1475 τὸ
3081 1425 3356 1476 εύὸλισθον
3377 1427 3451 1485 εἰς
3471 1427 3764 1496 ἁμαρτίαν.

497 1505 787 1579 ’Δνῄρηται
812 1509 919 1581 γὰρ
949 1511 1006 1563 τὸ
1039 1510 1258 1582 πνεῦμα
1288 1511 1348 1564 τὸ
1371 1510 1682 1583 ἀκάθαρτον
1710 1511 1817 1565 ἀπὸ
1843 1511 1945 1582 τῆς
2006 1512 2109 1582 γῆς
2146 1516 2213 1584 τῇ
2253 1515 2344 1567 τοῦ
2425 1515 2674 1582 Σωτῆρος
2727 1513 2884 1583 ήμῶν
2927 1513 3102 1582 Ἰησοῦ
3150 1514 3386 1583 Χριστοῦ
3439 1514 3664 1583 δυνάμει
3712 1528 3767 1567 τι

484 1600 577 1652 καὶ
609 1602 845 1672 ἐξουσίᾳ.

559 1693 778 1746 νειιε.7.
801 1691 1145 1761 ΠΙιοηψΙιιινα,
1169 1709 1421 1762 consurge
1447 1709 1600 1762 super
1623 1703 1880 1758 pastorem
1907 1709 2076 1746 nteant
2109 1701 2151 1755 Β

484 1794 531 1837 et
554 1800 708 1850 super
733 1783 897 1836 virum
941 1786 1098 1836 civem
1125 1785 1259 1851 ejus,
1291 1785 1418 1834 dicit
1447 1784 1699 1836 Dominus
1723 1785 2069 1851 omnipotens.

488 1875 710 1930 I'ercute
747 1884 1033 1941 pastorem,
1057 1884 1105 1926 et
1151 1876 1517 1942 dispar-geritur
1558 1891 1698 1939 oves,
1748 1884 1794 1925 et
1823 1875 2070 1928 inducam

483 1982 698 2019 manum
725 1982 893 2019 meam
917 1981 1076 2033 super
1104 1974 1360 2033 pastores.

555 2143 618 2198 C.
657 2143 796 2196 Dens
823 2151 874 2196 et
901 2141 1062 2196 Pater
1091 2143 1369 2211 pr0prium
1393 2143 1590 2198 Filium
1616 2159 1770 2198 suum
1803 2161 1898 2215 pro
1917 2146 2072 2201 nobis

487 2236 826 2300 tradidit”,
863 2234 1258 2300 dispensatorie
1318 2237 1521 2303 sinetis,
1600 2240 1846 2307 quamvis
1905 2239 2070 2291 Deum

487 2339 543 2382 et
602 2343 668 2382 ex
734 2343 793 2382 se
843 2327 1164 2381 naturaliter
1218 2328 1584 2397 inexplicabili
1639 2331 1796 2384 modo
1847 2346 2072 2400 genera-

491 2429 623 2484 tum,
650 2429 704 2473 et
744 2420 797 2472 in
853 2420 1024 2472 forma
1060 2418 1201 2473 servi
1241 2420 1446 2484 venire,
1497 2430 1551 2474 et
1586 2421 1857 2474 hominem
1919 2425 2073 2478 nobis

489 2510 717 2565 similem
746 2511 954 2576 fieri“,
977 2520 1270 2565 etcrucem
1308 2515 1601 2576 sustinere,
1633 2522 1691 2566 ut
1731 2513 1934 2566 mundo
1982 2531 2071 2568 sa-

490 2603 651 2656 lutem
678 2604 1007 2668 resumeret,
1033 2612 1087 2658 et
1118 2602 1334 2658 Satanae
1376 2605 1430 2655 in
1491 2620 1681 2659 onines
1737 2606 2070 2658 dominatum

485 2705 721 2759 erueret,
751 2705 805 2749 et
837 2696 1104 2764 impuram
1133 2696 1488 2749 idololatriam
1515 2707 1786 2750 everteret
1843 2711 1894 2751 et
1935 2697 2073 2750 vati-

480 2788 836 2853 cinationem,
876 2789 1377 2857 pseudopropltetas
1401 2798 1455 2842 et
1514 2789 1843 2858 imposturas
1877 2807 1940 2843 ex
1976 2805 2074 2843 suo

494 2877 758 2947 cuiusque
785 2879 950 2933 corde
1011 2879 1285 2948 profectas
1339 2880 1598 2944 aboleret,
1651 2881 1887 2935 aui‘errt-t
1947 2881 2071 2934 item

489 2965 736 3036 spiritum
780 2967 1118 3022 immundum
1142 2970 1210 3022 de
1248 2977 1415 3031 terra,
1451 2978 1504 3022 et
1528 2973 1785 3022 rutundum
1815 2983 2072 3038 przetcrea

2263 1690 2564 1757 Ῥομφιιίιι,
2594 1688 2933 1756 ἐξεγέρθητι
2965 1688 3064 1741 ἐπὶ
3103 1691 3209 1741 τὸν
3241 1691 3495 1756 ποιμένα
3519 1709 3639 1757 μου
3673 1692 3768 1747 καὶ

2174 1782 2267 1834 ἐπ’
2301 1781 2491 1848 ἄνδρα
2529 1782 2790 1846 πολίτην
2829 1781 3038 1838 αὐτοῦ,
3086 1779 3247 1848 λέγει
3291 1785 3507 1849 Κύριος
3553 1801 3773 1836 παντο.

2173 1872 2421 1939 κράτωρ.
2465 1872 2743 1934 Πάταξον
2796 1870 2902 1922 τὸν
2953 1873 3227 1940 ποιμένα,
3270 1873 3367 1924 καὶ
3423 1872 3772 1940 διασκορπι-

2173 1965 2466 2031 σθήσεται
2493 1967 2564 2017 τὰ
2596 1966 2877 2030 πρόϐατα,
2911 1965 3008 2016 καὶ
3051 1964 3253 2029 ἐπάξω
3287 1964 3402 2033 τὴν
3447 1965 3618 2034 χεῖρά
3651 1983 3769 2034 μο)

2173 2057 2272 2109 ἐπὶ
2304 2057 2446 2121 τοὺς
2475 2071 2572 2108 ποι
2575 2056 2784 2124 μένας.

2243 2145 2322 2199 P'.
2364 2147 2601 2198 Δέδωκεν
2639 2147 2777 2218 ὑπὲρ
2810 2146 2968 2217 ἡμῶν
3000 2146 3090 2200 τὸν
3122 2147 3250 2199 ἴδιον
3281 2147 3409 2198 Υίδν
3443 2150 3472 2200 ό
3506 2147 3638 2210 Θεὸς
3671 2149 3769 2200 καὶ

2173 2234 2384 2304 Πατὴρ,
2423 2234 2570 2302 ἐφεὶς
2601 2235 2982 2304 οἰκονομικῶς,
3024 2236 3204 2288 καίτοι
3244 2237 3375 2288 Θεὸν
3408 2237 3535 2288 ὄντα
3584 2239 3678 2290 καὶ
3711 2239 3769 2302 ἐξ

2174 2325 2337 2378 αὐτοῦ
2387 2326 2525 2378 κατά
2571 2327 2731 2393 φύσιν
2767 2329 3096 2397 ἁπορρήτως
3124 2328 3549 2398 γεγεννημένον,
3585 2329 3678 2380 καὶ
3711 2331 3766 2379 ἐν

2173 2419 2236 2484 τῇ
2275 2415 2368 2468 τοῦ
2403 2415 2589 2468 δούλου
2634 2421 2816 2487 μορφῇ
2859 2418 3202 2480 καθικέσθαι,
3233 2418 3327 2469 καὶ
3361 2418 3646 2486 ἄνθρωπον
3679 2435 3770 2485 γε-

2175 2506 2361 2559 νέσθαι
2392 2507 2514 2559 καθ’
2547 2510 2716 2576 ἡμᾶς,
2753 2511 2846 2559 καὶ
2875 2509 3170 2577 ἀνατλῆναι
3209 2510 3460 2578 σταυρὸν,
3505 2510 3588 2561 ἵνα
3620 2509 3768 2580 σώσῃ

2173 2596 2263 2647 τὸν
2294 2597 2520 2664 κόσμον,
2554 2597 2648 2648 καὶ
2692 2598 2985 2666 ἀποστήσῃ
3015 2599 3113 2666 τῆς
3147 2599 3287 2650 κατά
3336 2599 3552 2650 πάντων
3582 2599 3770 2651 πλεον-

2175 2687 2319 2752 εξίας
2349 2690 2440 2740 τὸν
2469 2689 2732 2752 Σατανᾶν,
2770 2688 2972 2759 καθέλῃ
3015 2690 3072 2740 δὲ
3109 2691 3202 2741 κα)⁵
3227 2690 3323 2760 τὴν
3354 2689 3582 2759 βέϐηλον
3624 2690 3772 2742 εἱδω.

2175 2780 2509 2850 λολατρείαν,
2535 2782 2627 2833 καὶ
2652 2783 2978 2853 καταργήσῃ
3009 2784 3285 2851 μαντείαν,
3315 2784 3770 2856 ψευδοπροφήτας

2174 2889 2234 2923 τε
2273 2873 2366 2923 καὶ
2395 2872 2519 2933 τοὺς
2574 2874 2638 2922 ἐκ
2687 2873 2912 2941 καρδίας
2954 2876 3346 2943 φενακισμοὺς,
3377 2876 3545 2946 ἐξάρῃ
3585 2877 3640 2928 δὲ
3672 2879 3766 2930 καὶ

2174 2962 2236 3015 τὸ
2264 2962 2478 3031 πνεῦμα
2511 2962 2572 3015 τὸ
2601 2963 2909 3033 ἀκάθαρτον
2944 2965 3050 3016 ἀπὸ
3080 2969 3177 3035 τῆς
3226 2969 3344 3035 γῆς,
3380 2971 3472 3018 καὶ
3521 2967 3654 3038 πρός
3700 2985 3764 3036 γε

489 3062 840 3114 canstitneret
895 3057 1281 3125 formaretque,
1331 3059 1579 3111 seductos
1645 3058 1712 3110 ad
1769 3058 2071 3111 divinitatis

2179 3056 2240 3126 δὴ
2268 3057 2498 3118 τούτοις,
2543 3056 2629 3108 ἵνα
2679 3057 3091 3126 καταστήσηται
3131 3057 3227 3126 τὴν
3266 3059 3356 3109 ὑπ’
3390 3059 3638 3128 οὐρανὸν,
3675 3076 3772 3128 με·

486 3151 821 3221 agnitionem
854 3151 1214 3209 transferens.
1251 3165 1452 3218 eosque
1475 3150 1538 3202 ad
1571 3149 1686 3218 pias
1721 3158 1773 3203 ct
1818 3151 2071 3203 honestas

488 3242 610 3295 vitm
635 3244 870 3296 rationes
901 3249 954 3295 ct
981 3243 1046 3294 ad
1085 3241 1393 3309 opinioaem
1425 3241 1725 3309 mimigetne
1762 3241 1980 3294 virtutis
2006 3242 2071 3293 de

490 3348 550 3389 se
579 3333 924 3402 praebendam
967 3332 1270 3398 impellens.
1309 3331 1459 3386 lianc
1485 3331 1552 3385 ob
1593 3345 1811 3383 causam
1840 3341 2069 3384 mei-tem

491 3439 658 3492 super
687 3423 847 3492 ligno,
879 3436 1184 3490 quanquam
1219 3422 1801 3489 ignmniniosissitnain,
1833 3423 2069 3488 pertulit,

487 3514 809 3568 cuttlusioite
837 3521 1166 3581 contempta,
1207 3525 1329 3565 eum
1356 3511 1434 3564 sic
1493 3511 1588 3579 ipsi
1651 3511 1759 3562 Deo
1814 3521 1868 3563 et
1922 3511 2070 3564 Patri

494 3607 848 3665 rideretur“.
882 3603 949 3658 Et
982 3605 1082 3658 tale
1118 3603 1369 3672 quiddam
1416 3603 1569 3657 nobis
1604 3603 1713 3670 ipse
1736 3601 1904 3656 Filius
1949 3603 2072 3656 sub-

489 3699 733 3755 ostendit
767 3714 890 3752 cum
923 3699 1024 3752 ait:
1064 3717 1082 3748 ι
1114 3696 1249 3761 Quia
1275 3695 1526 3749 descendi
1557 3695 1623 3749 de
1652 3695 1810 3761 cmlo,
1845 3709 1952 3748 non
2015 3704 2073 3747 ut

493 3793 688 3846 faciam
719 3792 1051 3844 voluntatem
1092 3802 1284 3852 meam,
1321 3787 1414 3840 sed
1444 3787 1778 3840 voluntatem
1813 3786 1927 3851 ejus
1978 3785 2070 3852 qui

493 3882 644 3934 misit
674 3894 778 3931 me.
805 3877 927 3930 llaec
951 3885 1034 3930 est
1061 3886 1242 3929 autem
1261 3874 1504 3928 voluntas
1531 3875 1648 3943 ejus
1672 3875 1764 3943 qui
1794 3876 1940 3928 misit
1965 3891 2068 3940 me,

495 3977 556 4019 ut
587 3979 744 4019 omne
767 3964 908 4032 quod
937 3963 1084 4016 dedit
1135 3961 1266 4016 mihi
1327 3977 1434 4016 non
1496 3967 1713 4031 perdam
1757 3979 1823 4017 ex
1853 3979 1938 4028 eo,
1975 3966 2069 4019 sed

498 4057 818 4112 resuscitem
847 4055 976 4108 illud
1016 4054 1069 4108 in
1098 4053 1394 4110 novissimo
1433 4055 1517 4109 die
1559 4056 1622 4108 ¹⁹.
1665 4075 1684 4106 ι
1728 4055 1793 4109 Et
1825 4066 1883 4111 ut
1932 4059 2072 4112 diri-

498 4167 598 4204 nus
625 4148 820 4205 Paulus
840 4147 1076 4204 scribit:
1116 4166 1134 4199 ι
1186 4145 1476 4218 Pr0pterea
1536 4147 1784 4204 Christus
1829 4165 2072 4205 mortuus

495 4251 579 4297 est
607 4251 660 4295 et
692 4241 906 4305 revixit,
926 4249 985 4295 ut
1013 4249 1346 4296 mortuormn
1385 4250 1440 4295 et
1471 4241 1712 4294 vivorum
1761 4241 2069 4295 dominare-

496 4348 580 4387 tur
603 4335 701 4386 ⁸ο.»
744 4334 930 4389 Posuit
965 4334 1130 4402 igitur
1161 4335 1394 4388 animant
1428 4350 1578 4389 suam
1611 4336 1784 4389 libens
1816 4351 1916 4405 pro
1975 4352 2072 4390 no-

2179 3147 2413 3208 τατιθεὶς
2443 3147 2522 3204 εἰς
2550 3145 2878 3213 θεογνωσίαν
2901 3148 3027 3206 τοὺς
3051 3148 3522 3216 πεπλανημένους,
3545 3150 3774 3200 ίΞιναπεί⁴

2181 3236 2287 3289 θων
2317 3237 2530 3289 ἑλέσθαι
2561 3237 2657 3307 τὴν
2683 3238 2882 3306 εὐσεϐῆ
2914 3238 3006 3289 καὶ
3032 3239 3652 3313 εὐσχήμοναιπολιτείαν
3675 3243 3773 3292 καὶ

2180 3330 2288 3381 πᾶν
2321 3325 2463 3390 εἶδος
2506 3329 2706 3398 ἀρετῆς
2751 3329 2979 3398 ὁρᾶσθαι
3010 3331 3393 3399 τετιμηκότας.
3426 3331 3644 3402 Ταύτης
3675 3327 3770 3383 οὖν

2178 3420 2340 3473 ἕνεκα
2371 3421 2470 3488 τῆς
2505 3422 2685 3482 αἰτίας
2709 3422 2797 3472 τὸν
2829 3422 2921 3472 ἐπὶ
2949 3419 3103 3486 ξύλου
3135 3421 3387 3486 θάνατον,
3422 3424 3600 3475 καίτοι
3635 3423 3772 3476 πολὺ

2179 3512 2298 3564 λίαν
2322 3511 2511 3579 ἔχοντα
2547 3511 2608 3563 τὸ
2638 3511 2914 3574 δυσκλεὲς,
2951 3513 3264 3582 ὑπέμεινεν,
3304 3515 3569 3584 αἰσχύνης
3597 3531 3769 3568 καταο

2181 3602 2476 3671 φρονήσας,
2509 3600 2651 3652 οὕτω
2681 3603 2774 3652 καὶ
2806 3601 2953 3671 αύτῷ
2988 3603 3177 3655 δοκοῦν
3208 3603 3284 3672 τῷ
3311 3604 3428 3672 Θεῴ
3456 3608 3550 3656 καὶ
3573 3604 3775 3671 Πατρί.

2182 3693 2374 3744 Καίτοι
2407 3693 2646 3745 τοιοῦτον
2677 3695 2808 3762 ἡμῖν
2834 3695 3123 3761 ὑποφαίνει
3159 3695 3332 3762 λέγων
3368 3696 3529 3757 αὐτὸς
3554 3699 3581 3748 ὁ
3603 3696 3731 3752 Υἱός
3755 3713 3770 3725 ·

2189 3786 2339 3836 ι”Οτι
2388 3784 2748 3855 καταϐέϐηκα
2773 3789 2836 3837 ἐκ
2869 3786 2962 3837 τοῦ
3003 3786 3254 3857 ούρανοῦ,
3291 3787 3387 3855 οὐχ
3421 3787 3507 3839 ἵνα
3549 3786 3685 3838 ποιῶ
3710 3786 3776 3838 τὸ

2182 3873 2392 3943 θέλημα
2422 3875 2479 3926 τὸ
2512 3875 2660 3944 ἐμὸν,
2697 3877 2832 3928 ἀλλά
2865 3878 2925 3929 τὸ
2959 3878 3171 3946 θέλημα
3209 3877 3304 3930 τοῦ
3337 3879 3652 3947 πέμψαντός
3678 3896 3772 3947 με.

2182 3965 2350 4016 Τοῦτο
2380 3964 2436 4016 δέ
2463 3966 2577 4016 ἐστι
2609 3965 2670 4017 τὸ
2710 3965 2923 4036 θέλημα
2955 3967 3048 4018 τοῦ
3079 3966 3394 4037 πέμψαντός
3420 3985 3508 4036 με,
3551 3968 3637 4019 ἵνα
3663 3970 3777 4022 πᾶν

2179 4055 2207 4107 ὃ
2235 4055 2434 4109 δέδωκέ
2477 4074 2564 4125 μοι
2617 4057 2690 4128 μὴ
2724 4058 2974 4110 ἀπολέσω
3003 4059 3060 4124 ἐξ
3092 4058 3278 4122 αὑτοῦ,
3313 4059 3448 4111 ἀλλὰ
3482 4061 3777 4129 ἀναστήσω

2180 4150 2311 4202 αὐτὸ
2340 4152 2396 4202 ἐν
2421 4155 2487 4220 τῇ
2522 4153 2723 4223 ἐσχάτῃ
2751 4155 2953 4224 ἡμέρᾳ.
2991 4173 3010 4204 ι
3059 4155 3168 4207 Καὶ
3199 4153 3387 4224 ὥσπερ
3417 4155 3446 4206 ὀ
3481 4155 3777 4219 θεσπέσιος

2179 4243 2382 4311 γράφει
2419 4243 2648 4307 Παῦλος,
2689 4264 2705 4294 ι
2735 4246 2833 4299 Διά
2889 4246 3047 4298 τοῦτο
3101 4247 3336 4316 Χριστὶς
3382 4247 3625 4300 ἀπέθανε
3675 4251 3778 4301 καὶ

2179 4335 2460 4406 ἀνέζησεν,
2492 4337 2580 4388 ἴνα
2621 4337 2716 4387 καὶ
2761 4336 2970 4406 νεκρῶν
3009 4336 3102 4389 καὶ
3151 4336 3370 4399 ζώντων
3402 4337 3702 4411 ⁵κυριεύσῃ.
3752 4360 3770 4389 ι

497 4429 578 4481 bis
601 4429 677 4490 "',
705 4436 913 4478 tantum
943 4427 1236 4480 nonetiam
1271 4441 1394 4480 eum
1432 4437 1488 4479 ut
1521 4428 1794 4480 hominem
1824 4427 2074 4480 volunta-

2181 4427 2409 4479 Τέθεικε
2438 4428 2616 4478 τοίνυν
2646 4428 2788 4482 ἑκὼν
2816 4429 2953 4497 ὑπὲρ
2990 4429 3145 4499 ἡμῶν
3176 4430 3274 4500 τὴν
3297 4431 3495 4501 ψυχὴν,
3529 4431 3686 4499 μόνον
3715 4432 3776 4482 δι

501 4529 550 4570 te
579 4531 672 4570 sna
708 4519 814 4570 Deo
839 4527 892 4570 et
922 4516 1080 4569 Patre
1115 4517 1378 4583 tradente,
1404 4527 1458 4570 et
1501 4517 1642 4571 velut
1693 4519 2038 4586 permittente
2061 4558 2075 4582 ,

501 4619 556 4662 ut
587 4607 716 4670 dixi,
751 4607 897 4661 illum
928 4606 1188 4677 sanguine
1247 4623 1343 4660 suo
1376 4608 1615 4660 omnium
1667 4609 1828 4662 vitam
1871 4626 2074 4666 emere.

500 4701 683 4768 Itaque
720 4697 994 4761 Set-valor,
1032 4697 1200 4750 Pilato
1229 4697 1523 4750 arbitrante
1545 4713 1602 4750 se
1627 4702 1674 4751 iu
1714 4701 1884 4766 ipsum
1914 4704 2074 4755 habe-

502 4812 558 4848 re
594 4800 932 4862 potestatem,
963 4789 1202 4845 occurrit
1237 4789 1311 4842 ita
1347 4807 1361 4842 :
1403 4808 1422 4837 ι
1468 4788 1580 4841 Non
1643 4791 1872 4844 haberes
1932 4805 2080 4861 pute-

499 4894 690 4938 statrm
717 4883 1000 4937 adversum
1052 4896 1136 4935 me
1174 4881 1372 4945 ullam,
1411 4881 1512 4934 nisi
1550 4881 1642 4934 tibi
1701 4883 1879 4934 datum
1933 4893 2076 4939 esset

501 4976 729 5045 desuper
752 4976 850 5028 “.r
892 4973 1182 5042 Postquam
1214 4973 1375 5040 igitur
1402 4986 1495 5024 ore
1523 4973 1796 5040 prophetzr
1819 4988 2073 5040 prwnun-

503 5070 652 5122 tiarit
685 5083 860 5122 rerum
887 5050 1247 5123 humanarum
1297 5065 1349 5116 in
1386 5062 1575 5117 melius
1600 5068 2071 5121 commutationem

501 5158 616 5210 fore
652 5158 960 5221 maximam,
993 5155 1082 5209 ubi
1124 5155 1208 5207 ille
1238 5162 1467 5207 mortem
1508 5153 1560 5205 in
1601 5169 1826 5222 corpore
1847 5159 2078 5224 pertule-

505 5251 593 5314 rit,
625 5250 775 5317 quasi
809 5249 1025 5302 festinat
1057 5258 1268 5314 tempus
1291 5245 1596 5309 ostendere,
1632 5261 1736 5312 quo
1763 5247 1875 5301 haec
1900 5247 2075 5303 futura

499 5341 628 5402 sint,
657 5353 709 5394 et
741 5340 1033 5407 perpetrari
1075 5339 1338 5407 passionis
1371 5336 1678 5406 mysterium
1697 5337 1869 5405 jubet,
1905 5341 2074 5409 ipsam

503 5429 868 5497 rbmnplneam
891 5430 1204 5492 adhortans,
1231 5442 1291 5480 ac
1315 5427 1532 5480 dicens:
1566 5446 1582 5477 ι
1613 5427 1891 5500 Consurgo
1913 5448 2076 5501 super

506 5527 773 5584 pastorem
811 5531 1008 5581 meum,
1044 5525 1095 5569 et
1129 5529 1288 5582 super
1324 5514 1496 5568 virum
1529 5515 1700 5569 civem
1740 5517 1900 5587 792
1934 5519 2070 5588 ejus,

575 5715 617 5746 ¹⁶
652 5711 806 5766 Rom.
841 5728 953 5775 vni.
994 5713 1080 5769 52.

505 5783 544 5814 "
584 5787 596 5837 l
633 5784 785 5838 .Inan.
817 5799 897 5849 ιιι,
928 5786 1006 5836 lt).

1164 5715 1203 5746 ”
1234 5711 1461 5779 Philipp.
1499 5728 1557 5772 ιι,
1594 5711 1708 5769 6-8.

1083 5785 1126 5814 "
1150 5782 1304 5838 Joan.
1344 5799 1453 5848 Mx,
1487 5783 1504 5832 'l
1524 5784 1569 5833 Ι.

1795 5714 1833 5744 ’⁸
1868 5713 2028 5770 Hebr.
2065 5733 2160 5783 xu,
2192 5718 2226 5771 2
2266 5733 2416 5775 ερας.

2185 4517 2306 4585 οὐκὶ
2330 4516 2422 4568 καὶ
2444 4516 2771 4586 παραδόντος
2797 4517 2955 4569 αὐτὸν
2987 4516 3060 4578 ὡς
3085 4517 3370 4587 ἄνθρωπον
3401 4518 3514 4586 ἰδίῳ
3542 4516 3774 4584 νεύματι

2183 4608 2276 4660 τοῦ
2322 4607 2457 4660 Θεοῦ
2506 4609 2600 4660 καὶ
2644 4609 2879 4677 Πατρὸς,
2913 4609 3005 4660 καὶ
3042 4604 3151 4660 οἷον
3190 4609 3450 4676 ἐφιέντος,
3490 4609 3563 4671 ὡς
3611 4609 3772 4676 ἔτην,

2185 4699 2374 4767 αἵματι
2410 4700 2484 4768 τῷ
2521 4701 2633 4770 ἰδίῳ
2676 4701 2774 4770 τὴν
2827 4700 3082 4752 ἁπάντων
3133 4699 3395 4771 πρίασθαι
3446 4699 3608 4767 ζωήν·
3661 4700 3779 4750 Κεὶ

2185 4792 2314 4859 γοῦν
2367 4791 2394 4841 ὁ
2443 4792 2663 4862 Σωτὴρ,
2719 4793 2995 4860 οἰηθέντος
3042 4793 3274 4843 Πιλάτου
3329 4787 3781 4854 κατεξουσιαζειν

2183 4879 2368 4943 αὐτοῦ,
2398 4881 2756 4951 προσυπήντα
2787 4881 2961 4948 λέγων
2982 4897 2994 4908 °
3033 4901 3050 4931 ι
3082 4881 3198 4934 Οὐκ
3231 4876 3374 4949 εἶχες
3405 4880 3652 4944 ἐξουσίαν
3683 4882 3786 4931 οἰμ-

2181 4969 2370 5038 δεμίαν
2411 4971 2530 5021 κατ’
2557 4971 2712 5038 ἐμοῦ,
2747 4973 2795 5022 εἰ
2833 4972 2907 5040 μὴ
2940 4967 3006 5041 ἦν
3047 4989 3128 5023 σοι
3166 4971 3448 5039 δεδομένον
3487 4969 3715 5022 ἄνωθεν.
3756 4991 3777 5020 ι

2183 5061 2484 5129 Προαφηγη
2498 5061 2723 5130 σάμενος
2754 5062 2932 5113 τοίνυν
2964 5062 3051 5114 διὰ
3080 5062 3178 5131 τῆς
3214 5063 3305 5114 τοῦ
3337 5063 3620 5132 προφήτου
3655 5078 3782 5129 φω-

2183 5151 2278 5220 νῆς
2316 5151 2390 5213 ῶς
2420 5152 2648 5224 πλείστη
2677 5171 2758 5216 τις
2787 5155 2936 5206 ἕσται
2976 5155 3081 5206 τῶν
3111 5154 3470 5225 ἀνθρωπίνων
3502 5156 3781 5222 πραγμα-

2180 5257 2287 5294 των
2316 5242 2406 5295 ἐπί
2433 5245 2490 5295 τὸ
2522 5245 2741 5313 ἄμεινον
2785 5247 3122 5316 καταδρομὴ,
3167 5247 3431 5310 παθόντος
3479 5246 3646 5310 αὑτοῦ
3681 5248 3783 5299 τὸν

2181 5333 2237 5385 ἐν
2265 5336 2428 5402 σαρκὶ
2463 5335 2714 5401 θάνατον,
2749 5339 3029 5408 μονονουχὶ
3063 5339 3155 5390 καὶ
3180 5339 3497 5391 ἐπισπεύδει
3525 5339 3618 5390 τοῦ
3647 5355 3781 5391 και-

2180 5423 2276 5494 ροῦ
2309 5424 2405 5495 τὴν
2439 5425 2728 5494 ἀνάδειξιν,
2763 5430 2883 5482 καθ’
2914 5430 2971 5481 ὃν
3005 5429 3157 5482 ἔσται
3189 5430 3378 5495 ταῦτα,
3405 5431 3496 5482 καὶ
3524 5432 3779 5498 ἐνεργεί-

2180 5515 2304 5569 σθαι
2340 5519 2674 5589 προστέταχε
2706 5521 2767 5572 τὸ
2812 5522 2906 5583 ἐπὶ
2947 5521 3024 5592 τῷ
3059 5521 3219 5573 πάθει
3270 5523 3590 5592 μυστήριον,
3629 5519 3780 5590 αύτῇ

2537 5721 2578 5750 ¹⁹
2605 5719 2760 5776 Joan.
2796 5736 2869 5787 vr,
2902 5721 2988 5784 58,
3021 5722 3108 5778 59.
3187 5722 3229 5751 ’θ
3269 5721 3426 5775 item.
3478 5735 3589 5776 xiv.
3626 5718 3676 5776 lii1
3711 5716 3778 5775 9.
