4026 6276
236 342 329 397 210

1036 341 1585 398 COMMENTARIUS
1624 341 1688 396 IN
1730 339 2128 396 ZACIIARIAM
2173 341 2607 397 PROPHETAM.

3369 349 3476 404 280

237 456 472 511 δικαιοσύ
508 471 538 526 ῃ
562 472 574 484 σ
609 473 627 505 ι
656 456 729 519 ὡς
751 459 778 510 ὁ
809 456 1093 523 Θεσπέσιος
1118 463 1318 532 γράφει
1356 461 1590 524 Παῦλος,
1616 480 1633 511 ι
1660 460 1798 523 Τοὺς

1902 459 2116 523 scribit,
2178 476 2196 510 ι
2232 457 2433 514 Omnes
2467 473 2566 513 nos
2599 457 2938 514 manifestari
2980 469 3196 539 oportet
3224 472 3351 519 ante
3377 466 3477 523 tri~

244 546 433 603 πάντας
480 544 628 612 ἡμᾶς
674 545 754 597 δεῖ
786 547 1166 618 φανερωθῆναι
1214 550 1523 622 ἔμπροσθεν
1566 550 1659 603 τοῦ
1701 548 1796 618 βή-

246 651 398 706 ματος
425 633 518 686 τοῦ
549 636 808 706 Χριστοῦ,
855 638 940 690 ἵνα
982 640 1275 710 κομίσηται
1305 642 1530 705 ἕκαστος
1562 640 1631 694 τὰ
1674 641 1795 694 κατ’

246 728 390 792 ἀξίαν
417 727 546 797 πρὸς
576 727 611 779 ἃ
635 728 890 799 ἔπραξεν,
937 732 1047 785 εἴτε
1092 734 1294 801 ἀγαθὸν
1322 735 1430 788 εἴτε
1470 733 1693 804 φαῦλον.
1728 762 1796 774 ~—

248 819 395 880 Ἥξει
419 818 477 887 δὴ
516 814 622 881 οὖν,
660 820 804 890 ἥξει,
853 824 1007 893 φησὶ,
1055 827 1149 878 καὶ
1189 827 1387 892 πάντες
1420 830 1467 881 οἱ
1502 829 1646 897 ἅγιοι
1678 828 1794 898 μετ’

251 902 418 966 αὑτοῦ,
444 907 735 973 τουτέστιν,
759 911 791 979 ἡ
820 910 927 964 τῶν
960 913 1129 979 ἁγίων
1157 916 1402 983 ἀγγέλων
1434 904 1795 986 καθαρωτάτη

249 995 453 1059 πληθὺς,
488 996 861 1067 δορυφοροῦσα
900 1003 1138 1067 πάντως,
1180 1006 1273 1059 καὶ
1313 1008 1653 1078 ὑπουργικὴν
1692 1009 1796 1060 εἰσ-

247 1087 462 1153 φέρουσα
488 1087 586 1156 τὴν
610 1091 975 1158 παράστασιν.
1004 1093 1208 1165 Κύριος
1237 1096 1346 1167 γάρ
1380 1099 1496 1150 ἔστι
1526 1098 1632 1151 τῶν
1658 1098 1795 1151 ὅλων
1820 1094 1834 1106 ⁸

235 1177 261 1226 ὁ
300 1174 641 1249 Ἐμμανουὴλ
668 1221 681 1242 ,
732 1184 827 1234 καὶ
878 1182 1233 1252 δοξολογεῖται
1282 1189 1430 1259 παρά
1471 1189 1675 1243 τούτων
1722 1189 1797 1252 ὡς

231 1263 372 1330 Θεὸς,
407 1268 501 1319 καὶ
538 1274 932 1344 συγκατάρχων
965 1275 1041 1345 τῷ
1083 1277 1458 1349 Γεγεννηκότι.
1512 1282 1574 1333 Ei
1624 1281 1680 1334 δὲ
1732 1282 1794 1352 δή

227 1370 305 1414 τις
350 1354 501 1424 λέγοι
538 1361 631 1413 καὶ
661 1363 856 1427 αὐτοὺς
897 1366 1044 1437 αὐτῷ
1082 1372 1644 1442 συμπαραστήσεσθαι
1673 1371 1798 1436 τοὺς

226 1444 415 1511 ἁγίους
448 1450 794 1518 ἀρπαγέντας
821 1457 878 1506 ἐν
906 1458 1155 1524 νεφέλαις
1189 1464 1268 1524 εἰς
1294 1463 1597 1533 ἀπάντησιν
1633 1463 1796 1515 αὑτοῦ

221 1537 300 1598 είς
339 1536 501 1604 ἀέρα,
550 1543 688 1609 μετά
731 1560 795 1611 γε
825 1546 922 1615 τὴν
952 1549 1015 1601 ἐκ
1056 1551 1263 1620 νεκρῶν
1295 1552 1608 1615 ἀναϐίωσιν,
1654 1553 1796 1606 καθὰ

222 1629 311 1681 καὶ
348 1628 427 1699 τῷ
456 1635 751 1705 σοφωτάτῳ
782 1638 975 1709 Παύλῳ
1003 1642 1169 1707 δοκεῖ,
1218 1645 1313 1714 τῆς
1360 1645 1452 1697 τοῦ
1496 1646 1797 1716 πρέποντος

223 1721 394 1792 θήρας
428 1723 779 1795 ἀμοιρήσειεν
805 1727 870 1781 ἂν
895 1731 1320 1803 οὐδαμῶς.“Εφη
1351 1736 1457 1805 γάρ
1479 1754 1531 1789 τι
1557 1734 1795 1789 τοιοῦτον

1896 547 2059 602 buual
2078 548 2300 613 Christi,
2330 556 2388 603 ut
2428 548 2657 618 recipiat
2687 550 3056 618 unusquisque
3078 562 3237 621 prout
3286 557 3473 624 gessit,

1897 639 2011 694 sive
2029 639 2225 693 bonum
2261 639 2373 693 sive
2397 638 2597 693 malum
2618 639 2823 694 ⁸⁸.»-ι
2838 640 3028 696 Veniet
3055 642 3240 711 igitur,
3273 647 3472 711 veniet,
3496 674 3507 677 -

1897 730 2090 800 inquit,
2120 740 2174 785 et
2202 745 2391 785 oumes
2439 731 2610 785 sancti
2654 730 2773 797 ejus
2826 747 2948 819 cum
2996 746 3083 797 eo,
3120 750 3140 784 ι
3217 733 3320 788 hoc
3368 744 3473 802 est,

1897 832 2205 875 sanctorum
2247 820 2564 889 angelorum
2602 835 2794 891 agmen
2839 823 3216 891 purissimum,
3266 825 3476 891 stipans

1898 926 2022 964 eum
2045 919 2099 965 et
2128 911 2193 965 ad
2224 910 2639 965 miuiSIrandum
2684 912 2972 966 assistens.
3012 912 3274 966 Dominus
3329 916 3473 966 enim

1896 1005 2134 1057 omnium
2170 1012 2253 1058 est.
2294 1004 2634 1067 Emmanuel,
2685 1012 2739 1057 et
2793 1004 2860 1058 ab
2909 1004 2991 1058 his
3044 1005 3384 1058 collaudatur
3418 1012 3477 1058 ut.

1897 1094 2059 1157 Deus,
2095 1102 2149 1147 et
2180 1094 2339 1148 simul
2371 1104 2561 1161 regnat
2605 1109 2727 1147 cum
2759 1093 2940 1149 Patre.
2975 1093 3129 1160 Quod
3165 1095 3209 1148 si
3240 1095 3361 1163 quis
3384 1096 3469 1149 di-

1899 1196 1986 1239 cat
2011 1187 2154 1254 ipsos
2201 1200 2415 1254 quoque
2448 1196 2664 1241 sanctos
2689 1187 2737 1239 ei
2763 1186 3042 1252 astituros,
3068 1195 3251 1255 raptos
3279 1188 3330 1240 in
3364 1203 3466 1240 nu-

1899 1277 2053 1330 bibus
2089 1278 2140 1329 in
2173 1292 2460 1330 occursum
2497 1277 2612 1344 ejus
2648 1277 2698 1329 in
2746 1292 2892 1341 acra,
2939 1294 3061 1331 cum
3116 1294 3182 1331 ex
3233 1278 3461 1332 mortuis

1903 1368 2212 1433 revixerint,
2244 1378 2300 1420 ut
2340 1377 2395 1420 et
2441 1368 2840 1435 sapientissimo
2879 1367 3044 1421 Paulo
3084 1370 3253 1422 visum
3284 1377 3370 1423 est
3389 1369 3458 1421 “.

1898 1458 1964 1510 ab
1986 1472 2049 1511 eo
2084 1458 2224 1526 quod
2252 1459 2507 1511 convenit
2560 1458 2869 1526 neutiquam
2926 1461 3277 1515 aberraverit.
3326 1459 3459 1514 Nam

1900 1545 2003 1600 tale
2034 1547 2160 1615 quid
2187 1546 2399 1601 divinus
2421 1562 2636 1617 quoque
2663 1546 2830 1601 lsaias
2853 1549 2918 1601 de
2952 1549 3083 1617 ipsis
3108 1549 3238 1603 dicit
3264 1563 3280 1602 :
3312 1569 3329 1602 ι
3365 1549 3474 1602 Illic

1897 1651 2076 1691 cervae
2120 1648 2498 1701 occurrerunt,
2523 1646 2578 1691 et
2624 1638 2877 1692 viderunt
2927 1639 3096 1693 facies
3122 1639 3189 1694 ad
3214 1640 3473 1695 invicem.

1899 1726 2140 1783 Numero
2176 1729 2531 1792 transierunt,
2562 1738 2616 1783 et
2639 1746 2740 1782 una
2772 1744 2835 1783 ex
2866 1729 2945 1784 eis
2978 1747 3081 1785 non
3109 1731 3471 1800 periit,altera

217 1813 244 1863 ὁ
291 1812 582 1878 θεσπέσιος
620 1817 845 1882 Ἡσαΐας
892 1821 1021 1892 περὶ
1079 1824 1291 1876 αὐτῶν·
1348 1845 1366 1876 ι
1413 1827 1558 1879 Ἐκεῖ
1605 1827 1791 1896 ἔλαφοι

1899 1818 2122 1873 alteram
2156 1834 2261 1874 non
2292 1820 2643 1888 quaesierunt.
2670 1819 2803 1886 Quia
2833 1822 3090 1875 DOmiuus
3115 1822 3244 1889 ipsis
3272 1836 3481 1889 prazce-

221 1904 580 1973 συνήντησαν,
604 1907 698 1960 καὶ
728 1904 867 1962 εἶδον
886 1916 954 1966 τὰ
979 1914 1245 1984 πρόσωπα
1269 1915 1530 1987 ἀλλήλων.
1553 1920 1608 1970 Ἀ
1620 1917 1702 1988 ριο
1713 1918 1798 1989 μῷ

216 1995 518 2065 παρῆλθον,
554 1999 645 2051 καὶ
683 2001 780 2069 μία
812 2003 990 2057 αὐτῶν
1020 2006 1119 2058 οὐκ
1178 2007 1442 2068 ἀπώλετο,
1492 2010 1651 2080 ἑτέρα
1701 2010 1802 2080 τὴν

215 2088 410 2157 ἑτέραν
435 2089 538 2141 οὐκ
569 2089 993 2161 ἐζήτησαν.’⁹οτι
1016 2098 1220 2167 Κύριος
1249 2100 1556 2153 ἐνετείλατο
1580 2102 1791 2164 αὐταῖς,

212 2177 303 2229 καὶ
341 2177 402 2230 τὸ
443 2181 664 2250 πνεῦμα
705 2184 866 2237 αὐτοῦ
924 2189 1228 2258 συνήγαγεν
1279 2192 1495 2255 αὐτούς.
1535 2213 1554 2244 ι
1589 2193 1798 2245 Ψάλλει.

210 2266 264 2319 δέ
308 2269 404 2321 καὶ
454 2272 486 2323 ὁ
532 2272 816 2337 Θεσπέσιος
862 2278 1054 2340 Δαϐὶδ,
1094 2280 1191 2349 τὴν
1236 2279 1294 2345 ἐξ
1346 2280 1591 2350 οὐρανῶν
1628 2299 1796 2336 κατα-

209 2357 457 2427 φοίτησιν
506 2360 597 2413 τοῦ
631 2363 846 2416 πάντων
878 2366 1033 2435 ἡμῶν
1082 2368 1335 2438 Σωτῆρος
1382 2371 1617 2440 Χριστοῦ
1661 2389 1796 2442 προ-

209 2452 557 2518 αναφωνῶν·
603 2455 763 2509 «Ὅτι
816 2459 915 2511 οὐκ
960 2458 1239 2514 ἀπώσεται
1293 2462 1495 2533 Κύριος
1530 2462 1621 2515 τὸν
1668 2461 1797 2517 λαὸν

206 2542 389 2606 αὐτοῦ,
426 2545 529 2597 καὶ
552 2546 649 2615 τὴν
671 2548 1037 2620 κληρονομίαν
1064 2552 1227 2604 αὑτοῦ
1256 2555 1357 2606 οὐκ
1390 2554 1795 2623 ἐγκαταλείψει,

206 2632 306 2696 ἕως
327 2628 386 2687 οὗ
414 2633 739 2705 δικαιοσύνη
766 2640 1062 2712 ἐπιστρέψῃ
1087 2644 1165 2706 εἰς
1188 2643 1389 2713 κρίσιν,
1425 2646 1517 2697 καὶ
1548 2645 1797 2715 ἐχόμενοι

204 2724 372 2793 αὐτῆς
422 2725 634 2790 πάντες
680 2729 728 2780 οἱ
773 2729 948 2793 εὐθεῖς
996 2735 1060 2803 τῇ
1114 2735 1328 2805 καρδία.
1364 2754 1382 2786 ›
1438 2736 1797 2807 Δικαιοσύνην

209 2816 302 2883 μὲν
327 2816 437 2886 γὰρ
465 2818 734 2886 ὀνομάζει
769 2821 1023 2890 Χριστὸν,
1060 2825 1380 2895 ἐπιστρέψαι
1414 2827 1469 2879 δέ
1508 2845 1672 2897 φησιν
1717 2831 1798 2892 εἰς

205 2906 381 2977 κρίσιν
414 2909 615 2960 αὐτόν.
636 2910 936 2983 Ἀνελήφοη
967 2915 1064 2982 μὲν
1097 2914 1202 2984 γὰρ
1231 2917 1476 2986 πατήσας
1510 2919 1598 2971 τὸν
1630 2919 1795 2973 Θάνα-

200 3010 306 3057 τον,
355 2996 456 3047 καὶ
517 2996 683 3066 ἀνέϐη
732 2999 867 3069 πρὸς
911 3000 999 3052 τὸν
1050 3002 1105 3055 ὲν
1149 3003 1397 3073 οὐρανοῖς
1440 3006 1658 3075 Πατέρα
1706 3009 1799 3060 καὶ

198 3084 346 3138 Θεόν.
391 3086 551 3138 Ἀλλ’
585 3087 865 3158 ἐπιτρέψει
913 3091 1052 3143 κατά
1081 3095 1306 3163 καιροὺς
1347 3097 1425 3158 είς
1458 3097 1657 3166 κρίσιν,
1700 3099 1797 3151 καὶ

1901 1910 2000 1979 pit,
2030 1921 2083 1963 et
2107 1910 2331 1979 spiritus
2361 1909 2478 1977 ejus
2501 1909 2851 1979 congregavit
2874 1911 3052 1963 eos".
3081 1929 3099 1961 ι
3133 1910 3318 1963 Psallit
3342 1926 3478 1980 quo-

1898 2016 2003 2070 que
2042 2001 2253 2053 divinus
2278 1998 2446 2051 David
2473 2000 2793 2053 descensum
2838 2013 2867 2052 ιι
2898 1998 3047 2053 ςωιο
3099 2000 3337 2052 omnium
3382 2014 3478 2052 no-

1902 2105 2074 2148 strum
2104 2092 2404 2146 Salvatoris
2440 2092 2847 2162 prtcnuntians:
2885 2110 2903 2143 ι
2944 2092 3079 2159 Quia
3106 2109 3210 2146 non
3253 2093 3477 2162 repellet

1900 2183 2160 2237 Dominus
2180 2183 2387 2253 plebem
2410 2199 2586 2248 suam,
2609 2195 2663 2238 et
2685 2185 3052 2238 haereditatem
3079 2201 3230 2237 suam
3255 2201 3357 2238 non
3381 2185 3476 2239 de—

1900 2275 2190 2343 relinquet,
2220 2277 2392 2329 donec
2426 2274 2636 2343 jnstitia
2662 2285 3010 2330 convertatur
3038 2276 3088 2329 in
3110 2275 3395 2344 judicium,
3419 2288 3475 2331 et

1899 2367 2234 2419 adhaerentes
2252 2365 2324 2419 illi
2350 2380 2537 2419 omnes
2562 2367 2692 2421 recti
2727 2368 2888 2423 corde
2906 2367 2973 2421 ⁶¹.
2996 2387 3016 2419 ι
3036 2366 3304 2422 Justitiam
3327 2368 3472 2422 enim

1897 2455 2172 2510 Christum
2201 2464 2378 2520 vocat,
2412 2472 2571 2525 quem
2605 2472 2929 2512 conversum
2966 2460 3033 2513 ad
3084 2459 3342 2529 judicium
3387 2459 3474 2513 di-

1898 2545 1991 2597 cit.
2033 2548 2352 2615 Assumptus
2379 2555 2463 2601 est
2489 2547 2631 2599 enim
2675 2548 2882 2601 calcata
2916 2559 3112 2613 morte,
3146 2559 3199 2604 et
3227 2549 3473 2603 ascendit

1899 2636 1964 2688 ad
1995 2650 2116 2690 eum
2164 2637 2251 2705 qui
2287 2649 2371 2691 est
2402 2638 2453 2691 in
2499 2638 2657 2692 coclis
2704 2637 2921 2693 Patrem
2960 2649 3016 2693 et
3070 2639 3237 2693 Deum
3270 2638 3336 2698 ⁸³.
3365 2638 3472 2694 Sed

1900 2738 2204 2781 revertetur
2265 2729 2390 2783 olim
2428 2731 2494 2782 ad
2518 2729 2805 2797 judicium,
2849 2740 2904 2784 ct
2957 2746 3076 2785 cum
3142 2732 3234 2786 illo
3287 2746 3476 2787 omnes

1900 2818 2029 2871 recti
2057 2820 2242 2881 corde,
2271 2820 2371 2874 hoc
2403 2830 2505 2887 est,
2531 2836 2556 2874 s
2576 2821 2744 2887 ancti,
2778 2822 2918 2875 sicut
2944 2824 3102 2877 modo
3142 2824 3274 2878 disi.
3338 2823 3476 2879 Foro

1900 2918 2078 2961 autem
2106 2909 2272 2978 800
2298 2919 2539 2979 tempore
2570 2912 3058 2967 consummationis
3100 2914 3278 2967 srcculi
3312 2929 3472 2983 aspe-

1901 2999 2118 3053 ctabilis
2144 3011 2412 3054 creatura:
2456 3010 2655 3055 statum
2690 3003 2878 3067 alium,
2928 3014 2982 3058 et
3038 3004 3209 3074 ipsam
3259 3020 3476 3075 quoque

1903 3090 2257 3143 transituram
2315 3092 2366 3144 in
2402 3091 2619 3156 melius,
2655 3108 2750 3159 per
2804 3093 3078 3147 Christum
3132 3105 3474 3157 renovatam,

197 3176 291 3226 σὺν
336 3176 494 3246 αὑτῷ
541 3177 740 3240 πάντες
781 3180 827 3230 oi
859 3179 1035 3244 εὐθεῖς
1062 3186 1125 3253 τῇ
1163 3184 1381 3255 καρδία,
1413 3187 1711 3251 τουτέστιν,
1742 3192 1791 3242 οἱ

1898 3181 2214 3234 testificatur
2253 3182 2555 3251 propheta:
2604 3200 2621 3232 ι
2653 3182 2707 3234 lu
2742 3182 2829 3235 illa
2881 3183 2971 3236 die
3003 3199 3107 3237 non
3153 3185 3251 3236 erit
3277 3184 3389 3248 lux,
3420 3193 3476 3239 et

192 3264 358 3332 ἆγιοι,
395 3267 670 3339 καθάπερ
716 3268 852 3339 ἔφην
906 3272 1125 3342 ἀρτίως.
1156 3275 1276 3327 Ὅτι
1303 3275 1358 3327 δὲ
1399 3278 1537 3329 κατά
1566 3278 1656 3331 τὸν
1693 3280 1794 3345 τῆς

192 3359 526 3421 συντελείας
594 3360 783 3430 καιρὸν
832 3363 993 3434 ἑτέρα
1037 3382 1119 3426 τις
1165 3362 1317 3417 ἔσται
1363 3367 1464 3435 τῆς
1510 3369 1794 3440 ὁρωμένης

192 3448 434 3511 κτίσεως
466 3452 502 3519 ἡ
552 3450 917 3516 κατάστασις,
952 3455 1045 3506 καὶ
1098 3457 1482 3527 μετοιχήσεται
1523 3460 1616 3512 καὶ
1657 3461 1792 3532 αὑτὴ

188 3539 329 3608 πρὸς
354 3541 420 3593 τὸ
444 3541 683 3611 ἄμεινον
722 3544 1089 3614 ἀνανεουμένη
1113 3546 1202 3599 διὰ
1239 3548 1500 3617 Χριστοῦ,
1533 3549 1798 3603 πιστώσε-

187 3645 277 3682 ται
316 3629 511 3697 λέγων
549 3632 579 3682 ὁ
624 3634 939 3703 προφήτης*
978 3654 995 3685 ι
1028 3636 1116 3688 Ἐν
1160 3639 1346 3711 ἐκείνῃ
1377 3643 1440 3710 τῇ
1482 3641 1663 3711 ἡμέρᾳ
1694 3642 1794 3695 οὐκ

184 3719 341 3773 ἕσται
386 3720 538 3789 φῶς,
570 3723 663 3774 καὶ
686 3722 875 3793 ψύχος,
909 3728 999 3779 καὶ
1026 3727 1199 3793 πάγος
1230 3728 1379 3783 ἔσται
1407 3731 1534 3799 μίαν
1554 3733 1789 3802 ἡμέραν,

183 3811 277 3862 καὶ
314 3814 349 3881 ή
399 3812 601 3882 ἡμέρα
634 3812 813 3883 ἐκείνη
845 3816 1057 3886 γνωστὴ
1088 3817 1164 3886 τῷ
1205 3817 1412 3887 Κυρίῳ.
1454 3837 1470 3869 ι
1510 3820 1647 3872 Νυνὶ
1693 3822 1792 3890 μὲν

178 3904 289 3973 γὰρ
314 3904 517 3975 ἡμέρα
550 3922 614 3956 τε
647 3906 738 3958 καὶ
760 3906 854 3971 νὺξ
879 3907 1238 3979 διακέκριται,
1271 3910 1365 3962 καὶ
1393 3910 1638 3980 διέλαχον
1666 3913 1791 3975 τοὺς

180 3998 419 4065 καιροὺς
447 4000 574 4059 τοῖς
619 3995 712 4048 τοῦ
747 3999 1109 4068 πεποιηκότος
1156 4000 1408 4069 νεύμασι,
1454 4002 1548 4053 καὶ
1581 4001 1791 4070 ἀνίσχει

176 4086 279 4153 μὲν
300 4088 408 4156 τῆς
432 4088 671 4156 ἡμέρας
697 4088 755 4140 τὸ
777 4084 1044 4156 φῶς,εἷτα
1073 4089 1376 4160 διαδέχεται
1402 4090 1518 4156 νύξ.
1537 4093 1791 4147 Ἐπειδὰν

171 4176 229 4228 δὲ
262 4180 677 4247 παραγένηται
703 4181 731 4232 ὁ
755 4181 966 4251 κριτὴς,
999 4182 1175 4235 πάντα
1204 4182 1624 4253 μετασκευάζων
1649 4185 1792 4251 κατὰ

168 4267 232 4319 τὸ
260 4268 423 4339 αὐτῷ
454 4269 686 4331 δοκοῦν,
729 4269 944 4339 ἑτέραν,
971 4270 1044 4334 ὡς
1072 4270 1229 4340 ἔφην,
1268 4275 1299 4340 ἡ
1331 4274 1507 4336 κτίσις
1530 4273 1631 4343 τὴν
1676 4273 1790 4326 δια·

171 4358 461 4430 κόσμησιν
489 4360 735 4424 δέξεται.
770 4381 788 4411 ι
823 4361 894 4412 0τῦ
928 4360 1035 4430 γὰρ
1077 4360 1154 4412 ἕτι
1195 4362 1308 4429 φῶς
1337 4362 1511 4427 ἔσται,
1557 4363 1650 4415 καὶ
1695 4363 1792 4430 ψύ-

166 4468 282 4519 χος,
316 4453 425 4505 καὶ
468 4452 664 4519 πάγος
694 4452 772 4513 εἰς
814 4451 942 4519 μίαν
972 4452 1205 4522 ἡμέραν.
1250 4470 1268 4501 ι
1314 4453 1577 4522 Σημαίνει
1605 4455 1660 4506 δὲ
1701 4454 1791 4507 διά

1898 3269 2067 3339 frigus
2093 3279 2146 3323 et
2174 3269 2372 3337 glacies
2400 3280 2559 3325 erunt
2587 3273 2671 3326 die
2699 3288 2827 3337 uno,
2863 3284 2918 3327 et
2941 3274 3057 3327 dies
3088 3275 3176 3327 illa
3209 3285 3334 3328 nota
3362 3275 3471 3331 Do~

1897 3359 2062 3413 mino.
2108 3378 2127 3410 θ
2177 3359 2329 3414 Nunc
2370 3362 2511 3414 enim
2555 3362 2670 3417 dies
2702 3373 2756 3416 et
2802 3380 2904 3417 nox
2941 3364 3346 3433 discernuntur,
3408 3378 3464 3422 et

1897 3461 2026 3503 nutu
2053 3452 2348 3507 conditoris
2380 3454 2633 3508 distincta
2672 3464 2913 3523 tempora
2965 3456 3155 3510 sortita
3210 3467 3356 3523 sunt,
3415 3467 3471 3513 et

1895 3543 2137 3597 exoritur
2163 3543 2267 3597 dici
2299 3545 2409 3606 lux,
2438 3555 2625 3613 postea
2671 3548 2910 3601 succedit
2938 3563 3067 3601 nox.
3116 3547 3348 3613 Quando
3377 3562 3474 3601 au-

1897 3642 2003 3686 tem
2040 3634 2523 3703 adveneritjudex,
2551 3638 2730 3689 omnia
2776 3651 2874 3702 pro
2920 3639 3187 3691 arbitratu
3220 3654 3318 3692 suo
3368 3638 3469 3691 im-

1895 3734 2129 3789 mutans,
2161 3725 2343 3789 aliam,
2372 3735 2430 3780 ut
2469 3728 2603 3792 dixi,
2646 3727 3009 3781 conditionem
3060 3737 3309 3780 creatura
3352 3741 3471 3781 sus-

1895 3814 2074 3884 cipiet.
2115 3833 2133 3866 ι
2172 3814 2287 3869 Non
2317 3816 2458 3869 enim
2492 3820 2557 3869 de
2586 3825 2781 3870 caetero
2818 3816 2907 3869 lux
2940 3817 3067 3880 erit,
3100 3827 3154 3870 et
3212 3816 3381 3885 frigus
3412 3827 3469 3873 et

1894 3906 2092 3975 glacies
2132 3915 2290 3959 erunt
2320 3907 2405 3961 die
2437 3923 2564 3964 uno.
2597 3927 2616 3961 ι
2663 3905 2769 3960 Per
2806 3908 3033 3978 glaciem
3086 3916 3140 3961 et
3175 3907 3343 3975 frigus
3372 3924 3468 3961 no-

1895 4006 2034 4050 ctem
2065 3996 2343 4066 exprimit,
2397 4014 2497 4066 pro
2529 4015 2632 4052 una
2661 4000 2806 4053 enim
2858 3997 2946 4053 die
3000 4010 3281 4069 reputatur
3330 4000 3471 4068 quod

1893 4086 2091 4142 dicitur
2141 4087 2506 4160 νυχθήμερον,
2570 4090 2621 4142 id
2656 4099 2759 4151 est,
2816 4090 2974 4144 unius
3030 4091 3207 4143 noctis
3258 4099 3309 4142 et
3361 4091 3467 4142 diei

1892 4177 2149 4245 spatium,
2185 4177 2409 4246 proinde
2459 4194 2522 4231 ac
2566 4179 2610 4231 si
2644 4180 2788 4232 dicat
2837 4178 2975 4232 forte
3010 4197 3024 4232 :
3059 4178 3325 4245 Tempore
3377 4178 3469 4231 illo

1893 4283 2000 4337 quo
2035 4268 2102 4321 de
2137 4268 2281 4323 coelo
2305 4269 2596 4322 adveniens
2636 4268 3045 4321 transformabit
3097 4269 3301 4331 omnia,
3331 4277 3384 4319 ct
3414 4271 3468 4320 in

1893 4360 2086 4414 faciem
2115 4370 2283 4427 atque
2320 4368 2520 4413 statum
2559 4359 2833 4441 meliorem
2872 4367 3169 4419 convertet,
3200 4358 3469 4411 utcundi-

1896 4459 1980 4503 tor
2012 4453 2127 4520 ipse
2153 4461 2205 4505 et
2229 4450 2432 4520 opifex,
2469 4466 2572 4503 non
2619 4450 2724 4503 erit
2772 4463 2898 4513 nox,
2933 4463 3032 4502 nec
3086 4448 3176 4502 lux
3211 4449 3264 4501 in
3306 4447 3469 4502 diem.

166 4558 228 4608 γε
257 4544 355 4594 τοῦ
392 4545 631 4611 πάγους
663 4561 720 4596 τε
761 4544 854 4596 καὶ
880 4541 1083 4612 ψύχους
1129 4543 1227 4614 τὴν
1259 4544 1451 4596 νύκτα⁵
1479 4545 1789 4611 λελόγισται

1897 4542 2010 4595 Non
2053 4542 2300 4596 absimile
2322 4552 2406 4595 est
2451 4544 2592 4611 apud
2647 4542 2967 4611 prophetam
3014 4539 3247 4594 Isaiam:
3288 4558 3308 4591 ι
3354 4538 3467 4592 Νοιι

162 4632 271 4704 γὰρ
303 4635 394 4696 εἰς
432 4634 585 4703 μίαν
617 4632 826 4702 ἡμέραν
873 4633 932 4685 τὺ
978 4632 1374 4701 νυχθήμερον-⁸
1406 4634 1586 4702 ὅμοιον
1633 4635 1705 4697 ὡς
1740 4638 1788 4689 εί

160 4724 314 4791 λέγοι
344 4725 530 4795 τυχόν
558 4738 575 4751 ⁸
614 4724 747 4775 Κατ’
781 4725 985 4776 ἐκεῖνον
1008 4724 1098 4776 τὸν
1129 4725 1340 4791 καιρὸν,
1380 4724 1503 4777 καθ’
1530 4725 1589 4778 ὃν
1630 4727 1694 4779 ἂν
1730 4726 1788 4791 ἐξ

160 4815 426 4886 οὐρανῶν
493 4815 845 4884 ἀφιγμένος,
916 4814 1264 4885 μεταπλάττῃ
1316 4814 1385 4867 τὰ
1435 4816 1642 4881 πάντα,
1693 4818 1787 4870 καὶ

164 4903 598 4977 μετασκευάζῃ
645 4904 780 4974 πρὸς
819 4904 877 4956 τὸ
922 4904 1164 4973 ἄμεινον,
1209 4905 1283 4967 ὡς
1329 4905 1658 4976 δημιουργὸς
1705 4907 1783 4973 δὲ,

160 4994 258 5049 οὐκ
289 4995 463 5048 ἔσται
498 4992 635 5056 νὺξ,
668 4994 785 5044 οὐδὲ
818 4994 926 5060 φῶς
952 4996 1028 5055 εἰς
1056 4993 1285 5063 ἡμέραν.
1305 4995 1552 5049 Τοιοῦτόν
1581 4997 1633 5049 τί
1655 5015 1788 5069 φησι

159 5088 249 5137 καὶ
279 5088 309 5137 ὁ
349 5086 667 5157 μακάριος
701 5086 985 5154 προφήτης
1030 5085 1285 5148 Ἡσαΐας·
1329 5106 1347 5136 ι
1380 5089 1494 5139 Οὐκ
1525 5087 1675 5141 ἔσται
1706 5106 1789 5141 σοι

156 5177 183 5228 ὁ
224 5177 389 5248 ἥλιος
422 5179 519 5240 εἰς
578 5174 702 5243 φῶς
728 5179 825 5246 τῆς
857 5177 1091 5248 ἡμέρας,
1129 5177 1248 5228 οὐδὲ
1293 5177 1524 5248 ἀνατολὴ
1558 5179 1788 5250 σελήνης

156 5275 357 5324 ζωτιεῖ
386 5272 504 5342 τὴν
554 5267 737 5321 νύκτα
758 5284 770 5295 ·
804 5268 917 5319 ἀλλ’
950 5268 1101 5320 ἔσται
1139 5285 1219 5320 σοι
1247 5259 1446 5340 Κύριος
1497 5270 1611 5336 φῶς
1661 5270 1788 5323 αἰώ-

158 5380 289 5424 νιον,
326 5365 434 5416 καὶ
463 5365 497 5414 ὁ
527 5358 681 5420 Θεὸς
705 5359 826 5422 δόξα
855 5376 967 5411 σου.
997 5378 1013 5408 ι
1035 5359 1156 5410 Ὅτι
1183 5360 1236 5411 δὲ
1271 5361 1616 5431 ἀπρακτήσει
1645 5360 1785 5413 κατά

156 5455 393 5522 καιροὺς
419 5450 530 5502 καὶ
558 5445 712 5515 αὐτὴ
737 5447 842 5497 τῶν
878 5445 1149 5514 στειχείων
1243 5447 1418 5516 χρεία,
1452 5445 1782 5499 πιστώσεται

225 5652 270 5682 ⁸⁷⁸
302 5652 344 5703 Η
379 5649 522 5702 Cur.
585 5661 645 5705 τ’,
688 5644 763 5696 i‘l.
880 5644 921 5671 "°
954 5644 964 5693 Ι
995 5642 1179 5696 Thess.
1214 5659 1283 5703 μ’,
1334 5645 1413 5697 lli.

161 5721 328 5775 t'latl.
368 5733 470 5782 ωε,
522 5716 619 5769 '9.
708 5716 746 5743 6"
780 5712 821 5763 Μ
848 5713 965 5764 illi).
1008 5731 1147 5776 χχιγ,
1187 5718 1271 5766 ζει).

1527 5647 1561 5675 ”¹
1610 5646 1703 5697 ha.
1743 5661 1918 5707 vutv,
1958 5645 2039 5705 ιῖὶ,
2078 5644 2154 5697 lli.

1896 4637 1999 4686 erit
2031 4633 2122 4686 tibi
2145 4634 2372 4702 amplius
2398 4633 2477 4688 sol
2522 4633 2574 4686 in
2600 4633 2775 4687 lucem
2804 4632 2934 4696 diei,
2964 4647 3135 4700 neque
3157 4641 3309 4687 ortus
3334 4631 3472 4685 luna:

1896 4721 2216 4776 illuminabit
2258 4722 2352 4776 tibi
2388 4732 2599 4777 noctem
2628 4738 2642 4786 ;
2668 4722 2761 4777 sed
2799 4722 2903 4775 erit
2939 4721 3029 4775 tibi
3076 4721 3332 4774 Dominus
3377 4720 3470 4773 lux

1895 4821 2117 4876 acterna,
2155 4818 2207 4864 et
2251 4814 2388 4865 Deus
2429 4811 2601 4882 gloria
2640 4820 2725 4864 tua
2751 4810 2819 4865 “.
2854 4830 2873 4862 ι
2925 4810 3104 4864 Otiosa
3156 4820 3333 4863 autem
3381 4809 3467 4861 ali-

1894 4902 2107 4971 quando
2138 4901 2319 4956 futura
2352 4914 2406 4957 et
2442 4903 2555 4973 ipsa
2610 4902 2897 4966 elementa,
2955 4903 3113 4956 fidem
3174 4901 3301 4954 facit
3357 4900 3470 4969 ipse

1892 4993 2161 5048 Christus.
2203 5012 2220 5043 ι
2251 4993 2445 5047 Statim
2477 5004 2655 5049 autem
2687 5004 2808 5062 post
2841 4993 3237 5047 tribulationem
3262 4990 3468 5044 dierum

1892 5083 2104 5137 illorum
2138 5083 2218 5136 sol
2259 5083 2658 5151 obscurabitur,
2691 5095 2745 5138 et
2781 5084 2903 5137 luna
2948 5099 3050 5137 non
3094 5082 3244 5134 dabit
3288 5081 3468 5137 lumen

1893 5191 2048 5229 suum
2080 5176 2146 5228 ⁸³.
2181 5195 2200 5227 ι
2247 5175 2465 5230 Suﬂicit
2495 5178 2639 5231 enim
2686 5177 2841 5230 nobis
2886 5175 3139 5230 Chrisms
3184 5174 3249 5228 ad
3299 5173 3467 5226 lucem

1895 5274 2177 5331 aeternam,
2199 5275 2253 5319 ct
2287 5267 2399 5332 ipse
2443 5269 2550 5321 erit
2582 5269 2739 5337 longa
2770 5282 2835 5321 ac
2863 5276 3119 5335 perpetua
3154 5265 3290 5320 dies.
3315 5263 3464 5318 Dicm

1895 5368 2073 5411 autem
2106 5357 2246 5410 illam
2282 5370 2462 5411 notam
2496 5360 2723 5413 Domino
2750 5372 2872 5412 esse
2905 5358 3055 5411 dicit.
3108 5355 3265 5410 Solus
3321 5358 3465 5411 enim

1896 5445 2033 5497 Deus
2073 5456 2123 5497 et
2151 5447 2307 5498 Pater
2334 5445 2821 5500 consummationis
2851 5446 2993 5500 diem
3052 5445 3467 5501 navit.Persua-

2264 5646 2306 5674 τ’
2333 5644 2465 5699 i‘sal.
2500 5660 2650 5709 xcnl,
2684 5643 2880 5710 14,15.
2996 5645 3041 5675 ⁶³
3073 5645 3225 5699 Joan.
3253 5661 3344 5714 xx,
3377 5645 3463 5702 Π.
