  <div class='ocr_page' id='page_1' title='image "/cluster/home/n/w/nwhite01/storage/ocr_20150623/72/mdp.39015019355984/144.png"; bbox 0 0 4026 6276; ppageno 0'>
   <div class='ocr_carea' id='block_1_1' title="bbox 257 367 3508 443">
    <p class='ocr_par' dir='ltr' id='par_1_1' title="bbox 257 367 3508 443">
     <span class='ocr_line' id='line_1_1' title="bbox 257 367 3508 443; baseline 0.008 -27"><span class='ocrx_word' id='word_1_1' title='bbox 257 367 360 417; x_wconf 56' lang='grc' dir='ltr'><strong>Ἤττ</strong></span> <span class='ocrx_word' id='word_1_2' title='bbox 438 369 444 378; x_wconf 85' lang='grc'><strong><em>“</em></strong></span> <span class='ocrx_word' id='word_1_3' title='bbox 1078 370 1618 428; x_wconf 65' lang='grc' dir='ltr'><strong>ΕΟΜΜΕΝΤΜΠΠΞ</strong></span> <span class='ocrx_word' id='word_1_4' title='bbox 1659 373 1720 426; x_wconf 77' lang='lat' dir='ltr'><strong>lN</strong></span> <span class='ocrx_word' id='word_1_5' title='bbox 1763 374 2164 430; x_wconf 62' lang='lat' dir='ltr'><strong>ZAtillARlAM</strong></span> <span class='ocrx_word' id='word_1_6' title='bbox 2202 377 2636 436; x_wconf 72' lang='lat' dir='ltr'><strong>PltllPHET.\M.</strong></span> <span class='ocrx_word' id='word_1_7' title='bbox 3403 389 3508 443; x_wconf 66' lang='lat'><strong>9.13</strong></span> 
     </span>
    </p>
   </div>
   <div class='ocr_carea' id='block_1_2' title="bbox 273 487 1810 574">
    <p class='ocr_par' dir='ltr' id='par_1_2' title="bbox 273 487 1810 564">
     <span class='ocr_line' id='line_1_2' title="bbox 273 487 1810 564; baseline 0.005 -27"><span class='ocrx_word' id='word_1_8' title='bbox 273 487 489 555; x_wconf 57' lang='grc' dir='ltr'>Ἐπειδὴ</span> <span class='ocrx_word' id='word_1_9' title='bbox 517 487 572 537; x_wconf 78' lang='grc' dir='ltr'><strong>δὲ</strong></span> <span class='ocrx_word' id='word_1_10' title='bbox 603 487 913 555; x_wconf 85' lang='grc' dir='ltr'>πεπλάνηκε</span> <span class='ocrx_word' id='word_1_11' title='bbox 969 489 1065 556; x_wconf 74' lang='grc' dir='ltr'><strong>τὴν</strong></span> <span class='ocrx_word' id='word_1_12' title='bbox 1098 491 1186 541; x_wconf 76' lang='grc' dir='ltr'>ὑπ’</span> <span class='ocrx_word' id='word_1_13' title='bbox 1228 492 1451 560; x_wconf 78' lang='grc' dir='ltr'>οὐρανὸν</span> <span class='ocrx_word' id='word_1_14' title='bbox 1485 495 1512 544; x_wconf 85' lang='grc' dir='ltr'>ὁ</span> <span class='ocrx_word' id='word_1_15' title='bbox 1545 493 1640 562; x_wconf 71' lang='grc' dir='ltr'>τῆς</span> <span class='ocrx_word' id='word_1_16' title='bbox 1668 494 1810 564; x_wconf 82' lang='grc' dir='ltr'>ἁμαρ</span> 
     </span>
    </p>
   </div>
   <div class='ocr_carea' id='block_1_3' title="bbox 1916 487 3507 574">
    <p class='ocr_par' dir='ltr' id='par_1_3' title="bbox 1941 499 3507 574">
     <span class='ocr_line' id='line_1_3' title="bbox 1941 499 3507 574; baseline 0.008 -26"><span class='ocrx_word' id='word_1_17' title='bbox 1941 505 1995 549; x_wconf 85' lang='lat' dir='ltr'><strong>et</strong></span> <span class='ocrx_word' id='word_1_18' title='bbox 2029 512 2151 551; x_wconf 84' lang='lat' dir='ltr'><strong>vere</strong></span> <span class='ocrx_word' id='word_1_19' title='bbox 2186 499 2556 553; x_wconf 77' lang='lat' dir='ltr'><strong>universorum</strong></span> <span class='ocrx_word' id='word_1_20' title='bbox 2587 503 2746 566; x_wconf 86' lang='lat' dir='ltr'><strong>Deus,</strong></span> <span class='ocrx_word' id='word_1_21' title='bbox 2777 508 2867 569; x_wconf 91' lang='lat' dir='ltr'><strong>qui</strong></span> <span class='ocrx_word' id='word_1_22' title='bbox 2906 518 3025 572; x_wconf 71' lang='lat' dir='ltr'><strong>quae</strong></span> <span class='ocrx_word' id='word_1_23' title='bbox 3067 506 3354 574; x_wconf 75' lang='lat' dir='ltr'><strong>aliquando</strong></span> <span class='ocrx_word' id='word_1_24' title='bbox 3405 525 3507 560; x_wconf 85' lang='lat' dir='ltr'><strong>non</strong></span> 
     </span>
    </p>
   </div>
   <div class='ocr_carea' id='block_1_4' title="bbox 257 581 1836 654">
    <p class='ocr_par' dir='ltr' id='par_1_4' title="bbox 257 581 1836 654">
     <span class='ocr_line' id='line_1_4' title="bbox 257 581 1836 654; baseline 0.004 -23"><span class='ocrx_word' id='word_1_25' title='bbox 257 581 377 642; x_wconf 84' lang='grc' dir='ltr'>τίας</span> <span class='ocrx_word' id='word_1_26' title='bbox 411 581 661 650; x_wconf 73' lang='grc' dir='ltr'>εὑρετὴς,</span> <span class='ocrx_word' id='word_1_27' title='bbox 692 581 963 632; x_wconf 70' lang='grc' dir='ltr'><strong>τουτέστιν</strong></span> <span class='ocrx_word' id='word_1_28' title='bbox 1018 584 1046 633; x_wconf 80' lang='grc' dir='ltr'>ὁ</span> <span class='ocrx_word' id='word_1_29' title='bbox 1098 582 1358 646; x_wconf 81' lang='grc' dir='ltr'><strong>Σατανᾶς,</strong></span> <span class='ocrx_word' id='word_1_30' title='bbox 1416 587 1494 646; x_wconf 75' lang='grc' dir='ltr'><strong>είς</strong></span> <span class='ocrx_word' id='word_1_31' title='bbox 1521 585 1710 654; x_wconf 72' lang='grc' dir='ltr'>ψευδῆ,</span> <span class='ocrx_word' id='word_1_32' title='bbox 1743 587 1836 638; x_wconf 73' lang='grc' dir='ltr'>καὶ</span> 
     </span>
    </p>
   </div>
   <div class='ocr_carea' id='block_1_5' title="bbox 261 670 1836 743">
    <p class='ocr_par' dir='ltr' id='par_1_5' title="bbox 261 670 1836 743">
     <span class='ocr_line' id='line_1_5' title="bbox 261 670 1836 743; baseline 0.004 -21"><span class='ocrx_word' id='word_1_33' title='bbox 261 670 488 738; x_wconf 67' lang='grc' dir='ltr'>βέϐηλον</span> <span class='ocrx_word' id='word_1_34' title='bbox 518 671 771 740; x_wconf 77' lang='grc' dir='ltr'><strong>λατρείαν</strong></span> <span class='ocrx_word' id='word_1_35' title='bbox 800 673 847 722; x_wconf 77' lang='grc' dir='ltr'>οἱ</span> <span class='ocrx_word' id='word_1_36' title='bbox 873 672 1089 724; x_wconf 78' lang='grc' dir='ltr'><strong>δείλαιοι</strong></span> <span class='ocrx_word' id='word_1_37' title='bbox 1145 674 1689 743; x_wconf 87' lang='grc' dir='ltr'>παρακεκομίσμεθα,</span> <span class='ocrx_word' id='word_1_38' title='bbox 1743 676 1836 728; x_wconf 71' lang='grc' dir='ltr'><strong>καὶ</strong></span> 
     </span>
    </p>
   </div>
   <div class='ocr_carea' id='block_1_6' title="bbox 259 761 1835 838">
    <p class='ocr_par' dir='ltr' id='par_1_6' title="bbox 259 761 1835 838">
     <span class='ocr_line' id='line_1_6' title="bbox 259 761 1835 838; baseline 0.004 -25"><span class='ocrx_word' id='word_1_39' title='bbox 259 761 601 831; x_wconf 71' lang='grc' dir='ltr'><strong>διετελοῦμεν</strong></span> <span class='ocrx_word' id='word_1_40' title='bbox 633 765 689 813; x_wconf 80' lang='grc' dir='ltr'><strong>ἐν</strong></span> <span class='ocrx_word' id='word_1_41' title='bbox 743 763 934 832; x_wconf 72' lang='grc' dir='ltr'>κόσμῳ</span> <span class='ocrx_word' id='word_1_42' title='bbox 963 763 1154 831; x_wconf 72' lang='grc' dir='ltr'>τυφλοὶ</span> <span class='ocrx_word' id='word_1_43' title='bbox 1212 766 1306 816; x_wconf 72' lang='grc' dir='ltr'><strong>καὶ</strong></span> <span class='ocrx_word' id='word_1_44' title='bbox 1359 767 1550 836; x_wconf 75' lang='grc' dir='ltr'>μωροὶ,</span> <span class='ocrx_word' id='word_1_45' title='bbox 1615 767 1835 838; x_wconf 75' lang='grc' dir='ltr'>κυρίους</span> 
     </span>
    </p>
   </div>
   <div class='ocr_carea' id='block_1_7' title="bbox 260 853 1835 930">
    <p class='ocr_par' dir='ltr' id='par_1_7' title="bbox 260 853 1835 930">
     <span class='ocr_line' id='line_1_7' title="bbox 260 853 1835 930; baseline 0.003 -24"><span class='ocrx_word' id='word_1_46' title='bbox 260 853 612 923; x_wconf 77' lang='grc' dir='ltr'>ὀνομάζοντες</span> <span class='ocrx_word' id='word_1_47' title='bbox 641 856 764 916; x_wconf 79' lang='grc' dir='ltr'>τοὺς</span> <span class='ocrx_word' id='word_1_48' title='bbox 791 855 1222 925; x_wconf 82' lang='grc' dir='ltr'>πεπλανηκότας,</span> <span class='ocrx_word' id='word_1_49' title='bbox 1249 858 1339 909; x_wconf 75' lang='grc' dir='ltr'><strong>καὶ</strong></span> <span class='ocrx_word' id='word_1_50' title='bbox 1378 858 1436 909; x_wconf 77' lang='grc' dir='ltr'><strong>τὸ</strong></span> <span class='ocrx_word' id='word_1_51' title='bbox 1461 859 1556 926; x_wconf 79' lang='grc' dir='ltr'>τῆς</span> <span class='ocrx_word' id='word_1_52' title='bbox 1587 859 1835 930; x_wconf 78' lang='grc' dir='ltr'><strong>θεότητος</strong></span> 
     </span>
    </p>
   </div>
   <div class='ocr_carea' id='block_1_8' title="bbox 262 945 1833 1020">
    <p class='ocr_par' dir='ltr' id='par_1_8' title="bbox 262 945 1833 1020">
     <span class='ocr_line' id='line_1_8' title="bbox 262 945 1833 1020; baseline 0.006 -25"><span class='ocrx_word' id='word_1_53' title='bbox 262 945 425 1014; x_wconf 62' lang='grc' dir='ltr'>ὄνομα</span> <span class='ocrx_word' id='word_1_54' title='bbox 452 948 564 1002; x_wconf 80' lang='grc' dir='ltr'>τοῖς</span> <span class='ocrx_word' id='word_1_55' title='bbox 595 946 921 1016; x_wconf 70' lang='grc' dir='ltr'><strong>ἀκαθάρτοις</strong></span> <span class='ocrx_word' id='word_1_56' title='bbox 951 947 1195 1014; x_wconf 74' lang='grc' dir='ltr'>δαίμοσιν</span> <span class='ocrx_word' id='word_1_57' title='bbox 1238 949 1655 1018; x_wconf 67' lang='grc' dir='ltr'>ἐπιφημίζοντες</span> <span class='ocrx_word' id='word_1_58' title='bbox 1686 953 1833 1020; x_wconf 79' lang='grc' dir='ltr'>ἁμα-</span> 
     </span>
    </p>
   </div>
   <div class='ocr_carea' id='block_1_9' title="bbox 265 1038 672 1106">
    <p class='ocr_par' dir='ltr' id='par_1_9' title="bbox 265 1038 672 1106">
     <span class='ocr_line' id='line_1_9' title="bbox 265 1038 672 1106; baseline -0.005 -17"><span class='ocrx_word' id='word_1_59' title='bbox 265 1039 387 1099; x_wconf 80' lang='grc' dir='ltr'><strong>θῶς.</strong></span> <span class='ocrx_word' id='word_1_60' title='bbox 424 1038 568 1106; x_wconf 81' lang='grc' dir='ltr'>Πλὴν</span> <span class='ocrx_word' id='word_1_61' title='bbox 595 1054 672 1088; x_wconf 87' lang='grc' dir='ltr'><strong>πα</strong></span> 
     </span>
    </p>
   </div>
   <div class='ocr_carea' id='block_1_10' title="bbox 261 1127 1830 1202">
    <p class='ocr_par' dir='ltr' id='par_1_10' title="bbox 261 1127 1830 1202">
     <span class='ocr_line' id='line_1_10' title="bbox 261 1127 1830 1202; baseline 0.003 -22"><span class='ocrx_word' id='word_1_62' title='bbox 261 1127 350 1180; x_wconf 78' lang='grc' dir='ltr'><strong>τοῦ</strong></span> <span class='ocrx_word' id='word_1_63' title='bbox 374 1129 631 1198; x_wconf 71' lang='grc' dir='ltr'>παρόντος</span> <span class='ocrx_word' id='word_1_64' title='bbox 664 1128 872 1190; x_wconf 77' lang='grc' dir='ltr'>αἰῶνος,</span> <span class='ocrx_word' id='word_1_65' title='bbox 900 1129 1016 1180; x_wconf 79' lang='grc' dir='ltr'>τότε</span> <span class='ocrx_word' id='word_1_66' title='bbox 1047 1129 1130 1200; x_wconf 79' lang='grc' dir='ltr'><strong>δὴ,</strong></span> <span class='ocrx_word' id='word_1_67' title='bbox 1156 1132 1273 1183; x_wconf 79' lang='grc' dir='ltr'>τότε</span> <span class='ocrx_word' id='word_1_68' title='bbox 1304 1132 1394 1182; x_wconf 70' lang='grc' dir='ltr'><strong>καὶ</strong></span> <span class='ocrx_word' id='word_1_69' title='bbox 1415 1131 1830 1202; x_wconf 72' lang='grc' dir='ltr'>φρενοὸλαῦείας</span> 
     </span>
    </p>
   </div>
   <div class='ocr_carea' id='block_1_11' title="bbox 259 1217 1829 1294">
    <p class='ocr_par' dir='ltr' id='par_1_11' title="bbox 259 1217 1829 1294">
     <span class='ocr_line' id='line_1_11' title="bbox 259 1217 1829 1294; baseline 0.004 -24"><span class='ocrx_word' id='word_1_70' title='bbox 259 1219 472 1288; x_wconf 80' lang='grc' dir='ltr'>ἁπάσης</span> <span class='ocrx_word' id='word_1_71' title='bbox 494 1220 550 1283; x_wconf 79' lang='grc' dir='ltr'>ἐξ</span> <span class='ocrx_word' id='word_1_72' title='bbox 579 1217 735 1288; x_wconf 82' lang='grc' dir='ltr'>ἡμῶν</span> <span class='ocrx_word' id='word_1_73' title='bbox 765 1219 1127 1290; x_wconf 69' lang='grc' dir='ltr'><strong>ἐξῃρημένης,</strong></span> <span class='ocrx_word' id='word_1_74' title='bbox 1158 1221 1479 1292; x_wconf 77' lang='grc' dir='ltr'>τεθειμένων</span> <span class='ocrx_word' id='word_1_75' title='bbox 1511 1223 1564 1274; x_wconf 82' lang='grc' dir='ltr'><strong>δὲ</strong></span> <span class='ocrx_word' id='word_1_76' title='bbox 1592 1225 1689 1294; x_wconf 64' lang='grc' dir='ltr'><strong>ἤδη</strong></span> <span class='ocrx_word' id='word_1_77' title='bbox 1721 1225 1829 1278; x_wconf 83' lang='grc' dir='ltr'><strong>τῶν</strong></span> 
     </span>
    </p>
   </div>
   <div class='ocr_carea' id='block_1_12' title="bbox 253 1308 1827 1382">
    <p class='ocr_par' dir='ltr' id='par_1_12' title="bbox 253 1308 1827 1382">
     <span class='ocr_line' id='line_1_12' title="bbox 253 1308 1827 1382; baseline 0.004 -22"><span class='ocrx_word' id='word_1_78' title='bbox 253 1310 461 1380; x_wconf 71' lang='grc' dir='ltr'>ἐχθρῶν</span> <span class='ocrx_word' id='word_1_79' title='bbox 498 1311 599 1362; x_wconf 71' lang='grc' dir='ltr'>ὑπὸ</span> <span class='ocrx_word' id='word_1_80' title='bbox 633 1311 796 1373; x_wconf 68' lang='grc' dir='ltr'>πόδας</span> <span class='ocrx_word' id='word_1_81' title='bbox 825 1312 1082 1381; x_wconf 80' lang='grc' dir='ltr'>Χριστοῦ,</span> <span class='ocrx_word' id='word_1_82' title='bbox 1126 1313 1324 1382; x_wconf 81' lang='grc' dir='ltr'>Κύριος</span> <span class='ocrx_word' id='word_1_83' title='bbox 1359 1308 1436 1376; x_wconf 57' lang='lat' dir='ltr'><strong>ei;</strong></span> <span class='ocrx_word' id='word_1_84' title='bbox 1465 1314 1614 1366; x_wconf 85' lang='grc' dir='ltr'>ἕσται</span> <span class='ocrx_word' id='word_1_85' title='bbox 1644 1315 1827 1366; x_wconf 72' lang='grc' dir='ltr'>λοιπον</span> 
     </span>
    </p>
   </div>
   <div class='ocr_carea' id='block_1_13' title="bbox 681 1037 1832 1110">
    <p class='ocr_par' dir='ltr' id='par_1_13' title="bbox 681 1037 1832 1110">
     <span class='ocr_line' id='line_1_13' title="bbox 681 1037 1832 1110; baseline 0.006 -24"><span class='ocrx_word' id='word_1_86' title='bbox 681 1037 1006 1106; x_wconf 73' lang='grc' dir='ltr'>ρῳχηκότος,</span> <span class='ocrx_word' id='word_1_87' title='bbox 1039 1037 1129 1089; x_wconf 70' lang='grc' dir='ltr'><strong>καὶ</strong></span> <span class='ocrx_word' id='word_1_88' title='bbox 1161 1039 1237 1099; x_wconf 79' lang='grc' dir='ltr'>εἰς</span> <span class='ocrx_word' id='word_1_89' title='bbox 1272 1039 1443 1109; x_wconf 83' lang='grc' dir='ltr'>πέραν</span> <span class='ocrx_word' id='word_1_90' title='bbox 1472 1041 1572 1110; x_wconf 67' lang='grc' dir='ltr'><strong>ἤδη</strong></span> <span class='ocrx_word' id='word_1_91' title='bbox 1605 1041 1832 1109; x_wconf 78' lang='grc' dir='ltr'>ἥκοντος</span> 
     </span>
    </p>
   </div>
   <div class='ocr_carea' id='block_1_14' title="bbox 678 1087 738 1106">
    <p class='ocr_par' dir='ltr' id='par_1_14' title="bbox 678 1087 738 1106">
     <span class='ocr_line' id='line_1_14' title="bbox 678 1087 738 1106; baseline -0.033 0"><span class='ocrx_word' id='word_1_92' title='bbox 678 1087 688 1106; x_wconf 75' lang='grc' dir='ltr'><strong>ι</strong></span> <span class='ocrx_word' id='word_1_93' title='bbox 729 1090 738 1104; x_wconf 81' lang='grc' dir='ltr'><strong>ι</strong></span> 
     </span>
    </p>
   </div>
   <div class='ocr_carea' id='block_1_15' title="bbox 251 1403 1812 1475">
    <p class='ocr_par' dir='ltr' id='par_1_15' title="bbox 251 1403 1812 1475">
     <span class='ocr_line' id='line_1_15' title="bbox 251 1403 1812 1475; baseline 0.003 -22"><span class='ocrx_word' id='word_1_94' title='bbox 251 1404 343 1454; x_wconf 74' lang='grc' dir='ltr'><strong>ἐπὶ</strong></span> <span class='ocrx_word' id='word_1_95' title='bbox 373 1405 552 1455; x_wconf 76' lang='grc' dir='ltr'>πᾶσαν</span> <span class='ocrx_word' id='word_1_96' title='bbox 585 1403 678 1471; x_wconf 71' lang='grc' dir='ltr'><strong>τὴν</strong></span> <span class='ocrx_word' id='word_1_97' title='bbox 713 1403 834 1470; x_wconf 73' lang='grc' dir='ltr'>γῆν,</span> <span class='ocrx_word' id='word_1_98' title='bbox 869 1403 1078 1466; x_wconf 63' lang='grc' dir='ltr'>ούδενλς</span> <span class='ocrx_word' id='word_1_99' title='bbox 1130 1404 1221 1455; x_wconf 70' lang='grc' dir='ltr'><strong>ἀπ’</strong></span> <span class='ocrx_word' id='word_1_100' title='bbox 1258 1404 1419 1456; x_wconf 66' lang='grc' dir='ltr'>αὑτοῦ</span> <span class='ocrx_word' id='word_1_101' title='bbox 1472 1405 1568 1475; x_wconf 82' lang='grc' dir='ltr'>τὴν</span> <span class='ocrx_word' id='word_1_102' title='bbox 1597 1407 1694 1475; x_wconf 82' lang='grc' dir='ltr'>τῆς</span> <span class='ocrx_word' id='word_1_103' title='bbox 1727 1423 1812 1458; x_wconf 74' lang='grc' dir='ltr'>κυο</span> 
     </span>
    </p>
   </div>
   <div class='ocr_carea' id='block_1_16' title="bbox 250 1492 1825 1567">
    <p class='ocr_par' dir='ltr' id='par_1_16' title="bbox 250 1492 1825 1567">
     <span class='ocr_line' id='line_1_16' title="bbox 250 1492 1825 1567; baseline 0.003 -24"><span class='ocrx_word' id='word_1_104' title='bbox 250 1494 500 1561; x_wconf 50' lang='grc' dir='ltr'>βιοτητος</span> <span class='ocrx_word' id='word_1_105' title='bbox 548 1492 881 1561; x_wconf 75' lang='grc' dir='ltr'>ἁρπάζοντος</span> <span class='ocrx_word' id='word_1_106' title='bbox 916 1493 1091 1556; x_wconf 68' lang='grc' dir='ltr'>δόξαν.</span> <span class='ocrx_word' id='word_1_107' title='bbox 1151 1495 1349 1566; x_wconf 82' lang='grc' dir='ltr'>Κύριος</span> <span class='ocrx_word' id='word_1_108' title='bbox 1398 1495 1454 1547; x_wconf 82' lang='grc' dir='ltr'><strong>δὲ</strong></span> <span class='ocrx_word' id='word_1_109' title='bbox 1500 1498 1593 1548; x_wconf 70' lang='grc' dir='ltr'>καὶ</span> <span class='ocrx_word' id='word_1_110' title='bbox 1626 1499 1825 1567; x_wconf 81' lang='grc' dir='ltr'>ἑτέρως</span> 
     </span>
    </p>
   </div>
   <div class='ocr_carea' id='block_1_17' title="bbox 247 1579 1820 1656">
    <p class='ocr_par' dir='ltr' id='par_1_17' title="bbox 247 1579 1820 1656">
     <span class='ocr_line' id='line_1_17' title="bbox 247 1579 1820 1656; baseline 0.003 -21"><span class='ocrx_word' id='word_1_111' title='bbox 247 1579 325 1646; x_wconf 67' lang='grc' dir='ltr'>εἷς</span> <span class='ocrx_word' id='word_1_112' title='bbox 368 1583 791 1653; x_wconf 79' lang='grc' dir='ltr'>ἐσταιΧριστὺς,</span> <span class='ocrx_word' id='word_1_113' title='bbox 838 1584 1220 1656; x_wconf 84' lang='grc' dir='ltr'>άπρακτούσης</span> <span class='ocrx_word' id='word_1_114' title='bbox 1256 1587 1352 1654; x_wconf 81' lang='grc' dir='ltr'><strong>μὲν</strong></span> <span class='ocrx_word' id='word_1_115' title='bbox 1377 1588 1552 1656; x_wconf 84' lang='grc' dir='ltr'>πάσης</span> <span class='ocrx_word' id='word_1_116' title='bbox 1580 1589 1820 1655; x_wconf 81' lang='grc' dir='ltr'>ἐπιγείου</span> 
     </span>
    </p>
   </div>
   <div class='ocr_carea' id='block_1_18' title="bbox 248 1673 1822 1745">
    <p class='ocr_par' dir='ltr' id='par_1_18' title="bbox 248 1673 1822 1745">
     <span class='ocr_line' id='line_1_18' title="bbox 248 1673 1822 1745; baseline 0.003 -18"><span class='ocrx_word' id='word_1_117' title='bbox 248 1675 545 1744; x_wconf 65' lang='grc' dir='ltr'>βασιλείας,</span> <span class='ocrx_word' id='word_1_118' title='bbox 574 1676 666 1725; x_wconf 78' lang='grc' dir='ltr'><strong>καὶ</strong></span> <span class='ocrx_word' id='word_1_119' title='bbox 720 1673 866 1743; x_wconf 67' lang='grc' dir='ltr'>αὐτῷ</span> <span class='ocrx_word' id='word_1_120' title='bbox 916 1674 978 1743; x_wconf 81' lang='grc' dir='ltr'><strong>δὴ</strong></span> <span class='ocrx_word' id='word_1_121' title='bbox 1029 1675 1121 1726; x_wconf 72' lang='grc' dir='ltr'>καὶ</span> <span class='ocrx_word' id='word_1_122' title='bbox 1177 1676 1323 1745; x_wconf 80' lang='grc' dir='ltr'>μόνῳ</span> <span class='ocrx_word' id='word_1_123' title='bbox 1351 1679 1410 1728; x_wconf 72' lang='grc' dir='ltr'><strong>τὸ</strong></span> <span class='ocrx_word' id='word_1_124' title='bbox 1442 1680 1580 1731; x_wconf 74' lang='grc' dir='ltr'>κατά</span> <span class='ocrx_word' id='word_1_125' title='bbox 1606 1680 1822 1733; x_wconf 82' lang='grc' dir='ltr'>πάντων</span> 
     </span>
    </p>
   </div>
   <div class='ocr_carea' id='block_1_19' title="bbox 245 1765 1820 1840">
    <p class='ocr_par' dir='ltr' id='par_1_19' title="bbox 245 1765 1820 1840">
     <span class='ocr_line' id='line_1_19' title="bbox 245 1765 1820 1840; baseline 0.004 -22"><span class='ocrx_word' id='word_1_126' title='bbox 245 1767 448 1836; x_wconf 81' lang='grc' dir='ltr'>κράτος</span> <span class='ocrx_word' id='word_1_127' title='bbox 496 1765 838 1835; x_wconf 83' lang='grc' dir='ltr'>ἀνατιθείσης</span> <span class='ocrx_word' id='word_1_128' title='bbox 904 1766 1001 1834; x_wconf 75' lang='grc' dir='ltr'>τῆς</span> <span class='ocrx_word' id='word_1_129' title='bbox 1061 1769 1150 1819; x_wconf 82' lang='grc' dir='ltr'>ὑπ’</span> <span class='ocrx_word' id='word_1_130' title='bbox 1182 1769 1425 1837; x_wconf 71' lang='grc' dir='ltr'>οὐρανόν.</span> <span class='ocrx_word' id='word_1_131' title='bbox 1482 1771 1624 1840; x_wconf 73' lang='grc' dir='ltr'>Ἔφη</span> <span class='ocrx_word' id='word_1_132' title='bbox 1680 1773 1735 1823; x_wconf 87' lang='grc' dir='ltr'>δέ</span> <span class='ocrx_word' id='word_1_133' title='bbox 1769 1790 1820 1824; x_wconf 90' lang='grc' dir='ltr'><strong>τι</strong></span> 
     </span>
    </p>
   </div>
   <div class='ocr_carea' id='block_1_20' title="bbox 1937 589 3506 661">
    <p class='ocr_par' dir='ltr' id='par_1_20' title="bbox 1937 589 3506 661">
     <span class='ocr_line' id='line_1_20' title="bbox 1937 589 3506 661; baseline 0.007 -22"><span class='ocrx_word' id='word_1_134' title='bbox 1937 597 2110 650; x_wconf 88' lang='lat' dir='ltr'><strong>erant,</strong></span> <span class='ocrx_word' id='word_1_135' title='bbox 2141 599 2194 640; x_wconf 93' lang='lat' dir='ltr'><strong>ut</strong></span> <span class='ocrx_word' id='word_1_136' title='bbox 2215 601 2397 642; x_wconf 82' lang='lat' dir='ltr'><strong>essent</strong></span> <span class='ocrx_word' id='word_1_137' title='bbox 2424 589 2619 643; x_wconf 70' lang='lat' dir='ltr'><strong>eﬂ‘ecit.</strong></span> <span class='ocrx_word' id='word_1_138' title='bbox 2650 593 2748 645; x_wconf 86' lang='lat' dir='ltr'><strong>Ast</strong></span> <span class='ocrx_word' id='word_1_139' title='bbox 2777 593 2862 645; x_wconf 90' lang='lat' dir='ltr'><strong>ubi</strong></span> <span class='ocrx_word' id='word_1_140' title='bbox 2897 597 3099 661; x_wconf 89' lang='lat' dir='ltr'><strong>peccati</strong></span> <span class='ocrx_word' id='word_1_141' title='bbox 3132 597 3381 651; x_wconf 76' lang='lat' dir='ltr'><strong>inventor</strong></span> <span class='ocrx_word' id='word_1_142' title='bbox 3406 598 3506 652; x_wconf 82' lang='lat' dir='ltr'><strong>Sa-</strong></span> 
     </span>
    </p>
   </div>
   <div class='ocr_carea' id='block_1_21' title="bbox 1939 678 3505 753">
    <p class='ocr_par' dir='ltr' id='par_1_21' title="bbox 1939 678 3505 753">
     <span class='ocr_line' id='line_1_21' title="bbox 1939 678 3505 753; baseline 0.009 -25"><span class='ocrx_word' id='word_1_143' title='bbox 1939 685 2093 730; x_wconf 86' lang='lat' dir='ltr'><strong>tanas</strong></span> <span class='ocrx_word' id='word_1_144' title='bbox 2125 678 2383 731; x_wconf 90' lang='lat' dir='ltr'><strong>mundum</strong></span> <span class='ocrx_word' id='word_1_145' title='bbox 2408 683 2640 744; x_wconf 78' lang='lat' dir='ltr'><strong>seduxit,</strong></span> <span class='ocrx_word' id='word_1_146' title='bbox 2684 684 2748 734; x_wconf 91' lang='lat' dir='ltr'><strong>ad</strong></span> <span class='ocrx_word' id='word_1_147' title='bbox 2773 683 2964 736; x_wconf 78' lang='lat' dir='ltr'><strong>falsum</strong></span> <span class='ocrx_word' id='word_1_148' title='bbox 2989 695 3041 737; x_wconf 89' lang='lat' dir='ltr'><strong>et</strong></span> <span class='ocrx_word' id='word_1_149' title='bbox 3069 687 3338 753; x_wconf 88' lang='lat' dir='ltr'><strong>impurum</strong></span> <span class='ocrx_word' id='word_1_150' title='bbox 3389 691 3505 742; x_wconf 87' lang='lat' dir='ltr'><strong>cnl-</strong></span> 
     </span>
    </p>
   </div>
   <div class='ocr_carea' id='block_1_22' title="bbox 1936 769 3504 833">
    <p class='ocr_par' dir='ltr' id='par_1_22' title="bbox 1936 769 3504 833">
     <span class='ocr_line' id='line_1_22' title="bbox 1936 769 3504 833; baseline 0.007 -13"><span class='ocrx_word' id='word_1_151' title='bbox 1936 778 2045 820; x_wconf 84' lang='lat' dir='ltr'><strong>tum</strong></span> <span class='ocrx_word' id='word_1_152' title='bbox 2071 769 2307 823; x_wconf 74' lang='lat' dir='ltr'><strong>infelices</strong></span> <span class='ocrx_word' id='word_1_153' title='bbox 2332 772 2568 833; x_wconf 89' lang='lat' dir='ltr'><strong>deducti,</strong></span> <span class='ocrx_word' id='word_1_154' title='bbox 2601 777 2950 827; x_wconf 87' lang='lat' dir='ltr'><strong>manehamus</strong></span> <span class='ocrx_word' id='word_1_155' title='bbox 2982 776 3031 828; x_wconf 94' lang='lat' dir='ltr'><strong>in</strong></span> <span class='ocrx_word' id='word_1_156' title='bbox 3066 778 3262 829; x_wconf 89' lang='lat' dir='ltr'><strong>mundo</strong></span> <span class='ocrx_word' id='word_1_157' title='bbox 3295 779 3422 830; x_wconf 61' lang='grc' dir='ltr'>ραι(τὶ</span> <span class='ocrx_word' id='word_1_158' title='bbox 3451 792 3504 831; x_wconf 87' lang='lat' dir='ltr'><strong>et</strong></span> 
     </span>
    </p>
   </div>
   <div class='ocr_carea' id='block_1_23' title="bbox 1936 861 3498 932">
    <p class='ocr_par' dir='ltr' id='par_1_23' title="bbox 1936 861 3498 932">
     <span class='ocr_line' id='line_1_23' title="bbox 1936 861 3498 932; baseline 0.005 -20"><span class='ocrx_word' id='word_1_159' title='bbox 1936 861 2088 926; x_wconf 81' lang='lat' dir='ltr'><strong>fatui,</strong></span> <span class='ocrx_word' id='word_1_160' title='bbox 2118 863 2365 918; x_wconf 89' lang='lat' dir='ltr'><strong>dominos</strong></span> <span class='ocrx_word' id='word_1_161' title='bbox 2396 866 2734 919; x_wconf 78' lang='lat' dir='ltr'><strong>nominantes</strong></span> <span class='ocrx_word' id='word_1_162' title='bbox 2777 869 3114 932; x_wconf 59' lang='lat' dir='ltr'><strong>seductores,</strong></span> <span class='ocrx_word' id='word_1_163' title='bbox 3163 879 3216 921; x_wconf 90' lang='lat' dir='ltr'><strong>et</strong></span> <span class='ocrx_word' id='word_1_164' title='bbox 3249 869 3498 920; x_wconf 76' lang='lat' dir='ltr'><strong>divinita-</strong></span> 
     </span>
    </p>
   </div>
   <div class='ocr_carea' id='block_1_24' title="bbox 1936 954 3501 1013">
    <p class='ocr_par' dir='ltr' id='par_1_24' title="bbox 1936 954 3501 1013">
     <span class='ocr_line' id='line_1_24' title="bbox 1936 954 3501 1013; baseline 0.006 -9"><span class='ocrx_word' id='word_1_165' title='bbox 1936 954 2003 1006; x_wconf 92' lang='lat' dir='ltr'><strong>tis</strong></span> <span class='ocrx_word' id='word_1_166' title='bbox 2039 969 2230 1008; x_wconf 85' lang='lat' dir='ltr'><strong>nomen</strong></span> <span class='ocrx_word' id='word_1_167' title='bbox 2287 956 2577 1010; x_wconf 83' lang='lat' dir='ltr'><strong>immundis</strong></span> <span class='ocrx_word' id='word_1_168' title='bbox 2610 959 2940 1012; x_wconf 68' lang='lat' dir='ltr'><strong>dmmonibus</strong></span> <span class='ocrx_word' id='word_1_169' title='bbox 2997 961 3157 1012; x_wconf 83' lang='lat' dir='ltr'><strong>stulte</strong></span> <span class='ocrx_word' id='word_1_170' title='bbox 3202 959 3501 1013; x_wconf 87' lang='lat' dir='ltr'><strong>attribuen—</strong></span> 
     </span>
    </p>
   </div>
   <div class='ocr_carea' id='block_1_25' title="bbox 1934 1045 3499 1116">
    <p class='ocr_par' dir='ltr' id='par_1_25' title="bbox 1934 1045 3499 1116">
     <span class='ocr_line' id='line_1_25' title="bbox 1934 1045 3499 1116; baseline 0.004 -20"><span class='ocrx_word' id='word_1_171' title='bbox 1934 1052 2032 1096; x_wconf 89' lang='lat' dir='ltr'><strong>tes.</strong></span> <span class='ocrx_word' id='word_1_172' title='bbox 2063 1045 2324 1098; x_wconf 67' lang='lat' dir='ltr'><strong>Caeterum</strong></span> <span class='ocrx_word' id='word_1_173' title='bbox 2371 1049 2460 1100; x_wconf 91' lang='lat' dir='ltr'><strong>ubi</strong></span> <span class='ocrx_word' id='word_1_174' title='bbox 2493 1050 2832 1112; x_wconf 67' lang='lat' dir='ltr'><strong>praeterierit,</strong></span> <span class='ocrx_word' id='word_1_175' title='bbox 2859 1060 2912 1103; x_wconf 89' lang='lat' dir='ltr'><strong>et</strong></span> <span class='ocrx_word' id='word_1_176' title='bbox 2949 1049 3060 1116; x_wconf 87' lang='lat' dir='ltr'><strong>jam</strong></span> <span class='ocrx_word' id='word_1_177' title='bbox 3097 1051 3161 1101; x_wconf 90' lang='lat' dir='ltr'><strong>ad</strong></span> <span class='ocrx_word' id='word_1_178' title='bbox 3209 1053 3368 1101; x_wconf 84' lang='lat' dir='ltr'><strong>linem</strong></span> <span class='ocrx_word' id='word_1_179' title='bbox 3403 1052 3499 1102; x_wconf 83' lang='lat' dir='ltr'><strong>de-</strong></span> 
     </span>
    </p>
   </div>
   <div class='ocr_carea' id='block_1_26' title="bbox 1933 1133 3499 1202">
    <p class='ocr_par' dir='ltr' id='par_1_26' title="bbox 1933 1133 3499 1202">
     <span class='ocr_line' id='line_1_26' title="bbox 1933 1133 3499 1202; baseline 0.008 -21"><span class='ocrx_word' id='word_1_180' title='bbox 1933 1133 2144 1184; x_wconf 70' lang='lat' dir='ltr'><strong>venerit</strong></span> <span class='ocrx_word' id='word_1_181' title='bbox 2171 1134 2422 1186; x_wconf 66' lang='lat' dir='ltr'><strong>smculum</strong></span> <span class='ocrx_word' id='word_1_182' title='bbox 2444 1151 2698 1202; x_wconf 67' lang='lat' dir='ltr'><strong>pracsrns,</strong></span> <span class='ocrx_word' id='word_1_183' title='bbox 2724 1147 2868 1200; x_wconf 87' lang='lat' dir='ltr'><strong>tunc,</strong></span> <span class='ocrx_word' id='word_1_184' title='bbox 2899 1148 3021 1191; x_wconf 89' lang='lat' dir='ltr'><strong>tunc</strong></span> <span class='ocrx_word' id='word_1_185' title='bbox 3053 1142 3197 1192; x_wconf 89' lang='lat' dir='ltr'><strong>omni</strong></span> <span class='ocrx_word' id='word_1_186' title='bbox 3231 1142 3499 1194; x_wconf 80' lang='lat' dir='ltr'><strong>dementia</strong></span> 
     </span>
    </p>
   </div>
   <div class='ocr_carea' id='block_1_27' title="bbox 1932 1224 3497 1301">
    <p class='ocr_par' dir='ltr' id='par_1_27' title="bbox 1932 1224 3497 1301">
     <span class='ocr_line' id='line_1_27' title="bbox 1932 1224 3497 1301; baseline 0.008 -27"><span class='ocrx_word' id='word_1_187' title='bbox 1932 1237 1958 1274; x_wconf 89' lang='lat' dir='ltr'><strong>a</strong></span> <span class='ocrx_word' id='word_1_188' title='bbox 1997 1224 2151 1276; x_wconf 88' lang='lat' dir='ltr'><strong>nobis</strong></span> <span class='ocrx_word' id='word_1_189' title='bbox 2181 1224 2358 1277; x_wconf 88' lang='lat' dir='ltr'><strong>ablata</strong></span> <span class='ocrx_word' id='word_1_190' title='bbox 2413 1236 2468 1279; x_wconf 86' lang='lat' dir='ltr'><strong>et</strong></span> <span class='ocrx_word' id='word_1_191' title='bbox 2515 1228 2748 1284; x_wconf 74' lang='lat' dir='ltr'><strong>inimicis</strong></span> <span class='ocrx_word' id='word_1_192' title='bbox 2789 1231 2886 1283; x_wconf 92' lang='lat' dir='ltr'><strong>sub</strong></span> <span class='ocrx_word' id='word_1_193' title='bbox 2907 1232 3066 1297; x_wconf 86' lang='lat' dir='ltr'><strong>pedes</strong></span> <span class='ocrx_word' id='word_1_194' title='bbox 3117 1232 3318 1285; x_wconf 88' lang='lat' dir='ltr'><strong>Christi</strong></span> <span class='ocrx_word' id='word_1_195' title='bbox 3371 1249 3497 1301; x_wconf 85' lang='lat' dir='ltr'><strong>pro-</strong></span> 
     </span>
    </p>
   </div>
   <div class='ocr_carea' id='block_1_28' title="bbox 1929 1313 3493 1387">
    <p class='ocr_par' dir='ltr' id='par_1_28' title="bbox 1929 1313 3493 1387">
     <span class='ocr_line' id='line_1_28' title="bbox 1929 1313 3493 1387; baseline 0.006 -23"><span class='ocrx_word' id='word_1_196' title='bbox 1929 1313 2134 1376; x_wconf 89' lang='lat' dir='ltr'><strong>stratis,</strong></span> <span class='ocrx_word' id='word_1_197' title='bbox 2172 1313 2426 1368; x_wconf 83' lang='lat' dir='ltr'><strong>Dominus</strong></span> <span class='ocrx_word' id='word_1_198' title='bbox 2460 1331 2596 1368; x_wconf 86' lang='lat' dir='ltr'><strong>unus</strong></span> <span class='ocrx_word' id='word_1_199' title='bbox 2625 1316 2879 1384; x_wconf 76' lang='lat' dir='ltr'><strong>deinceps</strong></span> <span class='ocrx_word' id='word_1_200' title='bbox 2925 1320 3026 1369; x_wconf 88' lang='lat' dir='ltr'><strong>erit</strong></span> <span class='ocrx_word' id='word_1_201' title='bbox 3080 1334 3242 1387; x_wconf 85' lang='lat' dir='ltr'><strong>super</strong></span> <span class='ocrx_word' id='word_1_202' title='bbox 3279 1337 3493 1374; x_wconf 89' lang='lat' dir='ltr'><strong>omnem</strong></span> 
     </span>
    </p>
   </div>
   <div class='ocr_carea' id='block_1_29' title="bbox 1931 1406 3490 1474">
    <p class='ocr_par' dir='ltr' id='par_1_29' title="bbox 1931 1406 3490 1474">
     <span class='ocr_line' id='line_1_29' title="bbox 1931 1406 3490 1474; baseline 0.007 -21"><span class='ocrx_word' id='word_1_203' title='bbox 1931 1412 2150 1467; x_wconf 90' lang='lat' dir='ltr'><strong>terram,</strong></span> <span class='ocrx_word' id='word_1_204' title='bbox 2179 1406 2501 1456; x_wconf 91' lang='lat' dir='ltr'><strong>dominicam</strong></span> <span class='ocrx_word' id='word_1_205' title='bbox 2537 1407 2764 1474; x_wconf 82' lang='lat' dir='ltr'><strong>gloriam</strong></span> <span class='ocrx_word' id='word_1_206' title='bbox 2802 1408 3014 1461; x_wconf 88' lang='lat' dir='ltr'><strong>nemine</strong></span> <span class='ocrx_word' id='word_1_207' title='bbox 3061 1409 3135 1461; x_wconf 92' lang='lat' dir='ltr'><strong>illi</strong></span> <span class='ocrx_word' id='word_1_208' title='bbox 3191 1411 3490 1464; x_wconf 78' lang='lat' dir='ltr'><strong>auferente.</strong></span> 
     </span>
    </p>
   </div>
   <div class='ocr_carea' id='block_1_30' title="bbox 1926 1492 3492 1566">
    <p class='ocr_par' dir='ltr' id='par_1_30' title="bbox 1926 1492 3492 1566">
     <span class='ocr_line' id='line_1_30' title="bbox 1926 1492 3492 1566; baseline 0.007 -23"><span class='ocrx_word' id='word_1_209' title='bbox 1926 1492 2044 1544; x_wconf 83' lang='lat' dir='ltr'><strong>Alia</strong></span> <span class='ocrx_word' id='word_1_210' title='bbox 2095 1509 2307 1561; x_wconf 80' lang='lat' dir='ltr'><strong>quoque</strong></span> <span class='ocrx_word' id='word_1_211' title='bbox 2333 1497 2543 1549; x_wconf 75' lang='lat' dir='ltr'><strong>ratione</strong></span> <span class='ocrx_word' id='word_1_212' title='bbox 2597 1497 2845 1550; x_wconf 77' lang='lat' dir='ltr'><strong>Christus</strong></span> <span class='ocrx_word' id='word_1_213' title='bbox 2880 1499 2983 1550; x_wconf 89' lang='lat' dir='ltr'><strong>erit</strong></span> <span class='ocrx_word' id='word_1_214' title='bbox 3029 1516 3167 1551; x_wconf 90' lang='lat' dir='ltr'><strong>ttnus</strong></span> <span class='ocrx_word' id='word_1_215' title='bbox 3215 1502 3492 1566; x_wconf 83' lang='lat' dir='ltr'><strong>Dominus,</strong></span> 
     </span>
    </p>
   </div>
   <div class='ocr_carea' id='block_1_31' title="bbox 1927 1586 3491 1656">
    <p class='ocr_par' dir='ltr' id='par_1_31' title="bbox 1927 1586 3491 1656">
     <span class='ocr_line' id='line_1_31' title="bbox 1927 1586 3491 1656; baseline 0.007 -20"><span class='ocrx_word' id='word_1_216' title='bbox 1927 1595 2170 1638; x_wconf 78' lang='lat' dir='ltr'><strong>cessante</strong></span> <span class='ocrx_word' id='word_1_217' title='bbox 2198 1586 2341 1638; x_wconf 87' lang='lat' dir='ltr'><strong>omni</strong></span> <span class='ocrx_word' id='word_1_218' title='bbox 2381 1603 2564 1656; x_wconf 80' lang='lat' dir='ltr'><strong>regno,</strong></span> <span class='ocrx_word' id='word_1_219' title='bbox 2600 1598 2816 1643; x_wconf 89' lang='lat' dir='ltr'><strong>terreno</strong></span> <span class='ocrx_word' id='word_1_220' title='bbox 2841 1592 3066 1654; x_wconf 78' lang='lat' dir='ltr'><strong>scilicet,</strong></span> <span class='ocrx_word' id='word_1_221' title='bbox 3099 1601 3149 1645; x_wconf 87' lang='lat' dir='ltr'><strong>et</strong></span> <span class='ocrx_word' id='word_1_222' title='bbox 3172 1593 3241 1645; x_wconf 92' lang='lat' dir='ltr'><strong>illi</strong></span> <span class='ocrx_word' id='word_1_223' title='bbox 3271 1595 3366 1647; x_wconf 91' lang='lat' dir='ltr'><strong>soli</strong></span> <span class='ocrx_word' id='word_1_224' title='bbox 3394 1599 3491 1647; x_wconf 87' lang='lat' dir='ltr'><strong>im-</strong></span> 
     </span>
    </p>
   </div>
   <div class='ocr_carea' id='block_1_32' title="bbox 1925 1675 3491 1752">
    <p class='ocr_par' dir='ltr' id='par_1_32' title="bbox 1925 1675 3491 1752">
     <span class='ocr_line' id='line_1_32' title="bbox 1925 1675 3491 1752; baseline 0.008 -26"><span class='ocrx_word' id='word_1_225' title='bbox 1925 1675 2074 1742; x_wconf 81' lang='lat' dir='ltr'><strong>perio</strong></span> <span class='ocrx_word' id='word_1_226' title='bbox 2109 1677 2274 1729; x_wconf 87' lang='lat' dir='ltr'><strong>totius</strong></span> <span class='ocrx_word' id='word_1_227' title='bbox 2320 1681 2502 1731; x_wconf 86' lang='lat' dir='ltr'><strong>mundi</strong></span> <span class='ocrx_word' id='word_1_228' title='bbox 2545 1692 2879 1735; x_wconf 76' lang='lat' dir='ltr'><strong>cornsecrato.</strong></span> <span class='ocrx_word' id='word_1_229' title='bbox 2939 1683 3068 1737; x_wconf 88' lang='lat' dir='ltr'><strong>Tale</strong></span> <span class='ocrx_word' id='word_1_230' title='bbox 3112 1686 3236 1752; x_wconf 89' lang='lat' dir='ltr'><strong>quid</strong></span> <span class='ocrx_word' id='word_1_231' title='bbox 3288 1686 3491 1739; x_wconf 83' lang='lat' dir='ltr'><strong>dictum</strong></span> 
     </span>
    </p>
   </div>
   <div class='ocr_carea' id='block_1_33' title="bbox 1928 1769 3490 1834">
    <p class='ocr_par' dir='ltr' id='par_1_33' title="bbox 1928 1769 3490 1834">
     <span class='ocr_line' id='line_1_33' title="bbox 1928 1769 3490 1834; baseline 0.01 -18"><span class='ocrx_word' id='word_1_232' title='bbox 1928 1775 2106 1818; x_wconf 75' lang='lat' dir='ltr'><strong>exstat</strong></span> <span class='ocrx_word' id='word_1_233' title='bbox 2137 1782 2164 1818; x_wconf 91' lang='lat' dir='ltr'><strong>a</strong></span> <span class='ocrx_word' id='word_1_234' title='bbox 2207 1769 2610 1834; x_wconf 79' lang='lat' dir='ltr'><strong>sapientissimo</strong></span> <span class='ocrx_word' id='word_1_235' title='bbox 2648 1772 2886 1828; x_wconf 89' lang='lat' dir='ltr'><strong>Daniele.</strong></span> <span class='ocrx_word' id='word_1_236' title='bbox 2920 1775 3194 1829; x_wconf 86' lang='lat' dir='ltr'><strong>Euarrans</strong></span> <span class='ocrx_word' id='word_1_237' title='bbox 3227 1780 3368 1829; x_wconf 86' lang='lat' dir='ltr'><strong>enim</strong></span> <span class='ocrx_word' id='word_1_238' title='bbox 3409 1779 3490 1830; x_wconf 84' lang='lat' dir='ltr'><strong>vi-</strong></span> 
     </span>
    </p>
   </div>
   <div class='ocr_carea' id='block_1_34' title="bbox 245 1856 1810 1934">
    <p class='ocr_par' dir='ltr' id='par_1_34' title="bbox 245 1857 1810 1934">
     <span class='ocr_line' id='line_1_34' title="bbox 245 1857 1810 1934; baseline 0.004 -26"><span class='ocrx_word' id='word_1_239' title='bbox 245 1858 483 1910; x_wconf 78' lang='grc' dir='ltr'>τοιοῦτον</span> <span class='ocrx_word' id='word_1_240' title='bbox 516 1859 608 1910; x_wconf 77' lang='grc' dir='ltr'><strong>καὶ</strong></span> <span class='ocrx_word' id='word_1_241' title='bbox 633 1860 660 1909; x_wconf 88' lang='grc' dir='ltr'>ὁ</span> <span class='ocrx_word' id='word_1_242' title='bbox 689 1857 992 1924; x_wconf 66' lang='grc' dir='ltr'>σοφώτατος</span> <span class='ocrx_word' id='word_1_243' title='bbox 1021 1860 1235 1929; x_wconf 70' lang='grc' dir='ltr'>Δανιὴλ.</span> <span class='ocrx_word' id='word_1_244' title='bbox 1282 1861 1684 1931; x_wconf 71' lang='grc' dir='ltr'>Ἀφηγούμενος</span> <span class='ocrx_word' id='word_1_245' title='bbox 1714 1862 1810 1934; x_wconf 71' lang='grc' dir='ltr'>γὰρ</span> 
     </span>
    </p>
   </div>
   <div class='ocr_carea' id='block_1_35' title="bbox 1916 1856 3491 1934">
    <p class='ocr_par' dir='ltr' id='par_1_35' title="bbox 1925 1856 3491 1934">
     <span class='ocr_line' id='line_1_35' title="bbox 1925 1856 3491 1934; baseline 0.01 -27"><span class='ocrx_word' id='word_1_246' title='bbox 1925 1856 2152 1920; x_wconf 82' lang='lat' dir='ltr'><strong>sionem,</strong></span> <span class='ocrx_word' id='word_1_247' title='bbox 2206 1859 2378 1926; x_wconf 85' lang='lat' dir='ltr'><strong>inquit</strong></span> <span class='ocrx_word' id='word_1_248' title='bbox 2415 1876 2428 1912; x_wconf 94' lang='lat'><strong>:</strong></span> <span class='ocrx_word' id='word_1_249' title='bbox 2471 1880 2488 1912; x_wconf 76' lang='grc' dir='ltr'><strong>ι</strong></span> <span class='ocrx_word' id='word_1_250' title='bbox 2524 1862 2983 1926; x_wconf 83' lang='lat' dir='ltr'><strong>Quemadmodum</strong></span> <span class='ocrx_word' id='word_1_251' title='bbox 3045 1867 3245 1930; x_wconf 72' lang='lat' dir='ltr'><strong>vidisti,</strong></span> <span class='ocrx_word' id='word_1_252' title='bbox 3287 1871 3491 1934; x_wconf 77' lang='lat' dir='ltr'><strong>rex,de</strong></span> 
     </span>
    </p>
   </div>
   <div class='ocr_carea' id='block_1_36' title="bbox 245 1949 1821 2022">
    <p class='ocr_par' dir='ltr' id='par_1_36' title="bbox 245 1949 1821 2022">
     <span class='ocr_line' id='line_1_36' title="bbox 245 1949 1821 2022; baseline 0.005 -24"><span class='ocrx_word' id='word_1_253' title='bbox 245 1949 366 2011; x_wconf 61' lang='grc' dir='ltr'>τεὺς</span> <span class='ocrx_word' id='word_1_254' title='bbox 389 1949 496 2000; x_wconf 83' lang='grc' dir='ltr'><strong>τῶν</strong></span> <span class='ocrx_word' id='word_1_255' title='bbox 523 1949 767 2019; x_wconf 85' lang='grc' dir='ltr'>ὁράσεων</span> <span class='ocrx_word' id='word_1_256' title='bbox 786 1950 1040 2019; x_wconf 67' lang='grc' dir='ltr'>τριὶπους,</span> <span class='ocrx_word' id='word_1_257' title='bbox 1067 1952 1248 2021; x_wconf 72' lang='grc' dir='ltr'>φησίνο</span> <span class='ocrx_word' id='word_1_258' title='bbox 1281 1971 1298 2003; x_wconf 74' lang='grc' dir='ltr'><strong>ι</strong></span> <span class='ocrx_word' id='word_1_259' title='bbox 1331 1954 1424 2004; x_wconf 85' lang='grc' dir='ltr'>Ὃν</span> <span class='ocrx_word' id='word_1_260' title='bbox 1455 1955 1652 2022; x_wconf 77' lang='grc' dir='ltr'>τρόπον</span> <span class='ocrx_word' id='word_1_261' title='bbox 1682 1950 1821 2018; x_wconf 70' lang='grc' dir='ltr'>εἶδες</span> 
     </span>
    </p>
   </div>
   <div class='ocr_carea' id='block_1_37' title="bbox 240 2041 1819 2114">
    <p class='ocr_par' dir='ltr' id='par_1_37' title="bbox 240 2041 1819 2114">
     <span class='ocr_line' id='line_1_37' title="bbox 240 2041 1819 2114; baseline 0.006 -26"><span class='ocrx_word' id='word_1_262' title='bbox 240 2043 320 2090; x_wconf 66' lang='grc' dir='ltr'><strong>ἔτι</strong></span> <span class='ocrx_word' id='word_1_263' title='bbox 345 2041 451 2092; x_wconf 76' lang='grc' dir='ltr'><strong>άπὸ</strong></span> <span class='ocrx_word' id='word_1_264' title='bbox 480 2041 635 2109; x_wconf 77' lang='grc' dir='ltr'>ὅρους</span> <span class='ocrx_word' id='word_1_265' title='bbox 654 2042 861 2111; x_wconf 78' lang='grc' dir='ltr'>ἐτμήθη</span> <span class='ocrx_word' id='word_1_266' title='bbox 889 2041 1035 2103; x_wconf 88' lang='grc' dir='ltr'>λίθος</span> <span class='ocrx_word' id='word_1_267' title='bbox 1060 2043 1185 2095; x_wconf 79' lang='grc' dir='ltr'>ἄνευ</span> <span class='ocrx_word' id='word_1_268' title='bbox 1223 2044 1425 2114; x_wconf 75' lang='grc' dir='ltr'>χειρὸς,</span> <span class='ocrx_word' id='word_1_269' title='bbox 1452 2045 1545 2096; x_wconf 73' lang='grc' dir='ltr'>καὶ</span> <span class='ocrx_word' id='word_1_270' title='bbox 1564 2045 1819 2097; x_wconf 82' lang='grc' dir='ltr'>ἐλέπτυνε</span> 
     </span>
    </p>
   </div>
   <div class='ocr_carea' id='block_1_38' title="bbox 239 2129 1816 2206">
    <p class='ocr_par' dir='ltr' id='par_1_38' title="bbox 239 2129 1816 2206">
     <span class='ocr_line' id='line_1_38' title="bbox 239 2129 1816 2206; baseline 0.004 -26"><span class='ocrx_word' id='word_1_271' title='bbox 239 2132 330 2182; x_wconf 77' lang='grc' dir='ltr'><strong>τον</strong></span> <span class='ocrx_word' id='word_1_272' title='bbox 361 2129 650 2200; x_wconf 69' lang='grc' dir='ltr'>ὄστρακον,</span> <span class='ocrx_word' id='word_1_273' title='bbox 683 2131 770 2182; x_wconf 81' lang='grc' dir='ltr'><strong>τὸν</strong></span> <span class='ocrx_word' id='word_1_274' title='bbox 800 2131 1034 2202; x_wconf 82' lang='grc' dir='ltr'>σίδηρον,</span> <span class='ocrx_word' id='word_1_275' title='bbox 1062 2133 1152 2186; x_wconf 73' lang='grc' dir='ltr'>τὸν</span> <span class='ocrx_word' id='word_1_276' title='bbox 1190 2134 1408 2202; x_wconf 84' lang='grc' dir='ltr'>χαλκὸν,</span> <span class='ocrx_word' id='word_1_277' title='bbox 1443 2136 1534 2187; x_wconf 85' lang='grc' dir='ltr'><strong>τὸν</strong></span> <span class='ocrx_word' id='word_1_278' title='bbox 1561 2135 1816 2206; x_wconf 84' lang='grc' dir='ltr'>ἄργυρον,</span> 
     </span>
    </p>
   </div>
   <div class='ocr_carea' id='block_1_39' title="bbox 234 2222 1814 2296">
    <p class='ocr_par' dir='ltr' id='par_1_39' title="bbox 234 2222 1814 2296">
     <span class='ocr_line' id='line_1_39' title="bbox 234 2222 1814 2296; baseline 0.003 -22"><span class='ocrx_word' id='word_1_279' title='bbox 234 2225 329 2274; x_wconf 63' lang='grc' dir='ltr'>τὸν</span> <span class='ocrx_word' id='word_1_280' title='bbox 357 2223 578 2292; x_wconf 77' lang='grc' dir='ltr'>χρυσόν.</span> <span class='ocrx_word' id='word_1_281' title='bbox 633 2223 691 2274; x_wconf 84' lang='lat'><strong>&#39;0</strong></span> <span class='ocrx_word' id='word_1_282' title='bbox 721 2222 850 2285; x_wconf 66' lang='grc' dir='ltr'>Θεὸς</span> <span class='ocrx_word' id='word_1_283' title='bbox 878 2223 905 2273; x_wconf 87' lang='grc' dir='ltr'>ὁ</span> <span class='ocrx_word' id='word_1_284' title='bbox 938 2225 1108 2292; x_wconf 80' lang='grc' dir='ltr'>μέγας</span> <span class='ocrx_word' id='word_1_285' title='bbox 1146 2226 1408 2296; x_wconf 78' lang='grc' dir='ltr'>ἐγνώρισε</span> <span class='ocrx_word' id='word_1_286' title='bbox 1448 2226 1525 2295; x_wconf 80' lang='grc' dir='ltr'><strong>τῷ</strong></span> <span class='ocrx_word' id='word_1_287' title='bbox 1576 2226 1814 2296; x_wconf 86' lang='grc' dir='ltr'>βασιλεῖ,</span> 
     </span>
    </p>
   </div>
   <div class='ocr_carea' id='block_1_40' title="bbox 235 2313 1812 2384">
    <p class='ocr_par' dir='ltr' id='par_1_40' title="bbox 235 2313 1812 2384">
     <span class='ocr_line' id='line_1_40' title="bbox 235 2313 1812 2384; baseline 0.001 -18"><span class='ocrx_word' id='word_1_288' title='bbox 235 2315 268 2365; x_wconf 76' lang='lat' dir='ltr'><strong>a</strong></span> <span class='ocrx_word' id='word_1_289' title='bbox 297 2314 379 2366; x_wconf 82' lang='grc' dir='ltr'><strong>δεῖ</strong></span> <span class='ocrx_word' id='word_1_290' title='bbox 403 2313 650 2380; x_wconf 82' lang='grc' dir='ltr'>γενέσθαι</span> <span class='ocrx_word' id='word_1_291' title='bbox 679 2315 815 2383; x_wconf 81' lang='grc' dir='ltr'>μετᾶ</span> <span class='ocrx_word' id='word_1_292' title='bbox 845 2314 1036 2377; x_wconf 75' lang='grc' dir='ltr'>ταῦτα,</span> <span class='ocrx_word' id='word_1_293' title='bbox 1067 2317 1160 2366; x_wconf 69' lang='grc' dir='ltr'><strong>καὶ</strong></span> <span class='ocrx_word' id='word_1_294' title='bbox 1183 2315 1432 2384; x_wconf 71' lang='grc' dir='ltr'>ἀληθινὸν</span> <span class='ocrx_word' id='word_1_295' title='bbox 1461 2317 1521 2369; x_wconf 82' lang='grc' dir='ltr'><strong>τὸ</strong></span> <span class='ocrx_word' id='word_1_296' title='bbox 1548 2317 1812 2376; x_wconf 79' lang='grc' dir='ltr'>ἐνύπνιον,</span> 
     </span>
    </p>
   </div>
   <div class='ocr_carea' id='block_1_41' title="bbox 236 2403 1816 2475">
    <p class='ocr_par' dir='ltr' id='par_1_41' title="bbox 236 2403 1816 2475">
     <span class='ocr_line' id='line_1_41' title="bbox 236 2403 1816 2475; baseline 0.003 -21"><span class='ocrx_word' id='word_1_297' title='bbox 236 2407 332 2454; x_wconf 68' lang='grc' dir='ltr'><strong>καὶ</strong></span> <span class='ocrx_word' id='word_1_298' title='bbox 372 2405 536 2472; x_wconf 80' lang='grc' dir='ltr'>πιστὴ</span> <span class='ocrx_word' id='word_1_299' title='bbox 569 2407 600 2472; x_wconf 84' lang='grc' dir='ltr'>ἡ</span> <span class='ocrx_word' id='word_1_300' title='bbox 631 2404 914 2475; x_wconf 76' lang='grc' dir='ltr'>σύγκρισις</span> <span class='ocrx_word' id='word_1_301' title='bbox 940 2405 1122 2458; x_wconf 74' lang='grc' dir='ltr'>αὑτοῦ.</span> <span class='ocrx_word' id='word_1_302' title='bbox 1147 2425 1165 2457; x_wconf 67' lang='grc' dir='ltr'><strong>ι</strong></span> <span class='ocrx_word' id='word_1_303' title='bbox 1202 2406 1408 2459; x_wconf 77' lang='grc' dir='ltr'>Ούκοῦν</span> <span class='ocrx_word' id='word_1_304' title='bbox 1441 2403 1519 2470; x_wconf 74' lang='grc' dir='ltr'>εἷς</span> <span class='ocrx_word' id='word_1_305' title='bbox 1543 2408 1692 2460; x_wconf 77' lang='grc' dir='ltr'>ἔσται</span> <span class='ocrx_word' id='word_1_306' title='bbox 1724 2409 1816 2461; x_wconf 76' lang='grc' dir='ltr'>καὶ</span> 
     </span>
    </p>
   </div>
   <div class='ocr_carea' id='block_1_42' title="bbox 237 2496 1815 2569">
    <p class='ocr_par' dir='ltr' id='par_1_42' title="bbox 237 2496 1815 2569">
     <span class='ocr_line' id='line_1_42' title="bbox 237 2496 1815 2569; baseline 0.004 -23"><span class='ocrx_word' id='word_1_307' title='bbox 237 2497 424 2562; x_wconf 71' lang='grc' dir='ltr'>μόνος,</span> <span class='ocrx_word' id='word_1_308' title='bbox 477 2496 570 2548; x_wconf 74' lang='grc' dir='ltr'><strong>καὶ</strong></span> <span class='ocrx_word' id='word_1_309' title='bbox 604 2496 882 2565; x_wconf 73' lang='grc' dir='ltr'>πληρώσει</span> <span class='ocrx_word' id='word_1_310' title='bbox 935 2497 1032 2565; x_wconf 81' lang='grc' dir='ltr'>τῆς</span> <span class='ocrx_word' id='word_1_311' title='bbox 1084 2497 1272 2550; x_wconf 81' lang='grc' dir='ltr'>ἑαυτοῦ</span> <span class='ocrx_word' id='word_1_312' title='bbox 1308 2498 1464 2568; x_wconf 71' lang='grc' dir='ltr'>δόξης</span> <span class='ocrx_word' id='word_1_313' title='bbox 1525 2500 1623 2569; x_wconf 83' lang='grc' dir='ltr'>τὴν</span> <span class='ocrx_word' id='word_1_314' title='bbox 1656 2499 1815 2566; x_wconf 87' lang='grc' dir='ltr'>ἁγίαν</span> 
     </span>
    </p>
   </div>
   <div class='ocr_carea' id='block_1_43' title="bbox 235 2586 1816 2660">
    <p class='ocr_par' dir='ltr' id='par_1_43' title="bbox 235 2586 1816 2660">
     <span class='ocr_line' id='line_1_43' title="bbox 235 2586 1816 2660; baseline 0.004 -25"><span class='ocrx_word' id='word_1_315' title='bbox 235 2587 413 2647; x_wconf 69' lang='grc' dir='ltr'>πὸλιν,</span> <span class='ocrx_word' id='word_1_316' title='bbox 444 2586 688 2638; x_wconf 73' lang='grc' dir='ltr'>τουτέστι</span> <span class='ocrx_word' id='word_1_317' title='bbox 745 2587 842 2654; x_wconf 81' lang='grc' dir='ltr'><strong>τὴν</strong></span> <span class='ocrx_word' id='word_1_318' title='bbox 874 2587 1066 2658; x_wconf 72' lang='grc' dir='ltr'>νοητὴν</span> <span class='ocrx_word' id='word_1_319' title='bbox 1114 2588 1482 2659; x_wconf 79' lang='grc' dir='ltr'>Ἰερουσαλὴμ,</span> <span class='ocrx_word' id='word_1_320' title='bbox 1517 2587 1586 2660; x_wconf 83' lang='grc' dir='ltr'>ἧς</span> <span class='ocrx_word' id='word_1_321' title='bbox 1635 2591 1693 2642; x_wconf 79' lang='grc' dir='ltr'>τὸ</span> <span class='ocrx_word' id='word_1_322' title='bbox 1728 2587 1816 2642; x_wconf 72' lang='grc' dir='ltr'><strong>εὖ·</strong></span> 
     </span>
    </p>
   </div>
   <div class='ocr_carea' id='block_1_44' title="bbox 236 2677 1812 2750">
    <p class='ocr_par' dir='ltr' id='par_1_44' title="bbox 236 2677 1812 2750">
     <span class='ocr_line' id='line_1_44' title="bbox 236 2677 1812 2750; baseline 0.001 -20"><span class='ocrx_word' id='word_1_323' title='bbox 236 2694 329 2748; x_wconf 80' lang='grc' dir='ltr'><strong>ρος</strong></span> <span class='ocrx_word' id='word_1_324' title='bbox 351 2678 444 2729; x_wconf 74' lang='grc' dir='ltr'>καὶ</span> <span class='ocrx_word' id='word_1_325' title='bbox 476 2677 646 2746; x_wconf 74' lang='grc' dir='ltr'>μῆκος</span> <span class='ocrx_word' id='word_1_326' title='bbox 673 2677 746 2740; x_wconf 81' lang='grc' dir='ltr'><strong>ὡς</strong></span> <span class='ocrx_word' id='word_1_327' title='bbox 776 2679 832 2729; x_wconf 80' lang='grc' dir='ltr'><strong>ἐν</strong></span> <span class='ocrx_word' id='word_1_328' title='bbox 856 2677 1008 2747; x_wconf 75' lang='grc' dir='ltr'>τύπῳ</span> <span class='ocrx_word' id='word_1_329' title='bbox 1042 2679 1202 2731; x_wconf 86' lang='grc' dir='ltr'>πάλιν</span> <span class='ocrx_word' id='word_1_330' title='bbox 1219 2683 1281 2749; x_wconf 83' lang='grc' dir='ltr'>τῇ</span> <span class='ocrx_word' id='word_1_331' title='bbox 1309 2681 1532 2750; x_wconf 82' lang='grc' dir='ltr'>ἐπιγείῳ</span> <span class='ocrx_word' id='word_1_332' title='bbox 1547 2681 1812 2734; x_wconf 85' lang='grc' dir='ltr'>δείκνυσιν</span> 
     </span>
    </p>
   </div>
   <div class='ocr_carea' id='block_1_45' title="bbox 245 2766 1814 2840">
    <p class='ocr_par' dir='ltr' id='par_1_45' title="bbox 245 2766 1814 2840">
     <span class='ocr_line' id='line_1_45' title="bbox 245 2766 1814 2840; baseline 0 -20"><span class='ocrx_word' id='word_1_333' title='bbox 245 2767 618 2838; x_wconf 74' lang='grc' dir='ltr'>Ἰερουσαλήμ.</span> <span class='ocrx_word' id='word_1_334' title='bbox 669 2766 920 2838; x_wconf 80' lang='grc' dir='ltr'>Ῥεμμὼν</span> <span class='ocrx_word' id='word_1_335' title='bbox 953 2769 1008 2820; x_wconf 77' lang='grc' dir='ltr'><strong>δὲ</strong></span> <span class='ocrx_word' id='word_1_336' title='bbox 1062 2769 1123 2838; x_wconf 79' lang='grc' dir='ltr'><strong>δὴ</strong></span> <span class='ocrx_word' id='word_1_337' title='bbox 1179 2771 1351 2840; x_wconf 84' lang='grc' dir='ltr'>πέτρα</span> <span class='ocrx_word' id='word_1_338' title='bbox 1389 2771 1472 2834; x_wconf 86' lang='grc' dir='ltr'><strong>τίς</strong></span> <span class='ocrx_word' id='word_1_339' title='bbox 1506 2773 1640 2832; x_wconf 82' lang='grc' dir='ltr'>ἐστι,</span> <span class='ocrx_word' id='word_1_340' title='bbox 1675 2771 1814 2825; x_wconf 77' lang='grc' dir='ltr'>κατὰ</span> 
     </span>
    </p>
   </div>
   <div class='ocr_carea' id='block_1_46' title="bbox 237 2857 1812 2932">
    <p class='ocr_par' dir='ltr' id='par_1_46' title="bbox 237 2857 1812 2932">
     <span class='ocr_line' id='line_1_46' title="bbox 237 2857 1812 2932; baseline 0.002 -21"><span class='ocrx_word' id='word_1_341' title='bbox 237 2859 332 2929; x_wconf 72' lang='grc' dir='ltr'><strong>τὴν</strong></span> <span class='ocrx_word' id='word_1_342' title='bbox 363 2859 544 2912; x_wconf 83' lang='grc' dir='ltr'>νοτίαν</span> <span class='ocrx_word' id='word_1_343' title='bbox 573 2859 793 2928; x_wconf 74' lang='grc' dir='ltr'>ἔρημον.</span> <span class='ocrx_word' id='word_1_344' title='bbox 847 2859 1050 2912; x_wconf 74' lang='grc' dir='ltr'>Οὐκοῦν</span> <span class='ocrx_word' id='word_1_345' title='bbox 1082 2861 1140 2912; x_wconf 71' lang='grc' dir='ltr'>τὸ</span> <span class='ocrx_word' id='word_1_346' title='bbox 1169 2862 1266 2929; x_wconf 86' lang='grc' dir='ltr'><strong>μὲν</strong></span> <span class='ocrx_word' id='word_1_347' title='bbox 1300 2857 1454 2930; x_wconf 75' lang='grc' dir='ltr'>εὖρος</span> <span class='ocrx_word' id='word_1_348' title='bbox 1476 2862 1576 2930; x_wconf 77' lang='grc' dir='ltr'>τῆς</span> <span class='ocrx_word' id='word_1_349' title='bbox 1617 2863 1812 2932; x_wconf 84' lang='grc' dir='ltr'>’ῐερου-</span> 
     </span>
    </p>
   </div>
   <div class='ocr_carea' id='block_1_47' title="bbox 236 2949 1812 3023">
    <p class='ocr_par' dir='ltr' id='par_1_47' title="bbox 236 2949 1812 3023">
     <span class='ocr_line' id='line_1_47' title="bbox 236 2949 1812 3023; baseline 0.003 -21"><span class='ocrx_word' id='word_1_350' title='bbox 236 2949 437 3020; x_wconf 73' lang='grc' dir='ltr'>σαλὴμ,</span> <span class='ocrx_word' id='word_1_351' title='bbox 469 2951 577 3002; x_wconf 74' lang='grc' dir='ltr'><strong>ἀπὸ</strong></span> <span class='ocrx_word' id='word_1_352' title='bbox 607 2950 754 3002; x_wconf 71' lang='grc' dir='ltr'><strong>Γαόά</strong></span> <span class='ocrx_word' id='word_1_353' title='bbox 775 2949 878 3013; x_wconf 76' lang='grc' dir='ltr'><strong>ἕως</strong></span> <span class='ocrx_word' id='word_1_354' title='bbox 921 2951 1193 3021; x_wconf 80' lang='grc' dir='ltr'>Ῥεμμων.</span> <span class='ocrx_word' id='word_1_355' title='bbox 1237 2954 1508 3023; x_wconf 78' lang='grc' dir='ltr'>Ὀρίζεται</span> <span class='ocrx_word' id='word_1_356' title='bbox 1538 2955 1594 3006; x_wconf 76' lang='grc' dir='ltr'>δὲ</span> <span class='ocrx_word' id='word_1_357' title='bbox 1637 2956 1728 3006; x_wconf 68' lang='grc' dir='ltr'><strong>καὶ</strong></span> <span class='ocrx_word' id='word_1_358' title='bbox 1753 2955 1812 3007; x_wconf 76' lang='grc' dir='ltr'><strong>τὸ</strong></span> 
     </span>
    </p>
   </div>
   <div class='ocr_carea' id='block_1_48' title="bbox 234 3039 1812 3114">
    <p class='ocr_par' dir='ltr' id='par_1_48' title="bbox 234 3039 1812 3114">
     <span class='ocr_line' id='line_1_48' title="bbox 234 3039 1812 3114; baseline 0.001 -20"><span class='ocrx_word' id='word_1_359' title='bbox 234 3041 409 3110; x_wconf 68' lang='grc' dir='ltr'>μῆκος</span> <span class='ocrx_word' id='word_1_360' title='bbox 436 3039 578 3092; x_wconf 70' lang='grc' dir='ltr'>οὕτω</span> <span class='ocrx_word' id='word_1_361' title='bbox 613 3039 804 3108; x_wconf 83' lang='grc' dir='ltr'>λέγων·</span> <span class='ocrx_word' id='word_1_362' title='bbox 859 3059 876 3092; x_wconf 77' lang='grc' dir='ltr'><strong>ι</strong></span> <span class='ocrx_word' id='word_1_363' title='bbox 923 3041 1051 3094; x_wconf 78' lang='grc' dir='ltr'><strong>’Λπὸ</strong></span> <span class='ocrx_word' id='word_1_364' title='bbox 1072 3043 1169 3113; x_wconf 82' lang='grc' dir='ltr'>τῆς</span> <span class='ocrx_word' id='word_1_365' title='bbox 1206 3043 1378 3112; x_wconf 80' lang='grc' dir='ltr'>πύλης</span> <span class='ocrx_word' id='word_1_366' title='bbox 1403 3045 1652 3114; x_wconf 68' lang='grc' dir='ltr'>Βενιαμὶν</span> <span class='ocrx_word' id='word_1_367' title='bbox 1708 3045 1812 3107; x_wconf 74' lang='grc' dir='ltr'>ἕως</span> 
     </span>
    </p>
   </div>
   <div class='ocr_carea' id='block_1_49' title="bbox 227 3131 1806 3202">
    <p class='ocr_par' dir='ltr' id='par_1_49' title="bbox 227 3131 1806 3202">
     <span class='ocr_line' id='line_1_49' title="bbox 227 3131 1806 3202; baseline 0.003 -19"><span class='ocrx_word' id='word_1_368' title='bbox 227 3132 332 3200; x_wconf 79' lang='grc' dir='ltr'>τῆς</span> <span class='ocrx_word' id='word_1_369' title='bbox 354 3131 527 3192; x_wconf 80' lang='grc' dir='ltr'>πύλης</span> <span class='ocrx_word' id='word_1_370' title='bbox 552 3133 650 3201; x_wconf 80' lang='grc' dir='ltr'>τῆς</span> <span class='ocrx_word' id='word_1_371' title='bbox 675 3132 895 3201; x_wconf 82' lang='grc' dir='ltr'>πρώτης</span> <span class='ocrx_word' id='word_1_372' title='bbox 924 3134 1026 3197; x_wconf 79' lang='grc' dir='ltr'>ἓως</span> <span class='ocrx_word' id='word_1_373' title='bbox 1060 3134 1165 3186; x_wconf 84' lang='grc' dir='ltr'>τῶν</span> <span class='ocrx_word' id='word_1_374' title='bbox 1218 3135 1401 3188; x_wconf 83' lang='grc' dir='ltr'>πυλῶν</span> <span class='ocrx_word' id='word_1_375' title='bbox 1435 3137 1541 3188; x_wconf 78' lang='grc' dir='ltr'><strong>τῶν</strong></span> <span class='ocrx_word' id='word_1_376' title='bbox 1563 3137 1772 3202; x_wconf 81' lang='grc' dir='ltr'>γωνιῶν</span> <span class='ocrx_word' id='word_1_377' title='bbox 1793 3179 1806 3200; x_wconf 94' lang='grc'><strong>,</strong></span> 
     </span>
    </p>
   </div>
   <div class='ocr_carea' id='block_1_50' title="bbox 1927 1946 3487 2023">
    <p class='ocr_par' dir='ltr' id='par_1_50' title="bbox 1927 1946 3487 2023">
     <span class='ocr_line' id='line_1_50' title="bbox 1927 1946 3487 2023; baseline 0.011 -29"><span class='ocrx_word' id='word_1_378' title='bbox 1927 1955 2105 1996; x_wconf 90' lang='lat' dir='ltr'><strong>monte</strong></span> <span class='ocrx_word' id='word_1_379' title='bbox 2145 1946 2440 1999; x_wconf 88' lang='lat' dir='ltr'><strong>abscissum</strong></span> <span class='ocrx_word' id='word_1_380' title='bbox 2479 1949 2705 2018; x_wconf 85' lang='lat' dir='ltr'><strong>lapidem</strong></span> <span class='ocrx_word' id='word_1_381' title='bbox 2743 1954 2858 2006; x_wconf 88' lang='lat' dir='ltr'><strong>sine</strong></span> <span class='ocrx_word' id='word_1_382' title='bbox 2903 1969 3082 2017; x_wconf 89' lang='lat' dir='ltr'><strong>manu,</strong></span> <span class='ocrx_word' id='word_1_383' title='bbox 3117 1966 3332 2023; x_wconf 84' lang='lat' dir='ltr'><strong>testam,</strong></span> <span class='ocrx_word' id='word_1_384' title='bbox 3379 1958 3487 2010; x_wconf 75' lang='lat' dir='ltr'><strong>fer-</strong></span> 
     </span>
    </p>
   </div>
   <div class='ocr_carea' id='block_1_51' title="bbox 1925 2047 3490 2107">
    <p class='ocr_par' dir='ltr' id='par_1_51' title="bbox 1925 2047 3490 2107">
     <span class='ocr_line' id='line_1_51' title="bbox 1925 2047 3490 2107; baseline 0.01 -19"><span class='ocrx_word' id='word_1_385' title='bbox 1925 2051 2062 2098; x_wconf 88' lang='lat' dir='ltr'><strong>rum,</strong></span> <span class='ocrx_word' id='word_1_386' title='bbox 2101 2051 2194 2099; x_wconf 73' lang='lat' dir='ltr'><strong>ms,</strong></span> <span class='ocrx_word' id='word_1_387' title='bbox 2245 2049 2523 2107; x_wconf 75' lang='lat' dir='ltr'><strong>argentum</strong></span> <span class='ocrx_word' id='word_1_388' title='bbox 2575 2049 2625 2093; x_wconf 82' lang='lat' dir='ltr'><strong>et</strong></span> <span class='ocrx_word' id='word_1_389' title='bbox 2676 2057 2864 2095; x_wconf 79' lang='lat' dir='ltr'><strong>altrum</strong></span> <span class='ocrx_word' id='word_1_390' title='bbox 2901 2047 3290 2100; x_wconf 82' lang='lat' dir='ltr'><strong>comminuere.</strong></span> <span class='ocrx_word' id='word_1_391' title='bbox 3351 2050 3490 2103; x_wconf 83' lang='lat' dir='ltr'><strong>Deus</strong></span> 
     </span>
    </p>
   </div>
   <div class='ocr_carea' id='block_1_52' title="bbox 1923 2129 3486 2208">
    <p class='ocr_par' dir='ltr' id='par_1_52' title="bbox 1923 2129 3486 2208">
     <span class='ocr_line' id='line_1_52' title="bbox 1923 2129 3486 2208; baseline 0.011 -30"><span class='ocrx_word' id='word_1_392' title='bbox 1923 2141 2147 2192; x_wconf 81' lang='lat' dir='ltr'><strong>magnus</strong></span> <span class='ocrx_word' id='word_1_393' title='bbox 2179 2138 2300 2181; x_wconf 89' lang='lat' dir='ltr'><strong>nota</strong></span> <span class='ocrx_word' id='word_1_394' title='bbox 2335 2129 2463 2182; x_wconf 79' lang='lat' dir='ltr'><strong>fecit</strong></span> <span class='ocrx_word' id='word_1_395' title='bbox 2500 2131 2610 2200; x_wconf 76' lang='lat' dir='ltr'><strong>regi</strong></span> <span class='ocrx_word' id='word_1_396' title='bbox 2667 2149 2783 2200; x_wconf 70' lang='lat' dir='ltr'><strong>qua:</strong></span> <span class='ocrx_word' id='word_1_397' title='bbox 2818 2146 3028 2202; x_wconf 87' lang='lat' dir='ltr'><strong>oportet</strong></span> <span class='ocrx_word' id='word_1_398' title='bbox 3064 2138 3176 2190; x_wconf 85' lang='lat' dir='ltr'><strong>lieri</strong></span> <span class='ocrx_word' id='word_1_399' title='bbox 3207 2150 3326 2206; x_wconf 67' lang='lat' dir='ltr'><strong>post</strong></span> <span class='ocrx_word' id='word_1_400' title='bbox 3351 2142 3486 2208; x_wconf 69' lang='lat' dir='ltr'><strong>haec,</strong></span> 
     </span>
    </p>
   </div>
   <div class='ocr_carea' id='block_1_53' title="bbox 1920 2221 3483 2298">
    <p class='ocr_par' dir='ltr' id='par_1_53' title="bbox 1920 2221 3483 2298">
     <span class='ocr_line' id='line_1_53' title="bbox 1920 2221 3483 2298; baseline 0.011 -29"><span class='ocrx_word' id='word_1_401' title='bbox 1920 2227 1972 2269; x_wconf 88' lang='lat' dir='ltr'><strong>et</strong></span> <span class='ocrx_word' id='word_1_402' title='bbox 2005 2233 2185 2271; x_wconf 81' lang='lat' dir='ltr'><strong>verum</strong></span> <span class='ocrx_word' id='word_1_403' title='bbox 2219 2221 2507 2283; x_wconf 87' lang='lat' dir='ltr'><strong>somnium,</strong></span> <span class='ocrx_word' id='word_1_404' title='bbox 2555 2232 2608 2276; x_wconf 91' lang='lat' dir='ltr'><strong>et</strong></span> <span class='ocrx_word' id='word_1_405' title='bbox 2644 2222 2819 2278; x_wconf 77' lang='lat' dir='ltr'><strong>fidelis</strong></span> <span class='ocrx_word' id='word_1_406' title='bbox 2848 2230 3157 2295; x_wconf 77' lang='lat' dir='ltr'><strong>conjectura</strong></span> <span class='ocrx_word' id='word_1_407' title='bbox 3210 2231 3328 2298; x_wconf 81' lang='lat' dir='ltr'><strong>ejus</strong></span> <span class='ocrx_word' id='word_1_408' title='bbox 3360 2232 3426 2286; x_wconf 90' lang='grc'><strong>⁷⁷.</strong></span> <span class='ocrx_word' id='word_1_409' title='bbox 3459 2249 3483 2285; x_wconf 74' lang='grc' dir='ltr'><strong>ι</strong></span> 
     </span>
    </p>
   </div>
   <div class='ocr_carea' id='block_1_54' title="bbox 1919 2306 3482 2387">
    <p class='ocr_par' dir='ltr' id='par_1_54' title="bbox 1919 2306 3482 2387">
     <span class='ocr_line' id='line_1_54' title="bbox 1919 2306 3482 2387; baseline 0.012 -28"><span class='ocrx_word' id='word_1_410' title='bbox 1919 2306 2102 2375; x_wconf 86' lang='lat' dir='ltr'><strong>Itaque</strong></span> <span class='ocrx_word' id='word_1_411' title='bbox 2127 2325 2264 2364; x_wconf 90' lang='lat' dir='ltr'><strong>unus</strong></span> <span class='ocrx_word' id='word_1_412' title='bbox 2307 2322 2362 2365; x_wconf 86' lang='lat' dir='ltr'><strong>et</strong></span> <span class='ocrx_word' id='word_1_413' title='bbox 2411 2313 2558 2368; x_wconf 87' lang='lat' dir='ltr'><strong>solus</strong></span> <span class='ocrx_word' id='word_1_414' title='bbox 2605 2316 2728 2380; x_wconf 88' lang='lat' dir='ltr'><strong>erit,</strong></span> <span class='ocrx_word' id='word_1_415' title='bbox 2768 2317 2858 2384; x_wconf 93' lang='lat' dir='ltr'><strong>qui</strong></span> <span class='ocrx_word' id='word_1_416' title='bbox 2909 2319 3075 2387; x_wconf 78' lang='lat' dir='ltr'><strong>gloria</strong></span> <span class='ocrx_word' id='word_1_417' title='bbox 3113 2337 3207 2374; x_wconf 90' lang='lat' dir='ltr'><strong>sua</strong></span> <span class='ocrx_word' id='word_1_418' title='bbox 3246 2335 3482 2378; x_wconf 80' lang='lat' dir='ltr'><strong>sanctam</strong></span> 
     </span>
    </p>
   </div>
   <div class='ocr_carea' id='block_1_55' title="bbox 1917 2399 3481 2479">
    <p class='ocr_par' dir='ltr' id='par_1_55' title="bbox 1917 2399 3481 2479">
     <span class='ocr_line' id='line_1_55' title="bbox 1917 2399 3481 2479; baseline 0.01 -27"><span class='ocrx_word' id='word_1_419' title='bbox 1917 2399 2193 2454; x_wconf 75' lang='lat' dir='ltr'><strong>civitatem</strong></span> <span class='ocrx_word' id='word_1_420' title='bbox 2221 2403 2480 2472; x_wconf 91' lang='lat' dir='ltr'><strong>implebit,</strong></span> <span class='ocrx_word' id='word_1_421' title='bbox 2531 2407 2630 2460; x_wconf 91' lang='lat' dir='ltr'><strong>hoc</strong></span> <span class='ocrx_word' id='word_1_422' title='bbox 2666 2417 2770 2473; x_wconf 86' lang='lat' dir='ltr'><strong>est,</strong></span> <span class='ocrx_word' id='word_1_423' title='bbox 2825 2410 3212 2479; x_wconf 81' lang='lat' dir='ltr'><strong>intelligibilcm</strong></span> <span class='ocrx_word' id='word_1_424' title='bbox 3260 2413 3481 2471; x_wconf 84' lang='lat' dir='ltr'><strong>Jerusa-</strong></span> 
     </span>
    </p>
   </div>
   <div class='ocr_carea' id='block_1_56' title="bbox 1915 2491 3484 2568">
    <p class='ocr_par' dir='ltr' id='par_1_56' title="bbox 1915 2491 3484 2568">
     <span class='ocr_line' id='line_1_56' title="bbox 1915 2491 3484 2568; baseline 0.011 -26"><span class='ocrx_word' id='word_1_425' title='bbox 1915 2491 2043 2556; x_wconf 90' lang='lat' dir='ltr'><strong>lem,</strong></span> <span class='ocrx_word' id='word_1_426' title='bbox 2082 2494 2234 2561; x_wconf 79' lang='lat' dir='ltr'><strong>eujus</strong></span> <span class='ocrx_word' id='word_1_427' title='bbox 2266 2495 2596 2550; x_wconf 82' lang='lat' dir='ltr'><strong>latitudinem</strong></span> <span class='ocrx_word' id='word_1_428' title='bbox 2625 2508 2680 2552; x_wconf 89' lang='lat' dir='ltr'><strong>et</strong></span> <span class='ocrx_word' id='word_1_429' title='bbox 2721 2499 3106 2568; x_wconf 74' lang='lat' dir='ltr'><strong>longitudinem</strong></span> <span class='ocrx_word' id='word_1_430' title='bbox 3164 2521 3376 2559; x_wconf 90' lang='lat' dir='ltr'><strong>rursum</strong></span> <span class='ocrx_word' id='word_1_431' title='bbox 3425 2519 3484 2560; x_wconf 83' lang='grc' dir='ltr'><strong>ιιι</strong></span> 
     </span>
    </p>
   </div>
   <div class='ocr_carea' id='block_1_57' title="bbox 1918 2579 3476 2654">
    <p class='ocr_par' dir='ltr' id='par_1_57' title="bbox 1918 2579 3476 2654">
     <span class='ocr_line' id='line_1_57' title="bbox 1918 2579 3476 2654; baseline 0.01 -21"><span class='ocrx_word' id='word_1_432' title='bbox 1918 2583 1968 2634; x_wconf 92' lang='lat' dir='ltr'><strong>in</strong></span> <span class='ocrx_word' id='word_1_433' title='bbox 2021 2595 2145 2654; x_wconf 87' lang='lat' dir='ltr'><strong>typo</strong></span> <span class='ocrx_word' id='word_1_434' title='bbox 2177 2601 2271 2654; x_wconf 90' lang='lat' dir='ltr'><strong>per</strong></span> <span class='ocrx_word' id='word_1_435' title='bbox 2319 2598 2630 2641; x_wconf 88' lang='lat' dir='ltr'><strong>terrestrem</strong></span> <span class='ocrx_word' id='word_1_436' title='bbox 2675 2589 2974 2645; x_wconf 77' lang='lat' dir='ltr'><strong>Jerusalem</strong></span> <span class='ocrx_word' id='word_1_437' title='bbox 3019 2579 3272 2648; x_wconf 72' lang='lat' dir='ltr'><strong>ostendit.</strong></span> <span class='ocrx_word' id='word_1_438' title='bbox 3313 2597 3476 2648; x_wconf 76' lang='lat' dir='ltr'><strong>Item-</strong></span> 
     </span>
    </p>
   </div>
   <div class='ocr_carea' id='block_1_58' title="bbox 1915 2682 3476 2748">
    <p class='ocr_par' dir='ltr' id='par_1_58' title="bbox 1915 2682 3476 2748">
     <span class='ocr_line' id='line_1_58' title="bbox 1915 2682 3476 2748; baseline 0.008 -22"><span class='ocrx_word' id='word_1_439' title='bbox 1915 2691 2043 2727; x_wconf 90' lang='lat' dir='ltr'><strong>-tnon</strong></span> <span class='ocrx_word' id='word_1_440' title='bbox 2077 2693 2238 2743; x_wconf 90' lang='lat' dir='ltr'><strong>porro</strong></span> <span class='ocrx_word' id='word_1_441' title='bbox 2271 2687 2421 2746; x_wconf 85' lang='lat' dir='ltr'><strong>petra</strong></span> <span class='ocrx_word' id='word_1_442' title='bbox 2456 2682 2698 2748; x_wconf 77' lang='lat' dir='ltr'><strong>qmcdam</strong></span> <span class='ocrx_word' id='word_1_443' title='bbox 2733 2692 2814 2735; x_wconf 88' lang='lat' dir='ltr'><strong>est</strong></span> <span class='ocrx_word' id='word_1_444' title='bbox 2843 2683 2894 2736; x_wconf 92' lang='lat' dir='ltr'><strong>in</strong></span> <span class='ocrx_word' id='word_1_445' title='bbox 2921 2685 3207 2738; x_wconf 88' lang='lat' dir='ltr'><strong>solitudine</strong></span> <span class='ocrx_word' id='word_1_446' title='bbox 3231 2688 3476 2740; x_wconf 84' lang='lat' dir='ltr'><strong>australi.</strong></span> 
     </span>
    </p>
   </div>
   <div class='ocr_carea' id='block_1_59' title="bbox 1917 2763 3478 2847">
    <p class='ocr_par' dir='ltr' id='par_1_59' title="bbox 1917 2763 3478 2847">
     <span class='ocr_line' id='line_1_59' title="bbox 1917 2763 3478 2847; baseline 0.01 -31"><span class='ocrx_word' id='word_1_447' title='bbox 1917 2763 2080 2832; x_wconf 76' lang='lat' dir='ltr'><strong>Igitur</strong></span> <span class='ocrx_word' id='word_1_448' title='bbox 2119 2767 2342 2821; x_wconf 89' lang='lat' dir='ltr'><strong>latitudo</strong></span> <span class='ocrx_word' id='word_1_449' title='bbox 2402 2772 2614 2840; x_wconf 91' lang='lat' dir='ltr'><strong>quidem</strong></span> <span class='ocrx_word' id='word_1_450' title='bbox 2661 2772 2958 2827; x_wconf 82' lang='lat' dir='ltr'><strong>Jerusalem</strong></span> <span class='ocrx_word' id='word_1_451' title='bbox 3017 2791 3046 2828; x_wconf 90' lang='lat' dir='ltr'><strong>a</strong></span> <span class='ocrx_word' id='word_1_452' title='bbox 3107 2775 3252 2830; x_wconf 87' lang='lat' dir='ltr'><strong>Gaba</strong></span> <span class='ocrx_word' id='word_1_453' title='bbox 3309 2793 3478 2847; x_wconf 85' lang='lat' dir='ltr'><strong>usque</strong></span> 
     </span>
    </p>
   </div>
   <div class='ocr_carea' id='block_1_60' title="bbox 1919 2857 3472 2934">
    <p class='ocr_par' dir='ltr' id='par_1_60' title="bbox 1919 2857 3472 2934">
     <span class='ocr_line' id='line_1_60' title="bbox 1919 2857 3472 2934; baseline 0.01 -25"><span class='ocrx_word' id='word_1_454' title='bbox 1919 2857 2208 2913; x_wconf 80' lang='lat' dir='ltr'><strong>Retntnon.</strong></span> <span class='ocrx_word' id='word_1_455' title='bbox 2265 2862 2459 2915; x_wconf 85' lang='lat' dir='ltr'><strong>Deliuit</strong></span> <span class='ocrx_word' id='word_1_456' title='bbox 2491 2865 2650 2916; x_wconf 85' lang='lat' dir='ltr'><strong>etiam</strong></span> <span class='ocrx_word' id='word_1_457' title='bbox 2699 2865 3081 2934; x_wconf 77' lang='lat' dir='ltr'><strong>longitudinem</strong></span> <span class='ocrx_word' id='word_1_458' title='bbox 3137 2869 3220 2921; x_wconf 90' lang='lat' dir='ltr'><strong>his</strong></span> <span class='ocrx_word' id='word_1_459' title='bbox 3261 2871 3472 2924; x_wconf 69' lang='lat' dir='ltr'><strong>verbis:</strong></span> 
     </span>
    </p>
   </div>
   <div class='ocr_carea' id='block_1_61' title="bbox 1921 2951 3476 3028">
    <p class='ocr_par' dir='ltr' id='par_1_61' title="bbox 1921 2951 3476 3028">
     <span class='ocr_line' id='line_1_61' title="bbox 1921 2951 3476 3028; baseline 0.008 -31"><span class='ocrx_word' id='word_1_460' title='bbox 1921 2965 1939 2997; x_wconf 84' lang='grc'><strong><em>‹</em></strong></span> <span class='ocrx_word' id='word_1_461' title='bbox 1976 2951 2014 3002; x_wconf 84' lang='grc' dir='ltr'>Α</span> <span class='ocrx_word' id='word_1_462' title='bbox 2044 2962 2194 3018; x_wconf 89' lang='lat' dir='ltr'><strong>porta</strong></span> <span class='ocrx_word' id='word_1_463' title='bbox 2223 2951 2495 3020; x_wconf 69' lang='lat' dir='ltr'><strong>Bernjamiu</strong></span> <span class='ocrx_word' id='word_1_464' title='bbox 2517 2969 2684 3022; x_wconf 86' lang='lat' dir='ltr'><strong>usque</strong></span> <span class='ocrx_word' id='word_1_465' title='bbox 2713 2957 2778 3008; x_wconf 89' lang='lat' dir='ltr'><strong>ad</strong></span> <span class='ocrx_word' id='word_1_466' title='bbox 2801 2967 3008 3024; x_wconf 90' lang='lat' dir='ltr'><strong>portam</strong></span> <span class='ocrx_word' id='word_1_467' title='bbox 3031 2958 3280 3024; x_wconf 87' lang='lat' dir='ltr'><strong>primam,</strong></span> <span class='ocrx_word' id='word_1_468' title='bbox 3307 2974 3476 3028; x_wconf 82' lang='lat' dir='ltr'><strong>usque</strong></span> 
     </span>
    </p>
   </div>
   <div class='ocr_carea' id='block_1_62' title="bbox 1916 3042 3472 3114">
    <p class='ocr_par' dir='ltr' id='par_1_62' title="bbox 1916 3042 3472 3114">
     <span class='ocr_line' id='line_1_62' title="bbox 1916 3042 3472 3114; baseline 0.003 -22"><span class='ocrx_word' id='word_1_469' title='bbox 1916 3042 1981 3093; x_wconf 89' lang='lat' dir='ltr'><strong>ad</strong></span> <span class='ocrx_word' id='word_1_470' title='bbox 2019 3053 2200 3109; x_wconf 89' lang='lat' dir='ltr'><strong>portas</strong></span> <span class='ocrx_word' id='word_1_471' title='bbox 2235 3044 2568 3110; x_wconf 77' lang='lat' dir='ltr'><strong>angulorum,</strong></span> <span class='ocrx_word' id='word_1_472' title='bbox 2602 3054 2655 3096; x_wconf 87' lang='lat' dir='ltr'><strong>et</strong></span> <span class='ocrx_word' id='word_1_473' title='bbox 2690 3061 2856 3114; x_wconf 88' lang='lat' dir='ltr'><strong>usque</strong></span> <span class='ocrx_word' id='word_1_474' title='bbox 2889 3049 2953 3100; x_wconf 89' lang='lat' dir='ltr'><strong>ad</strong></span> <span class='ocrx_word' id='word_1_475' title='bbox 2981 3049 3168 3099; x_wconf 85' lang='lat' dir='ltr'><strong>turrim</strong></span> <span class='ocrx_word' id='word_1_476' title='bbox 3199 3049 3472 3109; x_wconf 72' lang='lat' dir='ltr'><strong>Anameel,</strong></span> 
     </span>
    </p>
   </div>
   <div class='ocr_carea' id='block_1_63' title="bbox 1917 3134 3472 3205">
    <p class='ocr_par' dir='ltr' id='par_1_63' title="bbox 1917 3134 3472 3205">
     <span class='ocr_line' id='line_1_63' title="bbox 1917 3134 3472 3205; baseline 0.005 -22"><span class='ocrx_word' id='word_1_477' title='bbox 1917 3147 2082 3200; x_wconf 83' lang='lat' dir='ltr'><strong>usque</strong></span> <span class='ocrx_word' id='word_1_478' title='bbox 2112 3134 2176 3185; x_wconf 85' lang='lat' dir='ltr'><strong>ad</strong></span> <span class='ocrx_word' id='word_1_479' title='bbox 2233 3134 2521 3186; x_wconf 87' lang='lat' dir='ltr'><strong>toreularia</strong></span> <span class='ocrx_word' id='word_1_480' title='bbox 2577 3135 2739 3202; x_wconf 81' lang='lat' dir='ltr'><strong>regis.</strong></span> <span class='ocrx_word' id='word_1_481' title='bbox 2784 3154 2801 3186; x_wconf 75' lang='grc' dir='ltr'><strong>ι</strong></span> <span class='ocrx_word' id='word_1_482' title='bbox 2837 3135 2995 3189; x_wconf 85' lang='lat' dir='ltr'><strong>Porta</strong></span> <span class='ocrx_word' id='word_1_483' title='bbox 3044 3147 3220 3190; x_wconf 88' lang='lat' dir='ltr'><strong>autem</strong></span> <span class='ocrx_word' id='word_1_484' title='bbox 3280 3140 3472 3205; x_wconf 84' lang='lat' dir='ltr'><strong>prima,</strong></span> 
     </span>
    </p>
   </div>
   <div class='ocr_carea' id='block_1_64' title="bbox 227 3221 1810 3298">
    <p class='ocr_par' dir='ltr' id='par_1_64' title="bbox 227 3221 1808 3298">
     <span class='ocr_line' id='line_1_64' title="bbox 227 3221 1808 3298; baseline 0.004 -25"><span class='ocrx_word' id='word_1_485' title='bbox 227 3221 329 3274; x_wconf 69' lang='grc' dir='ltr'>καὶ</span> <span class='ocrx_word' id='word_1_486' title='bbox 358 3221 462 3285; x_wconf 76' lang='grc' dir='ltr'>ἕως</span> <span class='ocrx_word' id='word_1_487' title='bbox 500 3221 593 3274; x_wconf 80' lang='grc' dir='ltr'>τοῦ</span> <span class='ocrx_word' id='word_1_488' title='bbox 641 3222 850 3291; x_wconf 82' lang='grc' dir='ltr'>πύργου</span> <span class='ocrx_word' id='word_1_489' title='bbox 892 3225 1177 3295; x_wconf 78' lang='grc' dir='ltr'>Ἀναμεὴλ,</span> <span class='ocrx_word' id='word_1_490' title='bbox 1236 3226 1340 3288; x_wconf 80' lang='grc' dir='ltr'>ἓως</span> <span class='ocrx_word' id='word_1_491' title='bbox 1365 3227 1471 3279; x_wconf 81' lang='grc' dir='ltr'><strong>τῶν</strong></span> <span class='ocrx_word' id='word_1_492' title='bbox 1507 3228 1808 3298; x_wconf 83' lang='grc' dir='ltr'>ὐποληνίων</span> 
     </span>
    </p>
   </div>
   <div class='ocr_carea' id='block_1_65' title="bbox 1916 3221 3476 3298">
    <p class='ocr_par' dir='ltr' id='par_1_65' title="bbox 1916 3223 3476 3296">
     <span class='ocr_line' id='line_1_65' title="bbox 1916 3223 3476 3296; baseline 0.005 -23"><span class='ocrx_word' id='word_1_493' title='bbox 1916 3231 1964 3273; x_wconf 85' lang='lat' dir='ltr'><strong>et</strong></span> <span class='ocrx_word' id='word_1_494' title='bbox 2025 3233 2176 3288; x_wconf 87' lang='lat' dir='ltr'><strong>porta</strong></span> <span class='ocrx_word' id='word_1_495' title='bbox 2227 3223 2543 3290; x_wconf 78' lang='lat' dir='ltr'><strong>angulorum</strong></span> <span class='ocrx_word' id='word_1_496' title='bbox 2602 3233 2758 3277; x_wconf 84' lang='lat' dir='ltr'><strong>erant</strong></span> <span class='ocrx_word' id='word_1_497' title='bbox 2808 3224 3196 3296; x_wconf 84' lang='lat' dir='ltr'><strong>Hierosolymis</strong></span> <span class='ocrx_word' id='word_1_498' title='bbox 3246 3229 3325 3281; x_wconf 91' lang='lat' dir='ltr'><strong>sic</strong></span> <span class='ocrx_word' id='word_1_499' title='bbox 3378 3242 3476 3296; x_wconf 77' lang='lat' dir='ltr'><strong>ap-</strong></span> 
     </span>
    </p>
   </div>
   <div class='ocr_carea' id='block_1_66' title="bbox 223 3313 1805 3386">
    <p class='ocr_par' dir='ltr' id='par_1_66' title="bbox 223 3313 1805 3386">
     <span class='ocr_line' id='line_1_66' title="bbox 223 3313 1805 3386; baseline 0.001 -22"><span class='ocrx_word' id='word_1_500' title='bbox 223 3313 325 3365; x_wconf 80' lang='grc' dir='ltr'><strong>τού</strong></span> <span class='ocrx_word' id='word_1_501' title='bbox 359 3313 637 3380; x_wconf 80' lang='grc' dir='ltr'>βασιλέως.</span> <span class='ocrx_word' id='word_1_502' title='bbox 677 3333 694 3364; x_wconf 78' lang='grc' dir='ltr'><strong>ι</strong></span> <span class='ocrx_word' id='word_1_503' title='bbox 907 3314 962 3366; x_wconf 77' lang='grc' dir='ltr'>δὲ</span> <span class='ocrx_word' id='word_1_504' title='bbox 1007 3314 1218 3385; x_wconf 82' lang='grc' dir='ltr'>πρώτη,</span> <span class='ocrx_word' id='word_1_505' title='bbox 1252 3316 1344 3368; x_wconf 75' lang='grc' dir='ltr'><strong>καὶ</strong></span> <span class='ocrx_word' id='word_1_506' title='bbox 1396 3317 1499 3385; x_wconf 78' lang='grc' dir='ltr'><strong>μὴν</strong></span> <span class='ocrx_word' id='word_1_507' title='bbox 1533 3320 1626 3370; x_wconf 69' lang='grc' dir='ltr'>καὶ</span> <span class='ocrx_word' id='word_1_508' title='bbox 1667 3318 1805 3386; x_wconf 80' lang='grc' dir='ltr'>πύλη</span> 
     </span>
    </p>
   </div>
   <div class='ocr_carea' id='block_1_67' title="bbox 222 3402 1811 3476">
    <p class='ocr_par' dir='ltr' id='par_1_67' title="bbox 222 3402 1811 3476">
     <span class='ocr_line' id='line_1_67' title="bbox 222 3402 1811 3476; baseline 0.001 -18"><span class='ocrx_word' id='word_1_509' title='bbox 222 3406 446 3472; x_wconf 77' lang='grc' dir='ltr'>γωνιῶν</span> <span class='ocrx_word' id='word_1_510' title='bbox 505 3403 646 3457; x_wconf 75' lang='grc' dir='ltr'>οὕτω</span> <span class='ocrx_word' id='word_1_511' title='bbox 697 3407 839 3468; x_wconf 77' lang='grc' dir='ltr'>τινες</span> <span class='ocrx_word' id='word_1_512' title='bbox 885 3402 1023 3475; x_wconf 77' lang='grc' dir='ltr'>ἦσαν</span> <span class='ocrx_word' id='word_1_513' title='bbox 1082 3406 1222 3458; x_wconf 75' lang='grc' dir='ltr'>κατὰ</span> <span class='ocrx_word' id='word_1_514' title='bbox 1263 3405 1614 3476; x_wconf 79' lang='grc' dir='ltr'>Ἰερουσαλὴμ</span> <span class='ocrx_word' id='word_1_515' title='bbox 1676 3407 1811 3459; x_wconf 84' lang='grc' dir='ltr'>ὠνο-</span> 
     </span>
    </p>
   </div>
   <div class='ocr_carea' id='block_1_68' title="bbox 224 3492 1805 3567">
    <p class='ocr_par' dir='ltr' id='par_1_68' title="bbox 224 3492 1805 3567">
     <span class='ocr_line' id='line_1_68' title="bbox 224 3492 1805 3567; baseline 0.001 -20"><span class='ocrx_word' id='word_1_516' title='bbox 224 3496 531 3564; x_wconf 84' lang='grc' dir='ltr'>μασμέναι·</span> <span class='ocrx_word' id='word_1_517' title='bbox 583 3496 678 3548; x_wconf 76' lang='grc' dir='ltr'><strong>καὶ</strong></span> <span class='ocrx_word' id='word_1_518' title='bbox 718 3495 920 3566; x_wconf 84' lang='grc' dir='ltr'>πύργος</span> <span class='ocrx_word' id='word_1_519' title='bbox 954 3496 1009 3548; x_wconf 79' lang='grc' dir='ltr'>δὲ</span> <span class='ocrx_word' id='word_1_520' title='bbox 1037 3492 1104 3566; x_wconf 82' lang='grc' dir='ltr'>ἦν</span> <span class='ocrx_word' id='word_1_521' title='bbox 1143 3497 1413 3565; x_wconf 84' lang='grc' dir='ltr'>Ἀναμεὴλ</span> <span class='ocrx_word' id='word_1_522' title='bbox 1443 3497 1805 3567; x_wconf 86' lang='grc' dir='ltr'>καλούμενος,</span> 
     </span>
    </p>
   </div>
   <div class='ocr_carea' id='block_1_69' title="bbox 225 3586 1806 3658">
    <p class='ocr_par' dir='ltr' id='par_1_69' title="bbox 225 3586 1806 3658">
     <span class='ocr_line' id='line_1_69' title="bbox 225 3586 1806 3658; baseline 0.001 -20"><span class='ocrx_word' id='word_1_523' title='bbox 225 3586 352 3655; x_wconf 80' lang='grc' dir='ltr'>μεθ’</span> <span class='ocrx_word' id='word_1_524' title='bbox 389 3587 448 3639; x_wconf 83' lang='grc' dir='ltr'>ὃν</span> <span class='ocrx_word' id='word_1_525' title='bbox 473 3587 630 3649; x_wconf 79' lang='grc' dir='ltr'>εὐθὺς</span> <span class='ocrx_word' id='word_1_526' title='bbox 683 3588 774 3640; x_wconf 75' lang='grc' dir='ltr'><strong>καὶ</strong></span> <span class='ocrx_word' id='word_1_527' title='bbox 826 3587 893 3640; x_wconf 86' lang='grc' dir='ltr'>τὰ</span> <span class='ocrx_word' id='word_1_528' title='bbox 927 3587 1187 3658; x_wconf 79' lang='grc' dir='ltr'>ὑπολήνια</span> <span class='ocrx_word' id='word_1_529' title='bbox 1215 3588 1307 3639; x_wconf 78' lang='grc' dir='ltr'>τοῦ</span> <span class='ocrx_word' id='word_1_530' title='bbox 1343 3588 1621 3657; x_wconf 83' lang='grc' dir='ltr'>βασιλέως·</span> <span class='ocrx_word' id='word_1_531' title='bbox 1655 3589 1806 3641; x_wconf 84' lang='grc' dir='ltr'>τόποι</span> 
     </span>
    </p>
   </div>
   <div class='ocr_carea' id='block_1_70' title="bbox 217 3667 1805 3746">
    <p class='ocr_par' dir='ltr' id='par_1_70' title="bbox 217 3667 1805 3746">
     <span class='ocr_line' id='line_1_70' title="bbox 217 3667 1805 3746; baseline 0.001 -18"><span class='ocrx_word' id='word_1_532' title='bbox 217 3676 281 3728; x_wconf 80' lang='grc' dir='ltr'><strong>δὲ</strong></span> <span class='ocrx_word' id='word_1_533' title='bbox 309 3667 462 3728; x_wconf 68' lang='grc' dir='ltr'>οὗτοι</span> <span class='ocrx_word' id='word_1_534' title='bbox 497 3675 593 3744; x_wconf 82' lang='grc' dir='ltr'>τῆς</span> <span class='ocrx_word' id='word_1_535' title='bbox 654 3675 1004 3745; x_wconf 78' lang='grc' dir='ltr'>Ἰερουσαλὴμ</span> <span class='ocrx_word' id='word_1_536' title='bbox 1031 3677 1092 3729; x_wconf 82' lang='grc' dir='ltr'><strong>τὸ</strong></span> <span class='ocrx_word' id='word_1_537' title='bbox 1132 3677 1304 3745; x_wconf 83' lang='grc' dir='ltr'>μῆκος</span> <span class='ocrx_word' id='word_1_538' title='bbox 1334 3677 1408 3740; x_wconf 82' lang='grc' dir='ltr'>ὡς</span> <span class='ocrx_word' id='word_1_539' title='bbox 1438 3679 1493 3728; x_wconf 83' lang='grc' dir='ltr'>ὲν</span> <span class='ocrx_word' id='word_1_540' title='bbox 1525 3678 1678 3746; x_wconf 83' lang='grc' dir='ltr'>τύπῳ</span> <span class='ocrx_word' id='word_1_541' title='bbox 1705 3695 1805 3729; x_wconf 86' lang='grc' dir='ltr'>κα-</span> 
     </span>
    </p>
   </div>
   <div class='ocr_carea' id='block_1_71' title="bbox 219 3767 1806 3840">
    <p class='ocr_par' dir='ltr' id='par_1_71' title="bbox 219 3767 1806 3840">
     <span class='ocr_line' id='line_1_71' title="bbox 219 3767 1806 3840; baseline -0.001 -20"><span class='ocrx_word' id='word_1_542' title='bbox 219 3767 679 3838; x_wconf 75' lang='grc' dir='ltr'><strong>¹τιισημαίνοντες.</strong></span> <span class='ocrx_word' id='word_1_543' title='bbox 738 3768 946 3837; x_wconf 83' lang='grc' dir='ltr'>Ὥσπερ</span> <span class='ocrx_word' id='word_1_544' title='bbox 993 3768 1097 3840; x_wconf 84' lang='grc' dir='ltr'><strong>γὰρ</strong></span> <span class='ocrx_word' id='word_1_545' title='bbox 1151 3769 1368 3821; x_wconf 85' lang='grc' dir='ltr'>ὲκέλευε</span> <span class='ocrx_word' id='word_1_546' title='bbox 1422 3767 1498 3838; x_wconf 82' lang='grc' dir='ltr'><strong>τῷ</strong></span> <span class='ocrx_word' id='word_1_547' title='bbox 1555 3769 1806 3839; x_wconf 79' lang='grc' dir='ltr'>μακαρίῳ</span> 
     </span>
    </p>
   </div>
   <div class='ocr_carea' id='block_1_72' title="bbox 223 3860 1804 3931">
    <p class='ocr_par' dir='ltr' id='par_1_72' title="bbox 223 3860 1804 3931">
     <span class='ocr_line' id='line_1_72' title="bbox 223 3860 1804 3931; baseline 0.001 -20"><span class='ocrx_word' id='word_1_548' title='bbox 223 3861 486 3930; x_wconf 70' lang='grc' dir='ltr'>προφήτῃ</span> <span class='ocrx_word' id='word_1_549' title='bbox 529 3860 782 3930; x_wconf 80' lang='grc' dir='ltr'>Ἰεζεχιὴλ</span> <span class='ocrx_word' id='word_1_550' title='bbox 811 3861 839 3911; x_wconf 87' lang='grc' dir='ltr'>ὁ</span> <span class='ocrx_word' id='word_1_551' title='bbox 869 3861 974 3913; x_wconf 80' lang='grc' dir='ltr'>τῶν</span> <span class='ocrx_word' id='word_1_552' title='bbox 1012 3863 1148 3914; x_wconf 81' lang='grc' dir='ltr'>ὅλων</span> <span class='ocrx_word' id='word_1_553' title='bbox 1185 3862 1316 3926; x_wconf 77' lang='grc' dir='ltr'>Θεὸς</span> <span class='ocrx_word' id='word_1_554' title='bbox 1348 3864 1671 3931; x_wconf 84' lang='grc' dir='ltr'>ἀναμετρείν</span> <span class='ocrx_word' id='word_1_555' title='bbox 1707 3879 1804 3913; x_wconf 82' lang='grc' dir='ltr'>κα-</span> 
     </span>
    </p>
   </div>
   <div class='ocr_carea' id='block_1_73' title="bbox 220 3947 1806 4022">
    <p class='ocr_par' dir='ltr' id='par_1_73' title="bbox 220 3947 1806 4022">
     <span class='ocr_line' id='line_1_73' title="bbox 220 3947 1806 4022; baseline 0.001 -20"><span class='ocrx_word' id='word_1_556' title='bbox 220 3951 387 4022; x_wconf 75' lang='grc' dir='ltr'>λάμῳ</span> <span class='ocrx_word' id='word_1_557' title='bbox 414 3951 506 4003; x_wconf 82' lang='grc' dir='ltr'><strong>τὸν</strong></span> <span class='ocrx_word' id='word_1_558' title='bbox 536 3947 703 4017; x_wconf 74' lang='grc' dir='ltr'>οἶκον,</span> <span class='ocrx_word' id='word_1_559' title='bbox 738 3951 860 4021; x_wconf 79' lang='grc' dir='ltr'>τῇδὲ</span> <span class='ocrx_word' id='word_1_560' title='bbox 922 3969 980 4002; x_wconf 88' lang='grc' dir='ltr'><strong>τε</strong></span> <span class='ocrx_word' id='word_1_561' title='bbox 1011 3953 1170 4004; x_wconf 81' lang='grc' dir='ltr'>κάκεῖ</span> <span class='ocrx_word' id='word_1_562' title='bbox 1201 3951 1498 4022; x_wconf 78' lang='grc' dir='ltr'>διάττοντα,</span> <span class='ocrx_word' id='word_1_563' title='bbox 1531 3950 1806 4019; x_wconf 79' lang='grc' dir='ltr'>ὑπεμφαί-</span> 
     </span>
    </p>
   </div>
   <div class='ocr_carea' id='block_1_74' title="bbox 221 4043 1806 4114">
    <p class='ocr_par' dir='ltr' id='par_1_74' title="bbox 221 4043 1806 4114">
     <span class='ocr_line' id='line_1_74' title="bbox 221 4043 1806 4114; baseline 0 -19"><span class='ocrx_word' id='word_1_564' title='bbox 221 4062 353 4104; x_wconf 77' lang='grc' dir='ltr'>νων,</span> <span class='ocrx_word' id='word_1_565' title='bbox 382 4045 466 4096; x_wconf 79' lang='grc' dir='ltr'>ὅτι</span> <span class='ocrx_word' id='word_1_566' title='bbox 503 4043 690 4096; x_wconf 70' lang='grc' dir='ltr'>πολλαὶ</span> <span class='ocrx_word' id='word_1_567' title='bbox 718 4044 874 4112; x_wconf 70' lang='grc' dir='ltr'>μοναὶ</span> <span class='ocrx_word' id='word_1_568' title='bbox 917 4043 1067 4112; x_wconf 69' lang='grc' dir='ltr'>παρὰ</span> <span class='ocrx_word' id='word_1_569' title='bbox 1120 4043 1196 4113; x_wconf 81' lang='grc' dir='ltr'><strong>τῷ</strong></span> <span class='ocrx_word' id='word_1_570' title='bbox 1234 4044 1373 4114; x_wconf 84' lang='grc' dir='ltr'>Θεῷ,</span> <span class='ocrx_word' id='word_1_571' title='bbox 1423 4043 1593 4112; x_wconf 85' lang='grc' dir='ltr'>μυρία</span> <span class='ocrx_word' id='word_1_572' title='bbox 1616 4058 1674 4092; x_wconf 89' lang='grc' dir='ltr'><strong>τε</strong></span> <span class='ocrx_word' id='word_1_573' title='bbox 1707 4043 1806 4095; x_wconf 85' lang='grc' dir='ltr'><strong>ὅσα</strong></span> 
     </span>
    </p>
   </div>
   <div class='ocr_carea' id='block_1_75' title="bbox 216 4134 1807 4206">
    <p class='ocr_par' dir='ltr' id='par_1_75' title="bbox 216 4134 1807 4206">
     <span class='ocr_line' id='line_1_75' title="bbox 216 4134 1807 4206; baseline 0.003 -19"><span class='ocrx_word' id='word_1_574' title='bbox 216 4137 332 4187; x_wconf 83' lang='grc' dir='ltr'><strong>τῶν</strong></span> <span class='ocrx_word' id='word_1_575' title='bbox 363 4136 537 4202; x_wconf 86' lang='grc' dir='ltr'>ἁγίων</span> <span class='ocrx_word' id='word_1_576' title='bbox 591 4134 999 4203; x_wconf 68' lang='grc' dir='ltr'>ὲνδιαιτήματαο</span> <span class='ocrx_word' id='word_1_577' title='bbox 1052 4134 1194 4186; x_wconf 71' lang='grc' dir='ltr'>οὕτω</span> <span class='ocrx_word' id='word_1_578' title='bbox 1248 4153 1336 4206; x_wconf 88' lang='grc' dir='ltr'><strong>μοι</strong></span> <span class='ocrx_word' id='word_1_579' title='bbox 1387 4139 1612 4194; x_wconf 80' lang='grc' dir='ltr'>κάνθάδε</span> <span class='ocrx_word' id='word_1_580' title='bbox 1661 4142 1807 4194; x_wconf 87' lang='grc' dir='ltr'>δοκεῖ</span> 
     </span>
    </p>
   </div>
   <div class='ocr_carea' id='block_1_76' title="bbox 217 4220 1805 4297">
    <p class='ocr_par' dir='ltr' id='par_1_76' title="bbox 217 4220 1805 4297">
     <span class='ocr_line' id='line_1_76' title="bbox 217 4220 1805 4297; baseline -0.004 -19"><span class='ocrx_word' id='word_1_581' title='bbox 217 4225 312 4278; x_wconf 67' lang='grc' dir='ltr'><strong>διὰ</strong></span> <span class='ocrx_word' id='word_1_582' title='bbox 335 4226 518 4278; x_wconf 68' lang='grc' dir='ltr'>τύπων</span> <span class='ocrx_word' id='word_1_583' title='bbox 554 4225 914 4294; x_wconf 54' lang='grc' dir='ltr'>ὑπεμςςαίνειν</span> <span class='ocrx_word' id='word_1_584' title='bbox 964 4220 1120 4294; x_wconf 72' lang='grc' dir='ltr'>εὖρός</span> <span class='ocrx_word' id='word_1_585' title='bbox 1149 4242 1208 4277; x_wconf 88' lang='grc' dir='ltr'><strong>τε</strong></span> <span class='ocrx_word' id='word_1_586' title='bbox 1241 4227 1334 4279; x_wconf 76' lang='grc' dir='ltr'><strong>καὶ</strong></span> <span class='ocrx_word' id='word_1_587' title='bbox 1363 4231 1555 4297; x_wconf 77' lang='grc' dir='ltr'>μῆκος,</span> <span class='ocrx_word' id='word_1_588' title='bbox 1587 4232 1676 4283; x_wconf 73' lang='grc' dir='ltr'><strong>καὶ</strong></span> <span class='ocrx_word' id='word_1_589' title='bbox 1710 4248 1805 4284; x_wconf 73' lang='grc' dir='ltr'><strong>κα.</strong></span> 
     </span>
    </p>
   </div>
   <div class='ocr_carea' id='block_1_77' title="bbox 217 4316 1802 4389">
    <p class='ocr_par' dir='ltr' id='par_1_77' title="bbox 217 4316 1802 4389">
     <span class='ocr_line' id='line_1_77' title="bbox 217 4316 1802 4389; baseline 0.004 -22"><span class='ocrx_word' id='word_1_590' title='bbox 217 4316 531 4386; x_wconf 74' lang='grc' dir='ltr'>τειγράφειν</span> <span class='ocrx_word' id='word_1_591' title='bbox 572 4318 705 4385; x_wconf 74' lang='grc' dir='ltr'>ἡμῖν</span> <span class='ocrx_word' id='word_1_592' title='bbox 765 4316 862 4386; x_wconf 81' lang='grc' dir='ltr'><strong>τὴν</strong></span> <span class='ocrx_word' id='word_1_593' title='bbox 911 4318 1104 4387; x_wconf 77' lang='grc' dir='ltr'>νοητὴν</span> <span class='ocrx_word' id='word_1_594' title='bbox 1141 4318 1508 4389; x_wconf 76' lang='grc' dir='ltr'>Ἰερουσαλὴμ,</span> <span class='ocrx_word' id='word_1_595' title='bbox 1562 4323 1802 4374; x_wconf 86' lang='grc' dir='ltr'>τουτέστι</span> 
     </span>
    </p>
   </div>
   <div class='ocr_carea' id='block_1_78' title="bbox 218 4407 1804 4478">
    <p class='ocr_par' dir='ltr' id='par_1_78' title="bbox 218 4407 1804 4478">
     <span class='ocr_line' id='line_1_78' title="bbox 218 4407 1804 4478; baseline 0.003 -19"><span class='ocrx_word' id='word_1_596' title='bbox 218 4410 320 4478; x_wconf 79' lang='grc' dir='ltr'><strong>τὴν</strong></span> <span class='ocrx_word' id='word_1_597' title='bbox 369 4408 700 4478; x_wconf 82' lang='grc' dir='ltr'>Ἐκκλησίαν</span> <span class='ocrx_word' id='word_1_598' title='bbox 744 4408 999 4478; x_wconf 80' lang='grc' dir='ltr'>Χριστοῦ,</span> <span class='ocrx_word' id='word_1_599' title='bbox 1052 4408 1186 4478; x_wconf 77' lang='grc' dir='ltr'>πρὸς</span> <span class='ocrx_word' id='word_1_600' title='bbox 1242 4407 1298 4460; x_wconf 83' lang='grc' dir='ltr'>ὃν</span> <span class='ocrx_word' id='word_1_601' title='bbox 1348 4411 1490 4461; x_wconf 78' lang='grc' dir='ltr'><strong>καὶὸ</strong></span> <span class='ocrx_word' id='word_1_602' title='bbox 1522 4409 1804 4474; x_wconf 73' lang='grc' dir='ltr'>θεσπέσιος</span> 
     </span>
    </p>
   </div>
   <div class='ocr_carea' id='block_1_79' title="bbox 231 4498 1800 4570">
    <p class='ocr_par' dir='ltr' id='par_1_79' title="bbox 231 4498 1800 4570">
     <span class='ocr_line' id='line_1_79' title="bbox 231 4498 1800 4570; baseline 0.002 -20"><span class='ocrx_word' id='word_1_603' title='bbox 231 4501 468 4562; x_wconf 78' lang='grc' dir='ltr'>Ἡσαΐας</span> <span class='ocrx_word' id='word_1_604' title='bbox 499 4498 781 4567; x_wconf 80' lang='grc' dir='ltr'>ἀνεφώνει,</span> <span class='ocrx_word' id='word_1_605' title='bbox 803 4499 994 4567; x_wconf 76' lang='grc' dir='ltr'>λέγων’</span> <span class='ocrx_word' id='word_1_606' title='bbox 1040 4519 1055 4550; x_wconf 78' lang='grc' dir='ltr'><strong>ι</strong></span> <span class='ocrx_word' id='word_1_607' title='bbox 1090 4499 1362 4552; x_wconf 80' lang='grc' dir='ltr'>Πλάτυνον</span> <span class='ocrx_word' id='word_1_608' title='bbox 1391 4501 1480 4553; x_wconf 78' lang='grc' dir='ltr'>τὸν</span> <span class='ocrx_word' id='word_1_609' title='bbox 1506 4501 1667 4553; x_wconf 78' lang='grc' dir='ltr'>τόπον</span> <span class='ocrx_word' id='word_1_610' title='bbox 1703 4502 1800 4570; x_wconf 80' lang='grc' dir='ltr'>τῆς</span> 
     </span>
    </p>
   </div>
   <div class='ocr_carea' id='block_1_80' title="bbox 1915 3312 3476 3383">
    <p class='ocr_par' dir='ltr' id='par_1_80' title="bbox 1915 3312 3476 3383">
     <span class='ocr_line' id='line_1_80' title="bbox 1915 3312 3476 3383; baseline 0.004 -19"><span class='ocrx_word' id='word_1_611' title='bbox 1915 3313 2120 3378; x_wconf 68' lang='lat' dir='ltr'><strong>pellata:</strong></span> <span class='ocrx_word' id='word_1_612' title='bbox 2156 3330 2167 3364; x_wconf 95' lang='lat'>:</span> <span class='ocrx_word' id='word_1_613' title='bbox 2202 3313 2367 3365; x_wconf 88' lang='lat' dir='ltr'><strong>turris</strong></span> <span class='ocrx_word' id='word_1_614' title='bbox 2390 3319 2505 3364; x_wconf 88' lang='lat' dir='ltr'><strong>erat</strong></span> <span class='ocrx_word' id='word_1_615' title='bbox 2534 3312 2793 3366; x_wconf 83' lang='lat' dir='ltr'><strong>Ananteel</strong></span> <span class='ocrx_word' id='word_1_616' title='bbox 2821 3315 2982 3378; x_wconf 88' lang='lat' dir='ltr'><strong>dicta,</strong></span> <span class='ocrx_word' id='word_1_617' title='bbox 3014 3325 3134 3383; x_wconf 87' lang='lat' dir='ltr'><strong>post</strong></span> <span class='ocrx_word' id='word_1_618' title='bbox 3162 3332 3321 3382; x_wconf 87' lang='lat' dir='ltr'><strong>quam</strong></span> <span class='ocrx_word' id='word_1_619' title='bbox 3365 3327 3476 3371; x_wconf 83' lang='lat' dir='ltr'><strong>sta-</strong></span> 
     </span>
    </p>
   </div>
   <div class='ocr_carea' id='block_1_81' title="bbox 1914 3403 3472 3475">
    <p class='ocr_par' dir='ltr' id='par_1_81' title="bbox 1914 3403 3472 3475">
     <span class='ocr_line' id='line_1_81' title="bbox 1914 3403 3472 3475; baseline 0.004 -20"><span class='ocrx_word' id='word_1_620' title='bbox 1914 3406 2005 3456; x_wconf 89' lang='lat' dir='ltr'><strong>tim</strong></span> <span class='ocrx_word' id='word_1_621' title='bbox 2022 3403 2384 3471; x_wconf 88' lang='lat' dir='ltr'><strong>sequebantur</strong></span> <span class='ocrx_word' id='word_1_622' title='bbox 2405 3405 2690 3458; x_wconf 79' lang='lat' dir='ltr'><strong>toreularia</strong></span> <span class='ocrx_word' id='word_1_623' title='bbox 2715 3405 2852 3473; x_wconf 81' lang='lat' dir='ltr'><strong>regis</strong></span> <span class='ocrx_word' id='word_1_624' title='bbox 2870 3424 2882 3459; x_wconf 90' lang='lat'><strong><em>:</em></strong></span> <span class='ocrx_word' id='word_1_625' title='bbox 2900 3421 3016 3473; x_wconf 50' lang='lat' dir='ltr'><strong>qua!</strong></span> <span class='ocrx_word' id='word_1_626' title='bbox 3032 3405 3193 3475; x_wconf 77' lang='lat'><strong>805</strong></span> <span class='ocrx_word' id='word_1_627' title='bbox 3214 3407 3324 3460; x_wconf 87' lang='lat' dir='ltr'><strong>loca</strong></span> <span class='ocrx_word' id='word_1_628' title='bbox 3347 3408 3472 3462; x_wconf 81' lang='lat' dir='ltr'><strong>llic-</strong></span> 
     </span>
    </p>
   </div>
   <div class='ocr_carea' id='block_1_82' title="bbox 1912 3495 3474 3566">
    <p class='ocr_par' dir='ltr' id='par_1_82' title="bbox 1912 3495 3474 3566">
     <span class='ocr_line' id='line_1_82' title="bbox 1912 3495 3474 3566; baseline 0.002 -17"><span class='ocrx_word' id='word_1_629' title='bbox 1912 3497 2190 3566; x_wconf 65' lang='lat' dir='ltr'><strong>rosolymae</strong></span> <span class='ocrx_word' id='word_1_630' title='bbox 2225 3495 2611 3564; x_wconf 83' lang='lat' dir='ltr'><strong>longitudinem</strong></span> <span class='ocrx_word' id='word_1_631' title='bbox 2641 3505 2702 3548; x_wconf 93' lang='lat' dir='ltr'><strong>ut</strong></span> <span class='ocrx_word' id='word_1_632' title='bbox 2728 3496 2779 3548; x_wconf 93' lang='lat' dir='ltr'><strong>in</strong></span> <span class='ocrx_word' id='word_1_633' title='bbox 2806 3507 2928 3564; x_wconf 86' lang='lat' dir='ltr'><strong>typo</strong></span> <span class='ocrx_word' id='word_1_634' title='bbox 2960 3497 3288 3562; x_wconf 73' lang='lat' dir='ltr'><strong>signiﬁcant.</strong></span> <span class='ocrx_word' id='word_1_635' title='bbox 3321 3499 3474 3552; x_wconf 86' lang='lat' dir='ltr'><strong>Sicut</strong></span> 
     </span>
    </p>
   </div>
   <div class='ocr_carea' id='block_1_83' title="bbox 1908 3585 3472 3655">
    <p class='ocr_par' dir='ltr' id='par_1_83' title="bbox 1908 3585 3472 3655">
     <span class='ocr_line' id='line_1_83' title="bbox 1908 3585 3472 3655; baseline 0.002 -15"><span class='ocrx_word' id='word_1_636' title='bbox 1908 3586 2050 3640; x_wconf 86' lang='lat' dir='ltr'><strong>enim</strong></span> <span class='ocrx_word' id='word_1_637' title='bbox 2079 3585 2348 3638; x_wconf 84' lang='lat' dir='ltr'><strong>mandavit</strong></span> <span class='ocrx_word' id='word_1_638' title='bbox 2367 3586 2522 3639; x_wconf 89' lang='lat' dir='ltr'><strong>beato</strong></span> <span class='ocrx_word' id='word_1_639' title='bbox 2551 3585 2822 3655; x_wconf 74' lang='lat' dir='ltr'><strong>propheta:</strong></span> <span class='ocrx_word' id='word_1_640' title='bbox 2838 3585 3167 3641; x_wconf 80' lang='lat' dir='ltr'><strong>Ezechieli&quot;</strong></span> <span class='ocrx_word' id='word_1_641' title='bbox 3196 3589 3472 3643; x_wconf 77' lang='lat' dir='ltr'><strong>universo-</strong></span> 
     </span>
    </p>
   </div>
   <div class='ocr_carea' id='block_1_84' title="bbox 1909 3676 3471 3746">
    <p class='ocr_par' dir='ltr' id='par_1_84' title="bbox 1909 3676 3471 3746">
     <span class='ocr_line' id='line_1_84' title="bbox 1909 3676 3471 3746; baseline 0.002 -17"><span class='ocrx_word' id='word_1_642' title='bbox 1909 3693 2024 3729; x_wconf 90' lang='lat' dir='ltr'><strong>rum</strong></span> <span class='ocrx_word' id='word_1_643' title='bbox 2053 3676 2190 3728; x_wconf 86' lang='lat' dir='ltr'><strong>Deus</strong></span> <span class='ocrx_word' id='word_1_644' title='bbox 2222 3677 2424 3728; x_wconf 80' lang='lat' dir='ltr'><strong>calamo</strong></span> <span class='ocrx_word' id='word_1_645' title='bbox 2453 3678 2630 3730; x_wconf 87' lang='lat' dir='ltr'><strong>metiri</strong></span> <span class='ocrx_word' id='word_1_646' title='bbox 2684 3678 2918 3742; x_wconf 88' lang='lat' dir='ltr'><strong>domum,</strong></span> <span class='ocrx_word' id='word_1_647' title='bbox 2970 3677 3073 3731; x_wconf 93' lang='lat' dir='ltr'><strong>huc</strong></span> <span class='ocrx_word' id='word_1_648' title='bbox 3120 3679 3245 3732; x_wconf 84' lang='lat' dir='ltr'><strong>illuc</strong></span> <span class='ocrx_word' id='word_1_649' title='bbox 3283 3694 3471 3746; x_wconf 85' lang='lat' dir='ltr'><strong>porre-</strong></span> 
     </span>
    </p>
   </div>
   <div class='ocr_carea' id='block_1_85' title="bbox 1907 3767 3465 3838">
    <p class='ocr_par' dir='ltr' id='par_1_85' title="bbox 1907 3767 3465 3838">
     <span class='ocr_line' id='line_1_85' title="bbox 1907 3767 3465 3838; baseline -0.001 -18"><span class='ocrx_word' id='word_1_650' title='bbox 1907 3775 2072 3831; x_wconf 88' lang='lat' dir='ltr'><strong>ctam,</strong></span> <span class='ocrx_word' id='word_1_651' title='bbox 2118 3767 2506 3819; x_wconf 79' lang='lat' dir='ltr'><strong>subosteudens</strong></span> <span class='ocrx_word' id='word_1_652' title='bbox 2565 3769 2759 3820; x_wconf 78' lang='lat' dir='ltr'><strong>multas</strong></span> <span class='ocrx_word' id='word_1_653' title='bbox 2803 3783 2922 3822; x_wconf 87' lang='lat' dir='ltr'><strong>esse</strong></span> <span class='ocrx_word' id='word_1_654' title='bbox 2965 3769 3274 3823; x_wconf 88' lang='lat' dir='ltr'><strong>mansiones</strong></span> <span class='ocrx_word' id='word_1_655' title='bbox 3328 3775 3465 3838; x_wconf 84' lang='lat' dir='ltr'><strong>apud</strong></span> 
     </span>
    </p>
   </div>
   <div class='ocr_carea' id='block_1_86' title="bbox 1911 3857 3465 3928">
    <p class='ocr_par' dir='ltr' id='par_1_86' title="bbox 1911 3857 3465 3928">
     <span class='ocr_line' id='line_1_86' title="bbox 1911 3857 3465 3928; baseline 0.003 -19"><span class='ocrx_word' id='word_1_656' title='bbox 1911 3858 2096 3918; x_wconf 90' lang='lat' dir='ltr'><strong>Deum,</strong></span> <span class='ocrx_word' id='word_1_657' title='bbox 2130 3867 2182 3910; x_wconf 84' lang='lat' dir='ltr'><strong>et</strong></span> <span class='ocrx_word' id='word_1_658' title='bbox 2215 3857 2376 3908; x_wconf 87' lang='lat' dir='ltr'><strong>multa</strong></span> <span class='ocrx_word' id='word_1_659' title='bbox 2409 3857 2574 3910; x_wconf 87' lang='lat' dir='ltr'><strong>millia</strong></span> <span class='ocrx_word' id='word_1_660' title='bbox 2624 3857 3048 3912; x_wconf 82' lang='lat' dir='ltr'><strong>diversoriorum</strong></span> <span class='ocrx_word' id='word_1_661' title='bbox 3098 3875 3194 3928; x_wconf 90' lang='lat' dir='ltr'><strong>pro</strong></span> <span class='ocrx_word' id='word_1_662' title='bbox 3225 3860 3465 3914; x_wconf 86' lang='lat' dir='ltr'><strong>sanctis:</strong></span> 
     </span>
    </p>
   </div>
   <div class='ocr_carea' id='block_1_87' title="bbox 1908 3949 3470 4014">
    <p class='ocr_par' dir='ltr' id='par_1_87' title="bbox 1908 3949 3470 4014">
     <span class='ocr_line' id='line_1_87' title="bbox 1908 3949 3470 4014; baseline 0.001 -11"><span class='ocrx_word' id='word_1_663' title='bbox 1908 3951 1978 4003; x_wconf 91' lang='lat' dir='ltr'><strong>ita</strong></span> <span class='ocrx_word' id='word_1_664' title='bbox 2011 3951 2140 4003; x_wconf 91' lang='lat' dir='ltr'><strong>mihi</strong></span> <span class='ocrx_word' id='word_1_665' title='bbox 2193 3957 2247 4002; x_wconf 91' lang='lat' dir='ltr'><strong>ct</strong></span> <span class='ocrx_word' id='word_1_666' title='bbox 2293 3949 2376 4002; x_wconf 93' lang='lat' dir='ltr'><strong>hic</strong></span> <span class='ocrx_word' id='word_1_667' title='bbox 2403 3950 2614 4002; x_wconf 79' lang='lat' dir='ltr'><strong>videtur</strong></span> <span class='ocrx_word' id='word_1_668' title='bbox 2646 3964 2740 4014; x_wconf 87' lang='lat' dir='ltr'><strong>per</strong></span> <span class='ocrx_word' id='word_1_669' title='bbox 2777 3949 3014 4004; x_wconf 86' lang='lat' dir='ltr'><strong>locorum</strong></span> <span class='ocrx_word' id='word_1_670' title='bbox 3051 3952 3385 4006; x_wconf 86' lang='lat' dir='ltr'><strong>latitudinem</strong></span> <span class='ocrx_word' id='word_1_671' title='bbox 3417 3964 3470 4005; x_wconf 89' lang='lat' dir='ltr'><strong>ct</strong></span> 
     </span>
    </p>
   </div>
   <div class='ocr_carea' id='block_1_88' title="bbox 1907 4039 3466 4108">
    <p class='ocr_par' dir='ltr' id='par_1_88' title="bbox 1907 4039 3466 4108">
     <span class='ocr_line' id='line_1_88' title="bbox 1907 4039 3466 4108; baseline 0 -16"><span class='ocrx_word' id='word_1_672' title='bbox 1907 4040 2296 4108; x_wconf 78' lang='lat' dir='ltr'><strong>longitudinem</strong></span> <span class='ocrx_word' id='word_1_673' title='bbox 2334 4040 2592 4092; x_wconf 76' lang='lat' dir='ltr'><strong>insinuari</strong></span> <span class='ocrx_word' id='word_1_674' title='bbox 2626 4049 2680 4093; x_wconf 89' lang='lat' dir='ltr'><strong>ct</strong></span> <span class='ocrx_word' id='word_1_675' title='bbox 2713 4039 2948 4095; x_wconf 84' lang='lat' dir='ltr'><strong>describi</strong></span> <span class='ocrx_word' id='word_1_676' title='bbox 2972 4043 3123 4096; x_wconf 89' lang='lat' dir='ltr'><strong>nobis</strong></span> <span class='ocrx_word' id='word_1_677' title='bbox 3147 4041 3466 4107; x_wconf 82' lang='lat' dir='ltr'><strong>Jerusalem,</strong></span> 
     </span>
    </p>
   </div>
   <div class='ocr_carea' id='block_1_89' title="bbox 1907 4131 3467 4202">
    <p class='ocr_par' dir='ltr' id='par_1_89' title="bbox 1907 4131 3467 4202">
     <span class='ocr_line' id='line_1_89' title="bbox 1907 4131 3467 4202; baseline 0 -20"><span class='ocrx_word' id='word_1_678' title='bbox 1907 4148 2062 4202; x_wconf 86' lang='lat' dir='ltr'><strong>quam</strong></span> <span class='ocrx_word' id='word_1_679' title='bbox 2117 4133 2320 4185; x_wconf 89' lang='lat' dir='ltr'><strong>ratione</strong></span> <span class='ocrx_word' id='word_1_680' title='bbox 2366 4142 2417 4183; x_wconf 86' lang='lat' dir='ltr'><strong>et</strong></span> <span class='ocrx_word' id='word_1_681' title='bbox 2467 4131 2792 4200; x_wconf 79' lang='lat' dir='ltr'><strong>cogitatione</strong></span> <span class='ocrx_word' id='word_1_682' title='bbox 2837 4133 3362 4200; x_wconf 87' lang='lat' dir='ltr'><strong>comprehendimus,</strong></span> <span class='ocrx_word' id='word_1_683' title='bbox 3419 4135 3467 4185; x_wconf 80' lang='lat' dir='ltr'><strong>id</strong></span> 
     </span>
    </p>
   </div>
   <div class='ocr_carea' id='block_1_90' title="bbox 1904 4223 3468 4284">
    <p class='ocr_par' dir='ltr' id='par_1_90' title="bbox 1904 4223 3468 4284">
     <span class='ocr_line' id='line_1_90' title="bbox 1904 4223 3468 4284; baseline -0.003 -7"><span class='ocrx_word' id='word_1_684' title='bbox 1904 4234 1987 4277; x_wconf 86' lang='lat' dir='ltr'><strong>est</strong></span> <span class='ocrx_word' id='word_1_685' title='bbox 2016 4223 2306 4276; x_wconf 81' lang='lat' dir='ltr'><strong>Ecclesiam</strong></span> <span class='ocrx_word' id='word_1_686' title='bbox 2345 4223 2568 4284; x_wconf 79' lang='lat' dir='ltr'><strong>Christi,</strong></span> <span class='ocrx_word' id='word_1_687' title='bbox 2597 4223 2681 4275; x_wconf 89' lang='lat' dir='ltr'><strong>cui</strong></span> <span class='ocrx_word' id='word_1_688' title='bbox 2727 4232 2779 4276; x_wconf 92' lang='lat' dir='ltr'><strong>et</strong></span> <span class='ocrx_word' id='word_1_689' title='bbox 2812 4223 3026 4275; x_wconf 78' lang='lat' dir='ltr'><strong>divinus</strong></span> <span class='ocrx_word' id='word_1_690' title='bbox 3062 4223 3223 4275; x_wconf 84' lang='lat' dir='ltr'><strong>Isaias</strong></span> <span class='ocrx_word' id='word_1_691' title='bbox 3267 4223 3468 4275; x_wconf 84' lang='lat' dir='ltr'><strong>clama-</strong></span> 
     </span>
    </p>
   </div>
   <div class='ocr_carea' id='block_1_91' title="bbox 1905 4311 3465 4375">
    <p class='ocr_par' dir='ltr' id='par_1_91' title="bbox 1905 4311 3465 4375">
     <span class='ocr_line' id='line_1_91' title="bbox 1905 4311 3465 4375; baseline -0.002 -8"><span class='ocrx_word' id='word_1_692' title='bbox 1905 4314 1994 4368; x_wconf 89' lang='lat' dir='ltr'><strong>bat</strong></span> <span class='ocrx_word' id='word_1_693' title='bbox 2028 4329 2042 4365; x_wconf 89' lang='lat'><strong>:</strong></span> <span class='ocrx_word' id='word_1_694' title='bbox 2075 4333 2093 4364; x_wconf 73' lang='grc' dir='ltr'><strong>ι</strong></span> <span class='ocrx_word' id='word_1_695' title='bbox 2130 4314 2298 4366; x_wconf 89' lang='lat' dir='ltr'><strong>Dilata</strong></span> <span class='ocrx_word' id='word_1_696' title='bbox 2326 4315 2497 4366; x_wconf 89' lang='lat' dir='ltr'><strong>locum</strong></span> <span class='ocrx_word' id='word_1_697' title='bbox 2540 4311 2751 4365; x_wconf 84' lang='lat' dir='ltr'><strong>teutorii</strong></span> <span class='ocrx_word' id='word_1_698' title='bbox 2784 4312 2879 4375; x_wconf 91' lang='lat' dir='ltr'><strong>tui,</strong></span> <span class='ocrx_word' id='word_1_699' title='bbox 2918 4322 2971 4365; x_wconf 86' lang='lat' dir='ltr'><strong>et</strong></span> <span class='ocrx_word' id='word_1_700' title='bbox 3011 4311 3302 4364; x_wconf 67' lang='lat' dir='ltr'><strong>aulicorum</strong></span> <span class='ocrx_word' id='word_1_701' title='bbox 3347 4323 3465 4364; x_wconf 86' lang='lat' dir='ltr'><strong>tuo-</strong></span> 
     </span>
    </p>
   </div>
   <div class='ocr_carea' id='block_1_92' title="bbox 1908 4401 3470 4476">
    <p class='ocr_par' dir='ltr' id='par_1_92' title="bbox 1908 4401 3470 4476">
     <span class='ocr_line' id='line_1_92' title="bbox 1908 4401 3470 4476; baseline -0.003 -17"><span class='ocrx_word' id='word_1_702' title='bbox 1908 4425 2022 4460; x_wconf 92' lang='lat' dir='ltr'><strong>rum</strong></span> <span class='ocrx_word' id='word_1_703' title='bbox 2055 4426 2067 4460; x_wconf 95' lang='lat'>:</span> <span class='ocrx_word' id='word_1_704' title='bbox 2103 4409 2223 4476; x_wconf 79' lang='lat' dir='ltr'><strong>ﬁge,</strong></span> <span class='ocrx_word' id='word_1_705' title='bbox 2265 4422 2331 4460; x_wconf 88' lang='lat' dir='ltr'><strong>ne</strong></span> <span class='ocrx_word' id='word_1_706' title='bbox 2375 4421 2584 4473; x_wconf 85' lang='lat' dir='ltr'><strong>parcas,</strong></span> <span class='ocrx_word' id='word_1_707' title='bbox 2626 4404 2886 4473; x_wconf 89' lang='lat' dir='ltr'><strong>protende</strong></span> <span class='ocrx_word' id='word_1_708' title='bbox 2939 4401 3207 4457; x_wconf 80' lang='lat' dir='ltr'><strong>funiculus</strong></span> <span class='ocrx_word' id='word_1_709' title='bbox 3245 4411 3383 4465; x_wconf 89' lang='lat' dir='ltr'><strong>tuos,</strong></span> <span class='ocrx_word' id='word_1_710' title='bbox 3416 4414 3470 4455; x_wconf 85' lang='lat' dir='ltr'><strong>et</strong></span> 
     </span>
    </p>
   </div>
   <div class='ocr_carea' id='block_1_93' title="bbox 1905 4494 3468 4560">
    <p class='ocr_par' dir='ltr' id='par_1_93' title="bbox 1905 4494 3468 4560">
     <span class='ocr_line' id='line_1_93' title="bbox 1905 4494 3468 4560; baseline -0.004 -7"><span class='ocrx_word' id='word_1_711' title='bbox 1905 4499 2086 4553; x_wconf 86' lang='lat' dir='ltr'><strong>clavos</strong></span> <span class='ocrx_word' id='word_1_712' title='bbox 2133 4497 2374 4552; x_wconf 75' lang='lat' dir='ltr'><strong>conferta</strong></span> <span class='ocrx_word' id='word_1_713' title='bbox 2425 4498 2618 4560; x_wconf 84' lang='lat' dir='ltr'><strong>adhuc,</strong></span> <span class='ocrx_word' id='word_1_714' title='bbox 2679 4497 2743 4549; x_wconf 87' lang='lat' dir='ltr'><strong>ad</strong></span> <span class='ocrx_word' id='word_1_715' title='bbox 2788 4495 3060 4548; x_wconf 78' lang='lat' dir='ltr'><strong>dexteram</strong></span> <span class='ocrx_word' id='word_1_716' title='bbox 3113 4504 3166 4548; x_wconf 88' lang='lat' dir='ltr'><strong>et</strong></span> <span class='ocrx_word' id='word_1_717' title='bbox 3219 4494 3285 4548; x_wconf 89' lang='lat' dir='ltr'><strong>ad</strong></span> <span class='ocrx_word' id='word_1_718' title='bbox 3335 4495 3468 4547; x_wconf 88' lang='lat' dir='ltr'><strong>sini-</strong></span> 
     </span>
    </p>
   </div>
   <div class='ocr_carea' id='block_1_94' title="bbox 222 4585 1810 4664">
    <p class='ocr_par' dir='ltr' id='par_1_94' title="bbox 222 4590 1798 4664">
     <span class='ocr_line' id='line_1_94' title="bbox 222 4590 1798 4664; baseline 0.001 -22"><span class='ocrx_word' id='word_1_719' title='bbox 222 4591 433 4661; x_wconf 72' lang='grc' dir='ltr'>σκηνῆς</span> <span class='ocrx_word' id='word_1_720' title='bbox 472 4608 590 4653; x_wconf 85' lang='grc' dir='ltr'>σου,</span> <span class='ocrx_word' id='word_1_721' title='bbox 626 4591 717 4643; x_wconf 72' lang='grc' dir='ltr'>καὶ</span> <span class='ocrx_word' id='word_1_722' title='bbox 750 4591 852 4643; x_wconf 82' lang='grc' dir='ltr'>τῶν</span> <span class='ocrx_word' id='word_1_723' title='bbox 877 4590 1114 4644; x_wconf 79' lang='grc' dir='ltr'>αύλαιῶν</span> <span class='ocrx_word' id='word_1_724' title='bbox 1151 4607 1262 4654; x_wconf 83' lang='grc' dir='ltr'>σου,</span> <span class='ocrx_word' id='word_1_725' title='bbox 1295 4591 1480 4658; x_wconf 76' lang='grc' dir='ltr'>πῆξον,</span> <span class='ocrx_word' id='word_1_726' title='bbox 1515 4591 1589 4659; x_wconf 83' lang='grc' dir='ltr'><strong>μὴ</strong></span> <span class='ocrx_word' id='word_1_727' title='bbox 1616 4593 1798 4664; x_wconf 80' lang='grc' dir='ltr'>φείσῃ,</span> 
     </span>
    </p>
   </div>
   <div class='ocr_carea' id='block_1_95' title="bbox 1916 4585 3466 4664">
    <p class='ocr_par' dir='ltr' id='par_1_95' title="bbox 1916 4585 3466 4656">
     <span class='ocr_line' id='line_1_95' title="bbox 1916 4585 3466 4656; baseline -0.003 -13"><span class='ocrx_word' id='word_1_728' title='bbox 1916 4600 2068 4644; x_wconf 78' lang='lat' dir='ltr'><strong>stram</strong></span> <span class='ocrx_word' id='word_1_729' title='bbox 2087 4590 2248 4642; x_wconf 85' lang='lat' dir='ltr'><strong>dilata</strong></span> <span class='ocrx_word' id='word_1_730' title='bbox 2285 4591 2353 4642; x_wconf 72' lang='lat'><strong>7‘.</strong></span> <span class='ocrx_word' id='word_1_731' title='bbox 2385 4608 2402 4640; x_wconf 72' lang='grc' dir='ltr'><strong>ι</strong></span> <span class='ocrx_word' id='word_1_732' title='bbox 2433 4588 2713 4641; x_wconf 83' lang='lat' dir='ltr'><strong>Dilatalam</strong></span> <span class='ocrx_word' id='word_1_733' title='bbox 2735 4603 2864 4656; x_wconf 78' lang='lat' dir='ltr'><strong>ergo</strong></span> <span class='ocrx_word' id='word_1_734' title='bbox 2891 4597 3132 4640; x_wconf 92' lang='lat' dir='ltr'><strong>sanctam</strong></span> <span class='ocrx_word' id='word_1_735' title='bbox 3170 4585 3466 4649; x_wconf 86' lang='lat' dir='ltr'><strong>civitatem,</strong></span> 
     </span>
    </p>
   </div>
   <div class='ocr_carea' id='block_1_96' title="bbox 223 4682 1796 4754">
    <p class='ocr_par' dir='ltr' id='par_1_96' title="bbox 223 4682 1796 4754">
     <span class='ocr_line' id='line_1_96' title="bbox 223 4682 1796 4754; baseline 0.001 -20"><span class='ocrx_word' id='word_1_736' title='bbox 223 4685 506 4754; x_wconf 63' lang='grc' dir='ltr'>ειάκρυνον</span> <span class='ocrx_word' id='word_1_737' title='bbox 531 4683 600 4734; x_wconf 79' lang='grc' dir='ltr'><strong>τά</strong></span> <span class='ocrx_word' id='word_1_738' title='bbox 645 4682 994 4752; x_wconf 68' lang='grc' dir='ltr'>σχοινίσματά</span> <span class='ocrx_word' id='word_1_739' title='bbox 1022 4700 1141 4747; x_wconf 87' lang='grc' dir='ltr'>σου,</span> <span class='ocrx_word' id='word_1_740' title='bbox 1193 4683 1284 4734; x_wconf 75' lang='grc' dir='ltr'><strong>καὶ</strong></span> <span class='ocrx_word' id='word_1_741' title='bbox 1316 4682 1440 4743; x_wconf 76' lang='grc' dir='ltr'>τοὺς</span> <span class='ocrx_word' id='word_1_742' title='bbox 1489 4683 1796 4746; x_wconf 80' lang='grc' dir='ltr'>πασσάλους</span> 
     </span>
    </p>
   </div>
   <div class='ocr_carea' id='block_1_97' title="bbox 219 4775 1796 4846">
    <p class='ocr_par' dir='ltr' id='par_1_97' title="bbox 219 4775 1796 4846">
     <span class='ocr_line' id='line_1_97' title="bbox 219 4775 1796 4846; baseline 0.001 -18"><span class='ocrx_word' id='word_1_743' title='bbox 219 4795 314 4830; x_wconf 81' lang='grc' dir='ltr'><strong>σου</strong></span> <span class='ocrx_word' id='word_1_744' title='bbox 349 4778 684 4846; x_wconf 75' lang='grc' dir='ltr'>κατίσχυσον</span> <span class='ocrx_word' id='word_1_745' title='bbox 707 4778 806 4838; x_wconf 79' lang='grc' dir='ltr'>ἔτι,</span> <span class='ocrx_word' id='word_1_746' title='bbox 839 4779 916 4838; x_wconf 83' lang='grc' dir='ltr'><strong>είς</strong></span> <span class='ocrx_word' id='word_1_747' title='bbox 945 4777 1010 4828; x_wconf 76' lang='grc' dir='ltr'><strong>τὰ</strong></span> <span class='ocrx_word' id='word_1_748' title='bbox 1041 4775 1189 4839; x_wconf 78' lang='grc' dir='ltr'>δεξιὰ</span> <span class='ocrx_word' id='word_1_749' title='bbox 1220 4776 1311 4828; x_wconf 88' lang='grc' dir='ltr'><strong>καί</strong></span> <span class='ocrx_word' id='word_1_750' title='bbox 1338 4776 1412 4836; x_wconf 82' lang='grc' dir='ltr'>εἰς</span> <span class='ocrx_word' id='word_1_751' title='bbox 1439 4775 1506 4826; x_wconf 81' lang='grc' dir='ltr'><strong>τὰ</strong></span> <span class='ocrx_word' id='word_1_752' title='bbox 1537 4776 1796 4846; x_wconf 76' lang='grc' dir='ltr'>ἀριστερὰ</span> 
     </span>
    </p>
   </div>
   <div class='ocr_carea' id='block_1_98' title="bbox 218 4859 1794 4934">
    <p class='ocr_par' dir='ltr' id='par_1_98' title="bbox 218 4859 1794 4934">
     <span class='ocr_line' id='line_1_98' title="bbox 218 4859 1794 4934; baseline -0.004 -15"><span class='ocrx_word' id='word_1_753' title='bbox 218 4869 554 4921; x_wconf 80' lang='grc' dir='ltr'>ἐκπέτασον.</span> <span class='ocrx_word' id='word_1_754' title='bbox 591 4885 610 4916; x_wconf 74' lang='grc' dir='ltr'><strong>ι</strong></span> <span class='ocrx_word' id='word_1_755' title='bbox 638 4865 1109 4934; x_wconf 81' lang='grc' dir='ltr'>Κατευρυνθεῐσαν</span> <span class='ocrx_word' id='word_1_756' title='bbox 1147 4864 1209 4931; x_wconf 80' lang='grc' dir='ltr'><strong>δὴ</strong></span> <span class='ocrx_word' id='word_1_757' title='bbox 1240 4859 1330 4914; x_wconf 77' lang='grc' dir='ltr'><strong>οὖν</strong></span> <span class='ocrx_word' id='word_1_758' title='bbox 1362 4862 1460 4930; x_wconf 80' lang='grc' dir='ltr'><strong>τὴν</strong></span> <span class='ocrx_word' id='word_1_759' title='bbox 1496 4862 1654 4928; x_wconf 85' lang='grc' dir='ltr'>ἁγίαν</span> <span class='ocrx_word' id='word_1_760' title='bbox 1698 4863 1794 4913; x_wconf 82' lang='grc' dir='ltr'><strong>πό-</strong></span> 
     </span>
    </p>
   </div>
   <div class='ocr_carea' id='block_1_99' title="bbox 216 4954 1791 5028">
    <p class='ocr_par' dir='ltr' id='par_1_99' title="bbox 216 4954 1791 5028">
     <span class='ocr_line' id='line_1_99' title="bbox 216 4954 1791 5028; baseline -0.003 -18"><span class='ocrx_word' id='word_1_761' title='bbox 216 4959 320 5024; x_wconf 86' lang='grc' dir='ltr'>λιν,</span> <span class='ocrx_word' id='word_1_762' title='bbox 363 4960 463 5012; x_wconf 74' lang='grc' dir='ltr'><strong>καὶ</strong></span> <span class='ocrx_word' id='word_1_763' title='bbox 517 4961 596 5020; x_wconf 81' lang='grc' dir='ltr'><strong>είς</strong></span> <span class='ocrx_word' id='word_1_764' title='bbox 629 4958 800 5028; x_wconf 76' lang='grc' dir='ltr'>μῆκος</span> <span class='ocrx_word' id='word_1_765' title='bbox 853 4957 914 5009; x_wconf 87' lang='grc' dir='ltr'><strong>τὸ</strong></span> <span class='ocrx_word' id='word_1_766' title='bbox 936 4955 1107 5026; x_wconf 75' lang='grc' dir='ltr'>ταύτῃ</span> <span class='ocrx_word' id='word_1_767' title='bbox 1153 4954 1359 5020; x_wconf 84' lang='grc' dir='ltr'>πρέπον</span> <span class='ocrx_word' id='word_1_768' title='bbox 1395 4954 1791 5024; x_wconf 73' lang='grc' dir='ltr'>ἐκτεινομένην,</span> 
     </span>
    </p>
   </div>
   <div class='ocr_carea' id='block_1_100' title="bbox 218 5041 1793 5117">
    <p class='ocr_par' dir='ltr' id='par_1_100' title="bbox 218 5041 1793 5117">
     <span class='ocr_line' id='line_1_100' title="bbox 218 5041 1793 5117; baseline -0.003 -17"><span class='ocrx_word' id='word_1_769' title='bbox 218 5051 640 5117; x_wconf 76' lang='grc' dir='ltr'>κατοικήσουσιν</span> <span class='ocrx_word' id='word_1_770' title='bbox 671 5048 718 5097; x_wconf 78' lang='lat' dir='ltr'><strong>oi</strong></span> <span class='ocrx_word' id='word_1_771' title='bbox 752 5045 916 5113; x_wconf 76' lang='grc' dir='ltr'>ἅγιοι,</span> <span class='ocrx_word' id='word_1_772' title='bbox 948 5046 1041 5097; x_wconf 70' lang='grc' dir='ltr'><strong>καὶ</strong></span> <span class='ocrx_word' id='word_1_773' title='bbox 1071 5044 1170 5095; x_wconf 73' lang='grc' dir='ltr'><strong>οὐκ</strong></span> <span class='ocrx_word' id='word_1_774' title='bbox 1191 5041 1360 5104; x_wconf 79' lang='grc' dir='ltr'>ἔσται,</span> <span class='ocrx_word' id='word_1_775' title='bbox 1408 5044 1589 5116; x_wconf 66' lang='grc' dir='ltr'>φησιν,</span> <span class='ocrx_word' id='word_1_776' title='bbox 1622 5061 1639 5092; x_wconf 76' lang='grc' dir='ltr'><strong>ι</strong></span> <span class='ocrx_word' id='word_1_777' title='bbox 1663 5045 1793 5096; x_wconf 81' lang='grc' dir='ltr'>ἀνά-</span> 
     </span>
    </p>
   </div>
   <div class='ocr_carea' id='block_1_101' title="bbox 216 5133 1795 5209">
    <p class='ocr_par' dir='ltr' id='par_1_101' title="bbox 216 5133 1795 5209">
     <span class='ocr_line' id='line_1_101' title="bbox 216 5133 1795 5209; baseline -0.003 -17"><span class='ocrx_word' id='word_1_778' title='bbox 216 5141 361 5209; x_wconf 81' lang='grc' dir='ltr'>θεμα</span> <span class='ocrx_word' id='word_1_779' title='bbox 391 5139 495 5203; x_wconf 78' lang='grc' dir='ltr'>ἔτι,</span> <span class='ocrx_word' id='word_1_780' title='bbox 519 5157 536 5187; x_wconf 79' lang='grc'><strong>›</strong></span> <span class='ocrx_word' id='word_1_781' title='bbox 560 5139 823 5201; x_wconf 81' lang='grc' dir='ltr'>τουτέστι,</span> <span class='ocrx_word' id='word_1_782' title='bbox 854 5138 974 5188; x_wconf 87' lang='grc' dir='ltr'>κατ’</span> <span class='ocrx_word' id='word_1_783' title='bbox 1005 5135 1191 5187; x_wconf 75' lang='grc' dir='ltr'>οὐδένα</span> <span class='ocrx_word' id='word_1_784' title='bbox 1212 5134 1407 5203; x_wconf 79' lang='grc' dir='ltr'>τρόπον</span> <span class='ocrx_word' id='word_1_785' title='bbox 1437 5133 1795 5205; x_wconf 64' lang='grc' dir='ltr'>ἀλλοτριωθῆ-</span> 
     </span>
    </p>
   </div>
   <div class='ocr_carea' id='block_1_102' title="bbox 216 5225 1792 5298">
    <p class='ocr_par' dir='ltr' id='par_1_102' title="bbox 216 5225 1792 5298">
     <span class='ocr_line' id='line_1_102' title="bbox 216 5225 1792 5298; baseline -0.004 -14"><span class='ocrx_word' id='word_1_786' title='bbox 216 5250 374 5284; x_wconf 86' lang='grc' dir='ltr'>σεται</span> <span class='ocrx_word' id='word_1_787' title='bbox 409 5229 568 5284; x_wconf 69' lang='grc' dir='ltr'><strong>Θεοῦ⁹</strong></span> <span class='ocrx_word' id='word_1_788' title='bbox 603 5229 824 5298; x_wconf 76' lang='grc' dir='ltr'>βεϐαίαν</span> <span class='ocrx_word' id='word_1_789' title='bbox 847 5227 954 5297; x_wconf 83' lang='grc' dir='ltr'><strong>γάρ</strong></span> <span class='ocrx_word' id='word_1_790' title='bbox 985 5228 1119 5295; x_wconf 78' lang='grc' dir='ltr'>αὐτῇ</span> <span class='ocrx_word' id='word_1_791' title='bbox 1148 5228 1412 5295; x_wconf 83' lang='grc' dir='ltr'>χαριεῖται</span> <span class='ocrx_word' id='word_1_792' title='bbox 1441 5225 1538 5294; x_wconf 84' lang='grc' dir='ltr'><strong>τὴν</strong></span> <span class='ocrx_word' id='word_1_793' title='bbox 1577 5227 1792 5294; x_wconf 83' lang='grc' dir='ltr'>ἀγάπη-</span> 
     </span>
    </p>
   </div>
   <div class='ocr_carea' id='block_1_103' title="bbox 213 5317 1792 5388">
    <p class='ocr_par' dir='ltr' id='par_1_103' title="bbox 213 5317 1792 5388">
     <span class='ocr_line' id='line_1_103' title="bbox 213 5317 1792 5388; baseline -0.005 -12"><span class='ocrx_word' id='word_1_794' title='bbox 213 5342 323 5388; x_wconf 84' lang='grc' dir='ltr'>σιν,</span> <span class='ocrx_word' id='word_1_795' title='bbox 363 5324 461 5377; x_wconf 69' lang='grc' dir='ltr'><strong>καὶ</strong></span> <span class='ocrx_word' id='word_1_796' title='bbox 491 5324 590 5375; x_wconf 86' lang='grc' dir='ltr'><strong>ούκ</strong></span> <span class='ocrx_word' id='word_1_797' title='bbox 623 5321 689 5374; x_wconf 84' lang='grc' dir='ltr'><strong>ἂν</strong></span> <span class='ocrx_word' id='word_1_798' title='bbox 721 5322 1005 5373; x_wconf 76' lang='grc' dir='ltr'>ἐκπέσοιεν</span> <span class='ocrx_word' id='word_1_799' title='bbox 1033 5319 1110 5370; x_wconf 82' lang='grc' dir='ltr'>ἔτι</span> <span class='ocrx_word' id='word_1_800' title='bbox 1146 5318 1280 5387; x_wconf 70' lang='grc' dir='ltr'>πρὸς</span> <span class='ocrx_word' id='word_1_801' title='bbox 1322 5317 1380 5370; x_wconf 81' lang='grc' dir='ltr'>τὸ</span> <span class='ocrx_word' id='word_1_802' title='bbox 1437 5318 1792 5387; x_wconf 85' lang='grc' dir='ltr'>προσκρούειν</span> 
     </span>
    </p>
   </div>
   <div class='ocr_carea' id='block_1_104' title="bbox 209 5407 1797 5486">
    <p class='ocr_par' dir='ltr' id='par_1_104' title="bbox 209 5407 1797 5486">
     <span class='ocr_line' id='line_1_104' title="bbox 209 5407 1797 5486; baseline -0.003 -23"><span class='ocrx_word' id='word_1_803' title='bbox 209 5415 356 5486; x_wconf 50' lang='lat' dir='ltr'><strong>(aeq),</strong></span> <span class='ocrx_word' id='word_1_804' title='bbox 410 5413 782 5486; x_wconf 79' lang='grc' dir='ltr'>ἀνῃρημένης,</span> <span class='ocrx_word' id='word_1_805' title='bbox 838 5411 911 5472; x_wconf 81' lang='grc' dir='ltr'>ὡς</span> <span class='ocrx_word' id='word_1_806' title='bbox 957 5410 1110 5477; x_wconf 66' lang='grc' dir='ltr'>ἔφην,</span> <span class='ocrx_word' id='word_1_807' title='bbox 1167 5408 1267 5474; x_wconf 80' lang='grc' dir='ltr'>τῆς</span> <span class='ocrx_word' id='word_1_808' title='bbox 1326 5407 1594 5475; x_wconf 86' lang='grc' dir='ltr'>ἁμαρτίας</span> <span class='ocrx_word' id='word_1_809' title='bbox 1623 5409 1700 5468; x_wconf 79' lang='grc' dir='ltr'>εἰς</span> <span class='ocrx_word' id='word_1_810' title='bbox 1738 5407 1797 5460; x_wconf 81' lang='grc' dir='ltr'><strong>τὸ</strong></span> 
     </span>
    </p>
   </div>
   <div class='ocr_carea' id='block_1_105' title="bbox 208 5497 1796 5571">
    <p class='ocr_par' dir='ltr' id='par_1_105' title="bbox 208 5497 1796 5571">
     <span class='ocr_line' id='line_1_105' title="bbox 208 5497 1796 5571; baseline -0.007 -12"><span class='ocrx_word' id='word_1_811' title='bbox 208 5506 503 5568; x_wconf 73' lang='grc' dir='ltr'>παντελὲς,</span> <span class='ocrx_word' id='word_1_812' title='bbox 531 5506 628 5558; x_wconf 72' lang='grc' dir='ltr'><strong>καὶ</strong></span> <span class='ocrx_word' id='word_1_813' title='bbox 659 5502 752 5556; x_wconf 72' lang='grc' dir='ltr'>τοῦ</span> <span class='ocrx_word' id='word_1_814' title='bbox 797 5501 1144 5571; x_wconf 79' lang='grc' dir='ltr'>πειράζοντος</span> <span class='ocrx_word' id='word_1_815' title='bbox 1169 5498 1398 5550; x_wconf 75' lang='grc' dir='ltr'>Σατανᾶ.</span> <span class='ocrx_word' id='word_1_816' title='bbox 1424 5498 1497 5549; x_wconf 82' lang='grc' dir='ltr'><strong>Οὐ</strong></span> <span class='ocrx_word' id='word_1_817' title='bbox 1516 5497 1622 5565; x_wconf 82' lang='grc' dir='ltr'><strong>γὰρ</strong></span> <span class='ocrx_word' id='word_1_818' title='bbox 1646 5497 1796 5548; x_wconf 76' lang='grc' dir='ltr'>ἔσται</span> 
     </span>
    </p>
   </div>
   <div class='ocr_carea' id='block_1_106' title="bbox 204 5588 1796 5665">
    <p class='ocr_par' dir='ltr' id='par_1_106' title="bbox 204 5588 1796 5665">
     <span class='ocr_line' id='line_1_106' title="bbox 204 5588 1796 5665; baseline -0.008 -13"><span class='ocrx_word' id='word_1_819' title='bbox 204 5603 329 5652; x_wconf 73' lang='grc' dir='ltr'>ἐκεῖ</span> <span class='ocrx_word' id='word_1_820' title='bbox 352 5599 510 5665; x_wconf 83' lang='grc' dir='ltr'>λέων,</span> <span class='ocrx_word' id='word_1_821' title='bbox 536 5597 658 5649; x_wconf 73' lang='grc' dir='ltr'>οὐδὲ</span> <span class='ocrx_word' id='word_1_822' title='bbox 686 5595 792 5648; x_wconf 83' lang='grc' dir='ltr'><strong>τῶν</strong></span> <span class='ocrx_word' id='word_1_823' title='bbox 826 5594 1028 5661; x_wconf 84' lang='grc' dir='ltr'>θηρίων</span> <span class='ocrx_word' id='word_1_824' title='bbox 1057 5593 1159 5644; x_wconf 78' lang='grc' dir='ltr'><strong>τῶν</strong></span> <span class='ocrx_word' id='word_1_825' title='bbox 1187 5588 1433 5659; x_wconf 75' lang='grc' dir='ltr'>πονηρῶν</span> <span class='ocrx_word' id='word_1_826' title='bbox 1462 5589 1610 5641; x_wconf 58' lang='grc' dir='ltr'>οἰδὲν</span> <span class='ocrx_word' id='word_1_827' title='bbox 1637 5590 1693 5640; x_wconf 83' lang='grc' dir='ltr'><strong>ού</strong></span> <span class='ocrx_word' id='word_1_828' title='bbox 1723 5590 1796 5658; x_wconf 81' lang='grc' dir='ltr'>μὴ</span> 
     </span>
    </p>
   </div>
   <div class='ocr_carea' id='block_1_107' title="bbox 280 5770 1478 5838">
    <p class='ocr_par' dir='ltr' id='par_1_107' title="bbox 280 5770 1478 5838">
     <span class='ocr_line' id='line_1_107' title="bbox 280 5770 1478 5838; baseline -0.006 -10"><span class='ocrx_word' id='word_1_829' title='bbox 280 5777 326 5806; x_wconf 59' lang='grc'><strong>⁷⁵</strong></span> <span class='ocrx_word' id='word_1_830' title='bbox 371 5775 502 5827; x_wconf 70' lang='lat' dir='ltr'><strong>Dan.</strong></span> <span class='ocrx_word' id='word_1_831' title='bbox 548 5774 726 5838; x_wconf 53' lang='grc' dir='ltr'><strong>1ἓ,43.</strong></span> <span class='ocrx_word' id='word_1_832' title='bbox 810 5773 852 5801; x_wconf 76' lang='grc'><strong>’⁵³</strong></span> <span class='ocrx_word' id='word_1_833' title='bbox 900 5771 1087 5823; x_wconf 65' lang='grc' dir='ltr'>Ῐίιιξιῖι.</span> <span class='ocrx_word' id='word_1_834' title='bbox 1127 5787 1208 5829; x_wconf 70' lang='lat' dir='ltr'><strong>\t,</strong></span> <span class='ocrx_word' id='word_1_835' title='bbox 1240 5770 1294 5821; x_wconf 70' lang='lat'><strong>[3!</strong></span> <span class='ocrx_word' id='word_1_836' title='bbox 1332 5784 1478 5836; x_wconf 62' lang='lat' dir='ltr'><strong>seqq.</strong></span> 
     </span>
    </p>
   </div>
   <div class='ocr_carea' id='block_1_108' title="bbox 1905 4664 3466 4750">
    <p class='ocr_par' dir='ltr' id='par_1_108' title="bbox 1905 4664 3466 4750">
     <span class='ocr_line' id='line_1_108' title="bbox 1905 4664 3466 4750; baseline -0.006 -13"><span class='ocrx_word' id='word_1_837' title='bbox 1905 4694 1954 4737; x_wconf 93' lang='lat' dir='ltr'><strong>ct</strong></span> <span class='ocrx_word' id='word_1_838' title='bbox 1985 4684 2034 4735; x_wconf 91' lang='lat' dir='ltr'><strong>in</strong></span> <span class='ocrx_word' id='word_1_839' title='bbox 2070 4682 2452 4750; x_wconf 84' lang='lat' dir='ltr'><strong>longitudinem</strong></span> <span class='ocrx_word' id='word_1_840' title='bbox 2478 4682 2822 4748; x_wconf 88' lang='lat' dir='ltr'><strong>proportione</strong></span> <span class='ocrx_word' id='word_1_841' title='bbox 2851 4679 3150 4733; x_wconf 88' lang='lat' dir='ltr'><strong>latitudinis</strong></span> <span class='ocrx_word' id='word_1_842' title='bbox 3189 4664 3466 4732; x_wconf 67' lang='lat' dir='ltr'><strong>emensam</strong></span> 
     </span>
    </p>
   </div>
   <div class='ocr_carea' id='block_1_109' title="bbox 1905 4770 3463 4838">
    <p class='ocr_par' dir='ltr' id='par_1_109' title="bbox 1905 4770 3463 4838">
     <span class='ocr_line' id='line_1_109' title="bbox 1905 4770 3463 4838; baseline -0.005 -10"><span class='ocrx_word' id='word_1_843' title='bbox 1905 4774 2222 4828; x_wconf 85' lang='lat' dir='ltr'><strong>habitabunt</strong></span> <span class='ocrx_word' id='word_1_844' title='bbox 2263 4773 2453 4836; x_wconf 86' lang='lat' dir='ltr'><strong>sancti,</strong></span> <span class='ocrx_word' id='word_1_845' title='bbox 2497 4781 2684 4825; x_wconf 88' lang='lat' dir='ltr'><strong>etnon</strong></span> <span class='ocrx_word' id='word_1_846' title='bbox 2728 4773 2850 4832; x_wconf 89' lang='lat' dir='ltr'><strong>erit,</strong></span> <span class='ocrx_word' id='word_1_847' title='bbox 2893 4772 3088 4838; x_wconf 87' lang='lat' dir='ltr'><strong>inquit,</strong></span> <span class='ocrx_word' id='word_1_848' title='bbox 3128 4788 3145 4820; x_wconf 72' lang='grc' dir='ltr'><strong>ι</strong></span> <span class='ocrx_word' id='word_1_849' title='bbox 3181 4770 3463 4823; x_wconf 88' lang='lat' dir='ltr'><strong>anathema</strong></span> 
     </span>
    </p>
   </div>
   <div class='ocr_carea' id='block_1_110' title="bbox 1902 4858 3462 4932">
    <p class='ocr_par' dir='ltr' id='par_1_110' title="bbox 1902 4858 3462 4932">
     <span class='ocr_line' id='line_1_110' title="bbox 1902 4858 3462 4932; baseline -0.005 -16"><span class='ocrx_word' id='word_1_850' title='bbox 1902 4863 2133 4932; x_wconf 89' lang='lat' dir='ltr'><strong>amplius</strong></span> <span class='ocrx_word' id='word_1_851' title='bbox 2168 4879 2181 4914; x_wconf 93' lang='lat'><strong>:</strong></span> <span class='ocrx_word' id='word_1_852' title='bbox 2222 4881 2240 4913; x_wconf 70' lang='grc' dir='ltr'><strong>ι</strong></span> <span class='ocrx_word' id='word_1_853' title='bbox 2278 4861 2378 4914; x_wconf 92' lang='lat' dir='ltr'><strong>hoc</strong></span> <span class='ocrx_word' id='word_1_854' title='bbox 2411 4871 2513 4927; x_wconf 90' lang='lat' dir='ltr'><strong>est,</strong></span> <span class='ocrx_word' id='word_1_855' title='bbox 2543 4861 2686 4914; x_wconf 90' lang='lat' dir='ltr'><strong>nullo</strong></span> <span class='ocrx_word' id='word_1_856' title='bbox 2722 4861 2881 4914; x_wconf 90' lang='lat' dir='ltr'><strong>modo</strong></span> <span class='ocrx_word' id='word_1_857' title='bbox 2912 4877 2939 4913; x_wconf 90' lang='lat' dir='ltr'><strong>a</strong></span> <span class='ocrx_word' id='word_1_858' title='bbox 2973 4861 3082 4914; x_wconf 90' lang='lat' dir='ltr'><strong>Deo</strong></span> <span class='ocrx_word' id='word_1_859' title='bbox 3124 4858 3462 4919; x_wconf 86' lang='lat' dir='ltr'><strong>alienabitur,</strong></span> 
     </span>
    </p>
   </div>
   <div class='ocr_carea' id='block_1_111' title="bbox 1902 4951 3466 5022">
    <p class='ocr_par' dir='ltr' id='par_1_111' title="bbox 1902 4951 3466 5022">
     <span class='ocr_line' id='line_1_111' title="bbox 1902 4951 3466 5022; baseline -0.007 -12"><span class='ocrx_word' id='word_1_860' title='bbox 1902 4955 2146 5010; x_wconf 88' lang='lat' dir='ltr'><strong>stabilem</strong></span> <span class='ocrx_word' id='word_1_861' title='bbox 2179 4953 2318 5008; x_wconf 90' lang='lat' dir='ltr'><strong>enim</strong></span> <span class='ocrx_word' id='word_1_862' title='bbox 2355 4955 2402 5007; x_wconf 92' lang='lat' dir='ltr'><strong>ei</strong></span> <span class='ocrx_word' id='word_1_863' title='bbox 2439 4953 2753 5007; x_wconf 86' lang='lat' dir='ltr'><strong>charitatem</strong></span> <span class='ocrx_word' id='word_1_864' title='bbox 2793 4953 3066 5022; x_wconf 79' lang='lat' dir='ltr'><strong>largietur,</strong></span> <span class='ocrx_word' id='word_1_865' title='bbox 3097 4964 3194 5003; x_wconf 84' lang='lat' dir='ltr'><strong>nec</strong></span> <span class='ocrx_word' id='word_1_866' title='bbox 3224 4952 3359 5004; x_wconf 87' lang='lat' dir='ltr'><strong>ultra</strong></span> <span class='ocrx_word' id='word_1_867' title='bbox 3389 4951 3466 5001; x_wconf 61' lang='lat' dir='ltr'><strong>ln-</strong></span> 
     </span>
    </p>
   </div>
   <div class='ocr_carea' id='block_1_112' title="bbox 1903 5041 3466 5112">
    <p class='ocr_par' dir='ltr' id='par_1_112' title="bbox 1903 5041 3466 5112">
     <span class='ocr_line' id='line_1_112' title="bbox 1903 5041 3466 5112; baseline -0.006 -12"><span class='ocrx_word' id='word_1_868' title='bbox 1903 5048 2096 5100; x_wconf 88' lang='lat' dir='ltr'><strong>bentur</strong></span> <span class='ocrx_word' id='word_1_869' title='bbox 2123 5054 2180 5097; x_wconf 91' lang='lat' dir='ltr'><strong>ut</strong></span> <span class='ocrx_word' id='word_1_870' title='bbox 2213 5045 2375 5098; x_wconf 89' lang='lat' dir='ltr'><strong>Deum</strong></span> <span class='ocrx_word' id='word_1_871' title='bbox 2413 5043 2712 5106; x_wconf 77' lang='lat' dir='ltr'><strong>oﬂendant,</strong></span> <span class='ocrx_word' id='word_1_872' title='bbox 2757 5052 2996 5112; x_wconf 86' lang='lat' dir='ltr'><strong>peccato,</strong></span> <span class='ocrx_word' id='word_1_873' title='bbox 3027 5052 3084 5094; x_wconf 92' lang='lat' dir='ltr'><strong>ut</strong></span> <span class='ocrx_word' id='word_1_874' title='bbox 3127 5041 3257 5104; x_wconf 81' lang='lat' dir='ltr'><strong>dixi,</strong></span> <span class='ocrx_word' id='word_1_875' title='bbox 3289 5052 3342 5094; x_wconf 86' lang='lat' dir='ltr'><strong>et</strong></span> <span class='ocrx_word' id='word_1_876' title='bbox 3373 5041 3466 5093; x_wconf 86' lang='lat' dir='ltr'><strong>Sa-</strong></span> 
     </span>
    </p>
   </div>
   <div class='ocr_carea' id='block_1_113' title="bbox 1906 5131 3465 5204">
    <p class='ocr_par' dir='ltr' id='par_1_113' title="bbox 1906 5131 3465 5204">
     <span class='ocr_line' id='line_1_113' title="bbox 1906 5131 3465 5204; baseline -0.007 -14"><span class='ocrx_word' id='word_1_877' title='bbox 1906 5147 2028 5190; x_wconf 89' lang='lat' dir='ltr'><strong>tana</strong></span> <span class='ocrx_word' id='word_1_878' title='bbox 2060 5145 2324 5188; x_wconf 88' lang='lat' dir='ltr'><strong>tentatore</strong></span> <span class='ocrx_word' id='word_1_879' title='bbox 2352 5150 2574 5204; x_wconf 84' lang='lat' dir='ltr'><strong>prorsus</strong></span> <span class='ocrx_word' id='word_1_880' title='bbox 2600 5135 2849 5188; x_wconf 86' lang='lat' dir='ltr'><strong>sublatis.</strong></span> <span class='ocrx_word' id='word_1_881' title='bbox 2895 5133 3006 5185; x_wconf 83' lang='lat' dir='ltr'><strong>Non</strong></span> <span class='ocrx_word' id='word_1_882' title='bbox 3053 5131 3194 5183; x_wconf 78' lang='lat' dir='ltr'><strong>enim</strong></span> <span class='ocrx_word' id='word_1_883' title='bbox 3241 5133 3343 5183; x_wconf 89' lang='lat' dir='ltr'><strong>erit</strong></span> <span class='ocrx_word' id='word_1_884' title='bbox 3397 5131 3465 5182; x_wconf 82' lang='grc' dir='ltr'>ἱι›ι</span> 
     </span>
    </p>
   </div>
   <div class='ocr_carea' id='block_1_114' title="bbox 1904 5220 3464 5292">
    <p class='ocr_par' dir='ltr' id='par_1_114' title="bbox 1904 5220 3464 5292">
     <span class='ocr_line' id='line_1_114' title="bbox 1904 5220 3464 5292; baseline -0.006 -12"><span class='ocrx_word' id='word_1_885' title='bbox 1904 5229 2006 5292; x_wconf 89' lang='lat' dir='ltr'><strong>leo,</strong></span> <span class='ocrx_word' id='word_1_886' title='bbox 2041 5241 2139 5279; x_wconf 84' lang='lat' dir='ltr'><strong>nec</strong></span> <span class='ocrx_word' id='word_1_887' title='bbox 2169 5227 2270 5278; x_wconf 91' lang='lat' dir='ltr'><strong>ulla</strong></span> <span class='ocrx_word' id='word_1_888' title='bbox 2316 5226 2578 5278; x_wconf 87' lang='lat' dir='ltr'><strong>malarum</strong></span> <span class='ocrx_word' id='word_1_889' title='bbox 2607 5225 2902 5276; x_wconf 89' lang='lat' dir='ltr'><strong>bestiarum</strong></span> <span class='ocrx_word' id='word_1_890' title='bbox 2930 5222 2994 5272; x_wconf 86' lang='lat' dir='ltr'><strong>ad</strong></span> <span class='ocrx_word' id='word_1_891' title='bbox 3026 5220 3165 5271; x_wconf 75' lang='lat' dir='ltr'><strong>illam</strong></span> <span class='ocrx_word' id='word_1_892' title='bbox 3192 5221 3464 5283; x_wconf 78' lang='lat' dir='ltr'><strong>ascendet,</strong></span> 
     </span>
    </p>
   </div>
   <div class='ocr_carea' id='block_1_115' title="bbox 1904 5309 3465 5370">
    <p class='ocr_par' dir='ltr' id='par_1_115' title="bbox 1904 5309 3465 5370">
     <span class='ocr_line' id='line_1_115' title="bbox 1904 5309 3465 5370; baseline -0.004 0"><span class='ocrx_word' id='word_1_893' title='bbox 1904 5333 2003 5370; x_wconf 87' lang='lat' dir='ltr'><strong>nec</strong></span> <span class='ocrx_word' id='word_1_894' title='bbox 2032 5315 2331 5369; x_wconf 84' lang='lat' dir='ltr'><strong>invenietur</strong></span> <span class='ocrx_word' id='word_1_895' title='bbox 2354 5316 2444 5368; x_wconf 92' lang='lat' dir='ltr'><strong>ibi.</strong></span> <span class='ocrx_word' id='word_1_896' title='bbox 2480 5332 2498 5364; x_wconf 76' lang='grc' dir='ltr'><strong>ι</strong></span> <span class='ocrx_word' id='word_1_897' title='bbox 2547 5311 2874 5367; x_wconf 81' lang='lat' dir='ltr'><strong>Habitabant</strong></span> <span class='ocrx_word' id='word_1_898' title='bbox 2903 5311 3044 5362; x_wconf 91' lang='lat' dir='ltr'><strong>enim</strong></span> <span class='ocrx_word' id='word_1_899' title='bbox 3063 5309 3410 5364; x_wconf 83' lang='lat' dir='ltr'><strong>conﬁdenter.</strong></span> <span class='ocrx_word' id='word_1_900' title='bbox 3442 5329 3465 5363; x_wconf 72' lang='grc' dir='ltr'><strong>ο</strong></span> 
     </span>
    </p>
   </div>
   <div class='ocr_carea' id='block_1_116' title="bbox 1904 5401 3469 5472">
    <p class='ocr_par' dir='ltr' id='par_1_116' title="bbox 1904 5401 3469 5472">
     <span class='ocr_line' id='line_1_116' title="bbox 1904 5401 3469 5472; baseline -0.001 -15"><span class='ocrx_word' id='word_1_901' title='bbox 1904 5409 2167 5472; x_wconf 81' lang='lat' dir='ltr'><strong>Quoniam</strong></span> <span class='ocrx_word' id='word_1_902' title='bbox 2197 5416 2375 5458; x_wconf 89' lang='lat' dir='ltr'><strong>autem</strong></span> <span class='ocrx_word' id='word_1_903' title='bbox 2406 5406 2671 5459; x_wconf 88' lang='lat' dir='ltr'><strong>insertum</strong></span> <span class='ocrx_word' id='word_1_904' title='bbox 2701 5412 2782 5454; x_wconf 88' lang='lat' dir='ltr'><strong>est</strong></span> <span class='ocrx_word' id='word_1_905' title='bbox 2817 5420 2829 5454; x_wconf 93' lang='lat'><strong>:</strong></span> <span class='ocrx_word' id='word_1_906' title='bbox 2867 5420 2884 5451; x_wconf 85' lang='grc'><em>‹</em></span> <span class='ocrx_word' id='word_1_907' title='bbox 2925 5401 3088 5451; x_wconf 68' lang='grc' dir='ltr'>ιὶιιιηιι</span> <span class='ocrx_word' id='word_1_908' title='bbox 3113 5414 3241 5454; x_wconf 73' lang='lat' dir='ltr'><strong>vero</strong></span> <span class='ocrx_word' id='word_1_909' title='bbox 3275 5402 3325 5456; x_wconf 93' lang='lat' dir='ltr'><strong>in</strong></span> <span class='ocrx_word' id='word_1_910' title='bbox 3355 5403 3469 5456; x_wconf 65' lang='lat' dir='ltr'><strong>loco</strong></span> 
     </span>
    </p>
   </div>
   <div class='ocr_carea' id='block_1_117' title="bbox 1904 5492 3465 5565">
    <p class='ocr_par' dir='ltr' id='par_1_117' title="bbox 1904 5492 3465 5565">
     <span class='ocr_line' id='line_1_117' title="bbox 1904 5492 3465 5565; baseline -0.008 -13"><span class='ocrx_word' id='word_1_911' title='bbox 1904 5497 2263 5565; x_wconf 83' lang='lat' dir='ltr'><strong>permanebit,</strong></span> <span class='ocrx_word' id='word_1_912' title='bbox 2305 5515 2322 5546; x_wconf 75' lang='grc' dir='ltr'><strong>ι</strong></span> <span class='ocrx_word' id='word_1_913' title='bbox 2354 5512 2562 5549; x_wconf 91' lang='lat' dir='ltr'><strong>rursum</strong></span> <span class='ocrx_word' id='word_1_914' title='bbox 2616 5493 2746 5547; x_wconf 86' lang='lat' dir='ltr'><strong>illud</strong></span> <span class='ocrx_word' id='word_1_915' title='bbox 2803 5492 3034 5545; x_wconf 83' lang='lat' dir='ltr'><strong>dicimus</strong></span> <span class='ocrx_word' id='word_1_916' title='bbox 3089 5505 3303 5545; x_wconf 87' lang='lat' dir='ltr'><strong>sensum</strong></span> <span class='ocrx_word' id='word_1_917' title='bbox 3351 5509 3465 5549; x_wconf 59' lang='grc' dir='ltr'>ιρι·-</span> 
     </span>
    </p>
   </div>
   <div class='ocr_carea' id='block_1_118' title="bbox 1906 5585 3467 5657">
    <p class='ocr_par' dir='ltr' id='par_1_118' title="bbox 1906 5585 3467 5657">
     <span class='ocr_line' id='line_1_118' title="bbox 1906 5585 3467 5657; baseline -0.004 -14"><span class='ocrx_word' id='word_1_918' title='bbox 1906 5592 2095 5644; x_wconf 85' lang='lat' dir='ltr'><strong>borum</strong></span> <span class='ocrx_word' id='word_1_919' title='bbox 2125 5597 2385 5657; x_wconf 77' lang='lat' dir='ltr'><strong>quantum</strong></span> <span class='ocrx_word' id='word_1_920' title='bbox 2431 5587 2484 5640; x_wconf 87' lang='lat' dir='ltr'><strong>in</strong></span> <span class='ocrx_word' id='word_1_921' title='bbox 2523 5587 2676 5641; x_wconf 76' lang='lat' dir='ltr'><strong>nobis</strong></span> <span class='ocrx_word' id='word_1_922' title='bbox 2710 5594 2793 5641; x_wconf 63' lang='lat'><strong>0:51</strong></span> <span class='ocrx_word' id='word_1_923' title='bbox 2829 5585 3268 5651; x_wconf 79' lang='lat' dir='ltr'><strong>interpretantes.</strong></span> <span class='ocrx_word' id='word_1_924' title='bbox 3305 5586 3467 5638; x_wconf 60' lang='lat' dir='ltr'><strong>Ruina</strong></span> 
     </span>
    </p>
   </div>
   <div class='ocr_carea' id='block_1_119' title="bbox 1557 5765 2029 5833">
    <p class='ocr_par' dir='ltr' id='par_1_119' title="bbox 1557 5765 2029 5833">
     <span class='ocr_line' id='line_1_119' title="bbox 1557 5765 2029 5833; baseline 0.002 -15"><span class='ocrx_word' id='word_1_925' title='bbox 1557 5769 1599 5797; x_wconf 72' lang='grc'><strong>⁷⁸³</strong></span> <span class='ocrx_word' id='word_1_926' title='bbox 1635 5767 1731 5818; x_wconf 82' lang='lat' dir='ltr'><strong>lsa.</strong></span> <span class='ocrx_word' id='word_1_927' title='bbox 1760 5779 1863 5822; x_wconf 78' lang='lat' dir='ltr'><strong>Liv,</strong></span> <span class='ocrx_word' id='word_1_928' title='bbox 1895 5765 1948 5833; x_wconf 72' lang='grc' dir='ltr'>εν,</span> <span class='ocrx_word' id='word_1_929' title='bbox 1977 5767 2029 5819; x_wconf 77' lang='grc'><strong>5.</strong></span> 
     </span>
    </p>
   </div>
  </div>
