4026 6276
475 386 597 444 ,ςδῖ
763 445 770 458 ν
1488 367 1543 429 s.
1588 373 1859 429 CYltlLlJ
1900 371 2065 427 ALU

2172 361 2370 426 ;ntu;\'l
2413 361 2733 427 .\llClllEP.
3662 364 3762 427 263

498 500 707 565 minstu
741 501 1004 556 liberatus
1024 487 1072 551 7.
1097 497 1227 563 Quin
1259 511 1345 550 res
1379 504 1534 564 typus
1565 495 1783 564 quidam
1814 503 1933 548 erat
1966 509 2075 566 my.

2177 494 2276 547 πὸν
2322 494 2522 562 ὡραῖον
2581 493 2761 558 ξύλου,
2809 493 2896 547 xat‘t
2949 491 3176 554 κλάδους
3212 490 3371 558 ξύλου
3408 490 3624 556 δασεῖς,
3673 497 3763 548 καὶ

499 594 650 650 sterii
685 593 737 649 in
772 588 1018 646 Christo.
1051 585 1230 656 Erepti
1269 584 1413 639 enim
1449 599 1637 640 sumus
1667 599 1765 639 nos
1797 599 2010 654 quoque
2045 599 2075 638 e

2179 585 2353 651 ἰτέας,
2400 587 2493 640 καὶ
2525 586 2687 654 ἄγνου
2739 583 2994 648 κλάδους,
3032 583 3206 636 πίνειν
3249 601 3305 636 τε
3345 581 3493 654 ὕδωρ
3532 585 3597 634 ἐκ
3648 600 3759 652 χει-

498 685 692 750 tliaboli
738 682 1022 746 servitute,
1059 687 1113 733 et
1151 677 1348 744 vocali,
1392 687 1450 730 ut
1493 676 1626 743 disi,
1671 677 1722 730 in
1765 675 2072 731 libertatem

2179 678 2413 748 μάρρου,
2447 679 2542 731 καὶ
2572 677 2659 730 ἐπ’
2697 677 2881 739 αὐτοῖς
2925 673 3440 745 κατευφραίνεσθαι.
3482 674 3595 727 Καὶ
3630 675 3765 745 πρό-

491 794 591 847 pcr
625 776 900 832 Christum
920 772 964 840 ⁸,
1005 779 1060 826 et
1115 769 1240 824 facti
1282 768 1382 824 sub
1439 769 1814 823 universorum
1860 782 1984 838 rege
2021 776 2076 823 et

2176 785 2337 836 φασιν
2369 767 2466 837 μὲν
2492 768 2519 820 6
2544 766 2705 837 νόμος
2727 766 2958 818 ἐποιεῖτο
2985 764 3084 834 τῆς
3116 762 3332 834 ἑορτῆς,
3360 763 3421 814 τὸ
3449 764 3507 815 ὲν
3534 765 3763 832 σκηναῖς

485 865 632 934 vita,
681 875 922 921 veterum
977 862 1311 918 dominorum
1359 860 1699 914 immanitate
1746 868 2071 929 contempta.

2177 859 2500 928 κατοικῆσαι
2539 858 2629 910 τὸν
2668 856 2911 928 Ἰσραὴλ,
2961 856 3058 926 τῆς
3092 853 3409 922 Αἰγυπτίων
3448 852 3762 918 πλεονεξίας

496 957 850 1014 tlelebramus
885 963 1064 1012 autem
1103 968 1289 1008 verum
1328 951 1673 1023 Scenopegiae
1708 952 1934 1017 festum,
1973 952 2076 1006 hoc

2176 949 2530 1020 ἐξῃρημένον.
2555 945 2664 1003 Ἦν
2705 950 2761 1003 δὲ
2795 949 2904 1020 ἄρα
2931 948 2990 1002 τὸ
3022 949 3214 1019 χρῆμα
3249 947 3551 1018 μυστηρίου
3594 946 3762 1011 τόπος

495 1061 579 1104 est
629 1050 773 1104 diem
810 1045 1224 1104 resurrectionis
1265 1043 1498 1108 Christi,
1553 1041 1767 1112 quando
1801 1042 1983 1098 omnia
2021 1043 2074 1097 in

2176 1040 2268 1094 τοῦ
2297 1041 2437 1095 κατά
2465 1041 2720 1110 Χριστόν.
2788 1039 3136 1112 Ἐξῃρήμεθα
3160 1039 3266 1112 γάρ
3294 1031 3390 1092 καὶ
3417 1041 3580 1110 ἡμεῖς
3611 1039 3766 1092 αὐτοὶ

441 1201 445 1208 ι
498 1141 613 1207 ipso
649 1153 878 1208 corpora
914 1135 1066 1206 quasi
1106 1135 1209 1189 lixa
1245 1143 1298 1188 et
1333 1143 1612 1202 compacta
1649 1141 1797 1197 sunt,
1831 1147 2024 1202 quamv

2175 1134 2274 1203 τῆς
2300 1132 2396 1185 τοῦ
2421 1132 2666 1186 διαϐόλου
2695 1131 3030 1198 πλεονεξίας,
3056 1130 3373 1202 κεκλήμεθα
3397 1147 3477 1195 τε,
3503 1130 3579 1194 ὡς
3607 1131 3762 1202 ἔφην,

498 1226 845 1300 corruptione
898 1226 1157 1282 dissoluta
1210 1233 1261 1280 et
1314 1239 1344 1277 a
1403 1230 1576 1278 morte
1627 1233 1912 1293 occupata.
1957 1223 2076 1292 ipse

2177 1225 2257 1287 είς
2296 1223 2611 1294 ἐλευθερίαν
2649 1224 2737 1278 διὰ
2760 1224 3018 1297 Χριστοῦ,
3049 1224 3141 1277 καὶ
3169 1225 3259 1277 ὑπ’
3285 1222 3432 1295 αὐτῷ
3459 1223 3765 1292 γεγόναμεν

497 1323 642 1390 enim
679 1331 762 1376 est
801 1318 1165 1398 resurrectio,
1207 1317 1321 1385 ipse
1362 1316 1472 1371 vita
1514 1316 1558 1383 ’,
1623 1315 1772 1370 velut
1825 1316 2077 1385 primitiae

2178 1314 2254 1385 τῷ
2284 1314 2392 1368 τῶν
2422 1315 2558 1368 ὅλων
2594 1311 2802 1385 βασιλεί
2857 1315 2950 1368 καὶ
2980 1313 3115 1386 ζωῇ,
3152 1313 3250 1384 τῆς
3283 1313 3394 1366 τῶν
3430 1300 3601 1366 πάλαι
3629 1330 3768 1384 κρα-

499 1429 562 1470 es
589 1414 837 1478 mortuis,
864 1431 882 1465 ι
905 1421 958 1470 et
980 1412 1231 1482 primitiae
1270 1410 1656 1464 dormientium
1679 1409 1746 1476 1°,
1793 1426 1812 1460 ι
1852 1407 1944 1478 qui
1981 1423 2077 1462 nos

2176 1406 2414 1460 τοῦντων
2469 1405 2791 1477 σκαιότητος
2841 1406 3225 1476 ἀλογήσαντες.
3285 1403 3651 1476 Ἐορτάζομεν
3705 1403 3764 1456 δὲ

501 1508 784 1574 fertilitate
819 1519 939 1576 quae
978 1501 1328 1574 intelligentia
1369 1499 1739 1569 cognoscitur,
1779 1497 1986 1569 replet,
2022 1506 2078 1552 et

2178 1497 2272 1587 τὴν
2303 1498 2477 1570 ἀληθῆ
2519 1499 2618 1568 τῆς
2662 1498 3044 1569 Σκηνοπηγίας
3082 1498 3294 1569 ἑορτὴν,
3337 1497 3623 1561 τουτέστι,
3667 1495 3768 1561 τὴν

498 1599 656 1670 quasi
690 1613 756 1654 ex
796 1596 942 1668 agris
977 1592 1233 1649 collectos
1267 1591 1480 1645 labores
1519 1591 1572 1644 in
1610 1598 1843 1659 superna
1881 1588 2077 1643 horrea

2179 1591 2389 1662 ἡμέραν
2429 1590 2530 1660 τῆς
2573 1591 2926 1654 ἀναστάσεως
2965 1590 3057 1642 τοῦ
3097 1587 3357 1661 Χριστοῦ,
3387 1589 3476 1642 ὅτε
3513 1587 3584 1642 τά
3631 1589 3769 1642 πάνά

497 1687 842 1746 accumulare
874 1685 1027 1740 facit.
1060 1682 1180 1764 ipse
1214 1682 1372 1736 nobis
1410 1679 1462 1734 in
1500 1678 1754 1750 paradiso
1786 1678 1984 1733 victum
2020 1685 2077 1734 et

2176 1699 2283 1735 των
2325 1684 2381 1736 ἐν
2416 1679 2566 1753 αὺτῷ
2615 1682 2898 1752 μονονουχὶ
2955 1680 3239 1752 πέπηκται
3282 1680 3542 1750 σώματα,
3586 1680 3764 1734 καίτοι

2176 1771 2193 1787 .
2235 1775 2255 1787 .
2361 1768 2373 1787 .-
2514 1775 2539 1787 ..
2627 1772 2650 1787 η
2731 1773 2756 1787 ..
2890 1772 2902 1787 ι
2953 1770 2978 1787 ι.
3068 1773 3076 1787 .
3510 1769 3520 1784 υ
3665 1769 3723 1787 Δ.

498 1781 722 1837 delicias
750 1777 932 1842 dabit,
963 1773 1274 1846 spirituales
1310 1772 1562 1826 nimirum
1581 1812 1596 1836 ,
1626 1767 1926 1826 victoribus
1954 1783 2074 1840 pec-

2177 1768 2444 1842 λελυμένα
2477 1775 2543 1844 τῇ
2584 1772 2779 1844 φθορᾷ,
2819 1772 2913 1824 καὶ
2951 1770 3167 1838 Θανάτῳ
3206 1769 3611 1841 κεκρατημένα.
3652 1769 3767 1822 Αὑ-

499 1873 603 1928 cati
624 1911 640 1937 ,
674 1867 970 1926 secundum
1007 1865 1341 1921 intellectum
1373 1865 1510 1918 bene
1539 1861 1841 1928 olentibus,
1873 1861 2076 1932 specio-

2179 1863 2266 1928 τὸς
2295 1863 2401 1934 γάρ
2434 1864 2580 1916 ἐστιν
2605 1865 2638 1935 ἡ
2671 1864 2986 1928 ἀνάστασις,
3014 1861 3175 1926 αὐτὸς
3206 1863 3238 1930 ἡ
3271 1860 3407 1930 ζωὴ,
3436 1859 3769 1931 πρωτόλειον

499 1973 726 2029 sumque
761 1965 815 2014 et
853 1953 1140 2011 amabilem
1183 1951 1503 2024 evangelicae
1543 1951 1666 2006 vita:
1708 1950 1941 2005 fructum
1983 1951 2074 2006 ha-

2176 1957 2363 2030 ῶσπερ
2388 1961 2451 2013 ὲκ
2473 1958 2702 2030 νεκρῶν,
2733 1977 2750 2010 t
2775 1958 2870 2012 καὶ
2893 1957 3114 2030 ἀπαρχὴ
3141 1957 3247 2010 τῶν
3277 1955 3690 2026 κεκοιμημένων
3707 1972 3720 1984 ·
3743 1973 3763 2006 ι

498 2050 782 2114 bentibus,
812 2055 960 2104 caste
984 2054 1038 2101 et
1060 2052 1249 2101 sancte
1274 2042 1627 2100 conversatis.
1657 2040 1881 2111 Signum
1908 2041 2070 2112 hujus

2180 2053 2204 2104 6
2249 2050 2445 2120 νοητῆς
2495 2049 2644 2120 ἡμᾶς
2696 2048 3002 2120 εὐκαρπίας
3061 2045 3480 2118 κατεμπιπλῶν,
3527 2045 3621 2099 καὶ
3654 2038 3770 2097 οἷον

498 2157 620 2196 esse
659 2139 865 2209 Ροδδίίο
899 2136 1041 2209 (ιυοιι
1078 2133 1316 2207 δΡ³ίι¹Ῑ³⁸
1353 2132 1652 2205 Ὠδιῐηπυῐη
1691 2140 1745 2188 ει
1781 2131 2071 2200 Ριιιεδΐιιιη
2175 2141 2301 2205 τοὺς
2332 2140 2392 2206 ἐξ
2420 2139 2604 2211 ἀγρῶν
2645 2140 3004 2210 συλλεγέντας
3041 2139 3238 2203 πόνους
3268 2137 3593 2208 ὲνσωρεὺειν
3627 2138 3768 2190 ἁποά

500 2232 629 2306 ligni
672 2229 904 2287 fructum
947 2226 1110 2284 simul
1157 2239 1278 2281 cum
1320 2223 1440 2280 aliis
1485 2223 1736 2295 colligata
1778 2222 2070 2280 habebant.

2177 2233 2370 2304 θήκαις
2407 2234 2530 2295 ταῖς
2573 2232 2686 2286 ἀνω
2723 2231 3179 2304 παρασκευάζων.
3221 2223 3395 2295 Αὐτὸς
3441 2233 3576 2300 ἡμῖν
3624 2230 3766 2282 ἀπο.

499 2325 619 2394 ipse
647 2331 731 2378 est
760 2331 969 2376 torrens
995 2317 1331 2382 deliciarum,
1359 2331 1466 2387 quo
1495 2315 1698 2385 potavit
1726 2329 1826 2371 nos
1855 2315 1995 2371 Deus
2021 2323 2076 2370 et

2182 2320 2336 2376 δώσει
2368 2323 2467 2393 τὴν
2505 2324 2562 2376 ὲν
2595 2322 2908 2395 παραδείσῳ
2947 2322 3158 2377 δίαιταν
3211 2321 3306 2376 καὶ
3344 2321 3579 2392 τρυφὴν,
3610 2320 3772 2390 δῆλον

497 2416 660 2472 Pater
681 2414 747 2468 “.
779 2413 895 2483 Ipse
926 2421 1008 2466 est
1038 2410 1156 2466 fons
1184 2407 1338 2475 vitae,
1367 2417 1422 2464 et
1449 2405 1646 2464 ﬂuvius
1674 2407 1855 2478 pacis,
1885 2405 1976 2476 qui
2005 2405 2073 2461 ad

2177 2410 2230 2464 δὲ
2270 2413 2351 2464 ὅτι
2391 2412 2791 2484 πνευματικὴν,
2831 2413 3141 2483 νενικηκόσι
3195 2411 3306 2483 τὴν·
3327 2411 3627 2483 ἁμαρτίαν,
3668 2399 3767 2463 εὐἸ

498 2524 596 2564 nos
618 2523 681 2563 ex
708 2504 956 2577 gentibus
979 2511 1200 2558 vocatos
1221 2492 1589 2568 declinavit“,
1609 2499 1674 2557 de
1695 2514 1802 2570 quo
1824 2499 1951 2555 alibi
1979 2514 2076 2554 ex-

2181 2502 2464 2568 ώδιάζουσι
2528 2505 2767 2574 νοητῶς,
2809 2503 3012 2575 ὡραῖον
3051 2505 3145 2559 καὶ
3177 2503 3500 2573 ἀξιέραστον
3531 2502 3625 2556 τὸν
3665 2502 3771 2574 τῆς

494 2599 750 2672 quisitius
782 2594 1158 2651 disseruimus.
1189 2592 1329 2663 Ergo
1363 2591 1719 2647 ascendentes
1747 2592 1815 2646 ad
1844 2591 2074 2646 adoran-

2181 2595 2537 2665 εὑαγγελικῆς
2597 2597 2872 2661 πολιτείας
2923 2598 3106 2668 ἔχουσι
3156 2597 3410 2666 καρπὸν,
3459 2597 3640 2665 ἁγνῶς
3671 2593 3771 2649 καὶ

496 2691 619 2744 dum
635 2687 802 2744 Deum
815 2680 1862 2757 omniipotentem,811etperagendum
1875 2678 2072 2736 festum

2181 2685 2338 2750 όσίως
2387 2687 2893 2758 πεπολιτευμένοις.
2941 2689 3174 2760 Σημεῖον
3210 2687 3258 2741 δ’
3299 2688 3367 2742 ἂν
3419 2688 3630 2758 γένοιτο
3671 2689 3771 2740 καὶ

497 2778 865 2850 Sccnopegiae,
889 2786 1015 2834 sunt
1041 2777 1132 2848 qui
1164 2790 1260 2848 per
1283 2772 1441 2829 [idem
1468 2772 1522 2828 in
1547 2771 1768 2828 Christo
1789 2771 2072 2842 iustiﬁcati

2184 2777 2329 2832 τοῦδε
2375 2777 2580 2842 λοιπὸν,
2629 2778 2692 2832 τὸ
2737 2780 3050 2852 κάλλυντρα
3116 2780 3376 2850 φοινίκων
3425 2780 3520 2834 καὶ
3567 2779 3774 2849 ὡραῖον

477 2883 640 2932 sunt.
662 2869 896 2926 Minatur
911 2883 1074 2940 porro
1089 2881 1196 2922 non
1215 2864 1632 2922 ascendentibus
1649 2865 1941 2935 perniciem
1957 2877 2067 2935 pte-

2183 2864 2334 2935 Εύλου
2378 2869 2590 2940 καρπὸν
2635 2870 2769 2941 ὁμοῦ
2809 2873 2923 2937 τοῖς
2967 2871 3146 2936 ἄλλοις
3188 2872 3557 2944 συνδήσαντας
3598 2871 3773 2940 ἔχειν.

494 2953 702 3035 nataque
724 2976 882 3033 pares
904 2961 970 3016 iis
990 2972 1124 3030 quas
1145 2957 1320 3015 daturi
1345 2957 1452 3012 sint
1469 2964 1843 3027 persecutores
1864 2964 1919 3012 et
1943 2970 2074 3011 con-

2185 2961 2346 3026 Αὐτός
2373 2964 2520 3016 ἐστιν
2559 2965 2587 3018 6
2617 2964 2956 3037 χειμάρρους
2993 2965 3093 3036 τῆς
3133 2965 3349 3038 τρυφῆς
3371 2950 3437 3018 ¹ὃν
3471 2966 3775 3018 πεπότικεν

493 3055 791 3111 tumeliosi.
820 3052 1020 3109 Eodem
1055 3051 1250 3122 quippe
1279 3047 1399 3105 loco
1428 3048 1692 3103 ducentur
1717 3060 1824 3117 quo
1854 3048 2069 3114 hostes,

2184 3053 2324 3126 ἡμᾶς
2346 3056 2379 3108 ό
2405 3055 2537 3120 Θεὸς
2572 3057 2667 3110 καὶ
2697 3053 2908 3130 Πατήρ.
2952 3053 3125 3120 Αὐτός
3159 3059 3192 3128 ἡ
3239 3055 3391 3129 πηγὴ
3439 3059 3541 3128 τῆς
3583 3055 3737 3125 ζωῆς
3757 3087 3774 3117 σ

490 3149 583 3219 qui
621 3147 848 3216 diligere
885 3144 1181 3201 noluerint.
1214 3142 1281 3197 Et
1313 3141 1439 3208 hoc,
1470 3139 1685 3209 opinor,
1715 3148 1801 3194 est
1837 3139 1981 3210 quod
2019 3146 2075 3200 et

2181 3144 2274 3198 καὶ
2305 3145 2334 3198 ό
2365 3146 2463 3216 τῆς
2491 3147 2713 3216 εἰρήνης
2755 3145 3028 3216 ποταμὸς,
3067 3146 3096 3198 ό
3135 3143 3473 3207 ἐκκεκλικὼς
3505 3145 3588 3207 είς
3621 3145 3771 3214 ἡμᾶς

493 3240 611 3310 ipse
641 3238 891 3294 Christus
925 3235 1061 3292 dixit
1094 3249 1109 3288 :
1151 3252 1170 3285 ι
1211 3231 1312 3302 Qui
1348 3247 1455 3288 non
1490 3238 1573 3287 est
1604 3245 1850 3299 mecum,
1885 3239 2073 3308 contra

2182 3237 2305 3300 τοὺς
2330 3237 2388 3304 ἐξ
2417 3237 2590 3292 ἐθνῶν
2629 3238 3020 3310 κεκλημένους.
3049 3239 3279 3310 Εἴρηται
3303 3238 3360 3292 δὲ
3390 3239 3521 3309 περὶ
3563 3237 3772 3290 τούτων

491 3348 579 3386 me
607 3339 724 3397 est,
751 3341 807 3385 et
835 3331 927 3400 qui
959 3344 1065 3382 non
1095 3327 1298 3398 colligit
1325 3340 1569 3391 mecum,
1597 3323 1943 3395 dispergit“.
1976 3341 1997 3376 ι

2181 3327 2315 3399 ἡμῖν
2368 3329 2564 3399 ίσχνῶς
2616 3331 2674 3383 ἐν
2737 3330 2964 3401 ἑτέροις.
3014 3329 3224 3384 Οὐκοῦν
3274 3329 3324 3383 οἱ
3381 3327 3771 3388 ἀναϐαίνοντες

492 3424 874 3494 προσκυνῆσαι
903 3421 981 3492 τῷ
1007 3418 1126 3490 Θεῷ
1196 3419 1619 3492 παντοκράτορι,
1647 3420 1743 3474 καὶ
1772 3418 1988 3475 τελέσαι
2050 3420 2150 3494 τὴν
2186 3423 2380 3494 ἑορτὴν
2421 3426 2521 3497 τῆς
2568 3426 2984 3498 Σκηνοπηγίας,
3027 3427 3077 3478 οἱ
3125 3426 3214 3480 διὰ
3249 3424 3483 3486 πίστεώς
3532 3426 3673 3477 εἰσιν
3714 3426 3774 3475 ἐν

490 3514 713 3589 Χριστῷ
754 3511 1183 3584 δεδικαιωμένοι.
1219 3509 1460 3565 ’Δπειλεϊ
1500 3509 1557 3564 δὲ
1592 3504 1704 3573 τοῖς
1745 3509 1821 3581 μὴ
1863 3507 2248 3568 ἀναϐαίνουσιν
2300 3514 2542 3588 ῦλεθρον,
2612 3519 2803 3582 ποινάς
2844 3535 2903 3571 τε
2968 3518 3069 3582 τὰς
3115 3517 3238 3581 ἴσας
3316 3514 3407 3581 αἶς
3473 3517 3772 3569 ὑποσταῖεν

489 3611 539 3684 ol
571 3605 798 3662 διῶκταί
829 3621 889 3658 τε
922 3603 1018 3658 καί
1045 3600 1318 3680 ὑϐρισταί.
1357 3599 1451 3654 Ἐν
1489 3600 1606 3676 ,ἴση
1661 3599 1771 3670 γάρ
1843 3599 2008 3673 μοίρᾳ
2051 3600 2323 3658 κείσονται
2364 3609 2477 3671 τοῖς
2543 3607 2755 3678 ἐχθροῖς
2805 3608 2854 3661 ol
2907 3606 2981 3679 μὴ
3029 3608 3250 3678 ἀγαπᾷν
3325 3605 3612 3678 ᾑρημένοι.
3653 3593 3772 3656 Καὶ

488 3705 669 3770 τοῦτο,
713 3698 891 3773 οἶμαι,
931 3699 1101 3764 ἔστιν,
1129 3696 1158 3751 ὃ
1195 3697 1290 3751 καὶ
1327 3694 1487 3759 αὐτὸς
1521 3693 1625 3766 ἔφη
1680 3694 1949 3767 Χριστόςο
1985 3713 2006 3748 ι
2046 3696 2102 3751 '0
2141 3696 2218 3769 μὴ
2244 3698 2319 3753 ὢν
2353 3699 2470 3771 μετ’
2534 3701 2690 3772 ἐμοῦ,
2721 3703 2843 3757 κατ’
2870 3702 3002 3773 ἐμοῦ
3037 3705 3173 3768 ἐστι,
3203 3702 3296 3756 καὶ
3327 3705 3357 3756 6
3396 3702 3473 3774 μὴ
3515 3701 3772 3770 συνάγων

488 3793 612 3865 μετ’
637 3791 798 3866 ἐμοῦ,
835 3788 1142 3861 σκορπίζει.
1171 3807 1190 3841 ι

493 3957 496 3960 γ
562 3885 728 3940 νειε.
771 3883 860 3939 18.
901 3882 959 3937 Si
993 3893 1164 3935 autem
1192 3878 1360 3932 tribus
1385 3875 1605 3949 ngypti
1627 3873 2065 3946 nonascendefit,

2257 3869 2392 3931 Ἐὰν
2415 3874 2485 3930 δὲ
2511 3877 2679 3947 φυλὴ
2709 3879 3010 3949 Αἰγύπτου
3027 3878 3116 3950 μὴ
3159 3878 3374 3948 ἀναϐῇ,
3416 3881 3578 3950 μηδὲ
3612 3882 3771 3955 ἔλθῃ

493 3992 657 4048 neque
706 3976 900 4031 venerit
946 3973 1093 4041 illuc,
1151 3979 1200 4027 et
1251 3986 1406 4040 super
1457 3969 1551 4024 hos
1585 3969 1687 4023 erit
1731 3970 1904 4036 ruina,
1961 3987 2067 4042 qua

2177 3965 2323 4033 ἐκεῖ,
2359 3967 2456 4021 καὶ
2503 3968 2603 4021 ἐπὶ
2654 3969 2890 4034 τούτοις
2929 3970 3100 4024 ἔσται
3140 3973 3179 4039 ἡ
3223 3970 3474 4039 πτῶσις,
3524 3973 3608 4041 ἦν
3644 3992 3767 4028 πα-

489 4070 743 4142 percutiet
796 4067 1053 4124 Dominus
1108 4080 1284 4120 omnes
1332 4071 1549 4134 gentes,
1589 4077 1910 4131 qua’cunqne
1962 4079 2064 4117 non

2179 4057 2336 4123 τάξει
2373 4059 2589 4126 Κύριος
2625 4058 2824 4114 πάντα
2850 4061 2923 4116 τὰ
2950 4061 3118 4128 ἔθνη,
3154 4061 3273 4116 ὅσα
3312 4062 3390 4117 ἂν
3422 4064 3510 4133 μὴ
3539 4065 3769 4135 ἀναϐῇ,

488 4161 844 4227 ascenderint,
877 4147 936 4214 ἰιι
988 4159 1246 4214 celebrent
1291 4153 1672 4211 solemnitatem
1706 4154 2060 4225 Scenopegiw.

2047 4193 2060 4208 .
2169 4149 2278 4204 τοῦ
2312 4150 2590 4219 ἑορτάσαι
2632 4151 2748 4220 τὴν
2783 4146 3004 4221 ἑορτὴν
3040 4142 3151 4223 τῆς
3186 4157 3637 4226 Σκηνοπητίας.

415 4319 418 4322 ,
558 4251 719 4311 CXII.
771 4253 850 4310 Ex
897 4241 1024 4307 una.
1053 4261 1244 4323 gente,
1293 4246 1672 4321 Egyptiorum
1717 4247 1967 4317 inquam,

2242 4242 2388 4295 PIB'.
2436 4243 2524 4306 Ὧς
2557 4242 2616 4309 ἐξ
2643 4243 2761 4308 ἑνὸς
2800 4243 3015 4309 ἔθνους,
3059 4246 3168 4300 τῶν
3204 4248 3524 4316 Αἰγυπτίων
3578 4253 3766 4323 φημὶ,

485 4360 701 4402 summo
749 4359 938 4399 errore
985 4352 1304 4408 versantes,
1365 4349 1421 4397 et
1475 4338 1877 4411 improbissime
1921 4338 2063 4393 idola

2174 4333 2293 4397 τοὺς
2325 4333 2407 4397 είς
2435 4333 2602 4404 ἄκρον
2627 4335 2864 4404 ἥκοντας
2889 4334 3120 4406 πλάνης,
3146 4335 3394 4400 ἐκτόπως
3425 4346 3488 4391 τε
3515 4339 3660 4407 ἄγαν
3688 4343 3764 4394 εί-

486 4435 727 4490 colentes
786 4433 1015 4496 indicat,
1067 4434 1267 4502 quibus
1315 4445 1498 4501 grave,
1542 4439 1597 4486 et
1643 4428 1974 4496 inevitabile,
2010 4437 2064 4484 et

2169 4424 2521 4493 δωλολατρεῖν
2551 4427 2840 4498 ἑλομένους
2860 4467 2873 4492 ,
2911 4426 3233 4498 καταδηλοϊ,
3289 4425 3373 4494 οἷς
3406 4430 3564 4485 ἔσται
3608 4432 3759 4504 δεινὴ

487 4521 708 4576 exitiale
749 4520 1070 4590 supplicium
1118 4521 1416 4590 continget,
1455 4532 1522 4572 ex
1567 4532 1634 4574 eo
1673 4521 1816 4589 quod
1868 4517 2061 4574 salutis

2169 4519 2263 4572 xui.
2305 4518 2634 4587 ἀδιάφυκτος
2674 4519 2796 4590 δίκη
2818 4561 2834 4586 ,
2883 4521 2978 4574 καὶ
3017 4519 3239 4593 ὀλέθρου
3270 4523 3533 4594 πρόξενος
3568 4526 3633 4578 τὺ
3684 4527 3759 4597 μὴ

487 4627 585 4681 per
611 4605 889 4664 Christum
921 4609 1306 4680 acceptabilem
1336 4609 1566 4679 gratiam
1603 4611 1874 4679 aspernati
1912 4619 2058 4666 sunt.

2181 4609 2384 4664 necom
2428 4611 2595 4682 τιμᾷν
2638 4611 2738 4683 τῆς
2782 4611 2871 4665 διὰ
2918 4611 3014 4665 τοῦ
3057 4613 3294 4685 Χριστοῦ
3341 4616 3618 4688 σωτηρίας
3657 4617 3771 4686 τὴν

487 4705 722 4759 Tantum
757 4701 903 4758 enim
945 4716 1050 4756 non
1085 4700 1465 4757 interfectores
1498 4717 1720 4756 suarum
1752 4703 2060 4756 animarum

2179 4699 2493 4770 Ξιξιόληπτον
2544 4703 2726 4772 χάριν.
2779 4702 2959 4757 Μόνον
3013 4704 3123 4776 γάρ
3168 4705 3290 4775 οὐχὶ
3339 4709 3601 4776 φονευταὶ
3647 4707 3769 4761 τῶν

483 4793 814 4868 deprehendi
855 4795 1085 4864 possint,
1126 4792 1391 4863 siquidem
1421 4807 1609 4847 verum
1643 4801 1726 4849 est
1765 4794 1905 4864 quod
1936 4808 2060 4850 cum

2177 4791 2317 4846 Ιδίων
2345 4793 2628 4862 γεγονότες
2646 4794 2832 4865 ψυχῶν
2853 4794 3030 4850 ἁλοῖεν
3056 4795 3147 4862 ἂν,
3174 4797 3294 4850 εἷπε
3301 4815 3334 4869 ρ
3358 4799 3511 4853 ἐστιν
3534 4801 3767 4873 ἀληθὲς,

481 4889 562 4944 cis
598 4884 793 4943 liceret
823 4884 1232 4957 apprehendere
1266 4884 1429 4938 vitam
1471 4890 1754 4952 aeternam,
1777 4893 1831 4940 et
1863 4899 2061 4955 pr0po-

2189 4883 2243 4946 ὓς
2267 4885 2429 4958 μετὸν
2441 4886 2624 4950 αὐτοῖς
2648 4885 3041 4960 ἐπιδράξασθαι
3070 4889 3171 4961 τῆς
3202 4890 3424 4944 αἰωνίου
3455 4891 3631 4963 ζωῆς,
3661 4896 3779 4948 καὶ

481 4978 604 5042 sita,
625 4985 776 5034 esset
798 4975 1209 5047 apprehendere
1227 4973 1534 5030 volentibus
1557 4987 1787 5044 superna
1819 4975 2063 5044 benigni-

2187 4976 2558 5047 προκειμένους
2613 4979 2696 5042 είς
2746 4978 2967 5050 μέθεξιν
3011 4983 3124 5044 τοῖς
3175 4981 3317 5035 ἑλεῖν
3359 4983 3608 5038 ἐθέλουσι
3654 4987 3777 5052 τῆς

433 5053 438 5058 ’
483 5080 590 5137 tas,
641 5075 696 5124 et
747 5065 1070 5124 exonerare
1133 5082 1194 5122 se
1252 5066 1510 5136 peccatis,
1562 5067 1676 5122 suis
1727 5065 2023 5122 indulserat

2191 5065 2366 5119 vaOev
2395 5066 2752 5138 ἡμερότητος,
2775 5070 2870 5123 καὶ
2901 5069 3006 5142 μὴν
3034 5071 3128 5124 καὶ
3149 5072 3623 5143 ἀποφορτίσασθαι
3653 5076 3781 5141 τὰς

482 5160 780 5240 erroribus,
824 5175 925 5215 nec
957 5153 1225 5214 m’aculam
1254 5158 1381 5214 inde
1409 5167 1764 5223 contractam,
1799 5173 1898 5215 nec
1929 5175 2059 5230 pec-

2206 5157 2465 5230 μαρτίας,
2524 5163 2646 5224 ταῖς
2702 5162 2911 5216 ἑαυτῶν
2943 5163 3280 5219 ὲντεθείκασι
3337 5166 3610 5231 πλάναις,
3656 5170 3787 5223 καὶ

481 5252 591 5308 cati
628 5252 1095 5323 inquinamentum
1128 5249 1415 5306 eluerunt:
1448 5255 1544 5307 sed
1573 5251 1627 5306 in
1661 5266 1846 5307 errore
1877 5266 2059 5322 perse-

2197 5251 2528 5304 ναπόνιπτον
2547 5253 2813 5325 ἐσχήκασι
2842 5254 2941 5324 τὴν
2958 5255 3022 5307 ὲκ
3041 5255 3136 5309 τοῦ
3166 5257 3476 5313 πλανᾶσθαι
3506 5256 3786 5330 amatae;

485 5353 768 5409 verarunt,
829 5345 1080 5413 quamvis
1124 5343 1368 5399 divinum
1419 5342 1601 5398 lumen
1653 5345 1836 5398 omnia
1891 5343 2059 5398 collu-

2197 5347 2254 5399 αἱ
2279 5346 2381 5416 τῆς
2407 5345 2784 5418 πλημμελείας
2805 5347 2898 5400 τὸν
2931 5347 3226 5418 μολυσμὸν,
3253 5349 3656 5404 διατετελέκασί
3680 5367 3787 5406 τε

481 5443 705 5502 straret,
750 5444 804 5490 et
838 5436 892 5488 in
933 5435 1166 5504 caligine
1208 5445 1372 5504 atque
1417 5434 1656 5491 tenebris
1695 5435 1954 5506 degentes
1987 5434 2057 5490 ad

2205 5437 2256 5490 αὶ
2296 5439 2354 5492 ὲν
2395 5436 2601 5509 πλάνῃ⁸
2653 5432 2828 5491 καίτοι
2875 5437 2967 5494 τοῦ
3021 5437 3167 5492 θείου
3219 5439 3400 5509 φωτὸς
3439 5441 3513 5494 τά
3565 5439 3795 5499 πάντα

480 5524 846 5592 οςνίοίεηιίιιιη
873 5526 1209 5582 hortaretur.
1255 5525 1328 5582 De
1356 5527 1585 5598 singulis
1615 5529 1807 5584 horum
1842 5543 2056 5599 quoque

2207 5529 2710 5601 εριαστράπτοντος,
2737 5529 2831 5601 καὶ
2861 5529 3152 5595 καλοῦντος
3179 5531 3261 5594 εἰς
3294 5530 3590 5600 ἀνάϐλεψιν
3609 5529 3797 5600 τοῖος

481 5787 531 5825 η
547 5718 938 5857 Hilari-stag?
970 5723 1156 5779 59-43.
1208 5725 1228 5759 ⁸
1253 5726 1432 5783 Galal.
1454 5743 1529 5796 tv,
1558 5728 1646 5782 5i.
1705 5728 1725 5759 ’
1751 5727 1906 5783 Joan.
1937 5728 2118 5798 31,25.
2186 5727 2268 5781 ὀἰ
2297 5728 2419 5784 Cor.
2454 5744 2542 5792 xv,
2567 5726 2656 5782 20.
2717 5729 2758 5761 ¹¹
2785 5727 2930 5786 Psal.
2964 5748 3128 5803 xxxv,
3158 5735 3212 5793 9.
3272 5734 3313 5768 ¹¹
3337 5733 3446 5792 Ιεα.
3477 5749 3617 5803 vat,
3639 5733 3806 5800 ιΞ.
