4026 6276
266 334 362 393 ιπ.

1075 315 1729 396 conusurtntns'm
1766 335 2170 397 ZACHARIAM
2211 337 2657 400 enornsnn.

3323 409 3325 412 ί
3415 351 3520 409 οτι

270 450 422 512 θείοις
469 446 801 522 ίαρουργοῖς,
853 449 947 505 καὶ
996 445 1144 522 πορν
1178 427 1329 524 αὖτῷ
1377 453 1436 507 δὲ
1492 453 1569 525 τῷ
1641 455 1835 528 Ἰούδᾳ,
1868 463 1900 525 Α

1953 447 2089 512 ttri§.
2120 453 2182 510 Et
2212 471 2425 511 rursum
2457 452 2597 526 apud
2631 457 2803 527 ipsum
2840 456 3001 527 Juda,
3034 459 3086 515 id
3122 469 3225 528 est,
3263 464 3523 533 spiritua-

273 539 508 594 τουτέστι
545 538 728 606 πάλιν,
763 542 875 604 τοῖς
901 541 1002 612 τήν
1031 541 1092 594 ὲν
1124 542 1392 616 πνεύματι
1422 543 1648 616 λαχοῦσι
1686 563 1841 616 περι·

272 633 464 703 τομήν·
519 627 631 686 εἷεν
679 631 725 686 δ’
773 633 842 686 ἂν
888 627 1033 688 οῦτοι
1084 635 1243 690 πάλιν
1299 639 1347 690 οί
1393 638 1838 701 πεπιστευκότες.

277 723 397 794 Παρ⁹
425 722 640 786 οὐδενὸς
664 722 772 793 γὰρ
802 723 939 786 ὅλως
963 725 1045 787 είς
1075 723 1259 795 κοινὴν
1281 725 1618 796 λαμϐάνεται
1647 728 1841 799 χρείαν

276 813 356 870 τοῦ
403 813 561 884 ἁγίου
610 814 995 886 θυσιαστηρίου
1043 815 1111 869 τὰ
1158 816 1347 888 σκεύη,
1383 817 1498 871 ἀλλ’
1548 818 1712 882 ἔστιν,
1766 819 1844 883 ὠς

279 906 420 977 ἔφην,
476 907 631 975 ἅγια,
687 906 782 959 καὶ
827 908 907 970 είς
950 906 1108 972 δόξαν
1156 907 1291 960 Θεοῦ
1322 910 1690 981 τετηρημένα,
1748 911 1844 964 καὶ

284 998 456 1074 μόναις
499 999 621 1061 ταῖς
669 998 882 1069 χρείαις
918 998 1212 1070 ὑπηρετεῖν
1261 1001 1486 1054 εἰωθότα
1535 1001 1634 1069 τῆς
1683 1001 1847 1069 ἁγίας

280 1089 562 1163 τραπέζης,
597 1090 663 1143 δι’
697 1089 877 1143 αὐτῶν
904 1107 962 1146 τε
1005 1091 1102 1148 καὶ
1146 1092 1204 1145 ὲν
1235 1092 1419 1156 αὐτοῖς
1454 1094 1511 1147 al
1543 1091 1648 1145 τῶν
1681 1110 1847 1164 προσ-

279 1182 506 1252 αγόντων
556 1181 837 1236 τελοῦνται
898 1181 1103 1247 θυσίαι,
1157 1183 1256 1254 οὐχ
1301 1185 1532 1238 ἑκάστου
1590 1184 1847 1255 φέροντος

282 1276 396 1332 ίδιον
430 1271 625 1338 σκεῦος
645 1314 660 1338 ,
689 1274 947 1328 ἁπάντων
983 1275 1041 1328 δὲ
1078 1275 1260 1346 μόνοις
1286 1278 1398 1340 τοῖς
1444 1277 1607 1347 ἱεροῖς
1646 1290 1848 1346 κεχρη-

282 1366 467 1439 μένων.
509 1385 528 1419 ι
566 1369 682 1430 Πᾶς
705 1367 815 1439 γὰρ
841 1365 1006 1438 λέϐης
1041 1368 1196 1437 ἅγιος
1235 1368 1409 1434 ἔσται,
1445 1369 1597 1440 φησὶ,
1622 1368 1698 1436 τῷ
1730 1369 1845 1420 Ku-

283 1464 391 1534 ρίῳ.
434 1481 454 1515 ι
492 1461 701 1516 Οὐκοῦν
743 1461 1050 1529 διαλέγεται
1104 1462 1204 1532 μὲν
1248 1462 1277 1513 ό
1321 1463 1607 1532 προφήτης
1644 1461 1718 1524 ὡς
1753 1459 1848 1513 ἐπὶ

276 1551 466 1608 θυσιῶν
490 1553 569 1606 ἔτι
584 1553 691 1606 τῶν
711 1553 854 1607 κατὰ.
879 1553 1044 1622 νόμον
1066 1591 1082 1616 ,
1112 1553 1368 1622 λέϐητάς
1382 1569 1439 1604 τε
1463 1551 1556 1606 καὶ
1585 1552 1848 1620 ἕψουσιν

1943 547 2047 602 lem
2097 546 2566 602 circutncisionem
2614 547 2860 612 sortitos,
2906 548 2996 618 qui
3048 551 3176 620 item
3206 551 3376 627 814
3404 571 3522 612 ατε.

1945 637 2131 692 dentes
2179 651 2300 691 esse
2345 644 2592 707 possunt.
2659 635 2705 690 Α
2767 636 2915 691 nullo
2964 635 3109 691 enim
3169 653 3392 706 prorsus
3455 647 3522 700 ad

1943 743 2284 785 communem
2338 743 2492 783 usum
2544 729 2686 784 sacri
2749 728 2936 784 altaris
2997 744 3122 786 vasa
3177 731 3523 800 adhibemur,

1944 819 2037 874 sed
2069 831 2217 887 sunt,
2251 828 2313 876 ut
2334 820 2466 888 dixi,
2495 831 2706 888 sancta,
2729 830 2784 876 et
2816 822 2881 876 ad
2915 823 3004 878 Dei
3034 822 3260 892 gloriam
3284 835 3524 892 servata,

1945 920 2000 994 ert
2042 913 2174 968 solis
2201 913 2388 967 usibus
2417 927 2587 969 sacra:
2618 929 2818 968 mensae
2852 914 3165 970 ministrare
3190 916 3348 972 solita
3381 933 3400 975 :
3432 933 3528 987 per

1947 1004 2171 1072 ipsaque
2217 1011 2268 1058 et
2301 1003 2356 1058 in
2407 1003 2540 1076 ipsis
2586 1002 2935 1060 oﬂ‘erentium
2985 1005 3253 1063 Sacrificia
3284 1021 3530 1062 consum.

1949 1103 2186 1161 mantur,
2233 1109 2339 1150 non
2385 1109 2712 1166 unoquoque
2764 1111 2918 1151 suum
2974 1111 3068 1152 vas
3102 1096 3384 1161 afferente,
3430 1099 3530 1154 sed

1947 1184 2198 1240 omnibus
2232 1183 2364 1239 solis
2393 1186 2564 1239 sacris
2608 1186 2906 1240 utentibus.
2945 1206 2964 1238 ‹
2996 1187 3185 1243 Omnis
3210 1190 3356 1245 enim
3384 1188 3542 1264 leben.

1949 1287 2173 1332 sanctus
2229 1277 2334 1332 erit
2395 1277 2667 1344 Domino,
2716 1296 2735 1330 ι
2809 1278 3004 1348 inquit.
3065 1279 3251 1351 Itaque
3310 1282 3531 1336 disserit

1947 1367 2165 1438 quidem
2202 1368 2462 1438 propheta
2499 1378 2556 1422 ut
2593 1371 2658 1425 de
2702 1370 2987 1426 sacrificiis
3028 1373 3204 1428 adhuc
3227 1373 3530 1444 legalibus,

1948 1459 2139 1521 lebetas
2181 1469 2385 1526 autem,
2435 1471 2490 1516 et
2542 1472 2761 1531 coquent
2815 1462 2968 1531 dicit,
3004 1466 3146 1534 quod
3199 1481 3296 1527 nos
3336 1480 3533 1520 conve-

1949 1551 2163 1632 nienter
2206 1552 2544 1623 temporibus
2592 1552 2796 1608 Christi
2845 1555 3231 1628 intelligemus.
3285 1557 3535 1616 01500.ne-

277 1643 554 1716 ὀνομάζει’
610 1645 878 1717 νοήσομεν
927 1646 984 1698 δὲ
1030 1645 1346 1716 πρέποντως
1398 1645 1557 1714 ἡμεῖς
1603 1645 1715 1708 τοῖς
1760 1643 1850 1696 διὰ

1953 1645 2092 1699 mice
2120 1659 2288 1714 porro
2313 1654 2634 1702 sanctorum
2662 1648 3053 1718 prophetarum
3088 1663 3397 1703 sermonem
3433 1647 3532 1701 ob-

274 1733 508 1802 Χριστοῦ
540 1736 772 1806 καιροῖς.
813 1735 1185 1806 οἰκονομικῶς
1230 1734 1286 1788 δέ
1325 1750 1506 1805 φαμεν
1552 1735 1848 1806 ἀσυμφανῆ

1953 1748 2199 1802 scurum,
2227 1745 2284 1790 et
2310 1751 2415 1790 non
2447 1736 2767 1808 simpliciter
2801 1739 3056 1793 omnibus
3105 1740 3350 1808 planum,
3399 1739 3534 1793 diri-

273 1826 539 1895 γενέσθαι,
574 1828 666 1881 καὶ
693 1828 753 1881 οὐ
801 1829 966 1882 πᾶσιν
996 1827 1181 1891 ἁπλῶς
1207 1828 1522 1898 ἐκκείμενον
1547 1826 1656 1880 τῶν
1679 1825 1850 1906 ἁγίων
1879 1820 1900 1876 ι

1954 1840 2095 1892 mus,
2129 1841 2197 1880 ne
2224 1825 2520 1897 projiciant
2544 1841 2669 1880 eum
2707 1830 2934 1884 canibus
2963 1831 3008 1862 ²²
3033 1871 3047 1895 ,
3087 1846 3262 1900 neque
3293 1829 3536 1902 profanis

271 1918 565 1991 προφητῶν
597 1920 688 1973 τὸν
714 1919 893 1988 λόγον,
916 1920 1003 1974 ἴνα
1037 1920 1110 1990 μὴ
1150 1916 1458 1991 βάλ[λ]ηται
1498 1917 1634 1991 πρὸς
1671 1915 1848 1971 αὐτῶν

1953 1925 2004 1972 et
2044 1917 2382 1974 detestandis
2418 1917 2688 1976 reveletur
2710 1919 2958 1988 verbum,
2987 1921 3131 1992 quod
3155 1919 3298 1976 solos
3319 1931 3544 1990 sanctos

271 2014 375 2076 τοῖς
407 2012 560 2075 κυσὶ,
595 2011 732 2083 μήτε
766 2011 872 2081 μὴν
891 2013 1004 2076 τοῖς
1029 2010 1274 2084 βεϐήλοις
1299 2011 1392 2075 καὶ
1426 2009 1848 2082 βδελυρωτάτοις
1949 2007 2122 2064 decet.

265 2106 293 2157 ὸ
323 2103 511 2174 μόνοις
537 2102 763 2174 πρέπων
800 2103 976 2172 ἁγίοις
1012 2101 1423 2172 ὲκκαλύπτηται
1453 2103 1631 2172 λόγος.

329 2196 438 2251 Kal
469 2196 591 2249 οὐκ
620 2193 794 2249 ἔσται
831 2195 1164 2262 Χαναναῖος
1198 2199 1310 2250 οὐκ
1348 2196 1434 2250 ἔτι
1462 2196 1532 2249 ἐν
1555 2195 1696 2260 οἴκῳ
1732 2197 1849 2248 Κυ-

251 2287 388 2357 ρίου
430 2284 926 2354 παντοκράτορος
951 2286 1021 2342 ἐν
1051 2285 1125 2355 τῇ
1165 2285 1353 2355 ἡμέρᾳ
1377 2286 1600 2353 ἐκείνῃ.

330 2380 474 2432 PIZ'.
523 2377 734 2442 Σαθρόν
773 2394 833 2430 τε
880 2379 973 2444 καὶ
1003 2378 1387 2443 εὑδιάκλαστον
1429 2377 1538 2430 τῶν
1569 2374 1854 2448 ἀρχαιοτέ-

2025 2375 2230 2433 CXVII.
2269 2375 2566 2445 Inﬁrmam,
2611 2385 2666 2433 et
2703 2376 2950 2448 fragilem
2999 2385 3242 2433 veterum
3277 2385 3538 2442 mentem,

261 2488 369 2542 ρων
394 2470 487 2524 τὸν
525 2467 658 2522 νοῦν
678 2469 884 2531 κατίδοι
911 2487 996 2534 τις
1024 2469 1111 2536 ἂν,
1143 2470 1238 2524 καὶ
1261 2469 1608 2540 ταλαίπωρον
1631 2468 1847 2539 κομιδῇ.

1953 2476 2008 2521 et
2031 2467 2286 2525 miseram
2318 2468 2483 2525 valde.
2506 2469 2692 2526 videre
2721 2485 2912 2540 queas.
2956 2467 3196 2534 Liberali
3231 2480 3358 2530 sunt.
3393 2471 3536 2529 enim

261 2562 651 2636 Λελύτρωνται
701 2564 799 2634 μὲν
851 2562 910 2630 ἐξ
958 2562 1236 2632 Δίγύπτου
1286 2562 1373 2616 διὰ
1414 2562 1656 2625 Μωσέως
1698 2563 1748 2614 οί
1795 2561 1854 2628 ἐξ

1955 2575 2020 2616 ex
2081 2559 2316 2633 Egypto
2367 2576 2466 2632 per
2514 2559 2698 2617 Mosen
2753 2561 3036 2627 Israelita,
3087 2571 3140 2617 et
3202 2562 3539 2617 intolerabile

272 2655 508 2728 Ἰσραήλ,
547 2657 649 2709 καὶ
684 2655 786 2726 τῆς
814 2655 1088 2726 ἀφορήτου
1118 2655 1364 2720 δουλείας
1408 2656 1726 2722 ἀπεσείοντο
1763 2655 1855 2708 τὸν

1958 2654 2238 2708 servitutis
2263 2652 2452 2723 iugum
2486 2664 2870 2723 excusserunt,
2907 2655 3176 2725 longeque
3205 2653 3453 2723 plurimis
3485 2662 3541 2709 et

257 2749 417 2818 ζυγὸν
437 2790 452 2814 ,
501 2748 781 2802 πλείστων
809 2763 868 2800 τε
899 2748 1038 2800 ὅσων
1065 2749 1160 2801 καὶ
1189 2747 1532 2816 ὰξιαγάστων
1562 2750 1647 2802 ἐπ’
1674 2749 1858 2812 αὐτοῖς

1960 2743 2372 2799 admirabilibus
2419 2744 2591 2814 signis
2633 2745 2686 2799 in
2722 2760 2782 2800 se
2825 2745 2987 2800 editis
3020 2744 3234 2799 tandem
3263 2745 3539 2811 exierunt,

256 2839 670 2912 τετελεσμένων
694 2839 955 2911 σημείων,
978 2839 1206 2912 ἐξῄεσαν
1235 2841 1407 2911 μόλις·
1437 2840 1858 2911 διεϐιϐάσθησαν

1959 2836 2404 2907 trausieruntque
2432 2852 2529 2908 per
2555 2851 2706 2893 mare
2737 2837 2935 2908 ipsum,
2963 2837 3318 2892 comederunt
3345 2851 3540 2905 panem

250 2931 305 2985 δὲ
350 2932 449 2986 καὶ
499 2931 606 2985 διὰ
654 2931 930 3001 θαλάσσης
975 2932 1168 3001 αὐτῆς,
1223 2931 1612 3002 κατεδηδόκασι
1659 2949 1723 2984 τε
1769 2932 1858 2985 τὸν

1960 2929 2027 2983 de
2060 2929 2220 2993 caelo,
2258 2937 2314 2984 et
2347 2944 2542 2998 aquam
2576 2930 2640 2984 de
2679 2937 2832 2998 petra
2883 2931 3256 2997 inexspectato
3290 2929 3539 2982 eductam

253 3025 418 3096 ἀρτον
447 3022 546 3077 τὸν
579 3022 648 3088 ἐξ
670 3023 922 3094 οὐρανοῦ,
951 3023 1046 3076 καὶ
1074 3022 1217 3094 ὕδωρ
1248 3026 1312 3077 ἐκ
1341 3023 1545 3094 πέτρας
1577 3025 1858 3094 ἀδοκήτως

1963 3019 2015 3074 in
2063 3018 2357 3082 solitudine
2390 3020 2728 3075 biberunt”.
2759 3021 2897 3087 Quid
2939 3022 3102 3090 igitur
3136 3020 3365 3074 miseri?
3389 3021 3543 3073 Mose

247 3113 593 3184 ἐκκομισθὲν
624 3114 682 3164 ὲν
706 3115 773 3183 τῇ
804 3112 998 3182 ἐρήμῳ
1032 3110 1343 3165 πεπώκασι.
1375 3111 1448 3162 Τί.
1480 3104 1572 3163 οὖν
1604 3111 1652 3162 οἰ
1697 3099 1861 3163 τάλα.ςὲ

1961 3111 2210 3175 absente,
2233 3109 2456 3165 vitulum
2484 3111 2789 3166 conﬂuunt
2811 3110 2876 3174 “,
2897 3121 2950 3165 et
2970 3121 3022 3164 ut
3049 3111 3310 3180 propheta
3338 3110 3500 3164 habet
3523 3123 3542 3162 :

246 3222 362 3273 νες;
413 3203 999 3275 Μεμοσχοποιήκασιν
1045 3202 1278 3265 ἀπόντος
1326 3200 1589 3265 Μωσέως,
1637 3201 1732 3253 καὶ
1782 3201 1900 3263 ὡς(

1969 3219 1987 3253 ι
2021 3200 2392 3271 Susceperunt
2445 3202 2852 3257 tabernaculum
2896 3201 3127 3267 Moloch,
3169 3213 3226 3258 et
3260 3204 3408 3258 sidus
3449 3202 3540 3257 Dei

240 3300 270 3354 ὁ
312 3300 630 3370 προφήτης
680 3295 864 3365 φησὶν,
925 3313 944 3346 ι
1015 3291 1304 3345 Ἀνέλαϐον
1355 3292 1456 3358 τὴν
1503 3291 1710 3362 σκηνὴν
1761 3291 1857 3343 τοῦ

1963 3294 2201 3363 ipsorum
2241 3292 2549 3364 Rhemplta,
2604 3294 2807 3364 figuras
2843 3310 2982 3364 quas
3021 3295 3266 3350 fecerunt
3310 3296 3544 3350 adorare

242 3389 448 3460 Μολδχ,
497 3389 609 3443 καὶ
647 3385 714 3439 τὸ
746 3385 944 3456 ἄστρον
974 3383 1068 3437 τοῦ
1099 3381 1232 3436 Θεοῦ
1262 3381 1440 3460 αὐτῶν
1483 3379 1702 3452 Ῥεφὰν,
1731 3382 1859 3446 τοὺς

1960 3401 2054 3442 eas
2074 3386 2138 3440 ".
2171 3383 2327 3452 rSed
2351 3385 2424 3440 illi
2445 3387 2658 3456 quidem
2679 3389 2975 3458 perierunt.
3001 3408 3021 3441 ι
3045 3389 3369 3445 Ceciderunt
3397 3391 3542 3445 enim

236 3481 449 3547 τύπους
498 3479 602 3544 οὓς
643 3478 979 3547 πεποιήκασι
1031 3477 1354 3546 προσκυνεῖν
1395 3475 1596 3538 αὐτοῖς.
1645 3494 1664 3528 ι
1719 3474 1857 3526 Ἀλλ’

1963 3478 2203 3532 membra
2274 3492 2463 3533 eorum
2528 3479 2592 3541 in
2656 3481 2922 3545 deserto,
2973 3501 2992 3535 ι
3064 3482 3207 3537 sicut
3273 3483 3539 3552 scriptum

237 3579 444 3636 ἐκεῖνοι
501 3574 615 3645 μὲν
670 3568 976 3626 διολώλασι.
1039 3587 1059 3620 ι
1125 3567 1390 3621 Πέπτωκε
1429 3567 1540 3638 γὰρ
1590 3565 1660 3619 τὰ
1709 3564 1860 3619 κῶλα

1953 3564 2048 3625 est
2066 3569 2131 3625 ”.
2166 3569 2263 3624 Ast
2289 3570 2396 3624 ubi-
2417 3571 2618 3639 posteri
2647 3586 2831 3626 eorum
2860 3572 3150 3629 Iordanem
3184 3577 3542 3641 transierunt,

231 3667 425 3724 αὐτῶν
456 3669 521 3720 ἐν
565 3668 640 3737 τῇ
685 3664 898 3736 ἐρήμῳ,
941 3680 960 3713 ι
995 3659 1140 3715 καθὰ
1167 3659 1496 3730 γέγραπται.
1545 3658 1764 3730 Ἐπειδὴ
1803 3660 1860 3725 δὲ

1963 3661 2096 3716 duce
2127 3661 2312 3727 Jusue,
2347 3662 2542 3718 deinde
2572 3665 2899 3730 procedente
2944 3675 3187 3737 tempore
3219 3669 3320 3722 sub
3343 3667 3540 3737 judicio

230 3759 507 3829 διέϐησαν
532 3757 638 3810 τὸν
677 3753 950 3824 Ἰορδάνην
971 3751 1018 3805 οἱ
1046 3750 1162 3823 μετ’
1182 3751 1398 3813 αὐτοὺς,
1425 3748 1859 3820 στρατηγοῦντος

1962 3745 2074 3807 bus
2098 3752 2336 3827 fuerunt,
2391 3755 2700 3811 servierunt
2737 3757 2914 3812 idolis.
2949 3758 3054 3814 Sed
3099 3769 3155 3814 et
3211 3758 3547 3827 temporibus

243 3849 451 3922 Ἰησοῦ,
505 3847 692 3902 πάλιν
745 3843 838 3897 τοῦ
884 3842 1075 3913 χρόνου
1122 3839 1528 3912 προϐαίνοντος,
1572 3839 1859 3907 γεγονότες

1963 3854 2277 3900 sanctorum
2321 3847 2706 3916 prophetarum
2753 3849 3199 3924 sacriﬁcaverunt
3228 3850 3415 3906 vitulis
3447 3865 3549 3904 au-

2021 2188 2093 2244 Et
2141 2205 2244 2244 non
2297 2190 2397 2244 erit
2438 2189 2579 2244 ultra
2623 2188 2960 2246 Chanameus
3013 2191 3069 2245 in
3115 2190 3270 2246 domo
3325 2187 3544 2244 Domini

1953 2285 2324 2351 omnipotentis
2358 2284 2412 2339 in
2445 2284 2530 2340 die
2554 2284 2671 2340 illa.

228 3943 338 3996 ὑπὸ
383 3940 627 4014 κριτὰς,
664 3936 1064 4008 λελατρεύκασι
1096 3935 1208 4000 τοῖς
1253 3931 1508 3998 εἰδώλοις.
1559 3930 1721 3985 Ἀλλὰ
1764 3932 1860 3984 καὶ

222 4039 285 4092 ἐν
334 4037 573 4108 καιροῖς
597 4017 600 4020 ”
624 4031 747 4086 τῶν
776 4029 942 4097 ἁγίων
977 4026 1272 4098 προφητῶν
1315 4022 1576 4076 τεθὺκασι
1617 4025 1739 4086 ταῖς
1770 4023 1863 4076 δα-

1964 4042 2129 4096 super
2157 4029 2400 4097 delubra,
2435 4041 2489 4085 et
2526 4046 2652 4086 aras
2687 4029 2980 4102 erigentes,
3017 4033 3367 4089 nihilominus
3395 4033 3543 4096 Baal.

225 4129 433 4200 μάλεσι
472 4129 609 4188 ταῖς
645 4124 906 4194 χρυσαῖς,
941 4119 1008 4183 ἃς
1044 4117 1343 4188 πεποίηκεν
1379 4118 1561 4180 αὐτοῖς
1591 4117 1619 4169 ὁ
1651 4115 1862 4185 ἐπάρα-

1965 4116 2222 4182 Chamos,
2263 4120 2539 4184 Astarten,
2573 4119 2907 4190 Beelphegor
2945 4123 3263 4177 adorabant.
3307 4125 3372 4177 Et
3403 4126 3545 4192 quod

219 4239 314 4284 τος
359 4218 711 4293 Ἱεροϐοέιμ.
748 4214 857 4266 Kal
892 4212 1028 4282 πρὸς
1064 4209 1272 4274 τούτοις
1313 4209 1392 4262 ἔτι
1424 4209 1624 4280 τεμένη
1670 4226 1727 4262 τε
1768 4208 1864 4261 καὶ

1967 4209 2125 4265 malis
2156 4210 2276 4264 istis
2315 4211 2488 4280 pejus,
2539 4227 2647 4266 non
2682 4211 2951 4280 plebeium
2999 4223 3050 4266 et
3089 4214 3322 4281 ignobile
3353 4216 3544 4285 vulgus

221 4316 456 4387 βωμοὺς
492 4308 869 4373 ἀνιστάντες,
904 4306 1056 4359 οὐδὲν
1079 4299 1242 4375 ἦττον
1279 4304 1760 4374 προσκεκυνήκασι
1786 4301 1863 4372 τῷ

1970 4311 2178 4356 tantum
2223 4303 2278 4356 in
2311 4303 2395 4357 his
2430 4302 2603 4362 fuisse
2633 4304 2884 4368 dicimus,
2935 4304 3028 4358 sed
3064 4321 3126 4358 ex
3179 4305 3295 4373 ipso
3331 4321 3546 4373 quoque

214 4409 391 4477 Βαὰλ,
430 4408 518 4479 τῷ
547 4401 806 4475 Χαμὼς,
838 4403 905 4472 τῇ
949 4399 1240 4469 Ἀστάρτῃ,
1271 4397 1347 4468 τῷ
1378 4394 1720 4467 Βεελφεγώρ.
1752 4395 1864 4448 Καὶ

1967 4391 2310 4452 sacerdotum
2339 4395 2534 4459 ordine
2559 4398 2762 4452 multos
2783 4393 3078 4450 deﬂexisse
3107 4407 3339 4451 constat.
3366 4397 3546 4464 Quare

211 4504 277 4556 τὸ
306 4475 538 4556 τοῦτων
576 4495 861 4552 ἐπέκεινα
891 4492 998 4544 τῶν
1029 4491 1236 4551 κακῶν,
1278 4490 1338 4542 οὐ
1374 4489 1480 4559 γὰρ
1519 4487 1582 4558 δὴ
1611 4487 1710 4558 τὴν
1737 4487 1864 4553 ἁγε-
1897 4546 1900 4555 ι

1967 4492 2023 4539 et
2057 4500 2153 4554 per
2187 4481 2504 4555 pr0phetam
2541 4475 2758 4542 dicebat
2792 4485 2931 4540 Deus
2966 4503 2979 4540 :
3015 4505 3032 4538 ι
3066 4486 3388 4543 Sacerdotes
3440 4504 3545 4541 non

211 4545 408 4656 ita:
582 4586 928 4660 συρφετώδη
973 4583 1184 4654 πληθὺν
1228 4545 1397 4652 μόνην
1441 4545 1497 4633 έν
1526 4545 1737 4641 τούτοις
1767 4546 1900 4646 γε-,ἶ

1968 4578 2223 4634 dixerunt
2251 4579 2400 4636 :Ubi
2451 4591 2534 4635 est
2581 4580 2881 4635 Dominus?
2912 4590 2965 4635 et
3009 4582 3324 4650 profitentes
3371 4582 3545 4652 legem

209 4686 409 4740 νέσθαι
449 4681 665 4753 φαμὲν
689 4720 707 4745 ,
747 4676 880 4728 ἀλλὰ
910 4674 1018 4745 γὰρ
1048 4674 1142 4726 καὶ
1185 4671 1244 4737 ἐξ
1290 4669 1468 4724 αὐτῶν
1508 4668 1616 4722 τῶν
1671 4668 1858 4740 ἱερέων

1967 4687 2073 4724 non
2112 4673 2477 4740 agnoscebant
2521 4688 2625 4737 me,
2655 4683 2707 4727 et
2733 4673 2897 4743 815
2925 4684 3170 4743 pastores
3222 4674 3386 4740 impie
3418 4689 3546 4740 age-

207 4774 648 4835 ὲκκεκλικότας
722 4767 954 4829 πολλοὺς
1028 4765 1352 4835 εὑρήσομεν.
1417 4760 1706 4831 Τοιγάρτοι
1765 4760 1862 4819 καὶ

1966 4765 2100 4820 bant
2126 4765 2180 4818 in
2217 4778 2320 4831 me,
2355 4773 2410 4819 et
2439 4765 2716 4834 propheta:
2743 4766 3138 4838 pruplietabam
3170 4765 3326 4830 Baal;
3347 4774 3398 4818 ct
3425 4776 3548 4834 post

205 4871 424 4940 ἔφασκε
460 4865 563 4922 διὰ
602 4858 720 4916 τοῦ
772 4858 1050 4930 προφήτου
1094 4858 1136 4908 όν
1173 4854 1338 4917 Θεόςο
1387 4870 1405 4903 ι
1443 4852 1505 4904 Ol
1543 4852 1704 4922 ἱερεῖς
1759 4851 1860 4903 οὑκ

1970 4855 2160 4910 inutile
2191 4855 2443 4910 abierunt
2465 4856 2533 4908 ’⁸.
2570 4875 2588 4910 ι
2620 4857 2768 4912 Vidit
2799 4859 2962 4912 etiam
2995 4857 3254 4926 propheta
3289 4857 3547 4911 Ezechiel

203 4958 371 5016 εἶπαν
395 4979 410 4992 ο
449 4956 580 5014 Ποῦ
633 4957 777 5008 ἐστι
819 4949 1061 5020 Κύριος;
1111 4947 1205 5000 καὶ
1236 4947 1283 4998 οἱ
1317 4945 1663 5015 ἀντεχόμενοι
1691 4946 1858 5014 νόμου

1969 4946 2188 5002 circiter
2228 4947 2415 5018 viginti
2450 4948 2688 5016 quinque
2731 4947 2880 5001 viros
2931 4947 2998 5001 de
3030 4947 3339 4999 senioribus
3381 4946 3546 4998 lsracl

200 5054 304 5107 οὐκ
339 5044 695 5123 ἠπίσταντὸ
735 5058 829 5112 με,
871 5039 1036 5092 κα.ὶοὶ
1067 5036 1322 5107 ποιμένες
1352 5036 1582 5106 ἠσέϐουν
1619 5035 1697 5096 εἰς
1735 5034 1856 5103 ἐμὲ,

1970 5046 2120 5108 terga
2156 5049 2364 5094 tantum
2391 5041 2739 5094 obvertentes
2771 5038 2973 5108 templo
3010 5038 3246 5104 Domini,
3279 5047 3335 5093 et
3367 5039 3550 5092 vultus

202 5147 298 5199 καὶ
338 5147 392 5200 οἰ
443 5139 784 5216 προφῆται
831 5132 1200 5203 προεφήτευον
1242 5131 1308 5200 τῇ
1352 5127 1517 5189 Βαὰλ,
1553 5128 1648 5179 καὶ
1684 5126 1861 5178 ὀπίσω

1969 5132 2300 5188 avertentes,
2339 5139 2402 5178 ac
2443 5125 2610 5178 solem
2639 5139 2829 5178 versus
2859 5123 3126 5177 orientem
3165 5123 3455 5176 adorantes
3480 5123 3548 5176 ³³.

202 5215 544 5310 ἀνωφελοῦς
610 5225 1038 5298 ἐπορεύθησαν.
1083 5241 1100 5272 ι
1150 5221 1411 5274 Τεθέαται
1455 5220 1632 5274 δὲκαὶ
1666 5220 1694 5271 ὁ
1732 5235 1866 5310 προι-

1964 5215 2032 5270 Ει
2074 5216 2443 5283 hujuscemodi
2479 5216 2709 5286 plurima
2758 5215 3107 5270 accumulare
3151 5215 3287 5268 nihil
3325 5224 3408 5268 est
3460 5231 3552 5268 nc-

202 5303 390 5405 φήτής
435 5321 752 5396 ἰεξεχιὴλ
787 5317 863 5380 ὡς
889 5315 1195 5405 εἴκοσι-καὶ
1237 5315 1396 5405 πέντε
1439 5312 1730 5405 ἄνδραςῄὲκ
1758 5309 1866 5364 τῶν

1967 5305 2118 5376 gotii.
2160 5303 2490 5359 Sull‘ecerint
2517 5314 2720 5367 autem,
2760 5305 2975 5372 opinor,
3007 5311 3062 5358 et
3095 5305 3223 5358 haec
3263 5305 3327 5356 ad
3360 5318 3548 5380 eorum

200 5377 637 5494 ἷεέέέὲἐυτὶῖῷἷ)
695 5377 969 5477 ι’ῐσραήλ,
1029 5403 1097 5456 τὰ
1152 5403 1373 5457 ὀπίσθια
1433 5377 1590 5474 μόνον
1645 5400 1868 5472 ἔχοντας

1968 5396 2257 5451 ruditatem
2323 5395 2771 5449 convincendam.
2835 5392 2977 5462 Ergo
3042 5391 3340 5448 ﬂuctuabat
3400 5377 3552 5448 tuens

200 5484 342 5586 πρὸς
376 5513 480 5566 τὸν
503 5484 676 5575 ’ναὸν
717 5498 966 5568 Κυρίου,
1002 5497 1094 5550 καὶ
1128 5495 1195 5550 τὰ
1235 5495 1502 5566 πρόσωπα
1531 5492 1712 5546 αὐτῶν
1760 5493 1870 5544 ἀπ-

1970 5498 2243 5553 veterum,
2283 5494 2338 5543 et
2381 5484 2646 5540 delirahat
2695 5499 3044 5556 magnopere.
3081 5485 3354 5553 Quocirca
3387 5496 3443 5540 et
3486 5489 3554 5540 de

1965 3933 2094 3996 reis,
2137 3949 2276 4004 quos
2300 3936 2384 3991 eis
2413 3935 2545 3993 fecit
2585 3937 3304 4002 maledictusJeroboam".
3343 3941 3406 3993 Et
3455 3940 3542 3994 in-

269 5721 318 5764 n
355 5715 571 5774 Μοιιιι,
607 5726 718 5774 νυ,
757 5702 825 5757 6.
894 5701 1330 5774 ’³-ΕΧοιΙ,Χ[ν,ῨΙ
1364 5716 1515 5770 seqq.
1545 5718 1571 5774 :7
1599 5717 1713 5774 ττι,
1760 5702 1776 5751 l
1821 5713 1995 5774 seq_q.;
2028 5695 2184 5750 Num.
2215 5710 2280 5774 ita:
2305 5734 2318 5758 ,
2345 5691 2490 5774 l-_l'._’i_.
2552 5689 2600 5774 “_
2631 5691 2798 5746 Exod.
2824 5707 3002 5774 _anXII,
3031 5692 3054 5746 ί
3091 5708 3243 5764 seqq.
3308 5693 3353 5726 ’⁸
3384 5692 3562 5754 AmOS.

199 5810 251 5851 ν,
284 5763 752 5846 τοῖ”νὶῗξιέὺἣ
801 5786 887 5833 ιιι,
931 5771 1011 5822 17.
1092 5768 1236 5826 "'ttl
1265 5763 1393 5841 Reg.
1433 5763 1738 5834 {iraa-5.3.
1820 5773 1861 5799 τε
1899 5808 1900 5819 χ

1953 5785 2091 5822 'r'cm.
2131 5782 2186 5830 ll,
2221 5767 2271 5816 8.
2368 5765 2410 5794 ’³
2446 5763 2640 5815 l‘Izecb.
2677 5777 2790 5828 \"Itt,
2819 5765 2903 5817 lli.
