4026 6276
257 333 341 387 277

1096 320 1649 383 COMMENTARIUS
1687 318 1755 374 LV
1794 314 2199 374 MALACHIAM
2247 311 2689 371 PROPHETAM.

3411 303 3516 359 27S

259 447 531 519 μαλωσίας
560 445 787 517 καιρῶν,
814 444 1167 515 ἀνεκομίζετο
1187 444 1288 514 μὲν
1306 442 1482 513 ἱκτῆς
1512 437 1831 501 Βαϐυλῶνος
1861 489 1865 499 λ

1954 451 2058 491 one
2098 437 2150 490 in
2184 436 2425 490 Jndaeam
2467 414 2782 500 remigravit
2817 428 3006 493 Israel,
3047 426 3186 507 etin
3237 427 3513 485 civitatem

256 541 321 605 είς
336 539 437 611 τὴν
471 538 734 593 Ἰουδαίαν
772 539 800 590 6
844 534 1080 605 Ἰσραήλ,
1112 534 1204 588 καὶ
1236 536 1314 597 είς
1341 533 1440 605 τὴν
1476 532 1637 601 άγίαν
1672 525 1828 594 αὖθις

257 632 471 701 ἀφίκετο
498 630 673 692 πόλιν,
701 629 760 683 τὸ
788 630 887 700 τῆς
924 628 1166 692 δουλείας
1200 625 1363 696 ζυγὸν
1390 625 1830 697 ἀποφορτισάμε-

257 742 350 786 νος.
395 722 511 776 Καὶ
558 722 622 794 δὴ
665 723 691 775 6
724 720 864 785 θεῖος
913 721 1211 793 ἐγήγερται
1252 719 1396 783 ναὸς,
1450 715 1831 787 ἐφεστηκότων

257 812 349 873 τοῖς
378 809 562 881 ἔργοις
595 808 901 879 Ζοροϐάϐελ
923 826 983 861 τε
1016 810 1108 862 καὶ
1140 807 1232 861 τοῦ
1263 805 1553 877 Σαλαθιήλ,
1583 806 1642 870 ὃς
1668 800 1736 877 ἦν
1769 806 1833 857 ὲκ

258 899 416 969 φυλῆς
465 899 657 965 Ἰούδα,
701 900 795 952 καλ⁸
845 899 1015 971 Ἰησοῦ
1060 900 1153 954 τοῦ
1210 900 1477 965 Ἰωσεδὲκ,
1513 898 1608 953 τοῦ
1642 898 1834 971 ἱερέως

258 990 336 1043 τοῦ
373 990 633 1063 μεγάλου.
667 991 1045 1063 Προεφήτευον
1072 992 1127 1045 δὲ
1163 994 1283 1046 κατ’
1312 993 1489 1045 ἐκεῖνο
1516 992 1609 1045 τοῦ
1638 989 1833 1063 καιροῦ

259 1085 356 1145 τοῖς
383 1086 448 1136 ἐκ
472 1082 572 1153 τῆς
604 1080 982 1152 αἰχμαλωσίας
1018 1082 1447 1153 λελυτρωμένοις
1497 1081 1747 1150 Ἀγγαῖός
1774 1097 1835 1133 τε

260 1176 342 1229 καὶ
404 1173 702 1246 Ζαχαρίας,
755 1173 963 1245 Ἔσδρα
1018 1192 1077 1228 τε
1130 1175 1225 1229 καὶ
1276 1174 1514 1245 Νεεμίου
1568 1175 1836 1228 συνόντων

258 1266 434 1330 αὐτοῖς
464 1266 571 1319 τῶν
606 1264 929 1337 ἱερουργῶν.
969 1265 1277 1335 Σύγχρονος
1303 1264 1361 1321 δὲ
1389 1266 1502 1328 τοῖς
1532 1280 1838 1335 μνημονευ-

258 1358 421 1411 θεῖσιν
453 1356 627 1426 άγίοις
660 1358 988 1429 προφήταις,
1040 1357 1074 1428 ἢ
1121 1357 1299 1425 ὀλίγον
1340 1356 1514 1428 βραχὺ
1552 1355 1670 1426 μετ’
1696 1355 1839 1409 ὲκεί-

257 1466 397 1513 νους,
417 1448 509 1503 καὶ
526 1450 553 1502 6
574 1448 863 1511 θεσπέσιος
886 1448 1080 1518 γέγονε
1104 1448 1416 1519 Μαλαχίας,
1437 1447 1496 1511 ὃς
1514 1448 1577 1518 δὴ
1595 1446 1837 1499 καλεῖται

256 1541 346 1594 καὶ
382 1541 646 1609 Ἀγγελος
670 1558 684 1571 ·
714 1540 1128 1611 διερμηνεύεται
1154 1539 1262 1612 γὰρ
1288 1532 1389 1594 ὦδε
1416 1539 1721 1609 Μαλαχίας.
1763 1538 1837 1592 Ού

259 1632 625 1704 παραδεκτέον
643 1631 768 1697 τούς
790 1649 950 1686 τινων
986 1632 1114 1704 περὶ
1145 1631 1311 1686 αὐτοῦ
1338 1630 1549 1700 λόγους,
1582 1630 1630 1683 οἳ
1663 1629 1839 1701 μάτην

1932 537 2175 586 sanctam
2214 527 2378 591 venit,
2404 525 2531 596 iugo
2558 522 2841 579 servitutis
2873 512 3226 576 exoneratus.
3266 520 3516 574 Divinum

1936 634 2150 691 quoque
2181 619 2437 688 templum
2476 619 2587 688 jam
2621 615 2821 679 stabat,
2853 613 3208 679 Zorohahele,
3248 611 3518 667 Salathied-

1933 713 1999 768 lis
2030 712 2160 779 filio,
2191 725 2256 765 ex
2294 710 2434 764 tribtt
2457 707 2591 763 Juda
2622 706 2873 767 oriundo,
2902 702 3121 768 etJesn,
3149 702 3517 763 filioJosedec.

1934 801 2218 857 sacerdote
2263 814 2458 869 magno
2500 795 2773 866 praefectis
2828 808 3076 863 operum.
3138 790 3233 848 Illo
3278 800 3521 861 tempore
3562 798 3569 805 ‘

1935 892 2253 963 captivitate
2305 889 2547 945 liberalis
2591 890 2819 958 Aggteus
2877 895 2932 942 et
2978 884 3274 939 Zacharias
3329 883 3522 937 vatici-

1936 988 2046 1043 nati
2076 974 2331 1050 fuerant,
2375 999 2499 1039 cum
2544 982 2747 1038 Esdras
2796 990 2853 1035 et
2902 979 3159 1033 Neemias
3210 977 3525 1032 sacerdotes

1938 1080 2199 1135 viverent.
2245 1075 2362 1144 Quo
2408 1074 2619 1137 eodem,
2674 1081 2769 1126 aut
2815 1070 2976 1139 paulo
3018 1078 3142 1140 post
3184 1078 3522 1122 memoratos

1937 1169 2230 1240 prophetas
2262 1175 2498 1233 sanctos,
2533 1164 2751 1219 divinus
2793 1176 3011 1233 quoque
3039 1158 3335 1217 Malachias
3363 1159 3521 1223 vixit,

1938 1262 2028 1333 qui
2063 1270 2117 1316 et
2147 1260 2386 1331 Angelus
2420 1268 2685 1313 vocatur:
2728 1256 2807 1311 sic
2840 1255 2986 1309 enim
3026 1251 3302 1307 Malachite
3331 1266 3525 1305 nomen

1940 1354 2203 1409 redditur.
2254 1352 2663 1422 Explodendum
2714 1360 2801 1407 est
2841 1359 3020 1404 autem
3052 1350 3413 1417 quorumdam
3459 1345 3527 1402 de

1940 1449 2056 1518 ipso
2084 1462 2181 1503 nec
2217 1447 2547 1503 audiendum
2589 1453 2986 1509 commentum,
3021 1443 3114 1516 qui
3148 1443 3524 1507 crediderunt,

1943 1550 2252 1611 temereque
2275 1541 2442 1612 817
2469 1538 2697 1594 fabulati
2739 1544 2885 1601 sunt,
2934 1551 3060 1591 eum
3115 1543 3311 1589 natura
3366 1548 3530 1601 ange-

1944 1635 2051 1688 lum
2106 1634 2294 1699 fuisse,
2371 1633 2466 1689 sed
2516 1632 2795 1687 voluntate
2843 1631 2937 1685 Dei
2970 1627 3248 1697 'corporis
3298 1627 3531 1682 formam

259 1723 727 1795 ἐρραψῳδήκασιν,
769 1723 998 1794 ἄγγελον
1049 1722 1149 1795 μὲ⁹ν
1178 1723 1275 1795 τὴν
1303 1722 1465 1793 φύσιν
1503 1722 1736 1791 οίὸμενοί
1778 1738 1838 1775 τε

1952 1722 2302 1793 habitumque
2365 1721 2756 1792 assumpsisse,
2806 1728 2862 1775 et
2912 1718 3182 1774 lsraelitis
3230 1717 3531 1788 prophetia:

258 1786 347 1870 καί
375 1786 648 1886 λέγοντες,
690 1786 1123 1887 σεσωματῶσθαί
1157 1786 1245 1886 γε.
1264 1786 1370 1887 μήν
1414 1814 1556 1870 κατά
1589 1786 1841 1885 βούλησιν

1952 1812 2178 1871 cilicium
2207 1786 2569 1885 praestitisse:
2590 1813 2774 1868 Dictus
2816 1819 2899 1867 est
2932 1826 3170 1891 namque
3203 1786 3441 1879 Angelus
3476 1810 3527 1864 in

256 1907 411 1972 Θεοῦ,
460 1908 555 1963 καὶ
596 1910 652 1962 ὲν
690 1909 967 1979 προφήτου
1003 1907 1157 1973 τάξει
1198 1906 1452 1977 γενέσθαι
1483 1908 1597 1970 τοῖς
1627 1904 1687 1970 ἐξ
1743 1906 1842 1959 Ἰσε-

258 2002 414 2073 ραήλ.
456 2000 687 2073 Εἴρηται
716 2002 825 2072 γάρ
858 2000 1112 2069 ἄγγελος,
1148 2000 1221 2064 ὡς
1271 1999 1428 2070 ἔφην,
1480 1999 1712 2070 μάλιστα
1745 1996 1842 2067 μὲν

256 2094 346 2149 καὶ
370 2092 467 2148 τοῦ
497 2093 762 2162 ὀνόματος
793 2092 997 2165 ταύτην
1026 2092 1243 2164 ἔχοντος
1279 2092 1365 2161 ἐφ’
1401 2089 1579 2162 ἑαυτῷ
1625 2089 1721 2161 τὴν
1753 2090 1844 2160 ἑρ-

258 2185 484 2258 μηνείαν
504 2202 520 2217 σ
551 2180 669 2239 εἶτα
699 2187 781 2241 ὅτι
808 2188 932 2249 τοὺς
954 2186 1160 2241 ἄνωθεν
1206 2185 1300 2239 καὶ
1329 2184 1480 2255 παρά
1500 2183 1633 2238 Θεοῦ
1655 2182 1844 2253 λόγους

255 2279 615 2349 ἀπαγγέλλων
640 2283 752 2343 τοῖς
782 2279 1091 2350 ἑξἹσραὴλ,
1118 2279 1318 2333 καλοῖτ’
1346 2278 1412 2332 ἂν
1438 2278 1539 2331 οὐκ
1562 2274 1844 2338 ἀπιθάνως

255 2370 348 2431 καὶ
375 2369 630 2438 ἄγγελος.
663 2369 776 2424 Καὶ
807 2369 938 2438 γοῦν
971 2369 1132 2433 αὐτὸς
1174 2372 1202 2423 6
1241 2369 1528 2440 προφήτης
1554 2366 1843 2438 Μαλαχίας

256 2463 313 2515 ὲν
336 2463 452 2524 τοῖς
485 2460 684 2530 ἐφεξῆς
713 2461 842 2532 περὶ
862 2461 1063 2523 παντὸς
1085 2460 1277 2530 ἱερέως
1301 2460 1485 2530 φησὶν,
1518 2460 1599 2511 ὅτι
1628 2477 1645 2509 t
1676 2456 1843 2529 Χείλη

260 2554 450 2625 ἱερέως
488 2552 783 2621 φυλάξεται
830 2546 1052 2621 γνῶσιν,
1102 2552 1196 2605 καὶ
1241 2553 1404 2622 νόμον
1449 2552 1846 2622 ἐκζητήσουσιν

261 2648 324 2700 ὲκ
354 2643 621 2715 στόματος
651 2642 843 2711 αὑτοῦ,
876 2644 1009 2697 διότι
1043 2643 1273 2713 ἄγγελος
1306 2643 1513 2714 Κυρίου
1544 2641 1849 2713 παντοκρά-

259 2734 415 2805 τορός
453 2735 588 2787 ἐστι.
634 2752 652 2785 ι
692 2720 915 2803 Περὶδέ
961 2751 1023 2802 γε
1052 2732 1148 2785 τοῦ
1196 2731 1544 2805 Ἐμμανουήλ
1577 2735 1605 2786 6
1635 2731 1849 2803 προφή-

260 2842 357 2896 της
399 2824 650 2889 Ἡσαΐας,
698 2843 715 2876 t
757 2824 867 2878 Kal
914 2823 1221 2895 θελήσουσι,
1276 2824 1463 2897 φησὶν,
1508 2824 1557 2877 εἱ
1601 2824 1851 2891 ἐγένοντο

263 2916 648 2988 πυρίκαυστοι,
682 2915 763 2969 ὅτι
810 2915 1023 2977 παιδίον
1071 2916 1359 2986 ἐγεννήθη,
1402 2916 1516 2980 υἱὸς
1558 2916 1653 2969 καὶ
1689 2915 1847 2987 ἐδόθη

263 3011 415 3079 ἡμῖν,
448 3009 541 3061 καὶ
574 3006 818 3061 καλεῖται
858 3006 918 3061 τὸ
948 3007 1120 3077 ὄνομα
1165 3006 1332 3061 αὑτοῦ
1382 3008 1625 3078 μεγάλης
1654 3007 1851 3079 βουλῆς

1946 1904 2137 1973 primis
2184 1904 2438 1975 quidem,
2495 1903 2637 1974 quod
2672 1902 2787 1972 ejus
2827 1916 3047 1963 nomen,
3101 1910 3159 1954 ut
3208 1901 3342 1968 dixi,
3390 1900 3533 1954 hanc

1946 1996 2224 2052 notionem
2272 1994 2532 2062 haberet;
2576 1994 2772 2048 deinde
2801 1992 2944 2063 quod
2972 2006 3095 2048 cum
3132 1991 3381 2047 caelestes
3411 1992 3477 2047 et
3502 2010 3532 2046 a

1948 2089 2060 2143 Deo
2108 2087 2400 2158 inspiratos
2431 2100 2714 2143 sermones
2756 2083 2942 2145 lsraeli
2978 2084 3269 2153 nuntiarit,
3306 2099 3411 2138 non
3451 2083 3534 2137 in-

1947 2182 2085 2237 scite
2119 2180 2282 2235 etiam
2324 2180 2548 2253 angelus
2577 2177 2761 2233 vocari
2805 2176 3001 2249 possit.
3040 2174 3227 2246 Itaque
3265 2176 3379 2245 ipse
3408 2190 3534 2244 pro-

1947 2275 2107 2345 pheta
2142 2272 2433 2329 Malachlas
2470 2273 2524 2326 in
2560 2278 2817 2329 contextu
2852 2270 2917 2323 de
2954 2266 3198 2337 quolibet
3248 2265 3538 2322 sacerdote

1948 2369 2024 2423 ait
2055 2389 2067 2424 :
2099 2387 2117 2421 ι
2151 2367 2316 2424 Lahia
2348 2366 2651 2423 sacerdotis
2678 2364 2991 2420 custodient
3031 2360 3342 2425 scientiam,
3370 2369 3425 2414 et
3458 2360 3542 2413 le~

1948 2478 2067 2539 gem
2117 2462 2400 2525 requirent
2449 2476 2515 2516 ex
2549 2475 2645 2515 ore
2698 2460 2837 2527 ejus,
2870 2458 3128 2529 quoniam
3184 2454 3408 2524 angelus
3438 2450 3544 2508 Do-

1949 2553 2081 2608 mini
2122 2551 2512 2621 omnipotentis
2550 2561 2634 2607 est
2660 2551 2728 2629 ἰ,
2757 2570 2775 2603 ι
2826 2552 2901 2606 De
2951 2546 3304 2604 Emmanuele
3355 2556 3536 2600 autem

1950 2647 2213 2717 propheta
2248 2646 2417 2702 Isaias
2447 2666 2461 2702 :
2495 2665 2514 2699 ι
2545 2646 2614 2701 Et
2664 2645 2847 2701 volent
2889 2643 2935 2700 si
2973 2643 3175 2698 fuerint
3223 2640 3348 2712 igne
3387 2655 3538 2695 com-

1951 2741 2113 2806 busti,
2158 2738 2286 2809 quia
2326 2754 2466 2810 puer
2515 2745 2673 2793 natus
2718 2746 2803 2793 est
2842 2734 3028 2801 nobis;
3066 2734 3219 2788 illius
3253 2733 3411 2787 datus
3452 2740 3540 2785 est

1952 2831 2130 2897 nobis,
2165 2838 2221 2885 et
2256 2830 2544 2885 vocabitur
2580 2843 2779 2885 nomen
2811 2827 2929 2896 ejus
2963 2823 3142 2892 magni
3185 2820 3397 2877 consilii
3428 2821 3543 2876 An-

1951 2926 2103 2998 gelus
2120 2924 2243 2987 ".a
2274 2921 2443 2979 Vides
2473 2920 2929 2991 quemadmodum
2967 2914 3360 2986 ἀπαγγέλλειν,
3405 2930 3541 2969 nun-

1954 3018 2089 3070 tiare
2121 3029 2242 3087 qua:
2269 3012 2416 3069 illius
2455 3027 2721 3087 supremae
2773 3020 2981 3066 natura:
3015 3019 3166 3076 sunt,
3212 3008 3539 3079 quibusdam

267 3099 552 3168 Ἄγγελος.
603 3117 623 3150 ι
672 3097 833 3168 Ὁρᾷς
864 3099 947 3151 ὅτι
986 3098 1047 3151 τὸ
1088 3097 1496 3169 ἀπαγγέλλειν
1536 3098 1742 3169 ἑτέροις
1777 3098 1847 3153 τὰ

1961 3109 2120 3163 etiam
2151 3106 2466 3177 angelorum
2500 3118 2697 3161 nomen
2751 3102 3025 3167 conciliet,
3057 3100 3306 3171 quamvis
3346 3106 3542 3151 natura

259 3195 365 3265 τῆς
418 3192 703 3263 ἀνωτάτης
747 3191 983 3262 φύσεως,
1014 3191 1380 3264 ὀνομάζεσθαι
1432 3195 1527 3247 καὶ
1584 3193 1851 3262 ἀγγέλους

258 3284 677 3357 παρασκευάζει
712 3286 891 3351 τινάς,
952 3284 1133 3340 καίτοι
1173 3286 1315 3339 κατά
1359 3286 1519 3354 φύσιν
1551 3287 1651 3339 οὐκ
1694 3286 1854 3350 ὄντας

258 3375 565 3442 ἀγγέλουςς
605 3374 916 3446 Ἄνθρωποι
950 3376 1050 3447 μὲν
1100 3375 1229 3447 γάρ,
1268 3378 1316 3430 οί
1339 3376 1428 3429 τόν
1461 3376 1603 3428 θεῖον
1629 3377 1856 3449 διερμη-

258 3466 514 3530 νεύοντις
558 3467 758 3537 νόμον,
790 3467 1071 3521 τουτέστιν
1123 3469 1173 3521 οἱ
1217 3470 1414 3538 ἱερεῖς·
1456 3469 1590 3532 Θεὸς
1635 3469 1710 3534 δὲ,
1760 3469 1857 3522 καὶ

260 3561 329 3612 ὲκ
356 3557 495 3612 Θεοῦ
523 3558 667 3613 κατά
697 3557 878 3627 φύσιν,
910 3560 939 3611 6
972 3558 1115 3622 Υἱός.
1142 3560 1460 3629 Ἀνθρωπος
1498 3560 1561 3629 δὴ
1587 3546 1700 3613 ὀὖν
1732 3559 1855 3613 καθ’

260 3652 415 3719 ἡμᾶς
441 3652 470 3703 6
502 3652 792 3721 προφήτης
826 3652 1131 3720 Μαλαχίας.
1161 3651 1388 3721 Σύμπας
1408 3652 1464 3705 δὲ
1488 3652 1679 3721 ὥσπερ
1706 3651 1857 3722 αὐτῷ

256 3742 363 3812 τῆς
394 3741 736 3811 προφητείας
761 3743 789 3794 6
818 3741 1018 3806 σκοπὸς
1061 3744 1140 3805 είς
1168 3741 1261 3795 δύο
1289 3742 1463 3795 ταῦτα
1504 3743 1853 3799 συντείνεται.

276 3831 687 3903 Ἐγηγερμένου
714 3830 823 3903 γὰρ
844 3831 937 3885 τοῦ
967 3831 1112 3887 θείου
1146 3833 1298 3899 ναοῦ,
1329 3831 1522 3903 καιροῦ
1565 3832 1858 3900 καλοῦντος

262 3926 344 3985 είς
380 3923 699 3995 ἱερουργίαν
741 3925 867 3987 τοὺς
900 3925 1307 3995 προεστηκότας
1354 3925 1509 3989 λαοῦ,
1560 3926 1679 3996 ήτοι
1730 3927 1857 3988 τοὺς

263 4013 326 4079 ἐξ
359 4014 603 4084 Ἰσραὴλ,
630 4014 891 4086 πληροῦν,
919 4017 967 4068 εί
999 4014 1223 4080 ἕλοιντο,
1256 4016 1355 4079 τὰς
1397 4016 1540 4069 κατά
1562 4016 1727 4086 νόμον
1760 4016 1853 4069 sb-

263 4104 388 4173 χὰς,
426 4104 728 4175 ἐκέχρηντο
764 4106 863 4175 μὲν
901 4106 1020 4168 ταῖς
1071 4105 1159 4164 διὰ
1214 4105 1456 4171 Μωσέως
1504 4106 1764 4169 ἐντολαῖς,
1797 4104 1858 4157 οὑ

267 4196 377 4267 μὴν
401 4196 721 4267 ἀμωμήτως
752 4196 846 4248 καὶ
879 4195 1158 4259 ⁴ἐπιεικῶς.
1196 4197 1601 4269 Προσεκόμιςον
1633 4196 1729 4267 μὲν
1752 4196 1864 4266 γὰρ

262 4292 345 4350 εἰς
386 4287 581 4341 θυσίαν
614 4288 662 4340 οί
710 4288 830 4341 λαοὶ
862 4288 929 4341 τὰ
966 4288 1191 4358 συνήθη,
1227 4288 1367 4359 πλὴν
1410 4289 1471 4343 οὐ
1510 4288 1715 4359 σφόδρα
1760 4305 1861 4341 rce-.-

261 4379 680 4452 φροντισμένως
704 4421 716 4443 ,
752 4380 1000 4453 ὀκνηρῶς
1034 4380 1090 4434 δὲ
1137 4381 1335 4450 μᾶλλον
1365 4381 1459 4435 καὶ
1484 4382 1865 4452 κατημελημέ-

1954 3200 2128 3269 angeli
2164 3214 2271 3255 non
2313 3196 2461 3252 sint?
2502 3194 2766 3250 Homines
2796 3192 2942 3247 enim
2986 3200 3135 3257 sunt,
3169 3188 3262 3257 qui
3301 3187 3543 3242 divinam

1955 3291 2126 3361 legem
2156 3289 2469 3361 explanant,
2518 3298 2714 3356 nempe
2746 3283 3106 3339 sacerdotes:
3141 3276 3288 3336 Deus
3335 3288 3540 3349 autem,

1955 3395 2009 3439 et
2044 3399 2110 3438 ex
2139 3384 2251 3439 Deo
2283 3380 2603 3451 secundum
2628 3386 2876 3434 naturam
2924 3374 3115 3458 Filius.
3146 3373 3322 3429 Homo
3356 3373 3542 3443 igitur,

1958 3484 2205 3532 nostrum
2254 3473 2472 3541 similis,
2510 3471 2773 3542 propheta
2807 3467 3126 3527 Malachias.
3149 3465 3315 3535 Cujus
3350 3464 3541 3519 vatici-

1958 3570 2028 3625 nii
2062 3582 2262 3638 scopus
2297 3566 2582 3621 universus
2616 3563 2682 3618 ad
2729 3563 2836 3617 duo
2869 3561 2983 3615 haec
3016 3560 3253 3615 refertur
3278 3559 3543 3629 quodam-

1958 3662 2140 3718 modo.
2188 3659 2517 3714 Constructo
2565 3657 2709 3712 enim
2755 3655 2868 3724 jam
2918 3654 3101 3710 divino
3150 3650 3375 3721 templo,
3418 3664 3544 3705 cum

1961 3764 2173 3823 tempus
2203 3750 2385 3823 populi
2430 3748 2773 3822 praepositos,
2830 3748 2946 3802 sive
2990 3760 3085 3802 eos
3136 3745 3228 3816 qui
3275 3750 3435 3801 erant
3476 3745 3546 3795 de

1961 3844 2228 3914 sanguine
2260 3840 2413 3907 Levi,
2468 3841 2534 3895 ad
2571 3840 2841 3895 sacrificia
2889 3846 3132 3905 vocaret,
3178 3846 3343 3911 atque
3375 3835 3544 3891 etiam

1961 3934 2096 4005 ipsis
2139 3932 2399 3988 lsraelitis
2430 3945 2621 4002 preces
2661 3940 2715 3986 et
2765 3940 2889 3987 vota
2921 3932 3220 3986 secundum
3266 3926 3461 3997 legem,
3499 3927 3547 3979 si

1962 4030 2180 4093 liberet,
2204 4026 2454 4083 obeunda
2475 4024 2876 4095 quodammodo
2894 4031 3229 4095 suggereret,
3252 4020 3547 4075 servabant

1965 4118 2037 4173 illi
2068 4118 2286 4188 quidem
2315 4117 2561 4171 mandata
2595 4113 2783 4181 Hosis,
2813 4130 2920 4168 non
2951 4124 3129 4171 tamen
3164 4114 3301 4170 citra
3331 4112 3545 4181 culpam

1964 4218 2020 4263 et
2071 4220 2133 4265 nt
2166 4209 2307 4263 ratio
2352 4207 2650 4273 ﬂagitabat.
2706 4204 2840 4260 Nam
2890 4207 3121 4276 ponulus
3168 4212 3427 4261 consueta
3477 4202 3549 4256 ad

1965 4301 2154 4355 altaris
2213 4298 2544 4354 sacrificium
2595 4297 2893 4363 offerebat,
2942 4313 3129 4352 verum
3182 4312 3289 4350 non
3349 4306 3545 4363 magna

1966 4408 2096 4447 cura
2134 4390 2396 4455 adhibita,
2442 4388 2537 4444 sed
2564 4388 2932 4458 perfunctorie
2973 4398 3028 4442 et
3058 4386 3418 4457 negligenter.
3447 4386 3550 4438 De-

260 4495 393 4539 νως.
434 4477 517 4529 Τὰ
546 4477 654 4547 γὰρ
682 4476 929 4547 αἰσχίονα
952 4476 1060 4529 τῶν
1099 4477 1158 4529 ἐν
1188 4477 1481 4546 ποιμνίοις,
1514 4477 1774 4547 ἄρῤωστά
1803 4492 1862 4529 τε

1972 4484 2165 4538 teriora
2197 4482 2396 4551 quippe
2423 4481 2621 4552 gregis,
2649 4489 2704 4535 et
2737 4480 3006 4545 morbida,
3032 4489 3087 4534 et
3127 4479 3435 4548 rejectanea
3482 4478 3550 4529 ad

259 4569 363 4623 καὶ
415 4568 657 4638 ἀδόκιμα
698 4568 979 4640 προσῆγον
1023 4566 1101 4639 τῷ
1148 4567 1537 4638 θυσιαστηρίῳ.
1601 4566 1863 4635 Προσεδέ-

258 4678 427 4733 χοντο
458 4661 517 4714 δὲ
542 4663 591 4714 οἱ
625 4662 811 4732 ἱερεῖς,
846 4661 1028 4715 οὐκέτι
1055 4660 1550 4731 μωμοσκοποῦντες
1593 4660 1735 4714 κατὰ
1766 4660 1861 4715 τὸν

259 4756 455 4826 νόμον,
493 4752 568 4823 μὴ
611 4751 804 4822 χωλὸν,
852 4752 885 4823 ἢ
936 4751 1273 4821 ὠτότμητον,
1309 4751 1341 4819 ἢ
1389 4749 1790 4821 κολοϐόρρινον,
1826 4751 1859 4823 ἢ

259 4845 687 4915 κολοϐόκερκον,
747 4843 780 4915 ἢ
831 4841 1187 4913 ψωραγριῶν,
1234 4841 1266 4911 ἢ
1321 4841 1574 4912 λειχῆνας
1629 4839 1773 4910 ἕχον,
1825 4842 1859 4913 ἢ

263 4940 559 5009 μόνορχες*
608 4935 891 5006 ἀπόϐλητα
938 4937 1047 5007 γὰρ
1103 4936 1341 4989 ἐποιεῖτο
1378 4933 1552 4987 ταῦτα
1601 4933 1629 4986 ὁ
1673 4934 1855 5004 νόμος,

259 5030 425 5103 ὕϐρις
456 5029 514 5082 δὲ
539 5024 608 5099 ἦν
634 5028 695 5081 τὸ
718 5031 928 5099 χρῆμα,
960 5028 1054 5081 καὶ
1081 5028 1269 5098 ἕτερον
1297 5027 1471 5081 οὐδέν.
1500 5027 1859 5098 Κατημέλουν

261 5125 315 5175 δὲ
356 5125 457 5177 καὶ
515 5121 718 5193 ἑτέρως
769 5122 819 5174 οἱ
866 5122 1031 5192 ἱερεῖς
1064 5120 1160 5174 καὶ
1205 5118 1313 5174 τῶν
1350 5120 1457 5174 ὑπὸ
1502 5122 1657 5192 χεῖρα
1691 5119 1858 5186 λαῶν,

262 5216 383 5285 οὐχὶ
432 5216 505 5268 τᾶι
545 5217 611 5267 ὲκ
649 5214 828 5284 νόμων
870 5212 1045 5284 ὀρθῶς
1083 5212 1483 5282 εἰσηγούμενοι,
1527 5213 1623 5267 καὶ
1666 5213 1861 5267 παιδα-

256 5319 337 5370 γω
356 5306 582 5373 ίοῦντες
615 5308 696 5368 είς
741 5305 800 5358 τὸ
824 5304 902 5373 τῷ
932 5302 1051 5372 Θεῷ
1079 5302 1290 5370 δοκοῦν,
1321 5303 1433 5357 ἀλλ’
1469 5305 1549 5367 εἰς
1594 5304 1860 5367 ἐκτόπους

259 5396 547 5469 signata;
602 5396 887 5450 ἀπονεύειν
922 5395 1143 5459 ἐῶντες,
1198 5396 1291 5449 καὶ
1343 5396 1443 5466 τῆς
1494 5396 1709 5459 εὐθείας
1759 5396 1864 5461 ἔξω

259 5491 533 5561 φέρεσθαι
569 5490 782 5560 τρίϐου.
818 5489 927 5541 Καὶ
967 5482 1047 5550 εἷς
1092 5488 1187 5557 μὲν
1214 5484 1364 5552 οὗτος
1390 5490 1487 5559 τῆς
1517 5487 1864 5558 ἐπιπλήξεως

248 5586 467 5655 τρόπος
490 5601 503 5613 ·
551 5583 737 5652 ἕτερος
774 5582 831 5633 δὲ
867 5581 1002 5650 πρὸς
1035 5579 1207 5650 τούτῳ
1246 5584 1358 5643 τοῖς
1390 5581 1449 5644 eg
1492 5580 1696 5651 Ἰσραὴλ
1726 5620 1739 5642 ,
1776 5583 1864 5633 ἐπ’

317 5763 367 5796 ’³
414 5762 653 5821 ΜΑίειρΙι.
696 5777 756 5824 ιι,
787 5760 840 5811 7.
923 5761 961 5791 ³⁵
996 5760 1097 5816 lsa.
1137 5777 1210 5824 ιιι,
1254 5761 1305 5826 5,
1341 5760 1391 5812 6.

1961 4591 2114 4629 aram
2170 4574 2489 4629 offerebant.
2544 4573 2870 4629 Sacerdotes
2924 4587 3088 4642 porro
3147 4571 3549 4640 suscipiebant,

1960 4681 2067 4721 non
2115 4665 2345 4735 amplius
2379 4665 2641 4730 maculas,
2677 4672 2747 4741 ut
2780 4665 2865 4720 lex
2890 4664 3139 4734 jubebat,
3179 4663 3233 4717 id
3276 4672 3382 4726 est,
3420 4675 3550 4715 num

1961 4758 2232 4824 claudum,
2276 4766 2370 4811 aut
2420 4772 2549 4813 aure
2580 4758 2778 4823 scissa,
2819 4767 2915 4813 aut
2961 4771 3095 4812 naso
3145 4755 3417 4819 mutilum,
3458 4761 3553 4807 aut

1961 4851 2131 4906 cauda
2174 4860 2474 4919 amputata,
2519 4861 2616 4906 aut
2665 4852 3000 4917 scabiosum,
3054 4858 3148 4902 aut
3180 4849 3548 4917 impetigines,

1967 4952 2057 4997 aut
2085 4958 2252 4997 unum
2287 4943 2595 4999 testiculum
2640 4941 2931 5005 haberent,
2963 4940 3379 4995 considerantes
3412 4954 3426 4989 :
3470 4953 3553 4991 re-

1963 5034 2185 5105 jiciebat
2231 5035 2375 5089 enim
2424 5034 2528 5090 ista
2576 5034 2685 5103 lex,
2727 5050 2829 5090 nec
2872 5033 3016 5088 aliud
3067 5046 3231 5100 quam
3280 5027 3550 5084 dedecora

1967 5138 2124 5183 erant
2149 5127 2213 5180 ³⁸.
2249 5127 2366 5181 Alia
2398 5127 2527 5181 item
2561 5128 2773 5182 ratione
2816 5125 3135 5181 sacerdotes
3173 5122 3338 5176 etiam
3374 5120 3546 5189 Stillth

1969 5224 2116 5270 ctum
2162 5214 2262 5271 sibi
2297 5217 2551 5287 populum
2600 5215 3127 5287 negligebantLeum
3182 5211 3354 5282 legent
3388 5227 3553 5278 prave

1968 5308 2324 5377 explicarent,
2360 5324 2460 5364 nec
2503 5308 2571 5363 ad
2621 5287 3097 5363 Dei'voluntatem
3145 5304 3551 5373 exsequendam

1970 5398 2135 5466 probe
2180 5399 2427 5455 homines
2474 5399 2755 5453 crudirent
2817 5396 2911 5451 sed
2961 5410 2990 5448 a
3048 5404 3196 5450 recta
3250 5395 3447 5451 semita
3487 5392 3553 5448 ad

1970 5490 2200 5559 ineptias
2258 5499 2313 5544 et
2356 5488 2636 5544 fatuitates
2679 5487 2968 5543 deﬂectere
3026 5486 3296 5553 sinerent.
3348 5485 3414 5541 Et
3452 5485 3557 5539 hoc

1969 5583 2184 5652 quidem
2218 5580 2610 5653 obiurgationis
2645 5596 2815 5652 genus
2857 5596 3021 5636 unum
3054 5588 3156 5637 est.
3192 5579 3439 5644 Alterum
3489 5574 3579 5635 ad:

1477 5761 1518 5787 ""
1554 5759 1719 5812 Lavit.
1758 5775 1889 5824 χιιι,
1924 5759 1984 5812 21
2024 5775 2173 5831 seqq.
