4026 6276
281 327 372 384 981

1085 318 1648 380 COMMENTARIUS
1689 320 1758 378 IN
1795 321 2204 382 MALACHIAM
2243 321 2688 383 PROPHETAM.

3425 325 3535 383 282

283 458 376 497 σοι.
408 457 427 491 ι
453 437 610 505 Ἔστι
653 436 783 508 γὰρ,
817 435 963 508 εστιν
997 437 1261 493 ἀκούοντά
1303 455 1424 492 τινα
1458 440 1593 510 μηδὲ
1624 439 1855 494 ἀκοῦσαι

1959 443 2193 499 dientcm
2214 450 2401 512 putare
2446 457 2550 496 non
2608 440 2903 504 audivisse,
2922 439 3024 494 nisi
3065 449 3298 496 mentem
3361 441 3524 496 verba

281 533 464 597 δοκεῖν,
493 532 544 584 εί
590 530 666 602 μὴ
700 530 954 586 ἆπτοιντο
1004 533 1103 604 μὲν
1143 533 1380 599 διανοίας
1428 537 1478 589 οί
1523 535 1692 604 λόγοι,
1721 536 1856 590 ἀπο-

284 625 500 687 πτάντες
527 621 584 677 δὲ
625 622 814 695 ὥσπερ
856 626 957 696 τῆς
996 627 1089 680 τοῦ
1126 627 1376 697 λέγοντος
1420 629 1686 702 γλώττης,
1735 627 1855 695 εἶτα

288 718 439 789 μόνην
467 707 950 787 προσάῤῥάξαντες
987 719 1084 790 τὴν
1110 721 1201 773 τοῦ
1230 721 1520 786 ἀκούοντος
1553 723 1743 793 ἀκοὴν,
1771 724 1855 775 εί-

287 809 444 871 καίοις
475 808 535 861 ἑν
568 807 668 879 ῐσῳ
701 809 1142 878 καταλογισθείεν
1171 813 1264 864 καὶ
1299 815 1584 882 κρυπτοῖς.
1609 813 1854 867 Τοιοῦτοί

285 919 412 965 τινες
442 896 584 971 ἦσαν
617 902 744 972 περὶ
786 897 860 956 ὧν
892 903 994 972 ἔφη
1025 920 1111 967 τις
1157 903 1265 956 τῶν
1318 905 1488 972 ᾁγίων
1521 907 1812 977 προφητῶν
1835 925 1850 941 ·

282 989 444 1049 (Ἰδοὺ
489 989 617 1054 λαδς
647 991 848 1060 μωρὸς,
887 991 979 1042 καὶ
1029 991 1306 1062 ἀκιάρδιος,
1339 992 1604 1063 ὀφθαλμοὶ
1649 995 1854 1064 αὐτοῖς,

287 1082 366 1140 καὶ
399 1081 460 1135 οῦ
501 1080 790 1152 βλέπουσιν
810 1099 824 1112 ο
855 1076 968 1136 ῶτα
997 1084 1200 1147 αὐτοῖς,
1235 1086 1328 1138 καὶ
1373 1085 1474 1138 οὐκ
1521 1087 1799 1143 ἀκούουσι.
1829 1109 1848 1142 ι

285 1174 565 1244 Παρεγγυᾷ
597 1173 887 1244 τοιγαροῦν
917 1175 1232 1242 ἀναγκαίως
1256 1178 1284 1228 ὁ
1311 1179 1624 1248 προφήτης,
1656 1179 1849 1248 λέγων’

292 1263 494 1328 (Θέσθε
520 1263 584 1336 δὴ
613 1266 705 1318 ἐπὶ
752 1265 851 1330 τὰς
899 1267 1126 1339 καρδίας
1161 1268 1336 1334 ὑμῶν’
1372 1287 1389 1320 ι
1425 1273 1701 1324 τουτέστιν
1725 1313 1738 1336 ,
1775 1274 1854 1336 είς

285 1354 396 1411 νοῦν
445 1355 554 1409 ἔσω
597 1357 691 1410 καὶ
737 1357 962 1428 καρδίαν
1010 1361 1136 1423 τοὺς
1191 1359 1366 1426 θείους
1412 1363 1853 1434 ὲναποτιθέμενοι

286 1447 482 1516 λόγους,
520 1449 614 1502 καὶ
662 1447 770 1502 τῶν
818 1447 1025 1511 ἄνωθεν
1072 1452 1564 1522 χρησμῳδημάτων
1606 1453 1854 1518 συνέντες

284 1539 372 1608 τὴν
414 1538 664 1609 δύναμιν,
720 1541 1066 1606 συναινέσατε
1115 1543 1370 1606 πάντως·
1411 1544 1540 1606 (Ὡς
1592 1545 1852 1614 ἠγάπησα

288 1631 377 1699 μὲν
407 1630 586 1700 ὑμᾶς,
618 1630 764 1698 λέγει
809 1631 1013 1702 Κύριος
1036 1673 1050 1695 ,
1082 1651 1100 1685 ι
1137 1633 1348 1702 ἠξίωσᾴ
1374 1651 1432 1686 τε
1471 1635 1688 1706 ἁπάσης
1716 1639 1853 1706 ἠμε-

286 1722 516 1791 ρότητος,
566 1721 659 1776 καὶ
704 1723 952 1790 φειδοῦς,
1008 1723 1101 1776 καὶ
1148 1724 1248 1794 τῆς
1296 1728 1409 1787 τοῖς
1466 1725 1853 1796 ἀγαπωμένοις

1965 535 2548 604 ιειίεετὶηιιοηηευι
2608 535 2750 590 enim
2809 531 3079 602 loquentis
3132 533 3425 600 avolantia,
3476 543 3533 589 et

1961 627 2104 682 solas
2127 627 2582 684 audientesaures
2615 625 2958 680 verberantia
3015 626 3168 678 vanis
3227 626 3421 680 merito
3469 641 3534 680 ac

1961 735 2066 773 non
2121 719 2344 788 prolatis
2365 719 2560 773 similia
2575 717 2905 786 judiceutur.
2937 715 3106 783 Hujus
3138 717 3350 784 generis
3377 725 3533 770 erant

1957 812 2297 874 nonnulli,de
2316 813 2509 880 quibus
2529 810 2746 879 quidam
2779 819 3088 862 sanctorum
3110 809 3530 878 prophetarum:

1966 922 1985 956 ι
2029 904 2164 967 Ecce
2201 904 2427 972 populus
2454 903 2669 966 stultus,
2705 911 2760 955 et
2790 902 2906 955 sine
2965 899 3166 954 corde:
3241 901 3380 953 oeuli
3429 901 3531 968 eis,

1959 1003 2132 1048 etnon
2159 995 2363 1056 vident,
2394 1009 2554 1048 aures
2577 993 2675 1058 eis,
2698 1001 2750 1046 et
2776 1007 2882 1046 non
2913 991 3135 1045 audiunt
3166 989 3235 1043 δι.
3265 1009 3282 1041 ι
3313 989 3527 1043 llortari

1961 1087 2143 1156 itaque
2176 1087 2490 1155 prophetam
2546 1099 2771 1146 necesse
2852 1082 2993 1139 fuit:
3047 1101 3066 1133 ‹
3102 1081 3292 1135 Ponite
3371 1096 3534 1148 super

1961 1181 2122 1233 corda
2155 1186 2358 1245 vestra,
2399 1196 2417 1228 ι
2457 1178 2559 1232 huc
2584 1186 2692 1240 est,l
2723 1177 2863 1229 intra
2923 1175 3161 1228 auinmm
3217 1183 3269 1227 et
3295 1188 3391 1225 eor
3449 1171 3532 1225 di-

1960 1272 2082 1325 vina
2115 1271 2278 1327 verba
2309 1279 2654 1338 reponentes,
2679 1279 3148 1336 supernorumque
3179 1264 3527 1318 oraculorum

1958 1365 2068 1417 vim
2117 1360 2890 1433 intelligentes,assentiamini
2941 1359 3134 1426 plane:
3184 1376 3202 1410 ι
3262 1356 3528 1422 Quoniam

1959 1457 2120 1511 dilexi
2154 1471 2272 1518 vos,
2305 1455 2434 1510 dicit
2465 1454 2743 1517 Dominus,
2779 1472 2798 1505 ι
2827 1451 3081 1519 omnique
3122 1447 3531 1503 mansuetudine

1959 1556 2013 1602 et
2043 1546 2389 1616 indulgentia,
2416 1555 2470 1600 et
2516 1560 2644 1601 cnra
2677 1543 2882 1607 sedula,
2918 1557 3037 1611 quae
3064 1540 3275 1595 dilectis
3306 1538 3531 1590 adhibe-

1957 1640 2003 1694 ri
2035 1640 2192 1706 solet,
2217 1639 2466 1708 dignatus
2496 1653 2633 1691 sum.
2676 1636 2788 1691 Hoc
2819 1645 2997 1689 autem
3051 1648 3267 1688 rursum
3299 1629 3533 1684 meritis-

1959 1731 2097 1786 simo
2153 1730 2259 1784 illis
2283 1732 2596 1798 exprobrat,
2622 1727 2763 1796 quod
2805 1728 2906 1781 sibi
2955 1741 3052 1794 pro
3079 1725 3237 1778 bonis
3276 1723 3410 1774 mata
3445 1735 3534 1774 re-

285 1811 590 1884 πρεπούσης
633 1812 960 1883 φιλοτιμίας.
993 1815 1164 1868 Τοῦτο
1211 1815 1268 1876 δὲ
1319 1811 1386 1870 αὖ
1423 1811 1482 1870 εὗ
1535 1817 1681 1891 μάλα
1727 1836 1856 1870 κατ-

1962 1822 2430 1885 tribuerint,cum,
2465 1829 2520 1873 ut
2546 1821 2811 1874 charitate
2856 1816 3083 1883 dignati,
3137 1814 3376 1868 vicissim
3408 1827 3531 1866 eum

283 1896 622 1966 ονειδῖζοντος
649 1905 746 1975 μὲν
766 1945 780 1966 ,
823 1906 898 1970 ὡς
929 1905 1141 1977 πονηρὰ
1186 1907 1308 1960 ἀντὶ
1338 1907 1562 1976 ἀγαθῶν
1585 1909 1852 1974 ἀπέδοσαν

283 1994 453 2064 αὐτῷ,
507 1995 685 2048 καίτοι
734 1996 872 2058 δέον,
904 1997 979 2060 ὠς
1023 1997 1245 2068 ἀγάπης
1275 1999 1629 2069 ἠξιωμένους,
1668 2002 1855 2053 ἀντευ-

282 2085 515 2154 φραίνειν
542 2089 663 2148 ταῖς
689 2087 1005 2150 ἐπιεικείαις
1047 2089 1138 2141 καὶ
1166 2091 1286 2152 ταῖς
1309 2091 1388 2153 είς
1411 2092 1520 2144 πᾶν
1545 2091 1721 2144 ὁτιοῦν
1747 2090 1854 2145 τῶν

283 2176 605 2242 ᾀνδανόντων
634 2176 781 2247 αὐτῷ
804 2178 1058 2242 σπουδαῖς
1084 2195 1142 2232 τε
1172 2180 1266 2233 καὶ
1295 2180 1641 2251 προθυμίαις.
1658 2183 1720 2234 Εἰ
1746 2183 1854 2250 γάρ

282 2265 384 2314 ἐστι
416 2263 526 2314 τῶν
560 2264 798 2328 ἀτόπων,
832 2266 890 2319 τὸ
937 2267 1011 2338 μὴ
1069 2267 1351 2337 βούλεσθαι
1395 2272 1507 2332 τοῖς
1556 2269 1678 2323 καθ’
1708 2272 1855 2342 ἡμᾶς

280 2354 583 2422 ἀποδιδόναι
609 2355 707 2419 τὰς
731 2357 1068 2426 ὀφειλὰς,τίς
1100 2358 1164 2412 ἂν
1192 2361 1402 2428 γένοιτο
1430 2361 1586 2430 λόγος
1608 2361 1700 2414 ἐπὶ
1720 2360 1853 2414 Θεοῦ

277 2446 362 2499 τοῦ
391 2447 570 2501 πάντα
596 2449 727 2518 ἡμῖν
755 2449 1023 2514 πλουσίως
1065 2452 1407 2522 διανέμοντος
1439 2455 1505 2505 τὰ
1537 2453 1670 2523 πρὸς
1696 2452 1858 2505 εὐθυ-

281 2539 417 2605 μίαν,
447 2540 496 2591 εί
536 2541 618 2607 μὴ
649 2540 887 2610 βούλοιτό
931 2559 1014 2606 τις
1055 2545 1344 2600 ἀντιτίνειν
1374 2545 1522 2615 αὐτῷ
1553 2545 1660 2598 τῶν
1693 2545 1855 2598 δεδω-

277 2631 517 2699 ρημένων
551 2631 652 2696 τὰς
677 2633 938 2703 ἀμοιϐἀςς
971 2635 1024 2686 εἰ
1053 2636 1146 2688 καὶ
1173 2637 1253 2689 ὅτι
1297 2636 1530 2705 μάλιστα
1558 2637 1757 2709 πρέποι
1787 2635 1854 2690 ἂν

1960 1916 2246 1986 probitate,
2276 1923 2323 1968 et
2356 1913 2552 1976 studio,
2613 1910 3006 1978 alacritateque
3071 1907 3136 1962 ad
3192 1905 3370 1960 omnia
3431 1903 3530 1970 ipsi

1958 2015 2176 2074 accepta
2216 2005 2485 2060 delectare
2517 2003 2794 2057 deberent.
2825 2001 2879 2054 Si
2927 2001 3070 2056 enim
3121 1997 3412 2052 absurdum
3450 2004 3534 2049 est

1959 2106 2165 2153 natura:
2195 2107 2393 2151 nostrzc
2417 2095 2759 2150 consortibus
2797 2103 3054 2162 praestare
3099 2090 3240 2144 nolle
3275 2087 3414 2156 quod
3440 2086 3534 2139 de-

1958 2186 2108 2249 beas,
2142 2183 2268 2254 quid
2294 2199 2455 2253 super
2481 2183 2588 2236 Deo
2622 2179 3086 2249 respondebimus,
3120 2176 3210 2246 qui
3239 2174 3390 2228 nobis
3415 2186 3532 2226 om-

1961 2275 2048 2329 nia
2078 2275 2146 2329 ad
2172 2274 2566 2344 iucunditatem
2601 2270 2925 2341 pertinentia
2964 2267 3299 2321 abundanter
3331 2261 3534 2317 submi-

1961 2364 2176 2429 nistrat,
2211 2365 2254 2418 si
2281 2365 2419 2420 dona
2449 2361 2606 2417 donis
2648 2376 2759 2415 non
2791 2356 3234 2431 rependerimus?
3265 2353 3530 2422 siquidem

1961 2470 2091 2511 sana
2118 2465 2297 2512 mente
2317 2469 2500 2509 revera
2532 2455 2783 2523 prazditos
2816 2452 3053 2506 maxime
3102 2449 3257 2503 decet
3290 2445 3416 2498 illud
3449 2442 3532 2496 dio

1959 2560 2123 2602 cere:
2161 2564 2179 2598 ι
2215 2545 2351 2612 Quid
2389 2545 2681 2600 retribuam
2717 2543 2970 2608 Domino,
3011 2555 3108 2611 pro
3136 2537 3387 2594 omnibus
3411 2547 3532 2602 qua)

1963 2637 2210 2692 retribuit
2227 2637 2360 2691 mihi
2395 2636 2479 2689 "?
2509 2655 2527 2687 ι

274 2726 436 2776 ἐκεῖνο
486 2723 678 2794 λέγειν
741 2729 853 2791 τοῖς
889 2743 952 2796 γε
1020 2726 1233 2798 ἀληθῶς
1299 2728 1623 2801 ἁρτίφροσιο
1678 2749 1702 2793 ι,
1729 2727 1793 2784 Τί
1853 2728 2217 2796 ᾁνταποδώσω
2267 2729 2345 2802 τῷ
2390 2728 2578 2802 Κυρίῳ
2622 2727 2752 2800 περὶ
2801 2725 3017 2792 πᾴντοιιν
3061 2717 3136 2779 ῶν
3185 2715 3531 2774 ἅνταπέδωκέ

274 2833 389 2884 μοις
424 2835 442 2866 ι

335 2908 440 2962 Καὶ
484 2909 738 2961 εἴπατε·
800 2910 896 2963 Ἐν
947 2911 1061 2964 τίνι
1114 2911 1437 2982 ἠγάπησας
1485 2913 1680 2983 mide;
1732 2916 1856 2969 Οὐκ

268 2997 514 3066 ἀδελφὸς
551 2993 634 3067 ἦν
671 2995 852 3051 Ἡσαῦ
888 2999 992 3052 τοῦ
1036 3000 1260 3065 Ἰακὼϐ,
1285 3000 1446 3069 λέγει
1486 3003 1723 3069 Κύριος,
1753 2990 1853 3055 καὶ

269 3089 557 3156 ἠγάπησα
609 3088 720 3142 τὸν
762 3089 996 3154 Ἰακὼϐ,
1047 3089 1154 3144 τὸν
1197 3091 1265 3144 δὲ
1314 3092 1504 3146 Ἡσαῦ
1554 3093 1854 3162 ἐμίσησα;

274 3179 364 3257 καὶ
397 3179 586 3244 ἔταξα
622 3179 692 3232 τὰ
730 3178 860 3246 ὅρια
893 3179 1079 3234 αὑτοῦ
1119 3183 1204 3247 εἱς
1234 3182 1599 3252 ἀφανισμόν,
1619 3182 1716 3236 καὶ
1741 3185 1855 3251 τὴν

273 3274 679 3343 κληρονομίαν
707 3273 893 3333 αὐτοῦ
921 3275 1005 3339 εις
1030 3274 1266 3343 δώματα
1290 3276 1535 3344 ἐρήμου.

337 3364 407 3419 Δ’.
461 3365 825 3434 Ἐπλήττοντο
871 3365 970 3434 μὲν
1015 3365 1256 3418 Ἰουδαῖοι
1303 3366 1443 3419 κατὰ
1487 3367 1712 3437 καιροὺς
1739 3367 1853 3430 τοῖς

270 3456 330 3512 ἐκ
359 3456 504 3520 Θείας
533 3457 711 3528 ὀργῆς
743 3458 1120 3526 συμϐαίνουσι,
1148 3459 1498 3530 πολυτρόπως
1528 3460 1852 3530 δεδυσσεϐη-

271 3545 770 3610 κότες.Ἀπώθοντο
797 3549 904 3619 γὰρ
948 3551 1028 3612 είς
1059 3550 1455 3620 αἰχμαλωσίας,
1488 3549 1852 3622 καταδῃωθεί-

268 3653 364 3706 σης
405 3639 590 3702 αὐτοῖς
644 3641 741 3709 τῆς
789 3639 991 3711 χώρας,
1024 3641 1188 3694 οἴκων
1236 3658 1293 3693 τε
1326 3641 1728 3711 ὴρημωμένων,
1761 3639 1852 3692 καὶ

268 3730 394 3798 ὁμοῦ
421 3730 528 3785 τῶν
556 3731 725 3785 θείων
749 3733 892 3785 ναῶν
921 3732 1455 3804 κατεμπρησθέντων
1481 3733 1587 3785 τῶν
1620 3733 1849 3802 Ἰεροσο-

266 3818 464 3888 λύμων.
495 3822 784 3893 Προφάσει
814 3823 870 3876 δὲ
900 3823 991 3876 τοῦ
1026 3827 1094 3882 τὰ
1116 3825 1296 3883 τοιάδε
1329 3824 1520 3878 παθεῖν
1555 3825 1770 3889 αὐτοὺς,
1792 3825 1853 3879 τὸ

265 3915 558 3986 ἁποεροιτᾷν
595 3915 821 3968 ἑλέσθαι
853 3915 1032 3988 [φησι]
1064 3917 1158 3986 τῆς
1196 3916 1549 3986 γνησιότητος
1578 3920 1678 3987 τῆς
1716 3917 1852 3987 πρὸς

263 4004 410 4071 Θεὸν,
433 4008 532 4060 καὶ
552 4006 743 4074 ὀλίγου
771 4006 1047 4069 παντελῶς
1062 4007 1290 4071 ἀξιῶσαι
1306 4008 1465 4075 λόγου
1482 4008 1578 4079 τὴν
1599 4011 1677 4071 εἰς
1690 4009 1852 4078 νόμον

267 4097 410 4150 αίδώ.
429 4099 659 4170 Ἐπειδὴ
709 4098 885 4150 τοίνυν
936 4099 1218 4166 ἀγαπῆσαι
1249 4099 1499 4166 λέγοντος
1529 4100 1730 4162 αὐτοὺς
1757 4100 1850 4153 τοῦ

266 4188 417 4253 Θεοῦ,
447 4191 543 4243 καὶ
575 4190 785 4260 σφόδρα
820 4206 884 4256 γε
926 4185 992 4260 ἦν
1029 4190 1173 4252 εξκδς
1203 4191 1310 4243 τῶν
1336 4191 1435 4260 τῆς
1474 4191 1852 4262 αἰχμαλωσίας

265 4279 673 4352 διαμεμνῆσθαι
709 4281 915 4344 κακῶν,
955 4281 1116 4348 φάναι
1149 4297 1206 4332 τε
1241 4281 1382 4334 οὕτω
1410 4282 1568 4352 τυχὸν
1601 4283 1681 4347 τὸ,
1723 4301 1739 4332 t
1765 4283 1852 4342 Ἐν

265 4369 364 4422 τίνι
408 4371 712 4441 ἠγάπησας
740 4371 923 4440 ἡμᾶςς
955 4389 972 4420 ι
1011 4371 1498 4441 οἰκονομικώτατος
1536 4372 1658 4424 λίαν
1686 4374 1713 4424 ὁ
1743 4371 1850 4436 τῶν

264 4459 393 4512 ὅλων
411 4461 568 4526 Θεὸς,
604 4459 942 4528 παριππεύει
975 4460 1072 4529 μὲν
1103 4461 1169 4511 τὰ
1199 4460 1286 4512 διὰ
1309 4461 1472 4529 μέσου
1502 4461 1854 4530 συμδήματα,

265 4551 354 4604 καὶ
390 4552 489 4622 τὴν
531 4551 624 4602 ἐπ’
656 4551 837 4614 αὐτοῖς
868 4550 1200 4621 παρατρέχει
1229 4551 1500 4620 διήγησιν,
1533 4551 1855 4620 ἀνακομίζει

261 4658 323 4709 γε
360 4643 464 4713 μὴν
489 4642 592 4712 τὴν
630 4643 726 4710 τῆς
759 4643 979 4709 ἀγάπης
1008 4641 1279 4707 ἀπόδειξιν
1301 4641 1393 4692 ἐπὶ
1426 4639 1520 4710 τὴν
1549 4640 1641 4694 τοῦ
1665 4642 1855 4710 γένους

263 4735 453 4803 ἀρχὴν,
485 4735 636 4805 φημὶ
684 4735 747 4803 δὴ
781 4735 870 4787 τὸν
917 4733 1131 4797 Ἰακὼϐ,
1168 4734 1225 4786 ὃν
1257 4733 1537 4802 ἀγαπῆσαι
1573 4733 1667 4802 μὲν
1709 4734 1855 4804 ίσχυ-

263 4825 485 4890 ρίζεται,
528 4825 1012 4894 κατεστυγημένον
1063 4825 1118 4877 δὲ
1155 4823 1479 4893 πεποιῆσθαι
1527 4823 1619 4876 τὸν
1659 4824 1847 4888 Ἡσαῦ,

262 4917 434 4968 καίτοι
480 4919 598 4978 τοῖς
662 4916 874 4982 φύσεως
906 4917 1092 4984 νόμοις
1124 4918 1202 4976 εἰς
1235 4915 1572 4986 ἀδελφότητα
1605 4915 1679 4986 τῷ
1703 4933 1848 4969 τετι-

263 5005 487 5074 μημένῳ
543 5003 1036 5073 συνδούμενον.Ὠς
1086 5004 1195 5076 γὰρ
1246 5007 1273 5057 ό
1320 5006 1602 5069 θεσπέσιος
1649 5009 1848 5076 γράφει

261 5093 492 5159 Παῦλος,
533 5115 550 5147 ι
581 5097 771 5166 Mign)
801 5097 1166 5166 γεννηθέντων
1193 5138 1206 5160 ,
1269 5097 1405 5168 μηδὲ
1447 5097 1770 5168 πραξάντων
1798 5117 1849 5151 τι

259 5187 481 5253 ἀγαθὸν,
513 5188 547 5258 ἦ
586 5188 818 5257 φαῦλον,
857 5209 872 5240 ι
905 5189 1200 5242 ἁπόλεκτον
1227 5192 1461 5243 ἐποιεῖτο
1510 5192 1600 5244 τὸν
1655 5189 1871 5249 Ἰακὼϐ,

261 5278 314 5342 ἓξ
347 5273 405 5332 οὗ
451 5281 513 5331 τὸ
550 5280 668 5330 τῶν
713 5279 976 5333 Ἰουδαίων
1008 5281 1215 5352 ἁνεφὺη
1243 5282 1398 5347 γένος
1418 5299 1430 5312 ’
1466 5283 1764 5354 ἐκϐέϐληκε
1796 5284 1853 5337 δὲ

258 5368 344 5418 τὸν
381 5369 579 5432 Ἡσαῦ,
641 5368 736 5420 καὶ
767 5371 825 5421 οὐ
859 5371 1028 5440 δήπου
1061 5372 1240 5440 φαμὲν
1267 5373 1405 5424 κατὰ
1432 5371 1730 5440 πρόκλησιν
1770 5372 1850 5438 (ου

260 5459 362 5530 γὰρ
404 5459 593 5522 ἄδικος
649 5461 678 5510 ό
731 5459 880 5523 Θεὸς,
912 5460 1034 5514 οὔτε
1072 5463 1177 5532 μὴν
1205 5462 1382 5514 ἄνισον
1418 5463 1448 5532 ἦ
1479 5463 1766 5531 ἑτεραλκὲς
1797 5463 1854 5515 τι

257 5549 339 5616 ἐφ’
366 5551 587 5621 ἑκάστῳ
638 5549 749 5600 τῶν
800 5553 889 5602 ἐπὶ
936 5553 1032 5620 τῆς
1075 5551 1433 5620 γῆς’διεξὰγει
1465 5555 1687 5622 κρῖμα)·
1725 5571 1853 5623 προ-

2033 2907 2195 2965 Vsus.
2222 2911 2276 2964 5.
2310 2910 2601 2965 Ειιιίιιῐειῑε
2631 2925 2651 2962 :
2707 2907 2774 2961 In
2803 2923 2905 2977 quo
2928 2903 3161 2959 dilexisti
3191 2904 3330 2958 nos?
3379 2902 3533 2957 Non-

1962 3020 2023 3058 ne
2052 3003 2195 3058 Esau
2219 3013 2328 3058 erat
2365 3004 2530 3072 frater
2551 3001 2716 3057 ,Ιαεοὺ
2741 3003 2765 3056 7
2787 3000 2914 3052 dicit
2944 2997 3222 3060 Dominus,
3289 3005 3337 3050 et
3361 2995 3532 3048 dilexi

1881 3070 1923 3128 ο
1959 3095 2212 3161 Jacob,et
2234 3070 2379 3150 Esau
2406 3096 2524 3150 odio
2555 3095 2758 3148 habui?
2787 3091 2853 3148 Et
2889 3094 3038 3162 posui
3081 3091 3327 3145 terminos
3345 3088 3458 3158 ejus
3478 3089 3532 3141 in

1955 3189 2354 3253 desolationem,
2378 3197 2426 3242 et
2449 3187 2806 3241 hwreditatem
2843 3185 2955 3252 ejus
2989 3182 3045 3236 in
3077 3182 3258 3236 domos
3291 3180 3532 3234 solitudi-

1956 3282 2056 3335 nis.

2025 3371 2114 3425 IV.
2152 3369 2601 3426 Pereutieliantur
2643 3367 2932 3437 aliquando
2994 3363 3163 3420 Judzci
3219 3363 3286 3417 ab
3319 3361 3531 3418 infenso

1955 3463 2086 3529 Deo,
2111 3480 2230 3518 cum
2263 3465 2444 3518 multis
2462 3479 2519 3517 se
2553 3462 2918 3530 impietatibus
2954 3458 3397 3514 olistrinxissent.
3426 3455 3532 3509 Va-

1953 3566 2091 3611 stata
2115 3555 2260 3627 enim
2297 3570 2484 3610 eorum
2515 3562 2682 3614 terra,
2725 3551 2919 3622 captivi
2945 3551 3322 3620 abigebantur,
3359 3549 3531 3601 domi-

1954 3647 2054 3702 bus
2073 3647 2386 3709 exinanitis,
2405 3656 2454 3699 et
2487 3644 2871 3712 Hierosolymis
2900 3657 3004 3695 una
3030 3656 3153 3695 cum
3185 3641 3362 3694 divino
3397 3651 3530 3692 tom-

1955 3736 2041 3805 plo
2066 3735 2322 3792 crematis
2349 3735 2414 3788 ⁵³.
2462 3734 2628 3804 820
2666 3733 2816 3798 Quod
2884 3743 3065 3784 autem
3122 3732 3222 3783 ista
3284 3728 3532 3796 perpessi

1954 3825 2202 3890 fuissent,
2238 3824 2359 3878 inde
2377 3823 2610 3894 legitima
2635 3837 2758 3890 erga
2795 3822 2957 3875 Deum
3002 3819 3308 3880 deserendi,
3364 3829 3414 3871 et
3445 3834 3530 3870 re-

1954 3918 2249 3972 verentiam
2281 3916 2418 3984 legis
2442 3914 2591 3985 parvi
2626 3913 2846 3969 omnino
2871 3912 3135 3982 peudendi
3179 3911 3524 3964 occasionem

1953 4009 2302 4078 arripiebant.
2334 4007 2470 4075 Quia
2500 4007 2661 4074 igitur
2687 4006 2896 4058 dicente
2918 4004 3050 4068 Deo,
3069 4017 3127 4058 se
3156 4004 3273 4057 illos
3304 4003 3526 4057 dilexis-

1954 4117 2034 4165 se,
2079 4108 2132 4154 et
2165 4099 2314 4154 valde
2354 4098 2568 4167 quidem
2600 4096 2858 4150 credibile
2901 4105 3134 4150 erateos
3183 4096 3520 4148 miseriarum

1954 4191 2286 4262 captivitatis
2315 4189 2491 4243 denuo
2524 4203 2814 4252 memores,
2855 4188 2924 4239 ita
2980 4186 3210 4240 fortasse
3256 4186 3520 4250 dicun'os,

1959 4304 1977 4336 ‹
2017 4283 2072 4337 lu
2099 4298 2202 4351 quo
2233 4280 2463 4335 dilexisti
2491 4279 2632 4333 nos?
2670 4298 2686 4328 ι
2717 4278 3135 4346 prudentissimo
3160 4277 3382 4329 consilio
3406 4277 3525 4328 uui-

1885 4403 1932 4460 ι)
1961 4390 2234 4437 versorum
2269 4373 2408 4425 Deus
2441 4386 2559 4440 qua
2583 4369 2890 4423 acciderant
2920 4367 3526 4435 prietermittit,eorum-

1955 4483 2058 4537 que
2090 4465 2450 4521 narrationem
2483 4459 3174 4529 relinquit,dileetiouisque
3189 4458 3530 4513 demonstra-

1953 4559 2150 4617 tionem
2177 4557 2242 4610 ad
2268 4554 2482 4624 generis
2507 4566 2694 4606 eorum
2748 4551 3090 4619 principium,
3156 4548 3321 4604 Jacob
3372 4550 3528 4604 nimi-

1952 4664 2092 4712 rum,
2134 4654 2367 4712 revocat,
2393 4660 2551 4715 quem
2612 4659 2670 4698 se
2701 4642 2948 4697 dilexisse
2985 4643 3288 4708 confirmat,
3329 4644 3516 4696 odisse

1952 4750 2128 4792 autem
2169 4738 2341 4802 Esau,
2367 4736 2717 4805 quantumvis
2749 4735 2799 4788 ei
2839 4733 2930 4802 qui
2969 4733 3289 4803 diligebatur
3322 4741 3531 4787 natura

1955 4829 2179 4898 legibus,
2211 4838 2268 4880 ut
2290 4827 2475 4890 frater,
2492 4825 2776 4878 devinctus
2799 4830 2959 4877 esset.
2989 4821 3198 4876 Etenim
3229 4830 3286 4874 ut
3316 4822 3531 4874 divinus

1958 4921 2154 4974 l’aulus
2180 4920 2363 4973 scribit
2397 4933 2409 4968 :
2453 4936 2469 4968 ι
2509 4916 2640 4970 Cum
2666 4915 2900 4968 nondum
2931 4914 3043 4966 nati
3077 4912 3322 4976 fuissent,
3354 4927 3528 4980 neque

1956 5011 2156 5079 aliquid
2204 5008 2326 5062 boui
2359 5008 2613 5076 egissent,
2639 5015 2731 5058 aut
2761 5003 2884 5057 mali
2913 5001 2978 5066 “,
3013 5021 3032 5054 ι
3070 5001 3236 5055 Jacob
3258 5001 3438 5067 elegit,
3492 5019 3519 5054 a

1956 5117 2063 5168 quo
2095 5099 2397 5154 Judzeorunt
2424 5113 2554 5168 gens
2575 5097 2839 5166 originem
2867 5092 3022 5148 duxit
3061 5111 3074 5146 :
3109 5091 3310 5162 abjecit
3341 5104 3525 5146 autem

1951 5189 2110 5253 Esau,
2144 5205 2249 5242 non
2285 5190 2425 5257 quod
2483 5191 2549 5242 ab
2592 5203 2656 5244 eo
2708 5193 3029 5256 provocatus
3073 5195 3217 5240 esset
3257 5183 3386 5254 (non
3449 5194 3531 5239 est

1948 5282 2090 5336 enim
2124 5280 2358 5349 injustas
2402 5279 2566 5344 Deus,
2605 5293 2702 5332 nec
2741 5276 3007 5342 iniquam,
3061 5281 3154 5327 aut
3208 5275 3527 5343 ancipitem,

1949 5389 2045 5427 seu
2081 5371 2392 5424 variabilcm
2441 5369 2546 5423 fert
2600 5366 2924 5423 sententiam
2972 5365 3027 5418 in
3089 5381 3530 5436 unumquemque

1952 5459 2289 5530 mortalem);
2336 5460 2428 5514 sed
2457 5475 2575 5512 cum
2611 5467 2860 5525 tauquam
2898 5455 3037 5510 Deus
3061 5457 3338 5511 amborum
3380 5455 3526 5508 lum-

1955 5571 2040 5606 ras
2076 5553 2313 5606 actiones
2344 5560 2394 5604 et
2434 5549 2713 5617 utriusque
2737 5560 2915 5602 mores
2969 5555 3290 5616 pratnosset,
3342 5544 3529 5600 melio-

327 5719 369 5762 θ’
399 5722 603 5784 Jerem.
635 5739 688 5787 ν,
726 5722 813 5776 ει.
894 5725 933 5755 δ’
967 5725 1100 5779 Ιδδςιί
1131 5742 1248 5787 cxv,
1289 5726 1363 5777 l2.
1443 5725 1483 5755 δ’
1518 5725 1577 5776 IV
1612 5727 1739 5794 liv‘g.
1775 5744 1866 5780 λιι

1953 5735 2138 5798 *srqq.
2221 5729 2260 5758 ""
2297 5729 2449 5782 Πυιιι.
2483 5743 2555 5784 tx.
2597 5727 2676 5780 ll.
