4026 6276
460 327 568 385 285

1451 325 1511 383 ὃ.
1554 324 1828 382 CYRILLI
1867 323 2338 380 ALEXANDRINI
2379 323 2701 383 ARCHIEP.
3610 330 3699 384 ΕΜ

462 462 577 503 rem
594 452 651 500 et
686 442 1010 499 sanctiorem
1035 444 1345 514 complexus
1371 455 1484 508 est;
1525 456 1601 510 ut,
1651 447 1881 515 exempli
1907 464 2033 501 ea".

2139 443 2389 513 εγνωκὼς
2416 444 2471 496 δὲ
2497 443 2571 508 ὠς
2593 443 2725 507 Θεὸς
2751 442 2819 497 τὰ
2852 443 2983 514 παρ’
3012 440 3215 514 ἀμροῖν
3236 440 3469 512 ἐσόμενα
3510 447 3593 498 καὶ
3618 450 3695 499 τίν

461 554 543 604 sa,
578 536 740 590 etiam
774 535 987 590 beatum
1014 535 1304 589 Jeremiam
1335 538 1645 607 priusquam
1677 555 1798 593 eum
1831 540 2030 595 forma-

463 635 544 682 ret
574 627 627 678 iu
668 634 849 685 utero.
882 624 1098 677 novisse
1134 639 1191 677 se
1255 624 1478 689 dicit,et
1513 626 1908 694 sanctiﬁcasse,
1936 644 2031 681 an—

460 725 676 785 tequam
704 713 770 768 de
805 712 959 765 vulva
984 714 1158 767 exiret
1184 713 1249 767 ".
1327 716 1542 769 Sciebat
1576 716 1779 784 utique,
1828 719 2036 772 sciebat

459 818 582 856 eum
621 803 938 871 prophetam
969 801 1231 866 futurum,
1260 813 1307 857 et
1341 806 1404 857 ad
1454 804 1629 858 futura
1668 810 2033 875 pra-nuntian-

458 895 525 943 da
557 891 787 959 legatum
814 891 1087 946 idoneum.
1118 894 1205 945 Sic
1238 905 1289 947 et
1324 910 1419 948 nos
1456 895 1597 962 ipsos
1623 898 1673 948 in
1704 897 1808 951 ﬁde
1831 898 2033 965 justiti-

461 992 612 1037 ('8lOS
658 983 983 1037 sanctiliCari
1032 984 1243 1037 divinus
1294 986 1487 1040 Paulus
1543 991 1739 1049 asserit
1778 1008 1790 1043 :
1831 1009 1849 1042 ι
1889 990 2035 1055 Quos

462 1075 606 1127 enim
640 1075 927 1143 pra-scivit,
964 1075 1081 1128 illos
1109 1087 1161 1129 et
1189 1078 1591 1143 praedestinavit
1616 1081 1752 1134 Deus
1778 1088 1833 1133 et
1876 1080 2036 1134 Pater

462 1165 768 1218 conformes
792 1163 904 1216 ﬁeri
931 1164 1148 1233 imagini
1181 1165 1295 1217 Filii
1325 1167 1405 1218 sui
1429 1165 1492 1218 ⁸⁸.
1525 1185 1543 1215 ›
1570 1165 1794 1220 Eosdem
1816 1181 2036 1220 vocasse

461 1254 902 1309 etsanctitlcasse
949 1253 1145 1307 ibidem
1203 1253 1420 1308 dicitur.
1503 1254 1691 1324 Itaque
1738 1254 2032 1309 secundum

463 1347 857 1416 praescientiam
886 1346 1081 1415 dignus
1115 1344 1405 1401 dilectione
1455 1346 1686 1401 habetur
1743 1344 1933 1409 Iacob,
1980 1356 2035 1402 et

463 1445 700 1490 meretur
733 1436 913 1489 odium
941 1436 1100 1489 Esau.
1131 1436 1310 1502 lnquit
1355 1435 1540 1506 igitur,
1569 1452 1602 1490 o
1630 1435 1818 1499 Israel,
1876 1454 1898 1488 ι
1943 1436 2033 1490 Di-

460 1525 564 1579 lexi
598 1540 709 1579 vos.
748 1544 767 1577 ι
800 1524 907 1579 Nec
939 1525 1169 1578 mentiar
1193 1524 1299 1579 ullo
1343 1525 1501 1580 modo
1524 1566 1538 1590 ,
1569 1527 1612 1580 si
1672 1527 1746 1579 ita
1774 1527 1924 1582 vobis
1948 1528 2030 1581 di-

462 1629 579 1667 cam
614 1631 629 1668 :
664 1630 785 1667 nam
819 1623 878 1668 ut
916 1628 998 1667 me
1040 1623 1185 1667 recta
1217 1625 1269 1667 et
1302 1630 1431 1670 vera
1486 1615 1631 1683 loqui
1668 1619 2030 1685 cognoscatis,

460 1706 526 1759 ad
557 1704 880 1774 principium
901 1705 1116 1774 generis
1159 1706 1373 1759 modum
1436 1705 1743 1762 dilectionis
1769 1710 2027 1762 reducite.

2133 539 2362 590 ἑκάστου
2411 536 2630 605 τρόπον,
2667 536 2887 605 ἀγάπης
2932 534 3081 604 ἠξίου
3128 535 3219 588 τόν
3264 535 3469 605 ἀμείνω
3512 554 3565 588 τε
3611 554 3689 589 κιι

2134 626 2442 697 ἱερώτερονσ
2475 625 2725 695 καθάπερ
2769 624 2958 695 ἀμέλει
3006 625 3097 677 καὶ
3126 624 3216 677 τὸν
3248 622 3511 693 μακάριον
3545 624 3691 694 Ἰερεο

2137 718 2267 786 μίαν
2321 716 2449 786 πρὶν
2501 718 2557 769 ἐν
2612 715 2791 785 κοιλίᾳ
2839 714 3131 769 διαπλάσαι
3180 715 3344 784 φησιν
3395 713 3692 779 ἐγνωκέναι.

2134 809 2359 877 ἁγιάσαι
2398 826 2455 860 τε
2497 808 2623 879 πρὶν
2653 806 2886 871 ἐξελθεῖν
2917 808 2979 859 ἐκ
3016 803 3409 876 μήτρας.⁹ῌδει
3435 804 3558 875 γὰρ,
3592 805 3673 874 ﬁas

2135 902 2421 971 προφήτην
2479 899 2756 969 ἐσόμενον,
2806 900 2899 952 καὶ
2970 897 3288 965 ἐπιτηδείως
3338 894 3523 965 ἔχοντα
3576 898 3701 968 πρὸ.

2136 990 2458 1060 ἀποστολὴν,
2490 989 2586 1062 τὴν
2618 990 2709 1042 ἐπὶ
2748 990 2804 1042 τὸ
2845 990 2954 1042 δεῖν
2998 988 3107 1039 τῶν
3134 986 3406 1055 ἐσομένων
3442 985 3691 1038 ποιεῖσθαι

2136 1082 2234 1153 τὴν
2264 1081 2680 1153 προαγόρευσιν.
2711 1080 2865 1133 Οὕτω
2895 1079 2950 1133 δὲ
2985 1079 3080 1131 καὶ
3104 1079 3250 1148 ἡμᾶς
3276 1077 3470 1138 αὐτοὺς
3501 1078 3619 1137 τοὺς
3645 1080 3694 1127 ἐν

2137 1172 2315 1226 πίστει
2364 1171 2817 1241 δεδικαιωμένους
2861 1170 3119 1241 ήγιᾶσθαί
3161 1186 3323 1239 φησιν
3362 1170 3389 1221 6
3434 1166 3697 1232 θεσπέσιος

2134 1264 2367 1326 Παῦλος.
2420 1282 2438 1315 ι
2463 1262 2570 1325 Οὒς
2607 1263 2715 1331 γὰρ
2743 1261 2902 1331 ἔγνω,
2934 1262 3025 1315 καὶ
3056 1260 3381 1333 προώρισεν,
3411 1261 3440 1310 6
3469 1258 3593 1320 Θεὸς
3618 1260 3701 1311 καὶ

2136 1358 2345 1429 Πατὴρ,
2375 1356 2730 1427 συμμόρφους
2777 1356 2877 1424 τῆς
2929 1355 3137 1417 είκὸνος
3178 1353 3271 1406 τοῦ
3303 1352 3437 1405 Υἱοῦ
3469 1351 3643 1404 αὐτοῦ.
3683 1373 3698 1401 ›

2135 1448 2368 1509 Τούτους
2406 1446 2631 1498 καλέσαι
2685 1462 2744 1497 τε
2796 1445 2887 1497 καὶ
2940 1445 3163 1511 ἁγιάσαι
3217 1442 3458 1509 λέγεται.
3513 1441 3704 1494 Οὐκοῦν

2134 1538 2277 1594 κατά
2308 1538 2616 1608 πρόγνωσιν
2651 1536 2875 1605 ἠξίωται
2908 1537 3005 1606 μὲν
3039 1536 3259 1605 ἀγάπης
3287 1536 3313 1587 6
3367 1531 3582 1595 Ἰακὼϐ,
3621 1551 3705 1602 με·

2138 1627 2359 1698 μίσηται
2384 1628 2438 1680 δὲ
2464 1627 2689 1689 δικαίως
2718 1630 2745 1680 6
2788 1621 3056 1679 Ἥσαῦ.Ὧ
3083 1626 3279 1685 τοίνυν,
3306 1624 3463 1692 φησὶ,
3483 1624 3703 1695 Ἰσραὴλ,

2139 1737 2157 1769 ι
2204 1719 2500 1789 Ἠγάπησα
2541 1719 2640 1787 μὲν
2686 1718 2849 1788 ὑμᾶς.
2901 1738 2916 1766 ι
2956 1716 3452 1786 Ψευδομυθήσαιμι
3500 1716 3603 1785 γὰρ
3651 1716 3707 1769 ἂν

459 1795 631 1849 Ambo
657 1794 799 1848 enim
837 1803 954 1847 satu
998 1792 1166 1849 lsaaci
1231 1804 1390 1848 erant
1428 1796 1596 1851 editi:
1640 1811 1825 1851 verum
1871 1797 2035 1852 Jacob

2139 1806 2411 1876 οὐδαμῶς,
2442 1809 2491 1872 εί
2541 1807 2697 1860 τοῦτο
2748 1807 2959 1876 λέγοιμι
3000 1805 3132 1876 πρὸς
3181 1809 3325 1876 ὑμᾶς
3354 1822 3366 1837 ⁸
3400 1804 3611 1858 εἴσεσθε
3658 1806 3707 1856 δέ

459 1887 567 1939 vita
598 1887 793 1951 bonus,
834 1897 888 1941 et
922 1902 1109 1939 amans
1150 1886 1280 1949 Dei;
1318 1887 1456 1940 alter
1492 1890 1834 1957 praefractus,
1864 1898 1918 1943 et
1950 1892 2034 1944 in—

463 1975 780 2039 tractabilis,
816 1984 870 2029 et
892 1975 957 2028 ad
982 1975 1191 2043 piacula
1226 1992 1328 2029 non
1356 1977 1669 2045 imparatus.
1694 1978 2038 2048 Quapropter

462 2066 714 2120 inclinavi
770 2065 823 2117 in
852 2062 1042 2127 Jacob,
1074 2074 1127 2118 et
1156 2065 1518 2120 brereditatem
1550 2067 1688 2122 Esau
1721 2069 2036 2124 attributam

462 2155 995 2224 vastavi,ipsamque
1024 2156 1075 2208 in
1100 2155 1489 2211 desolationem
1538 2159 1681 2215 dedi.
1734 2158 2032 2215 Hzeredita-

464 2255 573 2298 tem
606 2258 733 2299 vero
758 2241 928 2299 Jacob
963 2244 1158 2316 collegi
1200 2246 1534 2316 indulgentia
1583 2263 1720 2315 mea,
1785 2250 1886 2305 hoc
1954 2261 2038 2306 est

462 2350 579 2400 vos,
609 2335 724 2388 sive
754 2333 1035 2404 regionem
1058 2350 1217 2403 quam
1248 2337 1502 2393 incolitis.
1557 2339 1845 2395 Sciendum
1874 2357 2037 2411 porro

462 2424 604 2477 Esau
629 2422 946 2477 vocabulum
982 2424 1173 2492 expOni
1218 2423 1406 2478 Latine
1428 2442 1646 2495 quercus
1674 2443 1693 2481 :
1749 2428 1909 2498 821
1938 2427 2037 2482 fuit

456 2528 604 2565 enim
634 2512 821 2574 durus,
850 2521 907 2568 et
934 2512 1237 2570 inﬂexibilis
1262 2516 1432 2570 instar
1452 2516 1603 2573 dune
1624 2532 1880 2588 quercus.
1901 2518 2035 2587 Quia

464 2614 643 2663 autem
675 2616 894 2677 prepter
938 2624 1099 2662 unam
1132 2624 1312 2665 escam
1343 2611 1586 2666 vendidit
1618 2614 1888 2683 primitiva
1916 2631 2034 2681 sua,

461 2696 758 2765 appellatus
790 2707 873 2752 est
895 2699 1025 2754 item
1050 2698 1248 2767 Edom,
1283 2706 1426 2771 quod
1452 2714 1608 2758 sonat
1632 2712 1889 2759 terrenus.
1931 2705 2038 2761 Un-

462 2788 532 2842 de
557 2797 610 2843 et
632 2788 905 2858 regionem
938 2800 1273 2859 posterorum
1321 2792 1461 2847 Esau
1482 2791 1768 2849 ldumteam
1793 2795 2037 2849 nomina-

465 2886 573 2930 tam
605 2892 762 2933 sacra
785 2877 1066 2949 Scriptura
1094 2888 1328 2937 testatur
1351 2882 1417 2947 ⁸⁷,
1502 2898 1668 2952 quam
1755 2885 2034 2939 subactam

462 2969 749 3037 aliquando
807 2968 975 3025 Judaei
1028 2972 1321 3027 desolatam
1384 2982 1438 3028 et
1480 2975 1752 3030 desertam
1819 2977 2036 3044 penitus

463 3059 835 3113 reddiderunt.
871 3060 1010 3128 Quid
1040 3070 1219 3115 autem
1254 3064 1533 3130 pr0pbetia
1572 3064 1831 3119 lsraelitis
1889 3067 2034 3121 indi-

464 3153 580 3206 cat?
609 3151 761 3219 Illud,
786 3152 979 3220 opinor
1008 3168 1021 3205 :
1055 3150 1225 3209 Jacob
1256 3168 1315 3207 se
1355 3153 1612 3209 dilexisse
1641 3156 1734 3220 ait,
1786 3172 1885 3213 nec
1929 3158 2037 3212 alia
2062 3143 2105 3198 (ἶ

463 3244 529 3297 de
552 3259 736 3309 causa,
773 3243 879 3298 nisi
913 3243 1037 3313 quia
1070 3242 1285 3298 cratvir
1320 3261 1340 3296 ι
1371 3245 1624 3314 simplex,
1648 3247 1905 3303 habitans
1942 3249 2042 3302 do-

412 3370 415 3373 λ
465 3349 608 3389 mum
643 3334 734 3389 M’:
775 3352 793 3386 ι
833 3335 1013 3389 odisse
1060 3343 1241 3389 autem
1279 3334 1443 3400 Esau,
1498 3346 1617 3391 erat
1667 3339 1836 3407 enim,
1883 3338 2038 3408 juxta

464 3424 678 3482 beatum
708 3424 928 3479 Paulum
960 3423 1046 3488 ",
1095 3433 1340 3480 terrenus
1391 3440 1445 3480 et
1498 3426 1777 3495 profanus.
1831 3430 2035 3495 Quam-

467 3520 654 3574 obrem
682 3516 895 3573 Judreos
927 3517 1225 3589 intelligere
1257 3519 1539 3586 oportebat
1581 3536 1684 3574 non
1718 3520 1884 3576 fuisse
1907 3538 2033 3591 pas-

463 3624 622 3665 suros
656 3608 1068 3675 desolationem,
1102 3624 1201 3663 nec
1226 3622 1255 3664 e
1287 3609 1461 3679 patria
1487 3611 1551 3663 ad
1572 3609 1904 3681 alienigenas
1936 3615 2037 3668 mi-

460 3702 785 3773 grationem,
823 3704 864 3755 si
896 3701 1062 3757 Jacob
1110 3702 1428 3759 imitandum
1459 3705 1559 3759 sibi
1608 3709 2035 3774 proposuissent.

463 3795 727 3861 Quoniam
760 3805 941 3849 autem
970 3795 1111 3850 Esau
1142 3812 1320 3851 mores
1348 3799 1674 3866 exprimere,
1706 3808 1760 3853 et
1816 3814 1912 3867 per
1944 3816 2039 3854 ve-

464 3887 622 3956 stigia
662 3885 901 3940 stultitia:
927 3885 1075 3940 illius
1104 3885 1355 3941 incedere
1413 3886 1739 3951 maluerunt,
1797 3888 2042 3941 hostibus

462 3989 648 4047 postea
674 3975 854 4030 traditi
888 3984 1035 4030 sunt.

2141 1898 2365 1969 μᾶλλον,
2391 1898 2465 1960 ὡς
2487 1898 2631 1951 ἔστιν
2657 1898 2814 1969 ὀρθός
2841 1916 2893 1949 τε
2926 1901 3017 1951 καί
3039 1897 3243 1968 ἀληθὴς
3272 1899 3298 1949 6
3323 1897 3507 1963 λόγος,
3532 1897 3605 1958 είς
3620 1896 3708 1965 τὴν

2136 1987 2229 2041 τοῦ
2259 1988 2448 2057 γένους
2482 1988 2654 2059 ἀρχὴν
2699 1989 3063 2059 ἀναφέροντες
3091 1990 3187 2057 τῆς
3224 1988 3452 2057 ἀγάπης
3481 1987 3569 2039 τὸν
3593 1987 3707 2055 τρόυ

2138 2081 2469 2149 πον.”Αμφω
2504 2080 2601 2149 μὲν
2628 2079 2734 2149 γὰρ
2762 2081 2929 2149 ἤστην
2964 2079 3221 2145 ἐξἸσαάκ
3246 2095 3258 2109 ·
3291 2079 3407 2132 ἀλλ’
3430 2075 3496 2150 ἦν
3524 2079 3711 2147 ἀγαθὸς

2137 2169 2258 2233 τοῦς
2290 2171 2525 2240 τρόπους
2554 2171 2647 2223 καὶ
2673 2170 2916 2238 φιλόθεος
2943 2171 2969 2221 ό
2999 2168 3191 2222 Ἰακὼϐ
3213 2212 3225 2229 ,
3258 2171 3285 2223 ὃ
3312 2187 3375 2237 γε
3415 2169 3521 2238 μὴν
3539 2168 3712 2237 ἔτερος

2140 2261 2396 2333 σκληρὸς,
2422 2263 2515 2315 καὶ
2546 2263 2895 2332 δυσάντητος,
2932 2262 3025 2315 καὶ
3050 2261 3265 2333 ἕτοιμος
3296 2263 3373 2324 είς
3403 2261 3709 2331 βεϐήλωσιν.

2139 2353 2407 2427 Ταύτῃτοι
2437 2354 2806 2424 προσνένευκα
2836 2353 2914 2422 τῷ
2952 2352 3168 2416 Ἰακὼϐ,
3202 2355 3293 2407 καὶ
3322 2354 3417 2406 τόν
3450 2354 3547 2422 μὲν
3573 2357 3713 2406 ἐκνε-

2141 2439 2383 2511 μηθέντα
2436 2440 2513 2511 τῷ
2549 2442 2722 2493 Ἠσαῦ
2780 2440 3126 2511 κατηφάνισα
3181 2441 3407 2511 κλῆρον,
3449 2442 3617 2494 ἔδωκα
3660 2459 3712 2494 τε

2136 2530 2298 2584 αὑτὸν
2325 2533 2401 2594 είς
2435 2534 2710 2603 ἐρήμωσιν
2729 2548 2743 2563 ·
2774 2532 3189 2602 συγκεκρότηκα
3215 2532 3271 2585 δέ
3300 2536 3365 2604 τῇ
3410 2536 3541 2604 παρ’
3561 2534 3715 2602 ἐμαυ-

2137 2618 2229 2672 τοῦ
2285 2620 2457 2687 φειδοῖ
2496 2621 2587 2673 τὸν
2640 2621 2732 2673 τοῦ
2778 2622 2993 2687 Ἰακὼϐ,
3037 2623 3313 2676 τουτέστιν
3355 2624 3527 2694 ὑμᾶς,
3560 2624 3713 2694 ἤγουν

2135 2708 2236 2778 τὴν
2266 2708 2467 2779 χώραν,
2492 2711 2558 2777 ἢν
2588 2712 2966 2780 κατῳκήκατε.
2987 2712 3179 2765 Ἰστέον
3212 2712 3289 2777 δέ,
3317 2714 3402 2767 ὅτι
3435 2712 3719 2783 ἑρμηνεύεο

2136 2819 2226 2853 ται
2268 2802 2366 2871 μὲν
2399 2801 2562 2869 δρῦς,
2607 2802 2841 2872 σκληρὸς
2873 2803 2927 2855 δὲ
2956 2804 3051 2856 καὶ
3082 2803 3364 2873 ἀκαμπὴς,
3402 2804 3497 2857 καὶ
3524 2805 3629 2866 τοῖς
3659 2804 3715 2855 ἐκ

2136 2891 2293 2961 δρυὸς
2326 2892 2501 2958 ξύλοις
2538 2893 2715 2960 ὀλίγον
2746 2894 3093 2963 παραχωρῶν
3131 2898 3158 2947 6
3191 2894 3385 2947 Ἡσαῦ.
3432 2896 3716 2963 Ἀπεμπω⁴

2137 2981 2309 3052 λήσας
2353 2982 2409 3035 δὲ
2442 2983 2537 3035 καὶ
2571 2983 2638 3034 τὰ
2688 2984 3032 3053 πρωτοτόκια
3064 2984 3317 3055 βρώσεως
3354 2984 3546 3037 ’ἐνεκεν
3576 2985 3714 3053 μιᾶς,

2136 3073 2451 3143 ὠνόμασται
2495 3072 2559 3142 δὴ
2592 3074 2685 3126 καὶ
2732 3071 2931 3144 Ἐδὼμ,
2963 3075 2991 3127 ὅ
3034 3075 3149 3126 ἐστι
3196 3074 3429 3143 γήϊνος.
3462 3074 3717 3143 Ταύτῃτοι

2138 3164 2234 3217 καὶ
2277 3162 2575 3233 Ἰδουμαίαν
2603 3164 2903 3234 κεκλῆσθαί
2935 3181 3067 3234 φησι
3096 3165 3155 3218 τὸ
3193 3165 3437 3236 Γράμμα
3471 3166 3530 3218 τὸ
3563 3165 3716 3232 ἱερὸν,

2136 3252 2245 3308 τῶν
2274 3251 2336 3319 ἐξ
2376 3252 2549 3306 Ἡσαῦ
2575 3255 2874 3321 γεγονότων
2904 3254 3001 3325 τὴν
3033 3253 3235 3325 χώραν,
3268 3255 3334 3321 ἣν
3360 3254 3719 3325 ἐχειρώσαντο

2136 3342 2278 3395 κατά
2307 3343 2535 3412 καιροὺς
2579 3342 2848 3405 Ἰουδαῖοι,
2884 3342 3082 3396 ἄϐατόν
3114 3360 3173 3395 τε
3210 3341 3300 3399 καὶ
3333 3344 3592 3416 ἀοίκητον
3625 3346 3721 3397 ἀπ·

2134 3432 2341 3502 έφηναν
2378 3433 2676 3496 παντελῶς.
2706 3434 2816 3486 Καὶ
2843 3433 2896 3486 τί
2931 3434 2995 3487 ἂν
3025 3433 3266 3503 βούλοιτο
3290 3435 3490 3506 δηλοῦν
3527 3438 3636 3499 τοῖς
3666 3434 3720 3498 ἐξ

2146 3522 2362 3593 Ἰσραὴλ
2382 3522 2481 3591 τῆς
2516 3523 2856 3593 προφητείας
2884 3526 2911 3577 6
2936 3524 3061 3587 νοῦς
3084 3541 3097 3589 ;
3137 3525 3365 3590 Ἐκεῖνο,
3400 3521 3555 3594 οἶμαί
3579 3542 3675 3577 που
3703 3540 3717 3559 θ

2138 3614 2227 3668 τὸν
2268 3614 2367 3685 μὲν
2401 3614 2510 3685 γὰρ
2552 3614 2745 3668 Ἰακὼϐ
2783 3615 3069 3686 ἀγαπῆσαί
3100 3634 3251 3685 φησι,
3289 3616 3382 3669 καὶ
3412 3617 3514 3687 οὑχ
3539 3616 3718 3687 ἐτέρου

2138 3707 2316 3775 χάριν,
2337 3706 2370 3777 ἢ
2395 3708 2479 3759 ὅτι
2505 3706 2727 3775 γέγονεν
2760 3708 2900 3779 ἀνὴρ
2934 3727 2951 3759 ι
2977 3707 3268 3772 ἄπλαστος,
3290 3707 3461 3762 οἰκῶν
3482 3708 3655 3761 οἰκίαν
3674 3725 3716 3755 ·ι

2144 3797 2507 3867 μεμισηκέναι
2539 3796 2595 3849 δὲ
2628 3797 2721 3849 τὸν
2749 3796 2946 3851 Ἠσαῦ·
2981 3797 3170 3865 γέγονε
3196 3797 3303 3867 γὰρ
3337 3798 3532 3868 γήϊνος
3558 3815 3614 3849 τε
3636 3797 3724 3849 καὶ

2144 3886 2389 3955 βέϐηλος,
2423 3887 2563 3939 κατὰ
2592 3888 2691 3957 τὴν
2723 3887 2817 3941 τοῦ
2857 3888 3128 3958 μακαρίου
3164 3886 3379 3941 Παύλου
3412 3882 3723 3957 φωνήν.Ἧν

2142 3974 2236 4031 οὗν
2282 3978 2579 4045 ἀναγκαῖον
2632 3981 2830 4034 εἰδέναι
2880 3979 3006 4042 τοὺς
3048 3977 3351 4043 Ἰουδαίους,
3391 3980 3471 4042 ὡς
3518 3979 3617 4031 οὐκ
3665 3975 3724 4029 ἂν

466 4069 665 4141 συνέϐη
697 4068 890 4123 παθεῖν
923 4069 1121 4133 αὐτοὺς
1147 4068 1248 4140 τὴν
1278 4069 1578 4141 ἐρήμωσιν,
1603 4071 1695 4125 καὶ⁷
1724 4070 1823 4143 τὴν
1879 4070 1946 4125 ἐκ
2009 4071 2110 4141 τῆς
2146 4068 2477 4140 ἐνεγκούσης
2525 4072 2659 4143 πρὸς
2720 4073 2844 4133 τοὺς
2896 4070 3230 4139 ἀλλοφύλους
3278 4071 3630 4142 ἀποδρομὴν,
3684 4070 3727 4121 εξ

462 4163 806 4233 ἐμεμίμηντο
860 4162 952 4218 τὸν
1006 4162 1217 4217 Ἰακώϐ.
1277 4163 1493 4237 Ἐπειδὴ
1544 4164 1601 4219 δὲ
1655 4165 1892 4237 ζηλωταὶ
1951 4166 2042 4219 καὶ
2080 4167 2371 4238 όμότροποι
2401 4167 2658 4235 γεγόνασι
2690 4166 2765 4235 τῷ
2794 4165 2987 4230 Ἠσαῦ,
3017 4166 3108 4218 καὶ
3164 4165 3266 4235 τῆς
3310 4164 3529 4218 ἐκείνου
3558 4164 3728 4217 σκαιό-

460 4276 619 4329 τητος
644 4258 811 4321 ἰόντες
840 4257 957 4312 κατ’
984 4257 1126 4329 ἴχνος
1150 4260 1566 4331 κατεφωρῶντο,
1589 4261 1774 4315 λοιπὸν
1797 4261 2037 4315 δέδονται
2076 4265 2186 4325 τοῖς
2213 4262 2447 4332 ἐχθροῖς.

531 4353 740 4420 Quodsi
768 4354 887 4422 quis
918 4354 1060 4408 dicta
1089 4353 1447 4421 spiritualiter
1494 4356 1844 4409 considerare
1891 4358 2025 4421 vult,

2210 4356 2271 4407 Εί
2302 4355 2357 4407 δέ
2391 4354 2453 4425 δή
2501 4371 2585 4416 τις
2616 4354 2857 4421 βούλοιτο
2904 4352 2997 4407 καὶ
3028 4355 3403 4423 πνευματικὴν
3439 4356 3556 4417 τοῖς
3584 4355 3723 4422 εἰρη-

461 4455 611 4504 certo
644 4446 779 4499 sciat
811 4444 978 4498 Jacob
1034 4446 1179 4498 reddi
1238 4445 1629 4513 supplmitator,
1688 4461 1751 4500 ac
1812 4447 2039 4514 proinde

460 4533 753 4601 cujuslibet
796 4542 1071 4598 peccatum
1101 4533 1665 4603 supplantantistypus
1692 4550 1813 4589 esse
1843 4536 2036 4604 possit.

461 4625 600 4683 Esau
637 4633 813 4676 autem
839 4638 1082 4691 quercus,
1113 4632 1172 4676 ttt
1198 4624 1331 4688 dixi,
1360 4632 1413 4678 et
1442 4624 1605 4677 Edom
1656 4635 1916 4691 terrenus,
1947 4628 2037 4695 qui

460 4726 516 4770 et
567 4714 681 4783 ipse
712 4710 946 4780 cujusvis
994 4712 1105 4766 sola
1173 4722 1387 4767 terrena
1438 4715 1726 4783 cogitantis
1776 4728 1955 4789 typum
1989 4728 2043 4772 et

464 4806 751 4874 imaginem
782 4805 942 4873 gerit.
974 4804 1300 4874 Diligitergo
1331 4806 1793 4875 supplantatorem
1851 4808 2040 4871 Jacob,

463 4899 604 4953 Esau
662 4906 837 4950 autem
875 4896 1205 4965 pertinacem
1255 4904 1308 4949 et
1365 4912 1638 4966 asperum,
1694 4898 1809 4951 sive
1843 4898 2037 4962 Edom,

462 4988 564 5041 hoc
591 4994 694 5052 est,
721 4986 949 5039 terrenis
965 4984 1278 5049 allixum,et
1306 4986 1395 5055 qui
1431 4997 1774 5054 temporanea
1812 5002 1875 5040 ac
1911 5002 2038 5055 pcr-

462 5079 641 5133 euntia
696 5076 1066 5147 Spiritualibns
1110 5076 1267 5131 bonis
1318 5077 1479 5131 stulte
1521 5080 1851 5147 anteposuit,
1917 5080 2041 5133 odio

462 5172 925 5240 proscquitur.lta
951 5169 1231 5225 solitorum
1281 5170 1463 5223 vivere
1516 5171 1886 5224 baercditatem
1937 5172 2045 5225 dis~

462 5262 659 5329 sipabit
698 5262 834 5317 Deus
876 5270 1082 5325 noster,
1117 5258 1208 5329 qui
1232 5259 1483 5313 virtutem
1516 5261 1708 5329 diligit.
1740 5259 1853 5314 Non
1898 5262 2042 5315 enim

465 5348 774 5404 ﬁrmitatem
804 5367 902 5405 nec
930 5360 1128 5405 statum
1155 5351 1538 5405 inconcussum
1566 5351 1761 5404 habent
1796 5366 1880 5404 res
1930 5361 2031 5404 ter-

464 5440 886 5496 νομιοῦσι-»υνυς
928 5451 1106 5494 autem
1161 5441 1395 5510 penitus,
1450 5448 1703 5507 tanquam
1759 5440 1810 5493 in
1873 5441 2041 5509 ﬁgura

467 5530 821 5585 lduinzcorum
850 5532 1135 5586 brcreditas
1188 5532 1425 5585 desolata
1471 5547 1691 5601 prorsus
1727 5533 2041 5588 declarabit.

544 5706 588 5737 "
619 5702 817 5760 Jercm.
846 5722 882 5772 ι,
921 5707 971 5760 5.
1054 5706 1095 5736 ⁸⁸
1129 5705 1282 5761 Rom.
1319 5722 1435 5775 VIII,
1470 5708 1559 5763 ΞΘ.

1645 5710 1683 5741 ’⁵⁷
1718 5709 1851 5765 Gen.
1891 5725 2075 5772 tum,
2108 5709 2195 5763 45.

2149 4443 2329 4514 μένοις
2364 4443 2673 4513 ἐφαρμόσαι
2717 4444 2817 4513 τὴν
2866 4442 3117 4510 θεωρίαν,
3158 4443 3480 4496 διανοείσθω
3523 4443 3723 4513 σαφῶς,

2144 4535 2220 4598 ὡς
2241 4538 2268 4588 6
2297 4537 2393 4605 μὲν
2428 4533 2621 4588 Ἰακὼϐ
2656 4533 3014 4604 ἑρμηνεύεται
3046 4533 3412 4602 πτερνιστής
3433 4550 3447 4563 ⁸
3480 4534 3650 4596 τύπος
3677 4532 3729 4585 δ’

2148 4627 2213 4679 ἂν
2258 4627 2340 4697 εἴη
2373 4626 2570 4689 παντὸς
2598 4625 2692 4678 τοῦ
2724 4628 3099 4694 πτερνίζοντος
3131 4626 3427 4695 ἁμαρτίας.
3448 4624 3623 4678 Ἠσαῦ
3654 4624 3725 4685 δὲ,

2144 4717 2219 4780 ὠς
2245 4717 2399 4787 ἔφην,
2429 4718 2596 4785 δρῦς,
2655 4719 2749 4770 καὶ
2780 4717 2959 4787 μέντοι
2987 4716 3194 4787 γήϊνος
3223 4718 3251 4768 6
3301 4717 3485 4787 Ἐδὼμ
3512 4736 3526 4749 ο
3566 4716 3729 4776 τύπος

2139 4806 2182 4857 δ’
2221 4806 2286 4860 ἂν
2318 4808 2403 4876 εἴη
2454 4807 2547 4859 καὶ
2595 4801 2746 4867 οὗτος
2785 4806 2981 4870 παντὸς
3012 4806 3105 4859 τοῦ
3133 4808 3269 4877 μόνα
3309 4807 3641 4877 φρονοῦντος
3678 4825 3723 4855 τι

2140 4898 2231 4949 ἐπὶ
2263 4897 2361 4965 τῆς
2402 4897 2761 4966 γῆς.Ἀγαπᾷ
2811 4897 2989 4949 τοίνυν
3039 4899 3066 4949 6
3114 4896 3246 4960 Θεὸς
3279 4896 3370 4949 τὸν
3400 4895 3719 4966 πτερνιστὴ

2151 4986 2366 5048 Ἰακὼϐ,
2428 4986 2699 5057 μεμίσηκε
2749 4986 2804 5038 δὲ
2856 4987 2949 5039 τὸν
2988 4987 3155 5040 Ἡσαῦ
3208 4988 3297 5041 τὸν
3352 4987 3595 5057 ἀκαμπῆ
3652 4983 3735 5035 κεί

2142 5074 2396 5144 σκληρὸν,
2427 5074 2546 5143 ἦτοι
2589 5075 2680 5126 τὸν
2726 5075 2922 5145 Ἐδὼμ,
2959 5076 3227 5138 τουτέστι,
3260 5077 3350 5129 τὸν
3376 5078 3493 5138 τοῖς
3527 5074 3736 5143 γηῖνοίς

2144 5167 2597 5237 προσνενευκότα,
2650 5169 2743 5221 καὶ
2794 5168 2903 5221 τῶν
2953 5169 3338 5239 πνευματικῶν
3385 5168 3614 5236 ἀγαθῶν
3672 5165 3736 5214 τα

2144 5258 2454 5328 πρόσκαιρά
2482 5274 2541 5309 τε
2573 5258 2667 5310 καὶ
2698 5258 3047 5329 ἀπολλύμενα
3080 5261 3372 5331 φληνάιρως
3410 5256 3729 5329 ἀνθῃρημέ·

2145 5365 2254 5400 νον.
2287 5347 2408 5399 Τῶν
2456 5347 2598 5400 οὕτω
2646 5348 2744 5417 ζῇν
2795 5351 3064 5404 εἰωθότων
3105 5354 3325 5419 ἀφανιεῖ
3353 5351 3445 5403 τὸν
3476 5350 3680 5418 κλῆρον
3704 5347 3730 5399 ὀ

2148 5438 2434 5509 φιλὰρετος
2469 5441 2626 5510 ἡμῶν
2655 5442 2805 5501 Θεός.
2841 5444 2914 5496 Οῦ
2950 5445 3059 5513 γάρ
3088 5464 3169 5497 τοι
3199 5445 3389 5515 βέϐαια
3421 5444 3493 5496 τὰ
3520 5444 3615 5495 ἐπὶ
3635 5440 3728 5505 τῆς

2147 5529 2268 5597 γῆς,
2305 5528 2426 5582 οὔτε
2468 5530 2572 5601 μὴν
2620 5531 2914 5600 ἁκλόνητον
2969 5534 3082 5603 ἔχει
3142 5536 3240 5604 τὴν
3288 5533 3632 5586 στάσιν.”οτι
3675 5527 3727 5581 δὲ

2276 5710 2319 5739 ‘“
2354 5707 2488 5772 Gcn.
2527 5726 2650 5777 xxv,
2685 5712 2773 5765 97.
2856 5714 2897 5743 ⁸⁸³
2934 5712 3094 5766 ιιιιπ.
3123 5726 3219 5777 xu,
3255 5711 3332 5763 l6.
