4026 6276
247 335 342 392 285
1021 326 1571 384 COMMENTARIUS
1612 325 1674 380 IN
1719 321 2122 379 MALAClllAil
2166 319 2610 378 PROPHETAM.
3369 319 3478 377 236

249 446 470 502 πεσεῖται
504 440 740 505 πάντως,
772 440 843 503 ὼς
896 442 954 493 ἰν
1003 440 1157 511 τύπῳ
1205 442 1458 510 σαφηνιεῖ
1485 438 1591 492 τῶν
1634 439 1789 491 Ἰδου-

1918 442 1994 491 lst
2023 438 2114 507 qui
2149 437 2253 490 Deo
2282 434 2537 499 adhmret,
2577 450 2671 505 spe
2712 443 2859 489 certa
2889 444 2941 489 et
2962 435 3113 489 arma
3145 433 3477 489 sustentabi-

251 540 405 611 μαίων
430 536 458 589 6
487 532 687 605 κλῆρος
714 534 943 605 είσᾲπαν
971 532 1351 603 ἡρημωμένος.
1388 532 1526 584 Ἀλλ’
1559 532 1652 599 ὅγε
1677 528 1794 599 Θεῷ

1924 544 2006 591 ur,
2034 538 2087 581 et
2118 528 2377 582 bonorum
2407 528 2645 597 largitori
2669 524 2991 583 declamabit
3023 544 3037 579 :
3072 544 3090 578 ι
3128 527 3185 581 ln
3203 540 3362 580 manu
3389 534 3478 579 tua

251 626 643 704 προσκείμενος,
703 623 920 693 ἀσφαλῆ
951 623 1044 676 καὶ
1094 622 1492 694 ἐρηρεισμένην
1538 621 1649 686 ἕξει
1696 621 1795 689 τὴν

1918 629 2076 675 sortes
2111 632 2239 673 mea:
2269 618 2335 675 '°.
2370 637 2388 669 ι

253 720 439 783 ἐλπίδα,
460 717 554 771 καὶ
576 715 653 787 τῷ
674 715 783 769 τῶν
812 714 1033 793 ἀγαθῶν
1056 714 1241 785 δοτῆρι
1267 713 1384 782 Θεῷ
1411 713 1795 784 προσφωνήσει

252 815 435 882 λέγων’
475 829 494 862 ι
516 810 603 862 Ἐν
635 812 755 872 ταῖς
788 807 943 879 χερσί
974 825 1067 861 σου
1094 808 1143 860 οἱ
1170 805 1356 876 κλῆροί
1388 823 1509 876 μου.
1548 823 1566 855 ι

311 901 451 956 Διότι
475 899 614 969 ἐρεῖ·
650 899 710 954 Ἠ
742 898 1042 967 Ἰδουμαία
1070 897 1523 965 κατέστραπται,
1547 894 1645 948 καί
1673 894 1799 953 tim-

255 991 592 1061 στρέφωμεν,
633 989 733 1044 καὶ
771 988 1338 1057 ἀνοικοδομήσωμεν
1376 988 1482 1051 τὰς
1519 986 1795 1055 ἐρήμους.

260 1084 382 1139 Τάδε
413 1080 574 1150 λέγει
607 1083 819 1150 Κύριος
852 1079 1304 1148 παντοκράτωρ·
1343 1076 1524 1133 Αὐτοὶ
1572 1075 1797 1130 οίκοδο-

248 1177 514 1255 μήσουσι,
547 1174 646 1229 καὶ
683 1174 798 1245 ἐγὼ
824 1174 1215 1242 καταστρέφω
1238 1187 1253 1202 ο
1280 1172 1379 1226 καὶ
1403 1170 1801 1237 ἑπικληθήσε-

252 1286 331 1343 ται
366 1268 564 1334 αὐτοῖς
604 1269 735 1338 ὅρια
771 1267 1043 1336 ἀνομίας,
1078 1264 1178 1320 καὶ
1222 1265 1370 1335 ,λαὸς
1398 1263 1488 1333 ἐφ’
1513 1263 1586 1319 ὃν
1613 1277 1800 1332 παρα-

250 1363 498 1425 τέτακται
525 1358 740 1425 Κύριος
772 1356 882 1423 ἓως
910 1355 1145 1422 αἰῶνος.
1909 1382 2053 1422 nunt.

312 1448 381 1503 E’.
420 1447 695 1518 Δυσχερής
749 1448 848 1518 μὲν
885 1446 1005 1502 λίαν
1049 1450 1081 1517 ή
1138 1448 1241 1517 τῆς
1289 1445 1490 1521 λέξεως
1536 1444 1799 1514 συνθήκη,

1984 1456 2044 1511 ν.
2082 1456 2414 1511 Perdimcilis
2446 1463 2529 1510 est
2555 1455 2842 1509 verborum
2867 1460 3172 1517 contextus,
3211 1452 3325 1507 sive
3352 1465 3483 1505 con-

248 1540 373 1613 πλὴν
412 1542 509 1604 οὐκ
548 1541 748 1603 ἄτοπος
779 1539 888 1593 τῶν
920 1539 1294 1609 προκειμένων
1336 1541 1365 1592 6
1404 1536 1550 1600 νοῦς.
1585 1536 1805 1589 Δέδωκα

1918 1550 2068 1604 nexio
2095 1566 2108 1602 :
2137 1558 2507 1602 verumtamen
2535 1545 2803 1601 sententia
2833 1543 3075 1612 subjecta
3136 1557 3242 1595 non
3298 1542 3483 1596 incon-

250 1633 338 1709 μὲν
379 1631 483 1702 γὰρ
536 1628 667 1709 ἐγὼ,
718 1630 915 1699 φησιν,
963 1628 1056 1682 τοῦ
1098 1628 1268 1682 Ἠσαῦ
1316 1627 1675 1697 κληρονομίαν
1725 1626 1803 1687 είς

1918 1640 2151 1694 veniens.
2183 1638 2363 1708 lnquit
2386 1638 2553 1701 enim,
2584 1635 2716 1690 Dedi
2755 1634 2974 1705 quidem
2999 1634 3162 1702 822
3190 1648 3288 1703 ego
3316 1637 3484 1686 haere-

245 1707 534 1803 ἀοανισμὸν
568 1707 661 1776 καὶ
714 1724 794 1791 είς
838 1722 1136 1793 ἐρήμωσιν,
1173 1720 1326 1791 ὑμῶν
1364 1719 1473 1773 τῶν
1511 1718 1568 1785 ἐξ
1610 1716 1803 1771 Ἰακὼό

1918 1733 2131 1786 ditatem
2165 1730 2302 1785 Esau
2328 1731 2379 1784 in
2405 1728 2811 1790 desolationem,
2850 1727 2901 1779 in
2939 1724 3302 1786 solitudinem,
3330 1738 3358 1776 a
3390 1736 3484 1775 vo-

1976 909 2136 964 Vt-zns.
2162 908 2215 962 4.
2241 906 2381 973 Quia
2411 908 2569 971 dicet,
2602 906 2840 961 ldunttca
2876 904 3120 958 subversa
3152 914 3251 969 est,
3318 914 3365 956 et
3400 918 3480 955 re-

1904 1012 2184 1065 vertamur,
2208 1010 2253 1054 et
2292 1001 2663 1066 retudiﬁcemus
2695 999 2921 1052 deserta.
2950 996 3079 1051 ch
3105 997 3231 1049 dicit
3292 994 3477 1047 Domi-

1905 1112 2000 1148 nus
2028 1095 2344 1160 omnipotens
2376 1108 2395 1147 :
2434 1091 2542 1160 Ipsi
2570 1092 2927 1159 wdiﬁcabunt,
2967 1099 3015 1144 et
3041 1106 3134 1160 ego
3181 1089 3478 1151 destruam;

1905 1195 1952 1240 et
2002 1185 2320 1243 vocabuntur
2364 1184 2437 1238 eis
2482 1184 2688 1236 termini
2731 1183 3049 1252 iniquitatis,
3125 1188 3176 1233 et
3252 1178 3475 1247 populus

1905 1292 2061 1345 super
2106 1291 2257 1344 quem
2302 1284 2543 1328 extensus
2576 1282 2653 1327 est
2705 1272 2961 1327 Dominus
3010 1286 3170 1342 usque
3214 1270 3270 1323 in
3334 1279 3481 1323 αἰεν-

246 1800 904 1889 ξκπεπορθηκότωνπΕρεῐ
927 1812 984 1864 δὲ
1021 1812 1151 1874 ἴσως
1190 1814 1219 1865 6
1256 1812 1548 1881 Ἰδουμαῖος
1567 1825 1581 1841 ·
1614 1811 1678 1863 Εἰ
1708 1809 1800 1862 καὶ

1918 1826 1982 1878 iis
2008 1837 2070 1875 ex
2101 1821 2266 1875 Jacob
2297 1819 2606 1889 propagatis
2631 1818 2993 1871 devastatam.
3028 1813 3132 1868 Sed
3155 1813 3374 1867 Idummi
3400 1812 3485 1865 δία

246 1904 641 1976 κατέστραπται
672 1902 972 1968 παντελῶς,
1008 1902 1102 1955 καὶ
1135 1903 1215 1964 εἰς
1264 1901 1417 1971 λῆξιν
1463 1902 1587 1971 ήκει
1625 1898 1811 1959 κακῶν

241 1992 304 2056 ἢν
351 1992 757 2075 κατῳκήκαμεν
811 1990 1014 2062 χώραν,
1073 1989 1187 2043 ἀλλ’
1232 1985 1323 2043 οὖν
1382 1990 1811 2061 ἐπιστρέψαντες

244 2080 525 2154 ἐγεροῦμεν
560 2082 659 2152 μὲν
691 2083 788 2147 τὰς
818 2084 1193 2155 ἠρημωμένας
1241 2084 1426 2146 πόλεις
1472 2099 1531 2135 τε
1581 2083 1675 2135 καὶ
1703 2080 1812 2134 κώ-

243 2190 359 2249 μας,
389 2174 797 2243 κατοικήσομεν
848 2173 905 2227 δὲ
958 2173 1126 2238 αὑτάς
1170 2174 1219 2229 οἱ
1267 2173 1715 2242 διασεσωσμένοι.
1747 2169 1812 2225 Τί

240 2262 350 2332 οὖν;
380 2266 519 2336 Πρὸς
557 2265 748 2342 ταῦτα,
780 2268 935 2337 φησι,
963 2267 1088 2321 τάδε
1122 2266 1270 2334 λέγει
1297 2266 1501 2337 Κύριος
1525 2281 1539 2295 ο
1592 2283 1610 2315 ι
1646 2254 1810 2316 Αὐτοὶ

238 2357 665 2428 οἰκοδομήσουσι,
698 2357 794 2418 καὶ
826 2356 937 2425 ἐγὼ
976 2357 1357 2429 καταστρέφω.
1393 2376 1411 2407 ι
1470 2355 1811 2425 Κεκλήσεται

236 2449 287 2501 δὲ
331 2448 555 2512 πάντως
605 2450 639 2519 ἡ
679 2449 969 2520 Ἰδουμαία,
1011 2449 1207 2519 ("Opta
1252 2448 1500 2518 ἀνομίας,
1532 2468 1550 2499 ›
1600 2447 1675 2509 ὡς
1725 2444 1814 2498 διά

239 2536 482 2607 πλείστην
512 2537 657 2607 ὅσην
687 2537 962 2608 ἁμαρτίαν
997 2539 1478 2609 κατεστραμμένη,
1513 2556 1531 2589 ι
1564 2536 1657 2589 καὶ
1686 2535 1813 2596 λαὸς

244 2630 318 2697 ἐφ’
351 2627 408 2681 ὃν
443 2627 864 2699 παρατέτακται
890 2628 1093 2700 Κύριος
1118 2629 1221 2693 ἕως
1244 2627 1454 2690 αἰῶνος.
1482 2646 1500 2676 ›
1520 2627 1578 2677 Ὃ
1603 2626 1700 2696 μὲν
1720 2620 1812 2678 οὖν

242 2718 329 2773 τοῦ
383 2720 718 2791 γράμματος
768 2720 892 2783 νοῦς
941 2722 1039 2790 οὐχ
1085 2720 1290 2791 ἔτερος,
1330 2716 1501 2791 οἶμαι,
1529 2720 1614 2782 τις
1662 2717 1813 2788 παρά

245 2808 419 2863 τοῦτόν
463 2811 606 2863 ἐστι.
642 2810 943 2880 Προσθείην
971 2810 1014 2862 δ’
1052 2809 1138 2873 ἂν,
1169 2812 1250 2863 ὅτι
1280 2809 1387 2862 τῶν
1440 2809 1501 2862 τὸ
1553 2808 1812 2879 σαρκικδν

246 2900 329 2961 καὶ
341 2901 525 2970 γήϊνον
554 2900 795 2970 ἑχόντων
824 2900 1075 2969 φρόνημα
1110 2900 1337 2969 (γήϊνος
1365 2900 1493 2970 γὰρ,
1512 2899 1585 2964 ὡς
1609 2898 1763 2969 ἔφην,
1786 2900 1813 2951 6

256 2991 540 3061 Ἰδουμαῖος
572 2990 963 3062 ἑρμηνεύεται)
993 2990 1167 3060 πάντη
1193 3007 1252 3043 τε
1282 2991 1374 3063 καὶ
1404 2990 1615 3065 παντως
1634 2992 1663 3042 6
1681 2988 1814 3060 κλῆ-

245 3098 327 3148 ρος
371 3085 647 3143 πεσεῖται,
693 3081 828 3135 Θεοῦ
858 3083 1341 3154 καταστρέφοντος.
1477 3083 1585 3149 γὰρ
1612 3082 1724 3150 ἔχει
1752 3079 1814 3135 τὸ

245 3171 445 3238 βέϐαιον
483 3172 556 3225 τὰ
607 3174 669 3225 ὲν
699 3170 834 3242 τῷδε
879 3171 955 3243 τῷ
998 3153 1189 3242 κόσμῳ
1222 3153 1492 3242 πρακτέα,
1520 3172 1663 3244 οὕτω
1707 3170 1812 3242 μὴν
1840 3153 1881 3212 (ἶ

240 3263 450 3334 διηνεκῆ
478 3263 578 3335 τὴν
618 3263 867 3334 μέθεξιν·
905 3262 1241 3336 παριππεύει
1286 3262 1394 3332 γὰρ
1421 3262 1545 3324 τοὺς
1595 3259 1816 3331 ἔχοντας

242 3355 568 3427 πρόσκαιρος
597 3354 855 3425 εὐθυμία,
885 3356 978 3408 καὶ
1012 3358 1069 3408 ἐν
1093 3355 1191 3423 ίσῳ
1215 3354 1373 3414 σκιᾶς
1403 3352 1813 3427 μετατάττεται,

244 3422 513 3517 ήθανάτέρ
544 3422 871 3506 σϐεσθέντος
899 3443 1060 3508 τινὸς,
1095 3422 1262 3515 ἤγουν
1306 3442 1568 3513 ἀδοκήτου
1610 3422 1817 3515 συμφο-

246 3534 341 3602 ρᾶς
373 3535 849 3607 ἐπενηνεγμένης.

313 3624 451 3678 Ἀλλ’
478 3627 528 3679 εἰ
560 3625 665 3679 καί
695 3642 778 3688 τις
814 3625 988 3678 ἕλοιτο
1027 3624 1136 3677 τῶν
1164 3623 1474 3695 Ἰδουμαίων
1501 3625 1593 3678 τὸν
1623 3625 1816 3679 ἑαυτοῦ

236 3715 431 3784 κλῆρον
467 3715 806 3787 οἰκοδομεῖν,
841 3716 875 3787 ἢ
912 3714 1139 3769 πλοῦτον
1187 3716 1457 3785 συλλέγων
1498 3718 1592 3771 τὸν
1623 3716 1680 3783 ἐξ
1708 3716 1820 3771 ἀδιε-

236 3806 438 3881 κίας,ή
478 3810 597 3872 τοῖς
643 3808 912 3871 διακένοις
946 3806 1212 3877 δοξαρίοις
1259 3808 1560 3879 ἐντρυφῶν,
1601 3806 1819 3881 ἠδυνα-

236 3900 438 3965 quiat;
466 3902 592 3964 ταῖς
616 3900 760 3961 κατὰ
780 3901 869 3953 τδν
901 3898 1011 3968 βίον
1037 3899 1425 3970 ὲναόρύνεσθαι
1447 3900 1633 3964 θέλων,
1658 3899 1820 3954 αὐτὸν

236 3991 453 4061 εὑρήσει
494 3991 594 4045 τὸν
624 3990 733 4044 τῶν
762 3990 896 4044 ὅλων
925 3989 1057 4043 Θεὸν
1095 3992 1374 4062 μονονουχὶ
1421 3993 1515 4045 καὶ
1557 3991 1819 4061 ἀνθεστη-

235 4082 363 4136 κότα
390 4083 487 4136 καὶ
524 4082 858 4153 μαχόμενον.
901 4084 991 4145 Ὠς
1035 4082 1143 4153 γὰρ
1183 4086 1211 4135 6
1244 4084 1527 4146 θεσπέσιος
1580 4084 1819 4154 γέγραφε

237 4172 502 4245 μαθητὴς,
563 4190 583 4224 ι
616 4171 689 4226 Εῐ
731 4189 815 4235 τις
868 4172 1010 4225 θέλει
1066 4169 1204 4227 εἶναι
1244 4174 1395 4243 φίλος
1447 4173 1540 4226 τοῦ
1591 4175 1817 4242 κόσμου,

232 4261 419 4333 δχθρδς
456 4261 557 4316 τοῦ
590 4260 731 4315 Θεοῦ
761 4261 1102 4319 καθίσταται.
1137 4282 1155 4316 ι
1189 4263 1355 4317 Οὔπω
1396 4264 1658 4317 παύσεται
1692 4264 1818 4334 γὰρ,

148 4374 157 4389 ·
235 4352 305 4415 ὼς
329 4353 492 4422 ἔφην,
523 4353 642 4407 τῶν
680 4352 750 4406 τὰ
779 4354 939 4423 γήϊνα
967 4358 1180 4425 φρονεῖν
1207 4356 1519 4426 ᾑρημένων,
1558 4355 1672 4408 ἀλλ’
1704 4355 1822 4407 οὐδὲ

233 4446 325 4537 της
508 4444 1037 4537 αὐτο-ὺςᾴκαταλήξει
1070 4447 1269 4517 μάχης.
1300 4450 1466 4501 Μισεῖ
1494 4448 1599 4518 γὰρ
1628 4448 1713 4501 ἀεὶ
1732 4448 1822 4501 τὸν
1855 4484 1898 4537 D

234 4533 533 4607 ἀλιτήριον,
567 4534 672 4589 καὶ
710 4533 1066 4603 ἀπόπεμπτον
1101 4540 1334 4590 ποιεῖται
1363 4538 1453 4590 τὸν
1485 4538 1824 4609 φιλαμαρτή-

237 4642 387 4692 μονα.

246 4706 247 4709 “
300 4716 411 4767 Kal
459 4718 516 4769 οι
568 4716 873 4786 ὀφθαλμοὶ
918 4716 1086 4786 ὑμῶν
1147 4715 1398 4783 ὄψονται
1432 4754 1447 4780 ,
1502 4713 1600 4767 καὶ
1658 4714 1824 4783 ὑμεῖς

230 4807 415 4876 ἐρεῖτε
438 4824 453 4839 ⁸
512 4810 925 4878 Ἐμεγαλύνθη
958 4811 1172 4878 Κύριος
1197 4806 1473 4881 ὑπεράνω
1501 4806 1619 4862 τῶν
1651 4809 1825 4879 ὁρίων

234 4898 335 4951 τοῦ
377 4898 665 4968 Ἰσραήλ.

299 4989 390 5057 (Τ.
436 4991 644 5050 Ὅταν.
681 4991 832 5061 φησὶ,
869 4992 966 5060 τὴν
1009 4989 1118 5043 τῶν
1152 4991 1490 5061 πραγμάτων
1527 4989 1820 5061 κατωρθώ-

233 5096 358 5150 σητε
394 5083 588 5151 φύσιν,
615 5083 900 5151 μονονουχὶ
926 5082 981 5135 δὲ
1010 5084 1100 5136 καὶ
1116 5081 1411 5152 ἀναμύοντι
1441 5082 1548 5153 τῷ¹
1571 5073 1820 5152 κατίδητε

232 5173 418 5242 σαφῶς
474 5173 633 5244 ἅπερ
691 5173 827 5257 έιρην
877 5173 1099 5243 ἀρτίως,
1139 5172 1259 5226 τότε
1296 5173 1358 5243 δὴ
1390 5173 1604 5238 πάντως
1648 5174 1821 5244 ἐρεῖτε

234 5264 781 5333 συγκατανεύοντες,
822 5266 903 5316 ὅτι
952 5264 1259 5328 δεδόξασται
1332 5264 1426 5316 καὶ
1481 5263 1820 5334 ὲμεγαλύνθη

235 5356 360 5421 Θεὸς
403 5360 463 5410 ὲν
496 5359 619 5419 τοῖς
653 5356 822 5425 ὁρίοις
853 5355 948 5407 τοῦ
988 5356 1222 5425 Ἰσραήλ.
1258 5356 1319 5409 Oi
1368 5356 1464 5424 μὲν
1490 5356 1599 5425 γὰρ
1630 5354 1689 5418 ἐξ
1729 5355 1826 5406 Ἰα-

234 5447 345 5499 κὼϐ
392 5448 726 5516 γεγονότες,
772 5446 1049 5499 τουτέστιν
1089 5446 1348 5510 Ἰουδαῖοι,
1382 5444 1823 5516 προσκεκρουκόο

234 5554 342 5605 τες,
372 5539 451 5604 ὡς
488 5539 661 5609 ἔφην,
700 5535 785 5589 διὰ
818 5536 1076 5605 πλείστην
1128 5536 1377 5589 ἀσέϐειαν
1423 5534 1618 5600 ἕξοικοί
1649 5551 1706 5587 τε
1738 5550 1826 5599 γε-

308 5714 351 5746 '°
378 5712 527 5795 Ifsal.
560 5727 701 5788 xxx,
737 5711 815 5766 16.
893 5712 933 5743 ⁸⁸
969 5711 1082 5787 Jac.
1119 5727 1188 5777 tv,

1913 1922 2036 1968 cent
2069 1911 2297 1965 fortasse
2328 1927 2341 1961 ι
2380 1908 2490 1962 Etsi
2538 1906 2686 1976 regio
2719 1919 2881 1975 quam
2917 1904 3277 1958 habitavimus
3325 1917 3483 1971 pror-

1911 2020 2003 2061 sus
2026 2004 2077 2058 in
2104 2002 2482 2057 vastitudinem
2521 1998 2763 2062 redacta,
2813 2005 2867 2051 et
2912 1994 3172 2050 extremis
3230 1989 3480 2046 al'l‘lictata

1911 2102 1993 2149 cst
2018 2092 2189 2157 malis,
2217 2088 2564 2144 nihilominus
2621 2084 2825 2140 reversi
2859 2083 3129 2139 desolatas
3195 2082 3353 2135 urbes
3402 2081 3483 2133 vi-

1911 2198 2111 2253 cosque
2141 2179 2582 2242 instaurabimus,
2649 2184 2701 2228 et
2733 2175 2820 2244 qui
2861 2175 3086 2229 salutem
3138 2173 3480 2236 retinuimus,

1909 2288 2003 2329 eas
2030 2270 2342 2326 iucolemus.
2369 2266 2505 2334 Quid
2530 2262 2827 2335 igituriAd
2864 2262 2999 2325 haec,
3026 2262 3216 2329 inquit,
3250 2261 3350 2315 ista
3399 2259 3481 2313 di-

1913 2360 2261 2417 citDominus
2291 2376 2306 2412 :
2345 2376 2363 2407 ι
2399 2356 2503 2425 Ipsi
2529 2353 2893 2418 aedilicabunt,
2923 2362 2973 2407 et
3000 2367 3100 2422 ego
3130 2351 3421 2404 destruam.
3458 2368 3475 2399 ι

1912 2454 1975 2507 Et
2005 2452 2237 2505 ldumaaa
2266 2446 2486 2503 omnino
2540 2443 2821 2497 vocabitur
2882 2459 2901 2493 t
2947 2440 3187 2495 Termini
3240 2439 3486 2507 impieta-

1913 2544 2002 2611 tis,
2044 2561 2063 2596 ι
2091 2548 2275 2609 utpote
2310 2535 2546 2606 peccatis
2595 2533 2843 2603 plurimis
2873 2533 3191 2600 depravata,
3231 2548 3250 2582 ι
3287 2539 3343 2584 et
3395 2544 3485 2597 po-

1911 2638 2067 2703 pulus
2090 2646 2254 2701 super
2286 2643 2444 2698 quem
2477 2636 2738 2680 extensus
2791 2635 2873 2679 est
2910 2624 3169 2679 Dominus
3201 2636 3371 2689 usque
3431 2621 3481 2673 in

1911 2738 2190 2778 internum.
2235 2741 2253 2773 ι
2295 2720 2510 2773 Litterae
2547 2717 2710 2785 igitur
2738 2731 2951 2780 sensus,
2976 2713 3309 2777 utarbitror,
3352 2726 3484 2779 pra»

1911 2824 1995 2868 ter
2021 2815 2163 2868 hunc
2203 2811 2377 2866 nullus
2416 2818 2515 2863 est.
2570 2806 2725 2861 Libet
2786 2820 3081 2876 apponere,
3138 2804 3374 2857 carnalia
3431 2812 3485 2856 et

1915 2914 2125 2958 terrena
2156 2901 2504 2973 cogitantium
2530 2899 2808 2971 (terrenus
2841 2896 3009 2963 enim,
3040 2904 3097 2949 ut
3149 2894 3279 2957 dixi,
3328 2901 3486 2947 sonat

1915 3010 2107 3050 nomen
2139 2994 2428 3063 ldummus)
2471 2994 2776 3059 litcreditas,
2810 2990 2918 3045 Deo
2946 2992 3312 3052 subvertente,
3332 2988 3489 3039 cadet

1916 3087 2149 3156 penitus.
2183 3084 2317 3140 Nam
2345 3100 2464 3154 qua:
2497 3084 2549 3138 in
2580 3086 2683 3139 hoc
2723 3083 2923 3137 mundo
2970 3080 3286 3143 actitantur,
3314 3077 3482 3131 ﬁrmi-

1917 3177 2100 3232 tudine
2128 3184 2334 3242 carent,
2367 3189 2539 3243 neque
2569 3190 2723 3230 usum
2746 3173 2829 3227 sui
2860 3178 3177 3241 perpetuum
3222 3169 3483 3238 praebent,

1915 3270 2168 3337 quoniam
2196 3276 2540 3336 temporanea
2578 3266 2759 3321 lwtitia
2787 3264 3049 3334 prasterit,
3109 3262 3314 3316 umbrae
3340 3260 3488 3314 simi-

1917 3360 2113 3415 lis.aut
2133 3366 2307 3414 morte
2352 3374 2382 3413 e
2410 3360 2584 3415 medio
2611 3358 2833 3413 tollente
2888 3365 2982 3410 aut
3026 3353 3316 3422 improvisa
3347 3351 3490 3406 Cala-

1918 3447 2539 3505 mitateinterveniente.

1989 3622 2094 3680 Sed
2121 3619 2227 3676 etsi
2250 3620 2372 3689 quis
2400 3618 2758 3676 ldumaeorum
2800 3616 2900 3669 sub
2942 3612 3353 3681 intelligentiam
3402 3622 3491 3662 ca-

1919 3714 2156 3769 dentium
2210 3710 2577 3766 hasreditatem
2600 3722 2750 3762 suam
2779 3707 3048 3760 aediﬁcare
3072 3703 3302 3758 voluerit
3328 3743 3341 3765 ,
3399 3710 3492 3753 aut

1920 3803 2134 3858 divitias
2161 3816 2226 3856 ex
2247 3801 2525 3869 iniquitate
2554 3810 2890 3867 congregans
2916 3836 2932 3863 ,
2995 3804 3089 3848 aut
3147 3795 3199 3848 in
3255 3791 3491 3861 glnriolis

1920 3893 2170 3950 inanibus
2197 3892 2419 3947 delicias
2454 3890 2555 3945 sibi
2593 3889 2951 3954 constituens,
2999 3894 3091 3939 aut
3134 3883 3373 3953 potentia
3437 3882 3489 3933 in

1919 3987 2019 4041 hac
2047 3987 2151 4038 vita
2181 3982 2359 4038 elferri
2393 3981 2598 4047 volens,
2648 3980 3024 4033 universorum
3100 3974 3266 4029 Deum
3318 3973 3493 4040 ipsum

1923 4084 2124 4131 tantum
2155 4089 2255 4127 non
2283 4070 2635 4125 obsistentem
2663 4076 2958 4134 contraque
2983 4071 3307 4132 pugnantem
3340 4060 3489 4112 inve-

1924 4168 2051 4221 niet.
2080 4164 2213 4218 Nam
2239 4172 2297 4216 ut
2327 4162 2540 4215 divinus
2598 4158 2891 4226 discipulus
2934 4156 3193 4222 scriptum
3251 4150 3491 4216 reliquit,

1929 4280 1946 4310 ‹
1980 4258 2079 4324 Qui
2110 4253 2341 4310 voluerit
2367 4266 2488 4305 esse
2531 4250 2739 4323 amicus
2763 4246 2942 4300 saeculi
2996 4244 3179 4312 hujus,
3240 4241 3496 4295 inimich

1925 4349 2015 4403 Dei
2042 4346 2395 4401 constituitur
2417 4343 2517 4395 ⁸⁸.»
2550 4338 2796 4393 Nondum
2829 4334 2973 4390 enim
3007 4334 3325 4402 quiescet,ut
3358 4329 3495 4395 dixi,

1925 4441 1990 4493 ab
2011 4439 2096 4493 his
2129 4437 2219 4506 qui
2250 4444 2458 4490 terrena
2487 4430 2723 4499 sapiunt,
2762 4440 2860 4480 nec
2919 4425 2984 4478 iis
3017 4421 3290 4476 adversari
3347 4419 3494 4472 desi—

1923 4540 2048 4588 stet.
2074 4530 2301 4597 Semper
2329 4525 2471 4580 enim
2500 4521 2822 4591 ﬂagitiosum
2840 4514 2976 4579 odit,
3008 4522 3062 4569 et
3097 4512 3340 4583 cupidius
3368 4525 3511 4578 pce“

1911 4629 2133 4682 cantem
2176 4614 2370 4682 reiicit.

1994 4710 2157 4763 Vens.
2215 4706 2268 4759 5.
2349 4703 2414 4755 Et
2471 4699 2609 4755 oculi
2680 4697 2834 4753 uestri
2872 4694 3137 4757 videbunt,
3190 4700 3238 4745 et
3271 4706 3356 4743 vos
3410 4689 3497 4739 di»

1922 4800 2046 4854 ceti:
2076 4814 2093 4851 :
2125 4794 2498 4865 Magniﬁcatus
2521 4800 2594 4843 est
2624 4787 2877 4842 Dominus
2931 4800 3086 4853 super
3132 4781 3378 4835 terminos
3408 4770 3501 4824 Ιδει

1925 4890 2055 4945 mel.

2009 4982 2089 5039 Vl.
2131 4978 2375 5049 Quando,
2423 4973 2615 5043 inquit,
2679 4985 2791 5024 rem
2852 4982 2948 5037 pro
2996 4975 3185 5018 natura
3220 4975 3314 5015 sua
3350 4966 3502 5011 recte

1930 5072 2310 5144 prtcstiteritis,
2330 5077 2383 5122 et
2414 5073 2619 5121 tantum
2645 5078 2748 5117 non
2787 5057 2987 5128 apertis
3041 5052 3203 5106 animi
3228 5050 3393 5103 oculis
3419 5048 3498 5099 vi.

1932 5141 2117 5219 deritis
2151 5160 2567 5231 perspicuequa:
2601 5152 2760 5208 modo
2782 5150 2912 5215 dixi,
2964 5156 3090 5199 tunc
3141 5141 3362 5196 omnino
3402 5155 3499 5190 an.

1933 5263 2158 5309 nueutes
2182 5294 2195 5315 ,
2226 5250 2580 5321 gloriﬁcatum
2604 5254 2657 5298 et
2690 5240 3090 5308 magniﬁcatum
3108 5246 3225 5287 esse
3257 5232 3420 5284 Deum
3446 5231 3500 5281 in

1933 5345 2127 5400 finibus
2147 5319 2316 5397 Israel
2386 5336 2704 5391 fatebimiui.
2749 5331 2823 5383 Ex
2855 5328 3021 5381 .lacob
3053 5323 3197 5377 enim
3234 5319 3499 5390 prosemi-

1935 5439 2067 5501 nati,
2096 5433 2260 5489 Judaei
2293 5438 2644 5493 nempe,cum
2674 5421 2839 5474 Deum
2875 5414 3245 5474 oll‘eudissent,
3275 5419 3335 5463 ut
3359 5406 3501 5473 dixi,

1934 5539 2195 5591 extorres,
2218 5531 2270 5577 et
2292 5515 2510 5587 captivi,
2529 5525 2581 5568 et
2614 5509 2848 5567 inimicis
2874 5501 3255 5576 expugnabiles
3282 5506 3502 5571 propter
