4026 6276
473 381 578 438 287

1508 379 1563 433 5.
1610 377 1881 433 CYlllLLl
1922 374 2393 432 ALEXANDRINI
2432 374 2749 431 ARCHIEP.

3614 378 3706 439 183

473 509 739 553 summam
764 494 1099 565 lmpietatem
1120 490 1249 551 iacti
1289 501 1438 546 sunt.
1472 493 1569 549 Ubi
1636 510 1765 549 vero
1814 494 2048 547 miseriis

2160 494 2391 561 γόνασιν,
2427 494 2521 547 καὶ
2550 492 2906 563 αἰχμάλωτοι,
2938 491 3032 545 xal.
3062 489 3324 561 ἀλώσιμοι
3360 490 3465 555 τοῖς
3492 487 3705 563 ἰχθροῖς,

471 587 759 651 exercitos,
783 595 838 642 et
865 599 963 654 pro
995 584 1258 653 dignitate
1298 585 1515 653 punitus
1570 586 1709 645 Dens
1763 588 2051 641 miseratus

470 688 575 743 est,
609 677 907 741 redierunt,
943 687 997 731 et
1043 692 1131 731 res
1182 693 1371 732 eorum
1422 678 1473 730 in
1531 677 1745 739 melius,
1787 688 1949 747 atque
1999 679 2050 731 in

471 772 752 839 antiquum
783 778 980 823 statum
1022 770 1288 823 reStituta:
1306 777 1448 823 sunt.
1489 768 1653 839 823
1719 770 1782 822 Et
1830 770 2051 823 benefa-

471 867 618 919 ctum
646 858 901 925 deinceps
925 858 1327 925 regioni,urbes
1359 858 1422 911 de
1454 858 1662 926 integro
1686 857 2049 923 incoluerunt,

475 952 733 1019 templum
806 951 1182 1015 condiderunt,
1270 948 1699 1019 Hierosolymam
1785 951 2054 1007 moenibus

473 1045 929 1109 communierunt,
959 1051 1012 1097 et
1037 1059 1157 1112 quae
1184 1043 1353 1112 magis
1379 1034 1832 1111 optabant,qnatu
1866 1059 2053 1113 spera-

474 1134 626 1196 bant,
658 1135 722 1188 iis
753 1134 927 1190 denuo
960 1142 1085 1185 sunt
1114 1132 1378 1200 perfruiti.
1399 1132 1629 1186 ldumaea
1661 1143 1840 1186 autem
1874 1145 1930 1187 ut
1959 1150 2055 1188 va-

475 1236 616 1279 stata
681 1234 790 1291 est,
838 1226 909 1278 ita
954 1225 1274 1293 permansit,
1312 1239 1411 1277 nec
1452 1224 1516 1277 ad
1537 1225 1900 1279 conditionem
1936 1225 2054 1280 feli-

474 1316 675 1369 ciorem
710 1325 887 1369 erecta
923 1314 1231 1383 est.ltaqne
1284 1314 1620 1384 gloriﬁcatus
1667 1325 1750 1368 est
1804 1316 1941 1370 Deus
1996 1316 2048 1370 in

477 1408 723 1461 terminis
755 1406 939 1462 Israel.

537 1496 824 1551 Sciendum
844 1511 1025 1566 porro,
1047 1496 1207 1550 etiam
1234 1497 1527 1550 secundum
1566 1495 2052 1551 reconditissimunt

474 1601 718 1653 sensum,
744 1588 991 1656 quamvis
1022 1588 1241 1656 quidam
1271 1588 1438 1642 Deum
1478 1598 1831 1657 agnoscentes
1879 1588 2053 1657 ipsum

473 1676 814 1741 oﬂ'enderiut,
844 1693 907 1730 ac
952 1687 1172 1747 propter
1218 1689 1500 1747 peccatum
1546 1694 1734 1747 pmttas
1786 1680 2053 1745 dederint,

476 1778 657 1823 tamen
684 1785 787 1824 non
806 1770 1047 1824 funditus
1070 1771 1375 1838 perituros;
1412 1787 1533 1825 nam
1567 1770 1729 1836 Dens,
1767 1771 1853 1826 ubi
1882 1788 2054 1840 quatt-

477 1868 586 1913 tum
617 1861 748 1915 satis
769 1870 852 1915 est
885 1862 936 1914 iu
956 1876 1051 1915 eos
1072 1836 1547 1921 animadverterit,
1584 1862 1963 1925 miseretur,et
1984 1864 2049 1915 ad
2083 1836 2126 1889 Β

473 1967 790 2023 prosperum
828 1961 1025 2006 statum
1066 1967 1159 2007 eos
1224 1953 1450 2007 reducit.
1521 1952 1814 2007 Terrenum
1871 1965 2049 2008 autent

478 2041 736 2116 allectum
779 2043 1152 2111 diligentibus,
1204 2052 1258 2097 et
1301 2044 1366 2096 ad
1416 2043 1529 2097 sola
1579 2059 1698 2113 qua:
1725 2047 1902 2099 carnis
1930 2055 2053 2100 sunt

476 2131 914 2199 respicientibus,
942 2132 1262 2186 adversatur
1286 2146 1518 2201 semper,
1554 2142 1607 2187 et
1639 2134 1731 2186 ira:
1762 2151 1872 2189 sua:
1894 2151 2053 2204 super

478 2222 597 2277 illos
635 2232 844 2289 tempus
867 2223 1156 2289 producit:
1198 2241 1217 2274 ι
1254 2220 1604 2277 V'ocabuntur
1655 2225 1825 2289 enim,
1855 2226 2048 2295 inquit,

475 2312 581 2367 illis
611 2313 823 2366 termini
852 2314 1164 2381 impietatis,
1201 2323 1257 2368 et
1295 2314 1525 2383 populus
1562 2330 1726 2383 super
1764 2331 1923 2384 quem
1952 2332 2051 2371 ex-

478 2412 662 2460 tensus
692 2413 772 2459 est
802 2405 1065 2459 Dominus
1094 2406 1144 2458 in
1171 2415 1458 2459 aeternum.
1499 2422 1518 2456 ι

549 2494 715 2550 Vens.
745 2496 797 2549 6.
820 2492 997 2549 Filius
1020 2496 1285 2566 glori/icat
1314 2505 1538 2563 patrem,
1582 2507 1628 2550 et
1656 2514 1833 2551 servus
1884 2498 2052 2552 domi-

474 2605 599 2645 num
634 2606 806 2642 suum.
840 2588 905 2642 Et
937 2589 983 2643 si
1012 2597 1159 2657 pater
1191 2603 1307 2640 sum
1332 2602 1444 2655 ego,
1468 2586 1553 2638 ubi
1588 2598 1660 2640 est
1705 2588 1873 2657 gloria
1901 2592 2054 2643 mea?

474 2689 525 2732 et
560 2680 870 2732 sidominus
910 2695 1025 2733 sum
1063 2694 1177 2747 ego,
1214 2676 1300 2730 ubi
1323 2686 1399 2729 est
1476 2677 1633 2735 timor
1688 2680 1873 2735 meus?
1928 2680 2051 2733 dicit

476 2768 732 2822 Dominus
752 2769 1096 2836 omnipotens.

544 2859 656 2915 Vll.
683 2859 934 2915 Limitem
963 2861 1189 2916 rationis
1220 2875 1472 2931 egressos
1510 2862 1904 2931 contempsisse
1935 2879 2055 2932 quae

478 2950 700 3005 minime
726 2951 1029 3021 oportebat,
1055 2952 1293 3007 ostendit
1317 2953 1534 3023 ubique.
1568 2954 1732 3023 Frugi
1756 2954 1897 3009 enim
1932 2956 2055 3009 ﬁliis

476 3042 854 3109 conveniebat,
891 3054 947 3098 et
976 3044 1192 3113 quidem
1215 3046 1340 3113 jure
1370 3046 1657 3101 admodum
1685 3063 1747 3101 ac
1772 3048 2056 3115 merito,ut

476 3134 643 3202 patris
664 3134 744 3188 sui
764 3135 988 3204 gloriam
1006 3138 1396 3203 procurandum
1415 3140 1558 3191 serio
1577 3142 1935 3209 susciperent,
1951 3158 2054 3208 quo

477 3228 549 3277 Ita
580 3224 761 3296 inclyti
791 3226 957 3297 patris
986 3226 1078 3280 ﬁlii
1104 3238 1449 3282 vocarentur.
1479 3227 1595 3282 iam
1628 3231 1670 3283 si
1699 3232 1820 3301 quis
1853 3232 2048 3299 ﬁdelis,

478 3329 572 3367 seu
604 3331 892 3382 germanus
920 3316 992 3373 sit
1027 3318 1294 3383 minister,
1326 3321 1493 3373 etiam
1549 3322 1826 3379 dominum
1893 3340 2050 3379 suum

476 3407 743 3459 celebrem
764 3406 898 3471 ﬁeri,
934 3416 988 3460 et
1026 3423 1131 3462 non
1163 3409 1475 3476 obscurum,
1517 3421 1572 3466 et
1630 3415 1776 3467 velut
1831 3417 2052 3483 pedibus

478 3497 767 3564 protritum
803 3511 1045 3561 manere,
1075 3511 1401 3567 magnopere
1422 3501 1647 3568 optabit.
1681 3502 1812 3555 Nam
1845 3505 2053 3573 sicipse

479 3602 696 3657 quoque
719 3597 922 3657 partem
947 3586 1238 3655 felicitatis,
1265 3603 1385 3657 qua)
1418 3592 1469 3644 in
1527 3592 1611 3646 his
1662 3602 1764 3657 est,
1801 3595 1954 3661 feret,
1999 3605 2053 3650 et

480 3683 621 3746 quod
672 3681 773 3735 sibi
828 3694 1149 3737 ornamento
1182 3683 1253 3736 sit
1286 3681 1467 3745 faciet,
1500 3694 1554 3737 et
1574 3700 1693 3740 eam
1715 3703 1940 3742 somnne
1962 3704 2056 3744 vo-

480 3770 700 3840 luptatis
724 3774 1065 3828 occasionem
1118 3775 1219 3828 sibi
1255 3775 1435 3829 ducet.
1498 3776 1603 3829 Vos
1629 3791 1830 3839 autem,
1862 3779 2051 3847 inquit,

479 3879 601 3915 cum
628 3874 793 3917 ment
845 3874 1052 3932 patrem
1112 3865 1406 3929 honorare,
1460 3876 1622 3933 atque
1671 3878 1727 3921 ιιι
1774 3870 2051 3924 dominum

482 3952 674 4003 timere
704 3950 995 4015 deberetis,
1025 3951 1077 4003 in
1108 3951 1491 4006 ambobttsnon
1522 3968 1709 4020 parum
1765 3955 1832 4008 ab
1865 3956 2056 4010 ollieio

482 4042 806 4106 tlescivistis,
834 4052 887 4095 et
919 4042 1265 4096 invenietniui
1324 4058 1422 4097 nec
1482 4054 1538 4096 ut
1577 4048 1711 4113 patri
1771 4048 2051 4113 honorem,

480 4148 583 4187 nec
620 4143 676 4186 ut
705 4134 925 4188 domino
962 4135 1207 4190 timorem
1241 4133 1633 4203 impertientes.
1672 4136 1771 4192 Ubi
1805 4140 1948 4193 enim
1972 4149 2056 4196 est

481 4225 655 4279 lionor
688 4225 881 4279 meus?
910 4225 996 4281 ubi
1030 4227 1211 4291 timor,
1246 4226 1289 4279 si
1326 4226 1454 4277 nihil
1480 4227 1545 4278 ad
1602 4229 1830 4297 gloriam
1879 4247 2052 4285 meam

479 4316 757 4383 pertinens
780 4315 957 4371 facere
991 4318 1291 4379 sustinetis,
1318 4332 1491 4384 neque
1517 4333 1732 4385 pcenam
1767 4338 1793 4374 a
1834 4323 2053 4377 domino

482 4416 808 4471 metuentes,
840 4407 1132 4475 ejusjussa
1158 4414 1477 4480 capessitis?
1540 4412 1844 4468 Istiusmodi
1895 4416 2053 4483 quip-

2167 586 2382 655 Ἐπειδὴ
2411 588 2466 641 δὲ
2496 587 2847 656 πεπραχότας
2877 584 3096 650 ἀθλίως,
3126 586 3223 638 καὶ
3258 585 3608 657 ἀποχρώντως
3636 606 3711 642 κε-

2154 680 2543 749 κολασμένους,
2581 679 2917 748 κατηλέησεν
2946 679 2974 730 6
3004 678 3157 741 Θεὸς,
3199 678 3619 748 ἀνεκομίσθησαν
3645 686 3708 744 εἰς

2154 769 2214 821 τὸ
2262 769 2356 823 ἀπ’
2388 768 2585 838 ἀρχῆς,
2617 767 3017 835 ἀνενεγκόντων
3074 768 3256 829 αὐτοῖς
3295 769 3384 820 ἐπὶ
3428 769 3486 821 τὸ
3516 769 3704 837 ἀμεινοι

2153 860 2262 913 τῶν
2298 861 2660 930 πραγμάτων.
2693 859 2800 913 Καὶ
2838 859 3027 926 γέγονε
3069 860 3165 929 μὲν
3191 861 3247 911 ὲν
3277 858 3532 931 εὐπαθείᾳ
3562 863 3591 931 ἡ
3622 862 3691 931 χώ

2156 968 2246 1021 ρα,
2270 952 2627 1021 κατῳκήκασι
2660 949 2717 1003 δὲ
2748 951 2845 1011 τὰς
2880 950 3084 1013 πόλεις,
3109 950 3457 1019 ἀνεδείμαντο
3479 951 3563 1003 τὸν
3588 954 3694 1006 ναὸν
3708 997 3719 1022 ,

2154 1043 2497 1112 ἀνετείχισαν
2525 1042 2622 1114 τὴν
2662 1042 3039 1113 Ἰερουσαλὴμ,
3083 1043 3177 1095 καὶ
3208 1045 3459 1110 γεγόνασι
3495 1046 3639 1099 πάλιν
3664 1049 3714 1101 ἐι

2154 1137 2264 1197 τοῖς
2292 1136 2422 1204 παρ’
2455 1134 2648 1187 ἐλπίδα
2700 1135 2791 1187 καὶ
2827 1133 2949 1187 κατ’
2988 1136 3177 1204 εὐχήν.
3197 1134 3260 1187 Ἦ
3286 1136 3342 1187 δέ
3372 1153 3433 1203 γε
3458 1136 3713 1189 τῶνΊδοι-

2158 1226 2331 1297 μαίων
2375 1227 2663 1297 ἠρήμωται
2716 1224 2889 1295 χώρα,
2924 1226 3017 1279 καὶ
3074 1226 3382 1296 μεμένηκεν
3428 1229 3483 1277 ἐν
3527 1232 3712 1290 κακοῖς,

2153 1322 2254 1372 οὐκ
2281 1318 2639 1387 ἀνασφήλασα
2675 1317 2804 1387 περὶ
2825 1317 2885 1369 τὸ
2920 1316 3164 1386 ἄμεινον.
3191 1316 3401 1370 Οὐκοῦν
3429 1317 3713 1382 δεδόξασται

2156 1411 2287 1474 Θεὸς
2312 1413 2368 1464 ὲν
2393 1414 2507 1472 τοῖς
2536 1410 2705 1478 ὁρίοις
2750 1407 2993 1478 Ἰσραήλ.

2240 1503 2434 1555 ’ἰστέον
2467 1502 2545 1569 δὲ,
2583 1502 2665 1553 ὅτι
2698 1503 2792 1553 καί⁵
2837 1499 2976 1552 κατὰ
3027 1500 3116 1552 τὸν
3160 1499 3433 1554 έσώτατον
3463 1501 3598 1564 νοῦν,
3628 1503 3717 1557 κᾶν

2159 1594 2207 1645 εί
2258 1595 2315 1645 ὲν
2359 1592 2719 1664 προσκρούσει
2762 1592 2997 1658 γένοιντό
3029 1609 3174 1654 τινες
3206 1591 3311 1649 τῶν
3348 1592 3555 1651 εἰδότων
3580 1593 3716 1660 Θεὸν,

2158 1686 2263 1738 κᾶν
2295 1687 2342 1737 εί
2373 1686 2709 1739 παιδεύοιντο
2756 1684 2823 1736 δι’
2857 1684 3153 1753 ἁμαρτίαν,
3198 1682 3310 1736 ἀλλ’
3351 1679 3442 1736 οὖν
3484 1685 3577 1737 οὐκ
3624 1688 3720 1738 είς-

2161 1776 2305 1833 άπαν
2341 1778 2535 1838 αὐτοὺς
2566 1774 2861 1829 ἀπολέσθαι
2910 1774 3197 1844 συμϐαίνει
3224 1792 3236 1803 ·
3287 1776 3643 1844 κατοικτείρει
3669 1777 3716 1828 δὲ

2154 1866 2283 1928 Θεὸς
2322 1865 2614 1927 παιδεύσας
2642 1863 2975 1934 ἀρκούντως,
3004 1866 3096 1917 καὶ
3126 1863 3454 1935 ἀνακομίζει
3482 1864 3630 1917 πᾶλιν
3651 1866 3720 1927 είς

2154 1957 2437 2025 εὐθυμίαν.
2472 1957 2595 2018 Τοῖς
2641 1955 2695 2007 δέ
2736 1972 2798 2022 γε
2844 1956 2903 2007 τὸ
2943 1957 3127 2025 γήϊνον
3166 1955 3430 2022 ἀγαπῶσι
3471 1956 3719 2025 φρόνημα,

2154 2046 2247 2100 καὶ
2273 2049 2351 2108 εἰς
2385 2046 2521 2115 μόνα
2562 2044 2817 2114 βλέπουσι
2841 2045 2909 2099 τὰ
2941 2048 3160 2116 σαρκὸς,
3194 2047 3434 2117 μάχεται
3463 2046 3719 2115 διηνεκῶς,

2154 2136 2249 2189 καὶ
2298 2136 2393 2205 τῆς
2439 2135 2525 2187 ἐπ’
2555 2135 2737 2197 αὐτοῖς
2775 2135 2944 2205 ὀργῆς
2996 2138 3293 2206 παρατενεῖ
3343 2136 3469 2198 τοὺς
3497 2136 3721 2205 χρόνους.

2161 2245 2179 2276 ι
2215 2225 2559 2295 κληθήσεται
2600 2226 2729 2296 γὰρ,
2762 2226 2949 2297 φησιν,
2979 2227 3163 2289 αὐτοῖς
3197 2227 3321 2296 ὅρια
3378 2227 3614 2296 ἀνομίας,
3642 2228 3723 2279 καὶ

2154 2319 2280 2384 λαὸς
2312 2320 2397 2387 ἐφ’
2435 2320 2491 2372 ὃν
2526 2319 2903 2389 παρατέταται
2925 2317 3126 2390 Κύριος
3156 2317 3261 2380 ἓως
3288 2317 3505 2381 αἰῶνος.
3553 2335 3570 2368 ι

2235 2491 2366 2557 Υἱὸς
2411 2489 2640 2555 δοξάζει
2678 2490 2922 2559 πατέρα,
2964 2491 3061 2544 καὶ
3112 2489 3344 2555 δοῦλος
3399 2491 3502 2545 τὸν
3540 2492 3726 2559 κύριον

2154 2582 2359 2635 αὐτοῦ.
2394 2582 2502 2634 Καὶ
2535 2584 2584 2634 εί
2611 2581 2805 2649 πατήρ
2844 2584 2960 2651 εἰμι
2992 2581 3130 2650 ἐγὼ,
3166 2582 3286 2635 ποῦ
3331 2583 3502 2637 ἐστιν
3528 2585 3563 2651 ἡ
3592 2585 3723 2648 δόξα

2150 2692 2309 2743 you;
2345 2673 2441 2727 καὶ
2476 2676 2528 2727 εὶ
2558 2674 2762 2740 κύριός
2804 2675 2919 2742 ειμι
2961 2672 3096 2742 ἐγὼ,
3134 2673 3251 2727 ποῦ
3299 2673 3475 2729 ἐστιν
3503 2679 3533 2730 ὁ
3561 2678 3727 2747 φόϐος

2156 2783 2275 2833 μου
2299 2780 2318 2827 ;
2348 2763 2510 2833 λέγει
2543 2766 2756 2831 Κύριος
2793 2764 3240 2833 παντοκράτωρ.

2227 2854 2299 2906 Z'.
2346 2855 2489 2918 Ἔξω
2537 2853 2631 2913 τοῦ
2678 2852 3006 2922 καθήκοντος
3065 2854 3245 2921 ἰόντας
3288 2854 3477 2923 λόγου,
3523 2857 3611 2911 καὶ
3659 2850 3727 2912 ὧν

2155 2947 2354 3015 ἥκιστα
2377 2945 2514 3014 χρῆν
2536 2943 2773 3013 ἀφειδεῖν
2794 2944 3125 3014 ᾑρημένους,
3155 2945 3451 3011 ἀποςαίνει
3476 2947 3726 3017 πανταχῆ.

2158 3037 2280 3099 Τοῖς
2317 3035 2415 3106 μὲν
2453 3039 2561 3106 γὰρ
2607 3036 2875 3087 ἐπιεικέσι
2930 3034 3037 3087 τῶν
3093 3034 3225 3087 υίῶν
3278 3037 3482 3109 πρέποι
3530 3038 3613 3102 ἂν,
3646 3040 3729 3095 καὶ

2162 3126 2305 3196 μάλα
2338 3126 2583 3190 εἰκότως,
2618 3125 2678 3177 τὸ
2706 3125 3117 3195 μεταποιεῖσθαι
3153 3126 3366 3197 σφόδρα
3394 3129 3493 3199 τῆς
3523 3129 3610 3183 τοῦ
3642 3128 3729 3199 φό-

2160 3235 2351 3280 σαντος
2390 3217 2568 3287 δόξης,
2608 3216 2695 3275 ἵνα
2741 3217 2835 3268 καὶ
2880 3215 3269 3275 εὐκλεεστάτου
3308 3219 3513 3289 πατρὸς
3550 3221 3729 3291 ὀνομά-

2161 3309 2357 3373 ζωνται
2401 3309 2586 3366 τέκνα.
2620 3309 2682 3361 Ei
2724 3307 2776 3359 δὲ
2810 3306 2871 3377 δὴ
2903 3324 2986 3369 τις
3013 3307 3098 3377 εἴη
3136 3308 3231 3360 καὶ
3259 3310 3481 3379 οἰκέτης
3507 3313 3728 3383 γνήσιος,

2160 3400 2433 3473 περιφανῆ
2462 3419 2564 3453 που
2618 3399 2833 3463 πάντως
2866 3400 2961 3452 καὶ
3003 3398 3287 3469 διαϐόητον
3313 3402 3409 3454 τὸν
3435 3404 3624 3457 οἰκεῖον
3650 3404 3729 3456 εὓ-

2162 3498 2309 3564 ξεται
2335 3499 2584 3565 γενέσθαι
2618 3498 2903 3568 δεσπότην,
2938 3498 3037 3551 οὐκ
3087 3498 3300 3569 ἄσημον
3357 3496 3497 3553 εἶναι
3530 3499 3614 3554 καὶ
3646 3515 3731 3551 περ

2162 3590 2492 3660 πατημένον.
2527 3589 2755 3654 Μεθέξει
2796 3590 2901 3659 γὰρ
2931 3590 3072 3643 οὕτω
3125 3591 3218 3643 καὶ
3257 3592 3427 3654 αὐτὸς
3460 3592 3557 3661 τῆς
3589 3590 3641 3644 έν
3675 3605 3729 3656 ys

2161 3681 2369 3743 τούτοις
2394 3680 2714 3751 εὐημερίας,
2740 3683 2835 3733 καὶ
2858 3680 3117 3750 καύχημα
3142 3681 3201 3733 τὸ
3224 3682 3420 3751 χρῆμα
3445 3683 3728 3750 ποιήσεται,

2162 3774 2258 3829 καὶ
2318 3772 2585 3842 θυμηδίας
2642 3774 2741 3842 τῆς
2801 3774 3083 3842 ἀνωτάτης
3141 3772 3408 3839 λογιεῖται
3457 3774 3727 3844 πρόφασιν.

2174 3859 2362 3927 Ὑμεῖς
2389 3858 2464 3919 δὲ,
2499 3860 2682 3928 φησιν,
2707 3859 2781 3922 ὡς
2813 3859 3028 3930 πατέρα
3056 3876 3123 3930 με
3146 3860 3392 3925 δοξάζειν
3426 3863 3730 3931 ὀφείλοντες,

2162 3949 2390 4003 δεδιέναι
2440 3949 2495 4003 δὲ
2548 3951 2640 4003 καὶ
2693 3951 2765 4014 ὡς
2810 3951 3100 4019 δεσπότην,
3136 3953 3257 4011 κατ’
3288 3952 3463 4023 ἄμφω
3490 3954 3582 4007 τοῦ
3611 3955 3730 4023 πρέ-

2164 4055 2355 4101 ποντος
2386 4040 2447 4091 οὐ
2478 4039 2711 4109 μετρίως
2736 4039 3182 4110 διημαρτήκατε·
3216 4042 3497 4095 ἁλώσεσθε
3523 4043 3587 4094 δὲ·
3608 4044 3731 4111 μήτε

2163 4131 2238 4194 ὡς
2263 4132 2431 4201 πατρὶ
2460 4132 2555 4202 τὴν
2585 4132 2765 4197 δόξαν,
2803 4134 2937 4201 μήτε
2965 4133 3071 4202 μὴν
3094 4133 3168 4196 ὼς
3197 4133 3435 4205 δεσπότῃ
3464 4136 3552 4187 τὸν
3586 4132 3730 4202 φόϐον

2162 4222 2513 4282 ἀνάπτοντες.
2547 4220 2655 4273 Πυῦ
2684 4222 2793 4290 γὰρ
2828 4222 2858 4290 ἡ
2886 4220 3012 4284 δόξα
3045 4239 3145 4290 μου
3172 4238 3185 4285 ;
3216 4223 3318 4275 ποῦ
3351 4224 3407 4277 δὲ
3439 4227 3466 4277 6
3496 4224 3669 4291 φόϐος,
3690 4221 3731 4272 εί

2167 4310 2331 4380 μηδὲν
2381 4309 2488 4361 τῶν
2532 4311 2612 4373 είς
2665 4310 2819 4374 δόξαν
2865 4309 3113 4380 ὁρώντων
3162 4312 3259 4379 τὴν
3311 4313 3454 4384 ἐμὴν
3496 4311 3730 4382 ἀνέχεσθε

2163 4401 2317 4473 δρᾷν,
2345 4402 2481 4473 μήτε
2514 4402 2619 4473 μὴν
2648 4401 2710 4454 τὸ
2729 4400 3051 4464 κολάζεσθαι
3078 4402 3334 4466 δεδιότες,
3354 4409 3467 4468 τοῖς
3493 4404 3730 4458 δεσπότου

482 4499 625 4565 piam
659 4513 756 4566 per
789 4498 984 4551 Isaiam
1024 4515 1239 4568 quoque
1281 4504 1412 4557 dicit
1442 4522 1453 4556 :
1500 4522 1517 4553 ι
1578 4504 1738 4566 Audi,
1760 4503 1977 4569 etelutn,
2002 4515 2055 4559 et

2164 4495 2339 4547 εἴκετε
2398 4494 2619 4563 νόμοις;
2676 4492 2818 4562 Ἔφη
2881 4512 2931 4546 τι
2988 4494 3228 4547 τοιοῦτον
3277 4497 3373 4548 καὶ
3429 4496 3517 4549 διὰ
3569 4495 3732 4564 φωνῆς

482 4588 705 4641 auribus
728 4588 959 4653 percipe,
1012 4599 1172 4653 terra,
1212 4592 1337 4659 quia
1381 4593 1637 4647 Dominus
1692 4595 1905 4649 locutus
1929 4606 2056 4655 est:

480 4676 649 4731 Filios
701 4678 858 4748 genui
913 4686 965 4730 et
1034 4679 1288 4743 exultavi,
1347 4683 1444 4751 ipsi
1501 4694 1679 4737 autem
1736 4696 2059 4753 spreverunt

484 4768 653 4821 tne".
684 4786 703 4818 ι
739 4766 1039 4833 Quaerenda
1066 4767 1277 4835 igitura
1305 4772 1476 4833 nobis,
1506 4787 1623 4839 qum
1648 4772 1759 4827 Deo
1807 4786 1934 4828 sunt
1965 4775 2060 4830 lto-

483 4858 729 4924 noriﬁca,
792 4868 847 4913 et
891 4860 956 4911 ad
1028 4874 1191 4929 opera
1246 4872 1431 4917 sancta
1461 4864 1901 4930 incnmbemlum,
1934 4882 2056 4921 cum

480 4953 722 5005 sciamus
758 4952 1019 5021 scriptum
1052 4967 1206 5007 esse:
1247 4973 1265 5004 ι
1307 4954 1441 5008 Vivo
1471 4971 1590 5024 ego,
1616 4957 1749 5011 dicit
1776 4958 2054 5025 Dominus,

482 5042 603 5108 quia
639 5042 1002 5111 gloriﬁcantes
1032 5059 1115 5098 me
1141 5044 1474 5113 gloriﬁcabo,
1506 5046 1673 5117 824
1694 5056 1746 5100 et
1770 5048 1857 5115 qui
1923 5065 2056 5104 cou-

484 5136 677 5188 tmnnit
696 5150 802 5199 me,
829 5145 1206 5192 contemnetnr
1240 5137 1305 5190 ⁸³.
1340 5156 1357 5188 ι
1402 5137 1802 5194 Gloriﬁcabitur
1827 5152 2054 5196 autem:

482 5222 641 5277 nobis
691 5223 850 5278 Pater
879 5223 1252 5279 universorum
1286 5226 1446 5289 Deus,
1481 5227 1525 5280 si
1571 5243 1673 5281 non
1706 5231 1846 5297 quod
1906 5233 2060 5285 nobis

396 5374 405 5383 ο
476 5310 774 5375 jucundum
799 5325 853 5369 et
881 5316 1115 5370 amicum
1156 5326 1260 5381 est,
1291 5331 1451 5387 agere
1508 5319 1914 5386 studuerimus,
1966 5324 2060 5375 sed

489 5404 563 5457 illi
588 5407 764 5474 potius
793 5418 1024 5461 mentem
1047 5420 1286 5463 nostrain
1334 5410 1767 5465 tledicavetintus
1790 5422 1844 5465 et
1868 5414 1920 5466 itt
1946 5430 2061 5467 om-

489 5498 648 5551 nibus
675 5498 742 5551 ad
766 5499 884 5567 ejus
917 5510 1103 5553 nutum
1131 5516 1227 5553 nos
1260 5502 1798 5558 conformaret-imus.
1836 5504 2065 5559 Timebi-

488 5604 609 5644 mus
633 5604 760 5643 vero
782 5599 837 5642 ιιι
868 5591 1177 5652 Dominum,
1204 5594 1247 5646 si
1278 5596 1690 5662 propensionem
1713 5597 1773 5651 ad
1807 5596 2063 5667 improbi-

560 5760 603 5788 "
632 5766 734 5822 lsa.
770 5784 806 5829 ι,
843 5768 895 5819 2.
980 5768 1022 5796 ³³
1056 5767 1069 5820 l
1100 5766 1226 5838 Reg.
1258 5785 1313 5838 tt,
1342 5770 1429 5824 50.

2177 4585 2431 4637 Ἡσαΐου*
2472 4585 2725 4647 «Ἄκουε,
2757 4584 2973 4652 οὐρανὲ,
3012 4584 3104 4637 καὶ
3142 4583 3478 4655 ὲνωτίζου,ἡ
3528 4585 3615 4653 γῆ,
3662 4582 3731 4633 ὃτι

2165 4675 2368 4743 Κύριος
2390 4676 2678 4744 ἐλάλησενο
2704 4675 2865 4737 Υίοὺς
2892 4676 3177 4744 ἐγέννησα,
3210 4675 3305 4729 καὶ
3337 4675 3530 4744 ὓῲωσα
3549 4693 3561 4704 ·
3594 4672 3731 4725 αὐτοὶ

2165 4766 2220 4819 δέ
2249 4784 2315 4836 με
2345 4767 2639 4837 ἠθέτησαν.
2664 4786 2681 4817 ι
2712 4768 2832 4837 Χρὴ
2860 4767 3037 4820 τοίνυν
3072 4769 3218 4836 ἡμᾶς
3241 4767 3308 4820 τά
3332 4768 3414 4829 είς
3441 4765 3593 4830 δόξαν
3613 4759 3730 4815 Θεοῦ

2167 4857 2368 4927 ζητεῖν,
2403 4858 2495 4911 καὶ
2549 4859 2653 4927 μὴν
2702 4860 2796 4909 καὶ
2842 4856 3158 4923 ἐπείγεσθαι
3208 4856 3531 4925 κατορθοῦν,
3562 4853 3619 4906 τὸ
3651 4868 3733 4919 γε·

2165 4949 2484 5018 γραμμένον
2514 4949 2721 5011 εἰδότας
2739 4964 2752 4977 ·
2791 4967 2808 4999 ι
2834 4949 2921 5001 Ζῶ
2950 4948 3079 5016 ἐγὼ,
3105 4949 3254 5016 λέγει
3279 4948 3504 5017 Κύριος,
3522 4948 3601 5013 ὅτι
3624 4946 3735 5006 τοὺς

2162 5041 2484 5109 δοξάζοντας
2509 5059 2576 5110 με
2602 5041 2831 5104 δοξάσω,
2861 5042 2954 5094 καὶ
2980 5043 3007 5094 6
3031 5041 3328 5107 ὲξουθενῶν
3358 5058 3452 5110 με,
3476 5036 3730 5108 ἀτιμωθή-

2166 5153 2341 5189 σεται.
2371 5154 2388 5185 ι
2426 5133 2719 5198 Δοξὰσεται
2749 5133 2803 5185 δὲ
2829 5133 2965 5200 πρὸς
2990 5133 3148 5202 ἡμῶν
3177 5136 3204 5185 6
3232 5133 3421 5202 Πατὴρ
3443 5135 3471 5185 6
3494 5131 3598 5183 τῶν
3616 5128 3733 5181 ὅλων

2164 5229 2313 5292 Θεὸς,
2351 5228 2470 5298 οὐχὶ
2512 5226 2572 5279 τὸ
2602 5226 2784 5288 αὐτοῖς
2815 5227 2945 5295 ἡμῖν
2972 5225 3072 5297 ἡδύ
3122 5242 3181 5278 τε
3226 5226 3319 5278 καὶ
3349 5224 3508 5292 φίλον
3540 5225 3736 5275 ἀποπε-

2166 5321 2368 5390 ραίνειν
2421 5318 2866 5383 ἐσπουδακότων,
2926 5316 3353 5370 ἀνατεθεικότων
3427 5315 3487 5367 δὲ
3554 5310 3736 5383 μᾶλλον

2162 5411 2310 5481 αὑτῷ
2357 5411 2448 5464 τὸν
2493 5409 2641 5471 νοῦν,
2674 5412 2764 5461 καὶ
2796 5412 2911 5472 τοῖς
2960 5409 3127 5462 αὐτοῦ
3175 5407 3440 5475 νεύμασιν
3471 5402 3736 5473 ἑπομένων

2164 5503 2459 5573 πανταχοῦ.
2490 5501 2916 5572 Φοϐηθησόμεθα
2953 5500 3008 5552 δὲ
3048 5500 3140 5553 καὶ
3178 5499 3253 5561 ὡς
3287 5496 3513 5566 Κύριον,
3540 5493 3635 5563 τὴν
3666 5492 3735 5554 είς

2163 5594 2468 5665 φαυλότητα
2500 5593 2671 5664 ῥοπὴν
2694 5592 3089 5654 ἀνακόπτοντες
3112 5590 3249 5644 αἰδοῖ
3271 5588 3360 5642 τοῦ
3388 5585 3737 5657 προσκρούειῖ
