4026 6276
493 342 588 395 21η

1554 334 1612 390 s.
1655 314 1928 390 canuit
1971 318 2438 391 ALEXANURINI
2479 319 2795 395 Αιιειιιεϋ.

3680 344 3782 405 293

492 467 737 511 carorum
775 451 842 504 “.
877 468 896 502 ι
933 448 1089 503 Pura:
1131 449 1295 520 igitur
1323 449 1376 504 et
1418 449 1772 504 sanctiﬁcata:
1811 460 1866 505 et
1894 465 2097 521 azyma:

2206 449 2427 522 παλαιᾷ,
2464 451 2595 524 μηδὲ
2621 455 2682 506 ἐν
2715 454 2863 525 ζύμῃ
2896 456 3093 520 κακίας
3131 435 3226 511 καλ
3262 451 3551 528 πονηρίας,
3585 459 3695 513 ἀλλ’
3727 464 3782 516 ὲν

495 547 615 599 vita:
648 546 749 598 hoc
772 557 940 612 genus
968 543 1120 611 panis
1150 550 1234 595 est
1255 539 1899 612 symbolumﬂﬁerebaut
1925 542 2090 612 igitur

495 653 593 705 pro
623 651 700 701 se,
740 642 798 689 ut
822 635 873 688 iu
905 634 1046 705 typis
1072 634 1250 687 adhuc
1289 641 1343 688 et
1401 633 1636 697 umbris,
1664 634 1754 701 qui
1789 634 2085 689 secundum

496 731 668 798 legem
710 743 876 799 panes
897 740 1115 798 azymos
1133 736 1186 780 et
1206 725 1394 797 azyma
1423 710 1743 781 efferebant.

2196 540 2426 612 ἀζύμοις
2485 543 2836 614 είλικρινείας
2881 548 2975 600 καὶ
3019 548 3298 620 ἀληθείας.
3333 569 3350 602 ι
3406 552 3517 603 Καὶ
3579 552 3740 606 πάλιν
3767 572 3780 586 ο

2203 650 2219 682 ι
2243 630 2619 705 Ἐκκαθάρατε
2646 630 2740 688 οὖν
2768 636 2867 706 τὴν
2898 636 3136 692 παλαιὰν
3164 638 3366 711 ζύμην,
3404 642 3492 694 ἵνα
3536 636 3634 713 ἦτε
3674 647 3783 697 νέον

2196 723 2446 794 φύραμα,
2475 724 2658 789 καθώς
2695 728 2818 780 ἐστε
2857 727 3077 799 ἄζυμοι.
3101 749 3120 782 δ
3153 732 3453 804 Παρεγγυᾷ⁵
3473 728 3531 786 δὲ
3553 735 3784 803 Χριστὸς

492 827 609 890 ’τοῖς
664 825 842 892 ἁγίοις
902 822 1242 887 ἀποστόλοις,
1290 820 1432 876 οὕτω
1482 820 1696 888 λέγων’
1737 839 1754 872 ι
1787 819 2091 891 Προσέχετε
2127 819 2236 874 ἀπὸ
2302 818 2401 888 τῆς
2443 817 2622 890 ζύμης
2693 819 2803 873 τῶν
2831 821 3140 892 Φαρισαίων
3195 824 3290 876 καὶ
3334 823 3728 879 Σαδδουκαίων.
3761 843 3812 894 »γ

500 921 709 976 Οὐκοῦν
754 920 1004 989 καθαρᾶς
1039 919 1132 973 καὶ¹
1164 907 1509 990 ἢγιασμένης
1557 919 1650 971 καὶ
1696 916 1908 988 ἁζύμου
1947 915 2093 987 ζωῆς
2131 915 2357 985 σημεῖον
2403 914 2432 964 ὁ
2475 915 2660 984 ἄρτος.
2730 916 3141 987 Προσεκόμιζον
3205 917 3386 972 τοίνυν
3432 918 3550 972 ἀνθ’
3584 895 3812 972 ἑαυτῶνξ

499 1016 576 1080 ὡς
615 1019 670 1070 ἐν
699 1015 892 1079 τύποις
917 1014 995 1068 ἔτι
1025 1014 1121 1067 καὶ
1173 1015 1350 1076 σκιαῖς
1377 1013 1426 1065 οἱ
1493 1012 1864 1082 προσάγοντες
1899 1011 2100 1082 ἄρτους
2135 1026 2196 1062 τε
2227 1007 2471 1079 ἀζύμους
2496 1009 2590 1062 καὶ
2617 1008 2804 1080 ἄζυμα
2829 1011 2970 1064 κατὰ
3001 1011 3092 1066 τὸν
3121 1011 3306 1081 νόμον.
3797 1001 3808 1013 ’

576 1111 846 1176 Quoniam
879 1117 1058 1162 autem
1087 1107 1540 1170 catechumenos,
1567 1110 1621 1160 et
1648 1107 1718 1160 ita
1750 1119 1846 1176 per
1874 1119 2095 1160 sacrum

2276 1093 2498 1174 Ἐπειδὴ
2524 1102 2582 1156 δὲ
2622 1103 2716 1157 καὶ
2746 1103 2874 1167 τοὺς
2899 1103 2979 1158 ἔτι
3013 1101 3476 1176 κατηχουμένους,
3513 1103 3610 1157 καὶ
3642 1101 3780 1158 οὔπω

502 1204 775 1271 baptisma
800 1201 1036 1254 nondum
1062 1216 1092 1253 a
1127 1207 1350 1268 peccato
1391 1204 1648 1267 purgatos
1700 1197 1958 1254 Ecclesiis
1991 1211 2096 1251 non

2206 1195 2290 1267 τὴν
2339 1195 2616 1267 ἁμαρτίαν
2668 1196 3092 1266 ὲκνενιμμένους
3143 1195 3232 1249 διὰ
3272 1194 3366 1249 τοῦ
3403 1195 3563 1264 ἁγίου
3598 1195 3780 1266 βαπτίὲ

503 1293 750 1360 ejicimus
785 1308 906 1345 cum
936 1292 1100 1343 Deum
1134 1290 1508 1360 gloriﬁcamus
1541 1307 1554 1342 :
1595 1289 1728 1358 quin
1786 1303 1884 1344 eos
1919 1289 2100 1357 potius

2206 1302 2422 1356 ςματος,
2448 1286 2548 1340 οὐκ
2574 1286 2934 1358 ἐκπέμπομεν
2953 1287 3063 1340 τῶν
3095 1287 3434 1359 Ἐκκλησιῶν
3452 1287 3783 1356 δοξολογοῦνο

505 1384 558 1437 iu
586 1381 1006 1436 consnmmamlo
1029 1379 1299 1434 sacriﬁcio
1326 1377 1500 1433 laudis
1520 1380 1699 1434 sucios
1723 1378 2098 1443 adsciscimus;

2206 1396 2286 1442 τες
2318 1378 2472 1443 Θεὸν,
2503 1377 2808 1443 ποιούμεθα
2853 1378 2912 1432 δὲ
2968 1379 3168 1448 μᾶλλον
3204 1380 3518 1444 κοινωνοὺς,
3552 1380 3650 1452 τὴν
3692 1383 3782 1452 τῆς

505 1476 629 1530 ideo
663 1476 742 1527 lex
779 1475 830 1526 in
869 1472 1194 1527 fermentato
1227 1470 1399 1537 illam,
1457 1470 1908 1540 gloriﬁcalionem
1937 1477 2086 1539 puta,

505 1568 804 1622 faciendam
842 1566 1040 1635 inquit,
1073 1565 1213 1619 sicut
1247 1565 1354 1619 dixi
1393 1580 1406 1617 :
1443 1564 1642 1619 veteris
1673 1565 1930 1634 nequitia:
1960 1565 2088 1618 reli-

507 1661 683 1728 quias,
711 1659 864 1727 quasi
893 1658 1160 1727 quoddam
1222 1657 1548 1710 fermentum
1592 1655 1644 1708 in
1704 1662 1762 1710 Se
1803 1653 2089 1710 habentem

506 1751 839 1820 signiﬁcans,
856 1765 1048 1818 panem
1077 1749 1459 1803 fermentatum
1481 1763 1576 1816 per
1596 1745 1826 1817 aenigma
1851 1746 2089 1802 nondum

2197 1468 2458 1533 αἰνέσεως
2502 1469 2841 1541 πληροῦντες
2891 1470 3124 1525 θυσίαν·
3161 1471 3420 1545 ταύτῃτοί
3446 1491 3581 1545 φησι
3629 1475 3721 1528 καὶ
3760 1479 3785 1529 tl

2197 1564 2382 1636 νόμος,
2415 1566 2502 1619 ἐπ’
2533 1564 2722 1636 ἄρτοις
2755 1565 3008 1636 ζυμίταις
3041 1558 3238 1638 χρῆναι
3259 1567 3392 1639 δρᾷν
3412 1567 3603 1638 αὐτὴν.
3631 1566 3787 1638 ἄρτον

2198 1657 2433 1729 ζυμίτην
2484 1657 2658 1726 λέγων
2695 1656 3115 1728 αἰνιγματωδῶς
3138 1658 3230 1712 τὸν
3257 1656 3411 1711 οὔπω
3454 1658 3789 1729 κεκαθαρμέ-

2199 1764 2308 1814 νον,
2339 1747 2415 1811 ὡς
2446 1747 2603 1818 ἔφην,
2632 1746 2721 1802 διὰ
2756 1747 2851 1801 τοῦ
2892 1748 3046 1816 ἁγίου
3081 1747 3482 1820 βαπτίσματος,
3513 1748 3706 1820 ἔχοντα
3735 1749 3788 1800 δὲ

506 1842 833 1910 baptismate
865 1851 1172 1911 purgatum.
1213 1858 1232 1892 ι
1263 1839 1368 1893 Vos
1401 1840 1565 1910 igitur
1602 1838 1917 1893 sacerdotes
1938 1836 2094 1903 estis,

2206 1839 2388 1911 ὥσπερ
2422 1839 2547 1893 τινὰ
2597 1839 2776 1911 ζύμην
2806 1841 2863 1894 ὲν
2894 1840 3072 1912 ἑαυτῷ
3099 1841 3165 1894 τὰ
3197 1842 3295 1912 τῆς
3330 1841 3564 1912 ἀρχαίας
3596 1839 3788 1910 φαυλόέ

510 1932 706 2000 inquit,
731 1931 823 1999 qui
859 1929 1141 1999 despicitis
1173 1944 1367 1983 nomen
1398 1943 1597 1993 meum,
1630 1945 1649 1980 ι
1685 1929 1812 1982 dum
1840 1929 1906 1982 ad
1927 1927 2096 1982 altare

509 2038 691 2078 meum
717 2034 887 2090 panes
909 2021 1142 2091 pollutos
1164 2019 1393 2075 oﬁ‘ertis.
1417 2019 1728 2074 Curandum
1754 2034 1884 2089 ergo
1913 2033 2099 2075 sacer-

513 2112 662 2166 dotio
694 2110 927 2176 ornatis,
953 2125 1020 2164 ne
1049 2108 1179 2180 quid
1205 2108 1310 2164 tale
1347 2109 1400 2163 in
1431 2107 1676 2162 Ecclesia
1705 2109 2095 2172 committatur,

510 2216 569 2262 et
601 2204 894 2260 tenendum
921 2211 1232 2256 accuratam
1257 2201 1694 2257 observationem
1734 2201 1842 2255 Deo
1885 2208 2097 2271 gratam

513 2294 885 2366 etjucundam
919 2294 1169 2348 accidere
1195 2309 1211 2359 ;
1236 2302 1444 2359 contra,
1482 2292 1788 2348 socordiam
1844 2291 1897 2346 in
1939 2291 2099 2346 rebus

513 2386 625 2442 tam
653 2386 979 2441 venerandis
1007 2399 1256 2454 magnam
1289 2384 1364 2439 illi
1397 2399 1586 2440 creare
1620 2383 1963 2441 molestiam:
2001 2397 2100 2437 nec

514 2480 570 2534 id
601 2479 795 2549 supine
830 2478 1161 2548 negligentes
1203 2477 1423 2547 impune
1475 2475 1669 2531 ferent.
1702 2475 1768 2529 Et
1830 2475 2100 2545 quomodo

515 2587 624 2627 non
661 2571 973 2626 miserabile
999 2579 1081 2625 est
1113 2568 1258 2624 istud
1303 2567 1532 2624 videre?
1561 2583 1682 2622 cum
1724 2568 1800 2622 illi
1834 2568 2096 2622 audiant:

520 2680 542 2716 ι
588 2660 698 2718 Vos
727 2661 1041 2716 sacerdotes
1070 2661 1226 2726 estis,
1244 2660 1336 2730 qui
1366 2659 1643 2729 despicitis
1682 2673 1875 2713 nomen
1935 2659 2103 2730 826

516 2767 718 2807 meum.
752 2769 770 2802 ›
815 2750 908 2805 Est
945 2751 1090 2805 enim
1135 2751 1352 2820 quidam
1384 2757 1731 2816 contemptus
1777 2747 1872 2802 Dei
1919 2763 2102 2803 sacer-

516 2845 702 2899 dotum
735 2843 1014 2913 segnities,
1049 2850 1104 2896 et
1127 2853 1409 2911 peccatum
1443 2827 1570 2896 illud
1624 2841 1804 2911 gloriae
1855 2840 1956 2912 ipsi
2001 2840 2100 2896 tri-'-

517 2935 745 2992 bneuda:
778 2951 843 2990 ac
865 2935 1060 2990 debitae
1093 2935 1437 2989 adversatur.

591 3110 755 3164 Vens.
793 3107 846 3161 8.
877 3107 1016 3172 Quia
1045 3109 1090 3160 si
1127 3107 1363 3178 offeratis
1397 3123 1593 3162 cwcum
1627 3109 1679 3162 in
1728 3107 2051 3176 sacriﬁcium
2079 3133 2097 3171 ,

516 3219 686 3258 nonne
720 3201 964 3256 malum?
1009 3197 1080 3254 Et
1117 3205 1164 3254 si
1208 3200 1445 3269 oﬁ'eratis
1518 3201 1790 3264 claudum,
1831 3208 1926 3253 aut
1986 3197 2102 3252 lan~
2131 3182 2173 3240 (ἶ

515 3295 766 3366 guidum,
815 3310 985 3348 nonne
1027 3293 1284 3348 malum?
1331 3291 1478 3363 O/fer
1526 3291 1664 3346 illud
1707 3293 1830 3346 duci
1887 3305 2014 3356 tuo,
2058 3293 2104 3346 si

516 3388 764 3454 suscipiet
803 3396 870 3449 te,
915 3387 960 3440 si
1002 3386 1221 3454 accipiet
1255 3384 1445 3453 [aciem
1479 3395 1649 3449 tuam,
1681 3385 1804 3438 dicit
1854 3383 2105 3438 Dominus

517 3479 865 3547 omnipotens.

590 3567 684 3623 IX.
725 3566 861 3622 Cum
900 3566 987 3621 lex
1049 3565 1330 3622 mandaret
1353 3567 1393 3600 ⁵⁸
1423 3566 1764 3621 victimarum
1797 3567 1926 3621 vitia
1977 3581 2107 3622 con-

516 3663 780 3726 siderare,
817 3669 874 3716 el.
899 3659 1120 3714 mutilas
1151 3674 1246 3714 seu
1275 3658 1538 3713 membris
1566 3669 1754 3728 captas
1793 3660 2106 3730 repudiare,

515 3770 586 3809 ex
616 3753 765 3808 omni
797 3764 951 3822 parte
991 3751 1234 3821 integras
1272 3750 1609 3817 sacriﬁcare,
1654 3751 1729 3805 illi
1762 3767 1828 3807 eo
1865 3761 2107 3821 tempore

518 3847 656 3900 citra
701 3845 1086 3907 delectum,et
1111 3842 1254 3896 nullo
1281 3841 1618 3907 discrimine,
1665 3853 1862 3897 cuncta
1915 3841 2108 3899 olIereé-

519 3938 674 3998 bant,
700 3945 756 3989 et
784 3933 967 4005 gloria:
991 3933 1101 3986 Deo
1135 3932 1310 4001 digna:
1351 3932 1490 3985 ratio
1514 3932 1740 3986 omnino
1784 3933 1977 4004 exigua
2011 3935 2107 3988 du-

520 4030 783 4084 cebatur:
819 4037 879 4079 ut
900 4035 1084 4078 autem
1113 4039 1276 4093 quam
1297 4023 1559 4095 plurimas
1591 4024 1840 4079 victimas
1875 4041 2108 4095 congre-

520 4129 734 4192 garent,
764 4128 820 4174 et
845 4118 1057 4188 copiam
1085 4117 1316 4172 arietum
1343 4116 1511 4180 domi,
1543 4131 1609 4172 ac
1643 4115 1877 4174 fortasse
1912 4119 1966 4173 in
1993 4119 2108 4190 ipso

521 4215 874 4271 tabernaculo
911 4212 1193 4275 baberent,
1235 4211 1286 4265 in
1345 4224 1411 4265 eo
1461 4209 1749 4280 plurimum
1813 4221 1992 4282 operae
2044 4225 2110 4266 ac

519 4308 686 4364 studii
721 4307 1164 4364 consumebatur.
1200 4305 1283 4358 An
1315 4303 1500 4375 igitur,
1551 4319 1584 4358 ο
1634 4304 1884 4372 praeclari
1930 4307 2106 4374 legum

519 4400 793 4465 custodes,
828 4400 874 4453 si
909 4399 1033 4468 quis
1065 4412 1269 4452 czecum
1326 4396 1392 4450 ad
1451 4395 1778 4450 sacriﬁcium
1825 4395 2105 4463 obtulerit,

2197 1948 2359 2004 τητος
2387 1931 2639 2002 λείψανα.
2678 1951 2696 1983 ι
2719 1931 2908 2003 Ὑμεῖς
2938 1928 3054 1997 οὖν,
3079 1933 3262 2002 φησιν,
3294 1933 3343 1984 οἱ
3373 1933 3560 2003 ἱερεῖς,
3586 1932 3635 1984 οἱ
3663 1947 3790 2000 (gau-

2198 2023 2437 2089 λίζοντες
2469 2024 2530 2077 τὸ
2562 2024 2736 2096 ὖνομά
2789 2041 2916 2095 μου,
2949 2036 2966 2076 i
3003 2024 3092 2077 διὰ
3125 2006 3185 2077 τὸ
3219 2025 3552 2094 προσφέρειν
3604 2025 3685 2088 είς
3734 2024 3791 2077 τὸ

2200 2115 2584 2187 θυσιαστήριον
2621 2133 2722 2186 μου
2758 2115 2956 2187 ἄρτους
2975 2116 3398 2186 ἡλισγημένους.
3425 2117 3546 2187 Χρὴ
3577 2133 3794 2188 τοιγαρ-

2199 2203 2293 2259 οῦν
2321 2205 2577 2276 φροντίδα
2617 2205 2888 2258 ποιεῖσθαι
2917 2205 3045 2269 τοὺς
3075 2205 3173 2276 τὴν
3203 2205 3354 2259 θείαν
3381 2205 3605 2276 ἔχοντας
3636 2208 3791 2278 ἱερω-

2204 2297 2393 2368 σύνην,
2433 2295 2508 2368 μὴ
2537 2295 2645 2368 ἄρα
2674 2314 2724 2349 τι
2753 2296 2927 2366 δρῷτο
2953 2295 3193 2350 τοιοῦτον
3226 2299 3284 2350 ἐν
3336 2297 3670 2369 Ἐκκλησία·
3720 2299 3794 2351 είο

2199 2387 2348 2440 δέναι
2393 2403 2474 2452 τε,
2517 2387 2600 2440 ὅτι
2649 2388 2682 2456 ὴ
2734 2385 2835 2458 μὲν
2879 2387 3113 2458 ἀκριϐὴς
3159 2389 3486 2460 ὲπιτήρησις
3537 2390 3795 2461 εὐφρανεῖ

2201 2477 2354 2551 Θεὸν,
2389 2478 2766 2549 καταλυπήσει
2792 2477 2849 2531 δὲ
2877 2477 2996 2531 λίαν
3042 2479 3102 2532 τὸ
3141 2478 3407 2551 ῥᾳθυμεῖν
3443 2479 3662 2534 ἑλέσθαι
3689 2481 3791 2534 τῶν

2201 2567 2345 2622 οὕτω
2379 2569 2614 2623 σεπτῶν.
2651 2570 2778 2623 ’Ότι
2813 2570 2915 2624 οὐκ
2951 2571 3188 2643 ἀζήμιον
3216 2573 3278 2626 τὸ
3310 2575 3501 2644 χρῆμα
3545 2576 3656 2636 τοῖς
3691 2573 3790 2629 ῦπ-

2201 2660 2508 2730 τιουμένοις
2557 2678 2706 2726 πως,
2767 2663 2826 2715 ού
2881 2647 3228 2735 ταλαίπωρον
3284 2666 3434 2731 ἰδεῖν,
3492 2667 3790 2721 ἀκουόντων

2205 2751 2424 2804 ἐκείνων
2447 2767 2460 2781 ’
2499 2768 2517 2804 ι
2541 2752 2727 2822 Ὑμεῖς
2756 2755 2805 2806 οί
2834 2755 3019 2823 ἱερεῖς,
3050 2757 3100 2808 oi
3129 2756 3482 2824 φαυλίζοντες
3523 2755 3584 2811 τὸ
3625 2757 3793 2829 δνομά

2207 2859 2330 2912 μου.
2364 2862 2383 2894 ι
2417 2843 2702 2914 Φαύλισμα
2731 2845 2839 2916 γὰρ
2871 2834 3061 2918 ῶσπερ
3091 2849 3171 2912 εἰς
3204 2847 3338 2902 Θεὸν
3375 2848 3486 2902 τῶν
3515 2849 3705 2920 ἱερέων
3733 2845 3794 2903 τὸ

2206 2933 2472 3006 ῥᾴθυμον,
2499 2935 2592 2988 καὶ
2621 2939 2702 2999 εἰς
2733 2937 2831 3006 τὴν
2861 2937 3009 3005 αὐτῷ
3037 2939 3356 3010 πρέπουσάν
3382 2959 3441 2994 τε
3469 2940 3565 2995 καὶ
3590 2941 3793 3012 ὁφειλοῖ

2207 3027 2375 3097 μένην
2403 3025 2560 3092 δόξαν
2587 3028 2920 3100 ἀναφέρεται
2949 3031 3009 3084 τὸ
3043 3031 3444 3104 πλημμέλημα.

2275 3121 2431 3173 Διότι
2460 3119 2570 3173 ἐὰν
2600 3121 3026 3192 προσαγάγητε
3055 3119 3290 3193 τυφλὸν
3331 3128 3416 3192 εἰς
3457 3128 3694 3194 θυσίας,
3721 3112 3792 3182 οὗ

2206 3197 2398 3264 κακόν
2415 3225 2434 3273 ;
2467 3211 2565 3264 καὶ
2590 3211 2700 3266 ἐὰν
2721 3214 3138 3284 προσαγάγητε
3165 3217 3366 3284 χωλὸν
3406 3219 3444 3286 ἢ
3467 3219 3792 3287 ἅρῤωστον.

2207 3303 2280 3356 οὺ
2309 3302 2533 3366 κακόν;
2569 3303 2918 3374 Προσὰγαγε
2944 3305 3020 3374 δὴ
3050 3307 3197 3361 αὐτὸ
3222 3308 3303 3374 τῷ
3325 3311 3638 3379 ἡγουμένῳ
3657 3327 3792 3375 σου,

2206 3395 2258 3446 εὶ
2304 3393 2706 3461 προσδέξεταί
2752 3413 2846 3460 σε,
2879 3399 2930 3450 εὶ
2972 3399 3234 3468 λήψεται
3277 3403 3608 3469 πρόσωπόν
3656 3421 3782 3468 σου,

2207 3481 2370 3551 λέγει
2403 3485 2619 3553 Κύριος
2643 3485 3088 3556 παντοκράτωρ.

2276 3574 2351 3626 Θ’.
2395 3576 2797 3645 Μωμοσκοπεῖν
2842 3577 2939 3632 τοῦ
2986 3567 3152 3651 νόμου
3201 3581 3269 3635 τὰ
3314 3585 3490 3654 ἱερεῖα
3523 3585 3785 3656 προστάτὲ

2206 3668 2411 3730 τοντος,
2461 3667 2558 3720 καὶ
2611 3668 2916 3740 ἀπόϐλητον
2971 3671 3072 3741 μὲν
3119 3675 3390 3728 ποιεῖσθαι
3433 3675 3503 3729 τὰ
3548 3676 3791 3747 ἔμπηρα,

2207 3755 2499 3828 καθιεροῦν
2530 3759 2587 3812 δὲ
2625 3759 2695 3813 τὰ
2714 3760 2944 3832 ἄμωμα,
2973 3766 3372 3836 προσεκόμιζον
3400 3767 3480 3839 τῷ
3509 3769 3793 3838 θυσιαστην

2211 3850 2311 3920 ρίῳ
2343 3849 2464 3905 κατ’
2499 3853 2675 3905 ἐκεῖνο
2722 3853 2817 3906 τοῦ
2860 3855 3056 3927 καιροῦ
3104 3858 3280 3912 πάντα
3316 3860 3492 3932 χύδην
3523 3864 3614 3916 καὶ
3647 3863 3792 3915 ἀδιαιι

2210 3939 2432 4008 κρίτως,
2465 3942 2680 4012 καὶτῆς
2714 3944 2812 4013 μὲν
2844 3947 3162 4020 πρεπούσης
3189 3949 3349 4021 δόξης
3374 3952 3452 4021 τῷ
3477 3954 3596 4023 Θεῴ
3618 3950 3790 4022 ὀλίγος

2206 4023 2276 4100 ἦν
2309 4030 2589 4097 παντελῶς
2607 4033 2636 4084 ὁ
2664 4032 2820 4102 λόγος
2837 4053 2850 4066 ·
2884 4039 3104 4108 φροντὶς
3134 4040 3190 4093 δὲ
3213 4040 3332 4094 λίαν
3358 4043 3784 4114 ὲσπουδασμένηδ

2208 4121 2270 4175 τὸ
2303 4123 2531 4178 πλεῖστα
2550 4126 2652 4180 ὅσα
2679 4128 3021 4207 συναγείρειν
3051 4131 3290 4201 θύματα,
3311 4117 3408 4187 καὶ
3440 4135 3611 4207 κριῶν
3633 4135 3789 4203 ἀφθο-

2209 4211 2330 4267 νίαν
2361 4211 2499 4267 οἴκοι
2540 4227 2600 4269 τε
2648 4216 2815 4288 ἔχειν,
2854 4206 2950 4273 καλ¹
2977 4223 3034 4274 ὲν
3061 4224 3198 4294 αὐτῇ
3247 4243 3348 4278 που
3391 4206 3536 4296 τάχα
3569 4230 3634 4297 τῇ
3669 4227 3788 4296 ἁγία

2212 4300 2540 4378 σκηνῇ.’Ἃρ’
2569 4301 2681 4373 οὖν,
2719 4302 2764 4362 ὦ
2792 4310 2885 4364 τοῦ
2918 4312 3085 4382 νόμου
3121 4300 3381 4382 φύλακες,
3430 4319 3480 4370 εἰ
3530 4319 3782 4389 προσάγει

2207 4411 2292 4458 τις
2319 4396 2520 4464 τυφλὸν
2565 4397 2646 4462 εἰς
2681 4399 2898 4466 θυσίαν,
2923 4403 2982 4456 οὐ
3015 4405 3183 4458 κακὸν
3215 4405 3276 4459 τὸ
3321 4406 3505 4477 θῦμα;
3553 4411 3602 4462 εἰ
3640 4409 3694 4462 δὲ
3727 4408 3783 4477 δὴ

522 4494 625 4546 hoc
682 4491 1009 4546 sacriﬁcium
1057 4490 1314 4543 vitiosum
1353 4503 1456 4542 non
1514 4489 1642 4542 est?
1670 4490 1823 4555 Quod
1868 4489 1914 4545 si
1959 4490 2103 4544 clau-

2213 4486 2308 4577 καὶ
2359 4487 2530 4556 χωλὸν
2590 4489 2622 4559 ἢ
2654 4489 2957 4562 ἄρρωστον,
2989 4495 3081 4549 τὸν
3114 4497 3214 4566 τῆς
3245 4498 3527 4568 ἑμπηρίας
3579 4498 3782 4568 διαφεύ-

521 4584 792 4645 tlum,aut
819 4578 1151 4648 languidum,
1185 4593 1312 4631 num
1359 4591 1419 4631 se
1472 4591 1502 4630 a
1546 4577 1777 4631 crimine
1847 4578 2103 4632 mutilatae

2209 4576 2358 4640 ξεται
2410 4579 2629 4651 μῶμον;
2679 4583 2752 4635 Uti
2804 4584 2913 4654 γὰρ
2960 4585 3023 4656 δὴ
3063 4587 3262 4641 καὶτὰ
3305 4589 3487 4642 τοιάδε
3529 4589 3780 4659 λογιεῖσθε

522 4675 758 4729 victima:
798 4671 936 4725 tueri
971 4670 1224 4739 poterit?
1252 4669 1332 4723 Au
1369 4682 1475 4722 non
1535 4669 1836 4724 istiusmodi
1875 4671 2014 4724 mala
2053 4680 2111 4724 et

522 4767 591 4821 ad
621 4761 953 4819 sacriﬁcium
985 4761 1164 4829 inepta
1211 4759 1545 4813 censebitis?
1597 4759 1692 4813 Sin
1753 4759 1913 4814 aliter
1966 4762 2107 4830 apud

522 4858 734 4913 animos
765 4865 974 4910 vestros
1025 4851 1291 4914 statuitis,
1327 4866 1426 4922 age
1455 4851 1724 4922 quispiam
1770 4867 1868 4922 pro
1898 4853 2057 4908 senio
2090 4891 2108 4919 ,

521 4961 577 5006 ct
601 4951 656 5005 ln
699 4948 818 5003 loco
847 4945 1087 5001 muneris
1123 4945 1214 4999 uni
1262 4958 1482 4998 suorum
1523 4943 1945 5013 gubernatorum
1975 4945 2108 5000 οιτο-

524 5055 627 5099 rat.
671 5042 832 5114 Atqui
888 5055 994 5094 non
1027 5037 1308 5108 suscipiet,
1348 5036 1542 5104 inquit,
1593 5051 1692 5093 nec
1724 5035 2000 5092 oﬁ'erentis
2030 5038 2110 5090 fa-

523 5139 662 5193 ciem
693 5135 959 5190 reveritus
987 5131 1115 5186 illud
1137 5129 1474 5186 oﬁ‘erendum
1507 5127 1982 5200 fuissejudicabit,
2019 5146 2109 5185 ve-

525 5231 935 5294 hementerque,
971 5231 1031 5276 ut
1073 5221 1268 5290 injuria
1316 5219 1618 5281 lacessitus,
1674 5221 1958 5275 irascetur.
2007 5218 2107 5274 Est

525 5319 707 5387 itaque
744 5334 772 5372 a
811 5317 1018 5372 ratione
1042 5328 1266 5384 prorsus
1297 5311 1720 5378 alienissimum,
1767 5313 1878 5368 Deo
1911 5314 2110 5368 audere

524 5408 720 5463 oiIerre
747 5423 867 5477 quae
888 5421 987 5462 nec
1013 5415 1258 5460 nostrum
1281 5403 1480 5474 aliquis
1496 5403 1812 5472 dignaretur
1839 5404 2107 5474 accipere.

526 5500 779 5570 Magnum
815 5501 917 5554 hoc
950 5497 1107 5553 nobis
1142 5505 1423 5566 peccatum
1458 5505 1542 5551 est
1571 5533 1588 5560 ,
1625 5495 1669 5550 si
1707 5496 1941 5552 oblaturi
1975 5497 2105 5562 Deo,

524 5605 834 5663 qumramus
868 5590 1054 5644 miseri
1087 5589 1231 5659 quod
1267 5587 1484 5653 fwdius,
1519 5597 1613 5642 aut
1654 5589 1817 5644 vilius
1839 5598 1962 5644 cst:
1995 5604 2102 5644 non

599 5754 643 5786 ’θ
683 5773 876 5832 Mallh-
909 5785 1022 5835 ΧΠ,
1055 5769 1107 5826 6ο
1185 5768 1229 5844 ἐ
1259 5767 1432 5830 Lerit.
1462 5786 1598 5838 nn,
1625 5767 1690 5828 ill
1721 5785 1871 5841 seqq.

2208 4669 2373 4734 κακὰ,
2419 4672 2515 4724 καὶ
2562 4673 2698 4742 πρὸς
2728 4673 2920 4728 θυσίαν
2960 4677 3062 4730 οὐκ
3109 4679 3425 4750 ὲπιτήδεια;
3471 4679 3611 4732 Ἀλλ’
3640 4676 3783 4748 εῐπερ

2206 4765 2384 4818 οἴεσθε
2413 4767 2554 4821 κατὰ
2581 4771 2722 4837 σφᾶς
2749 4771 2848 4842 οὐχ
2875 4766 2976 4826 ὦδε
3007 4772 3172 4843 ἔχειν,
3203 4773 3530 4846 ἀποφερέτω
3551 4791 3634 4838 τις
3658 4771 3781 4827 αὐτὰ

2209 4856 2400 4923 ξένιον,
2424 4860 2520 4913 καὶ
2545 4863 2601 4914 ἐν
2625 4861 2797 4933 δώρου
2825 4863 2977 4930 τάξει
3006 4865 3116 4918 τῶν
3150 4865 3482 4936 καθηγητῶν
3515 4864 3598 4917 ὲνί
3616 4905 3631 4918 .
3649 4860 3785 4915 ’Δὶλ’

2209 4949 2310 5027 οὐκ
2349 4949 2414 5002 ἂν
2453 4952 2830 5021 προσδέξαιτο,
2865 4955 3018 5025 φησι,
3052 4955 3162 5009 οὐδ’
3186 4955 3253 5009 ἂν
3285 4956 3346 5010 τὸ
3368 4955 3464 5010 τοῦ
3497 4951 3786 5027 προσκομί·

2212 5037 2397 5102 ζοντος
2445 5041 2736 5110 πρόσωπον
2788 5043 3080 5110 αἰδεσθεὶς,
3108 5046 3289 5099 οἰστὸν
3318 5045 3381 5111 τὸ
3420 5045 3616 5116 χρῆμα
3644 5041 3790 5109 ποιῆ·

2213 5145 2386 5197 σαιτο,
2416 5131 2708 5202 χαλεπανεῖ
2737 5135 2795 5189 δὲ
2826 5135 2944 5188 λίαν
2975 5137 3051 5200 ὡς
3077 5137 3599 5208 ὑϐρισμένος.Ἐστι
3621 5136 3785 5188 τοίνυν

2205 5223 2318 5277 τῶν
2339 5222 2480 5292 ἄγαν
2518 5222 2933 5294 ἐκτοπωτάτων,
2960 5228 3080 5298 Θεῷ
3102 5230 3432 5302 προσφέρειν
3462 5225 3784 5295 ἀποτολμᾷν.

2206 5316 2243 5370 δε
2298 5317 2419 5389 μηδ’
2450 5318 2517 5373 ἂν
2566 5313 2646 5383 εἷς
2691 5321 2798 5373 τῶν
2853 5322 2974 5376 καθ’
2997 5325 3144 5393 ἡμᾶς
3182 5323 3355 5376 ἕλοιτο
3403 5321 3607 5376 λαϐεῖν.
3655 5316 3785 5372 Πολὺ

2207 5408 2364 5462 τοῦτο
2381 5411 2510 5482 παρ’
2538 5412 2669 5482 ἡμῖν
2693 5411 2753 5464 τὸ
2777 5412 3158 5485 πλημμέλημα
3178 5430 3191 5444 ·
3217 5415 3267 5466 εἰ
3295 5413 3405 5486 γάρ
3431 5430 3484 5467 τι
3511 5410 3786 5482 μέλλοιμεν

2209 5502 2600 5572 προσκομίζειν
2619 5501 2758 5571 Θεῷ,
2783 5503 2858 5567 ὡς
2892 5507 2958 5558 ἂν
2987 5507 3205 5576 ἔχοιμεν
3232 5503 3302 5558 τὰ
3323 5503 3542 5573 αἰσχίω,
3569 5495 3790 5558 iniisti-

2206 5609 2338 5662 τερα
2377 5591 2632 5662 ζητοῖμεν
2685 5594 2734 5645 οἱ
2787 5596 3036 5661 τάλανες,
3078 5597 3178 5650 ούκ
3221 5592 3551 5658 ἐννοοῦντες,
3585 5592 3664 5648 ὅτι
3692 5584 3790 5641 καὶ
