4026 6276
497 291 606 345 ενδ
1496 268 1558 335 ‘s.
1600 261 1874 335 eratut
1918 259 2091 332 ιω

2193 258 2394 331 unum
2439 263 2756 334 suculae.
3649 273 3742 339 ινδ

494 410 575 460 ὅτι
614 401 810 474 ἔσομαί
841 417 924 453 σοι
953 400 1156 469 ὅμοιος.
1175 395 1412 464 Ἐλέγξω
1437 396 1529 453 ..αὶ
1559 396 1894 467 παραστήσω
1926 395 2069 448 κατὰ
2099 395 2391 464 πρόσωπόν
2419 411 2510 446 σου
2533 394 2631 454 τὰς
2655 391 2930 462 ἁμαρτίας
2948 407 3062 442 σου.
3085 408 3102 441 ι
3127 390 3202 443 ού
3225 389 3330 463 γὰρ
3352 363 3456 446 οἶδε
3485 393 3744 463 πρόσωπον

493 501 521 551 ό
553 496 766 569 κριτὴς,
798 492 914 547 ἀλλ’
941 491 1093 544 ἔστιν
1117 489 1277 552 εὐθὺς
1309 488 1405 542 καὶ
1434 488 1730 549 ἀδέκαστος
1759 489 1832 550 ὡς
1857 487 2011 549 Θεός.
2092 521 2100 527 -

574 609 859 666 νειιεΛΟ.
927 607 1065 672 Quia
1109 615 1159 660 et
1210 607 1264 659 in
1342 605 1481 658 vobis
1542 602 1857 656 claudentur
1918 602 2091 668 ostia,

2269 603 2424 655 Διότι
2451 598 2548 654 καὶ
2576 600 2644 653 ἐν
2669 598 2812 669 ὑμῖν
2848 597 3434 668 συγκλεισθήσονται
3464 593 3640 666 θύραι,
3667 602 3752 657 καὶ

500 714 548 755 et
608 717 709 755 non
759 697 1050 752 accendatis
1104 695 1272 746 altare
1305 708 1474 745 meum
1524 693 1708 760 gratis.

575 835 745 907 828
778 829 874 887 X1.
900 828 1392 898 Opportunissime,
1418 835 1478 882 ut
1512 828 1566 882 in
1607 827 1979 898 praedictione,
2002 822 2098 880 de.

505 942 605 982 cus
644 926 762 977 vita:
788 920 1111 976 Christianae
1136 918 1352 972 interim
1385 925 1813 987 praemonstrat,
1857 925 1915 970 ut
1961 914 2096 983 legis

509 1016 723 1080 umbra,
747 1023 801 1068 et
828 1012 996 1067 veteri
1046 1010 1136 1066 illo
1171 1009 1476 1064 sacerdotio
1507 1007 1659 1062 brevi
1715 1005 2007 1070 desituris,
2038 1013 2094 1060 et

510 1125 610 1165 suo
639 1117 880 1175 tempore
900 1103 1147 1159 veritatis
1185 1101 1560 1157 sacerdotibus
1589 1099 1886 1168 spiritualis
1914 1098 2092 1154 cultus

513 1198 852 1256 administris
886 1195 1245 1265 apparituris,
1280 1191 1486 1260 Deique
1516 1190 1742 1260 gloriam
1801 1190 2094 1260 promptis-

512 1293 648 1347 sime
677 1289 1005 1359 quaesituris.
1031 1285 1283 1340 Clausum
1327 1297 1491 1352 porro
1518 1282 1585 1338 iri
1619 1296 1780 1352 super
1802 1282 1932 1352 ipsis
1953 1277 2093 1336 ostia

513 1382 675 1436 dicit:
708 1377 946 1447 autquia
987 1375 1297 1430 sacerdotes
1347 1373 1477 1443 legis
1514 1389 1620 1427 non
1682 1372 1970 1427 adolebunt
2013 1373 2094 1426 in-

512 1485 734 1524 censum
761 1486 812 1521 τι
842 1467 896 1519 Si
919 1463 1337 1520 enimclauserit
1365 1471 1549 1516 Contra
1575 1463 1874 1528 hominem,
1895 1462 2088 1533 inquit,

511 1565 632 1625 quis
655 1561 859 1630 aperiet
878 1559 923 1589 το
947 1559 969 1611 ?
995 1576 1014 1608 ›
1048 1566 1141 1610 aut
1167 1565 1312 1611 certe
1329 1570 1452 1609 cum
1477 1556 1655 1608 verius
1680 1556 2088 1610 tabernaculum

510 1653 804 1706 exliihitum
845 1649 1027 1714 fuerit,
1083 1649 1187 1704 hoc
1215 1656 1300 1701 est
1336 1647 1573 1700 Ecclesia
1596 1688 1610 1713 ,
1643 1647 1858 1715 quidam
1920 1645 2091 1716 legale

508 1743 869 1796 sacerdotium
909 1741 1086 1794 adhuc
1128 1740 1408 1798 obeuntes,
1465 1753 1570 1790 non
1613 1739 1908 1792 intrabunt.
1950 1735 2088 1790 Pro-

509 1845 626 1896 pter
656 1833 1083 1888 incredulitatem
1121 1847 1247 1886 vero
1282 1832 1434 1899 quasi
1467 1829 1708 1896 exclusi,
1744 1829 1875 1885 foris
1903 1833 2090 1886 mane-

509 1926 663 1990 bunt,
703 1934 758 1979 et
781 1936 968 1978 sancta
988 1938 1094 1977 non
1145 1922 1433 1988 attingant.
1472 1919 1596 1973 Illos
1637 1920 1779 1974 enim
1841 1921 2093 1975 sacerdo-

511 2017 645 2067 tium
669 2014 916 2068 amisisse
939 2028 1009 2067 ex
1066 2013 1248 2066 verbis
1294 2011 1384 2064 Dei
1440 2026 1536 2078 per
1570 2026 1630 2064 os
1692 2007 1846 2065 Oscae
1874 2012 2043 2081 liquet
2077 2031 2090 2066 :

517 2123 536 2155 ι
577 2104 711 2170 Quia
751 2105 940 2158 diebus
972 2103 1155 2156 multis
1187 2104 1452 2156 sedabunt
1491 2104 1586 2157 lilii
1614 2101 1779 2156 Israel
1837 2118 1941 2157 non
1995 2119 2092 2157 er-

511 2197 736 2250 sistente
784 2210 930 2265 rege,
987 2210 1161 2262 neque
1220 2196 1518 2250 exsistente
1569 2196 1861 2262 sacriﬁcio,
1923 2210 2096 2265 neque

511 2290 803 2343 exsistente
837 2288 995 2341 altari
1025 2328 1040 2351 ,
1074 2302 1244 2357 neque
1269 2288 1590 2350 sacerdotio,
1639 2303 1810 2357 neque
1872 2290 2096 2343 manife-

512 2381 746 2435 slatione
776 2367 874 2431 ³η.»
915 2378 1178 2445 Quocirca
1206 2379 1380 2433 cultus
1404 2379 1590 2448 legalis
1617 2382 1771 2447 quasi
1805 2382 2094 2434 terminum

510 2483 566 2528 et
593 2473 877 2528 sacerdotii
921 2473 1218 2526 secundum
1270 2473 1436 2542 legem
1467 2473 1756 2541 quamdam
1797 2474 2096 2528 conclusio-

512 2580 634 2618 nem
673 2564 894 2630 indicat,
923 2572 979 2616 ut
1003 2561 1217 2631 quidem
1266 2563 1498 2625 videtur,
1548 2564 1674 2616 dum
1709 2564 1873 2627 dicit,
1936 2578 2098 2634 super

515 2653 644 2721 ipsis
671 2653 808 2706 ostia
833 2651 1128 2706 claudenda
1161 2666 1304 2717 esse,
1334 2650 1572 2705 Ecclesia
1606 2667 1700 2706 eos
1739 2668 1842 2707 non
1897 2656 2094 2708 admit-

515 2751 660 2797 tente
689 2759 702 2795 :
733 2757 835 2796 non
859 2743 1006 2797 enim
1037 2743 1269 2813 amplius
1295 2752 1603 2798 mactantur
1633 2757 1790 2812 oves,
1827 2761 1946 2800 cum
1982 2747 2095 2816 jam

516 2850 692 2887 rerum
742 2834 990 2903 princeps
1049 2843 1104 2889 et
1143 2846 1333 2890 auctor
1377 2835 1516 2889 Deus
1551 2836 1846 2892 incruentis
1887 2841 2098 2894 sacriﬁ-

512 2927 614 2981 ciis
633 2927 944 2980 honoretur.
969 2925 1231 2993 Quoniam
1259 2941 1382 2981 vero
1405 2927 1582 2982 addit:
1607 2947 1624 2980 ι
1656 2927 1771 2984 Non
1790 2934 2096 2987 accendetis

514 3019 685 3072 altare
713 3033 888 3073 meum
912 3019 1099 3087 gratis,
1128 3036 1148 3070 ι
1173 3017 1404 3073 dicimus
1427 3020 1528 3074 hoc
1557 3031 1767 3076 morale
1796 3023 2090 3092 prolatum.

513 3107 639 3162 γυιι
663 3111 804 3164 enim
852 3111 938 3164 his
974 3111 1188 3175 docere,
1219 3109 1286 3165 ad
1321 3112 1680 3167 sacerdotium
1714 3124 1768 3169 et
1797 3117 1863 3170 ad
1919 3117 2094 3186 ignem

2197 694 2313 748 bim
2340 693 2602 761 ἀνάψετε
2631 691 2698 745 τὸ
2728 688 3162 757 θυσιαστήριόν
3190 706 3312 758 μου
3338 687 3576 756 δωρεάν.

2271 849 2375 901 lA'.
2421 845 2763 917 Εὺαφόρμως
2805 840 3011 914 σφόδρα
3037 842 3136 914 τῆς
3163 842 3220 895 ὲν
3255 840 3476 913 Χριστῷ
3503 843 3749 904 πολιτείας

2195 938 2271 1003 ὡς
2309 939 2368 991 ὲν
2397 936 2794 1009 προαγορεύσει
2836 936 2974 999 τέως
3019 934 3414 1005 προαναφαίνει
3451 932 3511 986 τὸ
3547 933 3745 1000 κάλλος·

2193 1026 2269 1090 ὡς
2296 1025 2405 1096 γὰρ
2431 1027 2529 1096 τῆς
2562 1029 2620 1078 ὲν
2651 1025 2803 1095 νόμῳ
2838 1025 2999 1087 σκιᾶς
3028 1024 3152 1078 ὅσον
3177 1023 3388 1076 οὐδέπω
3433 1025 3751 1094 πεπαυοομέ-

2197 1133 2315 1188 νης,
2345 1117 2440 1170 καὶ⁴
2470 1118 2568 1186 τῆς
2596 1117 2830 1187 ἀρχαίας
2869 1116 3084 1185 ἐκείνης
3121 1114 3439 1186 ἱερωσύνης,
3478 1115 3748 1184 μελλόντων

2195 1227 2257 1264 τε
2306 1207 2718 1264 ἀναδείκνυσθαι
2763 1200 2903 1261 κατὰ
2948 1207 3176 1278 καιροὺς
3222 1199 3329 1259 τῶν
3376 1206 3472 1277 τῆς
3520 1207 3747 1278 ἀληθείας

2199 1301 2519 1374 ίερουργῶν,
2550 1302 2598 1356 οἳ
2629 1302 2722 1354 καὶ
2751 1301 2853 1370 τῆς
2883 1301 2942 1353 ἐν
2972 1299 3242 1368 πνεύματι
3271 1299 3524 1370 λατρείας
3564 1295 3748 1355 ἔσονται

2194 1391 2527 1461 λειτουργοὶ,
2561 1390 2857 1459 ζητήσουσί
2896 1406 2955 1440 τε
2991 1389 3084 1442 καὶ
3127 1389 3271 1460 μάλα
3301 1388 3515 1459 γοργῶς
3546 1391 3634 1459 τὴν
3667 1393 3746 1444 τοῦ

2195 1481 2331 1535 Θεοῦ
2377 1481 2556 1546 δόξαν.
2589 1479 3119 1549 Συγκλεισθήσεσθαι
3165 1478 3221 1531 δὲ
3266 1477 3438 1549 θύρας
3476 1481 3630 1549 φησὶν
3665 1481 3749 1531 ἐπ’

2197 1573 2416 1637 αὐτοὺς,
2443 1573 2476 1642 ἢ
2515 1567 2740 1634 εὐωδίας
2771 1571 2871 1625 οὐκ
2905 1565 3170 1642 ἐσομένης
3195 1573 3307 1634 τοῖς
3340 1572 3480 1647 κατὰ
3511 1571 3660 1642 νόμον
3689 1573 3751 1626 ἱε-

2197 1664 2517 1736 ρατεύουσιν
2539 1681 2551 1694 ’
2583 1681 2602 1715 ι
2633 1663 2756 1716 Ἐὰν
2782 1663 2891 1733 γὰρ
2926 1657 3116 1735 κλείσῃ
3165 1661 3306 1715 κατὰ
3337 1660 3636 1732 ἀνθρώπου.
3659 1680 3750 1734 φη-

2198 1757 2302 1820 σὶν,
2351 1754 2436 1818 τίς
2483 1752 2721 1819 ἀνοίξει;
2755 1774 2771 1804 ι
2807 1755 2975 1823 ἤγουν
3024 1753 3124 1824 τῆς
3146 1752 3528 1829 ἀληθεστέρας
3563 1751 3750 1806 ἀναδει-

2195 1844 2416 1917 χθείσης
2455 1840 2679 1914 σκηνῆς,
2711 1844 2957 1896 τουτέστι
2984 1844 3080 1913 τῆς
3124 1841 3476 1914 Ἐκκλησίας,
3525 1844 3618 1894 οὐκ
3650 1841 3748 1895 εἰσ-

2196 1937 2478 1990 ελὰσουσιν
2514 1938 2570 1989 ὲν
2599 1936 2734 2006 αὐτῇ
2765 1952 2907 1997 τινες
2955 1935 3054 2006 τὴν
3102 1930 3244 1986 κατὰ
3287 1934 3453 2004 νόμον
3482 1933 3750 2004 ἱερωσύνην

2195 2027 2529 2097 πληροῦντες
2559 2025 2660 2079 ἔτι.
2680 2025 3076 2095 Ἐκκλειόμενοι
3106 2025 3162 2078 δὲ
3188 2023 3382 2093 ὥσπερ
3406 2024 3470 2076 δι’
3499 2024 3748 2085 ἀπιστίας.

2195 2120 2300 2184 ἔξω
2318 2137 2378 2172 τε
2407 2119 2650 2189 μενοῦσι,
2682 2119 2774 2171 καὶ
2803 2117 2913 2170 τῶν
2939 2117 3108 2185 ἁγίων
3137 2117 3237 2186 οὐχ
3265 2115 3636 2184 ἆψονται.”υτι
3657 2116 3750 2184 γὰρ

2196 2211 2583 2263 ὲκπεπτώκασι
2624 2210 2718 2278 τῆς
2760 2209 3088 2281 ἱερουργίας,
3123 2208 3293 2276 σαφὲς
3341 2207 3409 2260 ἂν
3451 2208 3645 2275 γένοιτο
3670 2206 3748 2259 τοῦ

2196 2301 2329 2353 Θεοῦ
2358 2301 2605 2369 λέγοντος
2636 2301 2721 2353 διὰ
2762 2302 2944 2368 φωνῆς
2975 2299 3159 2367 Ὠσηέ·
3199 2319 3216 2348 ι
3250 2297 3401 2350 Διότι
3429 2297 3626 2368 ἡμέρας
3647 2294 3751 2348 πολ·

2195 2392 2293 2456 λὰς
2329 2392 2638 2445 καθίσονται
2671 2393 2718 2444 ot
2754 2393 2860 2444 uio‘t
2904 2390 3141 2460 Ἰσραὴλ,
3168 2389 3269 2442 οὐκ
3306 2390 3463 2467 ὄντος
3493 2388 3746 2458 amnem,

2196 2485 2317 2537 οὐδὲ
2365 2483 2643 2554 ἄρχοντος,
2689 2484 2788 2535 οὐκ
2828 2481 2993 2553 οὔσης
3047 2481 3258 2547 θυσίας,
3303 2481 3431 2534 οὔτε
3485 2480 3748 2552 ίερατείας,

2197 2574 2318 2629 οὔτε
2368 2576 2560 2646 δήλων.
2590 2593 2608 2626 ι
2666 2575 2875 2628 Οὐκοῦν
2926 2575 3026 2645 τῆς
3071 2577 3128 2626 ἐν
3181 2574 3330 2644 νόμῳ
3379 2574 3622 2646 λατρείας
3664 2572 3749 2642 τὴν

2195 2667 2356 2719 οἱονεὶ
2401 2664 2712 2736 κατάληξιν,
2740 2665 2833 2718 καὶ
2865 2666 2962 2735 τῆς
2991 2663 3111 2718 κατ’
3141 2664 3306 2718 αὑτὸν
3352 2663 3638 2734 ἱερωσύνης
3672 2662 3749 2715 τὸν

2199 2757 2584 2828 συγκλεισμὸν,
2617 2759 3053 2828 κατασημήνειεν
3089 2756 3174 2821 ἂν,
3203 2755 3279 2819 ὣς
3311 2758 3381 2824 γέ
3414 2773 3501 2825 μοι
3531 2756 3679 2818 δοκεῖ,
3699 2754 3750 2806 τὸ

2195 2851 2305 2903 δεῖν
2331 2850 2415 2902 ἐπ’
2438 2851 2622 2912 αὐτοῖς
2648 2849 3056 2920 κλεισθήσεσθαι
3081 2848 3252 2918 θύρας
3284 2849 3485 2912 εἰπεῖν,
3515 2848 3572 2900 οὐ
3601 2861 3748 2918 προσ·-

2202 2942 2420 3013 ιεμένης
2453 2943 2650 3004 αὐτοὺς
2701 2942 2798 3011 τῆς
2841 2941 3204 3012 Ἐκκλησίας·
3239 2941 3299 2994 οὐ
3345 2941 3453 3010 γὰρ
3501 2939 3752 3010 μηλοσφα-

2197 3038 2314 3104 γεῖν
2355 3034 2432 3087 ἔτι
2485 3033 2693 3104 καιρὸς,
2725 3034 2836 3087 ἀλλ’
2866 3033 2966 3104 ἢδη
2998 3036 3118 3097 ταῖς
3162 3035 3525 3102 ἀναιμάκτοις
3547 3031 3751 3101 τιμᾶται

2199 3130 2412 3192 θυσίαις
2458 3132 2486 3182 ὁ
2532 3127 2641 3182 τῶν
2689 3129 2825 3183 ὅλων
2874 3131 3028 3194 Θεὸς.
3065 3129 3280 3202 Ἐπειδὴ
3327 3130 3390 3184 δὲ
3442 3129 3751 3202 προσεπάγει

513 3201 668 3256 altari
721 3203 1101 3272 imponendum
1135 3216 1351 3260 vocatos
1397 3222 1518 3264 esse
1559 3221 1664 3262 non
1702 3218 1759 3263 ut
1788 3209 1907 3275 ejus
1933 3224 1961 3262 a
1987 3224 2091 3278 quo

2195 3221 2404 3284 τούτοις
2454 3221 2552 3286 τὸ,
2621 3239 2638 3272 ι
2671 3221 2784 3274 Οὐκ
2839 3220 3075 3291 ἀνάψετε
3120 3221 3182 3273 τὸ
3229 3201 3610 3291 θυσιαστήριον
3665 3230 3751 3288 μου

513 3291 688 3344 νοισιιιὶ
725 3301 851 3345 sunt
879 3293 1101 3361 gloriam
1127 3298 1408 3352 minuant:
1465 3301 1560 3355 sed
1598 3309 1656 3354 ut
1711 3314 1832 3355 eain
1893 3300 2090 3370 quibus

513 3383 669 3435 decet
705 3383 880 3437 modis
937 3386 1196 3452 colentes,
1255 3392 1540 3446 sacerdotii
1595 3407 1808 3462 quoque
1874 3392 2090 3461 praemia

517 3472 831 3539 percipiant.
866 3474 1052 3528 Astilli
1086 3487 1191 3529 tam
1228 3480 1558 3534 venerabilia
1595 3484 1769 3552 studia
1801 3499 1894 3550 pro
1920 3484 2091 3537 nihilo

519 3573 792 3630 putantes,
823 3579 998 3633 neque
1031 3570 1332 3623 reverentia
1376 3571 1628 3625 sacriﬁcii
1682 3573 1948 3637 deterriti,
1987 3590 2092 3641 quo

516 3657 694 3710 minus
730 3653 898 3710 Deum
921 3657 1194 3726 laederent,
1214 3659 1333 3728 jure
1354 3663 1420 3716 de
1451 3663 1657 3732 reliquo
1689 3679 1875 3732 pmzms
1895 3681 2092 3733 expen-

513 3747 662 3799 dunt.
699 3746 1046 3804 Meritissimo
1076 3766 1312 3821 namque
1364 3769 1470 3808 non
1520 3755 1572 3807 in
1640 3770 1805 3824 parvo
1865 3758 2092 3809 crimine

514 3839 819 3901 ponendum
846 3850 952 3902 est,
975 3842 1416 3896 communionem
1457 3857 1488 3896 a
1511 3844 1620 3898 Deo
1653 3845 1970 3898 donatornm
2001 3860 2093 3897 as-

514 3929 753 3992 pernari,
783 3928 1120 3998 honoresque
1142 3933 1208 3986 ah
1239 3932 1357 4000 ipso
1379 3933 1600 3987 collatos
1637 3934 2092 3989 inconsultissime

515 4032 789 4086 respuere.
836 4017 1020 4087 Itaque
1043 4031 1289 4077 terrenus
1332 4033 1386 4078 et
1415 4024 1671 4093 profanus
1695 4027 1987 4094 appellatus
2009 4038 2092 4082 est

515 4108 678 4176 Esau,
709 4111 962 4178 quoniam
995 4121 1213 4182 propter
1249 4129 1430 4169 escam
1463 4118 1733 4184 primitiva
1761 4133 1858 4172 sua
1908 4120 2091 4173 vendi-

514 4199 672 4255 dit".
692 4201 868 4268 Quare
883 4218 1004 4257 cum
1025 4203 1187 4258 dicit:
1217 4225 1238 4258 ‹
1259 4205 1375 4260 Non
1395 4210 1704 4265 accendetis
1727 4210 1894 4265 altare
1913 4227 2087 4264 Illeulll

515 4296 679 4363 gratis
699 4333 717 4362 ,
753 4312 772 4347 ι
807 4303 989 4350 monet
1009 4297 1370 4354 sacerdotium
1417 4314 1516 4356 suo
1571 4302 1792 4371 praemio
1817 4319 1923 4357 non
1974 4302 2090 4356 fru-

513 4387 674 4442 strari
709 4402 724 4439 :
758 4401 859 4440 nec
890 4399 1068 4442 tamen
1099 4405 1198 4442 suo
1235 4407 1448 4460 quoque
1469 4409 1655 4446 carere
1685 4394 1966 4463 supplicio,
1989 4396 2088 4449 nisi

511 4479 636 4544 quis
671 4477 798 4529 illud
838 4493 944 4543 quo
978 4493 1077 4546 par
1109 4492 1193 4534 est
1221 4484 1379 4535 modo
1403 4490 1458 4536 et
1483 4485 1687 4537 ratione
1729 4489 2086 4553 usurpaverit.

2190 3313 2420 3384 δωρεὰν,
2451 3331 2469 3363 ›
2505 3315 2562 3364 ἐν
2599 3312 2717 3382 ἤθει
2750 3313 2931 3382 φαμὲν
2956 3312 3286 3382 γεγενῆσθαι
3322 3314 3420 3366 τὸν
3443 3313 3615 3381 λόγον.
3639 3310 3753 3362 Βού-

2190 3405 2340 3456 λεται
2368 3405 2475 3474 γὰρ
2494 3404 2591 3473 ἤδη
2626 3403 2836 3474 δηλοῦν,
2858 3405 2940 3458 ὅτι
2976 3405 3271 3475 κέκληνται
3302 3406 3443 3476 πρὸς
3471 3403 3752 3483 ἱερουργίαν

2191 3496 2286 3549 καὶ
2321 3497 2400 3557 είς
2434 3496 2494 3548 τὸ
2526 3494 2637 3567 πῦρ
2669 3497 2866 3550 ἐνιέναι
2899 3497 2978 3567 τῷ
3007 3497 3406 3569 θυσιαστηρίῳ,
3437 3499 3533 3568 οὐχ
3561 3498 3642 3550 ἵνα
3667 3497 3752 3564 τὴν

2189 3584 2285 3637 τοῦ
2322 3585 2653 3655 κεκληκότος
2695 3587 2894 3649 αὐτοὺς
2943 3587 3304 3658 παραλύσωσι
3335 3589 3514 3654 δόξαν,
3544 3586 3651 3641 ἀλλ’
3678 3585 3752 3638 ἵνα

2189 3676 2458 3747 τιμῶντες
2482 3683 2592 3741 τοῖς
2616 3679 2919 3749 καθήκουσι
2951 3681 3178 3751 τρόποις
3201 3681 3298 3735 καὶ
3326 3682 3396 3735 τὰ
3423 3682 3521 3752 τῆς
3547 3677 3752 3752 ἱερωσύ-

2192 3785 2288 3838 νης
2317 3769 2489 3840 ἔχοιεν
2513 3769 2668 3842 γέρα.
2689 3773 2752 3824 Ui
2772 3772 2828 3824 δὲ
2852 3771 2914 3842 δὴ
2937 3771 3046 3824 τῶν
3071 3775 3215 3828 οὕτω
3237 3773 3452 3826 sema»:
3469 3772 3530 3826 οὐ
3552 3782 3751 3841 πεφρσνέ

2190 3857 2405 3919 τικότες
2423 3861 2876 3930 σπουδασμάτων,
2899 3863 3035 3932 μήτε
3065 3864 3173 3932 μὴν
3189 3862 3330 3916 αἰδοῖ
3349 3864 3447 3934 τῆς
3471 3860 3751 3932 ἱερουργίας

2191 3949 2552 4016 προσκρούειν
2597 3950 2714 4022 Θεῷ
2763 3953 3222 4024 παραιτούμενοι,
3273 3953 3500 4016 δικαίως
3556 3953 3619 4007 ἂν
3665 3949 3749 4021 ἤδη

2191 4037 2837 4113 κολάζοιντο.¹Ἐγκλημα
2891 4046 2998 4115 γὰρ
3045 4047 3106 4098 οὐ
3160 4047 3356 4118 μικρὸν
3407 4047 3492 4118 εῐη
3541 4045 3624 4108 ἂνξ
3669 4043 3749 4095 καί

2195 4129 2340 4200 μάλα
2385 4133 2627 4200 εἰκότως,
2665 4136 2724 4188 τὺ
2777 4138 3046 4191 ποιεῖσθαι
3100 4142 3231 4210 παρ’
3259 4141 3417 4194 οὐδὲν
3462 4139 3567 4192 τῶν
3616 4132 3746 4202 παρὰ

2190 4221 2326 4274 Θεοῦ
2354 4223 2743 4296 δεδωρημένων
2783 4230 2882 4301 τὴν
2921 4229 3156 4301 μέθεξιν,
3189 4231 3542 4285 ἀποσείεσθαι
3577 4247 3630 4282 τε
3669 4229 3746 4280 καὶ

2190 4313 2311 4366 λίαν
2356 4315 2597 4379 ἀϐούλως
2637 4317 2735 4381 τὰς
2765 4323 2894 4392 παρ’
2925 4323 3089 4376 αὐτοῦ
3124 4325 3308 4394 τιμάς,
3346 4325 3456 4378 Καὶ
3483 4322 3604 4392 γοῦν
3628 4318 3742 4373 ὼνό·

2195 4405 2396 4473 μασταί
2445 4423 2505 4458 τε
2565 4408 2752 4477 γήῖνός
2797 4427 2856 4463 τε
2922 4415 3016 4465 καὶ
3081 4414 3307 4485 βέϐηλος
3363 4418 3392 4469 ὁ
3434 4413 3626 4477 Ἡσαῦ,
3677 4411 3743 4464 ὅτι

2195 4496 2451 4566 βρώσεως
2533 4503 2659 4568 μιᾶς
2723 4503 2952 4558 ἀπέδοτο
3009 4507 3077 4560 τὰ
3145 4509 3491 4578 πρωτοτόκια
3554 4505 3740 4560 ἑαυτοῦ.

517 4569 808 4621 Sciendum
828 4565 1174 4622 llehrworum
1205 4571 1494 4625 editionem
1524 4574 1686 4626 alium
1715 4590 1933 4629 sensum
1961 4579 2082 4631 red-

2193 4589 2396 4642 υύκοῦν
2429 4592 2555 4644 ὅταν
2586 4592 2764 4662 λέγει,
2808 4615 2824 4646 ι
2857 4599 2970 4651 Οὐκ
3000 4601 3231 4667 ἁνάψετε
3274 4601 3334 4652 τὸ
3383 4598 3743 4669 θυσιαστήριέν

513 4661 662 4720 dere,
703 4657 808 4709 alio
848 4659 1134 4712 verborum
1161 4670 1438 4716 contextu.
1483 4662 1658 4734 lnquit
1685 4667 1830 4720 enim
1858 4685 1872 4722 :
1905 4669 2012 4723 Vos
2035 4677 2089 4723 et

509 4747 677 4818 329
707 4747 900 4803 Levita:
929 4757 980 4803 et
1020 4752 1332 4807 sacerdotes
1356 4755 1444 4824 qui
1478 4765 1778 4811 extremum
1804 4759 1858 4812 in
1893 4761 2092 4830 templo

513 4843 684 4895 locum
715 4841 984 4908 obtinent,
1013 4858 1044 4896 a
1080 4845 1230 4899 vobis
1249 4848 1550 4913 constituti,
1578 4859 1632 4902 ut
1657 4849 1794 4905 ostia
1819 4851 2089 4920 claudant,

510 4948 614 4986 non
644 4934 957 4988 accendetis
981 4934 1154 4989 altare
1215 4951 1391 4991 meum
1445 4931 1636 5007 gratis,
1691 4941 1796 4996 hoc
1819 4955 1922 5008 est,
1976 4945 2096 5000 sine

509 5024 758 5078 mercede
792 5041 896 5080 non
941 5026 1184 5090 servitis,
1218 5028 1332 5083 sive
1363 5032 1664 5086 sacerdotio
1695 5049 1800 5088 non
1839 5034 2090 5106 fuligimi-

510 5117 586 5178 ni,
621 5131 743 5169 cum
781 5118 1010 5186 p0pulus
1029 5117 1292 5182 decimas,
1316 5128 1371 5174 et
1402 5121 1688 5190 primitias,
1715 5132 1770 5178 et
1791 5125 1928 5180 dona
1961 5143 2088 5196 gra-

507 5207 704 5262 tiarum
737 5209 938 5262 actoria
973 5209 1126 5264 vobis
1147 5209 1356 5266 oﬂerat.
1384 5211 1645 5278 Quoniam
1673 5231 1802 5286 ergo
1827 5219 2003 5274 divina
2032 5221 2085 5275 in

504 5297 744 5353 minimis
776 5303 1119 5368 numerastis,
1148 5313 1200 5358 et
1228 5304 1434 5373 potiora
1468 5320 1531 5361 ac
1585 5311 1954 5376 praevertenda
1982 5328 2084 5367 non

509 5389 761 5456 curastis,

2189 4695 2289 4748 μου
2335 4679 2563 4751 δωρεὰν,
2599 4700 2616 4735 ι
2667 4685 2914 4754 βούλεται
2963 4689 3173 4757 δηλοῦν,
3205 4691 3281 4755 ὡς
3327 4693 3427 4746 οὐκ
3473 4693 3742 4762 ἀγέραστον

2192 4771 2292 4841 μὲν
2325 4774 2357 4841 ἡ
2391 4773 2659 4845 ἱερωσύνη
2684 4793 2696 4804 ·
2744 4778 2882 4848 πλὴν
2921 4780 3040 4833 οὐδὲ
3069 4781 3171 4844 ἔξω
3199 4781 3372 4854 δίκης,
3401 4784 3450 4835 εί
3487 4783 3559 4853 μὴ
3602 4795 3744 4850 προσ·

2191 4863 2415 4934 φέροιτό
2451 4882 2532 4930 τις
2561 4869 2720 4940 αὐτῇ,
2755 4871 2877 4924 καθ’
2904 4871 2962 4924 ὃν
2988 4870 3052 4924 ἂν
3081 4875 3346 4945 προσήκοι
3376 4875 3576 4946 τρόπον
3595 4887 3647 4925 τε
3671 4870 3747 4922 καὶ

2192 4953 2370 5021 λόγον.
2389 4957 2583 5011 Ἰστέον
2615 4959 2670 5013 δὲ
2699 4962 2780 5014 ὅτι
2820 4964 2852 5032 ἡ
2883 4964 2989 5016 τῶν
3028 4965 3293 5036 Ἑϐραίων
3322 4967 3532 5030 ἐκδοσις
3577 4959 3748 5035 ἑτέραν

2193 5045 2306 5115 ἔχει
2341 5048 2438 5118 τὴν
2483 5051 2590 5103 τῶν
2622 5054 2912 5122 νοημάτων
2957 5055 3238 5118 ἀπόδοσιν,
3269 5059 3362 5110 καὶ
3389 5058 3558 5128 αὐτὴν
3589 5057 3640 5108 δὲ
3666 5055 3748 5119 τὴν

2190 5140 2289 5208 τῆς
2334 5137 2532 5204 λέξεως
2582 5143 3030 5216 συνθήκην-Ἔφη
3077 5145 3206 5216 γὰρ.
3264 5149 3344 5200 ὅτι
3385 5147 3571 5217 Ὑμεῖς
3612 5159 3664 5197 τε
3706 5141 3747 5192 οἱ

2191 5229 2438 5293 Λευῖται,
2475 5231 2570 5284 καὶ
2605 5234 2711 5303 μὴν
2739 5235 2836 5286 καὶ
2861 5236 2909 5287 οί
2940 5237 3124 5312 ἱερεῖς,
3148 5239 3198 5290 ot
3227 5239 3324 5308 τὴν
3355 5238 3589 5308 ἐσχάτην
3614 5238 3666 5286 ὲν
3685 5231 3749 5298 τῷ

2191 5319 2302 5388 ναῷ
2339 5321 2488 5385 τάξιν
2519 5319 2750 5388 ἔχοντες,
2779 5326 3100 5394 τεταγμένοι
3133 5343 3192 5378 τε
3223 5328 3358 5397 πρὸς
3390 5327 3543 5397 ὑμῶν
3585 5325 3658 5383 εἰς
3699 5320 3748 5370 τδ

2192 5409 2392 5463 κλείειν
2420 5412 2518 5474 τὰς
2560 5411 2751 5483 θύρας,
2786 5415 2885 5468 οὐκ
2911 5418 3144 5486 ἀνάψετε
3177 5419 3238 5471 τὸ
3259 5415 3636 5488 θυσιαστήριόν
3661 5426 3746 5482 μου

505 5475 1045 5579 δωρεὰνηουτέστιν,
1064 5487 1162 5539 οὐκ
1177 5488 1368 5558 ἀμισθὶ
1382 5491 1620 5544 ποιεῖσθε
1638 5494 1735 5562 τὴν
1753 5494 2020 5561 δουλείαν,
2035 5498 2204 5567 ἤγουν
2221 5503 2284 5568 ti;
2290 5518 2318 5552 ν
2337 5503 2658 5573 ἱεριιισύνην,
2686 5509 3071 5578 προσαγόντων
3091 5513 3221 5579 ἡμῖν
3240 5511 3346 5564 τῶν
3361 5475 3643 5564 λαῶν’δεκά
3653 5509 3744 5561 .ας.

507 5570 782 5642 ἀπαρχὰς,
801 5576 1215 5649 εὐχαριστήρια.
1233 5584 1372 5636 Ἀνθ“
1387 5586 1509 5639 ὅτου
1525 5588 1588 5657 δὴ
1601 5584 1692 5640 οὖν
1705 5592 2084 5662 κατημέληται
2103 5595 2170 5647 τὰ
2186 5595 2281 5648 τοῦ
2297 5597 2428 5651 Ges-3
2442 5639 2455 5658 ,
2474 5602 2563 5652 καὶ
2580 5602 2680 5654 οὐκ
2692 5605 2747 5656 ἐν
2767 5605 3007 5674 φροντίδι
3023 5607 3210 5676 γέγονε
3228 5611 3290 5679 τῇ
3309 5607 3739 5677 προύργιαιτατη,

573 5721 622 5761 ’⁸
649 5728 749 5784 lsa.
785 5731 1042 5800 1111,22;
1075 5732 1174 5790 Job
1200 5752 1296 5803 ιιι.
1325 5738 1413 5793 ﬂ.
1493 5743 1533 5772 ⁷⁸
1571 5741 1707 5797 Osco
1739 5760 1819 5806 Ill,
1863 5747 1914 5800 ι.
1989 5749 2034 5779 τ’
2074 5749 2091 5803 l

2196 5766 2239 5806 r.
2275 5769 2372 5822 xu,
2406 5757 2490 5812 l6.
