4026 6276
255 294 359 352 297

1077 291 1630 350 COMMENTARIUS
1670 294 1734 349 IN.
1781 293 2183 352 MALACHIAM
2227 292 2674 352 PROPHETAM.

3403 279 3512 359 ἱνα

313 409 435 464 οὐκ
484 405 615 460 ἐστι
650 424 767 476 μου
802 406 1030 474 θέλημα
1073 407 1142 460 ἐν
1191 407 1352 476 ὑμῖν,
1397 411 1558 479 λέγει
1608 413 1854 478 Κύριοςη

1997 405 2163 464 Vens.
2220 409 2308 464 Η.
2354 408 2477 462 Non
2505 419 2581 462 est
2621 409 2750 461 mihi
2795 407 3032 463 voluntas
3079 411 3130 462 in
3182 411 3339 476 vobis,
3380 412 3509 467 dicit

246 498 682 568 παντοκράτωρ,
711 498 809 551 καὶ
836 499 1058 552 θυσίαν
1086 501 1158 553 οὐ
1189 500 1592 570 προσδέξομαι
1615 503 1681 556 ἐκ
1703 503 1823 555 τῶν

244 590 456 663 χειρῶν
487 588 674 660 ὑμῶν.
714 590 866 642 Διότι
893 590 1010 643 ἀπὸ
1039 590 1354 644 ἀνατολῶν
1381 593 1560 660 ἡλίου
1592 593 1687 645 καὶ
1713 593 1823 656 ἕως

246 680 490 750 δυσμῶν
519 680 582 733 τὸ
616 679 806 749 ὄνομά
825 698 944 748 μου
971 681 1329 746 δεδόξασται
1353 684 1420 736 ἐν
1447 683 1570 749 τοῖς
1598 684 1820 747 ἔθνεσι,

246 776 337 829 καὶ
363 775 434 828 ἐν
469 773 647 826 παντὶ
684 774 844 840 τόπῳ
877 775 1137 842 θυμίαμα
1174 773 1534 842 προσάγεται
1578 773 1657 839 τῷ
1695 776 1826 827 6rd-

241 869 378 935 ματί
395 883 537 935 μου,
567 864 664 918 καί
692 865 874 918 θυσία
900 865 1132 933 καθαρά
1154 883 1164 894 ·
1201 864 1349 917 διότι
1373 865 1525 935 μέγα
1550 865 1614 917 τὸ
1641 864 1828 934 ὄνομά

243 977 354 1028 μου
382 957 453 1010 ἐν
491 957 613 1020 τοῖς
637 957 860 1015 ἔθνεσι,
897 956 1056 1024 λέγει
1091 957 1306 1022 Κύριος
1339 955 1783 1024 παντοκράτωρ.

313 1049 412 1102 ΙΒ¹.
465 1049 800 1115 Ἀποφάσκει
830 1046 1014 1100 λοιπὸν
1061 1049 1306 1120 ἐναργῶς
1351 1050 1448 1120 τῆς
1493 1049 1634 1102 κατά
1664 1049 1826 1120 νόμον

247 1140 496 1210 λατρείας
540 1139 637 1210 τὴν
689 1140 1074 1212 προσαγωγὴν,
1115 1141 1396 1211 μονονουχὶ
1447 1140 1504 1192 δὲ
1551 1140 1645 1194 καὶ
1692 1141 1827 1192 ἀπο-

220 1231 403 1300 ’φοιτᾷ
452 1230 550 1300 τῆς
605 1230 684 1292 είς
725 1229 1011 1292 Ἰουδαίους
1059 1229 1308 1300 ἀγάπης,
1364 1229 1460 1282 καὶ
1510 1231 1826 1301 ἀνεθέλητον

250 1323 476 1374 ποιεῖται
515 1321 614 1390 τὴν
646 1321 966 1391 ἱερωσύνην,
992 1322 1086 1373 καὶ
1115 1322 1490 1391 ἀπαράδεκτον
1518 1321 1617 1392 τὴν
1648 1322 1825 1388 σκιὰν,

251 1410 534 1479 βουθυσίας
567 1411 628 1480 δὴ
661 1411 804 1478 λέγω
853 1412 948 1464 καὶ
984 1412 1244 1474 καπνοὺς,
1272 1413 1352 1464 ὅτι
1387 1414 1523 1482 μήτε
1553 1413 1609 1464 ἐν
1638 1413 1830 1483 ἀρχαῖς

247 1499 395 1566 οὗτος
435 1499 504 1573 ἦν
552 1504 579 1554 ὁ
626 1504 823 1565 σκοπὸς
865 1502 1048 1556 αὑτοῦ.
1084 1505 1195 1556 Καὶ
1227 1504 1335 1574 μὴν
1365 1505 1458 1556 καὶ
1491 1504 1650 1556 τοῦτο
1696 1508 1828 1574 ἡμῖν

249 1595 476 1664 ἐναργὲς
521 1595 612 1647 καὶ
662 1595 728 1647 δι’
758 1595 960 1662 ἐτέρων
1009 1594 1302 1666 προφητῶν
1355 1597 1607 1661 ἐποιεῖτο,
1656 1595 1829 1664 λέγων

247 1686 332 1737 διὰ
372 1685 472 1753 μὲν
499 1685 682 1753 φωνῆς
722 1685 940 1738 Ἡσαΐου
972 1700 983 1713 ·
1023 1705 1040 1736 ι
1071 1685 1292 1756 Πλήρης
1317 1687 1430 1754 εἰμὶ
1453 1687 1833 1756 ὁλοκαυτωμά-

247 1793 350 1829 των
384 1776 580 1846 κριῶν,
607 1779 702 1827 καὶ
750 1776 916 1847 στέαρ
946 1776 1144 1847 ἀρνῶν,
1181 1777 1276 1830 καὶ
1304 1773 1441 1848 αἷμα
1471 1779 1705 1849 ταύρων,
1738 1779 1832 1832 καὶ

246 1869 461 1936 τράγων
490 1867 550 1918 οὐ
585 1866 843 1936 βούλομαι
864 1878 880 1895 ⁸
931 1867 1038 1919 οὐδ’
1070 1865 1134 1920 ἂν
1180 1866 1413 1938 ἔρχησθε
1444 1867 1674 1937 ὀφθῆναί
1722 1885 1830 1937 μοι.

248 1959 340 2021 Τίς
392 1959 503 2029 γὰρ
552 1957 846 2028 tests-.1155
893 1958 1067 2010 ταῦτα
1113 1959 1178 2011 ἐκ
1228 1959 1336 2011 τῶν
1389 1957 1584 2030 χειρῶν
1637 1959 1832 2028 ὑμῶνς

248 2051 446 2102 Πατεῖν
481 2049 584 2118 τὴν
611 2047 780 2118 αὐλήν
817 2065 916 2118 μου
952 2048 1013 2100 οὐ
1047 2047 1441 2120 προσθήσεσθε.
1463 2050 1586 2103 Ἐὰν
1632 2052 1833 2120 φέρητε

249 2138 554 2207 σεμίδαλιν,
592 2138 817 2206 μάταιον
844 2153 857 2166 ·
889 2135 1139 2210 θυμίαμα
1187 2136 1462 2210 βδέλυγμά
1513 2139 1601 2208 μοί
1643 2140 1777 2192 ἐστι.
1811 2156 1829 2189 ›

247 2231 346 2282 Διά
371 2231 428 2283 δέ
457 2246 522 2297 γε
557 2229 657 2298 τῆς
696 2228 962 2298 Ἰερεμίου
995 2208 1209 2297 φωνῆς’
1253 2249 1270 2279 ι
1303 2208 1838 2300 Τὰδλοκαυτὼματα

247 2321 406 2391 ὑμῶν
427 2321 763 2389 συναγάγετε
791 2321 927 2386 μετά
955 2319 1062 2394 τῷν
1090 2319 1289 2373 θυσιῶν
1321 2321 1494 2392 ὑμῶν.
1519 2321 1610 2374 καὶ
1636 2322 1837 2391 φάγετε

245 2412 315 2464 τὰ
348 2412 506 2481 κρέα,
538 2411 617 2464 ὅτι
650 2412 751 2464 οὐκ
791 2411 1031 2480 ἐλάλησα
1067 2411 1202 2480 πρὸς
1229 2411 1354 2474 τοὺς
1396 2412 1638 2481 πατέρας
1685 2412 1838 2484 ὑμῶν

247 2504 379 2574 περὶ
405 2504 880 2574 ὁλοκαυτωμάτων
905 2505 998 2558 καὶ
1027 2502 1249 2569 θυσιῶν,
1269 2503 1324 2557 ἐν
1424 2503 1605 2575 ἡμέρᾳ
1633 2506 1837 2573 ἀνήγα-

243 2612 344 2668 γον
394 2595 593 2662 αὐτοὺς
636 2598 700 2652 ἐκ
745 2595 848 2669 γῆς
895 2597 1192 2666 Αἰγύπτου.
1231 2617 1249 2648 ι
1305 2597 1688 2658 ’Υποτύπωσις
1731 2596 1840 2666 γὰρ

242 2691 462 2762 ὥσπερ,
500 2691 596 2745 καὶ
630 2689 1086 2761 προαναφώνησις
1123 2689 1220 2759 τῆς
1251 2690 1308 2742 ἐν
1337 2687 1609 2758 πνεύματί
1657 2705 1716 2740 τε
1747 2689 1842 2741 καὶ

242 2783 490 2854 ἀληθοῦς
512 2783 768 2853 λατρείας
795 2785 822 2835 ό
848 2782 1010 2851 νόμος
1037 2777 1123 2850 ἦν,
1163 2798 1180 2830 ι
1212 2781 1304 2832 καὶ
1332 2778 1675 2848 δικαιώματα
1708 2795 1840 2849 σαρ-

244 2877 362 2938 κδς,
425 2875 502 2936 ὡς
551 2871 836 2934 θεσπέσιος
871 2873 1081 2942 ’γράφει
1130 2869 1379 2932 Παῦλος,
1436 2869 1597 2939 μέχρι
1648 2867 1840 2939 καιροῦ

238 2963 594 3035 διορθώσεως
627 2962 968 3031 ἐπικείμενα.
1005 2979 1021 3010 ι
1065 2961 1124 3012 ὐ
1170 2960 1227 3012 δέ
1279 2976 1342 3027 γε
1395 2959 1494 3028 τῆς
1531 2957 1840 3028 ἐπανορθώ-

238 3075 389 3118 σεως
443 3055 634 3126 καιρὸς
669 3055 755 3124 εἴη
786 3054 849 3107 ἂν
879 3055 978 3122 οὐχ
1005 3052 1213 3122 ἕτερος,
1243 3048 1419 3120 οἶμαι,
1455 3052 1536 3112 τὶς
1567 3049 1716 3120 παρὰ
1744 3049 1842 3118 τὴν

230 3149 335 3203 τοῦ
377 3149 635 3216 Σωτῆρος
665 3145 821 3215 ἡμῶν
855 3145 1171 3214 ἐπιδημίαν,
1206 3143 1295 3195 ὅτε
1332 3141 1424 3195 καὶ
1455 3142 1487 3211 ἡ
1518 3139 1712 3211 πρώτη
1743 3140 1844 3210 μὲν

229 3240 496 3300 διάθεσις
521 3236 608 3289 διὰ
632 3235 712 3298 τὸ,
738 3235 798 3287 τὸ
832 3235 1123 3304 ἄμεμπτον
1155 3233 1256 3284 οὑκ
1286 3231 1451 3300 ἔχειν,
1482 3227 1844 3298 ἀφανισθῆναι

225 3331 479 3398 λέγεται
502 3347 514 3359 ⁸
556 3325 869 3394 ὲπαλαιώθη
897 3325 1026 3397 γάρ·
1061 3327 1160 3394 τῆς
1190 3339 1252 3390 γε
1286 3321 1391 3393 μὴν
1425 3321 1550 3383 νέας
1598 3320 1690 3373 καὶ
1730 3319 1848 3370 δευ-

221 3423 294 3475 τέ
301 3439 418 3492 ρας
452 3418 686 3490 senessi;
714 3419 898 3480 τόπος,
931 3417 965 3486 ἢ
999 3417 1093 3467 καὶ
1140 3413 1338 3476 παντὸς
1367 3412 1624 3464 ἐπέκεινα
1655 3409 1845 3480 μώμου

215 3532 286 3567 τε
347 3511 461 3564 καὶ
506 3511 682 3570 αἰτίας
721 3509 856 3560 ἐστί.
890 3507 1170 3576 Λελάληκε
1202 3506 1307 3575 γὰρ
1341 3503 1406 3556 δι’
1442 3503 1630 3571 αὐτῆς,
1665 3501 1721 3564 ὃς
1755 3498 1847 3552 καὶ

227 3624 247 3656 ι
284 3602 566 3674 μεγάλης
604 3599 796 3668 βουλῆς
826 3599 1089 3666 Ἀγγελος
1125 3617 1142 3650 ›
1192 3597 1528 3666 ὠνόμασται.
1558 3593 1846 3662 Τοιγάρτοι

212 3696 330 3750 καὶ
365 3695 655 3761 ἔφασκεν·
698 3707 717 3739 ι
742 3688 858 3740 Ἀπ’
890 3685 1132 3758 ἐμαυτοῦ
1160 3686 1220 3738 οὐ
1253 3685 1419 3748 λαλῶ,
1445 3683 1559 3736 ἀλλ’
1577 3685 1605 3734 ὁ
1626 3681 1846 3751 πέμψας

210 3806 294 3858 με
335 3783 579 3854 Πατὴρ,
614 3781 774 3844 αὐτός
803 3797 893 3850 μοι
923 3779 1140 3849 ἐντολὴν
1164 3779 1384 3843 δέδωκε,
1407 3777 1459 3829 τί
1488 3775 1646 3840 εἴπω,
1681 3777 1772 3827 καὶ
1796 3772 1847 3825 τί

203 3879 503 3948 λαλήσω.
543 3893 562 3925 ι
597 3875 742 3942 Ἔφη
784 3873 964 3924 τοίνυν
998 3870 1243 3939 ἐναργῶς
1277 3872 1387 3932 τοῖς
1418 3869 1556 3922 κατά
1584 3868 1745 3936 νόμον
1781 3867 1849 3918 ἱε-

206 3968 609 4041 ρατεύουσιν,
639 3963 714 4024 ὼς
752 3954 1063 4031 ἀνεθέλητοί
1091 3962 1148 4014 τέ
1177 3964 1312 4014 εἰσιν
1336 3959 1504 4030 αὐτῷ,
1545 3959 1743 4030 μᾶλλον
1767 3957 1844 4019 δὲ,

198 4061 292 4122 ὡς
329 4060 405 4111 ἐν
447 4055 642 4114 αὐτοῖς
668 4053 768 4105 οὐκ
799 4052 911 4122 ἔχει
941 4051 1243 4120 θελήματα,
1270 4051 1328 4102 ἐν
1367 4051 1496 4120 σκιᾷ
1522 4049 1619 4100 καὶ
1657 4046 1847 4107 τύποις

199 4147 534 4220 πληροῦσι
579 4144 788 4208 θυσίας,
819 4143 915 4196 καὶ
962 4142 1038 4206 ὡς
1075 4143 1174 4195 οὐκ
1217 4140 1280 4194 ἂν
1326 4139 1677 4209 προσδέξαιτο
1708 4136 1849 4207 παρ’

195 4241 422 4295 αὐτῶν
462 4238 541 4289 τὰ
579 4234 1025 4304 ἱερουργούμενα.
1055 4234 1421 4304 Προαγορεύει
1470 4232 1528 4284 δὲ
1572 4231 1651 4284 ὃτι
1708 4231 1848 4300 μέγα

193 4333 310 4384 καὶ
365 4325 672 4394 ἐπιφανὲς
714 4322 863 4376 ἔσται
903 4322 964 4374 τὸ
997 4321 1167 4390 ὄνομα
1196 4321 1361 4374 αὑτοῦ
1396 4319 1548 4391 παρὰ
1595 4322 1708 4382 τοῖς
1746 4317 1850 4371 ἀνὰ

1924 497 2180 553 Dominus
2222 500 2566 566 omnipotens,
2605 509 2652 552 et
2685 500 3007 566 sacri/icium
3062 515 3162 553 non
3213 501 3511 569 suscipiam

1924 606 1987 644 ea:
2044 590 2286 643 manibus
2329 591 2534 644 vestris.
2569 590 2705 655 Quia
2749 591 2813 643 ab
2870 600 2988 644 ortu
3044 591 3169 643 solis
3234 608 3394 661 usque
3443 593 3511 646 ad

1926 698 2164 734 occasum
2202 690 2384 734 nom'en
2427 697 2598 734 meum
2645 680 2999 750 gloriﬁcatum
3033 691 3104 733 est
3142 681 3193 734 in
3241 683 3505 750 gentibus,

1926 783 1971 826 et
2022 773 2076 824 in
2121 773 2262 824 omni
2313 772 2424 823 loco
2462 775 2734 824 incensum
2797 771 3018 838 offertur
3045 773 3246 824 nomini
3299 789 3430 838 meo,
3461 785 3510 826 et

1928 862 2248 930 sacriﬁcium
2313 865 2610 927 mundum;
2647 865 2767 934 quia
2814 877 3059 932 magnum
3115 879 3300 916 nomen
3342 879 3512 917 meum

1928 952 1980 1007 in
2028 953 2262 1021 gentibus
2290 992 2306 1019 ,
2332 955 2457 1006 dicit
2508 954 2761 1007 Dominus
2792 955 3146 1022 omnipotens.

2001 1043 2112 1098 XII.
2152 1044 2407 1112 Deinceps
2456 1043 2779 1098 oblationem
2831 1044 2989 1111 juxta
3022 1047 3226 1098 cultum
3274 1041 3504 1113 legalem

1930 1135 2212 1188 manifeste
2244 1135 2508 1202 repudiat,
2534 1143 2588 1188 et
2617 1137 3002 1204 propemodum
3031 1150 3059 1187 a
3090 1136 3359 1190 charitute
3386 1139 3515 1205 erga

1929 1226 2141 1279 Juda‘os
2169 1224 2413 1287 discedit,
2443 1235 2496 1278 et
2522 1225 2819 1280 sacerdotio
2854 1225 3139 1290 abhorret,
3171 1237 3225 1280 et
3266 1229 3514 1282 umbram

1932 1333 2034 1372 non
2056 1317 2314 1380 admittit,
2340 1316 2913 1386 boumjtmnolationes
2937 1327 2992 1372 et
3014 1319 3245 1384 nidores,
3273 1321 3514 1387 inquam,

1930 1410 2184 1477 quoniam
2215 1422 2388 1476 neque
2425 1423 2452 1460 a
2487 1409 2750 1476 principio
2799 1409 2885 1462 hic
2940 1410 3012 1463 illi
3060 1425 3276 1476 scopus.
3338 1416 3516 1481 Atque

1933 1501 2074 1552 istud
2102 1499 2260 1552 nobis
2283 1499 2444 1550 etiam
2475 1514 2572 1568 per
2597 1501 2729 1554 alios
2758 1501 3044 1569 prophetas
3073 1502 3383 1559 declaravit.
3416 1504 3517 1558 Per

1937 1589 2130 1643 lsaiam
2169 1591 2385 1657 quidem
2417 1608 2430 1644 :
2473 1609 2491 1641 ι
2529 1591 2721 1648 Plenus
2747 1608 2864 1646 sum
2903 1594 3232 1648 holocaustis
3262 1595 3513 1659 arietum,

1934 1691 1988 1736 et
2021 1682 2232 1751 adipem
2275 1696 2570 1752 agnorum,
2642 1693 2693 1737 et
2749 1687 3062 1754 sanguinem
3142 1697 3415 1740 taurorum
3466 1699 3520 1743 et

1869 1754 1914 1815 Β
1941 1773 2213 1827 hircorum
2253 1776 2407 1829 nolo:
2435 1789 2608 1843 neque
2633 1777 2890 1829 veneritis
2925 1791 3184 1845 apparere
3212 1779 3358 1832 mihi.
3388 1779 3518 1844 Quis

1936 1866 2080 1919 enim
2132 1868 2379 1936 quasivit
2438 1867 2552 1920 haec
2604 1869 2668 1920 de
2709 1868 2958 1921 manibus
3023 1869 3254 1923 vestris?
3291 1871 3517 1926 Calcare

1937 1958 2134 2010 atriutn
2171 1973 2349 2010 meum
2385 1973 2488 2011 non
2529 1959 2833 2026 apponetis.
2855 1957 2910 2012 Si
2930 1959 3232 2015 ohtuleritis
3251 1961 3516 2030 siliginem

1940 2063 2134 2101 vanum
2169 2063 2182 2099 :
2218 2049 2499 2102 incensum
2525 2048 2858 2102 abominatio
2891 2059 2974 2103 est
3002 2050 3132 2103 mihi
3166 2049 3233 2105 ".
3258 2070 3277 2103 ›
3307 2051 3406 2105 Per
3435 2051 3520 2105 Je-

1940 2141 2164 2192 remiam
2204 2151 2380 2193 autem
2419 2158 2431 2192 ς
2464 2158 2481 2191 ι
2511 2139 2949 2194 llolocautontata
2994 2151 3172 2196 vestra
3200 2157 3523 2215 congregata

1941 2247 2063 2286 cum
2107 2231 2394 2286 sacriﬁciis
2423 2232 2638 2297 vestris,
2659 2243 2710 2286 et
2736 2233 3005 2287 comedite
3026 2250 3235 2300 carnes,
3270 2237 3394 2306 quia
3417 2253 3520 2290 non

1942 2336 2060 2375 sum
2088 2321 2300 2376 locutus
2337 2323 2402 2376 ad
2438 2333 2616 2390 patres
2644 2332 2870 2387 vestros,
2903 2308 2978 2376 ἐι
3007 2339 3109 2378 non
3141 2331 3365 2397 praecepi
3419 2331 3520 2393 eis,

1943 2414 1994 2466 in
2024 2425 2128 2480 qua
2179 2411 2264 2465 die
2289 2411 2450 2466 eduxi
2483 2426 2576 2466 eos
2618 2416 2683 2466 de
2711 2423 2853 2467 terra
2889 2411 3104 2483 Egypti
3129 2456 3141 2479 ,
3175 2415 3240 2468 de
3270 2419 3492 2472 holocau
3514 2454 3526 2460 -

1944 2503 2233 2556 tomatihus
2257 2512 2310 2557 et
2327 2504 2559 2557 victimis
2580 2502 2645 2558 ⁷⁵.
2673 2521 2692 2553 ι
2720 2505 2884 2570 Quasi
2917 2505 3160 2573 qundam
3194 2507 3522 2573 informatio,

1941 2608 1994 2651 et
2016 2597 2375 2668 promulgatio
2402 2600 2713 2666 praecedens
2744 2598 3041 2668 spiritualis
3068 2602 3290 2670 verique
3344 2605 3521 2658 cultus

1946 2689 2030 2744 lex
2063 2697 2202 2753 erat,
2239 2708 2256 2740 ι
2281 2698 2335 2743 et
2361 2689 2583 2756 iustitiae
2613 2693 2811 2757 carnis,
2847 2699 2901 2744 ut
2925 2691 3113 2745 scribit
3138 2693 3352 2748 divinus
3386 2695 3523 2749 Pan-

1945 2780 2048 2846 lus,
2074 2795 2246 2850 usque
2272 2781 2338 2833 ad
2376 2791 2582 2849 tempus
2612 2782 2964 2836 correctionis
3000 2783 3265 2852 imposita:
3289 2784 3388 2838 ⁷⁵.»
3419 2788 3529 2842 δρα

1945 2871 2298 2926 correctionis
2340 2880 2551 2940 tempus
2610 2872 2754 2926 aliud
2814 2873 3009 2937 fuerit,
3050 2875 3275 2943 opinor,
3335 2888 3530 2945 pruater

1947 2960 2235 3012 adventum
2302 2959 2598 3014 Salvatoris
2637 2963 2828 3026 nostri,
2869 2963 3086 3030 quando
3132 2975 3186 3018 et
3215 2967 3366 3035 prius
3403 2967 3529 3019 illud

1872 3090 1913 3146 C
1948 3058 2350 3113 testamentum,
2391 3051 2516 3119 quia
2571 3051 2724 3120 culpa
2793 3068 2902 3106 non
2969 3066 3208 3120 vacaret,
3265 3058 3528 3115 abolitum

1951 3143 2170 3196 dicitur.
2203 3141 2525 3196 lnveteravit
2552 3182 2566 3207 ,
2592 3152 2643 3197 et
2670 3145 2793 3197 novi
2823 3159 2886 3198 ac
2918 3147 3138 3200 secundi
3169 3148 3426 3215 quaesitus
3456 3152 3532 3204 lo-

1951 3249 2068 3300 cus,
2111 3235 2166 3288 in
2206 3234 2347 3303 quod
2376 3233 2519 3287 nulla
2555 3235 2924 3303 reprehensio,
2973 3237 3125 3307 culpa
3171 3240 3313 3292 nulla
3366 3242 3528 3294 cadit.

1955 3323 2059 3380 Per
2098 3326 2148 3380 id
2181 3325 2324 3380 enim
2351 3328 2516 3380 verba
2547 3326 2693 3392 fecit,
2725 3328 2817 3394 qui
2867 3328 3030 3382 etiam
3067 3347 3085 3380 ι
3108 3335 3282 3400 magni
3325 3333 3529 3384 consilii

1949 3417 2228 3487 Angelus»
2264 3417 2436 3472 dictus
2469 3426 2551 3471 est
2579 3417 2648 3470 ⁷⁸.
2701 3416 2867 3488 330
2910 3418 3075 3484 Cujus
3129 3430 3211 3474 est
3258 3430 3312 3475 et
3351 3422 3478 3476 illud
3514 3437 3526 3472 :

1956 3527 1972 3557 ε
1996 3508 2105 3575 Ego
2124 3522 2154 3560 a
2187 3507 2402 3575 meipso
2434 3521 2543 3559 non
2571 3505 2759 3576 loquor
2789 3523 2802 3558 :
2833 3507 2924 3561 sed
2951 3507 3041 3576 qui
3073 3509 3216 3562 misit
3243 3525 3331 3564 me
3349 3510 3529 3574 Pater,

1951 3599 2066 3667 ipse
2106 3597 2418 3650 mandatum
2456 3597 2600 3650 dedit
2636 3597 2765 3650 mihi
2796 3598 2921 3665 quid
2961 3599 3229 3662 dicam,et
3261 3603 3386 3668 quid
3456 3603 3531 3654 lo-

1949 3703 2084 3756 quar
2117 3689 2218 3741 ’⁷.ι
2246 3687 2446 3757 Aperte
2483 3688 2643 3756 igitur
2694 3687 3068 3742 sacerdotibus
3101 3689 3233 3759 legis
3273 3691 3432 3756 dixit,
3475 3711 3532 3746 se

1953 3779 2099 3847 ipsos
2125 3778 2290 3842 nolle,
2319 3779 2401 3832 vel
2461 3780 2637 3847 potius
2679 3793 2736 3833 se
2768 3779 2826 3832 in
2877 3778 3010 3859 ipsis
3046 3780 3373 3835 voluntatem
3427 3801 3531 3838 non

1949 3869 2171 3933 habere,
2212 3871 2264 3923 in
2303 3869 2490 3922 umbra
2519 3884 2713 3938 nempe
2763 3882 2816 3925 et
2849 3871 3036 3941 figuris
3080 3875 3532 3942 sacrificantibus,

1949 3972 2243 4027 eorumque
2275 3972 2430 4012 sacra
2454 3974 2560 4011 non
2586 3968 2983 4028 suscepturum.
3001 3958 3332 4016 Przenuntiat
3352 3978 3530 4020 autem

1952 4049 2065 4103 fore
2101 4065 2353 4118 magnum
2383 4060 2437 4104 et
2467 4052 2671 4104 illustre
2700 4065 2898 4104 nomen
2941 4069 3096 4106 suum
3138 4055 3278 4120 apud
3341 4071 3532 4112 omnes

1952 4147 2064 4194 toto
2092 4140 2222 4194 orbe
2261 4141 2542 4206 mortales,
2583 4149 2637 4194 et
2670 4141 2725 4193 in
2752 4142 2898 4194 omni
2936 4142 3056 4196 loco
3083 4156 3147 4197 ac
3178 4157 3336 4212 gente
3369 4147 3535 4200 sacri-

1954 4232 2130 4286 ticinm
2164 4233 2423 4286 mundum
2452 4242 2507 4285 et
2531 4232 2874 4285 incruentum
2913 4234 3119 4286 nomini
3160 4249 3258 4288 suo
3295 4237 3534 4292 oblatum

1957 4321 2042 4387 iri,
2063 4338 2166 4376 non
2191 4323 2302 4391 jam
2335 4324 2708 4377 sacerdotibus
2737 4323 2844 4377 illis
2868 4326 2985 4394 ejus
3009 4324 3324 4395 dignitatem
3342 4330 3538 4384 obscu-

144 4399 161 4482 ,θ
191 4423 424 4475 πᾶσαν
493 4414 599 4484 τὴν
651 4414 740 4466 ὑπ’
765 4413 1012 4482 οὐρανὸν,
1043 4413 1134 4465 καὶ
1169 4413 1228 4464 ἐν
1278 4411 1440 4464 παντὶ
1487 4410 1635 4480 τόπῳ
1670 4427 1730 4461 τε
1763 4410 1854 4462 καὶ

1964 4413 2225 4476 rantibus,
2268 4427 2446 4480 neque
2509 4411 2782 4466 incuriose
2840 4414 3174 4479 Spiritualem
3226 4417 3431 4472 cultum
3485 4420 3536 4474 ei

146 4499 150 4519 ¹
189 4514 369 4568 ἔθνει
419 4507 636 4562 θυσίαι
670 4505 911 4576 καθαραὶ
954 4504 1048 4556 καὶ
1085 4502 1414 4571 ἀναίμακτοι
1449 4500 1854 4572 προσκομισθή-

188 4621 421 4659 σονται
488 4598 581 4668 τῷ
628 4598 851 4666 ὀνόματι
886 4594 1073 4658 αὐτοῦ,
1111 4594 1662 4662 κατασμικρυνὸντων
1695 4591 1855 4646 αὑτὸν

181 4695 418 4748 οὐκέτι
463 4688 598 4742 τῶν
633 4688 674 4738 is
687 4685 946 4757 ρουργῶν,
978 4683 1098 4737 οὔτε
1138 4683 1240 4754 μὴν
1272 4682 1528 4754 ῥᾳθύμως
1557 4698 1857 4754 προσκομι-

181 4787 445 4850 ζόντων
508 4778 673 4849 αὐτῷ
727 4779 827 4841 τὰς
879 4775 1256 4846 πνευματικὰς
1305 4774 1589 4844 λατρείαςο
1643 4773 1756 4826 ἀλλ’
1800 4775 1856 4826 ἐν

179 4873 441 4942 σπουδῇ
459 4912 476 4931 ,
511 4867 621 4919 καὶ
649 4865 942 4935 ἐπιεικείᾳ,
966 4865 1062 4917 καὶ
1083 4861 1360 4932 ἁγιασμῷ,
1393 4863 1492 4924 τὰς
1518 4862 1626 4915 τῶν
1652 4863 1857 4932 νοητῶν

176 4963 638 5036 θυμιαμάτων
701 4959 926 5020 εὐωδίας
951 4955 1337 5025 “ἀνακομίζειν
1402 4955 1813 5009 ἐσπουδακότων
1841 4996 1854 5019 ,

172 5058 532 5115 τουτέστι,
583 5049 788 5111 πίστιν,
819 5050 1032 5112 ἐλπίδα,
1067 5049 1309 5119 ἀγάπην,
1341 5051 1432 5102 καὶ
1463 5049 1532 5102 τὰ
1578 5051 1635 5117 ἐξ
1685 5052 1859 5122 ἔργων

172 5147 459 5217 ἀγαθῶν
527 5140 837 5210 αὐχήματα
864 5182 876 5204 ,
927 5140 1406 5212 προστεταγμένης
1465 5141 1706 5211 δηλονότι
1763 5143 1860 5211 τῆς

1963 4503 2333 4566 ofierentibus,
2359 4503 2452 4558 sed
2483 4518 2603 4557 cum
2639 4503 2935 4572 diligentia,
2969 4515 3025 4560 et
3053 4508 3312 4574 bonitate,
3343 4520 3396 4564 et
3419 4527 3540 4565 san-

1965 4595 2224 4648 ctimonia
2255 4597 2597 4650 incensorum
2622 4595 2984 4664 spiritualium
3012 4603 3433 4656 suaveolentiam
3464 4603 3540 4656 of-

1964 4688 2108 4742 ferre
2129 4687 2512 4758 satagentibus,
2548 4688 2704 4742 [idem
2743 4690 2966 4755 scilicet,
2995 4709 3166 4760 spem,
3217 4695 3539 4748 charitatem

1963 4789 2017 4832 et
2077 4779 2487 4832 honestamento
2547 4780 2812 4832 bonorum
2849 4797 3094 4852 operum,
3128 4785 3206 4858 ita
3246 4786 3540 4838 constituto

1965 4871 2167 4925 scilicet
2203 4871 2403 4925 Christi
2460 4871 2729 4925 sacriﬁcio
2778 4874 2985 4931 caelesti
3045 4889 3104 4927 ac
3157 4873 3395 4938 viviliro,
3447 4887 3542 4943 per

1963 4965 2105 5033 quod
2165 4966 2436 5018 destructa
2488 4974 2570 5018 est
2613 4979 2800 5031 mors,
2849 4975 2903 5018 et
2952 4981 3075 5019 caro
3126 4967 3225 5020 ista
3283 4975 3494 5028 terrena
3526 5005 3541 5030 ,

1967 5065 2021 5107 et
2095 5054 2427 5121 corruptioni
2502 5054 2732 5108 obnoxia
2810 5055 3270 5125 incormptiouem
3344 5056 3528 5111 indui-

1970 5153 2056 5195 tur
2090 5142 2154 5197 ’⁸.
2325 5153 2330 5158 ”

174 5236 481 5317 Χριστοῦ
553 5230 755 5292 θυσίας
797 5231 895 5300 τῆς
939 5232 1193 5302 οὐρανίου
1225 5234 1319 5285 καὶ
1361 5231 1647 5300 ζωοποιοῦ,
1699 5234 1764 5286 δι’
1795 5231 1864 5305 ἧς
1903 5238 2243 5305 κατήργηται
2314 5233 2561 5299 θάνατος,
2595 5235 2742 5308 καὶὴ
2809 5234 3021 5305 φθαρτή
3049 5235 3114 5308 δὴ
3140 5235 3300 5307 αὑτὴ,
3324 5236 3418 5291 καὶ
3440 5237 3546 5290 ἀπὸ

75 5372 80 5374 .
171 5335 327 5406 γῆς,
378 5325 574 5399 σὰρξ
606 5322 967 5392 ἀμφιέννυται
995 5326 1094 5395 τὴν
1120 5324 1444 5394 ἀφθαρσίαν.

269 5421 542 5495 ογμεῖς
583 5414 658 5469 δὲ
687 5415 1022 5485 ,βεϐηλοῦτε
1060 5418 1205 5472 αὐτὸ
1235 5419 1303 5471 ἐν
1335 5416 1414 5482 τῷ
1440 5417 1641 5489 λέγειν
1666 5416 1819 5489 ὑμᾶς
1842 5437 1856 5449 ⁶

253 5601 316 5636 ⁷³
356 5598 502 5654 lsa.
541 5608 596 5652 ι,
645 5591 834 5645 ιι-ιδ.

171 5691 286 5740 xv,
317 5670 439 5727 55.

913 5591 959 5622 ⁷⁸
985 5590 1184 5646 Jerem.
1216 5608 1315 5659 vn,
1373 5592 1463 5659 2|,
1485 5595 1574 5650 2‘2.

614 5752 892 5814 Ρηιιοι..
940 5751 1055 5813 Gn.
1107 5752 1358 5818 LXXII.

1652 5595 1695 5625 ⁷⁸
1731 5591 1922 5648 llebr.'
1961 5607 2036 5658 ιι,
2084 5592 2166 5647 l0.

2040 5417 2203 5472 Vens.
2240 5415 2322 5469 12.
2370 5412 2470 5467 Vos
2515 5422 2689 5466 autem
2754 5413 3120 5470 contaminatis
3157 5416 3290 5471 illud
3319 5459 3334 5483 ,
3389 5417 3446 5472 in
3486 5435 3549 5473 eo

2266 5591 2310 5622 "
2343 5587 2448 5644 lsa.
2500 5603 2576 5656 lx,
2608 5589 2660 5645 6.
2739 5588 2782 5623 ’⁷
2818 5590 2969 5646 Joan.
3000 5606 3093 5657 χιι,
3121 5595 3208 5648 49.
3286 5591 3331 5623 "
3377 5590 3550 5650 lCor.

3161 5761 3231 5823 10
