4026 6276
550 293 654 348 239

549 403 689 470 quod
744 401 914 456 dicitis
968 417 1112 456 vos:

549 496 638 564 qui
661 505 1084 561 superponuntur
1107 495 1331 562 desperti
1355 504 1473 546 sunt
1502 494 1600 546 cibi
1623 495 1758 562 ejus.

631 583 1042 639 Xlll.Meliores
1077 595 1132 639 et
1180 585 1350 655 magis
1404 583 1542 654 frugi
1593 584 1709 638 fore
1767 600 1834 638 ex
1880 587 2126 653 gentibus

550 685 793 737 vocatos,
843 689 1002 744 quam
1052 675 1337 742 lsraelitas,
1396 675 1522 729 hinc
1581 690 1794 746 quoque
1852 676 2121 746 patefacit.

546 767 698 834 Apud
746 765 864 820 illos
910 767 1056 820 enim
1120 767 1385 820 sacrilicia
1449 766 1646 820 munda
1675 805 1691 832 ,
1726 776 1781 820 et
1834 767 2124 822 beneolens

547 857 864 926 thymiama,
893 867 949 911 et
989 871 1238 926 magnum
1271 873 1463 912 nomen
1489 858 1695 912 Domini
1727 876 1745 910 ι
1770 858 1836 913 ab
1885 869 2004 913 ortu
2031 874 2116 913 so-

547 948 612 1002 lis
641 950 894 1018 usquead
926 963 1179 1002 occasum
1209 949 1275 1002 ".
1304 968 1322 1001 ι
1364 948 1518 1017 Apud
1568 964 1660 1003 vos
1692 958 1870 1004 autem
1913 951 2119 1015 altare,

546 1041 742 1109 inquit,
764 1056 867 1094 non
895 1049 977 1094 est
1015 1040 1070 1094 in
1109 1055 1298 1110 magna
1331 1047 1386 1094 et
1420 1055 1538 1109 quae
1560 1039 1729 1094 Deum
1779 1040 1970 1094 deceat
2005 1041 2122 1111 glo-

544 1139 646 1190 ria.
681 1135 1072 1191 Contaminatis
1104 1136 1247 1188 enim
1281 1133 1433 1196 illud,
1460 1133 1726 1187 dicentes:
1763 1119 1987 1188 iMensa
2009 1135 2120 1189 l)o-~

542 1227 672 1284 mini
701 1226 899 1296 polluta
916 1234 1024 1292 est,
1046 1235 1100 1279 et
1129 1226 1374 1292 despecta
1401 1239 1521 1292 qua:
1553 1233 1681 1278 sunt
1705 1239 1866 1294 super
1902 1240 2016 1280 ea.»
2051 1226 2118 1280 Et

541 1333 640 1388 par
707 1318 922 1386 quidem
978 1327 1125 1382 eral,
1175 1316 1485 1371 sacerdotes
1531 1315 1898 1394 hujuscemodi
1941 1317 2116 1370 verbis

539 1408 833 1472 abstinere,
857 1421 979 1460 cum
1006 1406 1132 1474 ipsis
1164 1403 1319 1460 faelis
1341 1405 1656 1468 clamarent,
1672 1406 1814 1460 sicut
1837 1407 2112 1473 nimirum,

545 1517 564 1548 α
600 1499 665 1551 Et
691 1498 950 1565 insipiens
973 1497 1102 1550 dicit
1127 1496 1179 1550 in
1199 1498 1361 1551 corde
1397 1511 1527 1550 suo:
1565 1495 1678 1549 Non
1699 1508 1783 1550 est
1813 1498 1954 1551 Deus
1990 1498 2054 1551 ⁸ο.
2089 1518 2108 1550 ι

537 1589 640 1642 Per
669 1603 785 1657 qua:
807 1589 950 1642 enim
974 1589 1096 1658 quis
1121 1595 1468 1642 contemnere
1489 1587 1752 1655 cernitur,
1785 1589 1997 1643 tametsi
2024 1605 2112 1642 vo-

535 1697 650 1735 cem
683 1697 788 1736 non
812 1681 959 1743 edat,
985 1681 1240 1750 operibus
1268 1691 1448 1734 tamen
1477 1680 1606 1750 ipsis
1640 1691 1696 1735 et
1731 1684 1852 1736 vitae
1875 1683 2113 1749 pravitao

1540 291 1598 345 5.
1639 289 1909 346 CYI‘tlLLI
1953 288 2416 347 ALEXANDRINI
2456 290 2772 347 ARCHIEP.
2886 301 2892 306 ’
3639 314 3717 375 δυο

1163 402 1345 456 Mensa
1410 403 1618 456 Domini
1669 404 1872 470 polluta
1934 415 2028 469 est,
2084 423 2099 457 ι

2204 457 2206 462 λ
2244 403 2495 470 Τράπεζα
2523 405 2744 472 Κυρίου
2772 405 3151 474 ὴλισγημένη
3186 406 3337 471 ἐστι,
3367 409 3454 463 καὶ
3489 414 3549 468 τὰ
3583 417 3724 479 is.»

2236 495 2450 563 θέμενα
2474 494 2866 559 ἐξουδένωται
2888 496 3171 566 ,ϐρώματα
3194 499 3299 552 ac:
3309 499 3396 553 οῦ.

2306 589 2402 641 ll".
2445 588 2565 640 Ὂτι
2601 588 2696 641 καὶ
2733 587 2986 656 ἀμείνους
3017 589 3248 656 ἔσονται,
3287 595 3378 644 καὶ
3410 596 3727 668 ἐπιεικέστεροι

2231 678 2340 731 τῶν
2369 677 2427 744 ἐξ
2471 679 2708 750 Ἰσραὴλ,
2740 681 2788 732 οι
2814 679 2874 744 ἐξ
2904 680 3073 733 ἐθνῶν
3094 682 3428 756 κεκλημένοι,
3453 689 3531 741 καὶ
3549 693 3620 746 διὰ
3633 698 3726 749 τού·

2231 787 2338 822 των
2365 772 2496 840 ἡμῖν
2530 769 2849 839 καθίστησιν
2877 771 3122 842 ἐναργές.
3157 773 3294 841 Παρ’
3323 775 3524 840 ἐκείνοις
3547 781 3728 857 μὲνγὰρ

2230 861 2286 913 αἱ
2315 859 2496 913 θυσίαι
2524 861 2781 931 καθαραὶ,
2807 861 2981 914 καὶτὸ
3004 861 3203 926 εὑῶδες
3227 862 3481 936 θυμίίξμαν
3511 874 3589 924 καί
3619 876 3731 945 μέγα

2228 949 2287 1001 τὸ
2339 949 2509 1019 ὄνομα
2565 969 2583 1000 ι
2613 950 2720 1003 ἀπὸ
2761 949 3034 1004 ἀνατολῶν
3064 952 3214 1022 ἡλίου
3245 955 3338 1007 καὶ
3367 956 3458 1020 ἕως
3489 961 3686 1032 δυσμῶν.
3712 989 3727 1020 ι

2229 1038 2362 1110 Παρ’
2386 1040 2513 1108 ὑμῖν
2550 1039 2628 1104 δὲ,
2657 1039 2811 1110 φησὶ,
2840 1042 2941 1094 οὐκ
2973 1043 3028 1094 ὲν
3057 1042 3183 1114 δόξῃ
3214 1045 3420 1118 μεγάλῃ
3445 1051 3525 1102 καὶ
3553 1056 3608 1122 τῇ
3632 1072 3736 1127 πρε.

2226 1127 2402 1198 πούσῃ
2436 1128 2554 1199 Θεῷ
2604 1129 2665 1181 τὸ
2712 1129 3113 1202 θυσιαστήριον.
3166 1133 3452 1204 Βεϐηλοῦτε
3494 1142 3586 1210 γὰρ
3613 1146 3735 1212 αὐτὸ,

2225 1217 2501 1285 λέγοντεςο
2539 1238 2557 1269 ‹
2590 1219 2851 1290 Τράπεζα
2894 1221 3100 1292 Κυρίου
3133 1223 3459 1297 ὴλισγημένη
3505 1232 3647 1297 ἐστὶν,
3671 1238 3739 1302 ἐξ-

2222 1307 2561 1378 ουδενωμένα
2590 1309 2646 1361 δὲ
2677 1312 2771 1363 καὶ
2804 1309 2872 1364 τὰ
2897 1314 2984 1364 ἐπ’
3015 1312 3204 1382 αὐτῆς.
3232 1333 3250 1364 s
3293 1315 3400 1368 Καὶ
3425 1320 3554 1382 εἰκὸς
3581 1323 3662 1391 μὲν
3683 1329 3740 1395 μὴ

2220 1398 2481 1462 τοιούτοις
2532 1402 2740 1470 ῥήμασι
2789 1402 3088 1472 κεχρῆσθαι
3134 1405 3262 1468 τοὺς
3311 1406 3498 1477 ἱερέας,
3521 1413 3675 1476 αὐτοῖς
3695 1432 3744 1482 γε

2224 1488 2331 1560 μὴν
2379 1491 2666 1562 πράγμασι
2711 1491 2869 1545 τοῦτο
2922 1492 3071 1563 βοᾷν,
3099 1494 3350 1567 καθάπερ
3387 1499 3559 1567 ἀμέλει
3585 1522 3602 1552 ι
3629 1507 3746 1556 καὶὸ

2219 1579 2409 1651 ἄφρων
2444 1584 2606 1649 φησὶν
2642 1586 2699 1636 ἐν
2729 1581 2923 1653 καρδίᾳ
2957 1583 3121 1636 αὐτοῦ
3143 1600 3155 1612 '
3187 1585 3303 1638 Οὐκ
3333 1585 3442 1639 ἔστι
3474 1588 3608 1653 Θεός.
3641 1613 3656 1643 ι
3681 1591 3750 1645 Δι’

2220 1665 2296 1724 ὧν
2328 1673 2436 1742 γὰρ
2464 1675 2657 1744 ὁρᾶται
2687 1675 3064 1746 καταφρονῶν,
3098 1676 3199 1730 κᾶν
3228 1680 3276 1730 εί
3310 1679 3384 1750 μὴ
3416 1680 3540 1753 λέγῃ
3561 1689 3748 1749 φωναῖς,

535 1783 586 1827 te
625 1783 832 1827 tantum
889 1787 998 1826 nou
1032 1772 1250 1838 clamat,
1281 1790 1300 1823 ι
1333 1771 1446 1825 Non
1476 1781 1559 1826 est
1599 1772 1757 1828 Deus.
1789 1790 1808 1823 ι
1844 1773 1943 1840 Qui
1969 1775 2099 1827 enin

2215 1763 2330 1816 ἀλλ’
2355 1760 2446 1817 οὖν
2481 1765 2662 1835 ἔργοις
2696 1766 2898 1829 αὐτοῖς,
2932 1767 3028 1820 καὶ
3079 1771 3143 1838 τῇ
3199 1767 3292 1820 τοῦ
3349 1770 3460 1838 βίου
3511 1776 3756 1846 σκαιότητι

537 1867 616 1920 sic
647 1867 832 1920 vivere
864 1874 1286 1931 consueverunt,
1317 1863 1470 1934 quasi
1501 1863 1610 1918 Deo
1644 1880 1746 1918 non
1781 1864 2114 1934 inspectante

532 1958 828 2024 omniaque
877 1955 1054 2010 soluto
1095 1956 1279 2008 animo
1320 1964 1370 2008 et
1404 1953 1701 2010 insolenter
1735 1965 1899 2024 atque
1955 1955 2116 2024 impie

533 2061 714 2116 agere,
744 2046 795 2099 lii
831 2046 992 2099 rebus
1026 2055 1082 2099 et
1135 2043 1296 2099 factis
1345 2045 1480 2116 ipsis
1540 2045 1705 2100 Deum
1761 2055 1977 2116 negant.
2027 2047 2110 2102 Ad

533 2138 678 2192 hunc
709 2136 892 2204 itaque
935 2134 1170 2201 molium,
1223 2136 1316 2204 qui
1352 2148 1541 2191 sancto
1610 2136 1766 2191 altari
1812 2139 2112 2193 veneratio-

534 2247 653 2284 nem
703 2230 778 2284 illi
830 2229 1096 2299 imprimis
1145 2229 1438 2301 congruam
1490 2230 1835 2300 debitamque
1894 2247 2114 2288 servare

535 2338 639 2374 non
665 2323 1007 2388 studuerunt,
1057 2322 1216 2392 831
1268 2337 1363 2391 per
1403 2323 1514 2392 ipsa
1568 2338 1686 2390 quae
1733 2333 2112 2380 consectantur

533 2414 737 2479 dicunt,
769 2433 788 2466 ι
830 2413 1011 2468 Mensa
1047 2414 1253 2469 Domini
1283 2414 1482 2482 polluta
1505 2424 1609 2469 est.
1644 2433 1663 2467 ι
1705 2413 1982 2484 Fugienda
2027 2428 2110 2473 est

530 2507 735 2574 ei-goin
777 2507 860 2585 bis
886 2507 1124 2572 incuria;
1151 2506 1242 2575 qui
1291 2520 1448 2560 secus
1503 2505 1657 2570 faxit,
1694 2508 1882 2562 audire
1940 2508 2107 2564 Deum

529 2597 743 2652 debebit
779 2597 1046 2652 dicentem
1075 2616 1087 2650 :
1125 2617 1142 2648 ‹
1164 2596 1280 2651 Non
1312 2607 1393 2651 est
1421 2597 1551 2651 mihi
1575 2598 1820 2652 voluntas
1845 2599 1898 2653 in
1932 2600 2104 2668 vobis,

527 2697 581 2742 et
607 2686 934 2742 sacriﬁcium
971 2703 1074 2741 non
1103 2688 1394 2758 suspiciam
1425 2703 1492 2742 ex
1539 2689 1790 2744 manibus
1838 2693 2049 2744 vestris.
2081 2710 2100 2743 ›

529 2777 666 2843 Quin
702 2787 883 2842 autem
920 2777 1288 2832 miserrimum
1328 2779 1400 2832 sit
1433 2776 1600 2832 Deum
1651 2776 1955 2848 oﬂenderef,
1987 2781 2107 2848 quis

525 2867 613 2922 cui
689 2869 757 2921 ab
828 2869 1009 2924 animo
1091 2877 1143 2922 et
1205 2878 1386 2923 mente
1445 2866 1586 2923 bene
1642 2877 1766 2934 est,
1825 2869 2104 2926 dubitave-

527 2959 596 3014 rit
636 2960 659 3012 i

2218 1854 2502 1924 μονονουχὶ
2531 1855 2859 1927 διακέκραγε
2897 1856 2974 1920 τὸ,
3018 1875 3036 1908 t
3068 1859 3182 1909 Οὐκ
3206 1858 3322 1910 ἔστι
3356 1860 3498 1923 Θεός.
3529 1882 3547 1912 s
3581 1866 3636 1916 Ui
3666 1867 3755 1937 γὰρ

2215 1943 2357 1996 οὕτω
2381 1943 2478 2015 ζῇν
2511 1946 2782 2010 εἰωθότες,
2806 1947 2880 2009 ὡς
2911 1947 2986 2018 μὴ
3017 1949 3326 2019 ἐφορῶντος
3356 1950 3507 2018 Θεοῦ,
3535 1954 3694 2007 πάντα
3709 1973 3760 2009 τε

2214 2035 2345 2108 δρᾷν
2371 2039 2841 2109 ἀπεριμερίμνως,
2881 2040 2972 2092 καὶ
3001 2041 3249 2104 ἐκτόπως
3278 2043 3656 2115 ἀνοσιουργεῖν,
3686 2048 3760 2117 ἕρ-

2213 2145 2330 2197 γοις
2381 2131 2561 2193 αὐτοῖς
2611 2131 2706 2184 καὶ
2753 2131 3073 2201 πράγμασιν
3137 2132 3434 2202 ἀρνοῦνται
3497 2137 3583 2190 τὶν
3627 2138 3763 2195 Θεόν.

2212 2223 2369 2275 Κατὰ
2417 2222 2604 2276 τοῦτον
2647 2223 2709 2294 δὴ
2745 2219 2837 2276 οὖν
2885 2224 2976 2275 τὸν
3028 2224 3244 2293 τρόπον,
3278 2227 3335 2278 οἱ
3378 2230 3451 2298 μὴ
3494 2230 3764 2294 ἀποσώζειν

2211 2314 2602 2378 ἐσπουδακότες
2644 2315 2723 2385 τῷ
2757 2316 2894 2387 ἀγίῳ
2923 2316 3294 2389 θυσιαστηρίῳ
3332 2319 3392 2372 τὸ
3439 2320 3518 2372 ὅτι
3564 2321 3769 2390 μάλιστα

2212 2406 2422 2476 πρέπον
2457 2423 2517 2458 τε
2560 2405 2727 2476 αὐτῷ,
2764 2409 2860 2460 καὶ
2901 2407 3249 2477 ὀφειλόμενον
3302 2410 3490 2475 σέϐας,
3527 2412 3590 2463 δι’
3612 2413 3769 2466 αὐτῶν

2210 2488 2284 2548 ὧν
2313 2495 2568 2550 διώκουσι
2601 2497 2853 2565 λέγουσι·
2891 2517 2909 2548 ι
2936 2497 3195 2568 Τράπεζα
3221 2500 3436 2570 Κυρίου
3459 2502 3774 2571 ὴλισγημένη

2209 2587 2344 2642 ἐστί.
2378 2606 2395 2638 ι
2435 2589 2803 2659 Παραινητέον
2827 2589 2890 2660 δὴ
2919 2585 3010 2642 οὖν
3039 2589 3100 2642 τὸ
3144 2591 3397 2662 ῥᾴθυμον
3447 2595 3504 2645 ἐν
3547 2595 3739 2655 τούτοις
3765 2615 3776 2628 ·

2208 2677 2303 2730 καὶ
2347 2680 2394 2730 εί
2441 2680 2514 2749 μή
2558 2697 2640 2743 τις
2674 2681 2848 2733 ἕλοιτο
2879 2679 3036 2733 τοῦτο
3061 2679 3216 2761 δρᾷν,
3253 2683 3555 2736 ἀκούσεται
3580 2685 3775 2749 πάντως

2206 2768 2339 2822 Θεοῦ
2373 2770 2649 2836 λέγοντος·
2688 2789 2706 2822 t
2739 2772 2853 2825 Οὐκ
2896 2771 3009 2824 ἔστι
3037 2789 3139 2842 μου
3179 2770 3404 2843 θέλημα
3437 2775 3496 2826 ἐν
3531 2776 3670 2844 ὑμῖν,
3699 2776 3779 2828 καὶ

2207 2859 2396 2913 θυσίαν
2428 2863 2489 2915 οὐ
2523 2861 2885 2932 προσδέξομαι
2923 2865 2986 2916 ὲκ
3013 2864 3122 2916 τῶν
3156 2866 3367 2935 χειρῶν
3401 2867 3576 2935 ὑμῶν.
3604 2887 3623 2918 s
3650 2868 3779 2920 Πάν-

2203 2953 2372 3008 δεινον
2403 2952 2460 3005 δὲ
2493 2953 2572 3006 ὅτι
2599 2954 2656 3006 τὸ
2692 2955 3053 3024 προσκρούειν
3085 2954 3224 3025 Θεῷ,
3251 2957 3382 3020 πῶς
3415 2958 3484 3010 ἂν
3515 2959 3785 3012 ὲνδοιάσειὲ

2203 3061 2306 3108 τις,
2342 3045 2499 3113 εἴπερ
2526 3045 2674 3098 ἐστὶν
2703 3046 2762 3096 ἐν
2792 3045 2941 3116 καλῷ
2970 3045 3065 3098 καὶ
3095 3045 3185 3098 νοῦ
3221 3048 3325 3100 καὶ
3355 3029 3599 3118 ’φρενόςς

605 3136 763 3192 Vens.
807 3140 891 3193 15.
935 3138 998 3192 Et
1031 3139 1240 3192 dixistis
1268 3156 1285 3194 :
1319 3137 1449 3194 Ha’c
1469 3156 1533 3194 ex
1561 3141 1834 3211 afﬂictione
1861 3154 2004 3206 sunt,
2049 3151 2098 3195 et

2276 3133 2388 3187 Kal
2425 3135 2656 3187 εἴπατε*
2706 3131 2898 3189 Ταῦτα
2935 3135 3002 3188 ἐκ
3053 3140 3480 3204 κακοπαθείας
3509 3139 3662 3204 ἐστὶ,
3701 3141 3790 3192 καὶ

523 3232 789 3302 ετειιῃιαυί
835 3248 918 3296 ea,
945 3234 1070 3285 dicit
1107 3231 1363 3287 Dominus
1406 3237 1750 3303 omnipotens.
1787 3237 1852 3288 Et
1907 3237 2101 3304 infere-

523 3323 661 3374 batis
702 3329 874 3385 rapta,
915 3336 961 3374 et
984 3324 1200 3387 clauda,
1226 3334 1272 3376 et
1300 3324 1588 3391 inﬁrmata.
1622 3324 1686 3378 Et
1717 3328 1762 3379 si
1797 3327 2094 3380 obtuleritis

519 3411 867 3478 sacri/icium,
899 3414 944 3465 si
971 3414 1250 3481 suscipiam
1276 3430 1337 3468 ea
1373 3417 1436 3469 de
1458 3418 1699 3471 manibus
1731 3421 1941 3485 vestris,
1968 3420 2096 3473 dicit

524 3501 782 3556 Dominus
808 3503 1148 3574 omnipotens.

593 3680 731 3736 XIV.
767 3682 984 3736 Acriter
1001 3691 1221 3737 accusat
1245 3686 1581 3748 sacerdOtes,
1609 3685 1778 3756 utqui
1809 3685 2085 3741 offerenda

520 3771 572 3823 in
621 3770 889 3824 sacriﬁcio
933 3771 1188 3836 lustrare,
1229 3789 1296 3826 an
1337 3773 1530 3828 vitiosa
1571 3773 1702 3838 sint,
1752 3776 1977 3831 minime
2002 3792 2094 3831 ve-

519 3860 642 3924 lint,
671 3869 747 3926 et,
771 3861 888 3915 sine
917 3877 1047 3914 cura
1082 3872 1246 3930 atque
1276 3864 1668 3932 exploratione,
1697 3866 1908 3935 clauda,
1929 3884 2089 3932 eirea,

518 3949 765 4002 morbida
809 3949 1115 4014 admittant,
1153 3965 1460 4018 quanquam
1497 3952 1578 4005 lex
1622 3953 1799 4021 aliqua
1850 3957 2093 4023 corporis

516 4051 671 4110 parte
722 4058 826 4096 non
871 4057 999 4096 sana
1051 4050 1105 4097 et
1139 4044 1346 4112 integra
1413 4044 1561 4112 rejici
1612 4055 1797 4112 aperte
1846 4045 2086 4112 jusserit.

517 4133 673 4201 Quod
701 4136 745 4189 si
767 4133 907 4188 forte
943 4136 1284 4191 sacerdotum
1327 4136 1596 4205 quispiam
1617 4135 1806 4190 inutile
1835 4154 1998 4206 pecus
2023 4141 2089 4193 ad

515 4227 848 4282 sacriﬁcium
886 4225 1178 4282 oﬂ'erentes
1211 4228 1389 4281 studio
1430 4229 1710 4302 servanda:
1750 4229 1883 4299 legis
1913 4231 2088 4299 repel-

524 4317 680 4384 leret,
745 4335 851 4373 non
905 4319 1279 4382 discedebant,
1336 4319 1705 4386 captivitatem
1764 4319 2089 4374 omnimodis

516 4411 934 4476 przetendentes,
956 4419 1010 4463 et
1031 4411 1290 4462 audacter
1315 4409 1601 4463 admodum
1620 4408 1950 4465 aﬂirmantes
1979 4425 2084 4464 non

511 4511 631 4548 esse
660 4495 832 4548 malus
856 4496 1123 4556 victimas,
1155 4496 1247 4549 sed
1265 4511 1329 4548 ex
1364 4496 1556 4551 itinere
1584 4499 1653 4549 ita
1690 4496 1938 4561 aﬂlietas,
1960 4515 2083 4553 cum

511 4585 840 4656 ellabylone
881 4585 936 4639 in
991 4584 1231 4640 inda-am
1297 4596 1720 4640 reverterentur.
1775 4588 2085 4644 Oii'erebant

512 4693 674 4747 porro
699 4685 754 4732 et
791 4685 964 4746 rapta,
999 4684 1053 4729 et
1069 4675 1281 4742 clauda,
1313 4684 1368 4730 et
1389 4677 1610 4730 debilia.
1641 4675 1794 4731 Ferat
1816 4679 2084 4747 siquidem

506 4770 875 4836 incursantes,
923 4766 1192 4822 interdum
1225 4767 1480 4836 gregibus
1523 4777 1771 4823 nocent:
1807 4783 1900 4823 seu
1947 4769 2087 4825 forte

505 4857 634 4927 quid
659 4856 966 4926 rapuerint,
987 4855 1182 4912 deinde
1205 4871 1370 4911 cursu
1403 4866 1592 4926 pastor
1622 4859 1922 4924 insecutus,
1967 4858 2086 4914 fau-

505 4948 660 5003 cibus
681 4961 870 5001 earum
889 4944 1150 5014 eripuerit
1174 4962 1190 5001 :
1222 4953 1278 5000 et
1299 4961 1492 5002 canum
1548 4945 1836 5002 latratibus
1875 4959 2082 5018 perter-

503 5038 783 5104 rel'ecerit,
819 5046 910 5090 aut
941 5037 1136 5106 pedum
1171 5036 1226 5092 in
1265 5049 1358 5090 eas
1409 5035 1718 5106 proiecerit.
1772 5037 1899 5095 Haec
1931 5047 2077 5106 sunt,

501 5130 938 5199 opinor,'rapta,
963 5139 1019 5183 et
1041 5117 1156 5183 haec
1176 5126 1338 5182 simul
1371 5143 1494 5182 cum
1535 5129 1762 5196 claudis,
1794 5146 1914 5200 quae
1954 5149 2076 5189 cum

503 5223 714 5278 caeteris
738 5222 885 5290 pasci
913 5219 1147 5289 amplius
1165 5235 1268 5274 non
1294 5229 1532 5290 possent,
1554 5219 1871 5279 offerebant.
1899 5224 2074 5279 Etiam

502 5311 771 5364 inﬁrmata
821 5310 1096 5374 dicabant,
1148 5311 1250 5364 hoc
1273 5320 1379 5374 est,
1421 5310 1536 5380 jam
1561 5313 1899 5376 moribunda,
1953 5313 2074 5366 uni-

502 5415 784 5454 versorum
827 5401 993 5456 Deum
1042 5401 1432 5459 dedecorantes
1478 5403 1659 5473 potius
1698 5420 1860 5472 quam
1910 5404 2076 5456 bono-

502 5503 703 5546 rantes.
738 5489 934 5546 Verum
977 5510 994 5542 ι
1035 5493 1313 5550 cxsnmavi
1352 5511 1436 5556 ea,
1489 5497 1619 5548 αἰνὴ
1663 5496 1924 5551 Dominus
1953 5511 2071 5549 ont-

567 5663 616 5701 ⁷³
647 5665 786 5722 Psal.
821 5682 966 5733 XLII,
998 5669 1046 5722 1.
1124 5668 1170 5698 ⁸ο
1196 5667 1330 5719 l‘sul.
1369 5682 1482 5730 xm,
1521 5668 1564 5721 Ι.

2199 3224 2554 3292 ἐξεφύσησα
2609 3226 2791 3290 αὐτὰ,
2842 3225 3004 3293 λέγει
3041 3227 3259 3293 Κύριος
3344 3229 3784 3297 παντοκράτωρ.

2199 3317 2307 3370 Kal
2330 3315 2670 3385 εἰσεφέρετε
2693 3314 3065 3384 ἁρπάγματα,
3108 3317 3205 3369 καὶ
3251 3317 3333 3370 τὰ
3371 3320 3568 3387 χωλὰ,
3608 3321 3706 3373 καὶ
3733 3320 3796 3373 τὰ

2197 3409 2631 3477 ἐνοχλούμενοι.
2689 3408 2799 3462 Καὶ
2849 3407 2957 3460 ἐὰν
3007 3407 3223 3476 φέρητε
3271 3411 3397 3477 τὴν
3447 3413 3705 3474 ουσίαν,
3747 3412 3793 3462 ει

2198 3495 2601 3566 προσδέξομαι
2662 3497 2814 3550 αὐτὰ
2845 3497 2913 3550 ἐκ
2956 3497 3073 3551 τῶν
3122 3497 3351 3567 χειρῶν
3406 3500 3609 3570 ὑμῶν,
3650 3499 3800 3570 λέγει

2196 3590 2411 3655 Κύριος
2447 3589 2890 3657 παντοκράτωρ.

2268 3683 2362 3733 ΙΔ’.
2405 3683 2719 3752 Κατῃτιᾶτο
2761 3681 2881 3735 λίαν
2926 3683 3052 3746 τοὺς
3105 3685 3474 3754 ἱερουργοὶις,
3505 3685 3585 3750 ὡς
3616 3687 3807 3757 ἥκιστα

2199 3769 2295 3838 μὲν
2337 3773 2718 3839 μωμοσκοπεῖν
2768 3771 3053 3840 ἑλομένους
3102 3771 3170 3824 τὰ
3227 3776 3654 3844 προσαγόμενα
3707 3773 3805 3826 τῶν

2195 3856 2470 3926 θυμάτων,
2500 3859 2961 3930 προσδεχομένους
2988 3861 3044 3914 δὲ
3071 3860 3276 3930 μᾶλλον
3315 3863 3610 3935 ῥᾳθύμως
3642 3882 3702 3918 τε
3727 3865 3814 3917 καὶ

2193 3947 2568 4013 ἀϐασανίστως
2596 3951 2764 4020 χωλά,
2795 3952 2886 4004 καὶ
2906 3951 3102 4018 τυφλὰ,
3158 3955 3256 4006 καὶ
3295 3957 3609 4028 ἂρῤωστα,
3646 3957 3812 4008 καίτοι

2190 4039 2284 4092 τοῦ
2313 4040 2478 4106 νόμου
2519 4041 2705 4110 σαφῶς
2731 4042 2797 4096 τὰ
2818 4041 3044 4113 ἔμπηρα
3082 4043 3189 4096 τῶν
3218 4045 3513 4116 θυμάτων
3538 4047 3819 4118 ἀπόϐλητα

2191 4129 2299 4182 δεῖν
2337 4131 2604 4184 ποιεῖσθαι
2640 4135 3090 4203 προστεταχότος.
3134 4135 3197 4188 Εἰ
3228 4135 3293 4188 δὲ
3332 4137 3406 4207 δή
3455 4138 3570 4190 πού
3596 4157 3683 4202 τις
3719 4138 3819 4190 τῶν

2195 4221 2382 4291 ἱερέων
2443 4222 2725 4285 ἀπεσόϐει,
2776 4224 2870 4277 τοῦ
2921 4227 3087 4294 νόμου
3142 4228 3575 4299 ἀντεχόμενος,
3621 4229 3714 4284 τὸν
3751 4230 3823 4290 εἱς

2192 4311 2382 4366 θυσίαν
2434 4314 2783 4384 προσάγοντα
2822 4316 2881 4368 τὸ
2910 4317 3156 4386 ἀχρεῖον,
3202 4319 3515 4388 ἐπέμενον
3565 4323 3616 4373 οἱ
3663 4335 3824 4389 προσ-

2190 4405 2436 4472 άγοντες,
2450 4406 2560 4460 ἄνω
2585 4423 2645 4459 τε
2664 4407 2760 4460 καὶ
2783 4407 2930 4462 κάτω
2946 4407 3042 4476 τὴν
3061 4408 3478 4478 αἰχμαλωσίαν
3501 4411 3826 4482 προτείνον-

2191 4490 2302 4557 τές,
2340 4495 2796 4568 διῖσχυριζόμενοί
2827 4514 2889 4549 τε
2947 4498 3041 4551 καὶ
3079 4498 3226 4568 μάλα
3269 4502 3612 4566 νεανικῶς,
3655 4501 3829 4570 φαῦλα

2195 4587 2292 4655 μὲν
2320 4588 2419 4641 οὐκ
2472 4582 2636 4650 εἶναι,
2695 4587 3079 4660 κακοπαθῆσαι
3126 4589 3186 4642 δὲ
3230 4591 3476 4660 μᾶλλον
3534 4591 3692 4647 κατά
3737 4588 3830 4660 τὴν

2190 4677 2328 4741 ὁδὸν,
2361 4677 2796 4732 ὑπονοστούντων
2850 4678 3030 4731 αὐτῶν
3079 4679 3145 4731 ἐκ
3200 4679 3319 4748 τῆς
3368 4681 3730 4742 Βαϐυλῶνος
3762 4679 3838 4738 είς

2191 4766 2291 4838 τὴν
2342 4768 2622 4824 Ἰουδαίαν.
2662 4768 3069 4840 Προσεκόμιζον
3096 4769 3152 4823 δὲ
3184 4770 3297 4822 καὶ
3326 4772 3413 4825 τὰ
3443 4772 3835 4845 ἁρπάγματα.

2191 4862 2284 4914 καὶ
2304 4862 2373 4915 τά
2399 4863 2568 4932 χωλά,
2625 4863 2721 4917 καὶ
2766 4863 2834 4917 τά
2889 4861 3290 4934 ὲνοχλούμενα.
3333 4865 3552 4937 Θῆρες
3593 4865 3703 4936 μὲν
3739 4860 3845 4931 γάρ

2190 4951 2434 5014 ἐπιόντες
2460 4952 2572 5006 ἔσθ’
2591 4955 2682 5008 ὅτε
2737 4953 3118 5008 κατασίνονται
3150 4956 3283 5018 ταῖς
3320 4957 3630 5025 ἀγέλαις,
3666 4953 3773 5008 κᾶν
3798 4949 3847 5002 sl

2187 5061 2239 5096 τι
2269 5041 2430 5113 τυχὸν
2457 5043 2784 5114 ἀρπάσειαν,
2823 5039 2945 5096 εἷτα
2980 5042 3203 5114 δραμὼν
3237 5046 3277 5096 ὁ
3320 5048 3579 5118 ποιμὴν
3641 5043 3855 5100 ἐκσπά-

2189 5152 2299 5188 σειε
2326 5133 2432 5187 τῶν
2465 5135 2692 5190 ὀδόντων
2744 5135 2804 5189 τὸ
2857 5135 3214 5207 ἡρπασμένον
3237 5174 3259 5200 ,
3325 5136 3371 5207 ἦ
3435 5136 3853 5208 sca-samum

2183 5230 2360 5283 κυνῶν
2385 5229 2634 5292 ὑλακαῖς,
2678 5227 2711 5297 ἢ
2751 5225 3069 5296 καλαύροπα
3120 5224 3356 5297 βαλών.
3400 5229 3638 5295 Τοῦτο,
3669 5225 3860 5298 οἶμαι,

2179 5319 2242 5371 τὸ
2275 5319 2566 5390 ἃρπαγμα,
2589 5317 2774 5372 ταῦπα
2809 5317 3087 5388 προσῆγον
3119 5313 3272 5386 ὁμοῦ
3311 5319 3464 5382 τοῖς
3513 5320 3665 5382 τοὺς
3694 5315 3859 5374 πόδας

2181 5407 2386 5477 λελωϐη
2395 5407 2594 5478 μένοις,
2639 5408 2734 5460 καὶ
2759 5408 2859 5460 οὐκ
2889 5407 2972 5460 ἔτι
2995 5409 3109 5471 τοῖς
3135 5405 3355 5474 ἀλλοις
3407 5409 3838 5481 συγκατανέμε
3855 5435 3867 5445 ~

2181 5499 2302 5552 σθαι
2330 5499 2666 5569 δυναμένοις.
2701 5498 3067 5571 Προσῆγονδὲ
3113 5497 3207 5553 καὶ
3252 5500 3349 5554 τὰ
3408 5501 3855 5575 ἐνοχλούειενα,
