4026 6276
390 260 484 313 501

1205 262 1757 318 COMMENTARIUS
1798 262 1859 317 ΙΝ
1902 259 2311 321 MALACHIAM
2356 258 2796 315 PROPHETAM.

3532 255 3638 315 δοθ

389 372 653 437 τουτέστι,
690 373 756 426 τὰ
784 372 1101 427 θανατῶντα
1130 373 1335 438 λοιπὸν,
1380 373 1693 446 ὑϐρίζοντες
1745 374 1963 445 μᾶλλον,
1997 438 2005 460 Α

2081 374 2340 441 nipotens.
2396 392 2412 423 ι
2481 373 2544 426 Et
2591 372 2846 443 quoniam
2898 371 3161 442 sacrilege
3213 369 3381 426 sacris
3424 375 3639 439 operari

389 467 420 535 ἢ
449 462 715 534 τιμῶντες
767 464 855 516 τὸν
884 463 991 516 τῶν
1031 464 1167 517 ὅλων
1196 464 1350 518 Θεόν.
1409 465 1547 519 Ἀλλ’
1577 487 1595 518 ι
1629 464 1959 537 ὲξεφύσησα,

390 556 572 626 φησιν,
632 553 787 619 αὐτὰ,
855 554 1000 622 λέγει
1060 554 1262 625 Κύριος
1322 558 1737 627 παντοκράτωρ.
1781 576 1800 609 s
1857 555 1964 611 Καὶ

390 650 575 718 ἐπειδὴ
608 649 756 702 θύειν
781 648 1010 712 ἀνοσίως
1052 648 1347 716 ἐγνώκατε,
1387 650 1569 720 φησὶν,
1605 649 1704 701 οὐκ
1734 648 1799 702 ἂν
1832 647 1968 711 ὅλως

2071 465 2450 525 constituistis.
2494 467 2627 518 adeo
2650 462 2958 533 illegitimas
2997 474 3051 517 et
3079 464 3384 517 immundus
3411 462 3640 517 oblatio-

2072 571 2169 610 nes
2200 558 2511 625 neutiquam
2545 572 2573 609 a
2615 555 2767 610 vobis
2794 554 3148 623 susceperim,
3185 570 3283 609 nec
3327 556 3378 608 in
3420 556 3641 609 odorem

2075 650 2362 703 suavitatis
2394 651 2779 719 reputaverint.

391 741 802 814 παραδεεαίμην
842 741 910 794 τὰ
965 741 1024 806 ἐξ
1053 741 1226 812 ὑμῶν,
1265 743 1372 796 οὐδ’
1413 742 1479 795 ἂν
1535 740 1862 812 λογισαίμην
1923 745 2000 806 εἰς
2037 742 2212 813 ὀσμὴν
2231 745 2456 808 εὐωδίας
2502 745 2600 808 τὰς
2663 741 2834 806 οὕτως
2867 742 3153 813 ὶκνόμους,
3183 742 3278 796 καὶ
3304 740 3648 812 ἀκαθάρτους

391 834 779 909 προσαγωγὰς.

457 929 580 999 Χρὴ
617 928 680 998 δὴ
715 924 808 981 οὖν
837 927 946 1000 ἄρα
978 927 1125 981 θύειν
1160 916 1305 1000 ἡμᾶς
1351 932 1445 984 καὶ
1476 931 1619 1003 μάλα
1673 932 1932 998 ἐπιεικῶς
1955 976 1969 999 ,

389 1019 484 1075 καὶ
512 1018 987 1088 ἐσπουδασμένως,
1009 1018 1105 1073 καὶ¹
1126 1022 1457 1091 προσκομίξε
1468 1040 1513 1075 ιν
1540 1024 1659 1095 Θεῷ
1689 1025 1763 1095 μὴ
1785 1025 1972 1088 ἁπλῶς

389 1114 456 1165 τα
483 1111 918 1181 κατερῤιμμένα,
956 1112 1054 1164 καὶ
1092 1112 1413 1181 ἀτιμότατα,
1453 1116 1546 1169 καὶ
1597 1117 1811 1180 οὐδενὸς
1846 1117 1973 1182 ἄξια

388 1204 568 1271 λόγου·
596 1202 731 1257 ἀλλὰ
776 1201 1102 1272 προῦχοντα,
1152 1204 1249 1256 καὶ
1283 1204 1556 1276 ἐξαίρετα.
1615 1208 1677 1260 El.
1710 1207 1767 1260 δὲ
1796 1208 1861 1277 δή
1890 1225 1972 1272 τις

390 1295 578 1349 ἑαυτὸν
620 1294 925 1366 ἱερουργοίη
976 1294 1117 1365 Θεῷ,
1157 1296 1454 1367 μεμνήσθω
1492 1298 1600 1368 γὰρ
1652 1298 1747 1351 τοῦ
1793 1295 1973 1370 μακα-

394 1388 506 1458 ρίου
542 1385 754 1439 Παύλου
786 1388 1091 1456 γράφοντος
1119 1386 1235 1440 ὠδί’
1287 1406 1305 1438 ι
1345 1388 1736 1460 Παραστήσατε
1766 1389 1834 1443 τὰ
1868 1389 1971 1443 σώ-

398 1495 540 1549 ματα
570 1477 723 1547 ὑμῶν
750 1477 942 1530 θυσίαν
965 1476 1165 1542 ζῶσαν,
1191 1479 1373 1546 ἁγίαν,
1408 1480 1701 1549 εὐάρεστον
1730 1481 1807 1553 τῷ
1829 1481 1970 1549 Θεῷ,

393 1564 491 1635 τὴν
524 1565 745 1635 λογικὴν
775 1563 1026 1635 λατρείαν
1084 1565 1268 1635 ὑμῶν’
1300 1585 1318 1617 ι
1355 1568 1879 1640 πολυπραγμονείτω
1907 1572 1974 1625 τὰ

396 1657 516 1710 καθ’
547 1656 759 1723 ἑαυτὸν,
795 1660 889 1710 καὶ
918 1657 1079 1710 οἱονεί
1108 1675 1191 1721 τις
1224 1659 1456 1731 ἀκριϐὴς
1484 1662 1849 1733 μωμοσκόπος
1877 1663 1976 1732 τῆς

2133 930 2315 997 Quare
2333 945 2430 983 nos
2442 937 2490 983 et
2511 929 3022 985 convenientissime
3045 938 3099 983 ct
3122 928 3360 984 studiose
3379 925 3649 985 sacriﬁcia

2080 1025 2257 1076 facere
2287 1028 2523 1091 oportet,
2553 1030 2606 1074 et
2651 1036 2753 1077 non
2797 1021 2869 1075 ita
2914 1021 3239 1089 simpliciter
3271 1020 3562 1089 rejectitia,
3596 1033 3652 1076 et

2076 1111 2564 1181 contemptissima,
2612 1126 2675 1166 ac
2712 1111 2910 1165 nullius
2963 1110 3303 1171 aestimanda,
3344 1113 3436 1164 sed
3472 1111 3653 1166 excel-

2077 1204 2238 1259 lentia
2271 1214 2326 1258 et
2357 1202 2553 1259 selecta
2578 1202 2685 1257 Deo
2705 1216 3047 1257 consecrare.
3082 1202 3246 1273 832
3267 1202 3417 1268 Quod
3455 1203 3499 1256 si
3531 1205 3654 1273 quis

2074 1298 2428 1365 semetipsum
2490 1294 2597 1351 Deo
2646 1295 2879 1348 hostiam
2932 1297 3250 1362 sacraverit,
3302 1296 3445 1349 beati
3500 1295 3650 1351 Pauli

2076 1388 2382 1442 meminerit
2403 1387 2545 1441 hunc
2566 1386 2620 1440 in
2645 1386 2860 1441 modum
2882 1384 3200 1442 scribentis:
3226 1387 3518 1443 «Exhibete
3532 1402 3654 1442 cor-

2073 1495 2203 1549 pora
2227 1490 2405 1533 vestra
2431 1478 2656 1533 hostiam
2683 1478 2975 1543 viventem,
3005 1488 3272 1543 sanctam,
3305 1480 3412 1535 Deo
3434 1482 3654 1549 placen-

2074 1580 2215 1634 tem,
2252 1569 2575 1624 rationabile
2618 1569 2938 1638 obsequium
2976 1582 3217 1625 vestrum
3239 1569 3384 1624 "-”.
3422 1591 3440 1622 ι
3469 1570 3654 1640 Inqui-

2085 1672 2171 1716 rat
2194 1662 2483 1732 diligenter
2520 1662 2572 1715 in
2604 1676 2691 1716 res
2721 1676 2867 1727 suas,
2888 1672 2941 1717 et
2971 1662 3114 1719 velut
3145 1665 3365 1719 sedulus
3395 1665 3656 1719 vitiorum

392 1749 586 1803 ἑαυτοῦ
634 1749 875 1817 γενέσθω
911 1749 1108 1820 ψυχῆς.
1153 1750 1366 1822 Ὁράτω
1425 1754 1500 1824 μὴ
1536 1754 1644 1823 ἄρα
1697 1754 1813 1818 πώς
1860 1756 1977 1808 ἐστι

2081 1753 2275 1807 anima:
2301 1768 2413 1807 suae
2436 1752 2705 1821 inspector
2721 1754 2834 1808 iiat.
2860 1752 3052 1807 Videat
3075 1770 3143 1808 ne
3178 1753 3320 1810 forte
3352 1769 3530 1809 caecus
3560 1756 3651 1817 sit,

392 1840 606 1909 τυφλὸς,
637 1841 904 1902 τουτέστι,
940 1840 1040 1910 τῆς
1064 1840 1318 1909 ἀληθείας
1359 1841 1421 1895 τὸ
1451 1842 1566 1912 φῶς
1595 1844 1695 1897 οὐκ
1736 1843 1875 1913 ἔχων
1901 1846 1979 1908 είς

397 1932 549 1986 νοῦν·
583 1933 657 2003 μὴ
694 1932 869 2004 σκάζῃ
913 1932 1004 1985 τὸν
1056 1933 1213 1996 πόδα,
1267 1934 1328 1986 τὸ
1370 1933 1685 2003 όρθοποδείν
1720 1936 1979 1989 δύνασθαι

398 2024 533 2096 πρὸς
562 2024 669 2077 πᾶν
694 2022 872 2076 ὁτιοῦν
896 2022 1002 2077 τῶν
1028 2024 1248 2092 ἀγαθῶν
1273 2025 1374 2077 οὑκ
1395 2025 1534 2096 ἔχων
1553 2040 1567 2055 ’
1607 2025 1680 2097 μὴ
1711 2026 1981 2097 ἃρπαγμά

394 2128 453 2167 τε
492 2115 587 2167 καὶ
617 2114 921 2185 ἄρρωστον.
964 2114 1083 2185 Χρὴ
1117 2116 1224 2185 γὰρ
1270 2116 1413 2186 ὑμᾶς
1469 2119 1717 2181 ἀῦπνεῖν,
1752 2135 1771 2169 ι
1805 2120 1925 2171 Ὀτι
1953 2122 1980 2171 ό

397 2207 662 2269 ἀντίδικος
684 2205 863 2277 ἡμῶν,
884 2205 1126 2269 διάϐολος
1144 2206 1218 2270 ὡς
1247 2208 1382 2261 λέων
1408 2209 1780 2281 περιέρχεται,
1800 2210 1980 2280 ζητῶν

395 2302 513 2354 τίνα
538 2300 806 2371 καταπίῃ.
845 2317 864 2349 ι
902 2300 1069 2353 Ὅταν
1091 2300 1269 2353 τοίνυν
1292 2301 1486 2354 άῦπνοί
1518 2319 1577 2355 τε
1618 2302 1714 2354 καὶ
1746 2303 1980 2372 ἐγρηγο-

400 2390 548 2463 ρότες
572 2389 978 2463 εύρισκώμεθα,
1005 2390 1243 2461 παραθεῖ
1266 2393 1327 2445 τὸ
1357 2391 1566 2463 θηρίον.
1603 2393 1663 2445 Ei
1690 2390 1746 2445 δὲ
1786 2391 1981 2445 νυστά-

396 2481 585 2546 ζοντας
624 2482 733 2551 ι’δῃ,
768 2482 862 2535 καὶ
902 2481 1371 2551 κατημεληκότας,
1412 2482 1683 2552 ἅρπαγμα
1721 2485 1974 2544 ποιεῖται,

396 2577 488 2629 καὶ
511 2574 829 2647 ἀρρώστους
850 2574 1123 2638 ἀποτελεῖ,
1152 2574 1448 2649 τουτέστιζ
1466 2575 1858 2644 ἠσθενηκότας,
1886 2577 1981 2629 καὶ

392 2666 638 2737 ἀδρανῶς
661 2664 882 2734 ἔχοντας
913 2663 1108 2733 κομιδῇ
1143 2664 1272 2733 περὶ
1307 2664 1366 2716 τὸ
1395 2663 1654 2717 δύνασθαι
1677 2663 1979 2734 κατορθοῦν

392 2760 614 2828 ἀρετήν.
651 2758 833 2809 Ἔστω
870 2755 927 2808 δὲ
958 2755 1021 2825 δὴ
1060 2755 1155 2808 καὶ
1185 2754 1277 2807 τοῦ
1306 2754 1697 2824 διενοχλείσθαι
1733 2755 1976 2826 μακρὰν,

388 2852 663 2913 τουτέστι,
698 2847 1060 2919 μικροψυχίας
1113 2846 1373 2916 ἀμείνων,
1427 2848 1521 2900 καὶ
1564 2848 1870 2901 διαπίπτων
1922 2851 1979 2900 ὲν

388 2942 664 3010 ὑπομονῇ.
692 2939 901 3009 Ὥσπερ
935 2937 1041 3007 γὰρ
1068 2938 1333 3008 ἀπο-,θέρει
1365 2939 1501 3008 πρὸς
1532 2937 1678 3009 ζωὴν
1716 2940 1815 3010 τῆς
1844 2940 1979 2992 ὑπο-

2082 1843 2338 1914 perfectae
2364 1842 2610 1898 veritatis
2631 1842 2813 1898 lumen
2846 1844 2898 1897 in
2936 1844 3252 1914 praecordiis
3276 1860 3382 1899 non
3411 1846 3651 1910 habens;

2091 1947 2158 1987 ne
2186 1934 2321 2001 pede
2352 1931 2644 1997 claudicet,
2695 1933 2760 1986 ad
2803 1946 2963 1988 omne
2992 1934 3191 1988 bonum
3248 1943 3394 1989 recta
3448 1934 3653 2004 ingredi

2082 2024 2222 2079 haud
2246 2024 2424 2094 potis;
2451 2037 2515 2078 ne
2537 2032 2747 2092 raptum
2775 2024 2926 2093 quid,
2951 2033 3043 2079 aut
3076 2025 3404 2080 morbidum.
3434 2023 3657 2097 Oportet

2080 2117 2221 2170 enim
2252 2131 2351 2172 nos
2413 2115 2760 2185 pervigilare,
2790 2130 2813 2167 ι
2857 2115 3121 2182 Quoniam
3170 2116 3515 2173 adversarius
3562 2134 3658 2175 ιιο-

2082 2214 2193 2260 sler
2213 2204 2461 2259 diabolus
2479 2213 2734 2274 tanquam
2768 2204 2849 2259 leo
2864 2205 3082 2275 rugiens
3106 2205 3386 2271 circumit,
3410 2221 3657 2277 quaerens

2081 2306 2240 2363 quem
2262 2293 2479 2348 devoret
2509 2292 2574 2347 ⁸³.
2620 2311 2639 2345 ι
2674 2292 2731 2347 Si
2777 2293 2944 2362 igitur
2993 2296 3181 2367 vigiles
3244 2300 3656 2369 experrectique

2083 2385 2441 2447 inveniamur.
2488 2387 2859 2453 praetercurrit
2910 2386 3106 2442 bellua.
3153 2387 3248 2442 Sin
3302 2389 3658 2445 dormitantes

2083 2478 2524 2548 negligentesque
2554 2480 2923 2546 conspexerit,
2977 2480 3221 2548 rapinam
3267 2480 3334 2534 de
3364 2479 3521 2535 nobis
3551 2482 3656 2536 sibi

2082 2568 2290 2635 lacit,et
2308 2578 2558 2638 aegrotos,
2576 2570 2675 2623 hoc
2688 2569 3080 2641 est,languidos
3097 2579 3148 2625 et
3163 2571 3456 2626 imbecilles
3472 2573 3658 2628 admo-

2082 2662 2207 2716 dum
2238 2662 2303 2715 ad
2333 2659 2509 2716 oﬂicia
2528 2662 2744 2716 virtutis
2763 2663 2997 2731 legitime
3025 2662 3274 2717 obeunda
3304 2662 3499 2721 reddit.
3533 2663 3660 2718 Pro-

2082 2753 2167 2808 cui
2192 2755 2321 2808 item
2350 2753 2492 2809 absit
2520 2771 2548 2810 a
2574 2755 2871 2820 debilitate,
2896 2754 2997 2809 hoc
3025 2766 3202 2821 est,ne
3220 2769 3279 2810 se
3301 2770 3331 2810 a
3360 2756 3659 2824 dejectione

2081 2845 2243 2899 animi
2271 2856 2325 2901 et
2357 2846 2695 2915 impatientia
2728 2848 2867 2902 vinci
2910 2847 3163 2916 patiatur.
3197 2848 3656 2916 Quemadmodum

2082 2936 2224 2988 enim
2261 2951 2469 2990 morum
2504 2937 2763 3005 patientia
2815 2937 2877 2990 ad
2919 2937 3085 2991 vitam
3111 2978 3126 2999 ,
3174 2938 3244 2993 ita
3302 2938 3659 3007 pusillanimi-

390 3033 570 3102 μονῆς
599 3033 627 3083 ό
647 3030 868 3100 τρόπος,
896 3028 1037 3080 οὕτω
1068 3028 1162 3080 καὶ
1206 3029 1283 3091 είς
1339 3030 1566 3083 θάνατον
1624 3030 1975 3100 μικροψυχία.

2086 3038 2168 3080 tas
2203 3028 2268 3080 ad
2299 3039 2526 3083 mortem
2553 3028 2820 3094 perducit.
2862 3029 2954 3082 Est
2993 3030 3137 3082 enim
3168 3031 3366 3084 mentis
3393 3040 3446 3083 et
3480 3032 3660 3085 cordis

382 3122 508 3178 N05
543 3123 648 3193 γὰρ
681 3119 996 3177 ἀσθένειαν,
1038 3119 1132 3171 καὶ
1181 3119 1407 3189 καρδίας
1454 3120 1682 3189 πάρεσιν
1708 3119 1767 3171 τὸ
1794 3120 1982 3190 χρῆμά

2087 3119 2361 3187 iuit-actio,
2392 3134 2485 3175 seu
2518 3120 2888 3176 imbecillitas.
2919 3120 3153 3176 Proinde
3200 3124 3392 3178 beatus
3445 3136 3660 3193 quoque

382 3231 600 3285 φαμεν.
636 3212 923 3281 Τοιγάρτοι
952 3211 1044 3263 καὶ
1071 3212 1099 3261 ό
1130 3210 1404 3279 μακάριος
1432 3211 1718 3280 προφήτης
1752 3210 1980 3273 Ἦσατας

2085 3211 2335 3266 lsaiasut
2382 3227 2481 3267 nos
2538 3213 2606 3267 ab
2659 3212 2965 3279 huiusmodi
3018 3213 3229 3268 vitiosis
3284 3211 3660 3271 affectionibus

374 3307 506 3359 τῶν
533 3303 792 3357 τοιούτων
832 3303 981 3374 ἡμᾶς
1033 3300 1469 3353 ἀπαλλάττεσθαι
1519 3300 1980 3371 παθώνλσυμὸου-

2084 3301 2432 3356 exsolvamus
2456 3302 2682 3357 suadet:
2714 3319 2732 3353 ι
2752 3301 3365 3367 Confortamini,manus
3393 3305 3654 3367 remissae,

375 3397 544 3451 λεύει
566 3396 765 3463 λέγων’
828 3414 847 3446 ‹
894 3394 1191 3463 Ἰσχύσατε,
1226 3396 1405 3464 χεῖρες
1435 3394 1735 3464 ἀνειμέναι,
1767 3394 1864 3448 καὶ
1893 3394 1981 3461 γό-

2084 3403 2137 3448 et
2170 3408 2341 3465 genua
2369 3393 2649 3447 dissoluta.
2679 3393 3069 3458 Consolamini,
3103 3393 3475 3459 pusillanimes
3501 3410 3659 3448 mena-

372 3505 530 3546 νατα
576 3487 1017 3558 παραλελυμένα.
1076 3485 1563 3557 Παρακαλέσασθε,
1596 3488 1645 3539 οἱ
1671 3487 1979 3557 ὀλιγόψυχοι

2084 3497 2172 3555 te,
2205 3486 2612 3550 conlortamini,
2645 3487 2811 3540 nolite
2837 3487 3049 3541 timere.
3085 3485 3224 3541 Ecce
3255 3485 3397 3541 Deus
3422 3497 3610 3541 noster
3645 3507 3657 3540 :

368 3584 449 3653 τῇ
512 3579 749 3649 διανοίᾳο
812 3577 1087 3648 ἰσχύσατε,
1157 3577 1231 3647 μὴ
1295 3576 1564 3645 φοϐεῖσθε.
1633 3578 1761 3630 Ἰδοὺ
1794 3577 1982 3640 sese;

2084 3594 2211 3635 ecce
2235 3578 2496 3635 Dominus
2517 3594 2639 3634 cum
2676 3576 2995 3633 fortitudine
3046 3578 3245 3641 veniet,
3281 3588 3334 3631 et
3375 3579 3659 3634 brachium

368 3672 575 3745 ἡμῶν,
610 3670 717 3723 ἰδοὺ
746 3669 953 3738 Κύριος
988 3668 1123 3739 μετὰ
1178 3667 1359 3738 ἰσχύος
1393 3668 1635 3739 ἔρχεται,
1664 3669 1759 3721 καὶ
1791 3670 1818 3722 ό
1850 3668 1983 3739 βραο

2083 3669 2202 3740 ejus
2228 3685 2348 3723 cum
2384 3669 2755 3725 dominatione
2794 3669 2860 3722 δι.
2891 3686 2909 3720 s

362 3767 524 3837 χίων
562 3761 707 3829 μετὰ
740 3761 954 3833 κυρίας.
984 3780 1001 3812 ι

2162 3759 2324 3815 Vens.
2358 3761 2444 3814 M.
2488 3757 2556 3814 Et
2587 3761 2898 3815 maledirlus
2927 3760 3081 3814 homo
3109 3760 3201 3825 qui
3234 3768 3349 3815 erat
3380 3769 3580 3829 potens,
3611 3772 3661 3815 et

447 3858 581 3913 Καὶ
609 3852 1050 3923 ἐπικατάρατος,
1087 3853 1154 3919 ὃς
1180 3849 1259 3923 ἦν
1282 3852 1556 3918 δυνατὸς,
1576 3854 1679 3906 καὶ
1709 3851 1985 3919 ὑπῆρχεν

2085 3863 2196 3906 erat
2234 3854 2287 3905 in
2318 3866 2470 3921 grege
2504 3852 2667 3919 ipsius
2703 3853 3014 3917 masculum,
3065 3858 3114 3905 et
3160 3860 3332 3904 vatum
3363 3853 3477 3921 ejus
3504 3866 3665 3919 super

351 3952 438 4004 ἐν
471 3947 572 4012 τῷ
608 3947 861 4014 ποιμνίῳ
906 3944 1086 3998 αὑτοῦ
1120 3943 1325 4013 ἄρσεν,
1387 3946 1485 3998 καὶ
1526 3946 1563 4012 ἡ
1614 3945 1764 4013 εὐχὴ
1799 3944 1984 3998 αὑτοῦ

2087 3960 2166 4009 eo,
2192 3954 2237 3996 et
2268 3943 2500 3996 immolat
2527 3955 2828 4012 corruptum
2858 3945 3097 3998 Domino.
3127 3943 3263 4009 Quia
3294 3941 3407 4011 Rea:
3442 3959 3660 4014 magnus

346 4039 467 4095 ἀπ’
503 4034 709 4099 αὐτῷ,
744 4034 841 4087 καὶ
876 4035 1001 4087 θύει
1030 4033 1461 4101 διεφθαρμένον
1484 4032 1562 4097 τῷ
1595 4036 1806 4101 Κυρίῳ.
1832 4036 1988 4087 Διότι

2087 4049 2178 4102 ego
2203 4036 2488 4101 sum,dicit
2520 4034 2772 4088 Dominus
2807 4038 3155 4103 omnipotens,
3178 4043 3227 4089 εξ
3265 4050 3453 4089 nomen
3490 4047 3660 4089 meum

352 4125 706 4190 Βασιλεὺς
729 4124 916 4193 μέγας
946 4122 1060 4191 ἐγώ
1107 4124 1242 4190 εἰμι,
1301 4121 1461 4191 λέγει
1515 4124 1722 4189 Κύριος
1766 4139 1984 4175 παντο-

252 4236 259 4241 “
347 4220 655 4289 κράτωρ,
733 4214 831 4267 καὶ
883 4212 949 4266 τὸ
1007 4210 1193 4280 ὄνομά
1234 4227 1355 4280 μου
1404 4211 1695 4280 ἐπιφανὲς
1738 4213 1808 4266 ἐν
1863 4212 1986 4277 τοῖς

340 4312 622 4367 ἔθνεσι.

428 4400 556 4455 ῙΕ’.
634 4393 934 4467 Καθορίζει
997 4393 1181 4447 λοιπὸν
1216 4393 1310 4447 τοῦ
1364 4394 1586 4458 θύοντος
1629 4395 1858 4458 ἀνοσίως
1885 4394 1984 4466 τὴν

2161 4382 2277 4438 XV.
2300 4381 2554 4438 Decernit
2586 4397 2731 4437 nunc
2766 4382 3209 4438 ‘maledictionem
3255 4384 3309 4439 in
3349 4383 3663 4439 sacriﬁcan-

336 4494 536 4567 ἀρὰν,
599 4487 713 4542 καὶ
757 4486 902 4556 μάλα
957 4486 1202 4548 εἰκότως.
1239 4487 1301 4539 Ei
1347 4486 1459 4556 γὰρ
1497 4486 1561 4555 δή
1615 4501 1699 4547 τις
1732 4484 1986 4551 εὔξαιτο,

2098 4489 2203 4531 tem
2233 4476 2417 4545 impie,
2444 4474 2605 4543 idque
2639 4490 2735 4544 pro
2771 4490 2834 4531 eo
2859 4475 3017 4544 plane
3043 4490 3108 4530 ac
3155 4477 3404 4531 decebat.
3447 4476 3503 4531 Si
3541 4477 3664 4546 quis

336 4565 525 4659 φήσὶ,
565 4580 684 4633 καὶ
716 4578 774 4630 ἐν
816 4575 1089 4645 ποιμνίοις
1120 4573 1232 4643 ἔχοι
1267 4577 1380 4638 τοῖς
1409 4572 1606 4628 ἑαυτοῦ
1635 4572 1697 4626 τδ
1727 4572 1895 4643 ἄρσεν
1929 4590 1988 4626 τε

2093 4568 2236 4619 enim
2263 4575 2450 4619 votum
2490 4565 2779 4634 concipiat,
2833 4565 3028 4633 inquit,
3080 4568 3221 4620 etin
3263 4567 3515 4637 gregibus
3550 4566 3667 4621 suis

333 4653 448 4737 ,ξαίὶ
490 4677 790 4744 ἄμωμον,
820 4667 937 4721 ἀνθ’
960 4668 1084 4721 ὅτου
1131 4667 1206 4739 μὴ
1251 4666 1410 4720 τοῦτο
1433 4665 1789 4737 προσκομίζει
1827 4664 1947 4732 Θεῷ
1972 4706 1985 4730 ,

2093 4657 2288 4712 habeat
2323 4657 2648 4722 masculum,
2679 4667 2733 4711 et
2756 4659 2822 4713 ab
2855 4658 3002 4712 omni
3035 4658 3154 4713 labe
3190 4653 3403 4725 purum,
3449 4661 3575 4729 quia
3602 4659 3668 4713 il—

332 4771 646 4837 συλλέγει
676 4764 738 4818 δὲ
763 4761 962 4834 μᾶλλον
988 4760 1025 4814 ἃ
1056 4760 1278 4831 μηδενὸς
1307 4761 1435 4825 ἄξια
1457 4758 1684 4829 φαίνοιτ’
1708 4757 1773 4811 ἂν
1807 4757 1988 4825 λόγου,

2090 4753 2178 4807 Iud
2201 4751 2309 4807 Deo
2326 4768 2432 4808 non
2454 4751 2632 4818 oll'ert,
2651 4752 2745 4807 sed
2773 4751 2923 4821 eligit
2944 4753 3125 4822 potius
3158 4764 3277 4820 quae
3296 4752 3493 4806 nullius
3509 4753 3666 4821 pretii

329 4867 523 4936 ὕϐρις
548 4859 628 4914 τὸ
658 4854 859 4928 χρῆμα
886 4852 982 4907 καὶ
1035 4854 1222 4923 ἕτερον
1265 4850 1439 4905 οὐδέν.
1493 4850 1566 4903 Οὐ
1612 4849 1721 4920 γὰρ
1756 4849 1819 4919 δὴ
1847 4849 1988 4901 κατά

2092 4846 2402 4912 videantur,
2431 4845 2565 4901 nihil
2604 4844 2749 4900 aliud
2777 4860 2937 4915 quam
2962 4843 3472 4899 Deocoutumeliam
3515 4843 3664 4898 facit.

323 4932 512 5018 τινας
550 4951 693 5005 τῶν
725 4948 784 4999 ὲν
814 4946 1015 5016 σκότῳ,
1065 4948 1159 4998 καὶ
1198 4942 1448 5005 πλάναις,
1490 4941 1583 4995 καὶ
1626 4940 1874 5010 βεσήλοις
1908 4939 1988 4991 εί-

2095 4936 2209 4992 Non
2230 4939 2396 5003 enim,
2423 4946 2480 4991 ut
2505 4936 2722 5005 quidam
2746 4937 2799 4989 in
2831 4936 3088 5000 tenebris,
3117 4933 3416 4996 erroribus,
3440 4932 3668 5001 impuris

321 5045 701 5109 δωλολατρε
714 5035 842 5099 ίαις,
871 5032 1318 5103 προσκαθήμενοι
1341 5032 1505 5095 λίθοις
1533 5029 1878 5100 ἀναισθήτοις
1904 5029 1989 5081 δε-

2096 5027 2419 5083 idololatriis
2449 5038 2751 5091 versantes,
2810 5026 3077 5096 lapidibus
3125 5039 3321 5079 sensus
3352 5025 3666 5094 expertibus

320 5135 792 5199 δουλεύκαμαψ
820 5125 899 5196 τῷ
939 5124 1058 5195 Θεῷ
1082 5124 1139 5177 δὲ
1187 5123 1387 5194 μᾶλλον
1424 5122 1503 5192 τῷ
1551 5121 1985 5193 παντοκράτορι,

2097 5119 2335 5173 advoluti
2369 5119 2634 5173 servimus
2664 5136 2677 5170 :
2711 5118 2806 5173 sed
2845 5117 2953 5174 Deo
2984 5118 3338 5186 omnipotenti
3374 5116 3588 5188 potius,
3612 5126 3669 5173 et

324 5230 436 5288 καὶ
492 5225 592 5297 τῷ
615 5217 758 5276 τῶν
781 5215 920 5269 ὅλων
942 5214 1313 5284 γενεσιουργῷ
1330 5253 1343 5276 ,
1381 5213 1441 5266 όν
1464 5212 1727 5284 τρέμουσι
1775 5210 1873 5280 μὲν
1904 5211 1995 5262 ού-

2095 5207 2195 5269 ilii,
2231 5223 2261 5260 a
2299 5221 2406 5277 quo
2445 5209 2686 5262 omnium
2736 5222 2915 5261 rerum
2957 5207 3106 5262 initia
3156 5208 3500 5276 originesque
3551 5224 3667 5263 ma-

322 5321 534 5395 pswo’t,
571 5307 992 5377 καταπέφρικε
1023 5306 1081 5359 δὲ
1129 5307 1224 5359 καὶ
1270 5308 1302 5375 ἡ
1342 5306 1436 5375 γῆ,
1473 5306 1567 5359 καὶ
1620 5304 1818 5395 πάντες
1857 5302 1995 5395 οιΔὲν

2096 5310 2316 5362 narunt,
2344 5314 2503 5368 quem
2540 5309 2777 5353 tremunt
2799 5299 2943 5365 caeli,
2978 5299 3164 5353 tremit
3211 5309 3373 5367 terra,
3423 5299 3587 5372 833
3614 5310 3670 5354 et

321 5386 508 5486 αὐτῇ.
556 5401 1000 5473 Ἐπιμαρτυρεϊ
1033 5398 1090 5486 δε
1113 5397 1274 5451 πάλιν
1308 5400 1420 5459 τοῖς
1463 5396 1521 5462 ἐξ
1571 5395 1739 5447 ἐθνῶν
1765 5394 1824 5446 τὸ
1876 5390 1996 5444 λίαν

2095 5405 2285 5444 omnes
2338 5403 2475 5457 quos
2516 5388 2601 5440 illa
2634 5388 2889 5442 sustinet.
2924 5386 3159 5443 Rursum
3198 5388 3267 5445 iis
3309 5391 3398 5461 qui
3425 5405 3490 5444 ex
3538 5402 3672 5460 gen-

317 5474 637 5566 δπιέξχὲς,
713 5490 988 5560 ιπιφανὲς
1040 5485 1181 5544 εἶναι
1232 5490 1407 5558 λέγων
1453 5489 1514 5542 τὸ
1575 5489 1675 5557 τῆς
1743 5486 1996 5554 θεότητος

2097 5483 2239 5537 tibus
2262 5490 2409 5545 sunt,
2442 5494 2650 5549 magna:
2690 5481 2980 5548 probitatis
3005 5482 3369 5537 testimonium
3398 5487 3506 5548 dat,
3540 5481 3667 5533 dum

2089 4122 2287 4175 illustre
2314 4134 2385 4176 est
2418 4125 2469 4175 in
2499 4124 2757 4191 gentibus.

438 5690 580 5725 “4’
619 5684 818 5738 Rom.
856 5689 951 5740 xit,
988 5674 1035 5726 1.
1115 5674 1159 5705 ³³
1192 5672 1208 5726 |
1237 5669 1379 5726 Petr.
1413 5686 1463 5735 v,
1508 5670 1561 5724 8.
1638 5666 1681 5696 λδ
1708 5664 1807 5720 lsa.
1841 5676 1999 5730 XXXV,
2036 5660 2150 5716 5-5.
2656 5683 2768 5715 ηιμ
