4026 6276
415 268 522 324 :05

1423 268 1483 322 S.
1528 265 1808 321 CYlilLLl
1862 266 2333 323 ALEXANDBINI
2373 266 2691 323 ARCIIIEP.

3578 266 3679 320 5οι

416 378 722 438 divinitatis
766 393 962 435 nomen
1002 377 1144 448 apud
1174 391 1266 431 eos
1304 392 1581 446 magnum,
1627 376 1988 430 venerandum

2101 378 2270 447 ὄνομα
2313 377 2441 447 παρ’
2473 379 2675 439 αὐτοῖς,
2709 360 2901 429 σεπτόν
2924 392 2978 427 τε
3031 375 3122 427 καὶ
3181 374 3528 443 άξιάγαστον.
3558 382 3677 433 Δια-

416 485 470 527 et
498 471 874 527 admirandum
907 485 1033 526 esse
1055 467 1367 524 conﬁrmat.
1403 469 1515 522 lloc
1549 467 1689 522 idem
1739 483 1837 522 nos
1862 481 1998 536 quo-

415 578 545 632 que,
570 572 625 617 et
653 577 757 616 non
782 561 927 615 aliud
961 560 1281 617 sentiamus.

488 649 735 719 Suscepit
762 659 940 702 autem
965 657 1020 703 et
1053 648 1316 703 Dominus
1368 657 1550 703 noster
1572 647 1730 703 Jesus
1752 648 2001 704 Christus

419 742 799 796 centurionem
828 741 1194 803 idololatram,
1220 740 1460 809 dixitque
1480 741 1699 808 insuper
1730 759 1741 795 :
1780 759 1798 792 ι
1827 741 1999 795 Amen

419 834 542 887 dico
578 834 875 899 vobis,non
905 833 1083 887 inveni
1119 842 1323 885 tantam
1369 833 1530 886 ﬁdem
1573 836 1624 887 in
1670 832 1834 887 lsrael
1863 833 1930 885 ⁸⁵.
1975 852 1994 884 ι

415 924 738 980 Maledictus
767 940 899 994 ergo
946 925 1040 994 qiti
1092 925 1202 979 Deo
1236 933 1550 993 corruptum
1596 938 1692 979 seu
1744 925 1995 978 vitiosum

418 1016 717 1078 sacriﬁcat,
768 1031 886 1070 cum
932 1015 1103 1084 possit
1148 1016 1297 1070 illum
1345 1017 1616 1069 honorare
1652 1016 1995 1082 melioribus,

414 1107 682 1177 siquidem
709 1106 761 1159 in
793 1106 1049 1176 gregibus
1078 1106 1217 1173 suis,
1245 1116 1303 1160 ut
1331 1105 1487 1160 modo
1523 1107 1721 1160 dictum
1756 1118 1860 1173 est,
1891 1108 1994 1160 im-

415 1197 745 1249 maculatum
799 1205 854 1249 et
906 1196 1203 1247 masculum
1262 1194 1444 1247 habet.
1485 1193 1888 1248 Observandum
1928 1193 1995 1246 ad

412 1288 739 1342 sacrificium
780 1286 886 1355 peti
912 1284 1235 1348 masculum,
1268 1283 1395 1338 licet
1442 1284 1525 1337 lex
1566 1284 1675 1338 Deo
1710 1284 1996 1339 immolare

412 1379 574 1433 etiam
616 1378 870 1432 feminam
906 1376 1233 1445 praeceperit
1264 1375 1332 1432 ⁸⁸.
1367 1376 1609 1430 Dicimus
1638 1375 1801 1445 igitur
1830 1376 1995 1430 sacri-

414 1471 535 1530 ﬁcia
568 1485 632 1524 ex
670 1480 809 1533 voto,
850 1470 951 1523 hoc
982 1478 1087 1537 est,
1130 1483 1278 1523 mere
1310 1468 1639 1532 voluntaria,
1679 1468 1995 1522 immacula-

414 1574 523 1617 tam
560 1574 612 1616 et
637 1562 929 1617 masculum
963 1562 1240 1615 victimant
1271 1561 1600 1631 postulasse,
1639 1570 1695 1616 et
1734 1572 1895 1631 typus
1925 1564 1991 1615 ad

392 1655 725 1725 ,oﬁ‘erentem
759 1642 1091 1723 pertinebat,
1128 1655 1528 1723 quodammodo
1566 1657 1823 1712 hortante
1848 1657 1988 1727 lege,

2107 468 2419 539 κεισὼμεθα
2447 471 2554 539 γὰρ
2580 470 2676 537 οὐχ
2709 469 2910 538 ἑτέρως
2932 470 3110 539 ἡμεῖς,
3149 468 3181 537 ἢ
3218 468 3358 521 κατά
3378 468 3567 522 τοῦτον
3593 472 3679 523 τὸν

2102 561 2320 631 τρόπον.

2183 652 2499 721 Ἀπεδέχετο
2522 650 2577 704 δὲ
2608 651 2700 704 καὶ
2725 652 2753 701 ὁ
2790 649 2994 720 Κύριος
3020 649 3180 719 ἡμῶν
3214 648 3422 720 Ἰησοῦς
3450 650 3676 719 Χριστὸς

2100 743 2490 811 είδωὶολάτρην
2549 744 2681 796 ὄντα
2730 742 2821 794 τὸν
2883 742 3305 811 ἑκατόνταρχον,
3364 744 3459 795 καὶ
3495 743 3557 812 δὴ
3589 746 3678 797 καὶ

2099 834 2355 902 ἕφασκεψ
2388 854 2404 885 ι
2454 836 2626 904 Ἀμὴν
2676 832 2819 901 λέγω
2850 834 2999 901 ὑμῖν,
3030 833 3161 901 παρ’
3192 832 3364 884 οὐδενὶ
3414 834 3678 904 τοσαύτην

2100 928 2281 978 πίστιν
2302 918 2460 996 εὗρον
2494 927 2550 977 ὲν
2581 925 2657 995 τῷ
2707 924 2943 994 Ἰσραήλ.
2975 943 2993 975 ι
3035 924 3336 995 Ἐπάρατος
3370 920 3463 976 οὖν
3494 926 3520 976 ὁ
3540 924 3678 979 θύων

2097 1017 2216 1087 Θεῷ
2241 1017 2337 1070 καὶ
2358 1016 2828 1087 κατεφθαρμένοι),
2870 1016 3049 1068 καίτοι
3082 1017 3172 1067 τὸν
3207 1016 3370 1067 αὑτὸν
3400 1020 3513 1078 τοῖς
3534 1017 3677 1085 ἀμεί-

2096 1125 2211 1160 νοσι
2267 1109 2434 1176 τιμᾷν
2496 1108 2595 1176 (1),
2650 1106 2809 1175 εἴπερ
2854 1106 2909 1158 έν
2942 1106 3215 1175 ποιμνίοις
3248 1106 3378 1175 ἔχει,
3430 1107 3676 1177 καθάπερ

2077 1197 2232 1266 ,ἔφην
2266 1194 2489 1267 ἀρτίως,
2515 1198 2573 1249 τὸ
2601 1196 2834 1265 ἅμωμὸν
2870 1213 2928 1248 τε
2970 1196 3063 1248 καὶ
3100 1197 3285 1265 ἄρσεν.
3336 1197 3675 1265 Σημειωτέον

2094 1287 2167 1351 δὲ,
2203 1288 2283 1339 ὅτι
2310 1286 2370 1339 τὸ
2409 1286 2573 1355 ἄρσεν
2597 1288 2675 1348 εἰς
2711 1287 2902 1340 θυσίαν
2957 1289 3130 1350 αίτεῖ,
3177 1287 3474 1340 καίτοιτοῦ
3513 1288 3674 1356 νόμου

2095 1378 2525 1447 προστεταχότος
2579 1377 2871 1431 καταθύειν
2923 1377 3041 1447 Θεῷ
3104 1378 3199 1431 καὶ
3249 1367 3440 1447 θήλεα.
3499 1380 3677 1448 Φαμὲν

2094 1465 2207 1531 οὖν,
2238 1470 2317 1521 ὅτι
2345 1470 2400 1521 αἱ
2430 1468 2550 1520 κατ’
2578 1468 2742 1537 εὐχὴν
2793 1468 2993 1531 θυσίαι,
3036 1467 3307 1531 τουτέστι,
3334 1466 3401 1519 τὰ
3434 1468 3674 1533 ἑκούσια,

2093 1560 2154 1611 τὸ
2184 1559 2412 1630 ἄμωμον
2438 1576 2496 1613 τε
2533 1559 2623 1612 καὶ
2663 1560 2829 1628 ἄρσεν
2853 1558 3097 1628 ἐδέχοντο
3119 1557 3288 1627 θῦμα,
3316 1558 3410 1609 καὶ
3433 1554 3501 1627 ἦν
3534 1561 3562 1611 ὁ
3590 1558 3678 1610 tti-

2096 1670 2194 1716 πος
2225 1655 2305 1715 είς
2363 1651 2454 1705 τὸν
2510 1651 2874 1722 προσάγοντα,
2938 1651 3218 1720 μονονουχὶ
3260 1650 3678 1720 παρεγγυῶντος

410 1749 476 1803 ad
505 1749 667 1805 Deum
696 1749 941 1803 volentes
972 1749 1024 1802 in
1052 1748 1273 1802 odorem
1326 1749 1616 1805 suavitatis
1668 1751 1984 1816 ascendere,

2094 1742 2188 1794 τοῦ
2211 1743 2397 1812 νόμου,
2422 1741 2503 1793 ὅτι
2524 1741 2629 1811 χρὴ
2652 1742 2776 1803 τοὺς
2804 1742 2883 1802 είς
2903 1739 3079 1811 ὀσμὴν
3108 1740 3336 1802 εὐωδίας
3365 1741 3678 1794 ἀναϐαίνειν

410 1837 595 1893 viriles
643 1848 697 1892 et
727 1836 897 1891 animi
947 1836 1456 1907 perturbationibus
1514 1836 1774 1904 majores,
1825 1846 1988 1906 atque

412 1932 479 1985 ab
510 1930 656 1985 omni
695 1928 1126 1999 reprehensione
1160 1926 1528 1981 alienissimos
1561 1942 1684 1982 esse
1710 1939 1985 1997 oportere.

418 2019 698 2074 Sacriﬁcia
752 2028 928 2073 anteiit
971 2033 1069 2088 pro
1116 2017 1379 2088 peccatis,
1411 2016 1478 2071 de
1510 2017 1666 2087 agnis
1714 2027 1769 2072 et
1820 2018 1989 2072 haedis

408 2108 669 2167 femiitam
704 2109 1067 2165 admittebant
1093 2110 1272 2177 plane.
1312 2111 1489 2177 Atque
1529 2108 1644 2162 haec
1693 2109 1856 2163 etiam
1890 2110 1989 2162 im~

409 2203 725 2259 becillitatis
753 2202 1096 2261 offerentium
1139 2199 1433 2256 insinuatio
1454 2201 1701 2270 quaedam
1731 2209 1865 2255 erat.
1904 2200 1989 2254 ln-

406 2298 578 2351 ﬁrmaa
608 2296 753 2351 enim
796 2305 930 2351 sunt
964 2293 1200 2358 feminae,
1248 2301 1302 2348 et
1329 2292 1568 2347 maribus
1611 2293 1808 2346 robore
1847 2291 1988 2346 infe-

408 2390 602 2441 riores.
633 2386 805 2442 Omne
831 2394 1010 2451 autem
1037 2394 1341 2454 peccatum,
1377 2391 1555 2438 mente
1579 2382 1851 2443 infirmata
1888 2398 1985 2437 nec

404 2478 635 2547 amplius
669 2476 953 2548 spirituale
984 2478 1147 2533 robur
1178 2484 1536 2535 conservante
1556 2516 1571 2542 ,
1603 2474 1982 2530 consciseitur.

1066 2699 1217 2754 CAP.
1260 2697 1323 2751 ll.

476 2831 639 2888 Vens.
683 2832 735 2898 l,
774 2833 830 2887 2.
869 2833 932 2887 Et
963 2848 1101 2886 nunc
1134 2831 1443 2885 mandatum
1475 2833 1572 2886 hoc
1607 2831 1676 2887 ad
1709 2848 1814 2897 vos,
1836 2848 1866 2885 ο
1900 2849 1986 2886 sa-

406 2926 639 2977 cerdotes
666 2936 685 2975 :
721 2921 779 2979 Si
824 2939 925 2977 non
964 2923 1271 2991 audieritis,
1313 2934 1358 2977 et
1394 2925 1441 2977 si
1474 2940 1576 2975 non
1611 2925 1888 2990 posueritis
1929 2925 1983 2977 in

405 3037 494 3074 rer
522 3033 767 3083 vestrum,
806 3029 861 3073 ut
891 3020 1022 3073 detis
1059 3021 1282 3087 gloriam
1311 3018 1511 3073 nomini
1541 3034 1674 3082 meo,
1708 3018 1837 3071 dicit
1870 3018 1975 3071 Do-

2089 1834 2371 1897 ἐθέλοντας
2401 1834 2481 1903 τῷ
2508 1832 2648 1903 Θεῷ,
2696 1832 2975 1903 ἀνδρείους
3032 1850 3091 1885 τε
3143 1829 3319 1897 εἶναι,
3354 1834 3448 1885 καὶ
3490 1833 3678 1885 παθῶν

2088 1927 2362 1996 ἀμείνους,
2388 1927 2482 1980 καὶ
2510 1926 2705 1997 μώμου
2736 1926 2937 1989 παντὸς
2958 1926 3252 1980 ἀπωτάτω.
3273 1928 3341 1978 Αἰ
3366 1926 3423 1979 δέ
3447 1945 3510 1994 γε
3540 1927 3677 1997 ὑπὲρ

2089 2020 2373 2090 ἁμαρτιῶν
2429 2021 2837 2091 προσαγόμεναι
2896 2019 3095 2084 θυσίαι,
3147 2019 3209 2072 τὸ
3271 2020 3408 2088 θῆλυ
3458 2022 3677 2081 πάντως

2089 2109 2331 2178 ἐδέχοντο
2365 2110 2473 2162 ἀπὸ
2500 2109 2607 2162 τῶν
2655 2110 2866 2180 ἀμνῶν,
2903 2110 2996 2163 καὶ
3041 2109 3149 2163 ἀπὸ
3196 2110 3303 2161 τῶν
3330 2111 3557 2181 ἐρίφων.
3587 2110 3677 2162 Ατ-

2089 2218 2260 2271 νιγμα
2289 2200 2342 2253 δὲ
2377 2202 2471 2254 καὶ
2514 2201 2671 2255 τοῦτο
2700 2202 2798 2272 τῆς
2828 2201 2937 2256 τῶν
2972 2202 3362 2271 προσαγόντων
3396 2202 3676 2265 ἀσθενείας

2087 2286 2174 2363 ἦν.
2221 2292 2451 2345 Ἂναλκι
2501 2292 2610 2363 γὰρ
2642 2293 2703 2346 τὸ
2759 2292 2892 2359 θῆλυ
2919 2335 2933 2357 ,
2998 2292 3094 2345 καὶ
3139 2292 3249 2344 τῶν
3313 2291 3561 2362 ἀρσένων
3604 2292 3678 2354 ὡς

2088 2385 2146 2436 έν
2178 2383 2321 2453 ἰσχύϊ
2358 2383 2629 2453 δεύτερον.
2671 2383 2944 2454 Ἀμαρτία
2968 2384 3024 2437 δὲ
3048 2385 3196 2437 πᾶσα
3221 2382 3396 2454 δρῷτο
3419 2382 3485 2435 ἂν
3514 2381 3677 2452 ἡσθε-

2090 2474 2314 2542 νηκότος
2338 2473 2430 2527 τοῦ
2460 2473 2573 2539 νοῦ,
2605 2475 2698 2527 καὶ
2728 2472 2847 2526 οὔτε
2877 2491 2979 2527 που
3010 2473 3209 2543 μᾶλλον
3247 2472 3346 2542 τὴν
3385 2489 3676 2543 πνευματι-

2088 2565 2190 2633 κὴν
2234 2564 2496 2629 σώζοντος
2527 2564 2851 2633 εὐρωστίαν.
3002 2608 3041 2627 ,ρ

2692 2698 2921 2749 ’ΚΕΦΑΛ
2935 2738 2946 2750 .
3000 2697 3071 2750 Β’.

2136 2833 2270 2886 ‘Kui
2300 2831 2417 2885 νῦν
2474 2831 2694 2900 ἐντολὴ
2749 2832 2900 2898 αὕτη
2961 2832 3106 2900 πρὸς
3148 2826 3325 2898 ὑμᾶς,
3380 2832 3433 2882 oi
3482 2829 3668 2897 ἱερεῖς·

2104 2923 2238 2977 Ἐὰν
2258 2923 2343 2992 μὴ
2375 2925 2699 2988 ἀκούσητε,
2767 2924 2866 2976 καὶ
2907 2924 3016 2977 ἐὰν
3070 2923 3157 2990 μὴ
3212 2920 3401 2989 θῆσθε
3448 2924 3533 2986 εἰς
3564 2921 3678 2988 thr

2092 3015 2344 3085 καρδίαν
2370 3016 2558 3086 ὑμῶν,
2576 3015 2683 3071 τοῦ
2710 3015 2922 3070 δοῦναι
2954 3016 3144 3079 δόξαν
3171 3014 3251 3080 τῷ
3272 3015 3518 3083 ὀνόματί
3535 3031 3675 3082 μου,

405 3114 578 3165 minus
608 3115 959 3181 omnipotens,
994 3112 1202 3164 mittam
1235 3126 1389 3179 super
1424 3126 1508 3164 vos
1538 3109 1979 3173 maledictionem,

2093 3108 2247 3177 λέγει
2305 3111 2522 3175 Κύριος
2555 3107 2999 3176 παντοκράτωρ,
3043 3107 3140 3161 καὶ
3169 3106 3557 3171 ἐξαποστελῶ
3582 3107 3677 3173 ἐφ’

403 3205 777 3259 etmaledicmn
827 3204 1232 3257 benedictionem
1282 3216 1530 3268 vestram,
1569 3213 1615 3256 et
1666 3201 1983 3256 maledicam

405 3299 595 3365 ipsum.
658 3295 725 3348 Et
778 3296 1041 3363 dissipabo
1077 3297 1483 3351 benedictionem
1524 3304 1772 3362 vestram,
1801 3307 1851 3348 et
1883 3311 1983 3347 non

406 3391 502 3443 erit
533 3391 589 3442 in
633 3389 798 3453 vobis,
842 3389 969 3457 quia
1014 3405 1098 3443 vos
1142 3405 1245 3443 non
1292 3390 1485 3457 ponitis
1542 3389 1597 3442 in
1619 3404 1709 3441 cor
1734 3399 1980 3442 vestram.

478 3653 618 3710 XVI.
660 3652 859 3723 Culpas
886 3655 1148 3707 hactenus
1178 3651 1447 3706 admissas
1480 3668 1545 3704 ex
1577 3651 1822 3706 bonitate
1846 3667 1983 3705 con-

408 3748 591 3811 donat,
642 3754 696 3799 et
739 3743 1175 3799 misericordiam
1221 3742 1427 3806 tribuit,
1460 3730 1779 3811 peccatores
1833 3743 1984 3812 quasi

409 3839 476 3891 ad
508 3838 819 3904 primaevam
850 3838 1104 3889 virtutem
1149 3848 1435 3888 revocans.
1469 3832 1583 3889 Hoc
1610 3849 1733 3889 eum
1776 3834 1986 3901 signiﬁ-

407 3944 533 3983 care
557 3942 777 3992 censeo,
813 3926 939 3979 dum
966 3925 1264 3979 clementer
1295 3925 1370 3979 ait
1401 3943 1412 3979 :
1441 3943 1459 3977 ι
1503 3925 1569 3979 Ει
1593 3941 1735 3980 [tunc
1766 3925 1989 3978 manda-

404 4027 518 4070 tum
544 4016 644 4071 hoc
671 4016 737 4071 ad
770 4030 884 4079 vos,
904 4030 937 4070 ο
964 4015 1296 4070 sacerdotes.
1333 4034 1351 4068 ι
1386 4015 1624 4069 Minatur
1643 4025 1821 4071 autem
1846 4016 1989 4070 dein-

406 4124 553 4176 ceps,
588 4108 689 4161 nisi
730 4108 913 4164 facere
976 4109 1143 4163 velint
1186 4124 1313 4181 quin
1359 4123 1454 4163 eos
1505 4106 1687 4163 facere
1736 4118 1986 4164 constare

405 4207 639 4269 oportet,
670 4201 1092 4271 divinorumque
1129 4199 1479 4254 oraculorum
1502 4213 1721 4255 sensum
1753 4200 1804 4253 in
1833 4215 1985 4254 men-

408 4302 513 4347 tem
565 4302 619 4345 et
659 4307 756 4346 cor
815 4293 1131 4355 immittere,
1185 4290 1353 4363 834
1393 4302 1447 4346 et
1488 4292 1682 4360 seipsis
1732 4292 1986 4348 meliores

405 4382 713 4448 evaserint,
742 4390 797 4436 et
834 4381 928 4437 Dei
978 4382 1204 4452 gloriam
1237 4383 1617 4450 qumsiverint,
1657 4382 1828 4435 altare
1879 4397 1984 4436 non

2086 3195 2239 3265 ὑμᾶς
2272 3197 2385 3264 τὴν
2410 3196 2696 3264 κατάραν,
2736 3197 2833 3249 καὶ
2866 3195 3381 3265 ἐπικαταρὰσομαι
3433 3196 3547 3262 τὴν
3572 3198 3675 3249 εὐ-

2084 3292 2298 3356 λογίαν
2324 3288 2513 3358 ὑμῶν,
2569 3292 2668 3343 καὶ
2712 3288 3122 3358 καταράσομαι
3165 3289 3379 3354 αὐτήν.
3412 3289 3518 3342 Καὶ
3546 3287 3677 3342 δια-

2086 3381 2365 3435 σκεδάσω
2393 3383 2509 3451 τὴν
2554 3384 2840 3453 εὐλογίαν
2864 3382 3051 3450 ὑμῶν,
3085 3381 3187 3435 καὶ
3241 3384 3352 3435 οὐκ
3389 3381 3559 3435 ἕσται
3608 3381 3683 3435 ἐν

2086 3472 2263 3538 ὑμῖν,
2316 3473 2406 3526 ὅτι
2467 3474 2635 3543 ὑμεῖς
2694 3477 2765 3529 οὺ
2817 3475 3054 3528 τίθεσθε
3125 3476 3212 3541 εις
3260 3475 3377 3541 τὴν
3423 3473 3687 3541 καρδίαν

2088 3563 2274 3631 ὑμῶν.
2584 3600 2591 3607 κ

2158 3657 2274 3721 lq'.
2305 3656 2542 3726 Παρίησι
2576 3656 2892 3725 φιλαγάθως
2922 3658 3019 3719 τὰς
3060 3656 3154 3707 ἐπὶ
3180 3657 3293 3717 τοῖς
3323 3655 3425 3725 ἤδη
3466 3654 3686 3722 φθάσα-

2090 3762 2173 3798 σιν
2200 3747 2401 3811 αίτίας,
2435 3748 2529 3800 καὶ
2577 3748 2730 3817 νέμει
2781 3748 2870 3800 τὸν
2915 3747 3085 3809 ἔλεον,
3138 3747 3222 3808 είς
3277 3746 3454 3815 ἀρχὰς
3487 3745 3688 3816 ὥσπερ

2086 3838 2386 3901 ἐπιεικείας
2423 3838 2698 3901 ἀνατιθεὶς
2729 3840 2855 3901 τοὺς
2915 3838 3330 3909 ἡμαρτηκότας.
3386 3837 3547 3889 Τουτὶ
3575 3838 3688 3906 μὲν

2086 3924 2238 3999 οἶμαι
2264 3929 2478 3999 δηλοῦν,
2522 3930 2749 3997 λέγοντα
2780 3930 3033 4001 χρηστῶς
3064 3931 3145 3983 76'
3206 3947 3225 3980 ι
3260 3929 3371 3982 Καὶ
3402 3929 3496 3982 νῦν
3528 3931 3559 3998 ἡ
3593 3930 3693 3983 ὲν-

2087 4021 2216 4093 τολὴ
2246 4021 2384 4093 αὕτη
2408 4022 2542 4091 πρὸς
2566 4023 2731 4092 ὑμᾶς,
2761 4025 2809 4075 oi
2840 4025 3023 4092 ἱερεῖς.
3049 4043 3068 4074 ι
3108 4020 3347 4074 Ἀπειλεῖ
3382 4021 3438 4072 δὲ
3467 4020 3691 4081 λοιπὸν,

2087 4114 2162 4177 ὡς
2194 4116 2244 4168 εί
2272 4114 2346 4185 μὴ
2401 4115 2608 4185 ἔχοιντο
2641 4118 2814 4168 ποιεῖν
2861 4115 2897 4169 ἃ
2951 4114 3056 4185 χρὴ
3090 4114 3376 4176 ποιοῦντας
3410 4112 3649 4182 ὁρᾶσθαι
3670 4153 3690 4177 ,

2090 4205 2182 4257 καὶ
2216 4207 2295 4267 εἰς
2349 4204 2474 4258 νοῦν
2532 4205 2641 4258 ἔσω
2682 4204 2928 4258 τίθεσθαι
2970 4207 3067 4257 καὶ
3115 4203 3346 4273 καρδίαν
3370 4203 3480 4255 τῶν
3516 4200 3694 4254 θείων

2088 4296 2579 4365 χρησμῳδημάτων
2633 4297 2733 4367 τὴν
2789 4294 3085 4363 αἴσθησιν,’
3123 4294 3332 4347 ἔσοιντο
3386 4310 3447 4345 τε
3495 4293 3671 4347 αὐτό--

2086 4387 2346 4456 ἀμείνους
2375 4387 2406 4457 ἢ
2437 4388 2627 4449 πάλαι,
2663 4388 2759 4440 καὶ
2801 4388 2898 4457 τὴν
2930 4387 3026 4440 τοῦ
3057 4387 3193 4440 Θεοῦ
3228 4386 3387 4452 δόξαν
3413 4384 3697 4456 ἐπιζητή-

414 4471 552 4525 ultra
586 4471 999 4539 vilipendentes,
1050 4486 1226 4539 neque
1256 4480 1464 4525 temere
1489 4481 1543 4525 et
1571 4472 1709 4527 citra
1744 4472 1988 4541 explora-

2095 4495 2265 4544 σειαν,
2312 4479 2385 4549 μὴ
2434 4480 2971 4551 κατασμικρύνοντες
3025 4480 3106 4533 ἔτι
3156 4479 3216 4533 τὸ
3269 4480 3696 4548 θυσιαστήριον,

417 4568 617 4625 tionem
641 4563 846 4633 legibus
866 4563 1069 4617 sancita
1102 4576 1257 4617 sacra
1282 4569 1624 4630 peragentes,
1653 4562 1989 4628 penitissime

411 4656 518 4709 illis
571 4652 987 4709 maledictorum
1035 4659 1091 4706 et
1147 4636 1558 4705 succensurum.
1617 4649 1756 4706 Puto
1810 4660 1987 4705 autem

406 4761 531 4817 ego,
573 4743 802 4800 istorum
834 4743 1148 4807 verborum,
1201 4758 1219 4792 ι
1270 4741 1586 4799 Maledicam
1630 4742 1988 4797 benedictioni

410 4849 626 4903 vestrm,
656 4846 710 4891 et
730 4835 1004 4905 dissipabo
1034 4835 1233 4904 ipsam,
1264 4851 1284 4885 ι
1322 4834 1464 4889 hanc
1495 4832 1722 4891 forsitan
1767 4844 1989 4889 senten-

410 4931 540 4985 tiain
594 4943 720 4985 esse
756 4946 771 4982 :
803 4927 916 4983 De»
958 4926 1277 4997 quibusdam
1338 4925 1649 4981 felicitatem
1696 4937 1986 4993 annuente,

408 5023 632 5079 uberem
664 5028 988 5092 proventum
1014 5019 1069 5073 in
1100 5020 1245 5091 agris
1273 5018 1409 5083 fore,
1436 5029 1493 5073 et
1514 5012 1699 5074 on‘inia
1724 5034 1984 5089 prospere

408 5126 746 5189 successum,
769 5120 825 5166 et
857 5124 1061 5180 pecora
1096 5109 1492 5166 incredibiliter
1522 5126 1746 5167 numero
1768 5124 1984 5169 auctum

408 5202 495 5267 iri,
528 5204 779 5273 ipsosque
820 5203 874 5257 in
900 5203 1223 5273 corporibus
1254 5202 1388 5258 nihil
1420 5202 1703 5259 adversum
1736 5206 1987 5262 noxium-

407 5304 512 5358 que
542 5307 820 5361 passuros.
850 5291 1145 5348 Auferente
1175 5300 1354 5347 autem
1399 5292 1513 5361 ipso
1548 5293 1983 5355 benedictionem

511 5468 558 5504 ⁸⁸
596 5469 785 5525 Matth.
815 5487 931 5537 \‘lll,
972 5471 1057 5526 10.
1137 5472 1182 5503 ⁸⁸
1209 5472 1383 5527 Levit.
1414 5489 1526 5527 uti
1581 5489 1733 5545 seqq.

479 5674 556 5749 (1)
592 5674 781 5731 Deﬁcit
812 5674 1036 5731 verbum
1069 5674 1443 5745 impersonale.

2090 4570 2234 4639 μήτε
2268 4568 2372 4641 μὴν
2404 4570 2590 4633 ἁπλῶς
2619 4570 2651 4640 ἢ
2680 4570 3059 4633 ἀϐασανίστως
3109 4568 3390 4633 τελοῦντες
3414 4570 3481 4623 τὰ
3520 4586 3693 4623 νενο-

2094 4660 2355 4729 μισμένα,
2388 4662 2562 4731 πάντη
2583 4680 2641 4715 τε
2671 4663 2767 4716 καὶ
2812 4664 3032 4726 πάντως
3062 4663 3485 4733 κατηραμένους
3542 4662 3703 4715 ἀπο-

2086 4754 2253 4818 φανεῖ
2285 4754 2375 4806 καὶ
2429 4754 2535 4808 ὑπὸ
2577 4756 2726 4809 θείαν
2772 4754 2930 4818 ὄντας
2961 4755 3155 4825 ὀργήν.
3216 4750 3388 4824 Οἶμαι
3417 4754 3472 4807 δὲ
3501 4752 3702 4820 ἔγωγε

2088 4842 2283 4912 δηλοῦν
2308 4845 2389 4910 τὸ,
2420 4864 2438 4895 ι
2479 4846 2985 4918 Ἐπικαταράσομαι
3005 4846 3104 4918 τὴν
3116 4846 3367 4915 εὐλογίαν
3391 4844 3573 4914 ὑμῶν,
3592 4846 3709 4899 καὶ

2092 4932 2431 4989 διασκεδάσω
2456 4936 2647 5008 αὐτὴν,
2687 4958 2708 4991 ι
2736 4939 2914 4993 ἐκεῖνο
2940 4940 3083 5008 τάχα
3116 4950 3247 4993 m.
3279 4936 3414 4991 Θεοῦ
3435 4935 3534 5005 μὲν
3577 4936 3710 5007 γὰρ

2090 5025 2487 5089 κατανεύοντος
2518 5027 2617 5098 τὴν
2644 5029 2946 5100 εὐημερίαν
2993 5031 3159 5095 τισὶν,
3184 5028 3487 5098 ,εὐφορήσει
3519 5026 3605 5079 τὰ
3643 5028 3713 5079 ὲν

2090 5116 2303 5187 ἀγροῖς,
2331 5117 2630 5188 εὐκαρπίαι
2660 5135 2722 5172 τε
2771 5121 2987 5187 ἔσονται
3024 5123 3122 5176 καὶ
3165 5118 3435 5189 εὖθηνίαι,
3466 5116 3571 5169 καὶ
3620 5120 3715 5180 ei;

2094 5205 2304 5275 πληθὺν
2321 5207 2628 5279 ἀμέτρητον
2655 5211 2909 5266 ἐπιδώσει
2930 5211 3001 5265 τὰ
3016 5210 3337 5281 θρέμματα,
3362 5207 3458 5261 καὶ
3472 5204 3717 5276 φθορᾶς

2093 5296 2303 5354 ἔσονται
2328 5300 2429 5370 τῆς
2458 5301 2565 5357 τῶν
2588 5304 2860 5372 σωμάτων
2880 5305 3138 5376 ἀμείνους
3172 5301 3350 5356 αὐτοί.
3393 5299 3721 5367 ’Δφιστάν-
