4026 6276
423 537 528 592 305

1241 540 1794 608 (TOMMENTAlllUS
1829 542 1896 598 1N
1936 543 2347 600 MALACHIAM
2389 542 2831 598 PROPIIETAM.

3554 549 3664 609 506

419 662 508 711 τος
533 646 593 700 δὲ
647 647 748 718 τὴν
787 650 1036 718 εὐλογίαν
1085 652 1273 719 αὐτοῦ,
1322 657 1460 726 πρὸς
1516 659 1622 712 πᾶν
1681 661 1989 714 τούναντίον

2095 676 2270 727 suam,
2296 677 2380 717 res
2410 662 2632 718 omnino
2666 675 2879 715 versum
2914 660 2979 714 iri
3026 669 3169 714 retro
3193 669 3246 714 et
3295 671 3492 718 statum
3543 667 3672 721 bea-

420 739 796 809 μεταχωρήσει
829 741 898 794 τὰ
927 745 1248 813 πράγματα,
1276 748 1370 800 καὶ
1389 749 1622 806 ἀπέσται
1647 752 1744 820 μὲν
1774 753 1992 816 πάντως

417 826 474 878 τὸ
499 828 814 898 εὐημερεῖν,
846 837 1248 905 κατακρατήσει
1281 837 1337 890 δὲ
1370 840 1569 907 μᾶλλον
1593 842 1659 894 τὰ
1689 843 1773 910 ἐφ’
1804 838 1886 905 οἷς
1926 843 1992 896 ἂν

418 917 638 980 εἰκότως
673 923 1023 989 καταγένοιτό
1048 943 1150 987 τις.
1183 928 1290 980 Καὶ
1325 931 1484 984 ταυτὶ
1525 932 1624 1000 μὲν
1652 933 1679 983 ὁ
1709 932 1866 1000 λόγος
1917 934 1992 996 ὡς

415 1008 469 1058 ἐν
500 1007 777 1077 αἰσθητοῖς
803 1029 861 1064 τε
887 1015 978 1066 καὶ
1007 1018 1364 1088 προσκαίροις
1397 1022 1738 1090 πράγμασιν.

481 1097 692 1153 Είδέναι
725 1102 782 1154 δὲ
807 1105 1099 1172 ἀναγκαῖον
1123 1107 1218 1172 ὡς,
1236 1111 1283 1162 εί
1313 1113 1386 1182 μή
1414 1129 1499 1175 τις
1519 1113 1694 1166 ἕλοιτο
1719 1114 1818 1178 τὰς
1840 1114 1992 1178 Θείας

416 1193 492 1252 εἰς
514 1191 637 1244 νοῦν
660 1193 806 1262 ἔχειν
826 1196 1067 1262 ἐντολὰς,
1132 1202 1410 1271 οίχήσεται
1443 1205 1620 1258 πάντα
1653 1205 1802 1276 αὐτῷ
1855 1206 1992 1276 πρὸς

415 1281 474 1334 τὸ
508 1284 673 1354 μηδὲν
702 1285 769 1338 τὰ
801 1289 878 1349 εἰς
903 1289 1027 1343 νοῦν
1080 1292 1281 1359 ἀγαθὰ,
1306 1293 1418 1358 ’ἐξει
1469 1312 1531 1348 τε
1564 1296 1773 1366 καρπὸν
1801 1297 1991 1351 οὐδένα

417 1373 510 1441 τῆς
545 1373 792 1440 φιλοθέου
839 1377 1004 1449 ζωῆς
1060 1382 1173 1434 ἀλλ’
1223 1383 1374 1437 ἔσται
1435 1386 1533 1456 μὲν
1587 1387 1836 1455 εὐλογίας
1890 1390 1991 1459 τῆς

415 1463 616 1516 ἄνωθεν
644 1467 736 1518 καὶ
761 1468 909 1537 παρὰ
959 1470 1092 1523 Θεοῦ
1125 1475 1455 1542 τητώμενος,
1504 1481 1908 1546 παραπεσεῖται
1931 1480 1988 1534 δὲ

390 1527 526 1643 acet;
554 1556 717 1626 ἀραῖς
742 1527 982 1624 καῖ’ταῖς
1008 1565 1071 1614 ἐκ
1097 1527 1301 1617 τούτων
1353 1527 1597 1631 ποιναῖς.⁵
1629 1571 1900 1641 Ζητητέον
1924 1570 1988 1643 δὴ

412 1641 500 1698 οὖν
526 1647 624 1716 τὴν
653 1648 749 1700 τοῦ
795 1650 930 1702 Θεοῦ
979 1651 1155 1718 δόξαν·
1215 1655 1310 1706 καὶ
1338 1656 1458 1709 τίνα
1491 1656 1554 1726 δὴ
1594 1660 1791 1726 τρόπον
1831 1641 1990 1713 τοῦτο

414 1737 843 1808 κατορθώσομεν,
870 1741 1027 1805 αὐτὸς
1061 1745 1206 1813 ἡμᾶς
1231 1746 1260 1797 ὁ
1285 1746 1473 1818 Σωτὴρ
1523 1747 1762 1814 ἐδίδαξεν
1791 1751 1984 1805 είπὼν·

417 1847 433 1878 ι
467 1830 748 1897 Λαμψάτω
768 1832 828 1883 τὸ
865 1833 980 1902 φῶς
1008 1836 1162 1905 ὑμῶν
1186 1836 1499 1908 ἔμπροσθεν
1519 1839 1628 1893 τῶν
1659 1841 1986 1912 ἀνθρώπων,

408 1916 552 1982 ὅπως
582 1918 818 1973 ἴδωσιτά
843 1922 987 1974 καλὰ
1035 1924 1188 1994 ὑμῶν
1243 1925 1398 1996 ἔργα,
1454 1929 1547 1980 καὶ
1600 1929 1863 1994 δοξάσωσι
1897 1935 1988 1987 τὸν

2097 751 2288 806 tiorem
2313 753 2501 822 procul
2531 752 2867 817 obfuturum,
2901 750 3191 805 invalitura
3245 753 3423 820 potius
3456 753 3524 810 ob
3547 771 3669 823 qua:

2094 843 2215 910 quis
2239 844 2430 897 merito
2458 843 2543 898 hic
2580 859 2687 897 non
2732 851 2992 898 moretur.
3037 843 3101 898 Et
3133 844 3246 898 luce
3275 845 3492 913 quidem
3533 848 3666 898 utin

2095 936 2254 988 rebus
2306 950 2527 989 sensum
2587 934 2930 1006 tangentibus
2992 950 3053 991 ac
3107 937 3469 1005 temporaneis
3531 939 3672 992 dicta

2093 1033 2276 1080 sunto.

2165 1115 2453 1171 Sciendum
2489 1126 2667 1170 autem
2693 1117 2873 1186 plane,
2904 1117 3004 1170 nisi
3029 1117 3150 1186 quis
3183 1116 3362 1172 divina
3405 1119 3661 1172 mandata

2093 1207 2276 1262 animo
2305 1209 2583 1263 continere
2619 1208 2872 1272 voluerit,
2898 1209 3080 1272 omnia
3114 1209 3280 1264 animi
3305 1213 3445 1264 bona
3484 1210 3582 1278 ipsi
3612 1210 3662 1263 in

2093 1297 2322 1351 nihilum
2345 1296 2640 1360 abitura,et
2687 1297 2810 1356 vita:
2861 1297 3124 1367 religiosae
3180 1296 3414 1356 fructum
3467 1299 3670 1352 nullmn

2098 1388 2398 1441 relaturum
2440 1388 2732 1458 :quinimo
2811 1388 3113 1456 cmlcsmm,
3156 1399 3317 1457 atque
3351 1405 3380 1444 a
3425 1389 3530 1444 Deo
3570 1391 3672 1443 im-

2095 1480 2286 1548 pertiri
2321 1479 2541 1534 solitam
2575 1478 3003 1534 benedictionem
3031 1481 3452 1545 amissurum,et
3477 1481 3529 1536 in
3554 1496 3668 1534 ma-

2092 1572 2410 1628 ledictiones
2462 1586 2759 1641 poenasque
2841 1583 3240 1641 consequentes
3297 1572 3666 1626 incursurum.

2092 1665 2434 1720 Studeudum
2463 1679 2593 1734 ergo
2638 1664 2728 1719 Dei
2763 1664 2990 1733 gloriae;
3027 1665 3168 1732 quod
3217 1664 3486 1734 quomodo
3537 1662 3670 1730 legi-

2093 1757 2221 1810 time
2246 1756 2356 1821 tiat,
2388 1756 2501 1824 ipse
2527 1753 2778 1808 Salvator
2803 1769 2902 1810 nos
2924 1754 3108 1808 docuit
3140 1753 3250 1809 illis
3274 1752 3455 1808 verbis
3478 1769 3491 1805 :
3520 1771 3538 1805 ι
3577 1751 3669 1807 Sic

2091 1847 2267 1902 luceat
2295 1846 2382 1900 lux
2421 1855 2598 1900 vestra
2626 1860 2813 1902 coram
2843 1844 3180 1908 hominibus,
3219 1853 3280 1899 ut
3311 1844 3527 1900 videant
3551 1858 3673 1913 ope-

2091 1955 2148 1993 ra
2178 1947 2355 1992 vestra
2384 1939 2551 2000 bona,
2588 1946 2643 1992 et
2675 1935 2981 2006 gloriﬁcent
3027 1934 3243 1988 Patrem
3279 1944 3526 1989 vestrum
3575 1935 3668 2004 qui

408 2007 628 2079 Πατέρα
653 2011 806 2079 ὑμῶν
826 2013 916 2066 τὸν
942 2015 997 2066 ἐν
1031 2019 1140 2078 τοῖς
1166 2018 1433 2087 οὐρανοῖς.
1467 2038 1484 2069 ι
1517 2021 1652 2074 Τότε
1684 2023 1778 2076 καὶ
1803 2024 1987 2095 πλήρη

2093 2030 2144 2082 in
2176 2029 2330 2084 caelis
2355 2037 2437 2082 est
2464 2029 2530 2081 ⁸⁷.
2559 2047 2578 2080 ι
2614 2028 2764 2082 Tunc
2790 2026 2954 2082 etiam
2991 2026 3207 2094 plenam
3236 2026 3666 2080 benedictionem

405 2101 504 2169 τὴν
542 2103 793 2171 εὐλογίαν
819 2106 1210 2178 ἀποληψόμεθα
1237 2113 1330 2164 καὶ
1352 2113 1684 2184 ἀκράδαντον
1709 2114 1808 2185 τὴν
1837 2115 1992 2168 εὐθυ-

411 2196 556 2262 μίαν,
600 2196 694 2248 καὶ
731 2201 852 2261 ταῖς
907 2205 1301 2271 πνευματικαῖς
1351 2205 1686 2276 εὐκαρπίαις
1716 2208 1988 2278 ἐντρυφή-

409 2301 606 2353 σομεν,
660 2286 885 2356 ἔμπλεοί
932 2307 992 2343 τε
1045 2295 1245 2356 παντὸς
1296 2295 1500 2362 ἀγαθοῦ
1546 2297 1851 2365 γεγονότες,
1895 2299 1990 2352 τὸν

405 2374 619 2445 ἀληθῶς
662 2377 970 2451 ἀξιοπρεπῆ
1015 2386 1108 2436 καὶ
1158 2385 1432 2456 ἐξαίρετον
1488 2389 1818 2459 διαζήσομεν
1849 2391 1984 2460 βίον.

486 2467 630 2521 ἰδοὺ
682 2470 796 2540 ἐγὼ
829 2473 1078 2541 ἀφορίζὶυ
1118 2476 1255 2544 ὑμῖν
1285 2477 1390 2530 τὸν
1427 2474 1606 2548 ὦμον,
1655 2480 1750 2533 καί
1803 2496 1986 2549 σκορ-

402 2557 513 2610 πιῶ
540 2560 842 2630 ear-vomer
867 2563 968 2617 ἐπὶ
1015 2567 1086 2620 τὰ
1133 2571 1424 2635 πρόσωπα
1458 2570 1644 2639 ὑμῶν,
1687 2572 1985 2640 crvo-spor

400 2650 620 2718 ἑορτῶν
648 2653 835 2723 ὑμῶν,
884 2658 982 2710 καί
1031 2659 1303 2729 λήψομαι
1357 2662 1514 2729 ὑμᾶς
1547 2666 1635 2727 εἰς
1691 2663 1757 2717 τὸ
1813 2667 1979 2718 αὑτό.

398 2744 508 2797 Καὶ
547 2747 946 2815 ἐπιγνώσεσθε
1003 2750 1148 2804 διότι
1196 2754 1308 2822 ἐγὼ
1363 2754 1792 2819 ἐξαπέσταλκα
1830 2758 1982 2825 πρὸς

401 2834 553 2902 ὑμᾶς
595 2836 709 2904 τὴν
758 2840 1020 2910 ἐντολὴν
1066 2845 1312 2911 ταύτην,
1361 2846 1467 2900 τοῦ
1493 2843 1646 2900 εἶναι
1695 2848 1809 2915 τὴν
1853 2849 1977 2901 δια-

395 2924 597 2992 θήκη-ν
645 2947 763 2998 μου
811 2931 965 3000 πρὸς
1023 2935 1164 3002 τοὺς
1221 2938 1499 3005 Λευίτας,
1545 2939 1706 3008 λέγει
1767 2941 1981 3009 Κύριος

391 3020 840 3089 παντοκράτωρ.

466 3111 564 3164 lZ’.
603 3113 926 3183 Κέκρυπταί
958 3135 1010 3171 τι
1039 3118 1198 3172 πάλιν
1245 3122 1301 3173 ἐν
1351 3125 1460 3185 τοῖς
1497 3127 1917 3196 ιπροκειμένοις,
1951 3127 1980 3180 ὃ

388 3206 487 3257 καὶ
517 3199 670 3274 οἶμαι
699 3206 807 3258 δεῖν
837 3209 950 3272 τοῖς
984 3211 1381 3281 φιλακροὰμοσι
1425 3215 1840 3287 διατρανοῦσθαι
1877 3235 1976 3270 σα-

388 3294 530 3360 φῶς·
571 3299 779 3350 συνεῖεν
803 3299 913 3370 γὰρ
943 3301 1008 3352 ἂν
1031 3301 1172 3353 οὕτω
1223 3299 1282 3356 εῦ
1346 3305 1488 3374 μάλα
1538 3307 1598 3359 τὸ
1627 3308 1975 3378 δηλούμενον.

2087 2130 2142 2173 et
2172 2119 2503 2174 immobilem
2535 2118 2732 2175 tuentis
2765 2117 3117 2172 serenitatem
3157 2116 3504 2184 recipiemus,
3537 2117 3664 2172 etin

2089 2209 2456 2281 spiritualium
2514 2209 2783 2265 fructuum
2821 2206 3066 2263 ubertate
3095 2224 3219 2270 cum
3245 2207 3519 2276 voluptate
3543 2223 3666 2261 ver-

2089 2305 2356 2365 sabimur,
2384 2301 2688 2372 repletique
2715 2301 2874 2356 bonis
2903 2300 3180 2366 omnibus,
3220 2313 3347 2357 vere
3388 2300 3545 2354 nobis
3584 2300 3668 2354 di-

2081 2407 2246 2461 gnam
2269 2401 2322 2446 et
2353 2392 2668 2461 praeclaram
2703 2392 2872 2446 vitam
2897 2392 3267 2446 traducemus.

2167 2484 2322 2540 Vens.
2365 2486 2420 2547 5,
2462 2486 2516 2540 4.
2560 2482 2692 2539 Ecce
2723 2500 2814 2553 ego
2845 2500 3030 2552 separo
3059 2484 3202 2537 uobis
3230 2488 3529 2548 Isaurorum,
3556 2483 3666 2538 dis-

2086 2590 2296 2644 pergam
2326 2575 2672 2629 ventriculum
2695 2590 2853 2643 super
2885 2572 3046 2641 facies
3065 2583 3284 2635 vestras,
3321 2572 3668 2626 uentriculum

2085 2665 2481 2719 solemnitatem
2548 2675 2877 2728 uestrarum,
2931 2674 2982 2718 et
3038 2663 3316 2729 suscipiam
3360 2677 3448 2716 ros
3498 2663 3554 2714 in
3611 2660 3667 2714 id
3741 2691 3744 2694 -

2085 2757 2276 2824 ipsum.
2309 2755 2380 2808 Et
2424 2758 2745 2826 cognoscetis
2779 2757 2903 2825 quia
2932 2757 3053 2809 misi
3085 2756 3154 2808 ad
3212 2770 3300 2808 eos
3355 2753 3666 2808 mandatum

2083 2845 2198 2909 hoc,
2224 2855 2279 2898 ut
2308 2853 2440 2899 esset
2464 2854 2827 2900 testamentum
2850 2860 3017 2900 meum
3043 2845 3110 2897 ad
3142 2841 3374 2910 Leuius,
3399 2841 3526 2896 dicit
3557 2840 3666 2895 Do-

2083 2935 2258 2988 minus
2294 2936 2644 3006 omnipotens.

2162 3110 2328 3165 XVII.
2366 3110 2605 3170 Rursum
2641 3111 2693 3167 in
2725 3112 2909 3167 verbis
2963 3111 3220 3166 adductis.
3263 3109 3466 3179 aliquid
3534 3110 3664 3164 latet

2080 3205 2222 3272 quod
2243 3204 2500 3258 studiosis
2528 3203 2776 3260 audiendi
2806 3203 3009 3270 liquido
3035 3202 3420 3260 declarandum
3448 3201 3656 3256 sentio:

2084 3297 2164 3350 sic
2203 3296 2348 3350 enim
2385 3296 2826 3351 commodissime
2857 3295 3166 3350 earumdem
3201 3296 3310 3348 vim
3335 3307 3667 3362 sensumque

397 3382 462 3436 Ὀ
493 3385 658 3454 νόμος
689 3386 866 3440 τοίνυν
896 3389 923 3439 ὁ
944 3388 1029 3441 διά
1054 3390 1296 3454 Μωσέως
1331 3395 1448 3456 ταῖς
1477 3394 1740 3448 ἀνωτάτω
1791 3400 1976 3467 τιμαῖς

2086 3389 2410 3459 percipient.
2477 3388 2586 3443 Lex
2647 3389 2811 3458 igitur
2867 3387 3103 3442 Mosaiea
3169 3389 3344 3442 sacris
3398 3388 3664 3442 altaribus

381 3474 482 3528 τὸν
501 3475 612 3527 τῶν
647 3475 805 3530 θείων
834 3477 1232 3551 θυσιαστηρίων
1258 3485 1610 3556 παραστάτην
1645 3487 1738 3539 καὶ
1782 3487 1985 3560 ίερουρ-

378 3561 484 3628 γὸν
525 3565 828 3631 στεφανῶν,
861 3561 972 3618 οἷον
1003 3570 1058 3622 ἐν
1111 3569 1261 3636 τάξει
1311 3571 1444 3624 Θεοῦ
1506 3573 1750 3628 τέθεικεν
1794 3577 1980 3632 αὐτόν.

380 3652 539 3722 Ἔφη
577 3653 686 3723 γάρ
711 3651 796 3707 ὄτὶ
822 3675 840 3707 ι
880 3658 1177 3730 Κάρπωμα
1209 3663 1416 3732 Κυρίου
1446 3666 1474 3716 ὁ
1496 3664 1694 3736 κλῆρος
1746 3668 1932 3722 αὐτοῦ.
1960 3689 1977 3721 ι

378 3743 540 3812 Ἔφη
561 3744 618 3796 δέ
654 3763 755 3798 που
788 3748 879 3801 καὶ
910 3751 938 3802 ὁ
971 3749 1256 3817 θεσπέσιος
1286 3755 1499 3819 Παῦλος
1526 3774 1538 3788 ο
1572 3777 1591 3810 ι
1623 3759 1860 3814 Βλέπετε
1891 3762 1983 3816 τὸν

384 3832 623 3904 Ἰσραὴλ
653 3837 796 3890 κατά
846 3839 1044 3910 σάρκα.
1080 3844 1191 3913 Οὐχ
1230 3847 1276 3897 οἱ
1329 3847 1639 3914 ἐγγίζοντες
1687 3850 1764 3921 τῷ
1792 3851 1983 3906 θυσια-

369 3928 622 3998 στηρίῳ,
658 3932 907 3984 κοινωνοὶ
939 3932 1033 3986 τοῦ
1095 3934 1480 4008 θυσιαστηρίου
1528 3939 1701 4003 είσίν;
1755 3961 1773 3993 ι
1823 3945 1983 4009 Ἕθος

365 4020 491 4090 γὰρ
526 4016 596 4090 ἦν
642 4022 750 4074 ἀπὸ
799 4026 1000 4087 παντὸς
1050 4024 1288 4095 θύματος
1343 4028 1692 4100 ἀφαιρεῖσθαι
1743 4032 1820 4102 τῷ
1864 4033 1982 4104 Θεῷ

364 4113 672 4182 βραχίονα,
711 4117 806 4169 κα)⁸
843 4116 1152 4187 στηθήνιον,
1192 4121 1286 4172 καὶ
1318 4121 1583 4174 τὸνλοϐὸν
1609 4121 1702 4175 τοῦ
1742 4123 1978 4193 ⁴ἥπατος,

361 4206 468 4258 καὶ
502 4206 643 4268 τοὺς
673 4206 765 4259 δύο
793 4210 1047 4276 νεφροὺς,
1081 4213 1174 4263 καὶ
1204 4211 1302 4281 μέν
1327 4229 1408 4264 τοι
1442 4213 1498 4264 τὸ
1519 4212 1798 4283 ἓνυστρον,
1823 4233 1980 4268 τουτ-

357 4299 517 4360 έστι,
565 4297 668 4366 τὴν
698 4298 926 4364 κοιλίαν,
966 4300 1400 4371 ὑπεμφαίνοντος
1441 4305 1856 4375 αἰνιγματωδῶς
1885 4305 1976 4360 τοῦ

354 4387 616 4456 νομικοῦ
661 4389 988 4459 γράμματος
1042 4394 1123 4445 ὅτι
1178 4394 1356 4448 πάντα
1403 4395 1559 4464 ἡμῶν
1617 4396 1686 4449 τὰ
1733 4381 1978 4452 ἐντόσθια

349 4479 478 4532 τῶν
540 4479 915 4535 ἀνατιθέντων
989 4485 1213 4548 ἑαυτοὺς
1261 4487 1340 4548 εἰς
1389 4486 1564 4555 ὀσμὴν
1625 4487 1851 4552 εὐωδίας
1902 4490 1979 4560 τῷ

347 4570 487 4640 Θεῷ
529 4570 670 4640 ἱερά
708 4588 768 4624 τε
808 4569 948 4628 εἶναι
992 4578 1259 4645 προσήκει
1306 4576 1399 4628 καὶ
1434 4577 1761 4646 ἡγιασμένα.
1803 4581 1977 4650 Προσ-

345 4660 709 4732 εκομίζοντο
738 4663 843 4734 γὰρ
872 4665 941 4717 τά
967 4665 1236 4730 ὲντόσθια,
1269 4667 1367 4737 τῆς
1388 4667 1613 4738 ἐνούσης
1637 4670 1818 4733 αὐτοῖς
1841 4673 1974 4724 ἀκα-

2088 3489 2354 3536 astantern
2376 3489 2759 3550 etoperantem
2783 3480 3080 3536 honoribus
3107 3479 3378 3550 supremis
3398 3477 3660 3540 alliciens.

2088 3572 2474 3642 propemodum
2510 3572 2617 3626 Deo
2651 3572 2931 3642 arquabat;
2966 3573 3041 3624 ait
3075 3573 3218 3626 enim
3249 3589 3262 3624 :
3301 3590 3318 3620 s
3345 3570 3657 3624 Oblationes

2087 3664 2299 3719 Domini
2352 3664 2628 3732 possessio
2687 3664 2802 3731 ejus
2831 3663 2898 3718 ⁸⁸.
2937 3680 2957 3714 ι
3018 3663 3083 3716 Ει
3135 3661 3347 3716 divinus
3408 3659 3604 3714 Paulus
3645 3674 3662 3713 :

2091 3769 2110 3804 ι
2143 3752 2331 3807 Videte
2373 3750 2537 3806 Israel
2588 3751 2886 3806 secundum
2945 3765 3188 3806 carnem.
3238 3748 3403 3820 835
3473 3747 3662 3803 Nonne

2085 3841 2174 3911 qui
2217 3842 2647 3911 appropinquant
2662 3841 2841 3907 altari,
2857 3841 3146 3910 participes
3172 3850 3298 3895 sunt
3323 3840 3510 3895 altaris
3525 3840 3613 3893 "1'
3637 3859 3656 3891 ι

2085 3929 2218 3985 Erat
2267 3931 2465 4001 quippe
2510 3931 2751 3986 solenme
2808 3945 2839 3985 a
2887 3931 3129 4000 qualibet
3181 3931 3356 3986 hostia
3419 3929 3660 3998 separari

2086 4023 2193 4077 Deo
2221 4037 2455 4088 armum,
2488 4033 2540 4077 et
2571 4022 2966 4092 pectusculum,
3013 4031 3067 4076 et
3096 4021 3378 4075 reticulum
3434 4021 3658 4088 jecoris,

2083 4123 2138 4168 et
2168 4115 2302 4169 duos
2330 4129 2509 4177 renes,
2561 4124 2615 4168 et
2654 4113 3012 4169 ventriculum
3059 4132 3072 4167 :
3107 4128 3214 4183 quo
3250 4113 3473 4184 quidem
3511 4111 3660 4165 Scri-

2084 4216 2240 4274 ptura
2279 4205 2469 4274 legalis
2501 4221 2596 4275 per
2645 4206 2984 4260 involucrum
3021 4206 3226 4260 indicat
3278 4207 3459 4258 omnia
3519 4207 3660 4258 inte-

2083 4299 2224 4351 riora
2273 4313 2457 4352 eorum
2503 4297 2689 4366 quise
2740 4297 3131 4353 dedicaverunt
3185 4297 3292 4351 Deo
3344 4297 3397 4350 in
3440 4298 3659 4351 odorem

2081 4388 2366 4443 suavitatis
2415 4397 2601 4443 sancta
2642 4396 2696 4443 et
2740 4387 3072 4443 sanctiﬁcata
3096 4401 3214 4441 esse
3253 4397 3523 4456 oportere.
3567 4387 3663 4440 0r.

2087 4480 2401 4536 ferebantur
2435 4481 2578 4535 enim
2639 4481 2828 4536 intima
2881 4496 2908 4532 a
2966 4481 3215 4534 sordibus
3271 4481 3662 4535 inhaerentibus

2081 4582 2330 4642 purgata.
2390 4575 2588 4628 Armus
2631 4588 2797 4642 porro
2841 4571 3054 4626 roboris
3101 4572 3362 4626 indicium
3427 4573 3657 4641 intelligi

2082 4670 2278 4732 potest.
2317 4662 2578 4717 Existimo
2597 4671 2776 4716 autem
2811 4674 2907 4714 nos
2939 4660 3003 4712 ad
3053 4658 3214 4714 omne
3264 4673 3400 4728 opus
3453 4661 3652 4712 bonum

345 4753 620 4823 ϐαρείας
660 4753 1076 4824 ἀπηλλαγμένα.
1141 4756 1390 4828 Βραχίων
1417 4775 1475 4810 τε
1527 4760 1634 4830 μὴν
1670 4759 1853 4834 ἰσχύος
1906 4763 1971 4815 ἂν

2086 4740 2320 4807 ualentes
2352 4761 2514 4819 atque
2537 4752 2810 4806 animosos
2865 4752 2991 4805 illud
3047 4752 3321 4818 sapienter
3387 4748 3655 4801 modulari

343 4847 543 4897 νοοῖτο
616 4845 866 4913 σημεῖον.
919 4846 1129 4915 Χρῆναι
1173 4847 1229 4900 δέ
1287 4866 1429 4919 φημι
1483 4850 1618 4919 πρὸς
1677 4835 1784 4905 πᾶν
1813 4852 1972 4922 ἔργον

340 4934 580 5002 ἀγαθὸν
613 4933 906 5002 ἰσχύοντας
944 4937 1090 5006 ἡμᾶς
1125 4938 1219 4990 καὶ
1267 4939 1682 5011 ἀνδριζομένους
1735 4944 1973 5012 ἀναμελο

335 5029 518 5100 ῳδεῖν
564 5028 760 5079 ἐκεῖνο
796 5027 972 5094 σοφῶς
998 5028 1059 5080 τὸ
1090 5028 1179 5083 διὰ
1201 5031 1298 5100 τῆς
1324 5031 1417 5085 τοῦ
1449 5032 1742 5100 ψάλλοντος
1769 5035 1968 5106 λύρας’

342 5141 360 5170 ε
407 5118 702 5186 Εὐλόγει,
739 5116 940 5188 ἡψυχὴ
1001 5137 1123 5188 μου,
1169 5122 1259 5174 τὸν
1287 5123 1510 5194 Κύριον,
1562 5126 1653 5177 καὶ
1702 5125 1880 5180 πάντα
1910 5127 1976 5179 τὰ

334 5211 508 5275 ἐντός
550 5225 700 5282 μου,
734 5209 791 5261 τὸ
827 5209 996 5280 ὄνομα
1025 5211 1084 5263 τὸ
1105 5211 1256 5280 ἅγιον
1287 5215 1472 5268 αὐτοῦ.
1520 5235 1538 5267 s
1585 5218 1694 5269 Καὶ
1721 5218 1846 5287 περὶ
1878 5217 1976 5286 μὲν

331 5302 455 5355 τῶν
487 5304 554 5354 ὲν
569 5299 814 5353 τοο-ϐίων
856 5301 950 5354 καὶ
977 5301 1315 5372 τελουμένων
1339 5305 1539 5357 θυσιῶν
1585 5307 1724 5360 κατὰ
1750 5308 1840 5358 τὸν
1889 5308 1974 5359 νό-

335 5414 446 5466 μον
488 5393 704 5464 ἰσχνὸς
728 5393 856 5462 ἡμῖν
887 5393 1024 5460 ἄγαν
1052 5396 1411 5465 ἐκπεποίηται
1445 5398 1602 5466 λόγος
1661 5400 1719 5450 ὲν
1756 5399 1972 5468 ἑτέραις

333 5483 757 5554 συγγραφαῖς.
800 5483 1009 5536 Οὐκοῦν
1040 5485 1099 5537 τὸ
1128 5486 1296 5540 ταῦτα
1335 5488 1511 5556 λέγειν
1547 5489 1775 5561 ἀφέντες
1802 5491 1882 5552 εἰς
1913 5491 1974 5542 τὸ

331 5579 557 5651 παρὸν.
598 5573 731 5628 τῶν
785 5577 1164 5645 προκειμένων
1213 5580 1312 5649 τὴν
1367 5581 1714 5650 διααάῳησιν,
1752 5583 1825 5642 ὡς
1871 5581 1968 5642 ἕνι,

329 5671 647 5724 ποιεῖσθαι
713 5666 1121 5736 σπουδάσωμεν.
1177 5671 1612 5741 Προστεταχότος
1653 5673 1832 5724 τοίνυν
1878 5672 1971 5724 τοῦ

328 5765 516 5836 νόμον.)
546 5757 1061 5830 μωμοσκοπεῖσθαι
1090 5760 1196 5813 δεῖν
1225 5762 1292 5814 τὰ
1325 5762 1462 5831 ἱερὰ,
1488 5765 1580 5815 καὶ
1614 5764 1972 5816 ἀϐασάνιστον

403 5942 451 5975 ⁸⁷
483 5936 708 5996 Matth.
771 5949 821 5997 ν,
856 5932 938 5985 16.
1053 5936 1095 5964 ⁸⁸
1124 5935 1278 5990 Deut.
1317 5951 1470 6002 ιιι-ιιι,
1505 5937 1584 5990 15.

1698 5939 1738 5968 ⁸³
1773 5936 1790 5988 l
1822 5938 1942 5994 [ΣΠ.
1971 5953 2023 6000 x,
2066 5937 2148 5991 l8.

2081 4846 2278 4898 debere
2304 4845 2446 4912 quod
2483 4843 2691 4897 Psaltes
2721 4843 2832 4912 lyra
2852 4859 2948 4897 sua
2996 4844 3232 4896 cantavit
3273 4854 3288 4894 :
3331 4859 3350 4890 ι
3394 4839 3649 4903 Benedic,

2085 4937 2262 4989 anima
2301 4951 2441 4998 mea,
2502 4935 2807 4998 Dominum,
2865 4945 2917 4990 et
2973 4935 3155 4988 omnia
3208 4947 3325 5000 quas
3379 4933 3518 4984 intra
3573 4947 3658 4984 nte

2082 5037 2228 5093 sunt,
2261 5029 2466 5082 nomini
2507 5038 2696 5083 saneto
2739 5027 2856 5096 ejus
2902 5029 2968 5080 ⁹⁰.
3003 5045 3019 5077 ι
3056 5027 3132 5080 Ac
3160 5024 3514 5078 deintcstinis
3535 5023 3655 5088 qui-

2083 5122 2201 5173 dem
2233 5129 2287 5173 et
2330 5120 2613 5174 sacriﬁciis
2667 5119 2963 5174 secundum
3018 5118 3188 5186 legem
3249 5114 3432 5182 peragi
3472 5112 3647 5167 solitis

2075 5211 2354 5265 enttcleate
2380 5210 2532 5265 nobis
2568 5213 2622 5265 in
2653 5212 2774 5265 aliis
2809 5209 2961 5264 libris
2985 5209 3330 5275 disputatum‘
3348 5214 3447 5260 est.
3476 5206 3654 5272 Quare

2076 5303 2141 5357 de
2187 5303 2270 5356 his
2320 5303 2472 5370 plura
2515 5303 2695 5357 dicere
2742 5299 3155 5369 supersedentes
3226 5299 3278 5352 in
3338 5298 3647 5368 pra-sentis,

2077 5394 2475 5464 propositorum
2512 5393 2798 5447 verborum
2854 5389 3288 5460 explanationem
3329 5405 3646 5460 percurrere

2079 5501 2174 5554 pro
2206 5483 2458 5538 facultate
2503 5483 2796 5538 enitamur.
2851 5482 2982 5537 Cum
3019 5483 3362 5553 prmcepisset
3399 5499 3527 5551 ergo
3564 5483 3647 5534 lux

2081 5577 2420 5630 victimarum
2471 5576 2620 5631 labes
2670 5575 2998 5646 perspicere,
3036 5585 3089 5630 et
3124 5575 3515 5645 inexploratum
3571 5576 3650 5625 \i-

2080 5670 2296 5722 etimam
2328 5667 2393 5722 ad
2428 5669 2598 5722 altare
2640 5666 2784 5722 haud
2808 5666 3025 5734 oll'erre,
3057 5675 3110 5722 et
3135 5667 3404 5722 sacriﬁcio
3461 5680 3649 5730 perpe-

2083 5757 2272 5812 trando
2302 5758 2608 5814 constitutis
2646 5758 2989 5813 victimarum
3047 5767 3230 5826 partes
3261 5769 3539 5824 separare,
3575 5751 3648 5805 illi

2227 5939 2269 5969 ⁰⁰
2303 5936 2443 5992 Psal.
2489 5953 2583 6001 cu,
2622 5937 2666 5990 Ι.
