4026 6276
394 527 501 589 ’507

1386 532 1444 588 S.
1486 532 1771 589 CYRILLI'
1798 533 2264 591 ALEXANDRINI
2304 537 2623 593 ARCIIIEP.

3487 578 3492 581 .
3527 537 3627 592 διε

396 644 676 715 explorare
701 643 831 699 vitia
852 659 957 698 non
977 644 1261 708 curabant,
1282 654 1337 699 et
1360 647 1671 701 mandatum
1701 648 1765 701 de
1785 649 1936 716 apha:

2067 647 2213 717 θυμα
2250 649 2324 719 μὴ
2356 647 2821 720 προσκομίζεσθαι
2859 648 2935 720 τῷ
2964 646 3354 719 θυσιαστηρίῳ,
3391 643 3486 701 καὶ
3518 651 3625 711 τοῖς

395 735 613 789 rematls
638 750 757 803 quae
788 744 1049 790 vocantur
1072 735 1286 790 irritum
1324 736 1615 800 faciebant.
1645 747 1696 791 et
1725 752 1827 791 uon
1846 738 1956 805 jam

389 825 533 894 quod
558 827 688 893 Deo,
718 829 811 881 sed
843 829 986 896 quod
1028 829 1305 897 cupiditati
1354 845 1464 885 sua:
1509 830 1775 884 arrideret
1819 846 1957 899 pra:-

390 928 617 983 stantes,
656 918 987 974 stabilientes
1019 926 1072 973 et
1090 930 1403 975 constanter
1427 921 1702 977 observari
1732 922 1957 975 studen-

391 1018 492 1072 tes,
543 1022 679 1076 quas
727 1007 828 1062 sibi
875 1010 1269 1064 commodiores
1334 1010 1597 1079 putabant
1659 1009 1953 1063 hostiarum

342 1080 345 1092 λ
388 1111 582 1151 carnes
619 1097 908 1167 eligebant.
938 1098 1082 1153 Istud
1121 1100 1172 1152 in
1210 1100 1682 1168 reprehensionem
1712 1101 1953 1164 adducit,

387 1198 441 1242 et
466 1188 579 1243 ait:
622 1207 641 1240 ι
672 1188 806 1244 Ecce
834 1204 933 1261 ego
957 1204 1152 1259 separo
1175 1191 1325 1245 vobis
1350 1192 1653 1245 humerum.
1680 1206 1711 1243 ἰ
1754 1193 1954 1259 Separo

388 1280 585 1346 posuit,
614 1295 734 1350 pro,
769 1283 1025 1347 separavi,
1059 1289 1112 1336 et
1137 1281 1312 1337 denuo
1346 1280 1466 1336 volo
1493 1283 1699 1335 servari
1725 1296 1952 1337 consue-

390 1373 648 1427 tudinem.
686 1372 1035 1442 Superadjeci
1077 1374 1254 1442 quasi,
1308 1374 1423 1427 sive
1464 1374 1662 1442 adjicio
1697 1391 1714 1424 ι
1749 1373 1952 1426 ventri-

385 1458 565 1512 culum
591 1474 805 1530 quoque
836 1460 887 1513 in
912 1459 1079 1516 facies
1106 1470 1336 1517 vestras.
1360 1481 1377 1513 ι
1399 1463 1663 1529 Quoniam
1683 1463 1823 1516 enim
1851 1463 1951 1531 ipsi

384 1550 708 1608 dedecorant
727 1551 913 1617 altare,
935 1551 1055 1606 ideo
1080 1551 1222 1606 Deus
1242 1553 1392 1618 dicit,
1423 1553 1813 1621 «dispergam,»
1843 1552 1952 1604 vel-

385 1649 442 1693 ut
490 1654 587 1708 par
624 1641 738 1709 pari
803 1641 1064 1697 referens.
1116 1660 1135 1694 ι
1173 1641 1275 1709 Qui
1325 1644 1467 1697 enim
1518 1658 1606 1696 me
1654 1639 1951 1695 centemnit

383 1741 758 1786 contenmetur
784 1733 855 1786 ".
910 1751 1021 1786 ι--
1042 1750 1061 1785 ι
1100 1734 1402 1803 Suscipiam
1437 1735 1616 1802 itaque
1648 1749 1741 1787 vos
1770 1734 1823 1786 in
1865 1734 1949 1786 id-

383 1821 557 1890 ipsum
584 1839 599 1875 :
635 1840 654 1873 ι
683 1822 786 1877 hoc
812 1831 914 1888 est,
940 1823 995 1877 in
1036 1823 1137 1877 hoc
1158 1824 1276 1891 ipso
1308 1824 1555 1893 superior
1589 1824 1738 1888 liam,
1770 1833 1824 1877 et
1849 1825 1950 1876 im-

382 1912 501 1976 pios
538 1913 879 1979 redarguam.
910 1910 1048 1976 Quia
1082 1913 1227 1967 enim
1253 1912 1425 1983 legem
1457 1915 1524 1967 de
1560 1913 1856 1983 seligendis
1882 1912 1948 1967 ad

2058 739 2411 808 τεταγμένοις
2448 742 2527 802 εἰς
2562 740 2870 811 ἱερουργίαν
2900 741 2969 792 τὰ
2994 739 3103 791 τῶν
3147 739 3403 808 θυμάτων
3432 738 3626 807 ἀφορί-

2058 827 2241 891 ζεσθαι
2275 830 2436 901 μέρη,
2461 830 2844 901 κατημέλησαν
2872 830 2972 899 μὲν
3000 829 3091 883 τοῦ
3113 829 3312 899 χρῆναι
3344 844 3627 898 μωμοσκο-

2056 920 2197 983 πεῖν,
2251 918 2549 989 ὴτεθήκασι
2605 919 2662 972 δὲ
2713 919 2811 989 τὴν
2844 920 3063 988 ἐντολὴν
3118 919 3228 972 τῶν
3276 916 3627 986 καλουμένων

2055 1007 2469 1077 ἀφαιρεμάτων,
2518 1008 2580 1060 οὐ
2637 1006 2731 1061 τοῦ
2783 1007 2918 1061 Θεοῦ
2957 1007 3155 1078 μᾶλλον
3203 1006 3301 1077 ήδί)
3335 1006 3444 1058 τῶν
3485 1005 3625 1058 ἰδίων

2055 1095 2383 1164 πράττοντες
2408 1095 2532 1165 θελη
2543 1096 2746 1165 μάτων,
2778 1096 3131 1166 κρατῦνοντές
3160 1112 3218 1147 τε
3240 1096 3334 1148 καὶ
3362 1093 3624 1162 ἐμπεδοῦν

2055 1184 2464 1249 σπουδάζοντες,
2498 1186 2641 1257 άπερ
2666 1188 2862 1250 αὐτοὺς
2886 1186 3114 1255 ὠφελεῖν
3131 1186 3307 1239 ἐδόκει
3334 1185 3403 1238 τὰ
3431 1186 3494 1237 ὲκ
3516 1184 3621 1235 τῶν

2054 1277 2310 1347 θυμάτων
2338 1278 2746 1348 συναγείροντες
2792 1277 2947 1348 κρέα.
2973 1276 3144 1329 Τοῦτο
3195 1275 3431 1345 παράγει
3490 1274 3620 1342 πρὸς

2053 1367 2292 1438 ἔλεγχον,
2323 1368 2415 1420 καί
2444 1384 2629 1437 φησιν·
2696 1387 2713 1420 ι
2765 1369 2893 1421 Ἰδοὺ
2926 1367 3036 1435 ἐγὼ
3078 1367 3323 1435 ἀφορίζω
3378 1368 3505 1434 ὑμῖν
3535 1364 3623 1417 τὸν

2052 1453 2219 1527 ὦμον.
2255 1476 2273 1509 ι
2326 1459 2400 1510 Τὸ
2444 1458 2520 1521 δὲ,
2553 1457 2826 1525 ἀφορίζει),
2886 1458 2980 1511 νῦν
3032 1457 3279 1510 τέθεικεν
3337 1456 3457 1508 ἀντὶ
3504 1454 3619 1519 τοῦ,

2064 1549 2342 1617 Ἀφὼρισά
2362 1566 2421 1602 τε
2450 1550 2570 1620 ἤδη,
2605 1550 2700 1602 καὶ
2736 1552 2813 1612 είς
2840 1549 3000 1619 δεῦρο
3053 1548 3312 1618 βούλομαι
3338 1546 3622 1618 τηρεῖσθαι

2050 1636 2110 1689 τὸ
2147 1636 2286 1698 ἔθος.
2323 1637 2670 1708 Προσέρριψα
2709 1638 2765 1690 δὲ
2797 1637 3008 1707 ὥσπερ,
3037 1637 3156 1707 ἦτοι
3180 1638 3503 1708 προσρίπτω
3530 1638 3623 1691 καὶ

2050 1723 2110 1775 τὸ
2156 1742 2173 1772 ι
2211 1723 2466 1795 ἓνυστρον
2492 1726 2571 1786 είς
2592 1723 2660 1777 τὰ
2690 1724 2958 1794 πρόσωπα
2988 1724 3160 1794 ὑμῶν.
3201 1743 3219 1776 ι
3272 1724 3493 1795 Ἐπειδὴ
3514 1724 3621 1795 γὰρ

2050 1816 2375 1884 ἀτιμάζουσι
2410 1817 2563 1870 αὐτοὶ
2590 1818 2651 1870 τὸ
2687 1816 3088 1888 θυσιαστήριον,
3112 1817 3283 1888 ταύτῃ
3314 1835 3397 1871 τοι
3431 1818 3622 1887 «Σκορ-

2051 1906 2178 1969 πιῶ,
2204 1927 2229 1959 ι,
2278 1892 2437 1977 φησὶ,
2463 1902 2574 1960 οἷον
2597 1907 2957 1978 άνθυϐρίζων.
3000 1928 3017 1959 ι
3073 1909 3130 1962 '0
3179 1909 3287 1979 γὰρ
3331 1909 3620 1972 ἐξουδενῶν

382 2017 536 2055 nsum
564 2012 803 2056 vestrum
842 2003 1196 2070 observastis,
1245 2011 1563 2074 partemque
1612 2004 1763 2059 vobis
1813 2019 1938 2058 con-

2052 2014 2137 2067 με,
2165 2002 2319 2066 φησὶ,
2337 1998 3245 2069 ἐξουδενωθήσεται.ι-ιΛὴψομαι
3267 2001 3332 2069 δὴ
3364 1996 3457 2052 οὖν
3480 2000 3622 2068 ὑμᾶς

380 2104 590 2144 cessam
623 2091 934 2160 neutiquam
968 2094 1272 2163 relinquere
1298 2095 1717 2160 sustinuistis,et
1752 2110 1944 2163 super-

377 2193 677 2233 vacaneum
706 2182 855 2236 vobis
888 2182 1103 2238 videtur
1133 2182 1264 2237 vitia
1306 2184 1610 2253 inspicere,
1650 2195 1945 2253 propterea

378 2269 718 2336 cognoscetis
754 2269 938 2326 clausa
974 2285 1095 2324 esse
1137 2287 1300 2341 super
1327 2287 1423 2326 vos
1464 2274 1642 2327 ostia:
1691 2275 1793 2327 hoc
1837 2284 1942 2339 est,

378 2357 687 2411 sacerdotio
738 2372 836 2413 vos
872 2357 1121 2414 exclusos
1172 2369 1226 2414 et
1266 2360 1469 2428 eiectos
1505 2376 1646 2416 esse.
1678 2362 1942 2427 Quoniam

376 2460 475 2514 ego
499 2446 616 2501 dedi
655 2449 967 2503 mandatum
1018 2450 1138 2514 hoc,
1196 2452 1311 2506 sive
1355 2460 1756 2519 testamentum,
1805 2456 1947 2521 quod

376 2539 616 2608 disposui
643 2540 712 2594 ad
768 2539 1002 2596 Levites.
1049 2542 1186 2610 Quid
1241 2545 1407 2614 igitur
1457 2544 1623 2599 inde?
1655 2544 1944 2599 Sciendum

375 2637 457 2680 est
480 2628 844 2682 diviuinorum
868 2630 1118 2685 altarium
1163 2632 1427 2688 ministris
1466 2632 1770 2687 faciendum
1804 2633 1945 2701 quod

373 2718 488 2770 vult
527 2716 688 2783 Deus,
728 2720 896 2791 836
947 2730 1004 2776 et
1050 2725 1319 2780 mandatis
1369 2724 1654 2779 dominicis
1720 2724 1942 2793 postha-

374 2809 604 2862 hendum
640 2820 805 2878 atque
854 2814 1309 2868 contemnendum
1356 2829 1467 2883 prae
1511 2814 1619 2869 illis
1680 2814 1937 2882 quidquid

371 2898 569 2968 alioqui
622 2900 751 2969 ipsis
780 2904 1120 2958 commodum
1154 2905 1389 2960 videtur.
1445 2905 1537 2959 Sic
1573 2907 1716 2961 enim
1764 2906 1935 2961 sncti

368 3000 526 3043 erunt
558 3004 838 3046 sacrorum
889 2995 1145 3060 ministri,
1192 3010 1291 3050 nec
1355 2997 1634 3066 pereuntia
1690 2996 1932 3067 diligent,

368 3092 467 3132 nec
487 3092 515 3132 a
545 3080 685 3149 turpi
721 3095 930 3153 qutestu
956 3089 1305 3142 transversim
1329 3100 1577 3157 agentur.

2049 2090 2128 2150 είς
2160 2090 2214 2141 τὸ
2238 2090 2389 2155 αὐτὸ,
2454 2109 2472 2142 ι
2526 2090 2794 2153 τουτέστι,
2841 2090 3069 2161 ὲναύτῷ
3125 2091 3190 2160 δὴ
3238 2092 3415 2160 τούτῳ
3465 2108 3619 2159 περιο

2049 2179 2264 2249 έσομαι,
2299 2181 2392 2233 καὶ
2422 2180 2749 2245 ἀσεϐοῦντας
2794 2181 3017 2249 ἐλέγξω.
3071 2182 3210 2235 Ἀνθ’
3242 2183 3365 2235 ὅτου
3420 2183 3527 2251 γὰρ
3558 2182 3619 2251 δὴ

2046 2269 2139 2321 τὸν
2175 2270 2272 2337 μὲν
2300 2270 2392 2322 ἐπὶ
2424 2273 2535 2332 τοῖς
2566 2270 2905 2341 ἀφαιρέμασι
2958 2274 3071 2334 τοῖς
3096 2270 3249 2341 ὑμῶν
3280 2272 3618 2342 τετηρήκατε

2046 2361 2229 2429 νόμον,
2256 2362 2347 2413 καί
2384 2362 2484 2431 τῆς
2516 2361 2760 2429 δοθείσης
2817 2364 2943 2432 ὑμῖν
2992 2364 3208 2434 μερίδος
3257 2365 3378 2417 κατ’
3434 2363 3619 2415 οὐδένα

2044 2450 2243 2519 τρόπον
2297 2448 2554 2519 ἀνέχεσθε
2602 2451 3087 2521 καταρῤᾳθυμεῖν,
3136 2454 3342 2505 είκαῖον
3390 2453 3448 2505 δὲ
3492 2454 3619 2521 ὑμῖν

2043 2542 2190 2595 δοκεῖ
2249 2542 2310 2595 τὸ
2360 2543 2556 2613 χρῆναι
2609 2546 3035 2613 μωμοσκοπεῖν,
3087 2544 3359 2611 γνώσεσθε
3410 2544 3473 2614 δὴ
3527 2541 3618 2598 οὖν

2044 2632 2440 2702 κεκλεισμένων
2489 2633 2572 2700 ἐφ’
2623 2634 2750 2701 ὑμῖν
2808 2633 2917 2686 τῶν
2971 2633 3170 2703 θυρῶν,
3231 2634 3497 2696 τουτέστι,
3532 2636 3617 2686 ὲκ-

2041 2725 2346 2794 κλειόμενοί
2377 2744 2435 2779 τε
2470 2728 2565 2780 καὶ
2592 2727 3000 2797 ἐκπεμπόμενοι
3036 2731 3136 2797 τῆς
3170 2728 3479 2798 ἱερουργίας
3518 2726 3611 2795 (1).

2046 2818 2167 2869 Ὅτι
2191 2816 2300 2884 ἐγὼ
2333 2817 2542 2870 δέδωκα
2564 2819 2662 2887 τὴν
2692 2819 2910 2888 ἐντολὴν
2949 2820 3174 2887 ταύτην,
3196 2820 3317 2890 ἦτοι
3350 2819 3451 2889 τὴν
3500 2818 3611 2870 διά-

2044 2906 2214 2969 θεσιν,
2244 2906 2310 2977 ἥν
2342 2907 2597 2978 διεθέμην
2632 2908 2768 2978 πρὸς
2831 2910 2957 2972 τοὺς
3002 2908 3254 2973 Λευίτας.
3304 2910 3370 2962 Τί
3413 2903 3505 2961 οῦν
3556 2907 3613 2958 τδ

2040 2996 2321 3062 ὲντεῦθεν;
2349 2997 2560 3049 Είδέναι
2590 2998 2857 3067 προσήκει
2884 3000 3008 3061 τοὺς
3040 3002 3149 3061 τοῖς
3183 2999 3347 3061 θείοις
3374 2998 3610 3065 λειτουρ-

2041 3084 2272 3153 γοῦντας
2291 3085 2715 3156 θυσιαστηρίοις,
2747 3088 2776 3140 ὃ
2796 3106 2846 3142 τι
2875 3088 2935 3141 τδ
2957 3088 3073 3159 Θεῷ
3126 3089 3317 3143 δοκοῦν
3371 3089 3610 3158 ἐκπράτ·

363 3165 552 3221 τεσθαι
597 3168 738 3239 χρὴ,
792 3172 887 3224 καὶ
938 3172 1047 3226 τῶν
1097 3175 1446 3229 Δεσποτικῶν
1533 3174 1969 3247 προσταγμάτων
2031 3173 2337 3245 ῥιπτεῖσθαι
2408 3177 2639 3227 κατόπιν
2701 3178 2845 3237 πᾶν,
2902 3178 3038 3249 ὅπερ
3100 3179 3296 3242 αὐτοὺς
3367 3178 3595 3247 ὠφελεῖν

366 3258 567 3330 ἑτέρως
609 3260 777 3315 δοκεῖ.
843 3262 1002 3334 Ἰεροὶ
1073 3266 1184 3338 γὰρ
1230 3266 1403 3330 οὕτως
1430 3267 1642 3322 ἔσονται
1672 3264 1998 3337 λειτουργοὶ,
2045 3266 2138 3319 καὶ
2171 3267 2290 3336 οὐχ).
2318 3266 2425 3319 τῶν
2473 3268 2823 3339 προσκαίρων
2873 3271 3121 3338 ἐρασταὶ,
3170 3271 3260 3325 καὶ
3311 3271 3610 3343 λημμάτων

363 3354 605 3424 αἰσχρῶν
634 3356 954 3429 ἡττώμενοι.

436 3466 597 3524 νεεδ.
635 3470 691 3526 5.
728 3469 1114 3527 Testamentum
1145 3490 1315 3529 meum
1355 3475 1459 3545 fuit
1492 3492 1611 3530 cum
1635 3492 1694 3531 ιο
1728 3477 1841 3531 vita:
1879 3487 1924 3529 et
1954 3465 1996 3522 ϐ

361 3560 531 3631 pacis.

437 3670 621 3728 XVIII.
662 3672 929 3748 Loquitur
962 3678 1030 3733 de
1076 3678 1143 3733 iis
1175 3681 1267 3749 qui
1300 3691 1486 3737 sancte
1519 3693 1571 3736 et
1605 3698 1728 3737 cum
1778 3683 1936 3737 laude

364 3767 722 3824 sacerdotium
774 3780 958 3835 erunt,
992 3772 1232 3840 illudque
1273 3787 1385 3827 rem
1442 3789 1561 3830 esse
1597 3790 1724 3828 vere
1763 3777 1934 3829 admi-

363 3857 585 3917 rabilem
613 3859 867 3924 ostendit,
900 3862 1041 3930 quod
1083 3862 1298 3931 quidem
1329 3863 1398 3917 ad
1427 3864 1624 3935 legem,
1662 3875 1716 3921 et
1753 3868 1817 3919 ad
1852 3868 1933 3919 di-

359 3947 607 4002 vinarum
633 3948 1045 4019 'Scripturarum
1088 3950 1317 4007 fructum
1360 3953 1931 4021 conﬁrmatioueiuque

360 4039 613 4105 pertinet.
640 4039 799 4107 Nam,
820 4043 1154 4112 utatpienter
1169 4043 1357 4102 scribit
1375 4046 1570 4102 Paulus
1598 4068 1610 4103 :
1636 4066 1656 4102 ι
1677 4047 1786 4103 Lex
1804 4065 1859 4104 sa
1870 4068 1930 4105 u-

355 4139 464 4197 τιτι,
491 4141 543 4185 et
564 4133 870 4188 mandatum
893 4143 1141 4191 sanctqu
1162 4174 1177 4198 ,
1200 4144 1254 4189 et
1274 4136 1500 4206 justum,
1524 4149 1577 4194 et
1599 4142 1797 4195 bonum
1815 4144 1884 4191 θ’.
1906 4162 1923 4193 ι

356 4221 582 4287 Quando
602 4224 766 4294 igitur
793 4226 966 4280 visum
984 4227 1150 4283 estde
1170 4226 1294 4283 Levi
1313 4231 1478 4286 verba
1514 4231 1715 4299 facere,
1735 4248 1927 4289 sensus

352 4317 754 4382 percommode,
788 4317 945 4385 plane
976 4335 1080 4375 non
1113 4323 1178 4375 ad
1209 4322 1358 4376 illum
1390 4323 1479 4392 qui
1514 4337 1580 4381 ex
1599 4322 1765 4379 Iacob
1796 4340 1926 4393 pro-

356 4406 593 4469 genitus,
628 4415 682 4460 et
713 4406 854 4461 inter
883 4410 1165 4465 duodecim
1204 4412 1343 4467 ﬁlios
1367 4413 1484 4480 ejus
1508 4416 1922 4480 numerabatur,

354 4496 671 4553 referendus
713 4498 947 4568 cst,jam
981 4502 1125 4555 enim
1157 4505 1245 4571 qui
1278 4505 1584 4560 sacerdotio
1633 4506 1925 4575 fungantur

353 4589 418 4643 de
448 4586 651 4642 familia
688 4586 813 4644 Levi
856 4591 985 4646 nulli
1023 4602 1151 4647 sunt
1194 4595 1457 4662 omnino;
1518 4596 1921 4667 intelligendum

350 4688 531 4735 autem
577 4680 962 4746 sacerdotium,
996 4694 1051 4738 et
1112 4682 1211 4738 hoc
1258 4684 1431 4753 ipsum
1478 4689 1616 4755 quod
1650 4698 1735 4743 est
1769 4704 1921 4744 sacra

2113 3471 2179 3524 Ἠ
2207 3469 2478 3537 διαθήκῇ
2510 3489 2629 3540 μου
2676 3468 2755 3542 ἦν
2777 3476 2903 3543 μετ’
2948 3476 3133 3529 αὑτοῦ
3167 3477 3275 3544 τῆς
3330 3477 3478 3546 ζωῆς
3512 3481 3602 3532 καί

2036 3561 2146 3630 τῆς
2174 3562 2438 3629 εἰρήνης.
2938 3630 2949 3643 ,

2109 3675 2215 3726 IH'.
2266 3674 2610 3745 Ἀνακομίζει
2642 3677 2737 3729 τὸν
2758 3677 2915 3746 λόγον
2942 3680 3033 3731 ἐπὶ
3057 3681 3181 3743 τοὺς
3215 3681 3401 3749 ἁγίους
3423 3700 3479 3735 τε
3508 3683 3597 3737 καὶ

2033 3766 2335 3835 εὐδοκίμως
2401 3766 2838 3836 ίερατεύσαντας,
2875 3770 2967 3823 καὶ
3022 3769 3350 3837 άξιάγαστον
3392 3773 3600 3842 ἀληθῶς

2033 3854 2532 3925 ἁποφαίνειχρῆμα
2576 3857 2674 3932 τὴν
2721 3859 3051 3927 ἱερουργίαν,
3115 3860 3172 3913 τό
3223 3877 3286 3928 γε
3338 3856 3471 3932 ἧκον
3524 3865 3599 3925 είς

2032 3946 2194 4014 νόμον
2218 3947 2311 3998 καὶ
2340 3947 2436 4016 τὴν
2468 3948 2531 3999 ὲκ
2558 3926 2665 4000 τῖἱιν
2695 3926 2853 4001 θείων
2874 3926 3375 4021 νχρησμῳδημάτων
3414 3953 3599 4023 ὄνησιν

2032 4037 2125 4087 καὶ
2158 4036 2474 4103 ἀσφάλειαν.
2536 4038 2627 4101 Ὦς
2652 4038 2760 4110 γὰρ
2788 4041 2816 4093 δ
2866 4041 3174 4108 σοφώτατος
3216 4045 3415 4114 γράφει
3454 4044 3602 4097 Παῦ-

2030 4125 2139 4189 λοςο
2171 4144 2190 4175 ι
2239 4127 2297 4179 ’0
2323 4128 2485 4195 νόμος
2534 4130 2706 4197 ἅγιος,
2766 4133 2859 4186 καὶ
2893 4135 2924 4204 ἡ
2956 4133 3148 4204 ἐντολὴ
3197 4134 3350 4201 ἁγία,
3380 4135 3474 4187 καὶ
3522 4136 3603 4188 δι-

2028 4217 2175 4282 καία,
2212 4218 2306 4271 καὶ
2362 4218 2563 4289 ἀγαθή.
2621 4240 2638 4271 ι
2691 4223 2858 4275 Ὅταν
2910 4223 3088 4277 τοίνυν
3148 4224 3295 4278 δοκεῖ
3349 4226 3608 4294 περὶτοῦ

2026 4309 2155 4361 Λευὶ
2185 4309 2449 4363 ποιεῖσθαι
2478 4311 2605 4374 τοὺς
2640 4312 2852 4381 λόγους,
2902 4314 3186 4369 ἀναθετέον
3230 4313 3289 4370 εῦ
3317 4318 3460 4385 μάλα
3492 4318 3611 4371 τῶν

2025 4400 2311 4471 νοημάτων
2372 4401 2469 4471 τὴν
2520 4402 2779 4474 δύναμιν,
2838 4406 2959 4476 οὐχὶ
3005 4407 3068 4477 δή
3110 4423 3212 4461 που
3267 4410 3483 4472 πάντως
3515 4413 3617 4464 ἐπ’

2026 4492 2230 4544 ἐκεῖνον
2259 4491 2317 4552 ὃς
2349 4492 2517 4561 ἀνέφυ
2547 4494 2645 4564 μὲν
2675 4495 2734 4559 ἐξ
2778 4497 2989 4563 Ἰακὼϐ,
3025 4500 3337 4571 ἐναρίθμιος
3382 4502 3437 4555 δὲ
3487 4508 3619 4566 τοῖς

2023 4580 2341 4635 δυοκαίδεκα
2363 4584 2582 4651 γέγονεν
2614 4587 2768 4648 υἱοῖς·
2801 4587 2860 4640 οὐ
2908 4591 3015 4660 γὰρ
3050 4590 3417 4659 ίερατεύουσιν
3440 4594 3618 4658 ὅλως

2026 4672 2326 4743 συνήσομεν
2354 4674 2410 4726 δὲ
2433 4676 2530 4745 τῆς
2552 4676 2851 4748 ἱερωσύνης
2875 4678 2935 4731 τὸ
2956 4681 3161 4751 χρῆμα,
3182 4683 3274 4736 καὶ
3296 4684 3426 4737 αὐτὸ
3441 4685 3626 4740 τοῦτο

352 4770 531 4833 facere
586 4771 637 4825 in
693 4787 919 4842 persona
982 4774 1106 4830 Levi
1159 4777 1556 4846 quodammodo
1606 4780 1916 4850 ﬁguratum.

2039 4752 2322 4832 ῑπερὲστὶν
2348 4767 2628 4837 ἱερουργία
2662 4772 2937 4840 μονονουχὶ
2987 4773 3081 4825 καὶ
3130 4772 3629 4844 διαμορφούμενον

353 4881 372 4917 ι
408 4860 530 4917 Fuit
558 4864 739 4932 igitur,
770 4863 968 4935 inquit,
998 4866 1063 4921 ad
1098 4867 1271 4935 ipsum
1312 4877 1688 4925 testamentum
1740 4888 1915 4928 meum

352 4954 470 5008 vita
520 4964 576 5008 et
610 4956 778 5023 pacis.
826 4976 845 5008 ι
884 4955 1167 5027 Proposita
1225 4971 1309 5018 est
1354 4962 1497 5017 enim
1547 4963 1724 5020 verbis
1782 4964 1912 5021 Mosi

347 5047 686 5104 sanctissimo
715 5047 800 5104 lex
822 5050 1025 5118 scripta
1064 5052 1311 5109 ordinata
1340 5069 1436 5123 per
1477 5057 1696 5126 angelos
1720 5058 1786 5121 ”,
1821 5073 1916 5127 per

344 5133 527 5193 Mosen
566 5148 746 5194 autem
773 5142 944 5209 posita
983 5140 1261 5209 lsraelitis,
1310 5146 1494 5211 vitam,
1533 5157 1588 5200 et
1624 5164 1810 5217 pacem
1850 5151 1915 5205 iis

345 5227 437 5291 qui
472 5228 784 5287 innocenter
815 5233 998 5289 vivere
1025 5244 1081 5289 et
1107 5235 1433 5307 legislatoris
1464 5239 1797 5303 voluntatem
1819 5257 1913 5311 pro

348 5317 526 5384 regula
560 5318 660 5377 sibi
686 5337 984 5391 proponere
1013 5327 1232 5391 vellent,
1273 5331 1621 5387 annuntians.

468 5650 506 5676 "‘
539 5650 549 5700 I
582 5646 710 5715 lii-g.
743 5664 801 5712 ιι,
834 5648 923 5704 50.

416 5831 487 5907 (.I)
515 5831 669 5907 Hunc
694 5833 866 5907 locum
892 5834 1123 5907 [ortasse
1158 5837 1225 5889 ita
1250 5839 1443 5891 rectius
1474 5840 1614 5907 lvgas
1642 5860 1650 5894 :
1678 5842 1896 5895 Ιίεκὶει-

345 5902 545 5973 (ρέος
590 5902 670 5971 ἐφ’
699 5902 830 5976 ὑμίν
866 5903 959 5966 τὰς
990 5903 1177 5983 θύρας,
1210 5908 1355 5976 ὑμᾶς
1393 5909 1444 5961 δὲ
1482 5902 1895 5983 ὲέ.κ>.ει.οειέ·.ιους

2024 4852 2099 4915 ὡς
2131 4856 2186 4907 ὲν
2219 4858 2490 4929 προσώπῳ
2520 4861 2670 4914 Λευί.
2711 4880 2728 4911 ι
2756 4858 2863 4914 Ἦν
2897 4865 3092 4929 τοίνυν,
3148 4867 3301 4935 φησὶ,
3336 4868 3471 4937 πρδς
3506 4872 3633 4924 αὑ·-

2023 4944 2114 4997 ea»
2144 4947 2174 5015 ή
2200 4946 2436 5010 διάθεσίς
2471 4967 2571 5019 μου
2602 4951 2702 5022 τῆς
2731 4952 2877 5023 ζωῆς
2895 4954 2989 5007 καὶ
3013 4956 3111 5026 τῆς
3140 4958 3382 5028 εἰρήνης.
3425 4976 3443 5009 ι
3499 4962 3635 5015 Λε-

2022 5034 2250 5105 λάληται
2285 5038 2384 5109 μὲν
2413 5041 2518 5112 γὰρ
2543 5042 2617 5106 ὡς
2647 5044 2779 5115 πρὸς
2814 5046 3013 5100 Μωσέα
3048 5048 3137 5100 τὸν
3170 5048 3459 5118 ἱερώτατον
3500 5055 3537 5106 ὁ
3566 5056 3639 5109 ὲν

2022 5125 2307 5195 γράμμασι
2338 5129 2519 5199 νόμος,
2553 5131 2889 5203 διακονηθεὶς
2946 5135 3011 5188 δι’
3043 5135 3307 5204 ἀγγέλων,
3360 5139 3641 5199 τέθειται

2019 5213 2073 5266 δὲ
2107 5215 2195 5269 διὰ
2223 5218 2446 5289 μεσίτην
2477 5222 2677 5276 Μωσέα
2708 5226 2817 5288 τοῖς
2860 5224 2918 5289 ἐξ
2941 5226 3167 5296 αἵματος
3209 5229 3444 5299 Ἰσραὴλ,
3503 5252 3643 5293 ποε-

2024 5306 2314 5373 ραγγελίαν
2374 5308 2511 5378 ἔχων
2567 5310 2711 5383 ζωῆς
2762 5314 2856 5367 καὶ
2912 5317 3134 5388 είρήνης
3187 5320 3301 5382 τοῖς
3347 5320 3645 5383 ἐθέλουσι

2020 5395 2167 5464 βιοῦν
2198 5398 2371 5469 ὀρθῶς
2406 5402 2498 5454 καὶ
2523 5405 2718 5457 κανόνα
2762 5407 3029 5461 ποιεῖσθαι
3080 5409 3176 5480 τῆς
3215 5409 3418 5463 ἑαυτῶν
3454 5413 3647 5493 ζωῆς

2014 5487 2074 5540 τὺ
2104 5489 2179 5559 τῷ
2208 5491 2469 5564 νομοθέτῃ
2494 5495 2703 5551 δοκοῦν.

1030 5650 1077 5683 ⁵⁸
1110 5651 1266 5707 Rom.
1288 5668 1383 5720 vn,
1420 5657 1503 5710 12.
1580 5659 1624 5690 ⁸³
1649 5658 1821 5712 Galat.
1854 5675 1932 5725 ιιι,
1967 5660 2047 5715 I9.

2006 5860 2061 5965 1's
2078 5845 2182 5966 1καὶ
2206 5846 2655 5922 ὲκπεμπομίνους
2684 5853 2779 5924 τῆς
2810 5856 3136 5928 ἱερουργίας·
3163 5870 3212 5913 cl
3237 5862 3303 5916 ita
3335 5880 3454 5923 nos
3497 5880 3649 5936 red.

2006 5930 2078 5966 (It
2104 5932 2254 5966 llllltS.

2006 5930 2255 5973 (IIlIlllllIS.
