4026 6276
433 473 533 533 3H

1455 459 1513 514 s.
1551 454 1823 514 manu
1863 451 2334 512 ALEXANDRINI
2374 437 2698 506 ARCHIEP.

3595 439 3697 493 5ίῆ

437 603 522 647 est
548 608 561 645 :
599 607 618 639 ι
646 585 822 642 Nolite
849 589 1058 654 putare,
1082 579 1280 648 inquit,
1301 578 1425 646 quia
1450 579 1572 630 veni
1602 577 1812 632 solvere
1837 575 2009 646 legem

2125 581 2477 652 κεχρησμῳδη
2488 580 2646 651 μένος
2671 617 2684 642 ,
2716 572 3000 628 ἀναπείσει
3027 569 3202 637 λέγων
3230 569 3257 621 ὁ
3289 565 3483 634 Σωτήρ
3502 578 3516 594 ·
3559 580 3576 614 ι
3607 559 3694 632 Μὴ

439 692 530 737 aut
555 681 840 748 prephetas
872 694 885 729 :
915 689 1018 727 non
1045 670 1162 726 veni
1194 669 1423 732 solvere,
1451 669 1544 723 sed
1578 669 1820 735 implere.
1846 669 2016 723 Amen

439 772 561 825 dico
583 769 758 834 vobis,
779 767 947 819 donec
973 770 1212 816 transeat
1236 759 1432 814 coelum
1456 770 1509 813 et
1534 769 1699 824 terra,
1721 759 1826 811 iota
1854 773 2016 811 unum

440 870 534 914 aut
565 874 701 913 unus
734 872 865 926 apex
905 869 1008 908 non
1040 851 1338 922 praeteribit
1376 865 1405 904 a
1444 851 1592 919 lege,
1627 851 1802 904 donec
1835 849 2016 904 omnia

439 949 573 1002 ﬂant
592 948 634 1003 ⁷.
669 965 687 999 ι

509 1123 577 1177 In
629 1137 754 1191 pace
807 1120 1040 1188 dirigens
1097 1114 1381 1170 ambulavit
1437 1129 1670 1177 mecum,
1720 1125 1766 1165 et
1825 1115 2016 1169 multo:

441 1215 620 1269 avertit
656 1213 720 1264 ab
750 1213 1042 1274 iniquitate.

511 1303 651 1358 XXI.
704 1303 896 1356 Pacem
953 1301 1158 1367 agitare
1219 1311 1340 1350 cum
1395 1295 1506 1349 Deo
1556 1296 1816 1362 quidnam
1872 1296 2014 1350 aliud

441 1394 664 1464 intelligi
700 1394 865 1462 possit
895 1407 924 1444 a
957 1391 1110 1445 nobis
1140 1398 1194 1443 et
1223 1389 1289 1442 ab
1321 1386 1470 1451 aliis,
1499 1386 1543 1438 si
1577 1386 1667 1456 qui
1696 1385 1864 1456 838
1891 1397 2016 1441 sunt.

443 1489 742 1543 divinarum
792 1485 1189 1554 Scripturarum
1235 1481 1624 1550 intelligentes,
1665 1495 1828 1547 quam
1879 1479 2011 1533 velle

443 1579 682 1646 cogitare
711 1584 765 1630 et
791 1574 966 1628 facere
990 1587 1110 1642 quae
1137 1572 1228 1627 ille
1255 1572 1384 1639 vult,
1409 1581 1462 1624 et
1493 1571 1631 1624 nulla
1664 1573 1716 1624 in
1749 1584 1808 1624 re
1837 1570 2012 1638 ipsum

443 1669 714 1724 ollendere
740 1687 752 1722 :
785 1665 878 1722 sed
905 1664 1232 1721 contendere
1261 1664 1438 1733 potius
1468 1676 1645 1715 mores
1670 1660 2018 1715 commenda-

445 1763 590 1816 tione
649 1770 703 1814 et
754 1759 928 1826 gloria
983 1758 1173 1826 dignos
1229 1755 1441 1819 colere,
1499 1755 1774 1823 vitamque
1825 1751 2020 1820 degere

443 1854 841 1923 suspiciendam
909 1857 962 1904 et
1025 1863 1144 1902 cum
1213 1846 1422 1914 legibus
1484 1842 1724 1897 omnium
1788 1841 2021 1894 maxime

2122 673 2377 742 νομίσητε
2402 673 2483 724 ὅτι
2506 667 2670 740 ἦλθον
2697 663 2998 719 καταλῦσαι
3033 661 3122 714 τὸν
3145 660 3308 729 νόμον
3342 657 3375 729 ἢ
3409 656 3538 718 τοὺς
3565 669 3694 724 προ-

2121 765 2324 832 φήτας⁹
2360 765 2459 816 οὐκ
2485 758 2647 833 ἦλθον
2681 753 3000 816 καταλῦσαι,
3033 753 3166 806 ἀλλὰ
3198 748 3504 819 πληρῶσαι.
3526 745 3694 815 Ἀμὴν

2120 853 2227 924 γὰρ
2256 853 2399 922 λέγω
2429 853 2576 922 ὑμῖν,
2598 852 2702 912 ἓως
2729 848 2795 900 ἂν
2829 845 3075 916 παρέλθῃ
3102 847 3129 896 ό
3166 840 3392 912 οὐρανὸς
3423 838 3518 891 καὶ
3543 839 3575 905 ἡ
3601 836 3690 904 γῆ,

2123 946 2254 998 ίῶτα
2285 944 2342 997 ἓν
2372 944 2404 1013 ἢ
2435 943 2530 1013 μία
2560 940 2754 1011 κεραία
2785 939 2844 990 οὐ
2880 937 2953 1006 μὴ
2988 932 3229 1005 παρέλθῃ
3255 930 3364 984 ἀπὸ
3386 926 3480 981 τοῦ
3509 927 3691 996 νόμου,

2119 1035 2223 1098 ἕως
2261 1036 2326 1088 ἂν
2367 1037 2540 1087 πάντα
2574 1032 2821 1102 γένηται.

2105 1150 2117 1171 ν
2204 1127 2299 1178 Ἐν
2341 1125 2549 1192 εἰρήνῃ
2598 1121 2984 1176 κατευθύνων
3022 1116 3314 1184 ἐπορεύθη
3351 1112 3479 1180 μετ’
3531 1106 3692 1173 ἐμοῦ,

2122 1217 2220 1270 καὶ
2253 1213 2524 1278 πολλοὺς
2557 1211 2943 1278 ἀπέστρεψεν
2977 1206 3096 1261 ἀπὸ
3124 1203 3378 1267 ἀδικίας.

2190 1306 2320 1361 KA’.
2352 1305 2426 1358 Τὸ
2451 1302 2750 1374 εἰρηνεύειν
2781 1301 2920 1371 πρὸς
2944 1299 3076 1351 Θεὸν
3105 1297 3157 1350 τί
3198 1296 3265 1349 ἂν
3297 1296 3487 1362 ἓτερον
3531 1291 3697 1343 νοοῖτο

2124 1397 2260 1467 πρός
2290 1413 2347 1448 τε
2387 1393 2541 1464 ἡμῶν
2571 1391 2748 1446 αὐτῶν
2791 1391 2882 1443 καὶ
2922 1389 3144 1459 ἑτέρων,
3182 1387 3338 1455 οἵπερ
3367 1383 3432 1436 ἂν
3459 1377 3567 1434 εἷεν
3593 1381 3696 1432 τῶν

2123 1488 2278 1540 θείων
2305 1485 2514 1552 Λογίων
2542 1484 2924 1552 ἐπιστήμονες,
2961 1479 2993 1550 ἢ
3022 1479 3082 1531 τὸ
3105 1479 3317 1548 φρονεῖν
3351 1474 3568 1527 ἑλέσθαι
3607 1471 3695 1523 καὶ

2121 1579 2250 1649 δρᾷν
2298 1578 2333 1631 δ.
2385 1576 2652 1647 βούλεται,
2700 1574 2793 1625 καὶ
2843 1572 2985 1625 κατὰ
3036 1571 3243 1640 μηδένα
3288 1567 3488 1637 τρόπον
3534 1578 3694 1633 προσο

2121 1670 2339 1740 κρούειν
2369 1666 2537 1736 αὐτῷ,
2585 1663 2884 1735 κατορθοῦν
2913 1663 2969 1716 δὲ
3007 1661 3206 1733 μᾶλλον
3253 1655 3571 1726 ἐπείγεσθαι
3601 1654 3695 1724 τὴν

2121 1761 2320 1813 εὐκλεᾶ
2338 1756 2628 1819 πολιτείαν,
2652 1756 2745 1808 καὶ
2762 1753 3091 1822 ἀξιόιγαστόν
3113 1769 3171 1804 τε
3195 1752 3288 1803 καὶ
3316 1747 3694 1817 ὲννομωτάτην

2123 1851 2266 1920 ζωὴν
2289 1866 2301 1912 ;
2335 1847 2492 1901 Οὕτω
2513 1848 2605 1900 καὶ
2632 1847 2660 1896 ὁ
2689 1844 2830 1908 θεῖος
2851 1847 2981 1913 ἡμῖν
3009 1839 3442 1914 προσπεφώνηκε
3469 1836 3691 1898 Παῦλος·

443 1941 901 1999 'consentientem?
939 1940 1012 1993 lta
1043 1951 1260 2006 quoque
1305 1949 1405 1988 nos
1438 1935 1732 2002 alloquitur
1762 1932 1960 1986 Paulus
2001 1949 2015 1986 :

2128 1962 2144 1994 t
2171 1939 2562 2002 Δικαιωθὲντες
2584 1935 2676 1992 οῦν
2707 1939 2771 1991 ὲκ
2793 1937 3048 1999 πίστεως,
3067 1937 3290 2004 εἰρήνην
3319 1931 3535 2000 ἔχωμεν
3565 1926 3696 1997 πρὸς

453 2055 470 2086 ι
526 2033 814 2088 Justiticati
877 2043 1006 2100 ergo
1059 2042 1126 2082 ex
1185 2026 1325 2092 nde,
1374 2037 1558 2093 pacem
1614 2024 1906 2078 habeamus
1955 2022 2018 2075 ad

443 2128 614 2180 Deum
642 2125 685 2180 ⁸.
737 2140 755 2174 ι
807 2120 900 2175 Sic
947 2133 1077 2174 sane
1120 2132 1242 2172 eum
1292 2116 1380 2186 qui
1433 2123 1515 2170 est
1559 2124 1748 2169 natura
1796 2125 1851 2169 et
1897 2129 2022 2168 vere

452 2215 709 2269 Dmninus
764 2211 1005 2281 agnitum
1062 2210 1414 2263 honoramus.
1465 2208 1618 2274 Quod
1667 2207 1709 2259 si
1761 2215 2022 2260 creaturae

450 2320 664 2373 quoque
713 2305 924 2358 divinos
973 2302 1206 2356 honores
1259 2301 1648 2369 impendimus,
1699 2300 1912 2367 impuro
1969 2307 2024 2352 et

448 2393 744 2449 detestabili
771 2401 994 2461 peccato
1021 2391 1438 2461 cogitationibus
1461 2392 1662 2446 nostris
1684 2391 2019 2452 dominante,

450 2486 683 2541 Domino
717 2483 1058 2548 resistimus,
1089 2492 1144 2536 et
1176 2482 1323 2535 velut
1351 2482 1520 2536 aciem
1557 2481 1814 2536 adversus
1849 2481 2020 2548 ipsum

451 2577 517 2630 ad
545 2591 776 2647 pugnam
808 2575 1151 2637 instruimus,
1177 2573 1366 2628 duram
1403 2573 1669 2628 cervicem
1703 2581 1891 2627 contra
1920 2585 2016 2624 ex-

452 2669 752 2730 tendentes,
766 2675 820 2721 et
838 2666 1191 2735 pertinaciam
1214 2663 1666 2732 rebellionemque
1685 2670 2019 2719 exercentes.

449 2763 592 2815 idem
639 2760 926 2815 conﬁrmat
966 2756 1265 2812 Salvatoris
1305 2755 1600 2824 discipulus
1649 2754 1735 2808 his
1776 2753 1954 2807 verbis
2004 2770 2019 2806 :

454 2874 473 2905 ι
515 2850 748 2906 Nescitis
789 2851 914 2920 quia
960 2849 1198 2902 amicitia
1249 2848 1404 2916 hujus
1449 2848 1634 2902 mundi
1678 2847 1891 2900 inimica
1940 2853 2025 2898 est

452 2944 594 2998 Deo?
617 2943 684 2998 Et
708 2943 799 3013 qui
829 2942 943 2995 vult
965 2941 1172 2994 amicus
1202 2953 1324 2994 esse
1352 2938 1511 3008 hujus
1542 2938 1746 3003 saeculi,
1775 2937 2024 2991 inimicus

454 3032 544 3094 Dei
577 3030 979 3087 constituitur’.
1016 3051 1034 3082 ο
1068 3028 1222 3096 Quod
1252 3030 1295 3084 si
1325 3029 1390 3082 ad
1425 3029 1799 3083 universorum
1843 3026 2026 3082 Domi—

455 3137 578 3176 num
604 3137 698 3192 per
725 3121 882 3176 [idem
909 3129 962 3174 et
990 3121 1196 3190 peccati
1227 3119 1546 3188 eiectionem
1579 3135 1676 3174 nos
1703 3117 2028 3174 converteri-

454 3226 592 3272 mus,
619 3210 748 3263 nihil
781 3224 838 3263 se
859 3208 1097 3276 objiciet,
1123 3222 1225 3261 nec
1246 3208 1539 3276 quidquam
1572 3223 1669 3262 nos
1693 3211 1808 3277 ejus
1839 3206 2025 3260 amici-

2122 2035 2274 2087 Θεόν·
2306 2033 2449 2086 οὕτω
2511 2033 2608 2102 μὲν
2662 2031 2755 2084 τὸν
2799 2029 2958 2098 φύσει
3013 2029 3105 2081 καὶ
3157 2025 3374 2094 ἀληθῶς
3424 2021 3696 2090 Δεσπότην

2123 2126 2321 2188 εἰδότες
2355 2122 2624 2193 τιμῶμεν.
2665 2122 3024 2182 Ἀνὰπτοντες
3071 2119 3126 2171 δὲ
3175 2118 3266 2170 καὶ
3304 2119 3368 2185 τῇ
3419 2114 3594 2168 κτίσει
3642 2111 3698 2164 τὸ

2125 2215 2309 2279 σέϐας,
2356 2214 2446 2266 καὶ
2494 2211 2944 2280 κατακρατούσης
2988 2209 3094 2260 τῶν
3147 2206 3432 2277 ἡμετέρων
3484 2203 3697 2256 ἐννοιῶν

2121 2307 2225 2376 τῆς
2253 2305 2478 2375 βεϐήλου
2501 2322 2559 2356 τε
2579 2306 2671 2357 καὶ
2690 2303 2952 2372 βδελυρᾶς
2971 2300 3265 2370 ἁμαρτίας,
3286 2296 3696 2365 ἁνθεστήκαμεν

2123 2396 2201 2467 τῷ
2246 2397 2491 2467 Δεσπότῃ
2517 2435 2531 2459 ,
2567 2395 2661 2448 καὶ
2701 2388 2812 2447 οἷον
2866 2390 3308 2461 ἀντανιστάμεθα
3351 2391 3492 2460 πρδς
3526 2388 3699 2458 μάχην

2124 2487 2270 2556 αὐτῷ
2290 2527 2302 2549 ,
2335 2488 2566 2556 σκληρὸν
2595 2487 2841 2556 αἴροντες
2868 2483 2956 2537 τὸν
2986 2483 3189 2553 αὐχένα
3209 2523 3223 2546 ,
3264 2483 3358 2534 καὶ
3390 2482 3450 2533 τὸ
3481 2478 3694 2540 ἀπειθὲς

2123 2580 2217 2633 καὶ
2243 2580 2492 2649 δυσήνιον
2525 2576 2852 2648 μελετῶντες
2877 2576 2978 2630 ἔτι.
3010 2577 3122 2628 Καὶ
3153 2572 3487 2630 πιστώσεται
3528 2571 3694 2633 λέγων

2123 2670 2216 2724 τοῦ
2260 2669 2510 2741 Σωτῆρος
2558 2669 2585 2720 ὁ
2633 2667 2913 2737 μαθητής·
2946 2687 2962 2718 ι
2998 2667 3109 2719 Οὐκ
3146 2665 3323 2718 οἴδατε
3356 2665 3438 2717 ὅτι
3471 2665 3503 2731 ἠ
3545 2659 3687 2730 φιλία

2125 2761 2217 2815 τοῦ
2252 2759 2460 2829 κόσμου
2489 2759 2658 2830 ἐχθρὰ
2700 2759 2796 2812 τοῦ
2828 2758 2962 2813 Θεοῦ
2998 2759 3180 2823 tactv;
3215 2752 3324 2808 καὶ¹
3350 2752 3544 2819 δς,ἐὰν
3588 2751 3694 2818 βου·

2125 2851 2266 2922 ληθῂ
2292 2846 2447 2920 φίλος
2484 2846 2623 2903 εἶναι
2668 2847 2762 2902 τοῦ
2797 2849 3024 2918 κόσμου,
3069 2847 3259 2918 ἐχθρὸς
3290 2845 3383 2898 τοῦ
3413 2842 3546 2896 Θεοῦ
3573 2841 3699 2894 καθ-

2129 2939 2361 2996 ίσταται.
2409 2962 2426 2995 ι
2479 2939 2937 3010 Ἐπιστρέψαντες
2980 2938 3035 2990 δὲ
3085 2937 3220 3008 πρὸς
3266 2937 3358 2989 τὸν
3403 2933 3512 2988 τῶν
3565 2932 3695 2985 ὅλων

2126 3028 2257 3085 θεὸν
2288 3027 2374 3084 διὰ
2396 3031 2492 3101 τῆς
2513 3032 2766 3094 πίστεως,
2786 3030 2878 3082 καὶ
2905 3029 3003 3098 τῆς
3032 3028 3305 3098 ἁμαρτίας
3331 3024 3695 3099 ἀνῃρημένης,

2125 3123 2186 3174 τὸ
2219 3121 2549 3192 μεσολαϐοῦν
2581 3121 2755 3184 οὐδὲν,
2784 3119 2892 3172 οὐδ’
2921 3119 2986 3172 ἂν
3025 3118 3301 3189 ἀπείρξειέ
3333 3135 3418 3180 τις
3447 3117 3543 3186 τῆς
3569 3113 3698 3185 πρὸς

2127 3212 2290 3265 αὑτὸν
2345 3213 2716 3283 οἰκειότητος⁸
2774 3211 3096 3282 κολλώμεθα
3141 3211 3332 3281 ὥσπερ
3397 3209 3546 3279 αὐτῷ
3615 3208 3699 3260 διὰ

453 3300 526 3353 tia
560 3298 894 3368 prohibebit,
921 3299 1006 3353 cui
1043 3297 1503 3367 agglutinahimnr
1533 3284 1934 3365 quodammodo
1971 3295 2022 3348 in

2130 3309 2311 3376 πάσης
2357 3306 2690 3368 ἐπιεικείας,
2729 3305 3061 3376 βαδιούμεθά
3094 3321 3152 3357 τε
3190 3305 3256 3357 δι’
3295 3303 3512 3365 εὐθείας
3557 3300 3694 3362 ὁδοῦ,

453 3389 599 3443 omni
645 3404 842 3458 genere
881 3389 1168 3452 bonitatis,
1198 3397 1254 3441 et
1291 3397 1436 3442 recta
1479 3390 1563 3441 via
1608 3389 1936 3459 gradiemur,
1971 3393 2026 3440 et

452 3494 551 3546 per
589 3479 886 3548 speciosam
927 3478 1175 3532 semitam
1219 3477 1643 3541 ambulabimus,
1675 3494 1772 3532 nos
1803 3479 1944 3546 ipsos
1975 3487 2028 3530 et

459 3572 593 3627 alios
644 3572 709 3625 ad
756 3585 874 3624 eam
916 3569 1229 3639 dirigentes.
1263 3566 1322 3622 in
1364 3569 1448 3624 his
1484 3579 1661 3623 autem
1703 3569 2028 3624 contendere

457 3663 706 3732 occupari
735 3676 843 3731 prae
870 3660 988 3715 aliis
1015 3665 1235 3714 sanctos
1261 3660 1572 3715 sacerdotes
1603 3659 1786 3724 decet,
1814 3661 1879 3711 de
1910 3659 2026 3726 qui-

460 3756 555 3811 bus
584 3753 866 3809 verissime
892 3753 994 3807 dici
1022 3761 1183 3820 queat
1215 3769 1229 3806 :
1267 3769 1286 3804 ‹
1320 3750 1373 3804 1η
1407 3765 1540 3818 pace
1569 3751 1804 3817 dirigens
1839 3751 2028 3802 amba-

459 3845 590 3898 lavit
631 3859 872 3908 mecum,
902 3851 959 3897 et
1002 3843 1199 3896 multos
1247 3841 1512 3894 convertit
1557 3841 1624 3893 ab
1663 3840 1962 3908 iniquitate.
2004 3859 2022 3892 ι

455 3933 670 3986 Subditi
730 3932 877 3986 enim
945 3930 1261 4000 plerumque
1326 3931 1737 3999 praepositorum
1809 3944 2026 3982 suorum

455 4027 625 4078 bonos
657 4037 834 4078 mores
868 4037 962 4092 per
995 4023 1183 4077 eadem
1216 4023 1436 4091 vestigia
1475 4031 1776 4090 sequuntur
1808 4039 1820 4077 :
1855 4030 1908 4076 et
1936 4023 2025 4088 qui

458 4117 718 4171 incedunt
753 4114 957 4170 directa
989 4117 1074 4169 via
1113 4115 1325 4170 salvant
1361 4115 1588 4179 multos,
1617 4129 1717 4168 nec
1749 4113 2029 4169 dilliculter

454 4225 518 4262 eo
550 4217 886 4278 permovent,
913 4216 970 4262 ut
995 4208 1099 4262 vita
1132 4207 1405 4277 petulante
1433 4217 1485 4262 et
1511 4206 1830 4262 exsecrabili
1865 4208 2028 4259 mori-

457 4303 660 4368 imaque
703 4301 959 4369 improbis
1003 4301 1248 4356 nuntium
1295 4301 1666 4362 remittentes,
1707 4299 1928 4354 meliora
1975 4307 2029 4353 et

457 4393 793 4460 suspicienda
843 4407 1071 4461 quasque
1123 4393 1262 4461 apud
1311 4393 1476 4447 Deum
1526 4401 1578 4446 et
1623 4383 1865 4445 homines
1912 4389 2028 4444 laus

455 4482 766 4545 comitetur,
792 4481 1097 4535 consectari
1128 4481 1334 4533 malint.

528 4571 690 4625 Vens.
717 4571 768 4623 7.
797 4569 1052 4634 Quoniam
1081 4571 1221 4622 labia
1250 4570 1532 4621 sacerdotia
1558 4571 1846 4623 custodiant
1869 4571 2030 4622 scien-

2125 3399 2339 3466 xalclqv
2370 3398 2540 3468 καλὴν
2571 3395 2787 3462 ἀληθῶς
2817 3395 3203 3467 πορευσόμεθα
3223 3395 3430 3465 τρίϐον,
3468 3391 3700 3445 ἀπευθύ-

2125 3505 2306 3551 νοντες
2329 3491 2409 3552 εἰς
2432 3489 2630 3558 ἑαυτὴν
2664 3490 2888 3552 ἑαυτοὺς
2928 3490 3021 3542 καὶ
3043 3489 3283 3558 ἑτέρους.
3309 3486 3516 3557 Πρέποι
3558 3484 3604 3536 δ’
3638 3484 3700 3536 ἂν

2129 3579 2365 3648 μάλιστα
2416 3580 2476 3631 τὸ
2528 3579 2583 3632 ἕν
2632 3597 2693 3646 γε
2741 3580 2952 3642 τούτοις
2991 3577 3128 3632 εἶναι
3155 3575 3346 3648 ζητεῖν
3385 3580 3497 3640 τοῖς
3539 3576 3700 3640 ὁσίοις

2129 3668 2459 3739 ίερουργοῖς,
2503 3672 2628 3739 περὶ
2659 3663 2732 3721 ὧν
2765 3670 2829 3723 ἂν
2858 3669 3088 3737 λέγοιτο,
3141 3669 3236 3723 καὶ
3269 3669 3412 3739 μάλα
3442 3667 3664 3728 είκότως
3683 3681 3699 3696 ⁶

2133 3779 2150 3810 ι
2188 3760 2277 3812 Ἐν
2323 3760 2513 3831 εἰρήνῃ
2561 3760 2908 3813 κατευθύνων
2937 3761 3206 3832 ἐπορεύθη
3260 3763 3376 3832 μετ’
3417 3757 3576 3829 ἐμοῦ,
3610 3756 3704 3810 καὶ

2128 3850 2358 3913 πολλοὺς
2396 3851 2733 3920 ἐπέστρεψεν
2781 3852 2888 3904 ἀπὸ
2944 3853 3175 3914 ἀδικίας.
3214 3869 3232 3902 ι
3275 3849 3572 3920 Ἰχνηλατεῖ
3599 3846 3705 3917 γάρ

2128 3957 2246 4004 πως
2270 3940 2331 3992 τὸ
2358 3941 2594 4010 ὑπήκοον
2635 3941 2731 4004 τὰς
2764 3941 2873 3994 τῶν
2906 3941 3224 4010 ἡγουμένων
3250 3923 3572 4000 ἐπιεικείας,
3609 3935 3706 3990 καὶ

2126 4031 2284 4101 οἵπερ
2317 4029 2381 4083 ἂν
2411 4030 2654 4100 ἔρχοιντο
2679 4031 2746 4082 δι’
2771 4030 2986 4094 εὐθείας
3015 4029 3159 4094 ὁδοῦ,
3195 4027 3424 4093 σώζουσι
3457 4026 3701 4090 πολλοὺς,

2127 4121 2479 4176 ἁναπείθουσί
2530 4139 2587 4174 τε
2647 4122 2842 4192 ῥᾳδίως
2883 4122 2980 4192 τὴν
3036 4122 3238 4191 ἀσελγῆ
3291 4120 3385 4173 καὶ
3434 4118 3706 4189 ἐπάρατον

2128 4213 2364 4280 ἀφέντας
2405 4211 2548 4282 ζωὴν
2580 4213 2673 4265 καὶ
2701 4214 2828 4275 τοὺς
2857 4214 2955 4282 τῆς
2984 4212 3196 4272 ἀδικίας
3227 4211 3482 4281 τρόπους,
3501 4208 3707 4262 ἀνθελέ-

2130 4301 2253 4355 σθαί
2281 4319 2340 4355 τε
2373 4303 2468 4354 καὶ
2502 4303 2723 4373 ἀγαπᾷν
2750 4301 2817 4354 τὰ
2865 4303 3074 4371 ἀμείνω
3112 4302 3207 4355 καὶ
3253 4301 3576 4368 ὰξιάγαστα,
3607 4297 3704 4351 καὶ

2128 4388 2208 4455 οἷς
2239 4391 2303 4444 ἂν
2333 4391 2516 4443 ἕποιτο
2549 4392 2608 4444 τὸ
2638 4392 2976 4446 ἐπαινεῖσθαι
3020 4391 3132 4445 δεῖν
3173 4391 3326 4464 παρά
3354 4407 3412 4443 τε
3442 4389 3579 4461 Θεῷ,
3614 4391 3708 4444 καὶ

2130 4485 2456 4557 ἀνθρώποις.

2205 4579 2332 4630 Ὅτι
2367 4578 2540 4645 χείλη
2582 4576 2783 4645 ἱερέως
2817 4577 3150 4645 φυλάξεται
3193 4576 3440 4646 γνῶσιν,
3483 4576 3582 4629 καὶ
3609 4575 3708 4628 rd-

456 4665 618 4723 tiam,
645 4671 694 4714 et
737 4661 896 4726 legem
941 4661 1197 4729 requirent
1239 4674 1304 4712 ex
1343 4675 1432 4712 ore
1472 4659 1615 4727 ejus,
1641 4660 1766 4727 quia
1816 4659 2022 4727 angelut

2132 4683 2247 4735 μον
2277 4640 2678 4736 ἐκξητήσουονι
2710 4640 2778 4721 ἐκ
2805 4640 3112 4737 στόματος
3135 4640 3342 4733 αύτοῦ,
3367 4640 3517 4721 διότι
3539 4666 3692 4736 ἄγγε-

454 4751 668 4810 Domim'
694 4749 1055 4817 omnipotentis
1083 4756 1176 4801 est.

523 4839 689 4895 XXII.
728 4839 971 4905 Quonam
1022 4838 1180 4892 modo
1229 4838 1424 4893 multos
1478 4840 1831 4902 converterit,
1868 4847 2030 4906 atque

455 4927 812 4983 ambulaverit
857 4927 1096 4998 dirigens
1147 4927 1201 4980 in
1254 4940 1385 4994 pace
1430 4943 1550 4980 cum
1600 4925 1740 4992 Deo,
1779 4929 2026 4995 exponit,

454 5021 634 5086 aitque
658 5035 779 5073 eum
809 5029 1054 5087 gestasse
1079 5017 1132 5071 in
1167 5017 1325 5071 labiis
1354 5018 1466 5071 sive
1496 5016 1548 5071 in
1577 5018 1754 5088 lingua
1786 5018 2026 5073 omnium

454 5111 519 5164 ad
552 5111 685 5165 bene
711 5109 995 5183 vivendum
1025 5109 1408 5176 requisitorum
1443 5109 1720 5175 notitiam,
1753 5108 2025 5180 fuisseque

454 5198 813 5253 institutorem
846 5197 1246 5267 insipientium,
1272 5206 1327 5252 et
1354 5199 1670 5269 magistrum
1700 5198 1981 5252 infantium
2006 5239 2021 5264 ,

452 5298 506 5341 et
536 5288 844 5344 volentibus
881 5288 1014 5358 legis
1040 5289 1175 5344 scita
1201 5288 1432 5355 discere,
1465 5303 1651 5344 verum
1685 5297 1740 5343 et
1775 5290 1842 5344 ab
1876 5293 2021 5345 omni

452 5393 638 5433 errore
675 5381 1098 5436 remotissimum
1138 5388 1556 5453 prmeeptorem,
1590 5397 1692 5437 non
1738 5383 1845 5437 alio
1887 5384 2023 5437 divi-

453 5484 645 5526 norum
693 5471 1035 5527 oraculorum
1089 5488 1307 5528 sensum
1361 5473 1804 5544 detorquentem,
1851 5489 2024 5543 neque

457 5563 734 5615 docentem
773 5578 791 5612 t
832 5564 1136 5626 doctrinas,
1168 5567 1421 5618 mandata
1460 5565 1734 5619 hominum
1763 5567 1843 5618 ὀε
1883 5584 1900 5616 ι
1933 5567 2025 5618 sed

459 5652 995 5722 tanquam'angelnm
1027 5652 1150 5715 Dei,
1179 5654 1432 5722 subjectis
1465 5656 1564 5710 sibi
1598 5656 1806 5724 pupulis
1833 5656 2026 5711 obscu-

560 5829 797 5884 ’Jtauh.
827 5844 880 5895 τ,
913 5829 1000 5897 t7,
1040 5829 1126 5885 ts.

1236 5829 1255 5861 ³
1282 5828 1437 5885 Rom.
1465 5845 1516 5898 ν,
1545 5830 1588 5883 1.
1700 5833 1718 5861 ⁸
1745 5830 1826 5887 κίεν
1851 5871 1859 5882 .
1886 5847 1952 5896 Iv,
1988 5833 2039 5888 ιι.

2130 4760 2240 4821 λος
2273 4759 2494 4826 Κυρίου
2528 4759 3014 4827 παντοκράτορός
3044 4760 3194 4813 ἐστι.

2203 4848 2327 4902 ΚΒ’.
2384 4849 2517 4902 Τίνα
2571 4849 2635 4921 δὴ
2695 4851 2896 4920 τρόπον
2949 4851 3150 4914 πολλὰς
3201 4851 3298 4921 μὲν
3342 4848 3706 4921 ἀπέστρεψεν,

2133 4939 2614 5008 παραπεπόρευται
2648 4939 2703 4994 δὲ
2750 4941 3093 4994 κατευθύνων
3121 4943 3342 5012 είρήνην
3373 4942 3516 4994 κατὰ
3548 4937 3708 5004 Θεοῦ,

2128 5026 2440 5098 διατρανοῖ,
2491 5030 2700 5098 λέγων,
2749 5032 2824 5094 ὡς
2873 5033 3155 5102 πεφόρηκε
3202 5031 3300 5100 μὲν
3343 5033 3400 5084 ἐν
3451 5031 3707 5100 χείλεσιν,

2133 5118 2297 5186 ἤγουν
2323 5120 2414 5170 ἐπὶ
2439 5119 2705 5189 γλώττης,
2727 5122 2928 5185 παντὸς
2951 5122 3044 5174 τοῦ
3077 5122 3212 5192 πρὸς
3243 5121 3385 5191 ζωὴν
3409 5120 3708 5187 ἀναγκαίου

2132 5208 2229 5277 τὴν
2262 5206 2481 5274 γνῶσιν,
2512 5209 2700 5278 γέγονε
2731 5212 2786 5264 δὲ
2819 5211 3112 5281 παιδευτὴς
3155 5211 3424 5281 ἀφρόνων,
3454 5211 3712 5263 διδάσκα-

2131 5297 2220 5360 λός
2258 5315 2316 5352 τε
2346 5299 2575 5370 νηπίων,
2622 5302 2714 5354 καί¹
2755 5305 2866 5365 τοῖς
2899 5304 3145 5357 ἐθέλουσι
3194 5303 3497 5372 ἀναμαθεῖν
3534 5300 3594 5353 τὸ
3628 5299 3712 5371 τῷ

2129 5390 2276 5461 νόμῳ
2302 5390 2493 5444 δοκοῦν
2524 5391 2732 5463 ἀληθής
2762 5411 2818 5444 τε
2845 5395 2939 5447 καὶ
2978 5395 3382 5456 ἁπλανέστατος
3411 5391 3707 5462 ἐξηγητὴς,

2129 5481 2225 5551 οὐχ
2272 5483 2505 5552 ἑτέρωσέ
2542 5501 2630 5537 ποι
2675 5486 3034 5558 μετατρέπων
3063 5471 3170 5540 τῶν
3201 5485 3360 5539 θεῖων
3389 5485 3585 5553 λογίων
3615 5483 3711 5536 τὸν

2130 5571 2272 5644 νοῦν,
2303 5571 2424 5625 οῦτε
2473 5573 2577 5643 μὴν
2621 5574 2888 5628 διδάσκων
2934 5597 2950 5627 ι
2982 5576 3364 5640 διδασκαλίας,
3398 5572 3711 5642 ἐντάλματα

2131 5663 2459 5733 ἀνθρώπων·
2496 5683 2515 5716 ι
2553 5665 2689 5730 ἀλλ’,
2719 5664 2828 5721 οἷον
2864 5670 3093 5735 ἅγγελος
3127 5668 3283 5738 Θεοῦ,
3313 5665 3710 5721 διαλευκαίνων

2157 5834 2195 5864 ⁸⁸
2225 5836 2324 5892 Izn.
2363 5854 2509 5905 xm,
2541 5840 2646 5907 15;
2693 5840 2794 5893 Mat
2825 5842 2853 5894 h
2906 5859 2987 5904 λγ,
3026 5843 3074 5895 9.
