4026 6276
234 454 336 510 515

1081 459 1634 522 COMMENTARIUS
1667 465 1733 518 IN
1775 468 2180 528 MALACIIIAM
2221 471 2660 532 PROPIIETAM.

232 565 289 624 εὖ
322 567 464 639 μάλα
496 569 606 632 τοῖς
649 565 754 621 ὑπὸ
797 571 954 640 χεῖρα
993 571 1142 638 λαοῖς
1175 575 1234 629 τὸ
1273 579 1528 650 ἀμυδρῶς
1562 581 1671 634 ἔσθ’
1703 585 1788 636 ὅτε

1897 588 2038 640 riora
2071 587 2334 643 interdum
2367 589 2670 646 divinarum
2701 591 2867 664 839
2903 591 3303 661 Scripturarum
3332 599 3472 652 dilu-

231 659 738 731 χρησμῳδούμενον.
799 662 1152 732 Ἀπαγγέλλει
1207 667 1314 738 γὰρ
1369 670 1430 722 οὐ
1485 671 1545 723 τὸ
1597 673 1794 726 οίκεῐον

232 745 460 822 θέλημα,
487 749 608 834 οὕτε
642 751 746 821 μὴν
771 754 894 816 τοὺς
921 754 1028 807 ἀπὸ
1059 755 1310 822 γνώσεως
1354 759 1485 824 ἰδίας
1513 763 1792 832 ἐρεύγεται

229 841 436 908 λόγους,
469 841 732 910 ὑπηρετεῖ
752 843 808 895 δὲ
839 843 1036 913 μᾶλλον
1057 847 1404 913 Δεσποτικοῖς
1438 851 1790 924 θεσπίσμασι.

227 929 393 996 him
431 929 478 980 δ’
506 927 592 992 ἀν,
629 931 710 983 ὅτι
741 931 836 984 καὶ
863 933 1059 1002 ἀληθὲς
1084 935 1141 986 ὲν
1175 936 1382 1001 τούτοις
1417 937 1476 990 τὸ
1505 941 1792 1012 εἰρημένον

231 1023 282 1073 ὲν
317 1019 484 1090 βίϐλῳ
529 1023 878 1090 Παροιμιῶν·
915 1041 934 1074 ς
964 1024 1245 1096 Θησαυρὸς
1297 1027 1629 1098 ἐπιθυμητὴς
1665 1031 1792 1084 ἀνα-

232 1113 490 1166 παύσεται
537 1113 625 1166 ἐπὶ
671 1115 936 1184 στόματος
982 1117 1172 1186 σοφοῦ,
1223 1121 1456 1190 ἄφρονες
1504 1122 1560 1175 δὲ
1603 1123 1792 1194 ἄνδρες

231 1203 577 1257 καταττίονται
625 1206 806 1260 αὐτόν.
845 1225 862 1257 ι
917 1207 1058 1277 I'Ip‘bg
1107 1209 1329 1262 ἐπαίνου
1379 1211 1424 1263 δ⁴
1471 1211 1536 1264 ἂν
1584 1211 1792 1280 γένοιτο

229 1296 330 1357 τοῖς
368 1295 772 1362 ἀπαγγέλλουσί
799 1315 849 1348 τι
891 1299 1039 1368 παρά
1071 1299 1225 1366 Θεοῦ,
1262 1301 1322 1353 τὸ
1355 1301 1518 1370 μηδὲν
1547 1299 1626 1366 οἷς
1654 1305 1792 1372 ἀκη-

229 1385 378 1439 κόασι
415 1387 760 1456 προστιθέναι
792 1388 972 1440 πλεῖον
993 1429 1006 1450 ,
1043 1391 1178 1459 μήτε
1221 1391 1324 1460 μὴν
1357 1391 1642 1462 ὑφαίρεσίν
1671 1409 1790 1446 τινα

227 1475 490 1528 ποιεῖσθαι
509 1475 732 1546 τολμᾷν,
750 1477 906 1530 τοῦτο
929 1495 1008 1530 τοι
1047 1479 1241 1552 μικροῦ
1267 1483 1544 1546 παντελῶς
1577 1483 1790 1546 ἀξιοῦνο

223 1579 308 1625 τες
337 1563 516 1632 λόγου.
571 1565 652 1616 Τά
681 1566 788 1618 τῶν
826 1567 1134 1636 Φαρισαίων
1179 1571 1367 1624 ἀνόσια
1415 1573 1577 1642 στίφη
1619 1573 1787 1644 λήρου

223 1653 300 1716 εἰς
343 1654 500 1707 τοῦτο
549 1655 880 1710 κατὼλισθον
923 1659 1150 1729 ἀμαθῶς
1175 1703 1188 1725 ,
1249 1663 1325 1725 ὡς
1368 1663 1640 1718 διδάσκειν
1692 1665 1788 1734 μὲν

219 1743 579 1808 διδασκαλίας,
609 1749 914 1817 ἐντάλματα
933 1749 1249 1820 ἀνθρώπων,
1277 1753 1370 1806 καὶ
1390 1753 1476 1806 διὰ
1509 1754 1564 1806 δέ
1596 1772 1659 1822 γε
1689 1755 1789 1826 τὴν

221 1836 368 1902 σφῶν
395 1837 690 1906 παράδοσιν
715 1839 814 1903 τὰς
846 1841 994 1906 θείας
1021 1841 1258 1911 ἀκυροῦν
1292 1845 1528 1909 ἐντολάς.
1549 1847 1787 1902 Τοιαῦτα

1896 677 2185 734 cidantem.
2211 678 2327 734 Non
2361 683 2502 736 enim
2540 698 2693 736 suam
2727 683 3060 738 voluntatem
3098 687 3345 751 nuntiat,
3373 704 3470 743 nec

1895 782 2003 821 suae
2037 771 2357 840 cognitionis
2389 788 2452 826 ac
2485 775 2724 828 scientia:
2758 789 3037 828 sermones
3073 783 3284 830 eructat
3321 795 3336 831 :
3374 779 3468 834 sed

1895 860 2071 926 potius
2115 860 2404 916 Dominicis
2443 863 2676 918 oraculis
2720 865 2962 918 inservit.
3008 866 3247 918 Dixerim
3307 881 3467 933 porro

1895 949 2056 1002 etiam
2084 949 2136 1003 in
2169 951 2249 1006 his
2273 967 2454 1006 verum
2498 955 2718 1023 reperiri
2743 957 2885 1022 quod
2917 955 2965 1008 in
2997 953 3133 1008 libro
3159 955 3470 1010 Proverbia-

1893 1051 2010 1089 rum
2039 1047 2214 1092 exstat
2240 1057 2252 1093 :
2285 1057 2304 1090 σ
2335 1041 2642 1095 'I‘hesaurns
2671 1041 3044 1095 desiderabilis
3072 1045 3382 1110 requiescet
3413 1043 3464 1096 in

1893 1137 1986 1180 ore
2011 1128 2290 1196 sapientis:
2315 1129 2460 1183 stulti
2487 1137 2662 1183 autem
2685 1131 2782 1184 viri
2809 1131 3140 1184 devorahunt
3162 1130 3308 1183 illum
3331 1131 3370 1162 ¹¹
3388 1171 3401 1185 .
3441 1151 3460 1182 ι

1893 1217 2025 1272 Nam
2069 1220 2193 1272 illud
2237 1221 2302 1274 ad
2349 1221 2558 1276 laudem
2603 1219 2691 1274 Dei
2741 1223 2957 1274 nomine
3002 1223 3276 1288 quidpiam
3329 1237 3464 1274 unn-

1896 1311 2134 1364 tiantimn
2170 1312 2428 1378 pertinet,
2453 1311 2594 1380 quod
2631 1311 2762 1364 nihil
2795 1312 2991 1364 auditis
3023 1321 3334 1378 apponunt,
3365 1327 3464 1365 nec

1893 1401 2088 1468 aliquid
2124 1403 2444 1455 subtrahere
2473 1403 2706 1467 audent,
2732 1403 2874 1472 quod
2912 1401 3122 1456 scilicet
3157 1403 3208 1454 id
3240 1403 3466 1456 omnino

1892 1493 2040 1560 parvi
2073 1494 2358 1548 aestiment.
2387 1491 2779 1548 Pharisaeorum
2823 1493 2982 1560 impia
3015 1495 3171 1548 turba
3203 1509 3266 1547 eo
3299 1494 3462 1561 impe-

1893 1583 2029 1637 ritiz'e
2060 1584 2304 1646 devenit,
2333 1593 2392 1636 ut
2419 1584 2636 1638 doceret
2667 1584 2969 1648 doctrinas,
3001 1585 3252 1638 mandata
3295 1584 3468 1637 homi-

1891 1687 2046 1737 num,
2078 1680 2131 1725 et
2171 1681 2388 1741 pr0ptcr
2430 1687 2581 1726 suam
2627 1673 2965 1726 traditionem
3013 1673 3102 1725 Dei
3151 1671 3464 1724 mandatum

1891 1763 2098 1816 irritmn
2132 1763 2414 1818 faceret“.
2439 1763 2492 1816 In
2523 1765 2624 1818 hoc
2654 1765 2798 1816 enim
2830 1764 3033 1819 crimen
3067 1763 3316 1817 Christus
3343 1761 3467 1815 illus

1891 1853 2117 1906 vocavit.
2151 1851 2286 1906 Tuta
2334 1865 2418 1909 est
2459 1855 2620 1922 igitur
2657 1855 2772 1916 lex,
2801 1869 2919 1921 qua:
2962 1855 3196 1922 quodam
3237 1855 3355 1907 loco
3402 1854 3466 1904 de

3369 485 3472 543 516
3557 501 3578 514 ‘

219 1925 325 1994 γάρ
352 1927 575 1994 γέγονεν
595 1929 678 1981 ἐπ’
711 1932 892 1994 αὐτοῖς
919 1933 1068 2002 παρὰ
1091 1933 1326 2004 Χριστοῦ
1349 1935 1413 1988 τά
1443 1937 1782 2008 ἐγκλήματα.

1896 1942 2089 1996 divinis
2115 1944 2342 1996 oraculis
2371 1943 2567 2006 sanxit,
2593 1959 2696 1995 non
2726 1943 3050 2006 addendum,
3078 1957 3174 1994 nec
3200 1941 3422 1995 auferen
3441 1968 3460 1982 ο

227 2016 500 2092 ’Δσφαλὴς
523 2013 616 2072 οὖν
644 2021 671 2071 ὁ
693 2023 855 2090 νόμος
875 2039 887 2052 ·
923 2022 1026 2092 ἔφη
1056 2025 1160 2094 γάρ
1196 2042 1296 2077 που
1331 2027 1457 2096 περὶ
1486 2027 1594 2080 τῶν
1626 2027 1784 2081 Θείων

1896 2033 2084 2086 dum”.
2108 2033 2422 2088 Custodient
2440 2035 2601 2104 igitur
2621 2033 2759 2087 labia
2777 2031 3366 2088 sacerdotisscieutiam
3397 2031 3464 2062 ¹³⁴
3529 2071 3534 2082 .

213 2107 431 2174 λογίων,
481 2111 542 2162 τὸ
589 2112 678 2163 ἐπ’
722 2111 900 2166 αὐτῶν
943 2115 1128 2166 οὐκέτι
1179 2117 1512 2186 προσθεῖναι,
1558 2119 1652 2171 καὶ
1692 2120 1788 2172 ἀπ’

1896 2123 2038 2192 legis,
2057 2139 2215 2192 quam
2239 2127 2558 2179 annuntians
2583 2125 2716 2180 nihil
2735 2127 2902 2182 addit.
2925 2123 3128 2177 Idcirco
3153 2133 3204 2174 et
3227 2119 3454 2188 angelus

213 2199 394 2252 αὐτῶν
435 2201 536 2253 οὐκ
578 2201 724 2254 ἔστιν
762 2204 998 2272 ἀφελεῖν.
1031 2205 1329 2270 Φυλάξεται
1364 2209 1541 2260 τοίνυν
1575 2209 1680 2261 τῶν
1715 2211 1788 2262 ἱε-

1896 2213 1976 2268 Dei
2015 2217 2398 2282 omnipotentis
2432 2217 2724 2286 appellatus
2763 2227 2874 2278 est,
2916 2215 3164 2283 quamvis
3200 2221 3452 2265 naturam

215 2287 356 2355 ρὲων
402 2289 472 2342 τὰ
527 2291 678 2362 χείλη
737 2291 833 2362 τὴν
867 2293 960 2346 τοῦ
1007 2295 1172 2364 νόμον
1218 2297 1440 2364 γνῶσιν,
1488 2299 1580 2352 καὶ
1624 2300 1786 2353 αὑτὸν

1896 2305 2172 2356 humanam
2204 2315 2374 2374 gerat,
2400 2307 2648 2372 quoniam
2675 2307 3006 2359 voluntatem
3033 2303 3126 2356 Dei
3161 2302 3456 2372 perspicue

211 2377 546 2445 ἀπαγγέλλει
577 2379 886 2450 προστιθεὶς
919 2381 1092 2436 οὐδέν.
1111 2384 1294 2456 Ταύτῃ
1326 2401 1406 2438 τοι
1433 2387 1524 2440 καὶ
1551 2387 1783 2456 ἄγγελος

1896 2405 2096 2448 annuat
2114 2434 2128 2457 ,
2153 2404 2206 2448 et
2233 2395 2402 2464 legem
2435 2398 2700 2450 sermonis
2727 2397 3078 2450 hortatricem
3105 2393 3283 2448 habet.

208 2467 535 2536 ὀνομάζεται
569 2469 774 2540 Κυρίου
805 2473 1267 2543 παντοκράτορος,
1294 2476 1466 2529 καίτοι
1500 2477 1598 2549 τὴν
1625 2477 1783 2550 φύσιν
1817 2481 2101 2553 ἄνθρωπος
2126 2485 2222 2550 ὢν,
2281 2487 2362 2539 ὅτι
2391 2487 2469 2558 τῷ
2502 2487 2620 2558 Θεῷ
2673 2487 2862 2542 δοκοῦν
2893 2485 3224 2555 ἀπαγγέλλει
3255 2483 3464 2551 σαφῶς,

211 2560 307 2612 καὶ
331 2559 494 2629 νόμον
525 2559 637 2630 ἔχει
669 2561 768 2631 τῆς
790 2561 1036 2631 γλώττης
1061 2563 1120 2615 τὸ
1149 2563 1378 2634 κίνημα.

295 2688 480 2757 Ὑμεῖς
506 2689 574 2743 δὲ
595 2689 939 2754 ἐξεκλίνατε
961 2691 1030 2746 ἐκ
1059 2691 1170 2762 τῆς
1204 2694 1370 2756 ὀδοῦ,
1399 2693 1496 2748 καί
1521 2695 1784 2764 ἠσθενή-

209 2797 360 2835 σατε
397 2783 671 2847 πολλοὺς
701 2784 770 2836 ἐν
803 2785 964 2852 νόμῳ
985 2823 1000 2848 ,
1041 2785 1406 2854 διεφθείρατε
1439 2789 1553 2856 τὴν
1594 2787 1792 2855 διαθή-

211 2889 324 2939 κην
349 2872 460 2924 τοῦ
493 2873 654 2937 Λευὶ,
687 2873 848 2942 λέγει
884 2877 1100 2944 Κύριος
1139 2877 1586 2948 παντοκράτωρ.

273 2985 410 3038 KI".
453 2985 898 3058 Ἀντιπαρεξάγει
927 2989 1126 3060 τρόπον
1154 2991 1274 3044 τινὰ
1296 2995 1414 3054 ταῖς
1439 2993 1546 3046 τῶν
1577 2995 1792 3048 εὐδοκί-

211 3093 328 3142 μων
370 3079 693 3140 ὲπιεικειαις
739 3079 806 3132 τὰ
847 3078 956 3133 τῶν
997 3081 1255 3150 ῥᾳθύμων
1293 3082 1652 3153 ἐγκλήματα,
1691 3088 1788 3140 καὶ

206 3171 326 3230 ταῖς
385 3169 496 3220 τῶν
543 3170 842 3238 ἀμεινόνων
896 3172 1390 3243 ἀντιπαραθέσεσιν
1455 3176 1670 3246 ἐλέγχει
1727 3177 1789 3230 τὸ

1957 2697 2115 2752 Vens.
2147 2701 2202 2756 8.
2237 2699 2338 2752 Vos
2377 2710 2553 2752 autem
2593 2699 2899 2752 declinastis
2935 2717 2964 2752 a
2997 2700 3112 2764 via,
3143 2710 3190 2752 et
3229 2699 3466 2767 inﬁrmos

1885 2790 2076 2857 fecistis
2100 2789 2284 2844 multos
2317 2790 2370 2842 in
2402 2789 2539 2858 lege,
2571 2792 2876 2858 corrupisti:
2908 2797 3275 2842 testamentum
3309 2789 3464 2856 Levi,

1884 2881 2009 2933 dicit
2043 2878 2296 2932 Dominus
2323 2882 2672 2944 omnipotens.

1955 2993 2143 3048 XXIII.
2190 2994 2555 3050 Laudatorum
2607 2997 2863 3065 probitati
2924 2996 3182 3050 inertium
3217 2968 3464 3050 .crimina

1895 3093 2149 3152 tauquam
2183 3085 2232 3138 in
2262 3085 2378 3139 acie
2401 3087 2622 3140 adversa
2649 3087 2862 3149 Statuit,
2888 3087 3275 3153 melioremque
3299 3101 3468 3152 oppo-

1895 3177 2090 3230 sitione
2131 3175 2298 3229 malos
2336 3177 2598 3245 coarguit.
2637 3177 2786 3230 Sicut
2821 3178 2962 3231 enim
3001 3176 3088 3228 lux
3127 3177 3180 3229 in
3220 3177 3466 3230 tenebris

209 3256 438 3324 φαῦλον.
461 3259 670 3328 ’Ὠσπερ
703 3258 809 3329 γὰρ
837 3260 896 3312 τὸ
925 3261 1038 3328 φῶς
1063 3265 1119 3314 ὲν
1149 3265 1324 3316 σκότει
1353 3265 1554 3332 φαίνει,
1590 3268 1788 3320 (τελεῖ-

1896 3277 2118 3335 apparet
2164 3269 2365 3335 magis,
2413 3287 2432 3318 ‹
2483 3277 2535 3319 et
2579 3268 2747 3320 virtus
2794 3267 2844 3318 in
2891 3265 3206 3319 inﬁrmitate
3252 3267 3464 3332 perlici-

206 3365 294 3399 ται
347 3347 408 3399 δὲ
459 3349 518 3400 ὲν
557 3349 864 3413 ἀσθενείαις
914 3353 946 3420 ἡ
993 3353 1256 3424 δύναμις·
1291 3373 1310 3406 ›
1370 3355 1512 3410 οὕτω
1555 3359 1650 3410 καὶ
1689 3358 1788 3427 τῆς

205 3438 420 3509 ἀρετῆς
466 3439 526 3491 τὸ
563 3439 756 3504 κάλλος
785 3443 1184 3513 ἐκφανεστέραν
1211 3445 1320 3515 ἔχει
1349 3446 1446 3516 τὴν
1481 3447 1656 3500 είδέαν
1687 3443 1786 3516 (I),

205 3533 252 3582 εἰ
281 3531 354 3603 δὴ
401 3533 732 3601 παρακέοιτο
768 3549 850 3609 τις
885 3535 1159 3605 φαυλότης
1197 3536 1230 3606 ἢ
1274 3538 1538 3608 ἁμαρτία.
1581 3540 1790 3592 Οὐκοῦν

205 3624 504 3676 διεϐίωσαν
543 3625 641 3692 μέν
669 3641 812 3688 τινες
847 3628 1208 3696 ἱεροπρεπῶς,
1227 3631 1282 3681 ἐν
1307 3631 1496 3701 εἰρήνῃ
1528 3631 1792 3684 κατευθύ-

205 3729 398 3776 νοντες
431 3713 658 3778 ἑαυτούς
689 3731 748 3767 τε
779 3718 872 3770 καὶ
901 3719 1142 3788 ἐτέρους,
1167 3721 1258 3772 καὶ
1293 3715 1432 3790 ἦσαν
1463 3722 1600 3791 μετά
1628 3721 1788 3788 Θεοῦ,

207 3805 300 3858 καὶ
349 3804 584 3878 πολλοὺς
627 3806 972 3877 ἐπέστρεψαν
1008 3810 1115 3862 ἀπὸ
1165 3809 1396 3873 ἀδικίας.
1441 3813 1790 3883 Πεφορήκασι

205 3897 310 3968 γάρ
365 3899 426 3950 ιν
473 3897 630 3968 χερσὶ
674 3897 895 3965 γνῶσιν,
945 3901 1041 3952 καὶ
1093 3901 1342 3968 ἀκριϐεῖς
1383 3903 1636 3969 γεγόνασι
1682 3903 1792 3956 τῶν

205 3989 375 4043 Θείων
409 3989 592 4058 νόμων
619 3991 970 4060 ἐρμηνευταί.
1003 3992 1065 4044 Θὶ
1095 3992 1149 4044 δὲ
1172 3991 1234 4062 δὴ
1266 3997 1381 4061 μετ’
1409 3993 1672 4058 ἐκείνους,
1693 3997 1789 4048 καὶ

205 4081 348 4151 πρὸς
379 4079 477 4142 οὓς
519 4083 548 4134 ὁ
587 4080 740 4148 λόγος
763 4122 777 4144 ,
811 4083 1190 4136 ὲκκεκλίκασιν
1223 4086 1284 4136 ὲκ
1316 4085 1414 4154 τῆς
1445 4085 1566 4138 ὁδοῦ
1591 4125 1604 4146 ,
1643 4103 1788 4157 παρ-

203 4169 448 4224 ώλισθον
475 4171 584 4242 γὰρ
605 4172 698 4223 τοῦ
726 4173 952 4236 εἰκότος,
975 4175 1114 4240 σφᾶς
1141 4192 1198 4226 τε
1229 4175 1425 4238 αὐτοὺς
1449 4177 1540 4229 καὶ
1561 4177 1783 4245 ἑτέρους

203 4257 264 4308 οὐ
297 4257 550 4327 μετρίως
596 4257 887 4327 ἠδικήκασι
916 4298 930 4322 ,
978 4262 1072 4314 καὶ
1119 4263 1345 4326 πολλοὺς
1397 4265 1700 4336 ἠσθένησαν
1735 4267 1792 4318 ὲν

205 4348 380 4418 νόμῳ,
419 4349 730 4413 τουτέστιν,
763 4351 1006 4414 ἀσθενεῖς
1055 4353 1149 4404 καὶ
1183 4354 1614 4423 ἀδρανεστάτους
1659 4358 1794 4410 ἀπο·

205 4439 531 4492 τετελέκασι
562 4438 690 4509 περί
735 4456 798 4506 γε
834 4441 892 4492 τὸ
923 4441 1031 4493 δεῖν
1063 4442 1277 4495 ἑλέσθαι
1335 4445 1480 4514 βιοῦν
1527 4447 1788 4514 ἐννόμως.

203 4529 268 4584 Εἰ
317 4529 438 4599 γὰρ
481 4527 586 4592 ἔξω
617 4529 710 4582 τοῦ
749 4530 1051 4599 πρέποντος
1101 4533 1304 4600 οἴχεται
1352 4533 1412 4586 τὸ
1460 4535 1789 4604 ἡγούμενον,

1896 3362 1981 3406 tur
2005 3353 2048 3383 ”
2084 3371 2096 3406 :
2141 3371 2159 3403 ι
2201 3353 2270 3405 ita
2303 3353 2518 3406 virtutis
2551 3352 2848 3420 elegantia,
2880 3355 2923 3406 si
2959 3369 3061 3422 qua
3101 3355 3340 3421 nequitia
3377 3362 3470 3408 aut

1896 3453 2170 3511 peccatum
2203 3443 2364 3496 fuerit
2390 3459 2418 3496 e
2453 3445 2669 3513 regione
2695 3445 2946 3498 collatum
2974 3485 2989 3508 ,
3019 3445 3350 3513 splendidior
3375 3461 3470 3513 ap-

1895 3542 2064 3602 paret.
2093 3535 2272 3598 Quare
2303 3535 2550 3603 quidam,
2582 3547 2638 3588 nt
2667 3535 3046 3590 sacerdotibus
3076 3537 3326 3590 decorum
3354 3547 3432 3590 est
3451 3577 3465 3602 ,

1895 3626 2060 3678 vitam
2094 3625 2450 3686 transierunt,
2482 3626 2532 3678 in
2565 3641 2696 3693 pace
2723 3627 3042 3692 semetipsos
3073 3627 3316 3692 aliosque
3341 3627 3470 3678 diri-

1896 3725 2111 3784 gentes,
2147 3725 2200 3768 et
2232 3724 2386 3768 erant
2419 3731 2539 3768 cum
2580 3717 2718 3781 Deo,
2753 3727 2808 3770 et
2845 3717 3046 3770 multos
3083 3720 3150 3770 ab
3187 3719 3470 3784 iniquitate

1897 3814 2296 3859 converterunt.
2319 3805 2608 3859 Portabant
2629 3807 2770 3860 enim
2799 3806 3082 3859 scientiam
3115 3807 3166 3858 in
3197 3807 3468 3869 rnanihus,

1898 3897 2216 3965 divinasqne
2254 3898 2396 3966 leges
2433 3897 2667 3951 tideliter
2705 3898 3216 3967 iuterpretahautur.
3253 3897 3468 3952 Illorum

1899 3997 2076 4040 autem
2106 4003 2470 4052 successores,
2499 3989 2563 4042 ad
2591 4004 2726 4056 quos
2755 3990 2920 4042 etiam
2953 3999 3036 4042 est
3063 4005 3264 4052 sermo,
3292 3991 3359 4044 de
3384 3989 3468 4044 via

1899 4078 2260 4141 (lt-ﬂexerunt,
2293 4096 2354 4134 ac
2389 4083 2452 4134 de
2486 4095 2548 4132 eo
2580 4081 2719 4149 quod
2757 4091 3183 4136 consentaneum
3229 4094 3345 4134 erat
3381 4083 3472 4136 de-

1899 4168 2052 4236 lapsi,
2080 4168 2148 4222 ibi
2181 4171 2482 4237 semetipsis
2509 4171 2734 4236 aliisque
2767 4185 2868 4223 non
2902 4171 3247 4224 mediocriter
3275 4186 3469 4224 nocue-

1901 4269 2048 4320 runt,
2080 4269 2134 4312 et
2173 4275 2273 4312 non
2315 4275 2509 4328 paucos
2555 4261 2605 4310 in
2651 4260 2763 4326 lege
2810 4259 3178 4321 inlirmarunt,
3212 4261 3314 4313 hoc
3355 4269 3470 4322 est,

1901 4351 2192 4404 imbecilles
2226 4362 2278 4403 et
2311 4351 2743 4418 languidissimos
2779 4350 2844 4400 ad
2881 4351 3044 4402 vitam
3092 4351 3296 4418 legibus
3337 4365 3470 4402 con-

1902 4459 2088 4496 sonam
2137 4443 2499 4497 reddiderunt.
2531 4443 2661 4496 Nam
2706 4444 2748 4498 si
2791 4444 2880 4510 qui
2925 4456 3164 4511 prazsuut
3205 4459 3232 4496 a
3273 4443 3471 4496 decoro

1902 4534 2246 4588 transversitn
2276 4534 2499 4597 abeant,
2525 4535 2794 4600 quomodo
2827 4534 3082 4586 credibile
3110 4545 3192 4586 est
3228 4534 3315 4600 qni
3347 4535 3472 4585 sub-

207 4620 322 4682 πῶς
351 4617 428 4691 ἦν
457 4620 601 4683 εἰκὸς
634 4620 706 4690 μὴ
738 4621 858 4690 οὐχὶ
885 4621 1058 4690 πάντη
1087 4639 1144 4674 τε
1173 4623 1269 4675 καὶ
1301 4622 1517 4686 παντως
1553 4643 1792 4678 συναπο-

1902 4633 2046 4686 sunt,
2069 4641 2170 4678 non
2209 4626 2383 4680 modis
2421 4628 2672 4681 omnibus
2701 4629 2858 4680 simul
2893 4628 3082 4692 ituros,
3113 4637 3168 4680 et
3200 4627 3288 4692 qui
3325 4635 3472 4679 sorte

207 4715 472 4782 φοιτῆσαι
501 4713 562 4765 τὸ
593 4714 852 4783 ὑπήκοον,
873 4713 968 4765 καὶ
997 4716 1108 4774 τοῖς
1140 4713 1437 4782 προῦχουσι
1473 4717 1796 4782 συγκατολι-

209 4805 354 4856 σθεῖν
387 4803 456 4856 τὸ
483 4803 540 4854 ἐν
571 4803 736 4873 μοίρᾳ.
762 4807 827 4874 τῇ
859 4804 1277 4874 καταδεεστέρᾳ,
1309 4807 1405 4856 καὶ
1455 4805 1530 4868 ὡς
1573 4808 1630 4858 ἐν
1679 4823 1797 4858 συν-

205 4897 319 4948 έσει
371 4894 890 4964 μειονεκτούμενον;
922 4896 1132 4965 ’Ὠσπερ
1174 4896 1284 4966 γὰρ
1318 4896 1540 4966 ἔννομός
1587 4915 1644 4949 τε
1704 4901 1796 4952 καὶ

205 4988 350 5049 ὅσιος
389 4987 574 5055 ἱερεὺς
605 4986 847 5054 μιμητὰς
879 4988 1170 5055 ἐργάζεται
1191 4986 1298 5038 τῶν
1335 4987 1482 5038 ἰδίων
1517 4989 1793 5058 κατορθω-

209 5077 406 5144 μάτων
439 5077 565 5138 τοὺς
594 5075 699 5128 ὑπὸ
729 5079 886 5146 χεῖρα
927 5077 1088 5138 λαούς
1108 5093 1119 5105 ·
1145 5077 1286 5129 οὕτω
1319 5078 1410 5129 καὶ
1437 5078 1496 5129 τὸ
1527 5079 1790 5132 ἐναντίον.

207 5169 266 5220 Εἰ
317 5169 438 5238 γὰρ
481 5167 636 5220 αὐτοὶ
683 5166 1046 5234 διεφθάρκασι
1079 5167 1176 5236 τὴν
1231 5167 1468 5220 διάθεσιν
1501 5169 1594 5222 τοῦ
1643 5171 1794 5231 Λευὶ,

207 5257 324 5319 πῶς
355 5253 430 5327 ἦν
462 5257 610 5317 εἰκὸς
637 5256 762 5318 τοὺς
809 5259 936 5325 παρ’
965 5255 1143 5308 αὐτῶν
1174 5259 1794 5328 μεμυσταγωγημένους

211 5349 414 5400 σετττδν
445 5345 696 5416 ἡγεῖσθαι
723 5346 812 5399 τὸν
837 5348 999 5416 νόμον
1023 5365 1036 5410 ;

280 5461 394 5514 Kal
454 5459 570 5529 ἐγὼ
629 5458 861 5510 δέδωκα
933 5456 1085 5526 ὑμᾶς
1141 5457 1656 5527 ἐξουδενωμένους
1709 5459 1794 5522 είς

323 5635 366 5666 ¹¹
410 5636 567 5702 Prov,
599 5651 712 5698 xxi,
740 5632 832 5686 ‘20.
949 5635 987 5665 ¹¹
1031 5633 1218 5687 Matth.
1257 5649 1339 5699 xv,
1374 5633 1485 5688 6-9.

287 5816 368 5872 tl)
405 5813 693 5874 .\ubcrtus,
728 5809 954 5863 ἔνδειαν.
1000 5809 1152 5863 Emr.

1569 5633 1608 5662 ¹³
1649 5633 1796 5688 υοιιι.
1832 5651 1900 5699 tv,
1930 5635 1979 5686 Ei.

1901 4711 2066 4782 8.5.0
2097 4715 2380 4769 inferiores
2410 4725 2562 4779 sunt,
2587 4725 2640 4770 et
2672 4718 3023 4786 intelligentia
3060 4719 3233 4768 minus
3261 4715 3468 4778 valent,

1902 4819 2022 4856 cum
2065 4806 2512 4862 eminentioribus
2553 4825 2654 4862 una
2697 4811 2973 4876 lapsuros?
3011 4808 3470 4874 Quemadmodum

1902 4895 2044 4945 enim
2073 4899 2324 4950 sacerdos
2357 4897 2530 4966 legum
2565 4899 2858 4952 observans
2887 4908 2937 4952 et
2969 4907 3188 4951 sanctus
3219 4895 3472 4962 populum

1904 4986 2002 5038 sibi
2046 4986 2346 5050 subjectum
2386 5004 2604 5042 suorum
2655 5001 2800 5044 recte
2837 4991 3100 5042 factorum
3145 4988 3472 5040 imitatorem

1904 5072 2064 5128 cllicit
2091 5115 2104 5140 ,
2133 5080 2204 5129 ita
2237 5087 2444 5130 contra.
2473 5079 2526 5132 Si
2560 5081 2700 5132 enim
2735 5079 2833 5148 ipsi
2865 5077 3286 5143 corrumpebant
3313 5085 3474 5126 testa-

1907 5175 2142 5220 mentum
2183 5167 2334 5233 Levi,
2362 5169 2630 5236 quomodo
2667 5171 2731 5222 ab
2779 5170 2842 5222 iis
2887 5170 2938 5222 in
2985 5168 3154 5220 sacris
3195 5167 3474 5218 institutos

1905 5256 2073 5324 legem
2109 5261 2466 5314 venerabilem
2501 5262 2692 5314 ducere
2725 5271 2843 5313 erat
2871 5258 3194 5314 verisimile?

1981 5454 2137 5509 Vens.
2168 5457 2216 5511 9.
2253 5454 2317 5507 Et
2350 5473 2438 5524 ego
2476 5459 2592 5510 dedi
2643 5475 2724 5509 ros
2768 5455 3174 5523 contemptibiles
3211 5458 3262 5508 in
3299 5469 3474 5507 onmes

2085 5635 2309 5687 .‘Ialaeh.
2345 5650 2403 5698 Il,
2430 5633 2482 5685 7.
2598 5633 2637 5664 ”
2675 5633 2712 5686 ΙΙ
2742 5635 2862 5690 (iur.
2897 5652 2989 5698 xu,
3036 5633 3086 5686 9.
