4026 6276
509 426 619 483 515

1531 418 1588 472 S.
1634 415 1907 472 CYNLLI
1948 412 2416 468 ALEXANDRINI
2458 410 2774 467 ARCHIEP.

3659 405 3758 462 5M

510 547 712 607 gentes,
739 548 834 610 pro
866 548 924 584 eo
958 531 1094 599 quod
1132 545 1215 582 vos
1251 545 1351 582 non
1387 529 1738 583 custodivistis
1772 528 1879 581 vias
1914 544 2080 591 meas,

2197 525 2384 578 πάντα
2422 526 2491 577 τὰ
2523 526 2690 589 ἔθνη,
2728 521 2853 575 ἀνθ’
2892 536 2977 573 ων
3021 518 3182 585 ὑμεῖς
3220 519 3329 572 οὐκ
3379 518 3761 586 ἐφυλάξασϐσ

511 626 600 681 sed
628 622 961 693 accipiebatis
985 636 1261 690 personam
1290 620 1343 672 in
1372 618 1503 689 lege.

582 800 771 857 XXIV.
802 801 880 854 Ad
929 810 1141 869 patrum
1186 809 1406 867 peccata
1450 799 1614 862 redit,
1647 798 1900 867 ipsosque
1933 806 2086 849 vetu-

513 895 738 948 stiorum
790 891 1077 945 criminum
1130 890 1403 943 admonet.
1458 889 1522 942 Et
1565 888 1819 957 quoniam
1869 886 1920 941 in
1973 887 2089 955 lege

514 982 859 1037 custodienda
914 988 1227 1033 constantes
1281 996 1384 1034 non
1443 988 1631 1043 erant,
1683 980 1805 1033 ideo
1863 980 2087 1033 traditos

515 1074 745 1129 affirmat
778 1071 881 1124 illis
914 1086 941 1123 a
976 1071 1172 1139 quibus
1205 1071 1257 1124 in
1292 1071 1658 1139 captivitatem
1690 1077 1815 1123 sunt
1839 1070 2089 1135 abducti,

514 1164 728 1226 miseri,
754 1172 808 1217 et
834 1162 1056 1230 abiecti,
1085 1170 1138 1215 et
1169 1161 1312 1214 omni
1347 1161 1671 1227 indulgentia
1702 1160 1927 1213 exclusi.
1953 1158 2089 1225 Quid

514 1256 656 1309 enim
695 1253 1155 1307 incommodorum
1192 1251 1333 1319 passi
1368 1265 1471 1303 non
1508 1258 1660 1313 sunt,
1692 1259 1743 1303 et
1779 1265 1914 1319 quas
1950 1248 2094 1302 cala-

516 1344 728 1396 mitates
770 1342 1009 1395 infelices
1040 1341 1109 1393 illi
1150 1356 1252 1393 non
1281 1340 1671 1394 exantlarnnt?
1701 1340 1966 1394 Caeterum
1990 1380 2005 1403 ,
2047 1340 2089 1393 si

516 1450 677 1488 nosse
700 1434 881 1496 vultis,
913 1433 1110 1499 inquit,
1139 1448 1331 1485 causas
1355 1433 1421 1486 ob
1447 1447 1582 1501 quas
1614 1432 1786 1485 iratus
1811 1440 1893 1484 est
1921 1430 2092 1494 vobis,

518 1526 747 1580 audietis
775 1525 1039 1577 dicentem
1069 1540 1083 1577 :
1119 1541 1136 1573 t
1168 1522 1304 1589 Quia
1330 1538 1423 1577 vos
1455 1537 1559 1576 non
1590 1523 1958 1576 custodivistis
1980 1523 2093 1575 vias

517 1631 685 1677 meas,
713 1616 805 1670 sed
838 1612 1187 1682 accipiebatis
1216 1629 1502 1681 personam
1538 1614 1589 1665 in
1625 1613 1761 1681 lege.
1800 1612 1963 1691 sillae
1990 1621 2092 1677 est,

513 1708 731 1775 opinor,
778 1706 1087 1773 corrupisse
1138 1714 1520 1761 testamentum
1570 1702 1733 1769 Levi,
1781 1704 1920 1756 viam
1973 1703 2095 1756 vitae

515 1796 805 1849 secundum
854 1793 1024 1861 legem
1073 1803 1257 1847 tenere
1301 1792 1561 1854 noluisse,
1588 1802 1641 1845 et
1678 1792 1728 1843 in
1772 1803 2096 1857 unoquoque

2187 616 2294 682 τὰς
2337 616 2519 681 ὁδούς
2562 633 2680 684 μου
2710 655 2722 677 ,
2780 613 2915 667 ἀλλ’
2956 610 3318 679 ἐλαμϐάνετε
3365 610 3657 678 πρόσωπα
3699 608 3766 661 ἐν

2188 708 2372 772 νόμῳ.
3218 738 3229 751 ι

2260 792 2382 841 KA'.
2424 791 2548 842 Ἐπὶ
2596 790 2693 853 τὰς
2745 788 2849 842 τῶν
2899 786 3150 858 πατέρων
3206 787 3412 840 ἄνεισιν
3472 789 3765 858 ἁμαρτίας,

2190 880 2600 950 ὑπομιμνήσκει
2628 881 2682 933 δὲ
2711 882 2803 933 καὶ
2836 880 3030 942 αὐτοὺς
3060 878 3167 931 τῶν
3193 879 3567 951 ἀρχαιοτέρων
3602 882 3771 933 αἰτια-

2193 972 2395 1040 μὰτων.
2442 972 2553 1023 Καὶ
2600 972 2828 1040 ἐπείπερ
2863 966 3003 1041 ἦσαν
3048 970 3148 1022 οὐκ
3189 969 3453 1037 ἀσφαλεῖς
3502 972 3632 1039 περὶ
3677 970 3771 1041 τὴν

2189 1057 2282 1110 τοῦ
2309 1059 2471 1128 νόμου
2500 1060 2751 1129 τήρησιν,
2787 1059 2958 1129 ταύτῃ
2994 1077 3076 1111 τοι
3106 1059 3351 1112 δεδόσθαι
3387 1061 3550 1128 φησὶν
3578 1061 3771 1124 αὐτοὺς
3852 1098 3857 1101 ι

2190 1150 2301 1209 τοῖς
2345 1148 2750 1217 ἀποκομίσασιν
2794 1148 2873 1211 εἰς
2920 1147 3299 1217 αἰχμαλωσίαν
3342 1148 3629 1217 οἰκτροὺς,
3683 1148 3773 1200 καὶ

2192 1242 2682 1311 κατερῤιμμένους,
2717 1241 2814 1293 καὶ
2838 1239 3052 1307 φειδοῦς
3086 1238 3302 1307 ἁπάσης
3327 1238 3770 1300 ἐκπεπτωκότας.

2192 1333 2257 1384 Τί
2306 1334 2415 1402 γὰρ
2464 1331 2572 1384 τῶν
2607 1331 2848 1400 ἀνιαρῶν
2882 1330 2943 1382 ού
2980 1329 3177 1398 συνέϐη
3232 1327 3425 1381 παθεῖν
3472 1328 3691 1392 αὐτοὺς,
3740 1329 3772 1397 ἢ

2194 1424 2373 1486 ποίαις
2431 1424 2479 1475 οί
2534 1423 2762 1485 τάλανες
2814 1424 2872 1474 οὐ
2944 1420 3377 1489 κεκοινωνήκασι
3434 1424 3771 1490 συμφοραῖςς

2208 1514 2347 1566 Ἀλλ’
2374 1515 2421 1565 εἰ
2452 1513 2752 1583 βούλοισθε,
2802 1513 2935 1582 φησί
2957 1550 2971 1572 ,
3004 1510 3303 1580 ἀναμαθεῖν
3334 1509 3429 1570 τὰς
3464 1508 3645 1572 αἰτίας
3677 1508 3774 1578 τῆς

2194 1606 2277 1673 ἐφ’
2314 1604 2467 1675 ὑμῶν
2498 1604 2871 1673 γεγενημένης
2914 1601 3105 1669 ὀργῆς,
3154 1598 3450 1653 ἀκούσεσθε
3490 1598 3770 1666 λέγοντος·

2201 1697 2384 1748 ιἈνθ’
2435 1691 2509 1750 ὧν
2564 1696 2721 1766 ὑμεῖς
2766 1696 2865 1748 οὒκ
2914 1692 3252 1762 ὲφυλάξασθε
3302 1692 3400 1753 τὰς
3445 1690 3600 1753 ὁδούς
3650 1707 3771 1759 μου,

2196 1787 2309 1840 ἀλλ’
2343 1787 2676 1856 ἐλαμϐάνετε
2710 1786 2977 1857 πρόσωπα
3011 1786 3067 1836 ὲν
3110 1784 3278 1854 νόμῳ.
3326 1802 3343 1833 ι
3382 1781 3573 1842 Τοῦτο,
3603 1777 3772 1850 οἶμαι,

516 1888 730 1955 negotio
763 1884 1098 1951 iniquissime
1128 1883 1401 1949 iudicasse
1439 1900 1451 1935 :
1492 1882 1701 1935 tametsi
1740 1881 1878 1933 Deus
1914 1888 2093 1949 aperte

2197 1878 2403 1930 ἔστιτὸ
2434 1877 2744 1947 διαφθεῖραι
2784 1877 2882 1947 τὴν
2931 1876 3202 1945 διαθήκην
3252 1873 3346 1927 τοῦ
3389 1874 3545 1936 Λευὶ,
3593 1872 3655 1925 τό
3706 1873 3778 1943 μὴ

516 1975 662 2027 dicat
695 1991 707 2026 :
747 1988 765 2022 t
804 1970 921 2024 Non
955 1971 1191 2041 accipies
1229 1985 1512 2038 personam
1549 1970 1600 2022 in
1628 1970 1863 2037 judicio,
1896 1984 2089 2022 secun-

517 2065 641 2115 dum
687 2076 911 2129 parvum
953 2070 1046 2114 aut
1084 2076 1333 2130 maguum
1381 2075 1486 2113 nou
1524 2058 1789 2128 iudicabis
1815 2059 1878 2115 ι’,
1922 2079 1941 2111 ι
1991 2058 2091 2112 Per

517 2169 650 2220 quas
680 2162 857 2207 autem
886 2151 1071 2220 culpas
1102 2151 1346 2205 hosxibus
1372 2152 1599 2204 traditos
1628 2162 1680 2204 et
1705 2148 1945 2217 abiectus
1971 2163 2091 2204 esse

519 2246 675 2309 dicit,
717 2260 812 2315 per
856 2246 1070 2299 easdem
1121 2245 1365 2315 apposite
1410 2245 1667 2307 minatur,
1703 2244 1802 2297 nisi
1853 2243 2092 2296 rationes

519 2336 727 2389 vivendi
758 2337 955 2389 rectius
988 2336 1340 2398 iustituerint,
1368 2350 1423 2389 se
1451 2336 1664 2387 illorum
1694 2334 1954 2404 supplicio
1987 2347 2091 2387 non

520 2436 973 2494 temperaturum.
1003 2425 1303 2481 lusolenter
1328 2427 1472 2481 enim
1506 2427 1554 2479 in
1588 2427 1753 2495 legem
1811 2433 2094 2494 peccantes

520 2516 709 2571 idcuea
740 2524 793 2570 et
822 2517 1303 2585 congruentissima
1334 2530 1493 2586 poena
1520 2525 1793 2583 sequetur.

2197 1972 2382 2039 τηρεῖν
2411 1968 2625 2021 ἑλέσθαι
2655 1970 2751 2038 τῆς
2784 1969 2841 2020 ὲν
2866 1969 3015 2036 νόμῳ
3046 1967 3190 2036 ζωῆς
3236 1967 3333 2036 τὴν
3358 1967 3502 2030 ὁδὸν,
3538 1968 3778 2019 ἐκτοπω-

2194 2061 2361 2121 τάτας
2390 2059 2445 2111 δὲ
2476 2059 2598 2112 λίαν
2643 2060 2738 2112 καὶ
2785 2059 2881 2120 τὰς
2914 2060 2995 2126 ἐφ’
3031 2059 3248 2126 ἑκάστῳ
3289 2056 3578 2126 πράγματι
3610 2057 3777 2107 ποιεῖ-

2197 2151 2319 2203 σθαι
2364 2151 2595 2220 κρίσεις,
2631 2150 2812 2203 καίτοι
2866 2148 3000 2202 Θεοῦ
3048 2148 3299 2216 λέγοντος
3325 2147 3606 2216 ἐναργῶς’
3652 2167 3669 2198 ι
3704 2147 3772 2199 Ού

2195 2243 2341 2315 λήψῃ
2374 2244 2663 2313 πρόσωπον
2694 2243 2749 2295 ὲν
2791 2242 2992 2310 κρίσει,
3030 2240 3173 2293 κατά
3198 2240 3288 2292 τὸν
3323 2238 3517 2308 μικρὸν
3565 2238 3660 2290 καὶ
3688 2236 3773 2291 τὸν

2201 2334 2372 2403 μέγαν
2396 2333 2456 2384 ού
2483 2335 2705 2405 κρινεῖς.
2736 2352 2752 2383 ι
2784 2335 2860 2384 Δι’
2896 2326 2971 2383 ὧν
2998 2332 3052 2384 δέ
3085 2346 3247 2400 φησιν
3274 2328 3347 2392 ὡς
3386 2328 3594 2395 ταύτης
3619 2329 3774 2380 ’ἑνεκα

2196 2428 2294 2495 τῆς
2320 2428 2498 2488 αἰτίας
2532 2428 2767 2481 δέδονται
2788 2427 2899 2489 τοῖς
2928 2424 3142 2495 ἐχθροῖς
3172 2423 3266 2477 καὶ
3299 2422 3586 2490 γεγόνασιν
3610 2423 3772 2491 ἀπερ-

2202 2517 2496 2584 ριμμένοι,
2554 2518 2640 2571 διὰ
2685 2518 2886 2569 τούτων
2938 2514 3115 2567 αὐτῶν
3161 2513 3333 2580 εὐφυᾶ
3392 2514 3627 2565 ποιεῖται
3683 2511 3771 2578 τὴν

516 2610 772 2681 ἀπειλὴν,
798 2610 872 2673 ὡς
913 2612 960 2662 εἰ
990 2610 1063 2679 μὴ
1090 2610 1295 2662 ἕλοιντο
1344 2609 1491 2680 βιοῦν
1560 2608 1757 2679 ὀρθῶς,
1823 2607 1931 2659 οὐδ’
1960 2606 2026 2659 ἂν
2098 2606 2259 2673 αὐτὸς
2325 2612 2617 2681 ἀπόσχοιτο
2648 2610 2742 2663 τοῦ
2778 2609 3026 2670 κολάζειν
3058 2606 3276 2669 αὐτούς.
3312 2605 3541 2673 Ἕψεται
3577 2606 3633 2659 δὲ
3668 2607 3773 2667 τοῖς

517 2706 796 2777 ὑϐρίζουσι
828 2705 918 2758 τὸν
941 2705 1107 2775 νόμον
1135 2706 1167 2774 ή
1192 2708 1304 2767 τοῖς
1333 2704 1491 2757 τοῦτο
1533 2704 1664 2775 δρᾷν
1698 2702 1911 2756 εἰωθόσι
1956 2700 2241 2773 πρέπουσά
2270 2724 2328 2759 τε
2364 2706 2459 2759 καὶ
2490 2704 2867 2776 ἁρμοδιωτάτη
2894 2703 3038 2773 δίκη.

590 2797 751 2851 Vens.
800 2796 884 2850 10.
936 2797 1123 2851 Nonne
1172 2806 1318 2865 pater
1367 2813 1502 2849 unus
1558 2799 1789 2850 omnium
1838 2798 2097 2851 vestrum?

521 2884 707 2940 Nonne
735 2888 872 2953 Deus
900 2904 1031 2941 unus
1056 2889 1247 2941 creavit
1270 2904 1357 2940 vos
1381 2889 1404 2940 ?
1427 2889 1602 2953 Quare
1628 2888 1909 2959 reliquistis
1936 2904 2098 2941 unus-

515 2980 733 3045 quisque
774 2978 992 3047 fratrem
1036 2994 1210 3040 suum,
1257 2990 1307 3030 ut
1363 2979 1672 3046 pollueretis
1733 2988 2095 3033 testamentum

516 3081 723 3136 patrum
747 3072 1072 3124 vestrarum?
1094 3072 1384 3126 Derelictus
1407 3082 1479 3125 est
1498 3071 1691 3137 ludas,
1711 3083 1756 3125 et
1778 3073 2095 3126 abominatio

518 3157 689 3227 factus
712 3169 786 3213 est
808 3163 861 3213 in
884 3159 1055 3215 Israel
1083 3171 1131 3216 et
1154 3165 1206 3217 in
1234 3163 1550 3218 Jerusalem.

595 3334 761 3389 XXV.
800 3336 935 3390 Cum
973 3338 1338 3407 inciperemus
1368 3340 1422 3393 in
1461 3339 1777 3409 prophetam
1822 3356 2098 3395 commen-

522 3427 715 3477 tariqu
741 3428 1105 3492 conscribere,
1131 3430 1463 3493 dicebamus,
1500 3439 1619 3498 post
1661 3432 1895 3485 reditum
1936 3446 1965 3484 e
1994 3432 2098 3486 Ba-

523 3514 718 3584 bylone
756 3516 823 3569 ab
849 3516 1091 3586 Assyria,
1116 3518 1404 3581 lsraelitas,
1437 3520 2095 3589 parvipeudenteslegem,

522 3608 796 3661 extraneis
820 3608 1079 3663 uxoribus
1096 3624 1151 3664 se
1176 3609 1526 3678 implicuisse.
1592 3609 1721 3675 Quae
1761 3625 1848 3663 res
1870 3611 2099 3664 amenti.

521 3699 620 3751 bus
661 3698 763 3753 illis
794 3714 859 3753 eo
900 3713 1069 3767 usque
1109 3701 1458 3767 procedebat,
1504 3709 1561 3753 ut
1613 3716 1734 3753 cum
1776 3701 1899 3753 aliis
1940 3701 2095 3753 simul

520 3790 827 3843 sacerdotes
860 3791 1049 3844 eodem
1080 3803 1350 3854 ruerent,
1390 3790 1579 3859 etiam
1598 3792 1788 3844 ductas
1822 3791 1983 3861 841
2020 3794 2099 3860 ip-

521 3893 608 3931 sas
642 3894 854 3947 quoque
910 3895 939 3933 e
973 3882 1235 3948 sanguiue
1291 3882 1452 3935 Israel
1515 3896 1613 3950 pro
1664 3882 2097 3945 despectis-simis

524 3970 807 4034 haberent,
859 3970 1125 4038 domoque
1165 3970 1444 4040 eiicereut,
1497 3982 1551 4025 et
1597 3973 1648 4025 in
1699 3986 1885 4026 earum
1922 3972 2095 4027 locum

522 4062 835 4131 peregrinas
861 4063 1269 4118 introducerent
1301 4065 1696 4119 Ammouitidas
1725 4076 1777 4119 et
1816 4065 2095 4131 Idumaeas,

519 4169 583 4206 ex
617 4168 723 4222 quo
747 4153 905 4209 Israel
936 4170 1256 4225 magnopere
1289 4155 1779 4211 contaminahatur.
1807 4156 1919 4212 Non
1954 4160 2096 4211 enim

522 4244 622 4298 illa:
648 4247 849 4313 patrios
880 4260 1059 4299 inores
1082 4245 1428 4311 deserebant,
1456 4249 1548 4301 sed
1605 4248 1899 4301 etiamnmu
1961 4248 2095 4301 idola

521 4337 934 4399 venerabantur,
967 4348 1020 4391 et
1046 4337 1290 4391 militiam
1330 4339 1451 4393 (ξαιΙί
1520 4339 1839 4403 adorabunt,
1894 4350 1946 4394 et
2006 4356 2096 4394 c0-

519 4427 781 4491 gebantur
810 4441 947 4495 pene
984 4428 1075 4495 qui
1105 4444 1225 4481 cum
1252 4428 1467 4481 feminis
1521 4429 1659 4483 adeo
1692 4440 1873 4483 mente
1901 4446 2093 4485 eorru-

2270 2799 2417 2867 Οὺχὶ
2455 2799 2652 2866 πατὴρ
2684 2793 2771 2863 εἷς
2802 2796 3041 2849 πάντων
3083 2794 3279 2863 ﬁgam;
3315 2793 3461 2861 Οὐχί
3504 2792 3649 2857 Θεὸς
3681 2786 3765 2855 εἷς

2193 2892 2434 2945 ἔκτισεν
2474 2890 2664 2960 ὑμᾶς;
2704 2891 2765 2943 Τι’
2797 2890 2883 2942 ὅτι
2922 2888 3344 2957 ἐγκατελίπετε
3383 2884 3643 2949 ἕκαστος
3675 2883 3774 2936 τὸν

2193 2981 2459 3050 ἀδελφὸν
2505 2980 2711 3043 αὐτοῦ,
2766 2979 2872 3033 τοῦ
2914 2975 3266 3044 ,ϐεϐηλῶσαι
3308 2975 3425 3043 τὴν
3473 2973 3765 3041 διαθήκην

2193 3070 2312 3124 τῶν
2351 3071 2619 3138 πατέρων
2652 3069 2847 3139 oper,-
2888 3068 3340 3137 Ἐγκατελείφθη
3383 3065 3648 3129 Ἰούδας,
3685 3064 3775 3118 καὶ

2123 3193 2164 3250 C
2191 3163 2508 3233 ,ϐδέλυγμα
2534 3160 2770 3230 ἐγένετο
2810 3160 2880 3213 ἐν
2910 3158 2991 3224 τῷ
3028 3157 3279 3226 Ἰσραὴλ
3328 3156 3425 3209 καὶ
3454 3157 3524 3209 ἐν
3564 3156 3773 3223 Ἰερου-

2204 3254 2429 3322 σαλήμ.

2276 3345 2405 3400 KE’.
2461 3345 2776 3415 Ἀρχόμενοι
2821 3343 2921 3412 τῆς
2957 3342 3036 3403 εἰς
3084 3340 3174 3393 τὸν
3225 3341 3510 3409 προφήτην
3542 3355 3769 3408 συγγρα-

2205 3439 2330 3508 φῆς,
2363 3438 2617 3507 ἐλέγομεν
2662 3438 2742 3489 ὅτι
2764 3477 2777 3501 ,
2817 3434 2952 3505 μετά
2986 3433 3083 3502 τὴν
3116 3434 3181 3485 ὲκ
3232 3431 3550 3493 Βαϐυλῶνος
3584 3432 3675 3484 καί
3715 3432 3771 3483 ὲκ

2203 3530 2308 3597 γῆς
2346 3528 2645 3599 Ἀσσυρίων
2674 3526 2957 3589 ἐπάνοδον,
2982 3524 3139 3590 ὀλίγα
3171 3526 3269 3593 τῆς
3298 3524 3531 3592 νομικῆς
3566 3523 3770 3594 φροντί-

2207 3637 2397 3680 σαντες
2442 3620 2681 3685 ὲντολῆς,
2714 3620 2763 3670 οἰ
2792 3616 2850 3681 ἐξ
2885 3616 3100 3686 Ἰσραὴλ
3130 3617 3249 3676 ταῖς
3282 3614 3625 3681 ὀιλλογενέσιν
3656 3631 3767 3665 συν-

2204 3710 2492 3763 επλέκοντο
2519 3708 2749 3776 γυναιξί.
2791 3708 2900 3759 Καὶ
2933 3704 3069 3776 πρὸς
3119 3703 3279 3757 τοῦτο
3306 3704 3574 3773 ὲξιτήλοις
3603 3705 3770 3765 αὐτοῖς

2207 3800 2412 3872 προέϐη
2462 3800 2523 3852 τὸ
2575 3798 2868 3870 δρώμενον,
2920 3798 2995 3859 ὡς
3055 3798 3148 3849 καὶ
3195 3796 3394 3856 αὐτοὺς
3442 3797 3555 3858 τοῖς
3606 3796 3772 3855 ἄλλοις

2208 3888 2677 3958 συναποφέρεσθαι
2707 3889 2831 3950 τοὺς
2865 3886 3265 3957 ἰερατεύοντας,
3295 3886 3392 3939 καὶ
3422 3884 3521 3947 τὰς
3555 3886 3653 3955 μὲν
3681 3885 3772 3955 ἠδη

2206 3980 2613 4050 συνῳκισμένας
2646 3978 2700 4033 αἳ
2728 3979 2822 4031 καὶ
2851 3974 2992 4049 ἦσαν
3023 3977 3081 4043 ἐξ
3130 3976 3363 4046 αἵματος
3400 3962 3633 4046 Ἰσραὴλ,
3667 3977 3770 4028 ἀτιο

2209 4072 2445 4142 μοτάτας
2490 4069 2766 4139 ἡγεῖσθαι,
2816 4069 2910 4121 καὶ
2958 4066 3386 4136 ἀποπέμπεσθαι
3426 4065 3536 4117 τῶν
3566 4064 3774 4126 ἑστιῶν,

2205 4161 2587 4227 εἰσοικίζεσθαι
2613 4161 2668 4213 δὲ
2695 4160 2895 4230 μᾶλλον
2917 4160 3017 4221 τὰς
3046 4157 3355 4225 ἁλλογενεῖς
3389 4156 3776 4226 Ἀμμανίτιδας

2205 4256 2297 4308 καλ⁹
2311 4253 2615 4322 Ἰδουμαίας
2633 4267 2645 4279 ·
2670 4252 2764 4303 καὶ
2791 4249 2958 4319 πολλή
2988 4266 3071 4311 τις
3098 4247 3347 4300 ἐντεῦθεν
3371 4247 3403 4315 ἡ
3430 4246 3527 4299 τοῦ
3568 4246 3769 4317 Ἰσραὴλ

2208 4346 2507 4417 βεϐηλωσις
2552 4340 2640 4415 ἦν.
2676 4342 2749 4395 Ού
2794 4343 2901 4412 γὰρ
2935 4340 3234 4409 κατέληγον
3281 4340 3483 4390 ἐκεῖναι
3529 4338 3636 4391 τῶν
3681 4354 3762 4390 παι

2204 4438 2391 4511 τρῴων
2430 4435 2719 4505 ὲθῶν,ξὰλ).’
2748 4435 3035 4504 ὲλάτρευον
3072 4433 3170 4502 μὲν
3203 4430 3441 4494 εἰδώλοις
3473 4431 3576 4492 ἔτι,
3618 4446 3769 4500 προσ-

523 4517 627 4581 ptis
657 4516 983 4578 habitarent,
1013 4515 1462 4585 simuliuquinari
1488 4528 1543 4571 et
1588 4518 1753 4571 Deum
1790 4518 2084 4574 oll'endere.

2197 4532 2420 4586 εκύνουν
2445 4530 2501 4582 δὲ
2533 4530 2627 4581 καὶ
2655 4529 2720 4597 τῇ
2754 4527 2981 4596 στρατιᾷ
3026 4524 3120 4577 τοῦ
3148 4522 3403 4594 ούρανοῦ,
3438 4524 3535 4576 καὶ
3561 4520 3629 4593 ἦν
3663 4538 3767 4583 πως

523 4608 598 4661 De
624 4609 705 4663 his
733 4610 785 4661 in
814 4608 967 4662 libris
998 4608 1181 4662 Esdrre
1210 4608 1374 4661 multa
1409 4608 1719 4661 scribuntur
1746 4610 1811 4662 “.
1865 4611 2100 4665 Accusat

526 4700 686 4768 igitur
714 4714 805 4755 eos
837 4700 1212 4752 universorum
1247 4698 1490 4763 Deus,ut
1530 4714 1728 4777 u}ores
1768 4701 2100 4758 lsraelitidas

522 4793 635 4846 sive
669 4790 879 4846 Iudaeas
902 4800 1278 4859 aspernantes,
1304 4790 1533 4844 sceleste
1558 4801 1737 4843 autem
1772 4790 2101 4862 alienigena-

524 4899 639 4936 rum
668 4883 880 4935 filialms
905 4882 1360 4945 adluerescentes,
1388 4895 1509 4933 cum
1541 4890 1719 4933 tamen
1786 4879 2094 4947 huiusmodi

521 4971 953 5041 coniunctionem
989 4972 1072 5026 lex
1104 4972 1470 5025 interdiceret.
1498 4968 1696 5023 Verum
1725 4971 1828 5034 illi,
1864 4980 1973 5024 tam
2002 4986 2095 5026 ve-

520 5068 817 5120 nerandum
852 5064 1161 5119 mandatum
1185 5064 1366 5118 nescio
1388 5078 1494 5132 quo
1536 5063 1696 5116 modo
1719 5061 2094 5117 ﬂoccifacien-

522 5168 618 5220 tes,
644 5166 738 5211 aut
763 5156 1049 5210 mulierum
1077 5155 1259 5223 specie
1289 5154 1352 5206 ad
1383 5154 1690 5221 volumates
1742 5152 1971 5208 lascivas
1996 5153 2094 5208 ab-

522 5249 989 5314 ripiebantur;aut
1021 5245 1250 5302 fortasse
1274 5244 1573 5299 alienorum
1598 5243 1892 5313 amicitias,
1940 5260 2009 5300 ne
2037 5247 2088 5300 in

521 5339 662 5404 ipsos
680 5339 939 5393 bellarent
977 5347 1228 5406 tanquam
1254 5335 1365 5403 iam
1395 5335 1572 5390 socios
1613 5344 1664 5389 et
1691 5346 1912 5404 propter
1973 5353 2074 5389 nu-

518 5428 659 5492 ptias
684 5428 937 5482 affinitate
960 5427 1403 5497 COIIjtlItCEOS,llac
1428 5428 1637 5482 ratione
1664 5437 1883 5495 captare
1907 5428 2093 5481 mulie-

522 5518 734 5568 bantur.
768 5518 918 5582 Quod
942 5518 1082 5571 aliud
1117 5520 1250 5571 nihil
1282 5528 1396 5571 erat
1420 5534 1579 5586 quam
1655 5518 1757 5570 fi'le
1820 5520 2090 5572 titubante

521 5606 836 5675 iniuriosius
871 5623 1029 5677 agere
1068 5625 1187 5662 cum
1224 5608 1348 5671 Deo,
1387 5609 1543 5675 quasi
1570 5609 1660 5675 qui
1698 5623 1790 5661 eos
1854 5608 1919 5661 de
1974 5610 2092 5663 ille-

596 5783 637 5816 ¹³
666 5783 817 5837 Deut.
842 5799 880 5867 ι..
923 5781 1010 5835 l7.

2204 4619 2417 4686 ἀνάγκη
2450 4617 2574 4677 τοὺς
2609 4616 2731 4675 ταῖς
2781 4611 2924 4664 οὕτω
2957 4612 3055 4680 τὴν
3091 4610 3263 4680 φρένα
3302 4610 3767 4679 κατεφθαρμέναις

2203 4708 2588 4781 σννῳκηκότας
2645 4700 3209 4773 συγκαταμιαίνεσθαι
3264 4701 3358 4754 καὶ
3416 4697 3766 4771 προσκρούειν

2200 4801 2335 4870 Θεῷ.
2367 4800 2540 4862 Πολὺς
2568 4798 2623 4851 δέ
2647 4813 2708 4864 γε
2736 4795 2856 4848 λίαν
2885 4795 2912 4845 ὀ
2940 4793 3030 4845 ἐπί
3053 4809 3117 4861 γε
3146 4792 3387 4845 τουτοισί
3410 4792 3603 4859 γέγονε
3628 4790 3766 4857 λόγος

2198 4895 2255 4945 ἐν
2297 4896 2409 4954 τοῖς
2443 4891 2647 4960 Ἔσδρα
2691 4887 2938 4958 βιϐλίοις.
2978 4885 3339 4937 Καταιτιᾶται
3373 4882 3556 4934 τοίνυν
3587 4879 3767 4939 αὐτοὺς

2196 4985 2224 5036 ὀ
2256 4984 2361 5036 τῶν
2390 4983 2528 5035 ὅλων
2554 4981 2705 5042 Θεὸς,
2736 4978 2811 5041 ὡς
2842 4978 3039 5046 γύναια
3069 4976 3165 5045 μὲν
3209 4972 3580 5040 ἀτιμάζοντας
3602 4970 3693 5032 τὰς
3715 4968 3766 5031 ἐξ

2197 5075 2430 5145 αἵματος
2471 5070 2684 5141 Ἰσραὴλ
2708 5071 2873 5140 ἤγουν
2902 5068 2994 5121 τοῦ
3032 5066 3225 5129 Ἰούδα,
3266 5058 3764 5135 προσκειμένουςᾶ

2196 5166 2422 5227 ἀνοσίως
2455 5166 2572 5224 ταῖς
2616 5162 2725 5214 τῶν
2757 5158 3071 5228 ἀλλοφύλων
3112 5156 3446 5228 θυγατράσι,
3481 5153 3651 5207 καίτοι
3679 5147 3762 5200 τοῦ

2197 5256 2362 5325 νόμου
2391 5254 2489 5322 τὴν
2522 5251 2736 5303 σύνοδον
2767 5249 3199 5317 ἁποςάσκοντος.
3240 5244 3380 5296 Ἀλλ’
3425 5244 3476 5294 οἰ
3506 5241 3607 5294 τῶν
3632 5236 3764 5291 οὓτω

2200 5340 2413 5393 σεπτῶν
2458 5340 2556 5392 οὐκ
2606 5334 2702 5391 οἷδ’
2752 5339 2899 5399 ὅπως
2948 5334 3414 5403 ὀλιγωρήσαντες,
3448 5331 3481 5379 il
3527 5332 3636 5390 ταῖς
3664 5323 3764 5378 τῶν

2201 5432 2435 5498 γυναίων
2470 5429 2640 5501 ῶραις
2675 5428 2808 5497 πρὸς
2834 5426 3084 5492 ἀσελγεῖς
3110 5423 3303 5492 ἡδονὰς
3339 5418 3758 5491 συνηρπὰζοντο,

2202 5524 2233 5591 ἢ
2274 5522 2410 5591 τάχα
2443 5539 2544 5573 που
2577 5524 2696 5582 ταῖς
2728 5521 2788 5571 ὲκ
2819 5518 2927 5570 τῶν
2958 5514 3273 5583 ἀλλοφύλων
3304 5512 3511 5581 φιλίαις
3540 5503 3759 5573 ὑποτρέ-

2203 5628 2315 5677 χειν
2346 5609 2561 5677 ἧθελοι,
2590 5610 2677 5662 ἵνα
2710 5610 2783 5677 μὴ
2822 5607 3081 5677 μάχοιντο
3130 5603 3266 5672 πρὸς
3310 5601 3508 5662 αὐτοὺς
3555 5599 3626 5659 ὡς
3666 5592 3758 5660 ἤδη

1103 5782 1144 5812 ¹⁸
1179 5784 1219 5835 l.
1244 5781 1402 5835 Esdr.
1436 5799 1485 5847 χ,
1516 5784 1740 5855 εεοιιιις
1772 5785 1811 5837 ll
1843 5786 1989 5841 Esdr.
2033 5803 2093 5840 xi

2197 5788 2205 5836 ἰ
2242 5798 2293 5841 ct
2328 5788 2395 5841 25
2422 5804 2548 5857 seqq
2592 5806 2604 5851 ;
2642 5786 2703 5839 lll
2736 5786 2882 5839 lisdr.
2913 5801 2985 5848 ιτ,
3021 5784 3051 5836 9
3076 5798 3223 5850 seqq.
