4026 6276
188 453 286 508 517

1031 455 1580 514 COMMENTARIUS
1627 460 1693 514 IN
1736 461 2139 520 MALACHIAM
2184 467 2626 525 I’ROPHETAM.

3329 474 3434 529 3l8

188 563 536 656 γνωρίμους,
576 566 668 656 καὶ
703 567 802 639 τὴν
843 569 906 621 ἐκ
942 571 1136 640 γάμων
1167 571 1390 644 ἔχοντας
1427 576 1761 646 ἀγχιστείαν.

1871 595 1985 635 rum
2021 596 2180 637 manu
2221 586 2449 654 eripere,
2483 600 2578 641 seu
2617 583 2858 656 potentia
2889 581 3310 652 alienigenarum
3338 601 3432 641 su-

190 651 357 706 Τοῦτο
380 653 439 706 δὲ
476 656 570 707 καὶ
599 655 784 724 ἕτερον
809 657 959 710 οὐδὲν
987 659 1020 731 ἢ
1049 663 1167 724 ταῖς
1197 663 1592 732 ὀλιγοπιστίαις
1625 667 1758 719 καθ-

192 741 406 813 υϐρίσαι
437 743 602 809 Θεὸν,
637 745 710 810 ώς
742 747 839 818 τῆς
883 749 1107 804 ἐκείνων
1141 753 1320 823 χειρὸς
1363 757 1640 819 ἐξελέσθαι
1683 759 1758 828 μὴ

193 833 521 903 δυνάμενον,
577 835 746 906 ἤγουν
803 838 1083 908 ἀποφῆναι
1145 843 1458 912 κρείττονας
1527 847 1626 917 τῆς
1696 850 1756 915 ἐξ

197 923 502 990 ἀλλοφύλων
529 923 858 990 πλεονεξίας.
905 929 1123 982 Ἐλύπει
1155 931 1217 1002 δὴ
1259 929 1351 986 οὖν
1397 936 1538 989 κατὰ
1579 938 1758 992 πάντα

198 1017 383 1086 τρόπον
416 1015 481 1068 τὸ
514 1017 704 1088 χρῆμα
745 1017 898 1072 Θεόν.
938 1020 1121 1094 Ταύτῃ
1155 1039 1236 1076 τοι
1267 1026 1486 1096 καὶτῆς
1515 1029 1758 1098 ἐμφύτου

197 1103 574 1175 φιλοστοργίας
597 1107 928 1174 ἀλογοῦντας
955 1108 1198 1178 βλέπων,
1226 1115 1392 1185 φησί·
1429 1137 1447 1168 ι
1471 1118 1604 1187 Ούχὶ
1627 1119 1758 1183 Θεὸς

191 1189 265 1257 εἷς
310 1195 526 1250 ἔκτισεν
574 1198 746 1267 ύμᾶςς
779 1200 914 1270 Ούχλ⁸
963 1204 1146 1273 πατὴρ
1193 1199 1276 1267 είς
1321 1207 1537 1261 πάντων
1571 1211 1756 1279 ύμῶν;

190 1284 250 1336 Τί
281 1285 366 1337 ὅτι
411 1287 797 1354 ἐγκατελίπετε
843 1289 1072 1355 ἕκαστος
1104 1294 1196 1348 τὸν
1232 1296 1459 1364 ἀδελφὺν
1506 1299 1699 1362 αὐτοῦς
1733 1319 1751 1353 ι

187 1369 280 1438 Εἷς
307 1375 409 1445 μὲν
438 1376 546 1447 γὰρ
569 1380 598 1431 ὁ
628 1379 845 1433 πάντων
869 1381 986 1434 ἐστὶ
1014 1385 1390 1455 Δημιουργὺς,
1429 1389 1522 1441 καὶ
1563 1390 1680 1452 ἐνὸς
1706 1394 1754 1444 oi

186 1464 387 1528 πάντες
416 1467 705 1533 Δεσπότου,
739 1468 1064 1540 βουλομένου
1112 1475 1412 1529 συνδεῖσθαι
1441 1478 1501 1531 τὸ
1535 1481 1756 1548 ποιηθὲν

184 1558 262 1618 είς
292 1557 490 1610 ἕνωσιν
517 1559 609 1610 καὶ
642 1561 946 1630 ὀμοψυχίαν
975 1567 1086 1628 τοῖς
1114 1567 1214 1634 τῆς
1247 1568 1465 1639 ἀγάπης
1491 1569 1710 1638 δεσμοῖς
1736 1589 1749 1603 ·

185 1645 243 1697 Et
276 1645 381 1714 μέν
413 1646 523 1718 γὰρ
552 1643 692 1718 ἦσαν
720 1649 813 1702 δύο
840 1651 951 1704 θεοὶ
995 1654 1088 1706 καὶ
1118 1653 1318 1726 κύριοι,
1345 1658 1378 1727 ἢ
1411 1659 1502 1710 καὶ
1533 1659 1755 1724 πλείους

181 1735 280 1798 ἐτι,
312 1737 376 1790 τὸ
409 1740 634 1804 ἀπεικὸς
656 1741 805 1795 οὐδὲν
855 1747 976 1807 ταῖς
1000 1744 1107 1798 τῶν
1141 1749 1482 1817 ποιησάντων
1507 1753 1755 1822 γνώμαις

181 1830 758 1901 συγκαταμερίζεσθαι
811 1831 881 1886 τὰ
939 1837 1252 1906 ποιήματα,
1315 1839 1407 1892 καὶ
1457 1842 1556 1910 τὴν
1615 1843 1754 1914 πρὸς

177 1915 384 1987 ἄλληλα
425 1920 612 1973 στάσιν
638 1922 967 1995 εὐαφόρμως
1015 1926 1382 1998 εἰσδέχεσθαι,
1418 1932 1558 1984 κατά
1601 1949 1662 2000 γε
1691 1934 1753 1986 τὸ
1785 1914 1826 1968 Β

175 2010 306 2076 τοῖς,
336 2013 598 2082 κρατοῦσι
645 2014 854 2070 δοκοῦν.
914 2017 1128 2089 Ἐπειδὴ
1174 2020 1230 2072 δὲ
1278 2014 1359 2083 εἷς
1408 2023 1555 2079 ἐστιν
1596 2026 1624 2077 6
1663 2025 1752 2080 διὰ

176 2101 400 2155 πάντων
436 2105 528 2156 καὶ
560 2106 618 2157 ἐν
645 2108 778 2158 πᾶσι
809 2109 902 2159 καὶ
935 2109 1028 2160 ἐπὶ
1065 2110 1272 2175 πάντας
1304 2111 1455 2176 Θεὸς,
1494 2115 1621 2166 ποία
1670 2133 1751 2179 τις

171 2191 238 2244 ἂν
266 2192 483 2260 γένοιτο
507 2195 604 2264 τῆς
628 2195 891 2266 διχονοίας
920 2201 1223 2270 πρόφασις
1258 2203 1367 2254 Καὶ
1403 2204 1589 2275 ἐπειδὴ
1617 2207 1752 2276 πρὸς

172 2282 352 2354 τούτῳ
398 2284 492 2338 καὶ
533 2280 613 2347 εἷς
662 2288 690 2340 ὁ
739 2290 956 2343 πάντων
1004 2291 1110 2344 τῶν
1150 2293 1416 2347 Ἰουδαίων
1449 2297 1564 2349 ἐστὶ
1611 2296 1751 2350 κατὰ

173 2375 358 2445 σάρκα
408 2377 608 2448 πατὴρ,
637 2380 905 2444 τουτέστι,
935 2384 962 2435 δ
995 2381 1279 2449 θεσπέσιος
1319 2386 1588 2456 Ἀϐραὰμ,
1614 2387 1666 2440 τί
1689 2387 1750 2440 τὺ

169 2466 468 2520 ἀναπείθον
489 2471 587 2539 τὴν
614 2470 712 2540 τῆς
744 2473 926 2539 φιλίας
956 2475 1288 2546 εἰσδέχεσθαι
1317 2477 1506 2546 νόσον;
1539 2481 1606 2532 Ἠ
1634 2479 1750 2544 πῶς

171 2559 274 2611 ούκ
308 2559 601 2613 ἀκόλουθον
636 2565 748 2625 τοῖς
793 2563 850 2630 ἐξ
901 2565 1130 2634 αἵματος
1161 2567 1328 2636 ἐγγὺς
1364 2568 1437 2631 ώς
1481 2571 1538 2620 ἐν
1583 2569 1750 2640 ὀφλή-

176 2666 347 2718 ματος
387 2651 535 2716 τάξει
576 2653 958 2708 κατατίθεσθαι
1001 2657 1096 2728 τὴν
1147 2659 1393 2731 ἀγάπην;
1445 2660 1568 2723 Πῶς
1597 2661 1653 2714 δὲ
1687 2662 1746 2715 ού

179 2741 376 2810 μανίας
407 2744 572 2812 ἐγγὺς
612 2745 673 2798 τὸ
713 2749 832 2808 ταῖς
875 2748 983 2800 τῶν
1017 2750 1330 2819 ἀλλοφύλων
1367 2753 1750 2824 ἐπιμαίνεσθαι

178 2833 503 2906 θυγατράσι,
538 2836 636 2901 τὰς
663 2837 801 2891 οἴκοι
833 2857 890 2892 τε
921 2841 1016 2892 καὶ
1046 2844 1109 2894 ἐκ
1143 2843 1332 2910 γένους
1366 2845 1745 2916 ἀτιμάζοντας,

173 2925 258 2979 ἵνα
295 2927 618 2998 βεϐηλώσῃς
652 2929 821 3001 αὐτὴν
847 2931 1084 2984 διάθεσιν
1110 2935 1288 2987 αὐτῶν
1316 2935 1424 2987 τῶν
1463 2938 1744 3007 πατέρων;

169 3016 527 3087 Τετηρήκασι
568 3020 675 3089 γὰρ
706 3021 902 3073 ἐκεῖνοι
932 3024 998 3075 τὰ
1024 3026 1133 3087 τοῖς
1159 3023 1324 3090 θείοις
1358 3027 1543 3098 νόμοις
1564 3028 1746 3097 διηγο-

167 3124 269 3177 ρευ
281 3109 417 3178 μένα
447 3126 511 3161 πε
523 3111 576 3180 pl.
612 3113 888 3178 γυναικών
917 3113 1158 3169 ὀθνείων.
1181 3117 1416 3170 Ἤκουον
1445 3118 1577 3187 γάρ’
1602 3120 1745 3189 «Τὴν

165 3201 450 3271 θυγατέρα
482 3217 576 3252 σου
612 3203 671 3254 ού
708 3203 898 3266 δώσεις
932 3205 1006 3273 τῷ
1036 3205 1135 3275 υίῷ
1162 3206 1327 3260 αὑτοῦ
1349 3224 1362 3237 ·
1393 3210 1486 3260 καὶ
1512 3208 1608 3272 τὴν
1648 3209 1744 3261 θυ-

163 3291 381 3361 γατέρα
410 3292 574 3344 αὑτοῦ
604 3293 664 3344 οὐ
695 3291 840 3364 λήψῃ
869 3293 946 3363 τῷ
977 3294 1075 3365 υίῷ
1117 3313 1231 3348 σου.
1276 3297 1600 3367 ’Λποστήσει
1638 3297 1744 3371 γὰρ

160 3380 265 3433 τὸν
310 3379 424 3433 υἱόν
476 3397 569 3432 σου
615 3381 710 3434 ἀπ’
765 3381 920 3451 ἐμοῦ,
980 3384 1072 3435 καὶ
1131 3383 1414 3453 πορευθεὶς
1461 3384 1746 3455 λατρεύσει

162 3473 315 3533 θεοῖς
359 3471 580 3542 ἑτέροις.
621 3490 640 3523 ι
690 3475 753 3526 UE
805 3473 861 3526 δὲ
917 3476 1046 3544 παρ’
1089 3474 1240 3527 οὐδὲν
1286 3475 1641 3545 ποιησάμενοι
1685 3475 1744 3528 τὸ

162 3562 574 3634 χρησμῴδημα,
600 3566 946 3635 πεπατήκασι
975 3566 1065 3619 τὸν
1095 3567 1277 3637 νόμον,
1303 3570 1413 3632 καὶ,
1436 3569 1496 3620 τό
1525 3584 1587 3636 γε
1611 3563 1744 3640 ἧκον

162 3656 247 3716 εἰς
290 3653 510 3719 αὐτοὺς,
549 3655 752 3728 ἀδρανῆ
799 3659 888 3710 καὶ
928 3657 1151 3728 βέϐηλον
1182 3658 1602 3712 ἁποτετελέκασι
1648 3657 1744 3728 τὴν

160 3741 456 3814 διαθήκην,
482 3743 774 3808 λυποῦντες
806 3749 924 3809 ταῖς
954 3747 1299 3818 παραϐάσεσι
1326 3747 1434 3800 τῶν
1459 3747 1636 3818 νόμων
1654 3747 1744 3801 τὸν

160 3835 409 3904 ἄριστον.
449 3833 860 3904 Κατατεθηπὼς
894 3836 948 3889 δὲ
979 3836 1166 3908 ὥσπερ
1214 3837 1274 3890 τὸ
1311 3837 1606 3907 δρώμενον,
1652 3838 1744 3890 καὶ

163 3921 490 3993 ἁδικωτάτῳ
524 3923 668 3994 μίσει
711 3925 1199 3998 πλεονεκτούμενον
1233 3929 1443 3999 βλέπων
1472 3931 1532 3981 τὸ
1560 3930 1618 3994 ἐξ
1662 3929 1744 3981 αἴ-

167 4030 343 4083 ματος
380 4014 554 4068 ’ἰούδα
598 4016 707 4068 τῶν
733 4019 972 4085 γυναίων
1017 4019 1188 4084 ἔθνος,
1233 4021 1422 4088 ἐπάγει
1453 4021 1544 4072 καί
1574 4037 1739 4090 φησι’

172 4104 646 4176 «Ἐγκατελείφθη
683 4107 902 4171 Ἰούδας,
939 4128 956 4159 ι
1019 4112 1112 4162 καὶ
1154 4112 1211 4164 ἐν
1249 4113 1360 4172 τοῖς
1401 4111 1742 4163 κατοικοῦσιν

175 4194 552 4266 Ἰερουσαλὴμ,
582 4198 842 4268 “memet,
889 4201 1188 4270 παραδόξου
1233 4200 1587 4271 πράγματοςι
1641 4199 1741 4253 ούκ

175 4285 510 4355 Ἀσσυρίοις,
547 4290 609 4341 ού
646 4290 904 4358 Πέρσαις,
941 4293 1041 4344 ούκ
1079 4292 1414 4362 Ἐλαμίταις,
1448 4293 1507 4344 οὐ
1534 4294 1646 4356 τοῖς
1675 4293 1740 4346 ἐκ

165 4375 426 4442 γειτόνων
468 4379 716 4449 ἐχθροῖς,
765 4380 878 4434 ἀλλ’
913 4381 1061 4452 αύτῷ
1095 4382 1171 4452 τῷ
1213 4381 1446 4454 Ἰσραὴλ,
1493 4385 1586 4437 καὶ
1629 4385 1740 4446 τοῖς

165 4467 480 4520 κατοικοῦσι
514 4469 613 4540 τὴν
652 4469 1004 4543 Ἰερουσαλὴμ
1049 4473 1300 4544 βδελυρός
1346 4491 1405 4527 τε
1457 4477 1551 4526 καὶ
1605 4490 1737 4526 κατ-

1861 673 2103 739 perieres
2144 676 2369 732 reddere
2417 677 2683 745 nequiret.
2737 674 3076 731 Omnlmodis
3113 675 3275 744 igitur
3319 674 3429 731 Deo

1861 763 1962 817 ista
1987 779 2070 818 res
2107 765 2340 821 dolebat.
2388 767 2542 823 Unde
2587 781 2681 822 eos
2751 767 3125 837 ingeneratum
3188 780 3427 819 amorem

1860 865 2203 910 contemnere
2225 871 2476 922 cernens,
2507 859 2582 912 ait
2614 875 2628 911 :
2667 875 2686 908 ι
2721 855 2909 909 Nonne
2943 871 3079 909 unus
3104 855 3246 908 Deus
3275 869 3429 908 crea-

1861 944 1935 996 vit
1990 944 2124 999 vos?
2154 944 2344 1002 Nonne
2370 947 2530 1002 Pater
2561 962 2700 1001 unus
2725 944 3009 1000 omnium?
3035 943 3171 1010 Quid
3197 943 3430 1011 estquod

1859 1038 2228 1108 unusquisque
2265 1038 2559 1108 reliquistis
2594 1037 2816 1092 fratrem
2843 1035 3047 1091 suum?
3088 1054 3106 1086 ι
3145 1033 3290 1088 Unus
3345 1043 3429 1088 est

1856 1130 2001 1184 enim
2027 1131 2402 1186 universorum
2431 1129 2632 1199 opifex,
2657 1137 2711 1184 et
2735 1142 2922 1183 omnes
2953 1126 3112 1181 unius
3150 1125 3282 1179 estis
3327 1122 3430 1176 Do-

1858 1220 2008 1282 mini,
2039 1219 2128 1288 qui
2182 1221 2322 1288 quod
2344 1221 2586 1276 condidit
2610 1227 2676 1274 ait
2703 1220 2957 1273 unionem
2996 1227 3052 1270 et
3082 1215 3424 1271 concordiam

1858 1306 2088 1361 vinculis
2118 1307 2400 1362 charitatis
2430 1307 2684 1374 colligare
2723 1308 2854 1360 vult.
2881 1305 3092 1359 Etenim
3136 1307 3181 1358 si
3243 1312 3427 1356 essent

1856 1395 1962 1450 duo
2005 1395 2077 1448 dii
2113 1411 2176 1450 ac
2203 1396 2425 1457 domini,
2456 1407 2546 1450 aut
2579 1397 2742 1450 etiam
2779 1395 2980 1464 plures,
3015 1394 3250 1446 alienum
3292 1391 3424 1445 nihil

1856 1485 1995 1541 foret
2031 1501 2116 1541 res
2144 1487 2390 1542 conditas
2414 1487 2566 1555 juxta
2597 1486 2937 1540 conditorum
2997 1485 3300 1537 voluntates
3345 1481 3426 1535 di-

1854 1574 1960 1629 vidi
1991 1590 2053 1628 ac
2078 1576 2308 1640 secerni,
2333 1585 2384 1629 et
2427 1575 2526 1628 levi
2565 1576 2853 1629 occasione
2879 1573 2981 1627 sibi
3039 1574 3269 1626 invicem
3322 1572 3420 1624 ad-

1855 1665 2082 1728 versari,
2116 1665 2527 1733 proutdominis
2551 1665 2683 1733 ipsis
2707 1664 2919 1718 liberet.
2945 1662 3210 1730 Quoniam
3243 1669 3421 1714 autem

1854 1770 1993 1811 unus
2019 1766 2100 1810 est
2129 1772 2224 1826 per
2250 1759 2427 1810 omnia
2456 1765 2508 1813 et
2531 1758 2582 1811 in
2639 1756 2890 1812 omnibus
2942 1764 2996 1808 et
3051 1768 3212 1822 super
3245 1751 3425 1807 omnia

1859 1848 1996 1901 Deus
2033 1847 2097 1913 ¹⁷,
2135 1862 2255 1914 qua:
2283 1849 2496 1901 tandem
2529 1862 2650 1902 esse
2678 1857 2841 1914 queat
2875 1844 3240 1900 dissensionis
3269 1856 3428 1896 occa-

1855 1938 2060 1993 sio?Et
2091 1938 2343 2006 quoniam
2372 1938 2594 2007 insuper
2618 1952 2756 1991 unus
2806 1944 2890 1989 est
2936 1936 3177 1990 omnium
3209 1931 3425 1986 ,ιιιάωο-

1856 2046 1974 2085 rum
2011 2038 2164 2100 pater
2179 2029 2474 2084 secundum
2505 2043 2752 2093 carnem,
2786 2026 3001 2081 divinus
3027 2038 3219 2092 nempe
3251 2023 3426 2076 Abra-

1853 2123 2000 2187 ham,
2058 2120 2186 2191 quid
2242 2129 2326 2174 est
2374 2123 2515 2190 quod
2577 2119 2870 2174 amicitiam
2921 2113 3256 2171 labefactet?
3317 2115 3426 2168 Aut

1852 2215 2121 2282 quomodo
2139 2225 2471 2280 consequens
2496 2224 2598 2263 non
2629 2218 2710 2264 est
2740 2205 3153 2277 consanguineis
3185 2217 3422 2258 amorem

1851 2313 1908 2356 ut
1937 2302 2178 2357 debitum
2224 2300 2568 2370 persolvere?
2600 2298 2879 2366 Quomodo
2906 2305 3084 2350 autem
3134 2309 3238 2348 non
3288 2305 3426 2362 pene

1851 2393 2132 2456 furiosum,
2161 2392 2476 2447 domesticis
2515 2399 2568 2445 et
2601 2405 2665 2444 ex
2694 2389 2880 2443 eodem
2906 2394 3113 2456 'genere
3150 2380 3424 2452 prognatis

1850 2482 2165 2554 coniugibus
2195 2483 2486 2550 despectis,
2508 2495 2670 2550 super
2689 2491 2996 2533 exterarum
3035 2474 3242 2528 ﬁliabus
3281 2472 3424 2525 insa-

1850 2575 2050 2638 uire,ut
2083 2581 2459 2627 testamentum
2494 2571 2664 2639 ipsum
2692 2577 2905 2636 patrum
2943 2561 3108 2634 352
3132 2559 3424 2630 proianes?

1848 2665 2115 2719 lllisenim
2137 2663 2331 2718 divinis
2354 2660 2556 2733 legibus
2578 2661 2642 2714 de
2695 2657 2991 2727 peregrinis
3032 2653 3290 2706 uxoribus
3341 2651 3422 2702 iu-

1851 2758 2077 2812 terdicn
2103 2765 2404 2810 servarunt.
2439 2749 2900 2809 Audiebantenim
2931 2765 2944 2800 :
2989 2764 3007 2797 ι
3047 2744 3238 2798 Filiam
3273 2750 3419 2793 tuam

1851 2863 1956 2903 non
1999 2847 2151 2901 dabis
2182 2844 2440 2912 lilioejus
2473 2861 2485 2896 :
2533 2853 2584 2896 ct
2637 2841 2797 2893 ﬁliam
2837 2835 3006 2906 ipsius
3035 2849 3139 2888 non
3183 2830 3419 2899 accipies

1851 2935 1960 2989 tilio
1999 2945 2109 2987 tuo.
2148 2931 2379 2987 Seducet
2401 2931 2545 2986 enim
2578 2931 2744 2983 lilium
2776 2937 2924 2980 tuum
2959 2939 2986 2978 a
3021 2939 3127 2990 me,
3155 2933 3206 2976 et
3230 2922 3420 2974 abiens

1849 3028 2048 3081 serviet
2071 3024 2174 3078 diis
2205 3023 2402 3076 alienis
2427 3022 2491 3075 ”.
2523 3039 2541 3071 ι
2583 3021 2682 3074 Ast
2717 3019 2768 3072 hi
2800 3014 3076 3071 oraculum
3123 3011 3274 3065 nihili
3335 3009 3417 3062 ia-

1849 3119 2054 3171 cientes
2084 3116 2255 3184 legem
2284 3112 2694 3172 conculcarunt,
2759 3117 2814 3162 et
2868 3115 3131 3178 quantum
3188 3103 3241 3156 in
3288 3102 3420 3170 ipsis

1851 3209 1952 3262 fuit
1976 3214 2353 3261 teStamentum
2380 3203 2743 3262 intirmarunt,
2771 3207 2825 3252 et
2856 3196 3138 3264 profanum
3165 3192 3416 3247 reddidco

1850 3310 1995 3363 runt,
2023 3311 2144 3351 eum
2176 3296 2264 3364 qui
2301 3293 2540 3362 optimus
2572 3300 2655 3346 est
2688 3289 2862 3358 legum
2888 3286 3178 3340 violatione
3211 3283 3418 3338 contri-

1847 3397 2070 3442 stantes.
2121 3385 2534 3453 Obstupelactus
2623 3387 2800 3434 autem
2864 3374 3250 3448 propemodum
3327 3372 3416 3426 tali

1846 3481 2012 3547 facto,
2038 3490 2089 3532 et
2118 3477 2244 3533 odio
2299 3473 2638 3542 iniquissimo
2679 3483 2850 3540 genus
2901 3467 3183 3521 mulierum
3230 3461 3418 3516 .Iudai—

1845 3589 2029 3631 carum
2065 3583 2379 3642 oppressum
2415 3580 2664 3629 cernens,
2689 3563 2801 3616 haec
2833 3558 3020 3614 addit:
3061 3576 3078 3609 ι
3119 3555 3418 3610 Derelictus

1845 3675 1926 3721 est
1954 3664 2139 3727 ludas,
2172 3680 2190 3713 ι
2222 3671 2273 3715 et
2302 3659 2442 3728 apud
2472 3657 2778 3710 habitantes
2814 3650 3137 3712 Jerusalem,
3172 3662 3205 3701 ο
3269 3659 3406 3708 rem,

1846 3758 2039 3828 inquit,
2074 3752 2432 3822 inopinatam!
2477 3764 2580 3803 non
2617 3746 2756 3814 apud
2807 3745 3083 3815 Assyrios,
3126 3755 3233 3794 non
3285 3737 3417 3791 Per-

1845 3864 1956 3912 sas,
1987 3864 2090 3901 nou
2117 3847 2397 3905 Elamitas,
2436 3857 2538 3894 non
2569 3839 2777 3892 vicinos
2805 3837 3011 3899 hostes,
3035 3833 3130 3888 sed
3180 3830 3233 3884 in
3301 3829 3416 3898 ipso

1844 3938 2007 3994 Israel
2045 3947 2099 3992 et
2153 3937 2526 3992 habitantibus
2568 3931 2874 3988 Jerusalem
2928 3922 3310 3982 abominabilis
3360 3929 3416 3976 et

1841 4028 2062 4082 odiosus
2094 4026 2266 4081 factus
2292 4035 2394 4089 est,
2425 4027 2474 4078 id
2507 4033 2608 4087 est,
2639 4037 2810 4093 genus
2836 4035 2901 4073 ex
2937 4016 3073 4071 Juda
3121 4026 3175 4069 et
3225 4012 3416 4067 mulieo

1844 4132 1958 4171 rum
1988 4116 2432 4186 propinquiorum
2462 4113 2645 4167 infelix
2677 4107 2990 4163 multitudo.
3050 4104 3203 4158 Scire
3234 4110 3412 4154 autem

1841 4208 1966 4264 licet
1983 4208 2229 4262 lsraelem
2251 4206 2431 4260 vocari
2457 4207 2637 4258 decem
2665 4202 2837 4255 tribus
2863 4212 3006 4268 quae,
3029 4205 3154 4249 ante
3172 4201 3413 4258 tempora

1842 4297 2188 4368 captivitatis,
2225 4293 2525 4348 Samariam
2554 4289 2879 4354 incolebant,
2908 4301 3043 4355 quas
3095 4268 3148 4337 οἱ
3203 4283 3411 4349 primus

1843 4367 2181 4457 iniAssyrios
2209 4393 2263 4439 et
2293 4382 2474 4438 Medos
2522 4379 2875 4434 Salmanasar
2907 4371 3186 4428 transtulit
3209 4371 3272 4424 ¹⁹.
3309 4367 3415 4421 lla-

1842 4478 2076 4532 bitantes
2112 4490 2238 4529 vero
2271 4472 2567 4528 Jerusalem
2596 4469 2716 4523 illos
2737 4467 2980 4523 nominat
3045 4477 3181 4531 quos
3234 4459 3415 4514 Nabu-

164 4556 474 4627 ηχθημένος
499 4561 720 4630 γέγονεν
746 4565 774 4615 ὁ
812 4565 1031 4627 Ἰούδας,
1068 4561 1359 4627 τουτέστιν,
1390 4565 1450 4616 τὸ
1478 4565 1535 4630 ἐξ
1568 4564 1735 4616 Ἰούδα
1768 4570 1788 4624 Ι

1849 4567 2199 4628 chodonosor,
2238 4572 2476 4630 tempore
2529 4568 2814 4627 posuemzn
2875 4549 3238 4622 captivitatis,
3283 4547 3414 4602 sub-

162 4647 320 4712 γένος
347 4651 442 4702 καὶ
473 4653 508 4722 ἠ
545 4653 654 4706 τῶν
681 4655 1017 4727 ἀγχιστέρων
1053 4655 1287 4723 γυναίων
1315 4655 1474 4709 ἀθλία
1505 4655 1728 4725 πληθύς.

173 4736 374 4791 Ἰστέον
405 4740 461 4793 δὲ
490 4743 573 4796 ὅτι
611 4744 826 4815 Ἰσραὴλ
855 4746 950 4815 μὲν
979 4745 1234 4815 ὀνομάζει
1263 4746 1363 4810 τὰς
1400 4747 1530 4800 δέκα
1561 4747 1734 4815 φυλὰς

164 4825 215 4879 αϊ
243 4833 640 4901 κατῳκήκασιν
663 4835 720 4888 ἐν
742 4839 807 4906 τῇ
837 4837 1140 4908 Σαμαρείᾳ,
1159 4839 1265 4909 πρὸ
1297 4838 1402 4892 τῶν
1424 4838 1524 4906 τῆς
1578 4840 1732 4908 αἰχμ-

163 4911 398 4979 αλωσίας
430 4919 654 4987 καιρῶν,
683 4920 749 4984 ἃς
781 4924 873 4975 καὶ
907 4924 1122 4993 πρῶτον
1157 4926 1433 4994 ἀπῴκισεν
1454 4928 1481 4980 δ
1516 4926 1732 4995 Σαλμα-

163 5007 337 5078 νασὰρ
367 5010 450 5072 είς
489 5011 809 5082 Ἀσσυρίους
846 5015 938 5068 καὶ
979 5016 1215 5086 Μήδους.
1249 5018 1385 5080 Τοὺς
1411 5018 1469 5070 δέ
1503 5035 1565 5086 γε
1599 5035 1729 5070 κατ-

166 5096 444 5163 οικοῦντας
485 5101 835 5175 Ἰερουσαλὴμ
869 5107 1110 5162 ἐκείνους
1147 5103 1281 5160 εἶναί
1309 5125 1440 5178 φησι
1471 5109 1563 5172 οὓς
1589 5103 1732 5161 εἷλεν

167 5185 192 5235 ὁ
219 5187 710 5262 Ναϐουχοδονόσορ,
757 5197 897 5250 κατά
930 5197 1020 5248 τὸν
1054 5197 1239 5267 καιρὸν
1285 5199 1385 5264 τῆς
1419 5199 1734 5262 τελευταίας

1833 4656 2065 4740 iugavit,
2089 4653 2458 4720 Hierosolyma
2493 4660 2544 4704 et
2571 4649 2685 4717 ipso
2714 4647 2892 4699 divino
2935 4642 3132 4710 templo
3155 4639 3410 4701 incensis,

1840 4732 1972 4818 quos
2006 4756 2060 4800 et
2109 4746 2160 4799 in
2221 4745 2546 4815 Babylonem
2601 4740 2824 4792 ahduxit
2855 4738 2922 4792 '°.
2954 4737 3188 4789 Accusat
3223 4732 3409 4796 igitur,

1840 4816 1947 4888 imo
1976 4847 2102 4888 vero
2123 4847 2225 4886 non
2252 4832 2442 4885 leviter
2467 4844 2562 4883 eos
2596 4829 2894 4882 insectatur
2937 4823 3101 4893 quod,
3175 4816 3412 4872 dimissis

1839 4941 1903 4979 ex
1943 4924 2078 4979 .luda
2107 4923 2390 4986 uxoribus,
2437 4937 2500 4975 ex
2537 4918 2852 4989 alienigenis
2887 4922 3173 4982 prognatas
3212 4905 3413 4962 nefarie

1840 5019 2169 5080 asriverant,
2196 5013 2444 5084 quamvis
2473 5012 2714 5079 paternis
2753 5009 2865 5062 suis
2901 5005 3158 5063 moribus,
3193 5007 3250 5051 ut
3288 5005 3412 5050 ante

1840 5109 1971 5171 dixi,
1997 5107 2258 5160 tenaciter
2278 5105 2700 5167 adhaerentes,et
2723 5104 2774 5155 in
2797 5111 2956 5152 cceno
2980 5089 3302 5150 idololatria:
3318 5087 3411 5141 ad-

1842 5199 1944 5252 huc
1980 5212 2099 5251 sese
2131 5197 2459 5249 volutantes.

169 5283 569 5351 αἰχμαλωσίας,
603 5292 996 5362 κατεμπρήσας
1026 5291 1094 5344 τὰ
1130 5293 1494 5363 Ἰεροσόλυμα,
1522 5296 1612 5346 καὶ
1648 5296 1808 5347 αὐτὸν
1836 5295 1893 5346 δὲ
1923 5294 2012 5345 τὸν
2077 5291 2217 5344 θεῖον
2278 5291 2571 5360 ἐμπρήσας
2638 5287 2787 5347 ναὸν,
2821 5284 2913 5345 οὓς
2953 5280 3045 5334 καὶ
3079 5276 3412 5344 ἀπεκόμισεν

172 5369 244 5430 εἰς
277 5369 589 5428 Βαϐυλῶνα.
620 5377 888 5439 Αὶτιᾶται,
923 5377 1196 5446 μᾶλλονδὲ
1221 5381 1278 5431 ού
1314 5381 1538 5450 μετρίαν
1596 5382 1772 5434 αὐτῶν
1812 5383 2044 5434 ποιεῖται
2065 5379 2163 5450 τὴν
2187 5379 2457 5446 καταϐοὴν
2517 5379 2598 5428 ὅτι
2629 5376 2714 5444 δὴ,
2750 5372 3004 5443 μεθέντες
3031 5369 3125 5431 τὰς
3157 5365 3215 5430 ἐξ
3244 5364 3409 5419 Ἰούδα

173 5467 451 5529 γυναῖκας,
497 5468 826 5538 είσεδέχοντο
860 5469 1190 5539 παρανόμως
1230 5469 1328 5531 τὰς
1353 5474 1414 5523 ἐκ
1472 5469 1578 5522 τῶν
1623 5471 1952 5540 ἀλλοφύλων,
1988 5469 2184 5530 καίτοι,
2243 5467 2493 5536 καθάπερ
2545 5466 2643 5535 ἥδη
2714 5459 3118 5534 προεῖπον,τῶν
3144 5455 3409 5530 πατρῴων

172 5554 305 5608 ἐθῶν
350 5558 518 5628 ἀπρὶξ
565 5560 848 5629 ἐχομένας,
902 5563 996 5615 καὶ
1033 5565 1145 5624 τοῖς
1191 5562 1287 5630 τῆς
1336 5563 1777 5632 είδωλολατρείας
1817 5562 2098 5633 βορϐόροις
2129 5560 2617 5629 ἐγκυλινδουμένας
2650 5559 2748 5613 ἔτι.

239 5651 692 5720 Παραφυλακτίον
723 5653 778 5704 δὲ
811 5655 901 5705 καὶ
930 5657 1059 5724 ἡμῖν
1087 5654 1264 5716 αὐτοῖς
1290 5657 1400 5716 τοῖς
1429 5656 1482 5704 ἐν
1510 5655 1727 5724 Χριστῴ

243 5827 282 5855 Η
317 5825 507 5892 Ειιίιρε.
541 5846 612 5892 ιγ,
651 5829 704 5883 6,
788 5829 827 5858 ¹⁵
866 5830 1015 5881 lim”.
1048 5846 1139 5894 γη,
1170 5829 1219 5892 ’5,
1258 5829 1306 5882 ,δ’

1906 5654 2209 5708 Cavendum
2237 5661 2492 5705 autemet
2523 5651 2676 5705 nobis
2717 5649 2845 5719 ipsis
2880 5650 2930 5702 in
2959 5649 3176 5703 Christo
3205 5646 3408 5716 justifi-

1424 5829 1461 5858 “‘
1490 5828 1548 5881 Η
1589 5831 1715 5896 Reg.
1750 5844 1898 5892 mu,
1933 5827 1962 5882 9
2028 5846 2120 5896 seq
2147 5847 2177 5896 ι.
2261 5829 2302 5857 '°
2329 5826 2389 5878 l\'
2427 5827 2555 5892 llvg.
2598 5843 2719 5888 xxv,
2752 5825 2782 5878 θ
2814 5841 2964 5893 seqq.
