4026 6276
603 422 705 478 ὅὲθ

1616 425 1673 480 S.
1717 424 1995 482 CYRILLI
2035 422 2505 479 ALEXANDRINI
2545 424 2870 481 ARCHIEP.
3724 429 3812 486 520

543 576 550 581 -
597 536 737 591 catis
760 544 834 603 et,
862 550 957 604 per
987 535 1143 591 [idem
1173 535 1225 590 in
1249 536 1444 608 ipsmn,
1467 540 1636 594 sancti
1663 540 1897 610 Spiritus
1922 556 2165 595 commu-

2283 538 2730 610 Ξεδικοιιωμένοις,
2772 538 2866 591 καὶ
2894 535 2983 589 διὰ
3007 534 3103 604 τῆς
3151 535 3230 597 εἰς
3277 534 3437 587 αὑτὸν
3471 536 3687 603 πίστεως
3726 544 3811 612 τὴν

601 626 814 679 nionem
848 624 1152 679 consecutis
1188 626 1254 693 ²¹,
1282 639 1346 678 ne
1379 627 1832 681 commisceantur
1856 628 2180 696 quibusdam

601 731 761 770 sensu
793 717 1080 784 perversis,
1099 726 1151 770 et
1170 727 1347 770 mente
1376 718 1636 785 profanis,
1659 729 1711 774 et
1747 734 1774 772 a
1803 720 1904 775 fide
1925 737 2179 791 germana

603 805 817 860 alienis.
849 806 910 859 lli
933 807 1075 859 enim
1101 811 1562 880 suntalienigenm
1609 823 1663 867 et
1700 813 1878 882 lingua
1936 814 2178 882 barbari,

601 905 656 950 et
690 913 940 964 perversa
976 900 1288 968 loquuntur.
1314 904 1444 958 Cum
1468 907 1661 975 quibus
1677 908 1767 975 qui
1794 909 2176 961 commercium

605 987 872 1052 habuerit,
907 989 1208 1047 foedissime
1235 994 1522 1061 polluetur.
1561 997 1833 1065 Scriptum
1870 1007 1954 1050 est
1989 998 2133 1051 enim
2162 1011 2176 1051 :

609 1097 628 1129 ι
666 1078 764 1144 Qui
803 1082 1038 1151 tetigerit
1081 1086 1254 1152 picem
1302 1087 1668 1156 inquinabitur
1701 1091 1767 1143 ab
1813 1103 1876 1144 ea
1912 1092 1976 1141 “.
2045 1091 2176 1144 Cant

605 1171 1170 1241 ergoliceatfructum
1222 1175 1367 1230 ferre
1425 1179 1778 1241 spiritualiter
1831 1181 1883 1234 in
1918 1182 2179 1238 Ecclesiis

606 1261 826 1328 Christi,
858 1280 977 1332 quae
1006 1268 1140 1320 ratio
1165 1266 1326 1322 fuerit
1359 1271 1494 1326 velle
1521 1272 1680 1327 aliter
1707 1274 1879 1338 velut
1912 1275 2176 1343 copulari,

607 1363 661 1408 et
685 1360 1082 1413 communicare
1120 1361 1361 1430 profanis
1389 1368 1702 1436 synagogis,
1728 1377 1784 1422 et
1803 1369 2177 1424 universorum
2201 1409 2204 1414 ι

607 1445 774 1500 Deum
803 1450 1062 1505 adversus
1085 1466 1142 1506 se
1169 1457 1528 1522 exasperare?
1550 1463 1574 1490 κ

673 1745 836 1816 843
873 1749 1034 1805 Van.
1069 1747 1156 1816 ll,
1222 1753 1305 1807 12.
1380 1755 1518 1820 Quia
1577 1763 1950 1817 contaminavit
2003 1763 2177 1820 ludas

2281 629 2374 683 τοῦ
2436 631 2591 698 ἁγίου
2659 628 2974 697 Πνεὺματος
3035 624 3258 694 λαχοῦσι
3331 623 3558 694 μέθεξιν,
3617 629 3671 683 τδ
3719 634 3820 688 ἐπι.

2285 723 2577 792 μίσγεσθαί
2622 739 2784 783 τισιν,
2831 721 2990 786 οἷπερ
3038 718 3104 771 ἂν
3151 712 3261 768 εἷεν
3297 716 3697 788 διεστραμμένοι
3739 727 3816 779 τὸν

2281 812 2404 864 νοῦν
2448 812 2665 881 βέϐηλοι
2695 829 2754 864 τε
2781 810 2880 872 τὰς
2911 809 3147 878 φρένας,
3178 807 3273 858 καὶ
3307 806 3404 875 τὴν
3437 808 3608 860 πίστιν
3635 810 3815 879 ἔχοντες

2281 902 2380 952 οὐκ
2409 900 2592 970 ὀρθήν.
2614 900 2946 966 Ἀλλογενεῖς
2981 897 3087 966 γὰρ
3120 890 3269 948 οὗτοι
3304 896 3398 947 καὶ
3427 895 3812 968 βαρϐαρόφωνοι,

2282 991 2376 1044 καὶ
2424 991 2713 1053 λαλοῦντες
2773 986 3208 1057 διεστραμμένα.
3268 980 3362 1046 Οἷς
3415 987 3464 1036 εἰ
3519 989 3815 1058 ἐπιμίσγοιτό

2280 1101 2386 1149 τις²
2454 1085 2628 1151 πάντη
2671 1099 2730 1134 τε
2790 1081 2884 1134 καὶ
2932 1080 3149 1141 παντως
3202 1078 3700 1147 καταμιανθήσεται.
3745 1083 3816 1134 Γέ-

2280 1191 2524 1245 γραπται
2573 1174 2707 1243 γάρ·
2753 1195 2770 1225 ι
2817 1174 2874 1225 '0
2920 1171 3229 1240 ἁπτόμενος
3289 1170 3488 1239 πίσσης
3533 1171 3816 1241 μολννθήσε-

2279 1283 2390 1318 ται.
2429 1285 2446 1315 ι
2495 1264 2644 1330 Ἐξὸν
2695 1260 2787 1316 οὖν
2834 1263 2940 1334 ἄρα
2993 1262 3366 1330 καρποφορεῖν
3400 1259 3595 1328 νοητῶς
3633 1263 3681 1314 ὲν
3717 1263 3814 1316 Ἐκ-

2281 1356 2530 1425 κλησίαις
2575 1354 2849 1425 Χριστοῦ,
2913 1355 2995 1416 τίς
3041 1353 3150 1421 γὰρ
3193 1353 3260 1403 ἂν
3309 1351 3513 1419 γένοιτο
3564 1351 3700 1418 λόγος
3741 1355 3814 1406 τοῦ

2281 1449 2456 1500 θέλειν
2484 1449 2682 1517 ἑτέρως
2719 1447 2879 1500 οἱονεί
2922 1465 3038 1509 πως
3063 1445 3436 1497 συνάπτεσθαι
3471 1445 3561 1497 καὶ
3585 1449 3817 1498 κοινωνεῖν

2283 1536 2530 1605 βεϐήλοις
2577 1538 2922 1602 συναγωγαῖς
2990 1535 3086 1588 καὶ
3162 1535 3495 1602 καταθήγειν
3533 1535 3611 1602 ἐφ’
3643 1537 3817 1597 ἑαυτοῖς

2279 1626 2369 1679 τὸν
2400 1626 2506 1678 τῶν
2537 1627 2672 1678 ὅλων
2697 1627 2866 1689 Θεόν;

2353 1760 2504 1811 Διότι
2549 1757 2926 1824 ἐϐεϐιῆλωσεν
2961 1758 3194 1822 Ἰούδας
3227 1754 3300 1808 τὰ
3331 1755 3467 1824 ἅγια
3498 1756 3713 1822 Κυρίου,
3741 1757 3817 1812 καί

603 1850 785 1888 sancta
812 1838 1038 1904 Domini,
1069 1852 1114 1894 et
1153 1844 1338 1912 quibus
1365 1847 1572 1911 dilexit,
1604 1859 1651 1901 et
1693 1853 1893 1905 studuit
1939 1856 1992 1907 in
2053 1857 2176 1910 deos

2283 1845 2371 1916 οῖς
2408 1847 2705 1917 ἠγάπησε,
2750 1850 2846 1900 καὶ
2881 1847 3294 1912 ἐπετήδευσεν
3337 1848 3423 1910 εἰς
3473 1845 3633 1910 θεοὺς
3667 1846 3818 1898 (ἰλλο-

605 1927 823 1980 alienos.
859 1929 1129 1995 Disperdet
1165 1933 1418 1990 Dominus
1446 1940 1703 1993 hominem
1736 1944 1825 2004 qui
1878 1945 2009 2013 facit
2049 1947 2179 2012 ht’L’t‘,

605 2018 769 2070 donec
816 2019 1122 2074 bumilietur
1185 2041 1250 2078 ex
1331 2030 1683 2085 tabernaculis
1738 2033 1927 2100 Iacob,
2001 2050 2048 2090 et
2123 2057 2185 2094 ex

605 2108 686 2161 his
757 2112 846 2179 qui
928 2114 1158 2181 oﬁ'erunt
1224 2121 1544 2188 sacriﬁcium

1649 2125 1872 2182 Domino
1948 2136 2181 2202 omnipoo

609 2201 756 2254 tenti.

677 2313 865 2370 XXVI.
892 2317 1148 2376 Odiosum
1181 2322 1379 2379 factum
1431 2329 1505 2381 ait
1558 2329 1772 2396 Iudam,
1809 2351 1913 2388 non
1943 2338 2010 2391 ab
2077 2340 2183 2395 alio

608 2401 1058 2475 alienigenarum,
1095 2415 1189 2466 sed
1220 2416 1286 2468 ab
1328 2416 1443 2484 ipso
1465 2416 1622 2484 Juda,
1655 2423 1743 2489 qui
1781 2427 2074 2492 profanarit
2106 2429 2183 2483 le-

608 2509 749 2561 gem.
783 2507 838 2549 et
878 2499 1233 2557 declinaverit
1261 2507 1325 2559 ad
1364 2511 1621 2565 amandas
1661 2514 1913 2570 mulieres
1945 2521 2183 2588 peregri-

609 2600 722 2648 nas,
757 2596 809 2640 et
832 2588 897 2641 ad
931 2590 1118 2644 iisdem
1151 2597 1560 2662 gratiﬁcandum
1595 2602 1645 2654 in
1705 2607 1975 2670 omnibus,
2031 2625 2182 2662 ama-

607 2678 850 2746 veritque
878 2681 1233 2740 defectionem
1265 2704 1292 2742 a
1323 2690 1450 2756 Deo,
1476 2701 1530 2746 et
1560 2708 1620 2748 se
1644 2696 1880 2752 cultibus
1916 2699 2179 2757 idolorum

607 2765 903 2824 devoverit.
955 2770 1187 2828 Adducti
1241 2789 1366 2832 sunt
1396 2781 1539 2836 enim
1598 2798 1661 2838 eo
1693 2786 1932 2854 quidam,
1963 2799 2021 2843 ut
2047 2791 2178 2856 tiixi,

607 2869 892 2924 sequentes
917 2878 1055 2932 quas
1082 2868 1182 2922 sibi
1215 2869 1415 2939 injusto
1451 2877 1796 2934 matrimonio
1817 2881 2179 2949 sociaverant,

607 2956 658 2997 et
687 2960 874 3002 earum
895 2953 1156 3010 voluntati
1189 2973 1283 3023 per
1301 2963 1478 3015 omnia
1499 2965 1952 3025 obsecundautcs.
2026 2971 2180 3029 Sicut

610 3036 860 3092 nimirum
889 3043 1050 3098 etiam
1087 3048 1136 3101 in
1170 3049 1383 3114 Settim,
1439 3054 1806 3124 jungebantur
1858 3061 2180 3118 ltladianita—

609 3143 725 3181 rum
760 3131 874 3186 sive
899 3133 1251 3198 Moabitarum
1281 3143 1491 3200 liliabus
1523 3149 1612 3215 qui
1639 3165 1702 3203 ex
1733 3149 1970 3221 ASgypto
2025 3156 2177 3209 liberi

2286 1943 2509 2011 τρίους.
2547 1941 2991 2008 Ἐξολοθρεύσει
3034 1941 3252 2007 Κύριος
3288 1940 3394 1992 τεν
3423 1938 3709 2004 ἄνθρωπον
3739 1937 3821 1988 τὸν

2287 2033 2573 2086 ποιοῦντα
2618 2033 2832 2097 ταῦτα,
2866 2031 2975 2096 ἕως
3014 2031 3109 2085 καὶ
3153 2027 3487 2095 ταπεινωθῇ
3526 2028 3587 2080 ἐκ
3629 2040 3822 2092 σκηνω·

2280 2123 2483 2191 μάτων
2529 2121 2746 2184 Ἰακὼϐ,
2792 2121 2888 2174 καὶ
2929 2122 2996 2174 ἐκ
3050 2120 3481 2189 προσαγόντων
3523 2117 3718 2170 θυσίαν
3761 2113 3821 2178 τῷ

2287 2215 2485 2282 Κυρίῳ
2520 2212 2975 2280 παντοκράτσρι.

2359 2325 2502 2391 KG'.
2545 2323 2898 2394 Μεμισῆσθαί
2944 2340 3076 2393 φησι
3115 2324 3210 2376 τὸν
3249 2322 3468 2383 Ἰούδαν,
3495 2322 3552 2374 οὐ
3589 2319 3821 2390 παρ’ὲτέ-

2289 2432 2380 2484 pou
2406 2431 2496 2466 του
2527 2415 2634 2467 τῶν
2658 2413 2981 2482 ἀλλογενῶν,
3011 2413 3147 2467 ἀλλὰ
3183 2415 3318 2482 παρ’
3351 2411 3512 2466 αὑτοῦ
3545 2411 3630 2464 τοῦ
3664 2409 3820 2475 Ἰούδα,

2287 2505 2694 2576 βεϐηλὼσαντος
2732 2506 2821 2558 τὸν
2856 2506 3038 2575 νόμον,
3073 2505 3159 2558 διὰ
3211 2523 3278 2572 γε
3322 2504 3414 2556 τοῦ
3455 2501 3821 2574 προσκεκλίσθαι

2285 2597 2457 2664 φιλεῖν
2489 2600 2751 2664 γυναῖκας
2783 2596 3018 2658 ὀθνείας,
3047 2596 3141 2648 καὶ
3175 2594 3246 2648 τὰ
3283 2596 3500 2646 ἐκείνων
3534 2591 3723 2645 ἑλέσθαι
3749 2590 3823 2690 {q-

2282 2691 2418 2752 τεῖν,
2445 2687 2730 2756 ἀγαπῆσαί
2762 2702 2819 2738 τε
2848 2687 2946 2758 τὴν
2987 2687 3292 2740 ἀπόστασιν
3317 2686 3412 2756 τὴν
3454 2684 3552 2738 ἀπὸ
3589 2683 3670 2734 τοῦ
3695 2683 3820 2744 Θεοῦ,

2284 2777 2380 2830 καὶ
2415 2780 2531 2840 ταῖς
2574 2774 2682 2829 τῶν
2732 2775 2965 2829 εἰδώλων
3001 2775 3361 2846 προσκεῖσθαι
3407 2772 3680 2843 λατρείαις.
3718 2772 3822 2821 Ἀπ-

2286 2869 2604 2939 εκομίζοντο
2636 2869 2765 2940 γὰρ,
2791 2867 2867 2930 ὡς
2904 2868 3064 2939 ἔφην,
3096 2868 3233 2939 πρὸς
3262 2866 3420 2920 τοῦτό
3453 2882 3586 2927 τινες
3611 2865 3715 2924 ταῖς
3738 2878 3822 2913 πα-

2286 2962 2535 3032 ρανόμως
2572 2961 3048 3031 συνηρμοσμέναις
3084 2960 3366 3029 ἑπόμενοι,
3393 2957 3483 3011 καὶ
3511 2959 3612 3020 τοῖς
3640 2953 3823 3056 ἐκείνων

2285 3051 2548 3122 θελήματι
2600 3052 2774 3105 πάντα
2814 3051 3048 3113 σείοντες
3100 3051 3306 3104 κάλων.
3373 3048 3626 3116 Καθάπερ
3667 3044 3820 3113 ἀμέλει

2285 3142 2378 3193 καὶ
2411 3143 2468 3193 έν
2519 3141 2754 3202 Σεττεὶν,
2808 3141 3146 3210 συνήπτοντο
3209 3140 3311 3209 μὲν
3364 3142 3479 3200 ταῖς
3526 3138 3821 3190 Μαδιανιτῶν

608 3220 858 3290 exibant;
894 3227 982 3292 qui
1014 3230 1172 3296 paulo
1198 3243 1314 3301 post
1339 3249 1402 3288 eo
1437 3237 1775 3294 delirationis
1806 3252 1858 3295 et
1886 3244 2181 3311 impietatis

2284 3233 2402 3304 ἤτοι
2432 3232 2739 3285 Μωαϐιτῶν
2774 3235 3018 3300 γυναιξὶν
3054 3234 3101 3284 οἱ
3135 3233 3193 3295 ἐξ
3230 3231 3502 3300 Αἰγύπτου
3533 3225 3822 3298 λελυτρωμέ-

608 3311 881 3381 abierunt,
909 3329 966 3371 ut
995 3323 1520 3381 etiaminitiarentur
1557 3330 1916 3402 D-eelpltegor.
1957 3335 2185 3406 Propter

611 3401 750 3457 istud
783 3405 985 3461 crimen
1019 3411 1198 3466 miseri
1227 3417 1568 3485 perierunt".
1601 3420 1783 3488 Itaque
1814 3425 2182 3480 universontm

615 3490 754 3548 Deus
789 3496 901 3551 bare
933 3499 1217 3557 facientem
1247 3516 1296 3560 et
1331 3523 1551 3576 operum
1590 3514 1724 3567 adeo
1754 3515 2058 3570 illicitorum
2084 3521 2186 3572 im-

611 3583 694 3650 pie
718 3590 1016 3646 studiosum
1043 3608 1389 3668 exsecratur;
1416 3612 1468 3654 et
1489 3605 1532 3657 si
1558 3606 1772 3673 quidem
1816 3607 1975 3662 fuerit
2006 3611 2069 3664 de
2089 3627 2182 3680 po-

608 3677 751 3745 pulo,
783 3682 952 3738 donec
983 3690 1375 3746 exterminetur
1401 3708 1431 3747 a
1473 3696 1836 3752 tabernaculis
1862 3698 2055 3762 Israel,
2084 3704 2184 3756 hoc

607 3777 710 3832 est,
737 3773 906 3828 donec
937 3775 1176 3834 funditus
1226 3767 1432 3851 pereat,
1462 3795 1516 3840 et
1544 3803 1609 3841 ne
1650 3790 1927 3844 exstitisse
1962 3794 2183 3860 quidem

608 3862 836 3932 amplius
869 3868 1094 3926 sciatur.
1130 3873 1184 3926 Si
1211 3877 1333 3942 quis
1364 3887 1545 3930 autem
1575 3879 1640 3932 de
1697 3881 1887 3936 ordine
1927 3885 2184 3939 sacerdo-

608 3960 720 4004 tum
757 3954 940 4022 fuerit,
969 3960 1140 4016 donec
1171 3965 1483 4022 bumilietur
1505 3985 1570 4024 ex
1599 3972 1682 4026 liis
1709 3974 1795 4041 qui
1837 3974 2072 4030 offerunt
2099 3995 2182 4033 sa-

608 4044 871 4117 critic-inm
894 4052 1122 4112 Domino
1149 4059 1531 4129 omnipotenti,
1569 4065 1619 4118 id
1660 4077 1764 4135 est,
1785 4070 1953 4126 donec
1999 4082 2184 4140 pereat

607 4145 660 4190 et
702 4153 732 4193 e
775 4145 1016 4216 catalogo
1064 4153 1406 4208 sacerdotum
1459 4170 1815 4230 expungatur.
1874 4162 1985 4218 Una
2039 4167 2181 4220 enim

605 4231 918 4289 sacerdotes
968 4239 1208 4307 quidam,
1270 4253 1326 4298 ιιι
1379 4248 1507 4314 dixi,
1551 4265 1671 4305 cum
1717 4253 1839 4309 aliis
1893 4257 2079 4312 eodem
2125 4274 2184 4314 se

604 4319 814 4385 piaculo
843 4339 950 4392 quo
1017 4332 1243 4398 pepulus
1295 4336 1729 4406 obstrinxerunt,
1791 4346 2184 4416 mulierumque

607 4416 1013 4482 peregrinarum
1041 4427 1212 4478 amori
1244 4432 1684 4499 succumbentes,
1716 4438 1940 4492 oracula
1995 4440 2181 4495 divina

607 4514 824 4564 prorsus
859 4507 1272 4575 vitipendcrunt.

677 4759 939 4826 Quocirca
976 4767 1018 4822 si
1052 4771 1366 4831 maledictus
1397 4789 1478 4833 est
1505 4783 1592 4850 qui
1626 4784 1789 4840 Deum
1822 4788 2000 4843 irritat
2031 4808 2185 4846 mnu-

606 4851 883 4924 dauasquc
911 4861 1131 4917 delicias
1161 4864 1276 4933 ejus
1297 4869 1463 4938 jussis
1500 4876 1758 4943 prazferre
1791 4895 1895 4934 non
1929 4881 2182 4938 reformi-

605 4944 716 5009 dat,
747 4962 812 5001 ne
831 4949 1082 5007 virtutem
1109 4971 1496 5030 aspernemur;
1531 4968 1643 5031 sed,
1667 4967 1769 5022 illis
1801 4971 2021 5027 omnino
2049 4989 2182 5036 con-

608 5041 844 5106 templis,
902 5045 1214 5102 annitamur
1248 5054 1424 5120 potius
1462 5062 1795 5115 ornamentis
1858 5064 2182 5122 obedientite

605 5129 810 5185 animas
840 5144 1050 5192 nostras
1082 5130 1373 5198 illustrare.
1397 5145 1485 5201 Sic
1511 5150 1654 5202 enim
1704 5167 1732 5204 a
1765 5153 2049 5211 maledicto
2075 5156 2179 5211 im-

607 5237 794 5278 muttes
825 5241 888 5279 ac
916 5227 1115 5286 liberos
1166 5248 1229 5287 ex
1273 5241 1684 5298 mansuetudine
1736 5259 1830 5298 sua
1877 5246 2030 5302 bonis
2082 5266 2180 5306 nos

605 5315 978 5375 universorum
1010 5321 1267 5382 Dominus
1301 5332 1586 5400 saginabit.
1737 5334 1746 5344 ’

676 5515 838 5573 Vsus.
878 5524 958 5578 l5.
994 5526 1056 5580 Et
1109 5530 1218 5584 Itwc
1246 5550 1362 5597 qua:
1391 5535 1600 5588 oderam
1637 5538 1932 5605 faciebatis.
1959 5544 2175 5609 Θρονίο-

604 5607 736 5663 (tatis
767 5609 1013 5683 larrgmis
1039 5624 1205 5674 altare
1242 5622 1474 5690 Domini,
1526 5638 1574 5680 et
1636 5629 1849 5696 planctu
1909 5642 1957 5686 et
1985 5607 2176 5702 gratim

677 5793 718 5822 "
745 5793 760 5848 Ι
791 5794 911 5849 Cor.
951 5816 1022 5861 γι,
1065 5803 1160 5865 ll;
1242 5802 1279 5856 ll
1309 5804 1435 5858 Cur.
1461 5823 1531 5869 ιγ,
1591 5807 1668 5860 l3.

1748 5812 1792 5840 "
1830 5809 1992 5863 Ειιίί.
2037 5827 2154 5874 \ltl,
2188 5812 2229 5862 l.

2288 3340 2386 3374 νοι.
2418 3321 2767 3376 Κατῶλισθον
2795 3323 2851 3374 δὲ
2885 3323 3023 3374 κατὰ
3065 3322 3239 3392 βραχὺ
3273 3322 3462 3392 ληρίας
3495 3322 3568 3383 εἰς
3591 3318 3728 3371 τοῦτο
3750 3315 3822 3367 καὶ

2287 3413 2508 3477 ἀνοσίας
2554 3415 2779 3485 φρενὸς,
2822 3413 2961 3466 ὥστε
3001 3415 3092 3466 καὶ
3134 3415 3455 3484 τελεσθῆναι
3508 3411 3580 3483 τῷ
3629 3410 3819 3513 Βεελιρε-

2286 3501 2422 3574 γώρ.
2450 3503 2665 3572 Ταύτης
2702 3505 2866 3556 ’ἑνεκα
2898 3506 2996 3570 τῆς
3039 3504 3221 3567 αἰτίας
3253 3507 3301 3557 οἱ
3351 3503 3569 3565 τάλανες
3613 3496 3820 3553 διολώλα-

2289 3611 2392 3646 σιν.
2430 3595 2730 3665 Ἐπαρᾶται
2763 3595 2827 3664 δὴ
2857 3591 2949 3648 οὖν
2975 3598 3002 3648 ὁ
3037 3596 3146 3648 τῶν
3174 3597 3313 3648 ὅλων
3341 3595 3468 3658 Θεὸς
3500 3595 3584 3646 τὸν
3612 3591 3819 3644 ποιοῦντα

2285 3686 2456 3738 ταῦτα
2487 3689 2580 3740 καὶ
2602 3688 2710 3739 τῶν
2738 3686 2908 3751 οὕτως
2931 3689 3179 3741 ἐκτόπων
3206 3689 3615 3759 ἐγχειρημάτων
3636 3681 3819 3741 ἀνοσίως

2287 3781 2670 3852 ἐπιτηδευτήν·
2706 3783 2796 3834 καὶ
2830 3783 2985 3858 εἴπερ
3017 3797 3100 3845 τις
3136 3782 3224 3852 εἴη
3259 3782 3428 3835 τελῶν
3472 3783 3526 3832 ἐν
3562 3778 3710 3838 λαοῖς,
3739 3773 3820 3832 ἕως

2286 3868 2350 3920 ἂν
2396 3870 2689 3941 ὀλοθρευθῇ
2735 3874 2799 3924 ὲκ
2847 3873 3224 3943 σκηνωμάτων
3273 3871 3516 3944 Ἰσραὴλ,
3565 3865 3817 3924 τουτέστιν,

2285 3959 2390 4024 ἓως
2419 3961 2482 4014 ἂν
2514 3961 2777 4028 ὀλοτελῶς
2808 3965 3095 4019 ἀπόλλοιτο
3133 3966 3227 4018 καὶ
3274 3965 3372 4036 τὴν
3413 3961 3504 4015 τοῦ
3543 3955 3818 4053 γεγενῆξθαι

2289 4053 2510 4123 μνήμην
2542 4053 2927 4125 ζημιούμενος.
2955 4057 3016 4108 Εἰ
3053 4058 3115 4126 δή
3145 4073 3230 4119 τις
3273 4055 3362 4124 εἴη
3391 4053 3496 4107 τῶν
3524 4046 3818 4117 τεταγμένων

2285 4147 2364 4205 εἰς
2411 4146 2770 4215 ἱερουργείαν,
2799 4147 2904 4211 ἕως
2940 4149 3004 4202 ἂν
3033 4148 3352 4218 ταπεινωθῇ
3386 4149 3450 4200 ἐκ
3492 4141 3820 4214 προσαγόντων

2286 4234 2474 4288 Θυσίαν
2507 4235 2587 4306 τῷ
2619 4238 2808 4309 Κυρίῳ
2849 4241 3278 4311 παντοκράτορι,
3315 4239 3579 4300 τουτέστι,
3610 4235 3744 4303 ἄχρις
3769 4226 3818 4280 ἂν

2285 4327 2569 4384 ἀπόλλοιτο
2599 4330 2691 4380 καὶ
2717 4330 2823 4381 τῶν
2850 4331 3136 4401 ίερατικῶν
3167 4334 3509 4402 ἐκπέμποιτο
3532 4325 3814 4390 καταλόγων.

2285 4421 2729 4491 Συγκατώλισοον
2757 4423 2865 4493 γὰρ
2888 4427 2999 4485 τοῖς
3026 4425 3202 4488 ἄλλοις
3234 4426 3330 4477 καὶ
3357 4424 3462 4476 τῶν
3495 4420 3666 4491 ἱερέων
3687 4428 3814 4474 τινες,

2284 4515 2359 4578 ὡς
2384 4515 2540 4584 ἔφην,
2559 4516 2637 4576 εἰς
2659 4515 2727 4567 τὰ
2749 4514 2891 4568 λαῶν
2913 4517 3256 4587 ἐγκλήματα,
3282 4518 3376 4570 καὶ
3399 4513 3621 4584 γυναίων
3640 4505 3815 4560 ὀθνείων

2219 4596 2262 4648 Ῑ)
2290 4607 2550 4676 ἡττῶντο,
2582 4607 2687 4659 τῶν
2733 4605 2892 4661 θείων
2929 4609 3422 4680 χρησμῳδημάτων
3458 4605 3669 4658 είοάπαν
3694 4600 3813 4668 ﬁeri?

2290 4697 2534 4766 δηκότες.

2360 4790 2565 4842 Οὐκοῦν
2599 4794 2646 4843 εἶ
2686 4792 2958 4862 ἐπάρατος
2985 4792 3012 4842 ὁ
3058 4789 3411 4859 παροτρύνων
3444 4785 3572 4840 Θεὸν
3609 4782 3692 4835 καὶ
3728 4776 3813 4880 τοῖς

2291 4880 2419 4950 παρ’
2451 4881 2615 4933 αὑτοῦ
2659 4881 3019 4952 θεσπίσμασιν
3062 4879 3378 4948 ἁντεξάγειν
3427 4879 3694 4946 ὲπιχειρων
3738 4878 3812 4924 τας

2286 4972 2342 5021 ἐν
2375 4970 2565 5040 κόσμῳ
2597 4973 2826 5041 τρυφὰς,
2859 4973 2932 5043 μὴ
2965 4970 3362 5042 παραιτώμεθα
3393 4968 3486 5038 τὴν
3519 4961 3715 5057 ἀρετὴνξ

2285 5062 2441 5130 λόγος
2482 5064 2582 5133 μὲν
2631 5066 2854 5117 ἐκείνων
2888 5065 3126 5135 γενέσθω
3178 5063 3386 5134 μηδεὶς,
3433 5051 3747 5124 ἐπειγώμεθα
3762 5043 3810 5147 ξιξ

2289 5155 2487 5224 μᾶλλον
2527 5158 2636 5218 τοῖς
2680 5158 2756 5219 εἰς
2807 5157 3117 5210 εὐπείθειαν
3177 5157 3460 5225 αὐχήμασι
3515 5149 3605 5212 τὰς
3645 5147 3810 5242 είςιυτιιδῖι

2285 5248 2740 5318 καταφαιδρύνειν
2800 5249 2997 5320 ψυχάς.
3057 5249 3427 5320 Ἀπρακτήσει
3475 5245 3576 5313 γὰρ
3609 5239 3728 5327 οὕτω
3758 5228 3810 5327 ἔξ

2288 5339 2447 5406 πᾶς’
2477 5337 2572 5391 καὶ
2601 5340 2714 5400 τοῖς
2760 5337 2818 5402 ἐξ
2869 5340 3004 5402 ἰδέοις
3050 5338 3385 5408 ἡμερότητος
3434 5330 3638 5400 ἀγαθοῖς
3670 5325 3694 5376 ὁ
3723 5333 3808 5370 των

2289 5428 2422 5480 ὅλων
2462 5430 2604 5499 ἡμᾶς
2638 5434 2963 5485 καταπιανεῖ
2999 5431 3294 5500 Δεσπότης.

2359 5543 2466 5596 Καὶ
2518 5541 2702 5596 ταῦτα
2759 5542 2796 5596 ἂ
2839 5545 3093 5613 ἐμίσουν
3147 5540 3414 5597 ἐποιεῖτε.
3471 5529 3807 5622 Ἐκαλύπῖεξε

2287 5635 2539 5703 δάκρυσι
2574 5635 2638 5688 τὸ
2680 5636 3112 5706 θυσιαστήριον
3151 5636 3388 5704 Κυγιου,
3425 5628 3514 5683 καὶ
3553 5619 3802 5684 κλαυθμφι

2309 5811 2350 5840 ²³
2392 5811 2547 5866 Nam.
2585 5828 2708 5877 κη,
2748 5813 2763 5865 l
2805 5829 2955 5882 seqq.
