4026 6276
292 210 396 272 διδ

1141 209 1693 266 COMMENTARIUS
1732 209 1798 264 IN
1844 195 2249 266 MALACHIAM
2291 207 2734 263 PBOPHETAM.

3437 208 3542 267 526

291 324 568 394 γαμήσας,
602 284 905 392 μοιχὲται.»
940 322 1248 394 Ἐρομένοις
1273 327 1330 380 δὲ
1353 328 1465 389 τοῖς
1496 324 1865 379 Σαδδουκαίων

1977 323 2168 378 chatur
2195 323 2258 377 ³¹.
2296 342 2314 374 ι
2345 321 2809 393 lnterrogantibus
2833 317 3348 378 autem'Sadducteis
3363 325 3543 379 curio-

294 415 705 485 φιλοςητηταῖς·
742 434 760 465 t
805 414 945 467 Ἀνθ’
966 416 1321 487 ὄτουΜωσῆς
1348 417 1650 471 ἐνετείλατο
1685 416 1867 469 δοῦναι

298 504 495 576 βιϐλίον
546 502 878 556 ἀποστασίου
913 503 1006 556 καὶ
1053 504 1490 559 ἀπαλλάττεσθαι
1527 504 1815 576 γυναικόςς
1844 522 1861 555 ι

297 570 394 664 ἐφη
429 593 592 648 πάλιν
613 611 626 624 ο
663 612 680 645 ι
712 594 832 646 Ὂτι
866 593 1073 662 Μωσῆς
1105 594 1204 664 μὲν
1239 597 1374 665 πρὸς
1403 595 1501 666 τὴν
1536 570 1870 666 σκληροκαρ-

296 687 407 739 δίαν
441 686 595 754 ὑμῶν
629 685 963 738 ἐνετείλατο⁸
1000 686 1095 737 ἀπ’
1131 686 1308 755 ἀρχῆς
1339 687 1394 738 δὲ
1430 687 1488 738 οὐ
1521 685 1740 754 γέγονεν
1778 685 1878 738 οὖς-

295 794 429 839 τως·
458 780 486 830 ὁ
532 776 639 844 γὰρ
671 777 908 840 πλάσας,
955 778 1121 848 ἄρσεν
1161 779 1253 830 καὶ
1284 776 1416 846 θῆλυ
1463 778 1717 848 ἐποίησεν
1766 779 1864 830 αὑ-

294 868 434 931 τούς.
467 869 534 921 Ὃ
581 864 674 921 οὖν
705 867 835 930 θεὸς
882 868 1216 933 συνέζευξεν,
1263 867 1546 937 ἄνθρωπος
1583 869 1656 938 μὴ
1701 885 1867 938 χωρι-

296 958 449 1023 ζέτω.
466 977 484 1009 ι
509 987 577 997 —
599 958 740 1010 «Καὶ
764 958 1071 1026 φυλάξασθε
1089 961 1145 1011 ἐν
1174 957 1252 1028 τῷ
1281 957 1549 1029 πνεύματι
1580 959 1752 1029 ὑμῶν,
1777 960 1868 1012 καὶ

295 1052 352 1103 οὐ
381 1049 454 1119 μὴ
483 1049 941 1118 ἐγκαταλίπητε.»
977 1049 1082 1102 Τοῦ
1115 1049 1277 1119 νόμου
1309 1050 1365 1102 δὲ
1403 1049 1587 1117 σαφῶς
1621 1050 1716 1103 καὶ
1747 1051 1870 1103 ἀνα-

297 1139 489 1207 φανδὸν
526 1139 936 1208 διηγορευκότος
985 1137 1181 1202 ἐξεῖναι
1213 1141 1324 1202 τοῖς
1367 1139 1608 1191 ἐθέλουσι
1646 1140 1869 1209 προσρί-

296 1247 446 1282 πτειν
495 1233 618 1292 ταῖς
662 1229 1138 1299 συνηρμοσμέναις
1169 1228 1372 1298 βιϐλίον
1403 1231 1734 1282 ἀποστασίου
1777 1232 1869 1283 καὶ

295 1320 639 1390 ἀνεγκλήτως
659 1319 1090 1372 ἀπαλλάττεσθαι
1115 1319 1216 1388 τῆς
1240 1322 1668 1390 συνῳκισμένης,
1697 1320 1868 1374 ἐδόκει

296 1429 408 1475 πως
443 1411 828 1482 ἀντιφέρεσθαι
855 1415 966 1475 τοῖς
996 1411 1160 1464 πάλαι
1190 1412 1632 1481 τεθεσπισμένοις
1655 1411 1742 1464 διὰ
1773 1411 1870 1480 τῆς

293 1502 383 1555 τοῦ
438 1505 716 1571 προφήτου
761 1503 971 1571 φωνῆς,
1011 1502 1234 1570 ἄγοντος
1276 1503 1378 1556 ὑπὸ
1423 1502 1577 1571 δίκην
1637 1504 1729 1554 καὶ
1758 1519 1864 1555 παι

294 1593 556 1664 ρανομίας
611 1592 860 1662 ἔγκλημα
929 1594 1374 1665 καταγράφοντος
1427 1594 1518 1645 τοῦ
1561 1593 1865 1662 τολμῶντος

1971 416 2084 471 sis:
2123 434 2141 467 ι
2183 414 2318 481 Quid
2349 430 2476 483 ergo
2509 415 2784 468 mandavit
2815 412 2990 467 Moses
3025 415 3156 468 dare
3189 414 3423 469 libellum
3458 429 3541 468 re-

1969 507 2115 577 pudii
2141 517 2192 561 et
2214 507 2485 562 dimittere
2502 505 2761 560 uxorem?
2779 506 3052 573 respondit
3074 524 3086 559 :
3107 505 3281 560 Moses
3322 514 3543 575 propter

1969 598 2222 654 duritiam
2247 598 2428 652 cordis
2459 597 2619 652 vestri
2651 598 2750 652 hoc
2773 598 3014 666 permisit
3039 615 3052 662 ;
3074 599 3138 651 ab
3169 597 3326 652 initio
3361 609 3540 653 autem

1969 703 2074 742 non
2097 699 2212 742 erat
2237 688 2346 753 sic;
2374 687 2599 742 Creator
2630 688 2774 742 enim
2820 686 3118 741 masculum
3172 698 3227 740 et
3285 687 3539 742 feminam

1970 775 2098 830 fecit
2151 793 2265 831 eos.
2296 777 2447 843 Quod
2506 777 2669 846 igitur
2713 775 2856 830 Dens
2904 776 3204 844 conjunxit,
3257 775 3418 832 homo
3476 793 3544 833 ne

1970 877 2183 936 separet
2213 869 2279 921 ".
2331 867 2612 922 Custodite
2663 867 2778 922 illas
2809 867 2860 919 in
2901 868 3092 935 spiritu
3126 878 3322 931 vestro,
3371 877 3425 921 et
3475 883 3542 924 ne

1971 959 2276 1028 relinquite.
2344 959 2634 1021 Caeterum,
2659 973 2781 1011 cum
2815 957 2898 1010 lex
2923 967 3106 1024 aperte
3147 967 3202 1013 et
3260 956 3545 1013 manifeste

1970 1054 2174 1104 sanciat
2211 1049 2371 1102 licere
2395 1049 2696 1103 volentibus
2720 1048 2989 1116 objectare
3021 1048 3254 1102 libellum
3307 1051 3542 1117 repudii,

1969 1143 2210 1210 citraque
2241 1140 2711 1208 reprehensionem
2767 1154 2962 1193 uxores
3009 1141 3300 1203 dimittere,
3335 1140 3546 1192 videtur

1970 1234 2120 1301 quasi
2141 1232 2359 1298 antiquo
2373 1230 2593 1285 oracqu
2617 1244 2912 1298 repugnare
2932 1245 3029 1281 vox
3049 1229 3343 1296 prophetas.
3365 1243 3540 1296 paena:

1970 1320 2307 1388 subjicientis
2337 1330 2392 1374 et
2427 1319 2724 1388 iniquitatis
2783 1319 2988 1372 crimen
3047 1319 3394 1386 impingentis
3444 1335 3545 1372 au~

1970 1412 2117 1467 denti
2139 1413 2339 1466 ducere
2361 1426 2584 1464 uxorem
2605 1421 2658 1463 et
2676 1410 2937 1476 separari.
2953 1404 3428 1464 Providentissime
3449 1409 3544 1479 igi-

1974 1515 2059 1559 tur
2082 1503 2165 1557 his
2188 1504 2364 1558 verbis
2381 1502 2613 1555 ostendit
2638 1501 2898 1569 propheta
2923 1499 3229 1552 mandatum
3258 1510 3411 1552 vetus
3435 1515 3539 1553 non

1973 1609 2092 1648 esse
2117 1594 2371 1663 quiddam
2394 1593 2651 1657 otiosum,
2679 1606 2777 1645 nec
2804 1591 2984 1644 sinere
3011 1600 3064 1644 ut
3101 1591 3236 1642 hanc
3261 1590 3361 1644 sibi
3383 1605 3542 1644 occa-

291 1684 588 1754 προσάγειν
636 1683 730 1734 καὶ
775 1683 1233 1751 ἀπονοσφίζεσθαι
1270 1685 1547 1751 γυναικός.
1583 1686 1868 1755 Οίκονομι-

1975 1688 2181 1739 sionem
2218 1686 2477 1738 scelerate
2517 1684 2746 1736 faciendi
2802 1683 3020 1751 quidam
3084 1683 3373 1749 accipiant.
3427 1680 3540 1733 Non

290 1773 510 1827 κὼτατα
537 1772 714 1824 τοίνυν
740 1772 828 1824 διὰ
857 1769 965 1823 τῶν
1001 1772 1412 1843 προσκειμένων
1440 1772 1560 1825 οὔτε
1591 1774 1869 1844 ἄπρακτον

289 1864 582 1931 ἀποφαίνει
630 1862 726 1932 τὴν
759 1861 987 1932 ἀρχαίαν
1034 1862 1272 1931 ἐντολὴν,
1317 1861 1440 1915 οὔτε
1491 1863 1596 1934 μὴν
1642 1864 1868 1916 ἀνοσίων

289 1954 706 2026 ἐγχειπμάτων
749 1954 916 2023 αὐτὴν
957 1953 1226 2006 ποιεῖσθαι
1272 1955 1546 2023 πρόφασιν
1590 1955 1874 2027 ἐπιτρέπει

279 2033 446 2100 τισίν.
478 2048 553 2099 Οὐ
585 2046 693 2115 γὰρ
726 2043 1040 2118 ἐπειδήπερ,
1085 2046 1266 2115 φησὶν,
1309 2046 1512 2114 ἐφῆκεν
1539 2049 1566 2098 ὁ
1609 2046 1770 2115 νόμος
1797 2046 1874 2098 δί-

289 2139 479 2191 δοσθαι
517 2139 578 2190 τὸ
615 2137 836 2206 βιϐλίον,
865 2137 954 2188 διὰ
992 2135 1151 2188 τοῦτο
1190 2136 1283 2188 καὶ
1319 2135 1600 2188 autem;
1643 2121 1874 2199 διδόντες

289 2231 480 2299 ὑμεῖς,
525 2231 613 2282 ἵνα
655 2231 774 2290 ταῖς
821 2227 1138 2296 ἀλλοφύλοις
1185 2226 1545 2297 προσκέοισθε
1606 2227 1872 2295 γυναιξὶν,

288 2319 398 2372 ἀλλ’
425 2321 482 2370 εί
510 2320 601 2370 καὶ
636 2319 844 2383 ἔξεστιν
878 2319 1178 2386 ἀποστῆναι
1226 2318 1471 2383 γυναίου,
1503 2319 1596 2372 καὶ
1623 2320 1876 2387 νομικαῖς

1976 1775 2139 1838 enim,
2176 1774 2373 1842 inquit,
2395 1775 2650 1842 quttniam
2678 1774 2922 1840 permisit
2943 1773 3092 1826 vobis
3123 1771 3206 1824 lex
3230 1772 3358 1824 dare
3395 1770 3545 1824 libel-

1975 1863 2086 1918 lum
2110 1850 2339 1933 repudii,
2370 1864 2489 1918 ideo
2507 1873 2658 1918 extra
2689 1862 2898 1931 culpam
2925 1863 3080 1926 estis,
3113 1863 3201 1929 qui
3229 1862 3430 1916 idcirco
3456 1861 3550 1914 da-

1971 1957 2040 2011 tis
2100 1965 2312 2010 ntcnm
2340 1955 2530 2009 alienis
2581 1955 2926 2024 copulemini.
3008 1954 3114 2007 Sed
3166 1953 3414 2022 quamvis
3480 1952 3548 2008 ab

1971 2048 2429 2104 uxorediseedere
2454 2047 2633 2110 liceat,
2669 2047 2829 2117 idque
2884 2046 2999 2115 lege
3048 2047 3400 2114 approbante,
3452 2059 3548 2099 ca-

1971 2149 2297 2194 vetetamen
2336 2157 2355 2190 t
2389 2139 2441 2193 in
2471 2139 2664 2208 spiritu
2724 2147 2902 2191 vestro
2927 2131 2930 2136 ’
2954 2136 3260 2204 relinquere
3317 2151 3542 2190 uxorem

1975 2230 2351 2284 adolescentia:
2373 2239 2588 2284 vestrae.
2630 2248 2648 2280 ι
2690 2228 2802 2283 Hoc
2835 2227 2976 2282 enim
3034 2235 3274 2296 prmsmt,
3335 2227 3547 2282 etiamsl

1971 2319 2058 2374 lex
2090 2320 2380 2375 divortium
2439 2320 2744 2390 volentibus
2769 2318 3071 2372 indulserit.

286 2407 440 2459 τοῦτο
491 2406 818 2478 πράττεσθαι
848 2405 1067 2477 ψήφοις,
1102 2405 1405 2475 φυλάξασθε
1457 2427 1475 2458 t
1507 2408 1565 2460 ἐν
1633 2409 1900 2478 πνεύματι
1940 2408 2093 2480 ὑμῶν
2119 2410 2178 2462 τὸ
2203 2409 2525 2478 καταλεῖψαι
2584 2411 2816 2478 γυναῖκα
2841 2408 2939 2477 τὴν
2962 2407 3027 2459 ἐκ
3051 2406 3352 2476 νεότητος.»
3380 2405 3550 2459 Τοῦτο

286 2499 390 2570 γὰρ
430 2498 678 2568 ἄμεινον,
723 2497 815 2550 καὶ
858 2500 1056 2567 ἐφῆκεν
1085 2499 1112 2550 ὁ
1139 2498 1299 2568 νόμος
1337 2501 1448 2560 τοῖς
1481 2497 1723 2550 ἐθέλουσι
1765 2498 1862 2569 τὴν
1901 2502 2220 2554 ἀπόστασιν.

365 2617 528 2668 Ἀλλ’
549 2615 657 2667 ἐὰν
681 2608 954 2681 ,ιῖισήσας
985 2612 1439 2680 ἑξαποστείλῃς,
1470 2611 1626 2682 λέγει
1655 2614 1872 2682 Κύριος

286 2709 316 2758 ό
352 2705 505 2769 Θεὸς
544 2702 802 2772 Ἰσραήλ.

349 2817 492 2870 Κθθ.
537 2816 842 2878 Τουτέστιν,
869 2817 916 2867 εί
949 2814 1180 2884 πιθανὴν
1218 2813 1311 2867 καὶ
1338 2813 1646 2883 εὐάφορμον
1686 2814 1867 2867 ποιού-

286 2925 440 2977 μενος
484 2904 582 2976 τὴν
628 2904 963 2974 ἀποπομπὴν
1002 2903 1077 2974 τῷ
1113 2903 1299 2972 βιϐλίῳ
1348 2905 1738 2975 προσγράψας,
1785 2907 1866 2958 ὅτι

290 2997 616 3068 μεμίσηκὰς
647 3011 706 3046 τε
737 3010 832 3046 και
875 2995 1202 3048 ἀπεστείλω.

356 3107 462 3160 Καὶ
492 3105 758 3171 καλύψει
794 3103 1037 3158 ἀσέϐεια
1071 3102 1168 3156 ἐπὶ
1194 3101 1265 3154 τὰ
1306 3101 1690 3169 ἐνθυμήματὰ
1729 3118 1865 3163 σου,

286 3197 441 3265 λέγει
500 3197 719 3262 Κύριος
769 3192 1209 3261 παντοκράτωρ,
1265 3192 1362 3244 καί
1399 3191 1744 3259 φυλάξεσθε
1801 3191 1870 3243 ἐν

288 3285 362 3351 τῷ
389 3286 687 3353 πνεύματι
718 3282 900 3351 ὑμῶν,
929 3282 1027 3335 καὶ
1053 3285 1122 3335 οὐ
1157 3281 1242 3350 μὴ
1272 3281 1724 3349 ἐγκαταλίπητε.

356 3397 432 3449 A’.
475 3393 800 3453 Τουτέστιν,
846 3392 894 3442 εί
939 3391 1279 3460 περιγένοιτο
1323 3389 1433 3442 τῶν
1477 3388 1586 3442 σῶν
1617 3389 1870 3459 ἐνθυμη-

291 3485 468 3555 μάτων
512 3482 718 3552 ἀσεϐὴς
759 3483 852 3535 καὶ
902 3481 1126 3550 βέϐηλος
1163 3484 1195 3552 ή
1235 3481 1400 3552 δορά,
1449 3483 1541 3534 καὶ
1598 3482 1868 3552 πρόφασις

289 3578 383 3646 μὲν
413 3576 606 3630 είκαία
633 3577 692 3628 τὸ
727 3574 952 3646 μισῆσαί
996 3578 1160 3639 ἐστιν,
1189 3574 1414 3644 εὑρίσκῃ
1450 3573 1505 3624 δὲ
1537 3574 1636 3642 τῆς
1668 3575 1870 3643 ἐτέρων

287 3669 427 3739 ὥρας
456 3667 772 3737 ἡττώμενος
804 3667 897 3718 καὶ
937 3665 1177 3733 γυναίοις
1204 3667 1315 3726 τοῖς
1344 3663 1571 3727 ὀθνείοις
1612 3665 1870 3734 προσκεῖ-

288 3759 404 3812 σθαι
437 3760 636 3822 θέλων,
679 3777 696 3808 ι
726 3755 974 3827 φύλαξαι,
1009 3757 1082 3826 μὴ
1113 3755 1506 3826 ἐγκαταλίπῃς,
1536 3775 1553 3806 ι
1588 3757 1619 3826 ἦ
1662 3757 1870 3824 ἐπάρα-

283 3866 369 3912 τος
417 3849 522 3919 ἔσῃ
567 3848 745 3916 πάντη
788 3864 846 3899 τε
893 3847 987 3898 καὶ
1033 3846 1268 3907 πάντως,
1313 3845 1458 3914 Ἔφη
1509 3845 1652 3914 γάρ·
1697 3863 1714 3894 ι
1747 3845 1868 3896 Ὅτι

287 3942 663 4012 ἐξολοθρεύσει
719 3938 922 4009 Κύριος
979 3937 1070 3989 τὸν
1126 3935 1412 4006 ἄνθρωπον
1464 3938 1556 3988 τὸν
1610 3935 1871 3989 ποιοῦντα

287 4033 476 4096 ταῦτα,
505 4033 623 4093 ἕως·
644 4030 738 4085 καὶ
772 4028 1079 4096 ταπεινωθῇ
1120 4029 1183 4079 ἐκ
1218 4026 1590 4096 σκηνωμάτων
1634 4027 1866 4097 Ἰσραὴλ,

287 4123 347 4173 ἐκ
379 4121 766 4191 προσαγόντων
799 4117 990 4170 θυσίαν
1022 4117 1208 4186 Κυρίῳ
1252 4118 1674 4186 παντοκράτορι.
1706 4134 1724 4166 ι
1761 4117 1870 4169 Καὶ

286 4213 438 4265 ταυτὶ
479 4213 578 4282 μὲν
623 4212 743 4262 ὅσον
771 4211 850 4271 είς
892 4207 1107 4277 ἐμφανῆ
1135 4224 1193 4259 τε
1238 4208 1332 4260 καὶ
1366 4207 1657 4276 πρόχειρον
1691 4206 1866 4273 λόγον.

2051 2617 2214 2670 Vens.
2254 2616 2334 2670 l6.
2369 2615 2476 2670 Sed
2495 2613 2540 2668 si
2573 2613 2694 2668 odio
2717 2613 2910 2668 habens
2935 2610 3226 2676 dimiseris,
3264 2612 3391 2665 dicit
3434 2610 3539 2663 Do-

1976 2688 2144 2740 minus
2170 2687 2310 2739 Deus
2330 2685 2517 2738 Israel.

2046 2817 2236 2875 XXIX.
2271 2819 2380 2873 Hoc
2406 2827 2510 2885 est,
2543 2819 2585 2873 si
2607 2818 2933 2888 probabilem
2964 2817 3166 2872 faciens
3202 2825 3254 2870 et
3282 2817 3423 2884 jnsta
3449 2831 3545 2871 oc-

1974 2910 2391 2963 casionenatam
2416 2910 2789 2964 dimissionem
2821 2908 3069 2963 indicans
3098 2909 3435 2976 ascripseris,
3497 2921 3548 2962 to

1902 2984 1943 3041 C
1977 3001 2250 3064 odisse,et
2289 3000 2365 3053 ita
2406 3001 2703 3054 dimittere.

2044 3109 2202 3162 Vens.
2232 3110 2315 3163 l6.
2344 3109 2508 3181 847
2534 3110 2596 3162 Et
2625 3110 2816 3175 aperiet
2839 3109 3076 3176 impietas
3092 3125 3249 3176 super
3268 3109 3544 3177 cogitatio-

1972 3215 2060 3252 nes
2086 3209 2227 3262 tuas,
2271 3201 2395 3251 dicit
2442 3199 2698 3252 Dominus
2741 3199 3091 3265 omnipotens,
3118 3207 3165 3251 et
3211 3199 3465 3252 custodite
3492 3199 3548 3252 in

1971 3290 2158 3353 spiritu
2196 3297 2385 3352 vestro,
2425 3299 2471 3341 et
2508 3305 2568 3341 ne
2602 3287 2998 3358 derelinquatis.

2046 3398 2212 3454 XXX.
2257 3400 2366 3454 lloc
2409 3409 2514 3466 est,
2548 3401 2591 3452 si
2625 3399 2983 3468 cogitationes
3020 3410 3138 3453 tuas
3169 3397 3410 3453 obvolvit
3445 3400 3548 3452 im~

1971 3491 2057 3560 pia
2085 3501 2140 3545 et
2169 3490 2396 3559 profana
2429 3491 2606 3559 pellis,
2654 3499 2706 3543 et
2745 3490 2926 3544 odium
2965 3489 3018 3543 in
3064 3489 3207 3542 illam
3248 3489 3377 3542 falso
3411 3504 3547 3558 pra:~

1973 3585 2210 3647 texitur,
2261 3583 2560 3636 inveniaris
2620 3591 2799 3634 autem
2849 3580 3075 3634 aliarum
3146 3581 3547 3648 pulchritudine

1971 3675 2258 3736 subactus,
2289 3682 2343 3728 et
2391 3673 2527 3727 velle
2576 3671 2911 3726 mulierculis
2963 3671 3262 3739 peregrinis
3312 3671 3541 3738 alligari,

1977 3785 1995 3817 ι
2027 3767 2258 3831 custodi,
2287 3780 2353 3819 ne
2384 3764 2752 3832 derelinquas,
2784 3781 2802 3814 ι
2851 3771 2944 3816 ant
2983 3776 3206 3832 prorsus
3233 3760 3548 3814 maledictus
3629 3786 3636 3791 -

1971 3856 2100 3911 eris.
2143 3856 2288 3909 Dixit
2327 3856 2468 3909 enim
2506 3874 2518 3909 :
2549 3873 2568 3906 t
2603 3855 2738 3920 Quia
2780 3853 3049 3921 disperdet
3077 3852 3336 3906 Dominus
3374 3849 3548 3906 homi-

1973 3962 2093 4000 nem
2116 3948 2204 4014 qui
2240 3946 2371 3999 facit
2402 3946 2538 4009 haec,
2570 3946 2741 3999 donec
2771 3943 3086 3997 humilietur
3118 3957 3184 3995 ex
3217 3943 3546 3996 tabernacu-

1973 4038 2036 4091 lis
2073 4035 2260 4100 lsrael,
2301 4052 2365 4090 ex
2400 4033 2755 4090 ollerentibus
2801 4033 3126 4088 sacriﬁcium
3175 4031 3398 4084 Domino
3428 4045 3545 4084 om-

1975 4124 2308 4193 nipotenti.»
2362 4121 2429 4175 Et
2487 4122 2590 4176 hoc
2651 4124 2868 4190 quidem
2915 4124 3056 4190 quod
3107 4125 3174 4174 ad
3231 4123 3443 4190 planam
3491 4129 3547 4173 et

1971 4214 2182 4268 obviam
2207 4213 2642 4281 explanationem
2673 4212 2886 4264 attinet.

354 4301 816 4375 Παραφυλακτέον
853 4300 908 4351 δέ
939 4301 1033 4353 καὶ
1067 4301 1177 4360 τοῖς
1202 4297 1288 4349 διὰ
1322 4297 1559 4358 πίστεως
1598 4295 1869 4365 κεκλημέ-

2043 4301 2354 4358 Cavendum
2387 4311 2565 4354 autem
2600 4309 2654 4353 et
2689 4315 2784 4365 per
2813 4298 2970 4352 [idem
3005 4295 3210 4349 vocatis
3242 4295 3294 4347 in
3335 4294 3540 4348 sancti-

285 4409 391 4455 νοις
422 4396 500 4455 εἰς
535 4392 830 4460 ἁγιασμον,
867 4391 940 4460 μὴ
985 4389 1092 4459 ἄρα
1116 4405 1230 4451 πως
1258 4387 1605 4456 ἀπενεχθείεν
1631 4387 1704 4449 ὼς
1733 4388 1868 4456 πρὸς

286 4489 549 4552 γυναῖκας
593 4483 984 4554 ἁπηχθημένας
1012 4480 1130 4549 Θεῷ
1177 4480 1272 4533 καὶ
1301 4480 1610 4545 ἀλλογενείς
1652 4480 1731 4540 εἰς
1770 4478 1867 4540 τὰς

289 4571 548 4644 βεϐήλους
587 4575 845 4643 αἱρέσεις.
887 4570 1129 4637 Ἀπόχρη
1165 4566 1274 4637 γὰρ
1300 4567 1501 4627 αὐτοῖς,
1534 4569 1612 4628 είς
1655 4583 1863 4636 καρπο-

287 4667 478 4736 (popiala
525 4661 923 4734 πνευματικὴν,
963 4659 1068 4710 τῶν
1105 4658 1204 4725 τῆς
1245 4657 1570 4724 Ἐκκλησίας
1616 4657 1869 4710 διδασκὰ-

285 4755 390 4808 λων
415 4758 450 4826 ἡ
494 4754 711 4824 καθαρά
738 4753 834 4804 καὶ
873 4750 1176 4821 ἀμώμητος
1205 4746 1551 4814 παιδαγωγία
1585 4748 1866 4816 μονονουχὶ

288 4848 378 4900 καὶ
415 4847 623 4900 τέκνων
676 4845 872 4906 αὐτοὺς
926 4839 1163 4908 εὐγενῶν
1218 4838 1537 4905 ἀποφαίνειν
1587 4838 1863 4908 πατέρας,

286 4937 568 4999 τίκτοντας
595 4935 802 5006 νοητῶς
835 4931 894 4996 ἐξ
923 4930 1132 5000 ἀγαθῆς
1161 4929 1388 5000 καρδίας
1413 4928 1482 4981 τὰ
1508 4928 1605 4998 τῆς
1631 4929 1866 5015 είςΙΘεὸν

289 5028 506 5096 ἀγάπης
535 5027 674 5098 αὑχή
685 5043 849 5096 ματα.

529 5147 913 5236 ΤΟΜΟΣ.
1009 5143 1609 5230 ΔΕΥΤΕΡΟΣ.

362 5325 425 5377 οι
481 5322 927 5390 παροξύνοντες
982 5315 1088 5371 τὸν
1141 5315 1290 5369 Θεὸν
1357 5313 1426 5366 ἐν
1480 5312 1603 5378 τοῖς
1659 5313 1862 5381 λόγοις

293 5415 473 5486 ὑμῶν,
503 5411 604 5467 καί
631 5412 865 5467 εἴπατε·
907 5411 1004 5463 Ἐν
1035 5407 1151 5461 τίνι
1183 5405 1617 5474 παρωξύναμεν
1639 5404 1865 5466 αὺτόνὶ

360 5590 404 5623 ³¹
437 5590 626 5645 Matth.
656 5607 708 5655 v,
738 5588 827 5642 3%.

1975 4394 2302 4459 licationem,
2338 4407 2404 4446 ne
2447 4395 2585 4444 forte
2635 4392 2780 4444 velut
2815 4391 2880 4442 ad
2930 4388 3157 4441 feminas
3188 4386 3297 4438 Deo
3327 4385 3543 4438 odiosas

1972 4497 2028 4541 et
2085 4485 2416 4552 alienigenas
2467 4484 2520 4537 in
2593 4481 2850 4552 profanas
2912 4480 3144 4534 haereses
3206 4477 3542 4533 auferantur.

1972 4575 2159 4630 Potest
2202 4578 2344 4630 cnim
2389 4574 2532 4638 illos,
2562 4584 2756 4642 pratter
2805 4570 3139 4641 spi‘ritualem
3189 4569 3540 4628 fertilitatem,

1972 4665 2226 4720 Ecclesiae
2255 4665 2632 4734 magistrorum
2662 4664 2876 4717 sincera
2902 4673 2954 4716 et
2985 4661 3253 4730 inculpata
3279 4657 3545 4713 institutio

1976 4766 2181 4810 tantum
2229 4771 2335 4810 non
2381 4756 2610 4809 filiorum
2640 4767 2858 4822 quoque
2903 4753 3162 4807 nobilium
3211 4759 3392 4818 patres
3425 4747 3546 4799 red-

1974 4847 2121 4912 dere,
2156 4839 2224 4902 ex
2274 4847 2437 4901 corde
2482 4845 2622 4899 bono
2657 4846 2851 4898 divinae
2898 4842 3184 4897 charitatis
3221 4841 3413 4893 decora
3456 4849 3543 4888 se-

1974 4940 2209 4995 cundum
2239 4937 2567 4994 intellectum
2594 4942 2936 5006 generantes.

2149 5142 2554 5233 TOMUS
2647 5131 3368 5229 POSTERIOR.

2049 5311 2206 5366 Vsus.
2250 5311 2336 5363 l7.
2390 5310 2493 5374 Qui
2542 5308 2861 5376 prouocastis
2911 5303 3075 5356 Deum
3122 5305 3174 5355 in
3221 5300 3542 5354 sermonibus

1976 5403 2183 5466 vestris,
2223 5411 2268 5455 et
2311 5402 2519 5454 dixistis
2551 5415 2566 5451 :
2594 5398 2659 5452 In
2693 5415 2794 5466 quo
2839 5395 3228 5463 provocavimus
3276 5391 3431 5449 eum?
3479 5387 3542 5440 In

940 5587 984 5619 “
1015 5584 1207 5639 Matth.
1240 5599 1351 5649 xix,
1383 5581 1440 5648 7,
1466 5581 1518 5648 8;
1553 5581 1713 5635 Marc.
1749 5597 1802 5647 κ,
1829 5580 1882 5646 9.,
1908 5584 1962 5636 9.
3038 5587 3064 5598 “
