4026 6276
479 187 582 240 5‘27

1491 173 1549 230 S.
1592 174 1868 229 CYBILLI
1905 173 2371 231 ALEXANDBINI
2409 172 2716 228 ARCHIEP.

3630 182 3734 236 3‘23

478 313 540 351 eo
564 295 704 366 quod
727 293 903 346 dicitis
933 303 950 342 :
988 287 1173 344 Omnis
1204 290 1297 360 qui
1332 290 1462 358 facit
1515 290 1738 355 malum,
1773 291 1963 344 bonum
2004 291 2056 342 in

2174 292 2270 343 Ἐν
2292 289 2372 355 τῷ
2398 289 2600 358 λέγειν
2627 286 2778 356 ὑμᾶς
2801 303 2813 317 ·
2853 286 2975 352 Πᾶς
3014 283 3198 340 ποιῶν
3233 284 3520 355 πονηρὸν,
3555 293 3739 344 καλὸν

476 394 754 454 conspectu
793 383 1025 446 Domini,
1061 392 1108 436 et
1141 383 1195 435 in
1235 383 1362 452 ipsis
1391 385 1490 454 ipsi
1519 383 1853 451 complacuit,
1892 392 1940 435 et
1972 383 2061 436 ubi

479 488 553 532 est
585 477 720 531 Deus
740 474 1009 544 justitiw?

556 607 747 661 XXXI.
791 606 963 673 Supra
997 604 1278 670 annotavi,
1319 619 1423 657 non
1458 617 1584 666 uno,
1615 603 1706 657 sed
1740 601 1922 656 multis
1952 583 2065 656 rno-

483 699 567 752 dis
625 698 1003 751 universorum
1061 692 1224 746 Deutn
1273 704 1461 746 contra
1507 702 1753 760 posteros
1801 693 1928 747 Levi
1975 708 2067 748 ex-

487 790 801 842 acerbatnm
834 801 974 840 esse.
1003 786 1067 838 Et
1094 785 1433 838 sacerdotum
1468 785 1708 838 imbelles
1741 785 1947 838 animas
1978 800 2067 838 ca-

486 881 717 947 stigans,
769 879 988 932 aiebat:
1028 895 1047 927 ι
1079 878 1144 930 Et
1187 876 1501 930 inferebatis
1533 892 1651 944 qua:
1693 886 1841 944 rapta
1889 886 2064 939 erant,

488 979 544 1025 et
565 971 778 1032 clauda,
813 980 865 1022 et
891 967 1088 1021 debilia
1114 966 1179 1020 ³³.
1214 985 1232 1017 ι
1268 965 1333 1019 Ει
1361 965 1587 1018 addebat
1621 966 1703 1017 bis
1734 983 1746 1017 :
1783 984 1800 1014 ι
1832 964 1898 1017 Et
1925 966 2067 1019 acci-

489 1061 720 1130 piebatis
770 1075 1057 1128 personam
1112 1059 1162 1112 in
1219 1056 1422 1124 lege".
1455 1074 1474 1106 ι
1521 1055 1854 1108 llonorantes
1899 1057 2064 1118 enim,

489 1159 549 1204 ut
588 1151 844 1203 credibile
869 1162 968 1214 est,
995 1161 1048 1204 et
1079 1149 1450 1218 intempestive
1477 1155 1780 1201 t‘evercntes
1807 1148 2065 1214 quosdam

490 1259 610 1297 sese
659 1243 1071 1305 convenientes,
1119 1243 1397 1295 tenuiores
1447 1245 1709 1298 scelerate
1744 1244 2066 1297 condemna-

492 1335 644 1398 bant,
699 1342 752 1386 et
787 1335 1104 1401 premebant
1142 1331 1426 1398 quosdam,
1480 1347 1586 1385 non
1639 1349 1703 1386 ex
1757 1333 2068 1401 przescripto

487 1423 622 1491 legis
648 1425 789 1492 justa
813 1423 1121 1490 judicantes
1151 1421 1192 1452 ³⁵
1221 1458 1235 1484 ,
1268 1424 1360 1473 sed
1388 1421 1438 1473 itt
1472 1430 1676 1489 partem
1712 1421 2066 1490 potentiorem

491 1523 545 1565 et
580 1514 816 1578 iniquam
846 1513 1170 1564 sententiam
1201 1509 1540 1576 proferentes
1573 1526 1585 1560 :
1622 1517 1712 1562 aut
1745 1510 1880 1562 forte
1904 1509 2066 1561 etiam

2165 379 2421 435 ἐνώπιον
2453 379 2698 447 Κυρίου,
2735 376 2832 429 καὶ
2866 376 2936 429 ἐν
2975 375 3180 440 αὐτοῖς
3215 375 3398 440 αὐτὸς
3423 377 3733 445 εὐδόκησα.

2165 471 2262 526 καὶ
2299 470 2415 525 ποῦ
2444 471 2615 524 ἐστιν
2641 471 2673 522 ό
2699 467 2843 533 Θεὸς
2868 467 2979 536 τῆς
3019 467 3446 533 amaracum“

2237 609 2359 660 AA'.
2400 605 2616 668 Φθὰσας
2646 604 2801 675 ἔφην,
2850 602 2924 666 ὡς
2953 604 3011 657 οὺ
3044 603 3165 656 καθ’
3200 599 3296 655 ἕνα
3339 601 3559 671 τρόπον,
3605 600 3745 654 κατὰ

2168 699 2394 760 πολλοὺς
2439 697 2496 749 δὲ
2536 695 2832 765 μᾶλλλον,ό
2875 695 2980 746 τῶν
3029 694 3163 746 ὅλων
3210 692 3343 754 Θεὸς
3385 692 3481 744 ἐπὶ
3523 694 3645 757 τοὺς
3685 695 3744 762 ἐξ

2168 793 2395 861 αἵματος
2422 788 2516 840 τοῦ
2558 787 2688 840 Λευὶ
2717 785 3182 855 κατεπικραίνετο.
3228 783 3340 836 Καὶ
3383 785 3500 846 ταῖς
3533 783 3638 835 τῶν
3673 787 3740 838 ἱε-

2171 880 2416 955 ρουργῶν
2448 879 2706 949 ἀθυμίαις
2747 878 3118 946 ἐπισκήπτων,
3159 875 3393 943 ἔφασκε’
3437 893 3453 923 ι
3487 875 3598 928 Καὶ
3634 877 3744 928 εἱσ-

2169 975 2390 1043 εφέρετε
2433 972 2502 1024 τά
2546 970 2918 1040 ἁρπάγματα,
2959 966 3052 1020 καὶ
3085 968 3152 1019 τὰ
3191 966 3369 1036 χωλὰ,
3409 968 3502 1020 καὶ
3547 967 3616 1019 τά
3662 969 3744 1020 ὲν-

2168 1064 2486 1135 οχλούμενα.
2514 1083 2531 1114 ι
2570 1062 2920 1132 Προσεπῆγεν
2946 1059 3002 1111 δὲ
3035 1058 3241 1120 τούτοις
3261 1076 3272 1088 ·
3318 1078 3335 1111 ι
3366 1059 3475 1112 Καὶ
3505 1059 3744 1126 ἐλαμϐά-

2169 1174 2288 1210 νετε
2325 1155 2614 1225 πρόσωπον
2655 1155 2712 1204 ὲν
2745 1151 2911 1220 νόμῳ.
2941 1169 2958 1200 ι
2997 1148 3272 1218 Τιμῶντες
3324 1149 3453 1218 γὰρ,
3507 1147 3651 1202 κατὰ
3689 1149 3744 1201 τὸ

2169 1248 2336 1308 εἰκὸς,
2382 1248 2476 1298 καὶ
2505 1245 2570 1296 δι’
2609 1242 2786 1304 αἰδοῦς
2816 1241 3043 1310 ἀκαίρου
3073 1240 3385 1308 ποιούμενοι
3426 1240 3534 1292 τῶν
3577 1256 3744 1310 προσ-

2174 1339 2358 1390 ιόντων
2398 1336 2569 1399 τινὰς,
2607 1333 2956 1396 κατεδίκαζον
2991 1332 3086 1401 μὲν
3125 1333 3220 1399 οὐχ
3251 1331 3410 1394 ὁσίως
3442 1330 3550 1385 τῶν
3589 1329 3744 1382 ἀσθε-

2172 1429 2464 1498 νεστέρων,
2496 1427 2591 1478 καὶ
2625 1425 2935 1487 πλεονεξίας
2955 1422 3157 1489 ὲπῆγόν
3186 1439 3344 1485 τισιν,
3374 1421 3433 1472 οὐ
3463 1419 3532 1472 τὰ
3568 1420 3747 1474 δίκαια

2171 1517 2479 1586 κρίνοντες,
2528 1515 2668 1567 κατά
2713 1530 2777 1580 γε
2828 1513 2916 1565 τὸν
2959 1511 3142 1581 νόμον,
3185 1511 3300 1564 ἀλλ’
3345 1509 3616 1579 ἕτερα).κῆ
3657 1509 3746 1563 καὶ

491 1604 807 1673 diripientes
841 1603 1184 1656 ltaereditates
1212 1602 1519 1668 neutiquam
1553 1600 1618 1655 ad
1647 1616 1703 1654 se
1736 1600 2062 1652 attincntes:

2174 1608 2347 1659 ἄνισον
2374 1604 2469 1674 τὴν
2501 1603 2680 1673 ψῆφον
2718 1602 3070 1671 ἐκφέροντεςθ
3101 1600 3133 1672 ἢ
3166 1601 3304 1670 τάχα
3335 1617 3438 1652 που
3469 1601 3564 1652 καὶ
3593 1599 3745 1670 διαρ-

491 1698 786 1764 gaudentes
814 1703 994 1746 autem
1047 1707 1211 1761 super
1248 1691 1404 1746 donis
1433 1700 1486 1744 et
1528 1706 1590 1744 ea
1632 1691 1976 1758 accipientes,
2010 1697 2065 1742 et

490 1785 778 1838 sacerdotii
829 1781 1129 1836 b0noribus
1159 1782 1467 1846 abutentes,
1500 1793 1554 1834 et
1591 1795 1754 1849 supra
1795 1778 2065 1847 subjectos

490 1886 548 1926 se
578 1871 884 1925 elIerentes.
920 1871 1073 1922 Hune
1119 1873 1170 1921 in
1203 1871 1419 1921 modum
1453 1870 1616 1921 vitam
1649 1870 1900 1936 degentes
1934 1869 2064 1922 adeo

492 1960 747 2014 infamem
794 1968 848 2012 et
889 1959 1097 2028 legibus
1131 1957 1596 2022 adversissimam,
1628 1955 1797 2026 848
1823 1955 2065 2009 videntes

495 2053 714 2120 quidam
768 2049 1023 2118 iujuriam
1061 2049 1228 2118 passi,
1265 2059 1468 2101 tautttm
1516 2062 1619 2099 non
1652 2045 1864 2100 attoniti
1907 2045 2069 2098 mira-

494 2141 718 2195 bantur.
762 2139 873 2194 Nec
932 2139 1077 2193 enim
1133 2137 1671 2206 repreliendebantur
1720 2152 1748 2189 a
1808 2137 1936 2200 Deo,
1971 2149 2068 2189 nec

493 2232 893 2300 puniebantur,
953 2240 1011 2283 ut
1058 2230 1235 2284 solent
1287 2229 1575 2300 aliquando
1629 2238 2063 2297 contemptores;

495 2323 623 2391 quin
675 2323 850 2391 potius
899 2325 1056 2377 rebus
1103 2324 1356 2377 secundis
1399 2323 1706 2387 utebantur,
1731 2331 1784 2375 et
1819 2321 2069 2375 vivebant

496 2427 618 2466 cum
664 2413 954 2483 voluptate.
1003 2415 1206 2468 Idcirco
1249 2429 1390 2483 azgre
1422 2413 1676 2478 ferentes,
1724 2414 2069 2467 immensam-

495 2518 601 2571 que
628 2504 719 2556 Dei
761 2505 1147 2572 benignitatem
1183 2503 1320 2556 l‘orte
1352 2503 1590 2573 amplius
1616 2505 1852 2571 cogitare
1886 2503 2070 2557 nolen-

501 2603 602 2658 tes,
633 2598 1016 2662 propemodum
1043 2595 1204 2648 etiam
1229 2609 1295 2648 ex
1323 2596 1703 2663 desperatione
1728 2593 2065 2647 clamabant:

504 2703 522 2735 ι
551 2685 741 2738 Omnis
765 2687 856 2754 qui
889 2688 1023 2742 facit
1053 2691 1278 2754 malum,
1316 2688 1515 2740 bomnn
1561 2685 1614 2737 in
1644 2691 1934 2752 conspectu
1963 2683 2070 2737 Do-

499 2779 657 2842 mini,
685 2787 740 2832 et
773 2779 826 2832 in
860 2779 988 2848 ipsis
1015 2781 1114 2848 ipsi
1146 2778 1504 2848 cmnplacuit;
1540 2796 1559 2828 »
1587 2777 1683 2830 hoc
1708 2785 1809 2841 est,
1846 2775 2068 2830 forsitan

497 2878 552 2924 et
604 2881 941 2938 perpetrator
999 2872 1262 2930 malorum
1311 2870 1485 2924 bonus
1547 2877 1631 2922 est
1681 2869 1734 2921 in
1781 2877 2068 2933 conspectu

2166 1697 2428 1759 πὰζοντες
2460 1696 2584 1757 τοὺς
2627 1693 2922 1763 οὐδαμόθεν
2965 1692 3146 1755 αὐτοῖς
3182 1693 3559 1762 προσήκοντας
3619 1691 3746 1760 κλή-

2169 1803 2328 1858 ρουςο
2368 1785 2687 1854 ὲιξηδόμενοι
2733 1783 2788 1836 δὲ
2821 1783 2913 1836 καὶ
2952 1781 3329 1853 δωροδοκίαις,
3366 1783 3461 1833 καὶ
3494 1783 3615 1842 ταῖς
3655 1781 3746 1849 τῆς

2170 1884 2466 1956 ἱερωσύνης
2490 1885 2674 1953 τιμαῖς
2697 1879 3183 1951 κατακεχρημένοι,
3209 1877 3303 1930 καὶ
3324 1876 3431 1928 τῶν
3457 1875 3562 1928 ὑπὸ
3590 1877 3748 1944 χεῖρα

2167 1976 2642 2046 κατεπαιρόμενοι.
2686 1972 2899 2041 Ταύτην
2929 1971 3140 2040 ἔχοντες
3168 1967 3261 2020 τοῦ
3312 1967 3426 2036 βίου
3459 1965 3558 2035 τὴν
3602 1967 3749 2032 ἀγω-

2167 2065 2270 2136 γὴν
2311 2064 2406 2133 τὴν
2445 2062 2588 2116 οὕτω
2624 2060 2857 2114 δυσκλεᾶ
2885 2060 2978 2112 καὶ
3019 2057 3436 2126 ὲκνομωτάτην,
3470 2051 3747 2106 καταθεώ-

2171 2156 2319 2226 μενοί
2372 2171 2511 2216 τινες
2545 2152 2653 2204 τῶν
2702 2151 2796 2210 τὰς
2835 2149 3045 2209 ἀδικίας
3091 2145 3605 2216 ύπομεμενηκότων,
3658 2157 3748 2213 μο-

2170 2245 2381 2314 νονουχὶ
2413 2241 2810 2312 κατεθὴπεσαν.
2843 2238 2917 2294 Ού
2947 2237 3055 2308 γὰρ
3083 2231 3150 2306 ἦν
3180 2252 3263 2298 τις
3285 2237 3381 2303 ⁵ἐπ’
3412 2234 3593 2296 αὐτοῖς
3630 2232 3749 2284 ἐπί-

2170 2335 2363 2403 πληξις
2401 2333 2550 2402 παρά
2591 2329 2725 2383 Θεοῦ
2778 2328 2873 2381 καὶ
2911 2327 2978 2378 τὰ
3015 2326 3072 2390 ἐξ
3110 2324 3307 2394 ὀργῆς,
3345 2322 3456 2375 ἔσθ’
3485 2323 3572 2374 ὅτε
3607 2338 3748 2390 συμ-

2171 2427 2420 2480 6αίνοντα
2454 2426 2565 2486 τοῖς
2602 2419 2813 2474 εἰωθόσι
2847 2419 3204 2486 καταφρονεῖν
3225 2429 3239 2446 ⁸
3276 2409 3415 2482 ἦσαν
3449 2413 3506 2465 δὲ
3547 2412 3748 2482 μᾶλλον

2171 2516 2228 2567 ἐν
2271 2511 2535 2581 εὐπαθείᾳ
2566 2511 2659 2562 καὶ
2695 2510 2946 2578 τρυφαῖς.
2998 2505 3141 2574 Πρὸς
3180 2503 3244 2572 δὴ
3297 2503 3363 2555 τὰ
3397 2501 3620 2554 τοιαῦτα
3672 2502 3752 2553 δε-

2171 2607 2598 2677 δυσφορηκότες,
2643 2602 2739 2655 καὶ
2773 2602 2870 2671 τὴν
2915 2598 3245 2668 ἀσύγκριτον
3294 2594 3606 2664 ἡμερότητα
3664 2593 3750 2646 τοῦ

2173 2699 2308 2751 Θεοῦ
2339 2699 2477 2765 τάχα
2517 2711 2618 2747 που
2651 2692 2829 2745 λοιπὸν
2880 2693 2956 2753 εἰς
2994 2689 3118 2742 νοῦν
3152 2688 3294 2757 ἔχειν
3342 2689 3444 2738 οὐκ
3485 2686 3751 2755 ἀνεχόμε·

2174 2807 2273 2855 νοι,
2313 2787 2592 2859 μονονουχὶ
2634 2784 2728 2838 καὶ
2759 2781 3242 2852 κατακεκράγασιν
3277 2780 3340 2830 ἐκ
3385 2775 3753 2847 μικροψυχίας

2174 2882 2449 2949 λέγοντες⁸
2491 2897 2509 2930 ι
2545 2879 2659 2938 Πᾶς
2693 2875 2859 2927 ποιῶν
2899 2872 3155 2942 πονηρὸν,
3188 2868 3352 2922 καλὸν
3396 2866 3626 2919 ἐνώπιον
3667 2867 3757 2920 atl-

501 2957 749 3026 Domini;
794 2969 849 3013 et
881 2975 1044 3029 super
1091 2963 1224 3013 adeo
1255 2959 1538 3012 inhoneste
1570 2955 1877 3009 viventibus
1920 2955 2067 3008 laeta-

2174 2972 2288 3038 τοῦ,
2319 2971 2412 3023 καὶ
2441 2971 2498 3022 ὲν
2537 2968 2719 3028 αὐτοῖς
2749 2965 2906 3027 αὐτὸς
2938 2963 3228 3033 ηὑδὸκησε,
3259 2979 3277 3010 ι
3312 2957 3576 3019 τουτέστι,
3614 2958 3758 3027 τάχα

502 3061 606 3104 tur.
642 3051 776 3104 Nam
818 3053 861 3106 si
907 3053 1008 3106 hoc
1054 3066 1240 3104 verum
1273 3065 1381 3104 non
1428 3058 1532 3115 est,
1571 3049 1765 3118 inquit,
1801 3065 1820 3098 ι
1855 3046 1955 3101 Ubi
1986 3055 2072 3101 est

502 3142 640 3196 Deus
665 3142 934 3209 iustitiae?
969 3163 987 3194 ι
1018 3143 1313 3211 Oportebat
1339 3141 1506 3205 enim,
1541 3141 1826 3208 oportebat
1850 3137 2072 3206 justitia:

499 3235 924 3303 dispensatorem
959 3251 1065 3287 non
1102 3236 1235 3288 adeo
1273 3231 1596 3286 tolerantem
1637 3245 1758 3284 esse
1801 3231 1854 3284 in
1886 3244 2068 3284 sacer-

499 3327 714 3380 dotibus
754 3327 952 3386 avaris,
998 3334 1053 3377 et
1095 3325 1266 3377 altare
1299 3321 1678 3390 polluentibus,
1709 3330 1764 3374 et
1797 3319 1976 3388 iniqua
2009 3332 2074 3372 ac

502 3417 770 3471 scelerata
807 3427 861 3468 et
890 3415 991 3482 legi
1023 3411 1315 3482 pugnantia
1347 3413 1688 3465 committere
1721 3425 1930 3463 summo
1959 3419 2074 3462 stu-

502 3509 591 3560 dio
638 3506 981 3559 conantibus.
1045 3504 1107 3556 Et
1160 3504 1276 3557 [nec
1329 3503 1544 3571 quidem
1598 3500 1823 3555 crimina
1878 3499 2075 3552 fuerint

501 3597 896 3666 desperationis
949 3595 1185 3663 ipsorum
1235 3591 1556 3646 incessentis
1607 3591 1836 3644 animos.
1890 3589 2075 3644 Scien-

500 3689 626 3742 dutn
680 3698 884 3750 autem,
925 3685 1082 3754 juxta
1117 3686 1452 3754 propositum
1494 3683 1782 3736 verborum
1833 3695 2071 3744 sensum,

416 3769 420 3774 ’
499 3778 721 3832 irritare
749 3778 939 3841 Demn,
971 3777 1063 3846 qui
1102 3778 1236 3829 adeo
1277 3775 1542 3842 imperitis
1571 3773 1792 3826 vocibus
1829 3782 2070 3827 utuntur.

500 3869 695 3924 Fertne
725 3869 868 3922 enim
894 3881 946 3922 et
973 3870 1255 3935 increpare
1280 3875 1524 3918 statuunt
1548 3864 1863 3918 tolerantem
1889 3863 2072 3928 Deum,

500 3964 593 4031 qui
650 3963 950 4016 errantium
1000 3961 1412 4013 conversionem
1465 3956 1852 4026 benignissime
1899 3966 1952 4010 et
1985 3973 2075 4011 eo-

501 4069 618 4107 rum
668 4053 758 4121 qui
801 4053 853 4105 in
907 4061 1185 4122 peccatum
1240 4048 1476 4119 prolapsi
1523 4058 1666 4112 sunt,
1705 4047 1771 4101 ad
1821 4047 2075 4100 salutaria

486 4128 784 4198 recursum
832 4153 1130 4212 exspectat.
1171 4142 1394 4194 Divinus
1435 4141 1614 4208 itaque
1671 4137 1869 4192 Paulus
1915 4153 2076 4206 super

501 4238 840 4305 torpentibus
877 4245 929 4289 et
973 4251 1002 4288 a
1047 4236 1364 4304 ptenitentia
1421 4231 1814 4302 refugientibus
1845 4231 2070 4285 dolens:

2175 3080 2278 3117 που
2314 3063 2409 3115 καὶ
2450 3059 2652 3128 ἀγαθὸς
2682 3059 2738 3109 ὲν
2780 3055 3077 3124 ὀφθαλμοῖς
3111 3051 3202 3104 τοῦ
3233 3050 3368 3104 Θεοῦ
3402 3052 3429 3102 ὁ
3458 3050 3565 3104 τῶν
3597 3066 3756 3120 πονη-

2177 3153 2284 3225 ρῶν
2313 3152 2577 3222 ἐργάτης*
2621 3146 2877 3216 ὲφήδεται
2913 3145 2971 3197 δὲ
3007 3146 3121 3206 τοῖς
3166 3141 3339 3203 οὕτως
3370 3141 3609 3212 αἰσχρῶς
3644 3141 3754 3194 δια-

2174 3245 2323 3298 ϐιοῦν
2355 3240 2670 3313 ᾑρημένοις.
2715 3239 2776 3290 Ei
2806 3237 2914 3307 γὰρ
2958 3235 3030 3305 μὴ
3083 3234 3259 3300 τοῦτο,
3294 3236 3478 3304 φησὶν,
3529 3233 3750 3304 ἀληθὲς,

2182 3358 2199 3390 ι
2235 3334 2344 3389 Ποῦ
2393 3335 2539 3387 ἔστιν
2581 3333 2608 3383 ὁ
2650 3329 2782 3391 Θεὸς
2828 3331 2927 3399 τῆς
2967 3325 3348 3395 δικαιοσύνης;
3378 3343 3398 3376 ι
3437 3323 3584 3376 Ἔδει
3623 3324 3750 3394 γὰρ,

2175 3428 2280 3480 ἔδει
2299 3426 2396 3495 τῆς
2421 3420 2764 3489 δικαιοσύνης
2788 3419 2879 3471 τὸν
2910 3419 3173 3489 πρύτανιν
3200 3417 3279 3488 μῆ
3298 3414 3547 3469 τοσοῦτον
3585 3415 3755 3480 ἀνεξιο

2177 3518 2413 3586 κακῆσαι
2471 3509 2850 3566 πλεονεκτοῦσι
2913 3511 3248 3578 ίερουργοῖς,
3307 3507 3402 3559 καὶ
3464 3505 3754 3575 καταμιαί-

2176 3621 2324 3658 νουσι
2350 3603 2411 3656 τὸ
2450 3600 2852 3669 θυσιαστήριον,
2885 3598 3046 3652 ἀδικά
3076 3615 3136 3649 τε
3182 3599 3274 3650 καὶ
3319 3599 3510 3650 ἀνόσια
3554 3597 3650 3649 καὶ
3691 3595 3754 3650 τὰ

2177 3695 2281 3761 ἔξω
2341 3693 2505 3762 νόμου
2560 3691 2690 3761 δρᾷν
2739 3690 2821 3741 ὅτι
2874 3687 3109 3758 μάλιστα
3159 3687 3594 3740 διεσπουδακόσι.
3649 3686 3753 3740 Καὶ

2175 3787 2329 3840 ταυτὶ
2361 3785 2460 3854 μὲν
2495 3779 2602 3836 εἷεν
2635 3783 2701 3836 ἂν
2729 3781 2827 3850 τῆς
2859 3778 3242 3850 ἐπισυμϐἀσης
3274 3779 3455 3842 αὐτοῖς
3497 3777 3752 3849 μικρεψυ-

2177 3878 2299 3947 χίας
2348 3877 2691 3946 ἐγκλήματα.
2744 3872 2939 3925 Ἰστέον
2977 3871 3032 3924 δὲ
3066 3872 3177 3936 ὅτι,
3214 3871 3354 3923 κατά
3401 3886 3465 3936 γε
3506 3870 3606 3937 τὴν
3649 3868 3751 3919 τῶν

2179 3968 2551 4038 προκειμένων
2577 3965 2826 4034 δύναμιν,
2862 3961 3256 4032 παροτρύνουσι
3289 3960 3376 4013 τὸν
3401 3959 3533 4011 Θεὸν
3563 3961 3611 4011 οἱ
3639 3961 3748 4021 ταῖς

2177 4059 2347 4122 οὕτως
2373 4055 2714 4118 ἀπαιδεύτοις
2737 4053 3065 4124 κεχρημένοι
3087 4055 3308 4120 φωναῖς.
3331 4051 3628 4118 Μονονουχὶ
3649 4050 3748 4118 γὰρ

2180 4151 2274 4205 καὶ
2307 4151 2563 4219 ἐπιτιμᾷν
2605 4147 2907 4214 ἐγνώκασιν
2940 4144 3348 4208 ἀνεξικακοῦντι
3377 4142 3496 4212 Θεῷ
3529 4145 3750 4212 περιμέ-

2181 4242 2324 4296 νοντί
2357 4257 2416 4294 τε
2449 4240 2545 4292 καὶ
2582 4239 2725 4308 μάλα
2774 4238 3026 4307 χρηστῶς
3057 4237 3165 4289 τῶν
3199 4235 3627 4304 πεπλανημένων
3657 4232 3745 4301 τὴν

506 4348 524 4380 ι
553 4327 687 4381 Num
733 4329 948 4381 divitias
995 4329 1253 4381 bonitatis
1301 4327 1417 4394 ejus
1451 4337 1503 4379 et
1550 4324 1824 4392 patientia:
1871 4334 1926 4376 et
1965 4323 2069 4375 lon-

2188 4328 2543 4406 ὲπιστροφὴν,
2570 4328 2677 4379 τῶν
2701 4329 2779 4390 εἰς
2809 4325 3082 4396 ἁμαρτίαν
3110 4325 3515 4394 ὼλισθηκότων,
3548 4324 3643 4393 τὴν
3673 4323 3745 4384 είς

502 4420 834 4487 ganitnitatis
904 4418 1224 4481 contemnis,
1291 4418 1546 4486 ignorans
1594 4417 1718 4482 quia
1770 4414 2074 4482 benignitas

505 4511 595 4562 Dei
643 4514 710 4562 ad
752 4510 1126 4578 paenitentiam
1162 4519 1211 4560 te
1247 4506 1435 4560 ducit?
1469 4507 1776 4559 Secundum
1823 4506 2075 4557 duritiam

503 4611 682 4653 autem
727 4609 782 4651 et
833 4600 1177 4666 imposuimus
1217 4613 1312 4650 cor
1359 4609 1544 4658 tuum,
1596 4594 1930 4648 tbesaurizas
1981 4593 2076 4648 tibi

505 4691 605 4758 ipsi
639 4693 774 4740 iram
816 4692 868 4740 in
915 4688 1000 4740 die
1039 4689 1129 4739 ira:
1162 4697 1215 4741 et
1267 4685 1610 4740 revelatiouis
1645 4685 1849 4752 etjusti
1886 4685 2077 4752 judicii

506 4783 596 4834 Dei
621 4780 686 4834 ³⁸.
723 4798 741 4831 ι
780 4782 963 4846 Itaque
1011 4781 1173 4832 etiam
1220 4788 1384 4845 atque
1416 4780 1581 4830 etiam
1625 4778 2076 4845 vehementerque

506 4871 668 4923 Deum
715 4869 994 4923 ollendunt
1026 4872 1117 4938 qui
1154 4872 1289 4923 adeo
1338 4869 1587 4922 inanibus
1613 4868 1744 4920 dant
1787 4883 1977 4922 manus
2020 4879 2074 4923 et

501 4960 680 5028 lingua
712 4959 968 5014 en‘renata
1008 4961 1110 5028 ipsi
1147 4961 1538 5022 convitiautur,
1576 4969 1631 5012 et
1671 4969 1893 5027 peccato
1928 4969 2074 5014 tene—

505 5053 700 5104 buntur
733 5055 822 5122 qui
867 5053 1041 5105 morbi
1071 5051 1390 5104 occasiones
1423 5051 1551 5117 ipsis
1575 5051 1855 5103 dederttnt.

2184 4423 2251 4476 τὰ
2281 4423 2487 4491 ἀμείνω
2515 4419 2877 4490 μεταδρομήν.
2901 4417 3012 4472 Καὶ
3043 4417 3214 4485 γοῦνὸ
3237 4416 3521 4478 θεσπέσιος
3551 4413 3745 4476 Παῦλος

2182 4516 2294 4575 τοῖς
2317 4511 2530 4564 ὀκνοῦσί
2556 4526 2614 4561 τε
2647 4510 2740 4562 καὶ
2761 4508 3143 4577 ἀναδυομένοις
3169 4506 3250 4560 ἔτι
3284 4506 3382 4575 τὴν
3414 4504 3743 4574 μετάγνωσιν

2184 4603 2440 4670 ἐπετίμα,
2469 4600 2641 4666 λέγων
2662 4615 2674 4628 ·
2715 4618 2733 4649 ι
2765 4597 2825 4650 Ei
2857 4597 2949 4650 τοῦ
2989 4596 3222 4651 πλούτου
3260 4595 3362 4665 τῆς
3393 4595 3744 4666 χρηστότητος

2183 4690 2347 4745 αὑτοῦ
2370 4691 2464 4744 καὶ
2489 4691 2586 4759 τῆς
2611 4689 2812 4758 ἀνοχῆς
2837 4688 2928 4740 καὶ
2949 4688 3047 4756 τῆς
3073 4686 3455 4757 μακροθυμίας
3487 4697 3732 4752 καταφρο-

2182 4785 2309 4846 νεῖς,
2342 4781 2550 4848 ἀγνοῶν
2581 4781 2662 4832 ὅτι
2694 4779 2754 4831 τὸ
2791 4777 3022 4848 χρηστὸν
3061 4777 3152 4830 τοῦ
3185 4775 3317 4828 Θεοῦ
3348 4778 3429 4838 εἰς
3470 4772 3743 4845 μετάνοιάν

2183 4891 2240 4926 σε
2267 4873 2422 4941 ἄγεις
2454 4871 2594 4923 κατά
2626 4870 2682 4921 δὲ
2709 4870 2806 4940 τὴν
2834 4868 3176 4938 σκληρότητά
3211 4885 3302 4920 σου
3338 4869 3433 4920 καὶ
3457 4864 3749 4938 ἀμετανόη-

2181 4980 2271 5016 τον
2305 4961 2552 5031 καρδίαν,
2602 4959 2947 5028 θησαυρίζεις
3007 4956 3215 5027 σεαντῷ
3265 4957 3432 5026 ὀργὴν
3472 4958 3529 5008 ὲν
3573 4952 3740 5024 ἡμέρᾳ

2182 5053 2351 5124 ὀργῆς
2383 5052 2475 5104 καὶ
2495 5050 2882 5119 ἀποκαλύψεως
2907 5049 3001 5102 καὶ
3021 5048 3416 5117 δικαιοκρισίας
3440 5046 3532 5098 τοῦ
3551 5043 3693 5097 Θεοῦ.
3716 5058 3732 5090 ι

503 5140 711 5193 Οὐκοῦν
754 5141 1190 5212 προσκρούσουσι
1226 5141 1324 5210 μὲν
1355 5141 1528 5210 πάντη
1560 5143 1654 5193 καὶ
1691 5142 1903 5205 πάντως
1941 5145 1988 5195 οἱ
2016 5147 2134 5208 ταῖς
2174 5144 2316 5196 οὓτω
2341 5143 2576 5213 ψυχραῖς
2614 5140 2914 5212 ἡττώμενοι
2944 5141 3037 5192 καὶ
3074 5140 3324 5208 ἀχάλινον
3369 5137 3464 5190 ἐπὶ
3501 5135 3619 5206 Θεῷ
3649 5131 3737 5201 τὴν

501 5231 744 5299 γλῶτταν
771 5234 1012 5296 ἀνέντες,
1044 5234 1213 5302 ἔνοχοι
1239 5233 1294 5284 δὲ
1335 5233 1712 5302 πλημμελείας
1745 5230 1854 5289 εἷεν
1889 5235 1955 5289 ἀν
1985 5238 2033 5288 οἱ
2061 5237 2158 5307 τῆς
2191 5234 2502 5306 ἀρρωστίας
2530 5236 2710 5296 αὐτοῖς
2736 5233 2968 5295 διδόντες
2995 5233 3092 5297 τὰς
3129 5231 3416 5302 ἀφορμάς.Δ

578 5321 869 5378 Vivendum
907 5326 1068 5394 igitur
1098 5336 1283 5380 sancte
1313 5333 1368 5378 et
1407 5337 1551 5379 recta
1592 5328 1674 5378 via
1711 5326 2062 5381 incedendum

635 5524 681 5556 ³³
706 5522 933 5578 Malaclt.
975 5541 1018 5591 ι,
1049 5526 1134 5580 13.
1247 5526 1292 5557 ³⁸
1326 5525 1548 5582 Malacb.
1596 5540 1656 5592 ιι,
1688 5526 1741 5580 9.

1853 5525 1895 5558 ³⁸
1931 5525 2087 5579 Deut.
2124 5538 2163 5590 ι,
2193 5524 2280 5579 16.

2243 5327 2361 5398 Χρὴ
2407 5325 2470 5396 δὴ
2505 5321 2598 5378 οὖν
2629 5325 2737 5394 ἄρα
2779 5324 2968 5395 διαζῆν
3017 5322 3180 5393 ἀγίως
3217 5322 3310 5376 καὶ
3349 5316 3651 5390 όρθοποδεῖν
3680 5308 3735 5364 ἐν

2391 5523 2434 5555 ³⁸
2468 5523 2619 5576 Rom.
2659 5539 2723 5590 tl,
2761 5523 2815 5590 4,
2854 5522 2905 5576 5.
