4026 6276
210 406 304 461 3-20

1063 401 1612 463 COMMENTARIUS
1651 406 1717 461 lN
1757 371 2159 463 nauculam
2206 405 2648 462 rnopnmau.

3362 404 3470 460 330

219 517 512 590 Ἐκκλησία
565 515 690 583 τοὺς
741 519 1073 584 ἀπολέκτους
1129 522 1446 592 ίερουργοὺς
1493 522 1609 592 ἦτοι
1663 523 1789 586 τοὺς

1915 540 1946 577 ιι
1983 522 2218 577 Ecclesia
2247 522 2434 576 electis
2466 518 2840 575 sacerdotibus
2863 519 2976 574 sive
3007 520 3074 574 ad
3100 523 3466 579 sacerdotium

209 612 573 682 κεκλημένους
602 612 682 674 είς
725 611 1045 683 ἱερωσύνην.
1072 613 1323 666 Ἔσονται
1362 613 1470 683 γὰρ
1510 611 1680 676 οὕτως
1711 615 1789 675 είς

209 701 558 756 ὑποτύπωσιν
590 701 888 771 εὐκοσμίας
927 702 1022 755 καῖ
1058 702 1276 772 ἀπάσης
1305 703 1504 771 ἀρετῆς
1545 704 1655 764 τοῖς
1688 702 1792 755 ὑπὸ

209 795 358 864 χεῖρα
403 791 580 856 λαοῖς,
625 789 674 843 οἳ
709 793 802 844 καὶ
854 791 944 844 τὸν
995 791 1103 844 τῶν
1143 792 1280 845 ὅλων
1327 792 1790 863 καταγεραίρουσι

210 884 354 946 Θεὸν,
401 883 501 954 τῆς
550 882 659 936 τῶν
717 884 907 955 ἱερέων
959 864 1235 946 πολιτείοις
1284 884 1345 936 τὸ
1390 884 1644 954 λαμπρὸν
1698 884 1793 936 καὶ

212 975 482 1046 ἐξαίρετον
530 973 936 1044 καταθεώμενοι
970 975 1182 1037 κάλλος.
1213 976 1324 1028 Καὶ
1371 974 1553 1040 τοῦτο,
1599 970 1791 1042 οἶμαι,

215 1069 319 1122 ἐστὶ
344 1066 408 1120 τὸ
433 1065 520 1119 διὰ
545 1067 646 1135 τῆς
669 1065 762 1118 τοῦ
784 1065 1036 1136 Σωτῆρος
1063 1068 1248 1137 φωνῆς
1272 1065 1446 1136 ὀρθῶς
1472 1066 1758 1135 εἰρημένον
1774 1081 1786 1094 ·

219 1179 235 1212 ι
262 1158 546 1230 Δαμψάτω
572 1157 633 1210 τὸ
665 1155 781 1226 φῶς
812 1158 965 1228 ὑμῶν
989 1157 1302 1229 ἔμπροσθεν
1330 1157 1441 1211 τῶν
1466 1158 1562 1211 ἀνθ
1573 1157 1790 1229 ρώπων,

213 1255 352 1316 ὅπως
379 1252 550 1304 ’ἴδωσι
579 1249 646 1304 τὰ
685 1249 827 1304 καλὰ
855 1250 992 1321 ἔργα
1025 1250 1210 1320 ὑμῶν,
1249 1251 1345 1304 καὶ⁸
1386 1250 1653 1314 δοξάσωσι
1700 1250 1792 1304 τὸν

212 1343 426 1413 Πατέρα
470 1340 626 1412 ὑμῶν
681 1341 772 1394 τὸν
815 1343 882 1394 ὲν
917 1344 1030 1404 τοῖς
1073 1344 1340 1412 οὐρανοῖς.
1369 1363 1388 1395 ι
1424 1345 1635 1415 Ὥσπερ
1684 1344 1793 1417 γὰρ

211 1433 649 1496 σκανδαλίζονται
686 1431 824 1493 λαοὶ,
859 1431 959 1502 ζῇν
994 1431 1265 1502 ἑλομένων
1296 1434 1537 1496 ἐκτόπως
1571 1434 1679 1486 τῶν
1722 1437 1794 1488 ἱεέ

213 1526 374 1596 ρέωνι
422 1522 562 1576 οὕτω
594 1522 853 1593 πλείστην
902 1539 959 1575 τε
1009 1523 1140 1591 ὅσην
1190 1523 1285 1576 καὶ
1333 1523 1452 1576 λίαν
1482 1524 1792 1595 ,ἀμφιλαφῆ

213 1615 528 1688 κερδανοῦσι
553 1615 651 1686 τὴν
676 1613 884 1684 ὄνησιν,
913 1615 960 1666 εἰ
990 1615 1054 1685 δή
1075 1633 1175 1668 που
1209 1615 1496 1670 θεάσαιντο
1530 1615 1794 1687 πληροῦν-

209 1727 304 1773 τας
350 1709 412 1763 τὸ
462 1706 686 1778 ἀγαθον,
717 1706 810 1758 καὶ
859 1705 1046 1777 διαζῇν
1081 1706 1418 1778 ἡγουμένους
1461 1707 1537 1772 ὡς
1579 1707 1794 1765 ἁνδάνει

209 1799 344 1871 Θεῷ.

814 1935 1066 1990 ΚΕΨΑΛ.
1113 1933 1186 1988 Γ.

292 2070 447 2126 Ἰδοὺ
486 2069 602 2142 ἐγὼ
653 2068 971 2126 ἀποστελῶ
1017 2069 1280 2140 ἄγγελόν
1322 2087 1460 2139 μου,
1520 2069 1616 2123 καὶ
1668 2070 1797 2124 ἐπι-

205 2163 495 2231 execrata;
527 2161 672 2216 ὁδὸν
703 2162 817 2230 πρὸ
851 2161 1176 2230 προσώπου
1193 2179 1334 2231 μου.
1366 2161 1474 2216 Καὶ
1507 2161 1800 2232 ἐξαίφνης

205 2255 344 2322 ἣξει
376 2257 465 2320 είς
512 2253 619 2308 τὸν
656 2253 809 2306 ναὸν
850 2252 1066 2307 ἑαυτοῦ
1113 2253 1352 2320 Κύριος,
1398 2252 1472 2305 ὃν
1504 2253 1672 2322 ὑμεῖς
1703 2251 1799 2321 ζη-

203 2346 384 2412 τεῖτε,
413 2346 513 2399 καί
538 2348 571 2400 ό
598 2346 886 2415 Ἀγγελος
918 2345 1028 2414 τῆς
1061 2343 1374 2412 διαθήκης,
1409 2345 1482 2399 ὃν
1511 2344 1677 2413 ὑμεῖς
1710 2344 1801 2400 θέ-

200 2441 368 2492 λετε.

278 2530 406 2584 AB’.
448 2528 795 2600 Εὑαφόρμως
838 2529 958 2584 λίαν
995 2531 1086 2584 ἐπὶ
1114 2530 1174 2584 τὸ
1197 2529 1291 2584 τοῦ
1327 2532 1564 2602 Χριστοῦ
1601 2534 1803 2606 μυστή-

206 2637 330 2690 ριον
364 2623 395 2674 ὁ
434 2620 539 2686 τῆς
574 2621 943 2692 προκειμένης
997 2622 1127 2692 ἡμῖν
1175 2623 1515 2693 προφητείας
1567 2641 1805 2693 μεταπε-

203 2713 440 2784 φοίτηκε
476 2712 653 2781 λόγος.
691 2712 889 2780 Γέγονε
922 2714 1031 2782 γὰρ
1063 2714 1195 2782 ἡμῖν
1225 2713 1375 2785 παρὰ
1411 2713 1505 2766 τοῦ
1540 2713 1674 2766 Θεοῦ
1706 2716 1803 2768 καὶ

203 2803 428 2872 Πατρὺς
457 2803 486 2854 ὁ
530 2802 879 2873 Ἐμμανουήλ
915 2821 933 2854 ι
968 2803 1285 2872 δικαιοσύνη
1314 2821 1373 2856 τε
1405 2804 1500 2856 καὶ
1535 2805 1804 2875 ἁγιασμὸς

206 2895 310 2949 καὶ
338 2893 738 2964 ἀπολύτρωσις,
780 2915 798 2948 ι
836 2895 932 2949 καὶ
967 2895 1139 2966 ῥύπου
1171 2898 1368 2960 παντὸς
1402 2898 1804 2970 ἁποκάθαρσις,

203 2987 312 3042 καὶ
337 2986 627 3059 ἁμαρτιῶν
655 2987 933 3052 ἀπόθεσις,
971 2989 1066 3041 καὶ
1093 2987 1200 3040 τῶν
1229 2989 1514 3058 αἰσχιόνων
1541 2989 1805 3061 ἀποϐολὴ,

205 3079 316 3136 καὶ
343 3081 462 3142 όδδς
494 3082 573 3143 εἰς
597 3081 666 3134 τὰ
695 3081 902 3151 ἀμείνω
925 3083 1022 3135 καὶ⁴
1072 3083 1516 3153 πρεπωδέστερα,
1544 3084 1636 3135 καὶ
1666 3082 1808 3153 θύρα

200 3188 302 3233 τις
331 3170 528 3241 ὥσπερ
568 3172 662 3224 καὶ
692 3171 908 3242 είσὸολὴ
943 3172 1078 3243 πρὸς
1109 3173 1254 3242 ζωὴν
1289 3172 1526 3239 αἰώνιον,
1565 3175 1715 3228 πᾶσά
1746 3191 1807 3227 τε

1896 614 2116 669 vocatis.
2152 614 2242 668 Si-c
2273 613 2418 667 enim
2450 611 2681 666 subditis
2722 611 2969 682 exemplo
2998 621 3159 666 erunt
3205 622 3261 668 et
3293 613 3470 673 forma.

1894 705 2197 760 honestatis
2241 704 2526 774 omnisque
2573 702 2814 767 virtutis,
2855 704 2945 774 qui
2993 713 3049 758 et
3092 705 3468 768 universorum

1893 797 2002 848 Deo
2042 795 2405 864 gratulantur,
2456 810 2578 848 cmn
2635 793 2844 849 illusue
2891 805 2945 849 et
2986 795 3260 865 singulare
3309 797 3472 852 decus

1895 901 2084 940 eorum
2135 889 2258 942 vita:
2306 886 2766 956 contemplantur.
2824 889 2888 942 Et
2923 887 3023 942 hoc
3075 897 3179 952 est,
3220 897 3278 942 ιιι
3320 897 3470 957 puto.

1893 977 2034 1046 quod
2066 992 2199 1032 voce
2233 977 2532 1033 Salvatoris
2576 978 2743 1048 probe
2772 977 2977 1032 dictum
3013 978 3247 1048 legimus
3277 997 3290 1034 :
3331 997 3349 1030 ι
3383 979 3476 1033 Sic

1895 1067 2076 1124 luceat
2133 1070 2226 1124 lux
2284 1079 2464 1124 vestra
2515 1084 2698 1124 coram
2754 1069 3100 1134 hominibus,
3146 1080 3206 1125 ut
3256 1069 3478 1125 videant

1893 1175 2057 1230 opera
2083 1175 2261 1217 vestra
2296 1163 2432 1217 bona
2463 1170 2516 1217 et
2541 1161 2846 1230 gloriﬁcent
2872 1162 3091 1218 Patrem
3114 1173 3356 1217 vestrum
3381 1161 3475 1232 qui

1896 1252 1948 1305 in
1977 1253 2135 1308 etatis
2165 1262 2250 1308 est
2275 1253 2340 1307 ³⁷.
2380 1271 2400 1304 ι
2435 1252 2898 1319 Quemadmodum
2943 1254 3088 1308 enim
3113 1253 3287 1326 849
3315 1269 3478 1310 scan-

1895 1342 2162 1397 dalizatur
2201 1344 2450 1414 populus,
2489 1359 2611 1398 cum
2646 1344 2954 1400 sacerdotes
2985 1360 3178 1414 parum
3218 1343 3504 1402 inuocen-'

1898 1440 1980 1487 ter
2019 1433 2240 1498 vivunt,
2281 1435 2352 1488 ita
2401 1433 2827 1490 emolumentum
2877 1437 3032 1506 longe
3081 1439 3375 1492 maximum
3427 1447 3482 1493 et

1896 1525 2132 1593 amplam
2173 1527 2460 1582 utilitatem
2510 1529 2886 1597 consequitur.
2921 1530 2966 1585 si
3010 1529 3270 1586 bonitatis
3305 1530 3482 1586 cilicio

1897 1615 2185 1685 inungentes
2231 1616 2398 1682 videt,
2447 1625 2501 1672 et
2541 1616 2920 1674 existimantes
2973 1619 3045 1672 ita
3091 1617 3378 1674 vivendum
3427 1625 3485 1672 ut

1898 1705 2008 1763 Deo
2034 1708 2228 1777 placet.

3065 1869 3092 1892 ’ξι

2539 1931 2690 1987 CAP.
2754 1934 2840 1988 Ill.

1975 2061 2138 2117 Vens.
2184 2065 2234 2118 i.
2280 2062 2417 2119 Ecce
2447 2082 2539 2136 ego
2566 2069 2714 2120 mitto
2745 2070 2985 2140 angelum
3013 2088 3204 2136 meum,
3238 2083 3284 2128 et
3306 2091 3487 2142 specu—

1901 2152 2100 2206 labitur
2129 2153 2267 2206 viam
2303 2164 2423 2208 ante
2450 2156 2640 2224 faciem
2667 2175 2854 2215 meam.
2889 2159 2954 2214 Et
2988 2163 3165 2215 statim
3211 2165 3374 2218 veniet
3417 2167 3485 2218 nd

1904 2245 2156 2312 templum
2198 2263 2351 2300 suum
2389 2247 2669 2314 Dominus,
2709 2267 2858 2320 quem
2900 2269 2987 2306 vos
3019 2256 3281 2324 qua’ritis,
3310 2269 3356 2310 et
3388 2261 3490 2312 Λιι-

1901 2337 2047 2406 gelus
2093 2341 2409 2405 testamenti,
2443 2358 2590 2408 quem
2627 2359 2713 2398 vos
2746 2346 2920 2400 vultis.

1978 2520 2192 2580 XXXII.
2227 2523 2580 2594 Perapposite
2618 2527 2685 2581 ad
2721 2525 2922 2582 CltriSti
2974 2530 3293 2599 mysterium
3325 2533 3487 2585 verba

1907 2613 2008 2668 ista
2037 2617 2354 2685 prophetica
2387 2619 2738 2673 transierunt.
2768 2619 2968 2674 Factus
2994 2629 3076 2674 est
3101 2622 3244 2674 enim
3271 2621 3426 2677 nobis
3458 2639 3488 2674 ει

1909 2705 2020 2760 Deo
2055 2715 2110 2761 et
2156 2708 2318 2763 Patre
2381 2709 2701 2764 Emmanuel
2749 2710 2984 2778 justitia,
3031 2719 3084 2764 et
3132 2712 3491 2767 sanctiﬁcatio

1907 2808 1963 2853 et
1994 2799 2299 2870 redemptio
2322 2801 2388 2832 ’7'
2409 2842 2423 2864 ,
2455 2811 2510 2856 et
2549 2802 2727 2857 omnis
2753 2802 3110 2858 inmunditiae
3137 2805 3450 2861 emundatio
3474 2847 3490 2871 .

1908 2903 2369 2963 peccatorumque
2400 2895 2687 2964 depositio,
2712 2905 2764 2949 et
2789 2896 3198 2952 inhonestorum
3231 2898 3488 2966 abjectto,

1908 2991 1964 3038 et
2009 2985 2076 3038 ad
2126 2986 2348 3039 meliora
2406 3001 2470 3040 ac
2512 2988 2822 3042 deeentiora
2869 2989 3114 3056 quaedam
3160 2989 3264 3053 via,
3316 2998 3374 3044 et
3424 2992 3490 3045 ad

1909 3084 2171 3130 eternam
2228 3076 2398 3129 vitam
2449 3092 2546 3131 ceu
2601 3078 2764 3146 jauua
2822 3088 2877 3132 et
2930 3078 3228 3147 ingressus,
3290 3088 3345 3134 et
3397 3097 3492 3150 per

1909 3165 2087 3235 ipsum
2125 3177 2370 3221 correcta
2407 3177 2536 3221 sunt
2563 3169 2766 3232 omnia,
2805 3178 2854 3222 et
2890 3184 3112 3225 eversus
3147 3171 3346 3225 diaboli
3389 3173 3490 3226 dn-

199 3265 280 3319 δι’
316 3263 490 3317 αὐτοῦ
527 3264 753 3333 γέγονεν
782 3266 1175 3337 ἐπανόρθωσις,
1208 3268 1304 3320 καὶ
1334 3266 1647 3332 πλεονεξίας
1680 3269 1808 3320 ἁνα-

1913 3259 2173 3323 minatus,
2204 3268 2258 3312 et
2296 3258 2514 3312 inventa
2554 3260 2788 3328 iustitia.
2821 3259 3027 3326 Quibus
3056 3263 3202 3314 enim
3231 3263 3492 3317 mirabili-

198 3354 418 3425 τροπὴ,
451 3353 549 3406 καί
572 3354 918 3426 δικαιοσύνης
945 3354 1184 3426 εὕρεσις.
1217 3357 1324 3408 Καὶ
1350 3356 1401 3408 τί
1431 3358 1537 3426 γὰρ
1557 3357 1677 3425 οὐχὶ
1702 3355 1810 3407 τῶν

196 3446 692 3516 τεθαυμασμένων
740 3447 806 3499 δι’
835 3448 1000 3501 αὑτοῦ
1048 3448 1538 3519 πεπλουτήκαμεν,
1593 3467 1612 3500 ‹
1681 3448 1810 3501 Ἰδοὺ

194 3538 420 3600 τοίνυν,
460 3538 617 3606 φησι,
666 3537 946 3590 ἀποστελῶ
977 3537 1068 3592 τὸν
1108 3538 1337 3606 ἄγγελόν
1377 3555 1500 3608 μου,
1551 3536 1646 3590 καὶ
1689 3539 1809 3590 ἐπι-

193 3630 478 3700 ϐλέψεται
512 3628 631 3682 ὁδον
663 3629 770 3699 πρὸ
819 3628 1112 3699 προσώπου
1163 3647 1285 3700 μου.
1335 3649 1352 3679 ι
1406 3631 1589 3682 Ἕοικε
1635 3629 1690 3682 δὲ
1720 3628 1809 3682 διὰ

187 3723 421 3775 τούτων
483 3721 585 3790 τὴν
635 3720 730 3772 τοῦ
781 3721 938 3788 ἁγίου
999 3721 1306 3774 Βαπτιστοῦ
1351 3720 1619 3774 ποιεῖσθαι
1671 3737 1805 3791 προ-

190 3813 593 3883 αναφὼνησιν.
635 3814 776 3883 Ἔφη
814 3815 925 3883 γάρ
973 3831 1075 3866 που
1131 3813 1225 3865 καὶ
1269 3812 1429 3875 αὐτὸς
1477 3815 1505 3865 ὁ
1537 3813 1807 3882 Χριστός·

196 3924 217 3956 ι
264 3901 454 3968 Οὗτός
494 3905 610 3956 ἐστι
644 3907 771 3974 περὶ
810 3900 870 3958 οὗ
902 3905 1249 3975 γέγραπται·
1293 3923 1312 3956 ι
1365 3905 1494 3958 Ἰδοὺ
1535 3904 1646 3974 ἐγὼ
1677 3906 1811 3957 ἀπο-

193 3995 392 4047 στελῶ
422 3993 521 4046 τὸν
563 3994 794 4062 ἄγγελόν
828 4011 930 4064 μου
967 3994 1074 4065 πρὸ
1098 3995 1389 4065 προσώπου
1420 4012 1534 4059 σου,
1565 3994 1624 4058 ὃς
1653 4012 1811 4048 κατα-

189 4085 486 4139 σκευάσει
521 4083 619 4154 τὴν
647 4084 762 4137 ὀδόν
796 4102 890 4138 σου
921 4085 1228 4156 ἔμπροσθέν
1263 4103 1380 4140 σου.
1423 4105 1440 4138 ι
1475 4086 1660 4148 Οὑτως
1681 4088 1814 4156 ἡμῖν

183 4178 380 4230 αὐτὸν
432 4175 532 4228 καὶ
579 4178 607 4228 ό
659 4175 942 4240 θεσπέσιος
1011 4178 1241 4240 Ἡσαΐας
1292 4180 1555 4248 ἐσήμηνε,
1600 4178 1811 4245 λέγων·

186 4289 207 4323 ι
272 4269 457 4340 Φωνὴ
510 4267 740 4339 βοῶντος
785 4272 843 4322 ὲν
894 4273 960 4341 τῇ
1018 4271 1246 4341 ἐρήμῳ·
1302 4271 1662 4340 Ἑτοιμάσατε
1715 4269 1814 4340 τὴν

181 4362 322 4415 ὁδὸν
372 4360 612 4430 Κυρίου,
658 4360 872 4424 εὐθείας
922 4365 1127 4414 ποιεῖτε
1173 4364 1270 4424 τὰς
1303 4361 1517 4432 τρίϐους
1557 4361 1648 4414 τοῦ
1679 4360 1813 4413 Θεοῦ

179 4454 399 4524 ἡμῶν.
457 4470 479 4503 ι
533 4445 607 4504 Oi;
654 4452 718 4523 δὴ
765 4452 1073 4521 γεγονότος,
1122 4454 1274 4522 φησὶ,
1317 4454 1410 4506 καὶ
1458 4454 1591 4523 πρὸς
1643 4452 1814 4522 βραχὺ

175 4543 629 4614 δεδραμηκότος
668 4543 760 4596 τοῦ
791 4545 1073 4613 ἀγγέλλειν
1096 4544 1166 4596 τὰ
1191 4545 1368 4597 τοιάδε
1407 4543 1816 4615 προστεταγμέ-

176 4654 312 4698 νου,
392 4654 412 4685 ι
489 4633 776 4705 Ἐξαίφνης
820 4617 1160 4706 ﬁgentia-nsi,
1208 4636 1287 4698 είς
1339 4635 1430 4687 τὸν
1476 4635 1601 4687 ναὸν
1647 4634 1809 4688 αὐτοῦ

170 4728 442 4800 Κύριος,
479 4723 539 4777 ὃν
572 4725 728 4795 ὑμεῖς
758 4726 990 4797 ζητεῖτε,
1024 4727 1118 4780 καὶ
1151 4729 1178 4778 ό
1214 4727 1443 4794 ἅγγελος
1481 4725 1582 4794 τῆς
1616 4724 1807 4794 διαθή-

171 4835 322 4888 κης,
367 4817 436 4870 ὃν
474 4815 633 4884 ὑμεῖς
667 4815 898 4869 θέλετε.»
939 4817 1340 4887 Διισχυρίζεται
1369 4817 1424 4868 δὲ
1453 4822 1546 4869 καὶ
1573 4818 1600 4868 ο
1628 4816 1806 4884 μακά-

170 4924 311 4979 ριος
394 4905 680 4973 Ἰωάννης,
732 4904 906 4972 λέγων
955 4908 1065 4968 τοῖς
1117 4904 1430 4978 ἐρχομένοις
1477 4906 1570 4979 ἐπὶ
1612 4905 1674 4958 τὸ
1709 4907 1806 4975 τῆς

169 4995 521 5070 μετανοίας
579 4994 896 5065 βάπτισμα·
954 5015 973 5047 ι
1045 4994 1186 5064 Ἐγὼ
1249 4995 1496 5066 βαπτίζω
1554 4997 1698 5066 ὑμᾶς
1759 4998 1816 5048 ὲν

167 5092 359 5145 ὕδατι
389 5107 402 5117 '
444 5088 628 5141 ὀπίσω
659 5105 760 5157 μου
794 5087 1016 5158 ἔρχεται
1049 5089 1211 5159 ἀνὴρ,
1236 5080 1296 5140 οὗ
1326 5089 1423 5141 οὑκ
1464 5089 1579 5160 εἰμὶ
1634 5088 1814 5151 ἱκανὸς

166 5183 270 5236 ἵνα
322 5179 532 5241 κύψας
563 5178 709 5232 λύσω
755 5181 842 5233 τὸν
875 5181 1076 5250 ἱμάντα
1107 5182 1200 5233 τοῦ
1237 5182 1580 5252 ὑποδήματος
1613 5181 1780 5235 αὑτοῦ
1801 5195 1814 5208 ⁶

164 5277 426 5334 ἐκεῖνος
464 5271 611 5339 ὑμᾶς
639 5270 888 5340 βαπτίσει
916 5275 974 5324 ὲν
1004 5272 1282 5342 Πνεύματι
1317 5274 1454 5343 ἁγίῳ
1481 5279 1577 5326 καὶ
1600 5272 1752 5341 πυρί.
1787 5291 1805 5323 ι

163 5366 418 5434 Συνίης
453 5357 570 5426 οὖν,
601 5364 747 5424 ὅπως
780 5364 1009 5416 κατόπιν
1038 5363 1198 5428 εὐθὺς
1235 5365 1325 5416 καὶ
1360 5365 1638 5432 μονονουχὶ
1675 5363 1814 5415 κατὰ

161 5461 382 5521 πόδας
417 5453 518 5506 τοῦ
547 5455 1007 5524 προαγγέλλοντος
1028 5455 1269 5517 ἐϐάδιζεν
1291 5456 1318 5506 ο
1343 5456 1594 5525 Χριστὸς,
1625 5455 1815 5507 ἑαυτὸν

160 5551 397 5622 ἀφανῆ
445 5547 707 5611 καθιστὰς
740 5553 850 5612 τοῖς
883 5551 984 5603 ἀνὰ
1029 5551 1207 5603 πᾶσαν
1253 5552 1351 5619 τὴν
1409 5551 1684 5609 Ἰουδαίαν,
1723 5549 1814 5600 καὶ

158 5640 300 5698 οἷον
329 5638 622 5708 ἐξαίφνης
652 5641 742 5692 καὶ
773 5641 1049 5703 ἀδοκήτως
1080 5642 1518 5710 ἐπιφαινόμενος.
1551 5639 1813 5708 Ἀγγελόν

256 5824 312 5857 3?
361 5816 577 5868 Sauli.
612 5830 665 5877 v,
703 5815 784 5867 16.

648 5909 921 5969 PATROL.
961 5907 1078 5967 (ἶιι.
1116 5909 1212 5968 LX
1232 5909 1344 5967 ΧΠ.

881 5816 945 5845 ιτ·
979 5813 1210 5880 ιιιοω,
1265 5817 1351 5868 50.
1432 5817 1472 5847 ³⁸
1509 5814 1691 5870 θῐιιιιιιι
1743 5831 1816 5884 XI.

1911 5815 1954 5870 Ο.
2031 5817 2071 5846 ἐ’
2096 5819 2192 5872 lsa.
2220 5834 2304 5881 xc,
2342 5820 2390 5874 5.
2424 5835 2435 5871 ;
2469 5817 2658 5873 Mtttlt.
2701 5835 2781 5883 ιιι,
2818 5817 2870 5872 3.

1914 3348 2014 3402 bus
2049 3364 2144 3417 per
2196 3351 2373 3418 ipsum
2416 3350 2728 3416 locupletati
2779 3368 2884 3405 non
2935 3354 3163 3407 sumus?
3197 3355 3287 3408 Ait
3317 3370 3447 3426 ergo
3476 3372 3495 3410 :

1917 3457 1936 3490 ι
1967 3440 2109 3495 Ecce
2141 3453 2240 3510 ego
2273 3442 2480 3494 mittam
2513 3441 2762 3512 angelum
2803 3458 3003 3509 meum,
3039 3454 3093 3498 et
3125 3447 3497 3515 speculabitur

1911 3531 2054 3583 viam
2089 3541 2215 3585 ante
2256 3532 2450 3586 faciem
2489 3548 2687 3587 meam.
2723 3551 2743 3585 ι
2783 3534 2991 3600 Quibus
3028 3538 3210 3593 verbis
3245 3549 3493 3594 sanctum

1915 3622 2209 3692 Baptistam
2263 3625 2476 3680 videtur
2520 3628 2904 3694 praenuntiam.
2961 3626 3096 3682 Nam
3145 3640 3200 3684 et
3248 3630 3498 3685 Christus

1916 3715 2032 3784 ipse
2069 3715 2270 3770 alicubi
2303 3734 2316 3769 :
2357 3735 2378 3768 ι
2414 3717 2513 3772 Hic
2548 3726 2632 3772 est
2667 3719 2732 3772 de
2763 3734 2869 3787 quo
2903 3720 3165 3787 scriptum
3203 3729 3285 3775 est
3315 3735 3330 3774 :
3359 3720 3498 3776 Ecce

1917 3819 2017 3874 ego
2063 3808 2272 3860 mittam
2321 3808 2572 3877 angelum
2611 3824 2789 3861 meum
2841 3820 2968 3862 ante
2999 3810 3193 3864 faciem
3227 3822 3394 3878 tuam,
3441 3823 3500 3865 ut

1915 3908 2181 3967 praeparet
2213 3898 2357 3952 viam
2391 3908 2536 3954 tuam
2570 3908 2695 3953 ante
2726 3910 2777 3954 te
2799 3899 2863 3956 ³⁸.
2894 3919 2911 3950 ι
2947 3899 3024 3954 De
3054 3903 3242 3956 eodem
3282 3904 3496 3958 divinus

1916 3989 2124 4047 Isaias:
2161 4011 2178 4044 ι
2215 3991 2323 4046 Vox
2377 3993 2665 4048 clamantis
2716 3993 2766 4047 itt
2823 3995 3039 4048 deserto
3071 4012 3086 4050 :
3119 3994 3314 4050 Parate
3355 3997 3496 4052 viam

1918 4084 2156 4146 Domini,
2200 4095 2377 4138 rectas
2415 4085 2577 4139 facite
2622 4087 2846 4138 semitas
2892 4084 2984 4138 Dei
3020 4087 3191 4139 nostri
3220 4087 3284 4139 ³³.
3321 4106 3339 4138 ι
3375 4086 3495 4152 Quo

1919 4174 2082 4238 iacto,
2108 4176 2304 4244 inquit,
2333 4187 2528 4229 etcum
2556 4176 2828 4244 paululum
2856 4177 3162 4229 cucurrerit
3185 4178 3274 4244 qui
3300 4180 3365 4229 ad
3395 4180 3497 4230 ista

1920 4269 2217 4320 nuntianda
2255 4269 2581 4321 constitutus
2613 4277 2695 4322 est
2725 4289 2737 4322 :
2776 4285 2794 4317 ι
2830 4268 3024 4320 Statim
3060 4268 3237 4321 veniet
3273 4269 3339 4322 ad
3372 4278 3501 4322 tem-

1919 4358 2064 4428 plum
2101 4374 2256 4413 suum
2300 4359 2581 4424 Dominus,
2615 4374 2772 4427 quem
2806 4374 2900 4412 vos
2930 4359 3192 4427 quaeritis,
3241 4370 3296 4414 et
3322 4361 3500 4428 Ange-

1919 4449 2000 4504 lus
2038 4453 2370 4516 teStamenti,
2408 4467 2588 4521 quem
2616 4467 2708 4505 vos
2740 4451 2922 4505 vultis.
2956 4470 2976 4502 ι
3008 4449 3310 4506 Conﬁrmat
3356 4452 3496 4507 idem

1924 4552 1978 4598 et
2011 4546 2200 4597 beatus
2225 4541 2484 4608 Joannes,
2519 4544 2586 4597 ad
2620 4543 2945 4612 baptismum
2988 4545 3322 4612 pmnitentiae
3358 4545 3500 4598 acci—

1921 4635 2177 4704 piendum
2209 4633 2540 4690 conﬂuentes
2569 4635 2648 4688 sic
2683 4635 3016 4704 compellans
3043 4653 3056 4689 :
3090 4655 3107 4686 ι
3143 4636 3254 4705 Ego
3281 4636 3496 4705 baptizo

1919 4741 2013 4780 vos
2047 4727 2098 4779 in
2139 4741 2300 4794 aqua,
2358 4736 2473 4795 post
2509 4742 2592 4778 me
2628 4737 2809 4780 autem
2843 4729 3020 4781 veniet
3059 4730 3160 4791 vir,
3195 4726 3347 4794 cujus
3389 4743 3493 4780 non

1917 4830 2037 4868 sum
2073 4815 2268 4883 dignus
2309 4825 2367 4868 ut
2411 4815 2771 4884 procumbens
2817 4816 3023 4869 solvam
3068 4816 3354 4884 corrigiam
3382 4815 3501 4885 ejus

1920 4907 2276 4962 calceamenti
2309 4926 2321 4960 :
2352 4909 2439 4961 ille
2473 4922 2576 4961 vos
2617 4907 2911 4976 baptizabit
2961 4907 3013 4959 in
3062 4907 3269 4973 Spiritu
3309 4914 3498 4960 sancto

1918 5010 1972 5053 et
1999 5000 2107 5068 igni
2130 4997 2194 5051 “.
2230 5019 2247 5049 ι
2273 4999 2550 5068 Perspicis
2577 4998 2741 5068 igitur
2794 4998 3066 5066 quomodo
3093 5006 3211 5066 post
3240 4996 3423 5050 statim
3447 5005 3500 5050 et

1919 5100 2128 5144 tantum
2176 5106 2281 5143 non
2315 5104 2346 5143 e
2377 5090 2606 5157 vestigio
2643 5090 2894 5144 Christus
2933 5088 3298 5157 praenuntiam
3341 5101 3498 5141 secu-

1919 5191 2005 5235 tus
2039 5181 2130 5245 sit,
2166 5196 2224 5237 se
2262 5182 2436 5249 ipsum
2487 5182 2748 5234 hactenus
2781 5180 3037 5233 latentem
3072 5179 3274 5231 sistens
3296 5174 3497 5230 Judaeis

1919 5271 2213 5336 universis,
2243 5270 2410 5340 850
2437 5281 2490 5326 et
2520 5272 2674 5340 quasi
2704 5268 2985 5336 repentino
3021 5281 3085 5318 ac
3111 5267 3177 5320 de
3207 5256 3512 5333 improviso

1923 5379 2211 5432 apparens.
2268 5363 2528 5430 Augelum
2585 5371 2764 5414 autem
2822 5357 3158 5411 nominatum
3213 5370 3499 5411 sacrosan-

1920 5465 2067 5507 ctum
2102 5453 2398 5520 Baptistam
2427 5452 2678 5515 dicimus,
2714 5465 2819 5503 non
2855 5459 3074 5516 propter
3097 5457 3343 5503 naturam
3375 5448 3498 5518 qui-

1922 5548 2064 5610 dem,
2129 5561 2191 5598 ex
2235 5543 2458 5596 muliere
2486 5542 2630 5594 enim
2667 5553 2824 5595 natus
2859 5542 3022 5596 homo
3048 5542 3275 5612 proinde
3304 5549 3362 5592 ut
3395 5553 3493 5593 nos

1923 5638 2054 5699 fuit,
2095 5637 2190 5691 :ed
2225 5637 2481 5704 quoniam
2514 5635 2588 5688 llli
2626 5635 2751 5689 talia
2793 5636 2945 5689 nobis
2970 5631 3300 5703 praedicandi
3359 5643 3501 5682 nun.-

2987 5815 3029 5845 “
3068 5813 3256 5867 Matth.
3294 5823 3379 5877 ιιι,
3423 5815 3504 5868 Ξέ.

3067 5905 3129 5985 Ῑέ
