4026 6276
529 444 631 501 331

1528 433 1584 489 s.
1626 432 1903 490 crmLLI
1940 392 2413 486 ALEXANDmNI
2454 428 2772 485 ARCIIIEP.

3699 433 3801 487 σω
3861 512 3865 516 ι

534 556 812 625 tiandique
860 566 1057 608 munus
1104 566 1189 606 est
1243 549 1579 618 impositum.
1628 548 1714 603 Ab
1748 544 1923 602 oﬂiciu
1957 547 2115 615 igitur

2235 561 2296 613 γε
2335 545 2439 616 μὴν
2469 542 2787 615 ὠνομᾶσθαι
2829 558 3008 613 φαμεν
3045 542 3135 596 τὸν
3167 541 3456 596 θεσπέσιον
3488 542 3799 617 Βαπτιστὴν

534 646 856 704 vocabulum
884 644 1108 709 inditur,
1150 658 1248 698 nec
1279 651 1529 696 naturam
1573 641 1886 710 angelorum
1916 639 2114 710 signiti-

535 752 643 799 cat.
678 742 975 796 Venturum
1012 751 1175 808 porro
1209 736 1276 790 ad
1319 734 1577 805 templum
1622 749 1778 788 suum
1821 733 1973 797 dicit,
2020 741 2113 786 aut

536 834 659 905 quia
710 834 944 887 Verbum
994 843 1124 885 caro
1171 828 1373 882 factum
1425 825 1599 890 est“,
1649 832 1703 877 et
1755 833 2010 891 tanquam
2059 822 2113 875 in

536 926 733 997 templo
764 925 907 994 quod
953 938 983 978 e
1027 920 1333 975 castissimo
1383 925 1584 972 sancta:
1611 914 1847 982 Virginis
1889 929 2116 985 corpore

538 1025 873 1087 susceperat,
912 1012 1211 1069 habitavit:
1247 1019 1339 1065 aut
1377 1009 1429 1063 in
1462 1006 1683 1062 homine
1715 1005 1979 1073 perfecto,
2021 1006 2114 1073 qui

528 1124 601 1163 ex
631 1119 880 1176 corpore,
908 1103 1152 1172 inquam,
1178 1109 1235 1155 et
1272 1097 1454 1152 anima
1502 1094 1817 1167 immediate
1850 1102 1904 1148 et
1934 1093 2117 1147 divina
2144 1110 2156 1119 ·

538 1197 875 1269 providentia
928 1199 1341 1261 coagmentatus
1392 1203 1516 1243 esse
1568 1187 1811 1241 creditus
1862 1195 1972 1250 est;
2025 1190 2119 1237 aut

536 1291 795 1362 templum
848 1285 1169 1355 simpliciter
1229 1281 1474 1334 nominat
1531 1278 1865 1341 Jerusalem,
1933 1282 2118 1344 utpote

535 1393 777 1438 sanctam
803 1388 857 1433 et
884 1377 985 1432 sibi
1007 1375 1311 1429 dedicatam
1346 1370 1623 1425 civitatem
1649 1385 1663 1434 ;
1696 1376 1790 1421 aut
1815 1365 2115 1421 Ecclesiam

533 1474 682 1529 velut
718 1472 767 1524 in
797 1479 922 1539 typo
953 1480 1073 1521 suo.
1109 1464 1375 1518 Caeterum
1421 1460 1713 1515 adventum
1750 1474 1845 1513 seu
1880 1472 2118 1527 praesen-

533 1567 665 1621 tiam
704 1576 854 1617 suam
886 1556 1257 1627 compluribus
1285 1552 1553 1607 mirandis
1589 1550 1847 1619 operibus
1876 1549 2117 1619 promul-

533 1654 698 1724 gavit,
732 1668 750 1702 ι
790 1648 1109 1702 Ρῐωιιίεοιιε
1143 1642 1499 1711 Evangelium
1536 1641 1707 1710 regni,
1743 1654 1946 1693 sanans
1998 1654 2116 1693 om-

535 1762 630 1802 nes
673 1744 893 1798 morbos
934 1749 987 1794 et
1030 1752 1246 1792 omnem
1295 1735 1607 1803 languorem
1653 1733 1704 1786 in
1742 1731 1963 1801 p0pulo,
2000 1749 2018 1782 ι
2061 1738 2118 1785 ιιι

536 1840 797 1906 scriptum
850 1835 1019 1891 est“.
1079 1831 1271 1887 Veniet
1318 1830 1484 1899 igitur
1550 1825 1844 1887 Dominus,
1905 1823 2113 1891 inquit,

2218 636 2280 688 οὐ
2314 636 2401 689 διὰ
2430 652 2493 703 γε
2527 634 2622 705 τὴν
2650 634 2809 703 φύσιν
2850 633 3160 705 (γεγένηται
3194 632 3303 703 γὰρ
3330 633 3395 686 ὲκ
3426 633 3681 700 γυναικὸς
3710 636 3803 687 καὶ

2215 722 2283 797 ἦν
2316 725 2601 797 ἄνθρωπος
2635 727 2756 780 καθ’
2786 727 2985 797 ἡμᾶς),
3021 725 3137 778 ἀλλ’
3162 726 3245 778 ὅτι
3276 725 3377 796 τὴν
3403 725 3497 777 τοῦ
3526 726 3595 779 τὰ
3628 726 3804 779 τοιάδε

2213 818 2594 889 διακηρύττειν
2644 819 2737 872 καὶ
2784 817 3158 894 ,ἀπαγγέλλειν
3213 818 3344 886 ἡμῖν
3402 818 3806 888 ὲγκεχείρισται

2212 910 2579 980 λειτουργίαν.
2632 908 2842 963 οὐκοῦν
2880 910 2987 963 ἀπὸ
3030 910 3123 962 τοῦ
3169 914 3493 978 πράγματος
3524 912 3557 979 ἠ
3589 909 3802 978 κλῆσις,

2216 1001 2310 1052 καὶ
2342 1000 2443 1051 οὐκ
2469 1001 2656 1063 οὐσίας
2689 1000 2934 1069 ἀγγέλων
2964 1001 3117 1054 ἔσται
3152 1003 3481 1071 σημαντικὴ.
3521 1001 3709 1065 ’Ἢξειν
3742 1017 3807 1069 γε

2219 1092 2327 1161 μὴν
2362 1095 2441 1154 εἰς
2475 1092 2565 1144 τὸν
2613 1093 2738 1145 ναὸν
2769 1092 2935 1146 αὑτοῦ
2969 1110 3125 1163 φησι,
3176 1093 3207 1164 ἢ
3254 1095 3335 1147 ὅτι
3366 1095 3555 1162 γέγονε
3597 1094 3731 1165 σὰρξ
3784 1097 3811 1148 ό

2217 1184 2409 1251 Λόγος,
2457 1184 2553 1238 καλ⁵
2590 1185 2877 1254 κατῴκησε
2927 1186 3179 1255 καθάπερ
3224 1187 3282 1237 ὲν
3322 1186 3434 1255 ναῷ
3482 1186 3559 1255 τῷ
3605 1188 3667 1239 ὲκ
3709 1187 3810 1256 τῆς

2219 1274 2380 1340 ἁγίας
2416 1274 2691 1344 Παρθένου
2724 1276 2984 1345 πανάγνῳ
3030 1274 3280 1345 σώματι·
3326 1277 3494 1346 ἤγουν
3536 1276 3811 1347 ἀνθρώπῳ

2218 1365 2431 1437 τελείῳ,
2458 1366 2536 1437 τῷ
2558 1369 2621 1419 ἐκ
2648 1367 2847 1438 ψυχῆς,
2884 1369 3047 1436 λέγω,
3073 1370 3167 1421 καὶ
3207 1369 3462 1439 σώματος
3496 1368 3715 1437 ἀμέσως
3746 1386 3813 1421 τε

2222 1456 2315 1508 καὶ
2374 1457 2734 1527 οἰκονομικῶς
2782 1458 3027 1528 ἡνῶσθαι
3076 1460 3529 1529 πεπιστευμένῳ·
3585 1460 3617 1529 ἢ
3682 1461 3814 1514 ναὸν

2223 1547 2406 1610 ἁπλῶς
2441 1549 2695 1618 ὀνομάζει
2717 1549 2816 1620 τὴν
2834 1547 2943 1604 οἷον
2970 1551 3119 1622 ἱερὰν
3142 1552 3235 1604 καὶ
3268 1552 3633 1622 ἀνακειμένην
3659 1552 3816 1624 αὐτῷ

2220 1637 2393 1703 πόλιν,
2430 1638 2586 1708 δῆλον
2625 1640 2685 1693 δὲ
2730 1641 2811 1692 ὅτι
2851 1641 2951 1711 τὴν
3005 1641 3395 1712 Ἰερουσαλήμ·
3430 1644 3597 1713 ἤγουν
3639 1643 3715 1705 ὼς
3757 1645 3815 1696 ἐν

2218 1729 2374 1801 τύπῳ
2404 1731 2483 1800 τῷ
2512 1731 2649 1801 πρὸς
2678 1731 2893 1802 ἐκείνην
2924 1732 3022 1801 τὴν
3066 1732 3413 1804 Ἐκκλησίαν.
3458 1734 3725 1787 Ἐποιεῖτο
3757 1734 3815 1788 δὲ

2220 1822 2319 1890 τῆς
2368 1822 2560 1875 ἑαυτοῦ
2610 1823 2910 1894 παρουσίας
2951 1824 3049 1893 τὴν
3098 1826 3401 1896 ἀνάρρησιν
3452 1826 3818 1897 πολυτρόπως

533 1948 693 2003 quem
749 1944 843 1983 vos
884 1925 1159 1995 quaaritis,
1215 1937 1281 1975 ex
1329 1917 1777 1988 pusillanimitate
1831 1918 2112 1969 dicentes:

2220 1914 2621 1983 τερατουργῶν,
2656 1934 2674 1965 ι
2715 1915 3021 1985 Κηρύσσων
3053 1916 3113 1967 τὸ
3142 1916 3477 1985 Εύαγγέλιον
3508 1918 3606 1987 τῆς
3654 1917 3819 1988 βασι-

540 2046 556 2077 ι
597 2024 694 2081 Ubi
723 2029 806 2076 est
837 2021 976 2073 Deus
1005 2012 1269 2083 justitiae?
1303 2030 1321 2062 ι
1362 2007 1558 2062 Veniet
1593 2017 1770 2061 autem
1811 2021 1875 2059 ac
1905 2004 2118 2057 docebit

534 2126 654 2179 qua:
681 2123 842 2177 supra
879 2107 1050 2173 legem
1092 2111 1146 2157 et
1181 2115 1345 2169 supra
1397 2098 1625 2152 umbras
1672 2110 1737 2150 ac
1778 2105 1933 2165 typos
1969 2105 2115 2149 sunt.

536 2205 654 2260 Erit
702 2202 904 2270 quippe
945 2194 1183 2265 Angelus
1227 2190 1576 2255 testamenti,
1625 2188 1768 2258 quod
1817 2187 1945 2242 olim
1989 2202 2119 2243 voce

539 2295 631 2348 Dei
667 2300 721 2346 et
755 2289 935 2344 Patris
960 2284 1380 2355 pramuntiatum
1416 2290 1520 2335 est.
1552 2280 1798 2345 Quodam
1822 2278 1966 2332 enim
2000 2278 2117 2331 loco

536 2396 817 2438 sacrorum
866 2380 1144 2433 doctorem
1192 2374 1373 2427 Mosen
1418 2373 1498 2428 sic
1550 2370 1889 2439 alloquitur:
1935 2388 1953 2419 ι
1984 2368 2117 2423 Pro-

540 2482 757 2547 phetam
794 2472 901 2527 illis
927 2468 1203 2525 suscitabo
1224 2466 1289 2521 de
1316 2463 1576 2518 fratribus
1608 2463 1845 2532 ipsorum
1872 2461 2013 2515 sicut
2042 2471 2113 2526 te,

538 2580 588 2623 ct
618 2579 812 2637 ponam
848 2561 1011 2616 verba
1063 2572 1180 2613 mea
1227 2557 1280 2610 in
1340 2570 1433 2609 ore
1471 2554 1612 2623 ejus,
1654 2563 1709 2606 et
1751 2551 2003 2620 loquetur
2037 2552 2118 2605 eis

536 2656 829 2713 secundum
875 2650 1058 2707 omnia
1092 2662 1212 2718 quae
1256 2660 1567 2715 praecepero
1613 2644 1754 2699 ei”.
1786 2662 1805 2696 ι
1849 2643 1980 2698 Esse
2020 2659 2118 2695 au-

540 2759 647 2805 tem
687 2745 966 2801 Christum
1000 2738 1139 2795 Novi
1176 2736 1511 2793 Testamenti
1557 2733 1851 2803 Angelum,
1888 2741 2117 2787 testatur

536 2850 590 2895 et
628 2837 797 2894 Isaias
830 2835 977 2887 hunc
1022 2833 1074 2885 in
1125 2830 1342 2885 modum
1375 2827 1441 2881 de
1486 2826 1575 2880 illo
1618 2825 1843 2895 loquens
1878 2842 1889 2876 :
1926 2843 1943 2873 ι
1981 2823 2119 2889 Quia

535 2944 750 2985 omnem
789 2925 982 2981 stolam
1018 2930 1402 2991 congregatam
1438 2917 1583 2983 dolo,
1637 2926 1694 2969 et
1732 2916 2117 2970 veStimentum

534 3036 659 3076 cum
703 3012 1136 3073 commutatione
1169 3009 1480 3072 restituent,
1512 3015 1565 3061 et
1590 3007 1796 3070 volent,
1836 3004 1881 3059 si
1919 3004 2121 3058 fuerint

535 3112 659 3181 igne
690 3104 994 3168 combusti,
1026 3103 1154 3172 quia
1192 3116 1326 3172 puer
1365 3109 1523 3152 natus
1551 3106 1635 3152 est
1666 3096 1844 3159 nobis,
1888 3104 1945 3149 et
1978 3094 2119 3149 [ilius

536 3204 695 3254 datus
725 3206 810 3252 est
843 3193 1021 3259 nobis,
1071 3191 1223 3261 cujus
1257 3189 1543 3258 imperium
1593 3186 1797 3240 factum
1840 3194 1924 3239 est
1954 3199 2118 3254 super

2218 2005 2387 2070 λείας,
2430 2006 2522 2059 καὶ
2554 2006 2870 2076 θεραπεύων
2915 2009 3096 2062 πᾶσαν
3152 2009 3308 2061 νόσον
3352 2009 3446 2061 καὶ
3494 2011 3673 2061 πᾶσαν
3706 2026 3820 2077 μα·-

2218 2096 2409 2150 λακίαν
2441 2099 2498 2149 ὲν
2530 2098 2607 2168 τῷ
2638 2098 2771 2169 λαῷ,
2812 2118 2830 2150 ι
2868 2100 3008 2154 καθὰ
3050 2102 3384 2169 γέγραπται.
3428 2101 3586 2166 Ἥξει
3629 2102 3818 2155 τοίνυν

2218 2190 2246 2242 6
2280 2187 2505 2259 Κύριος,
2552 2191 2707 2260 φησι,
2752 2191 2810 2243 δν
2847 2192 3004 2260 ὑμεῖς
3038 2192 3272 2261 ζητεῖτε,
3315 2192 3567 2260 λέγοντες
3605 2193 3669 2246 ἐκ
3721 2211 3820 2263 μι-

2219 2279 2520 2349 κροψυχίας
2541 2298 2553 2311 ·
2596 2298 2614 2332 ς
2658 2281 2769 2333 Ποῦ
2817 2282 2963 2335 ἔστιν
2990 2284 3019 2335 6
3050 2283 3184 2347 Θεὸς
3221 2284 3322 2354 τῆς
3355 2284 3705 2354 δικαιοσύνης
3734 2301 3750 2348 ;
3796 2303 3814 2335 s

2220 2370 2377 2436 ’Ἥξει
2409 2371 2467 2423 δὲ
2503 2371 2771 2425 διδάσκων
2816 2373 2885 2426 τὰ
2934 2374 3073 2444 ὑπὲρ
3108 2375 3271 2443 νόμον
3317 2375 3413 2427 καὶ
3452 2374 3518 2427 τὰ
3548 2375 3818 2428 ἐπέκεινα

2220 2464 2377 2526 σκιᾶς
2413 2464 2505 2516 καὶ
2538 2463 2744 2517 τύπων.
2777 2464 2971 2518 Ἔσται
2996 2464 3104 2536 γὰρ
3131 2465 3397 2536 διαθήκης
3428 2466 3679 2534 ἄγγελος,
3716 2467 3821 2535 τῆς

2219 2555 2386 2609 πάλαι
2418 2554 2871 2625 προηγγελμένης
2912 2556 2998 2609 διὰ
3042 2557 3227 2627 φωνῆς
3262 2558 3354 2609 τοῦ
3388 2556 3525 2610 Θεοῦ
3562 2558 3657 2611 καὶ
3696 2559 3821 2612 Πα-

2218 2647 2345 2716 τρός
2411 2647 2555 2715 Ἔφη
2602 2647 2710 2716 γάρ
2744 2664 2844 2699 που
2882 2648 3017 2719 πρὸς
3055 2648 3149 2700 τὸν
3200 2649 3527 2719 ἱεροφάντην
3571 2650 3823 2703 Μωσέαο

2225 2757 2243 2790 ι
2279 2739 2576 2810 Προφήτην
2602 2740 2785 2803 αὐτοῖς
2812 2740 3103 2810 ἀναστήσω
3136 2742 3198 2792 ὲκ
3220 2742 3328 2793 τῶν
3358 2742 3605 2811 ἀδελφῶν
3630 2743 3827 2795 αὐτῶν

2219 2834 2406 2906 ὥσπερ
2455 2834 2534 2898 ce;
2566 2820 2660 2886 καὶ
2691 2833 2841 2904 θήσω
2869 2836 2995 2897 τοὺς
3032 2834 3223 2901 λόγους
3274 2851 3379 2905 μου
3421 2837 3502 2900 είς
3537 2836 3599 2889 τὸ
3634 2838 3829 2908 στόμα

2219 2925 2405 2991 αὑτοῦ,
2435 2926 2528 2979 καὶ
2558 2925 2782 2996 λαλήσει
2812 2927 2995 2989 αὐτοῖς
3024 2928 3173 2979 κατὰ
3215 2928 3395 2980 πάντα
3428 2928 3529 2982 ὅσα
3562 2929 3831 2982 ἐντείλω-

2223 3036 2322 3089 μαι
2364 3017 2533 3088 αὐτῷ.
2574 3036 2593 3068 ι
2630 3019 2752 3070 ’ὐτι
2780 3018 2836 3070 δὲ
2870 3019 3081 3088 Καινῆς
3111 3020 3385 3090 Διαθῆκης
3422 3021 3654 3089 ἄγγελος
3692 3018 3769 3094 ἧν
3800 3025 3830 3077 6

2220 3108 2475 3180 Χριστὸς,
2527 3113 2782 3181 σαφηνιεῖ
2828 3109 3002 3178 λέγων
3040 3113 3134 3164 καὶ
3180 3114 3208 3165 6
3257 3112 3527 3183 μακάριος
3583 3115 3826 3178 Ἡσαΐας

2222 3202 2350 3270 περὶ
2397 3200 2598 3253 αὐτοῦ·
2660 3219 2678 3252 ι
2736 3201 2859 3254 ’Ότι
2912 3203 3090 3255 πᾶσαν
3140 3202 3333 3275 στολὴν
3368 3204 3827 3277 ἑπισυνηγμένην

538 3296 825 3346 humerum
881 3287 1023 3354 ejus,
1084 3294 1139 3339 et
1187 3290 1412 3337 vocatur
1462 3296 1658 3335 nomen
1716 3278 1834 3346 ejus
1878 3277 2115 3346 Angelus

2221 3291 2375 3361 δόλῳ,
2409 3291 2506 3343 καὶ¹
2542 3292 2756 3361 ἱμάτιον
2791 3293 2928 3363 μετά
2967 3295 3317 3364 καταλλαγῆς
3344 3297 3694 3364 ἀποτίσουσι,
3730 3300 3830 3352 καὶ

538 3379 720 3449 magni
775 3375 990 3431 consilii
1013 3374 1104 3437 ⁸⁸⁵,
1140 3393 1160 3424 ι
1228 3373 1347 3427 sine
1410 3371 1575 3425 dubio
1642 3369 1737 3422 Dei
1803 3377 1860 3423 et
1918 3367 2113 3421 Patris.

539 3473 772 3528 Proinde
814 3470 979 3525 etiam
1029 3465 1245 3520 dicebat
1278 3481 1291 3515 :
1326 3481 1345 3513 ι
1380 3464 1422 3514 Α
1492 3461 1703 3529 meipso
1754 3474 1859 3512 non
1904 3458 2113 3527 loquor,

538 3566 631 3620 sed
681 3563 772 3633 qui
818 3560 967 3616 misit
1012 3572 1097 3612 me
1140 3555 1320 3622 Pater,
1356 3555 1471 3623 ipse
1517 3552 1646 3606 mihi
1698 3551 1953 3619 praecepit
1989 3549 2117 3618 quid

537 3657 715 3712 dicam
742 3664 800 3710 et
837 3649 1193 3729 quid‘loquar
1216 3646 1283 3701 “.
1317 3666 1335 3698 ι
1370 3646 1487 3701 Non
1517 3646 1660 3699 enim
1690 3655 1805 3698 erat
1850 3643 2118 3697 humanus

534 3759 715 3802 sermo
743 3740 1070 3804 Salvatoris,
1105 3737 1200 3793 scd
1232 3746 1487 3806 tanquam
1526 3751 1556 3789 a
1588 3735 1697 3789 Deo
1735 3743 1789 3789 et
1825 3732 1988 3787 Patre
2023 3748 2119 3802 per

536 3836 733 3889 Filium
779 3829 1080 3885 naturalem
1124 3828 1188 3881 ad
1221 3842 1317 3881 nos
1357 3827 1539 3880 tiehat.
1584 3825 1817 3880 Verbum
1854 3826 2000 3878 enim
2036 3832 2119 3879 est

535 3925 655 3991 ejus
678 3923 770 3989 qui
804 3920 994 3990 genuit
1022 3918 1232 3987 ipsum;
1265 3926 1320 3972 et
1346 3918 1502 3971 tidem
1528 3918 1690 3971 faciet
1717 3932 1813 3986 per
1838 3916 2113 3982 Davidem,

541 4035 560 4066 s
589 4014 872 4070 Eruetavit
897 4026 993 4065 cor
1021 4025 1196 4065 meum
1222 4010 1467 4075 verbum,
1489 4010 1688 4064 bonum
1709 4008 1776 4061 9“.
1808 4028 1827 4061 ι

2222 3382 2565 3453 θελήσουσιν,
2604 3384 2651 3434 εἰ
2691 3384 3026 3454 ἐγενήθησαν
3072 3388 3458 3457 πυρίκαυστοι.
3511 3388 3638 3442 Ὅτι
3693 3410 3829 3444 παι-

2222 3473 2332 3527 δίον
2363 3474 2626 3544 ἐγεννήθη
2668 3477 2821 3544 ἡμῖν,
2873 3476 2985 3539 υἱὸς
3036 3478 3131 3531 καὶ
3174 3479 3329 3550 ἐδόθη
3364 3481 3516 3550 ἡμῖν,
3554 3473 3618 3533 οὗ
3670 3482 3829 3553 ἀρχὴ

2224 3565 2459 3636 ἐγενήθη
2484 3568 2575 3619 ἐπὶ
2604 3565 2699 3619 τοῦ
2735 3566 2885 3637 ὤμου
2918 3569 3107 3630 αὐτοῦ,
3141 3572 3231 3623 καὶ
3267 3571 3509 3626 καλεῖται
3536 3572 3598 3625 τὸ
3638 3573 3830 3645 ὄνομα

2224 3655 2389 3709 αὐτοῦ
2425 3657 2665 3727 μεγάλης
2698 3658 2892 3729 βουλῆς
2922 3660 3204 3730 Ἄγγελος,
3249 3682 3267 3715 ι
3303 3663 3461 3733 δῆλον
3490 3664 3544 3717 δὲ
3586 3666 3672 3718 ὅτι
3722 3666 3827 3734 τῆς

2223 3748 2317 3800 τοῦ
2343 3748 2478 3801 Θεοῦ
2502 3750 2593 3802 καὶ
2624 3751 2856 3821 Πατρός.
2884 3753 3171 3823 Τοιγάρτοι
3195 3756 3290 3808 καὶ
3315 3755 3552 3823 ἔφασκεν
3573 3773 3585 3785 '
3624 3776 3644 3808 ι
3696 3757 3827 3811 Ἄττ*

2224 3836 2462 3906 ἐμαυτοῦ
2500 3839 2560 3890 οὐ
2595 3838 2761 3903 λαλῶ,
2800 3841 2915 3893 ἀλλ’
2953 3844 2981 3895 6
3018 3843 3234 3913 πέμψας
3286 3862 3351 3914 με
3403 3847 3615 3917 Πατὴρ,
3650 3847 3827 3909 αὐτός

2227 3947 2315 4000 μοι
2346 3931 2569 4002 ἐντολὴν
2606 3933 2805 3987 δέδωκε
2858 3935 2911 3988 τί
2944 3937 3082 3989 εἴπω
3139 3939 3233 3991 καὶ
3278 3938 3328 3991 τί
3358 3938 3593 4008 λαλήσω.
3655 3960 3674 3992 ι
3743 3942 3825 3993 Οὐ

2222 4022 2330 4093 γὰρ
2366 4020 2434 4094 ἦν
2469 4025 2806 4095 ἀνθρώπινος
2853 4028 2945 4080 τοῦ
2982 4029 3235 4099 Σωτῆρος
3289 4033 3315 4084 6
3348 4030 3503 4100 λόγος
3525 4048 3537 4059 ·
3588 4034 3708 4086 ἀλλ’
3743 4033 3825 4097 ὠς

533 4109 599 4161 ἐκ
628 4104 761 4160 Θεοῦ
804 4105 897 4159 καὶ
931 4102 1141 4174 Πατρὶς
1173 4102 1240 4154 δι’
1280 4100 1409 4155 Υίοῦ
1440 4102 1535 4157 τοῦ
1565 4102 1704 4157 κατά
1736 4105 1895 4173 φύσιν
1924 4108 2113 4177 γέγονε
2152 4116 2287 4183 πρὸς
2342 4119 2508 4187 ἡμᾶς.
2544 4118 2713 4185 Λόγος
2745 4120 2853 4190 γάρ
2888 4121 3002 4173 ἐστι
3065 4122 3160 4175 τοῦ
3197 4124 3590 4194 γεγεννηκότος
3622 4127 3823 4193 αὑτὸν,

533 4202 629 4255 καὶ
655 4199 982 4254 πιστώσεται
1014 4197 1186 4266 λέγων
1210 4196 1297 4250 διὰ
1326 4197 1509 4268 φωνῆς
1531 4197 1625 4249 τοῦ
1655 4197 1851 4252 Δαϐίδ·
1891 4218 1909 4251 ι
1960 4200 2317 4272 Ἐξηρεύξατο
2345 4211 2377 4277 ἠ
2405 4210 2603 4279 καρδία
2638 4228 2739 4279 μου
2773 4210 2930 4279 λόγον
2962 4211 3183 4280 ἀγαθόν.
3235 4231 3252 4264 ι

590 4295 769 4349 itas.
809 4292 865 4345 2.
918 4290 1051 4345 Ecce
1089 4293 1245 4357 venit,
1295 4293 1423 4345 dicit
1461 4292 1720 4347 Dominus
1765 4298 2113 4364 omnipotens,

532 4400 577 4440 et
607 4388 724 4454 quis
758 4386 1031 4438 sustinebit
1060 4385 1197 4437 diem
1227 4385 1477 4438 introitus
1505 4387 1660 4455 ejus?
1699 4388 1801 4440 Aut
1836 4390 1954 4454 quis
1990 4390 2115 4443 sub-

533 4482 674 4530 sistet
712 4479 764 4530 in
803 4476 999 4528 uisione
1027 4475 1180 4539 ejus?

2305 4304 2451 4357 Ἰδοὺ
2482 4305 2739 4373 ἔρχεται,
2777 4305 2937 4375 ,λέγει
2978 4308 3195 4376 Κύριος
3220 4310 3663 4379 παντοκράτωρ,
3710 4314 3817 4366 καὶ

2220 4395 2313 4458 τίς
2373 4394 2660 4462 ὑπομενεί
2722 4397 2953 4465 ἡμέραν
3011 4400 3255 4453 εισόδου
3313 4401 3537 4467 αὐτοῦ;
3592 4405 3668 4457 Ἣ
3722 4406 3821 4470 τίς

2218 4485 2633 4550 ὐποστήσεται
2662 4488 2732 4540 ἐν
2772 4486 2846 4557 τῇ
2888 4490 3151 4557 ὀπτασίᾳ
3177 4491 3403 4556 aetat”);

605 4565 765 4635 851
815 4562 1051 4617 XXXIII.
1103 4563 1237 4617 lluic
1285 4563 1462 4618 simile
1510 4576 1564 4619 et
1608 4568 1897 4622 admodum
1947 4570 2108 4625 amne

2288 4577 2408 4629 Al".
2453 4578 2680 4647 Ὅμοιον
2712 4579 2888 4648 τούτῳ
2931 4581 3025 4633 καὶ
3058 4581 3207 4648 μάλα
3246 4583 3591 4653 προσεοικὸς,
3632 4584 3692 4635 τὸ
3720 4584 3818 4637 διὰ

536 4670 620 4711 ρει
643 4658 783 4726 quod
818 4656 1012 4725 legitur
1046 4655 1184 4722 apud
1223 4654 1415 4708 Isaiam
1445 4674 1459 4709 ι
1496 4674 1513 4705 ι
1544 4657 1959 4725 Confortamini,
1995 4679 2113 4716 ma-

536 4768 636 4805 itus
675 4749 916 4803 remissa:
952 4757 1009 4800 et
1048 4760 1220 4816 genua
1258 4745 1539 4800 dissoluta.
1576 4748 1972 4818 Consolamini,
2010 4769 2111 4821 pu-

533 4843 833 4895 silianimes
879 4848 1078 4904 meme,
1133 4838 1537 4904 confortamini,
1594 4856 1659 4895 ne
1705 4842 1943 4899 timeatis
1977 4845 2041 4888 ⁸⁷-
2089 4860 2111 4897 s

535 4935 601 4990 Et
637 4945 852 4986 rursum
902 4929 1025 4983 alibi
1058 4945 1073 4981 :
1116 4946 1134 4978 ι
1166 4928 1303 4982 Ecce
1328 4928 1465 4982 Deus
1493 4940 1676 4983 noster
1705 4946 1827 4984 cum
1867 4935 2111 4988 domina-

532 5024 763 5085 tione“.
778 5042 797 5075 ι
818 5022 950 5076 Nam
974 5032 1031 5073 ut
1050 5020 1208 5089 plane
1224 5019 1354 5088 ipsis
1371 5018 1703 5086 adfuturum,
1721 5022 1827 5076 imo
1847 5022 1956 5090 jam
1979 5040 2114 5094 prm-

532 5125 743 5172 sentem
766 5112 1079 5173 ostendens,
1104 5108 1423 5164 clarissimis
1447 5112 1625 5165 verbis
1644 5115 1956 5181 pronuntiat
1979 5127 2113 5171 tem-

531 5222 632 5275 pus
658 5207 923 5259 adventus
951 5202 1070 5271 ejus
1099 5200 1151 5253 in
1181 5202 1439 5255 mundum
1469 5203 1612 5256 hunc
1634 5219 1737 5258 non
1772 5206 1860 5258 diu
1886 5208 2109 5261 dilatum

533 5298 620 5349 iri.
655 5294 918 5349 Virtutem
940 5299 1121 5346 autem
1155 5291 1476 5345 teconomiai
1502 5292 1619 5359 ejus
1640 5295 1966 5363 quibusdam
2002 5314 2108 5352 non

535 5386 648 5440 fore
684 5383 1089 5451 despicabilem,
1120 5399 1220 5438 nec
1242 5383 1541 5439 incredulis
1566 5386 1926 5456 tolerabilem,
1954 5392 2111 5446 docet

533 5477 648 5527 ita:
685 5491 703 5523 ι
746 5473 812 5529 Et
851 5473 975 5541 quis
1016 5475 1303 5529 sustinebit
1341 5475 1483 5531 diem
1523 5478 1778 5533 introitus
1809 5479 1964 5547 ejus?
2006 5484 2111 5535 Aut

533 5564 657 5621 quis
688 5562 944 5617 subsistet
980 5563 1036 5616 in
1067 5564 1271 5618 visione
1302 5564 1459 5631 ejus?
1490 5586 1508 5619 s
1541 5567 1827 5623 lntroitum
1871 5573 2107 5639 appellat

532 5653 809 5725 Uni‘enlti
846 5653 897 5705 in
935 5654 1077 5707 hunc
1111 5656 1370 5709 mundum
1400 5671 1523 5711 cum
1559 5674 1723 5713 carne
1758 5661 2061 5730 ingressum
2090 5682 2103 5718 :

638 5783 681 5815 δι
717 5783 871 5836 Joan.
907 5800 943 5841 t.
977 5786 1059 5838 Η.
1131 5786 1176 5816 δ’
1204 5786 1391 5839 Matth.
1424 5803 1494 5850 tv,
1526 5790 1616 5842 S25.

542 5845 707 5908 "La.
741 5868 903 5916 nar,
930 5853 1019 5906 δι.
1159 5857 1203 5886 ⁵⁸
1244 5855 1347 5909 lsa.
1394 5845 1492 5922 se,
1531 5863 1612 5912 tu.

2218 4667 2402 4737 φωνῆς
2461 4668 2721 4732 Ἡσαΐας·
2762 4688 2780 4720 ι
2833 4670 3131 4740 ’ἰσχύσατε,
3164 4676 3343 4744 χεῖρες
3386 4675 3667 4744 ἀνειμέναι
3715 4675 3859 4726 καὶ·

2217 4759 2420 4826 γόνατα
2457 4759 2895 4831 παραλελυμένα.
2933 4763 3383 4833 Παρακαλέσατε,
3416 4766 3465 4818 οἱ
3494 4765 3820 4835 ὀλιγόψυχοι

2217 4850 2282 4919 τῇ
2308 4848 2538 4921 διανοίᾳ,
2565 4850 2841 4921 ἰσχύσατε,
2873 4853 2946 4923 μὴ
2971 4854 3243 4922 φοϐεῖσθε.
3268 4874 3286 4908 ι
3324 4857 3435 4911 Καὶ
3460 4853 3580 4910 αὖθ’
3605 4858 3780 4927 ἑτέρα
3802 4872 3817 4885 ·

2225 4958 2243 4990 ι
2294 4940 2424 4992 Ἰδοὺ
2458 4942 2486 4992 ὁ
2520 4940 2652 5004 Θεὸς
2693 4944 2848 5012 ἡμῶν
2884 4946 3024 5014 μετὰ
3054 4947 3271 5017 κυρίας.
3308 4967 3326 4999 ι
3377 4948 3468 5011 Ὠς
3495 4950 3603 5020 γὰρ
3638 4949 3821 5001 αὑτὸν

2218 5028 2284 5098 δὴ
2333 5036 2476 5098 μαλα
2523 5035 2916 5104 παρεσόμενον,
2953 5036 3152 5105 μᾶλλον
3185 5037 3241 5089 δὲ
3272 5032 3365 5090 καί
3414 5039 3514 5109 ἢδη
3562 5037 3820 5106 παρόντα

2217 5120 2449 5185 δεικνὺς,
2489 5124 2846 5192 ἀποφαίνεται
2879 5128 3065 5196 σαφῶς
3097 5130 3176 5182 ὅτι
3208 5130 3301 5183 καὶ
3328 5132 3356 5183 6
3386 5130 3487 5199 τῆς
3513 5128 3819 5197 ἐπιδημίας

2218 5210 2383 5263 αὐτοῦ
2404 5212 2499 5282 τῆς
2525 5216 2584 5265 ὲν
2609 5215 2742 5284 τῷδε
2785 5217 2863 5286 τῷ
2893 5219 3082 5289 κόσμῳ
3107 5222 3298 5289 καιρὸς
3331 5222 3429 5274 οὐκ
3459 5224 3537 5284 είς
3570 5220 3815 5290 ἀνάϐληο

2218 5317 2301 5356 σιν
2331 5302 2482 5358 ἔσται
2516 5308 2753 5377 μακράν.
2792 5310 2914 5362 Ὅτι
2941 5310 3000 5363 δὲ
3028 5312 3125 5382 τῆς
3165 5312 3480 5382 οἰκονομίας
3512 5316 3542 5383 ἡ
3571 5311 3818 5379 δύναμις

2213 5394 2312 5446 οὐκ
2351 5395 2830 5469 εὐκαταφρόνητος
2882 5400 3034 5455 ἔσται
3088 5404 3250 5467 τισὶν,
3312 5404 3425 5456 οὐδ’
3478 5403 3543 5456 ἂν
3587 5400 3816 5469 γένοιτο

2212 5489 2324 5551 τοῖς
2359 5488 2677 5543 ἀπειθοῦσιν
2744 5492 2938 5564 οξστὴ,
2998 5494 3241 5548 διδάσκει
3310 5495 3482 5563 λέγων
3540 5511 3553 5527 ·
3610 5510 3627 5541 σ
3688 5492 3816 5544 Καὶ

2212 5578 2297 5640 τίς
2348 5579 2611 5649 ὑπομενεῖ
2662 5584 2874 5652 ἡμέραν
2940 5587 3145 5639 εἰσόδου
3200 5587 3467 5657 αὑτοῦ;ἢ
3515 5586 3592 5646 τίς
3650 5585 3810 5635 ὑπο-

2216 5668 2474 5736 στήσεται
2519 5672 2577 5723 ὲν
2611 5675 2678 5743 τῇ
2727 5673 2964 5747 ὀπτασίᾳ
2992 5676 3199 5742 αὑτοῦ;
3242 5697 3261 5729 ι
3298 5679 3409 5732 Καὶ
3451 5674 3642 5728 εἴσοδον
3692 5674 3815 5742 μὲν

1698 5791 1741 5823 ⁴³
1780 5792 1935 5851 Deut.
1972 5814 2115 5853 svnt

2220 5806 2246 5856 ἰ.
2299 5802 2345 5833 ³³
2377 5803 2479 5860 iss.
2509 5821 2585 5874 iii,
2612 5805 2660 5873 5,
2696 5806 2745 5864 6.
2801 5809 2844 5840 "
2875 5808 3031 5866 Joan.
3057 5826 3157 5879 sit,
3188 5812 3279 5868 69.
3314 5810 3509 5867 “Psal.
3540 5819 3696 5870 xu".
3732 5803 3802 5860 ί-
