  <div class='ocr_page' id='page_1' title='image "/cluster/home/n/w/nwhite01/storage/ocr_20150623/72/mdp.39015019355984/182.png"; bbox 0 0 4026 6276; ppageno 0'>
   <div class='ocr_carea' id='block_1_1' title="bbox 217 398 298 456">
    <p class='ocr_par' dir='ltr' id='par_1_1' title="bbox 217 398 298 456">
     <span class='ocr_line' id='line_1_1' title="bbox 217 398 298 456; baseline 0 0"><span class='ocrx_word' id='word_1_1' title='bbox 217 398 298 456; x_wconf 65' lang='grc'><strong>355</strong></span> 
     </span>
    </p>
   </div>
   <div class='ocr_carea' id='block_1_2' title="bbox 1037 382 2634 449">
    <p class='ocr_par' dir='ltr' id='par_1_2' title="bbox 1037 382 2634 449">
     <span class='ocr_line' id='line_1_2' title="bbox 1037 382 2634 449; baseline -0.006 0"><span class='ocrx_word' id='word_1_2' title='bbox 1037 391 1589 449; x_wconf 68' lang='lat' dir='ltr'><strong>COMMENTARIUS</strong></span> <span class='ocrx_word' id='word_1_3' title='bbox 1627 392 1694 447; x_wconf 81' lang='grc' dir='ltr'><strong>ΙΝ</strong></span> <span class='ocrx_word' id='word_1_4' title='bbox 1735 386 2147 448; x_wconf 69' lang='lat' dir='ltr'><strong>MALACHIAM</strong></span> <span class='ocrx_word' id='word_1_5' title='bbox 2187 382 2634 444; x_wconf 76' lang='lat' dir='ltr'><strong>PROI’HETAM.</strong></span> 
     </span>
    </p>
   </div>
   <div class='ocr_carea' id='block_1_3' title="bbox 3354 372 3459 437">
    <p class='ocr_par' dir='ltr' id='par_1_3' title="bbox 3354 372 3459 437">
     <span class='ocr_line' id='line_1_3' title="bbox 3354 372 3459 437; baseline -0.019 0"><span class='ocrx_word' id='word_1_6' title='bbox 3354 372 3459 437; x_wconf 62' lang='lat'><strong>335</strong></span> 
     </span>
    </p>
   </div>
   <div class='ocr_carea' id='block_1_4' title="bbox 215 502 1803 586">
    <p class='ocr_par' dir='ltr' id='par_1_4' title="bbox 215 510 1772 586">
     <span class='ocr_line' id='line_1_4' title="bbox 215 510 1772 586; baseline -0.002 -17"><span class='ocrx_word' id='word_1_7' title='bbox 215 510 444 584; x_wconf 74' lang='grc' dir='ltr'><strong>ὀνομάζει</strong></span> <span class='ocrx_word' id='word_1_8' title='bbox 487 514 584 582; x_wconf 71' lang='grc' dir='ltr'>τὴν</span> <span class='ocrx_word' id='word_1_9' title='bbox 636 514 691 566; x_wconf 81' lang='grc' dir='ltr'>ὲν</span> <span class='ocrx_word' id='word_1_10' title='bbox 733 511 866 582; x_wconf 80' lang='grc' dir='ltr'>τῷδε</span> <span class='ocrx_word' id='word_1_11' title='bbox 905 513 982 584; x_wconf 82' lang='grc' dir='ltr'><strong>τῷ</strong></span> <span class='ocrx_word' id='word_1_12' title='bbox 1016 513 1208 584; x_wconf 66' lang='grc' dir='ltr'>κόσμῳ</span> <span class='ocrx_word' id='word_1_13' title='bbox 1241 513 1378 585; x_wconf 76' lang='grc' dir='ltr'>μετὰ</span> <span class='ocrx_word' id='word_1_14' title='bbox 1430 512 1632 586; x_wconf 81' lang='grc' dir='ltr'>σαρκὸς</span> <span class='ocrx_word' id='word_1_15' title='bbox 1659 514 1772 566; x_wconf 73' lang='lat' dir='ltr'><strong>sie-</strong></span> 
     </span>
    </p>
   </div>
   <div class='ocr_carea' id='block_1_5' title="bbox 1890 502 3459 586">
    <p class='ocr_par' dir='ltr' id='par_1_5' title="bbox 1890 502 3459 577">
     <span class='ocr_line' id='line_1_5' title="bbox 1890 502 3459 577; baseline -0.004 -9"><span class='ocrx_word' id='word_1_16' title='bbox 1890 515 2146 570; x_wconf 71' lang='lat' dir='ltr'><strong>risionern</strong></span> <span class='ocrx_word' id='word_1_17' title='bbox 2181 521 2360 566; x_wconf 85' lang='lat' dir='ltr'><strong>autem</strong></span> <span class='ocrx_word' id='word_1_18' title='bbox 2396 502 2545 566; x_wconf 81' lang='lat' dir='ltr'><strong>velut</strong></span> <span class='ocrx_word' id='word_1_19' title='bbox 2578 506 2994 577; x_wconf 81' lang='lat' dir='ltr'><strong>spparitionem.</strong></span> <span class='ocrx_word' id='word_1_20' title='bbox 3035 505 3168 560; x_wconf 80' lang='lat' dir='ltr'><strong>Nam</strong></span> <span class='ocrx_word' id='word_1_21' title='bbox 3204 523 3327 562; x_wconf 88' lang='lat' dir='ltr'><strong>cum</strong></span> <span class='ocrx_word' id='word_1_22' title='bbox 3369 521 3459 562; x_wconf 82' lang='lat' dir='ltr'><strong>se-</strong></span> 
     </span>
    </p>
   </div>
   <div class='ocr_carea' id='block_1_6' title="bbox 215 598 1772 677">
    <p class='ocr_par' dir='ltr' id='par_1_6' title="bbox 215 598 1772 677">
     <span class='ocr_line' id='line_1_6' title="bbox 215 598 1772 677; baseline -0.002 -17"><span class='ocrx_word' id='word_1_23' title='bbox 215 606 349 677; x_wconf 77' lang='grc' dir='ltr'>σολὴν</span> <span class='ocrx_word' id='word_1_24' title='bbox 377 598 473 658; x_wconf 86' lang='grc' dir='ltr'><strong>τοῦ</strong></span> <span class='ocrx_word' id='word_1_25' title='bbox 501 604 840 674; x_wconf 81' lang='grc' dir='ltr'>Μονογενοῦς</span> <span class='ocrx_word' id='word_1_26' title='bbox 865 621 877 634; x_wconf 90' lang='grc'><strong>·</strong></span> <span class='ocrx_word' id='word_1_27' title='bbox 924 605 1191 664; x_wconf 74' lang='grc' dir='ltr'>ὀπτασίαν</span> <span class='ocrx_word' id='word_1_28' title='bbox 1225 606 1306 670; x_wconf 82' lang='grc' dir='ltr'>δὲ,</span> <span class='ocrx_word' id='word_1_29' title='bbox 1338 606 1436 676; x_wconf 78' lang='grc' dir='ltr'>τὴν</span> <span class='ocrx_word' id='word_1_30' title='bbox 1459 601 1570 658; x_wconf 69' lang='grc' dir='ltr'>οἷον</span> <span class='ocrx_word' id='word_1_31' title='bbox 1594 606 1772 676; x_wconf 66' lang='grc' dir='ltr'><strong>ἐμφάο</strong></span> 
     </span>
    </p>
   </div>
   <div class='ocr_carea' id='block_1_7' title="bbox 213 695 1772 767">
    <p class='ocr_par' dir='ltr' id='par_1_7' title="bbox 213 695 1772 767">
     <span class='ocr_line' id='line_1_7' title="bbox 213 695 1772 767; baseline -0.003 -15"><span class='ocrx_word' id='word_1_32' title='bbox 213 715 354 753; x_wconf 85' lang='grc' dir='ltr'>νειαν.</span> <span class='ocrx_word' id='word_1_33' title='bbox 403 698 662 767; x_wconf 83' lang='grc' dir='ltr'>Ἀόρατος</span> <span class='ocrx_word' id='word_1_34' title='bbox 695 697 800 766; x_wconf 81' lang='grc' dir='ltr'>γὰρ</span> <span class='ocrx_word' id='word_1_35' title='bbox 841 695 982 750; x_wconf 80' lang='grc' dir='ltr'>κατὰ</span> <span class='ocrx_word' id='word_1_36' title='bbox 1010 696 1171 766; x_wconf 76' lang='grc' dir='ltr'>φύσιν</span> <span class='ocrx_word' id='word_1_37' title='bbox 1207 697 1484 766; x_wconf 77' lang='grc' dir='ltr'><strong>ὑπάρχων,</strong></span> <span class='ocrx_word' id='word_1_38' title='bbox 1522 696 1597 759; x_wconf 78' lang='grc' dir='ltr'><strong>ὡς</strong></span> <span class='ocrx_word' id='word_1_39' title='bbox 1619 697 1772 761; x_wconf 74' lang='grc' dir='ltr'>Θεὸς,</span> 
     </span>
    </p>
   </div>
   <div class='ocr_carea' id='block_1_8' title="bbox 211 786 1770 860">
    <p class='ocr_par' dir='ltr' id='par_1_8' title="bbox 211 786 1770 860">
     <span class='ocr_line' id='line_1_8' title="bbox 211 786 1770 860; baseline -0.002 -17"><span class='ocrx_word' id='word_1_40' title='bbox 211 791 405 858; x_wconf 87' lang='grc' dir='ltr'>γέγονεν</span> <span class='ocrx_word' id='word_1_41' title='bbox 429 787 698 860; x_wconf 77' lang='grc' dir='ltr'>ἐμφανὴς,</span> <span class='ocrx_word' id='word_1_42' title='bbox 722 787 819 860; x_wconf 79' lang='grc' dir='ltr'>τὴν</span> <span class='ocrx_word' id='word_1_43' title='bbox 846 789 984 857; x_wconf 74' lang='grc' dir='ltr'>πρὸς</span> <span class='ocrx_word' id='word_1_44' title='bbox 1009 790 1154 859; x_wconf 80' lang='grc' dir='ltr'>ἡμᾶς</span> <span class='ocrx_word' id='word_1_45' title='bbox 1177 789 1433 859; x_wconf 83' lang='grc' dir='ltr'>ὁμοίωσιν</span> <span class='ocrx_word' id='word_1_46' title='bbox 1463 786 1770 842; x_wconf 74' lang='grc' dir='ltr'>ἀναλαϐών.</span> 
     </span>
    </p>
   </div>
   <div class='ocr_carea' id='block_1_9' title="bbox 210 881 1775 953">
    <p class='ocr_par' dir='ltr' id='par_1_9' title="bbox 210 881 1775 953">
     <span class='ocr_line' id='line_1_9' title="bbox 210 881 1775 953; baseline -0.002 -17"><span class='ocrx_word' id='word_1_47' title='bbox 210 881 652 953; x_wconf 81' lang='grc' dir='ltr'>Προανακέκραγε</span> <span class='ocrx_word' id='word_1_48' title='bbox 682 881 740 933; x_wconf 87' lang='grc' dir='ltr'>δὲ</span> <span class='ocrx_word' id='word_1_49' title='bbox 783 881 938 933; x_wconf 87' lang='grc' dir='ltr'>τοῦτο</span> <span class='ocrx_word' id='word_1_50' title='bbox 972 881 1162 949; x_wconf 75' lang='grc' dir='ltr'>σαφῶς</span> <span class='ocrx_word' id='word_1_51' title='bbox 1194 881 1287 934; x_wconf 78' lang='grc' dir='ltr'><strong>καὶ</strong></span> <span class='ocrx_word' id='word_1_52' title='bbox 1333 883 1360 934; x_wconf 90' lang='lat'><strong>6</strong></span> <span class='ocrx_word' id='word_1_53' title='bbox 1408 881 1680 951; x_wconf 75' lang='grc' dir='ltr'>Μελῳδὸς,</span> <span class='ocrx_word' id='word_1_54' title='bbox 1719 881 1775 933; x_wconf 79' lang='grc' dir='ltr'><strong>ὲν</strong></span> 
     </span>
    </p>
   </div>
   <div class='ocr_carea' id='block_1_10' title="bbox 212 972 1775 1045">
    <p class='ocr_par' dir='ltr' id='par_1_10' title="bbox 212 972 1775 1045">
     <span class='ocr_line' id='line_1_10' title="bbox 212 972 1775 1045; baseline -0.001 -17"><span class='ocrx_word' id='word_1_55' title='bbox 212 974 457 1045; x_wconf 59' lang='grc' dir='ltr'>πνεύματι</span> <span class='ocrx_word' id='word_1_56' title='bbox 507 974 717 1043; x_wconf 83' lang='grc' dir='ltr'>λέγων·</span> <span class='ocrx_word' id='word_1_57' title='bbox 757 993 775 1025; x_wconf 76' lang='grc' dir='ltr'><strong>ι</strong></span> <span class='ocrx_word' id='word_1_58' title='bbox 829 974 886 1026; x_wconf 91' lang='lat'><strong>&#39;0</strong></span> <span class='ocrx_word' id='word_1_59' title='bbox 927 972 1059 1037; x_wconf 79' lang='grc' dir='ltr'>Θεὸς</span> <span class='ocrx_word' id='word_1_60' title='bbox 1097 974 1357 1043; x_wconf 79' lang='grc' dir='ltr'>ἐμφανῶς</span> <span class='ocrx_word' id='word_1_61' title='bbox 1403 973 1542 1043; x_wconf 74' lang='grc' dir='ltr'>ἥξει,</span> <span class='ocrx_word' id='word_1_62' title='bbox 1580 976 1608 1027; x_wconf 92' lang='lat'><strong>6</strong></span> <span class='ocrx_word' id='word_1_63' title='bbox 1643 973 1775 1037; x_wconf 81' lang='grc' dir='ltr'>Θεὸς</span> 
     </span>
    </p>
   </div>
   <div class='ocr_carea' id='block_1_11' title="bbox 210 1065 1776 1138">
    <p class='ocr_par' dir='ltr' id='par_1_11' title="bbox 210 1065 1776 1138">
     <span class='ocr_line' id='line_1_11' title="bbox 210 1065 1776 1138; baseline -0.001 -19"><span class='ocrx_word' id='word_1_64' title='bbox 210 1068 362 1138; x_wconf 70' lang='grc' dir='ltr'>ἡμῶν,</span> <span class='ocrx_word' id='word_1_65' title='bbox 392 1067 489 1120; x_wconf 77' lang='grc' dir='ltr'><strong>καὶ</strong></span> <span class='ocrx_word' id='word_1_66' title='bbox 511 1067 572 1120; x_wconf 83' lang='grc' dir='ltr'><strong>ού</strong></span> <span class='ocrx_word' id='word_1_67' title='bbox 609 1065 1462 1136; x_wconf 79' lang='grc' dir='ltr'>παρασιωπήσεται.›-‹Γέγονε</span> <span class='ocrx_word' id='word_1_68' title='bbox 1497 1065 1604 1136; x_wconf 85' lang='grc' dir='ltr'>γὰρ</span> <span class='ocrx_word' id='word_1_69' title='bbox 1638 1065 1776 1137; x_wconf 83' lang='grc' dir='ltr'>σὰρξ</span> 
     </span>
    </p>
   </div>
   <div class='ocr_carea' id='block_1_12' title="bbox 210 1154 1776 1226">
    <p class='ocr_par' dir='ltr' id='par_1_12' title="bbox 210 1154 1776 1226">
     <span class='ocr_line' id='line_1_12' title="bbox 210 1154 1776 1226; baseline -0.001 -16"><span class='ocrx_word' id='word_1_70' title='bbox 210 1157 423 1223; x_wconf 79' lang='grc' dir='ltr'>ὀΛόγος,</span> <span class='ocrx_word' id='word_1_71' title='bbox 454 1155 597 1210; x_wconf 83' lang='grc' dir='ltr'><strong>καθά</strong></span> <span class='ocrx_word' id='word_1_72' title='bbox 627 1172 791 1225; x_wconf 80' lang='grc' dir='ltr'>φησιν</span> <span class='ocrx_word' id='word_1_73' title='bbox 821 1158 849 1208; x_wconf 89' lang='lat'><strong>6</strong></span> <span class='ocrx_word' id='word_1_74' title='bbox 876 1155 1162 1218; x_wconf 79' lang='grc' dir='ltr'><strong>θεσπέσιος</strong></span> <span class='ocrx_word' id='word_1_75' title='bbox 1199 1154 1468 1226; x_wconf 76' lang='grc' dir='ltr'><strong>Ἰωάννης,</strong></span> <span class='ocrx_word' id='word_1_76' title='bbox 1494 1157 1587 1210; x_wconf 73' lang='grc' dir='ltr'>καὶ</span> <span class='ocrx_word' id='word_1_77' title='bbox 1613 1156 1776 1226; x_wconf 78' lang='grc' dir='ltr'>ἐσκή-</span> 
     </span>
    </p>
   </div>
   <div class='ocr_carea' id='block_1_13' title="bbox 208 1243 1778 1316">
    <p class='ocr_par' dir='ltr' id='par_1_13' title="bbox 208 1243 1778 1316">
     <span class='ocr_line' id='line_1_13' title="bbox 208 1243 1778 1316; baseline -0.001 -18"><span class='ocrx_word' id='word_1_78' title='bbox 208 1263 358 1300; x_wconf 85' lang='grc' dir='ltr'>νωσεν</span> <span class='ocrx_word' id='word_1_79' title='bbox 393 1246 452 1297; x_wconf 83' lang='grc' dir='ltr'><strong>ὲν</strong></span> <span class='ocrx_word' id='word_1_80' title='bbox 489 1246 641 1314; x_wconf 68' lang='grc' dir='ltr'>ἡμῖν,</span> <span class='ocrx_word' id='word_1_81' title='bbox 694 1263 711 1294; x_wconf 77' lang='grc' dir='ltr'><strong>ι</strong></span> <span class='ocrx_word' id='word_1_82' title='bbox 748 1249 840 1297; x_wconf 72' lang='grc' dir='ltr'><strong>καὶ</strong></span> <span class='ocrx_word' id='word_1_83' title='bbox 874 1245 931 1296; x_wconf 84' lang='grc' dir='ltr'>ὲν</span> <span class='ocrx_word' id='word_1_84' title='bbox 975 1243 1161 1296; x_wconf 83' lang='grc' dir='ltr'>δούλου</span> <span class='ocrx_word' id='word_1_85' title='bbox 1192 1245 1380 1312; x_wconf 84' lang='grc' dir='ltr'>γέγονε</span> <span class='ocrx_word' id='word_1_86' title='bbox 1415 1247 1618 1316; x_wconf 65' lang='grc' dir='ltr'>μορφῇ.</span> <span class='ocrx_word' id='word_1_87' title='bbox 1667 1245 1778 1299; x_wconf 82' lang='grc' dir='ltr'>Καὶ</span> 
     </span>
    </p>
   </div>
   <div class='ocr_carea' id='block_1_14' title="bbox 205 1335 1777 1407">
    <p class='ocr_par' dir='ltr' id='par_1_14' title="bbox 205 1335 1777 1407">
     <span class='ocr_line' id='line_1_14' title="bbox 205 1335 1777 1407; baseline 0 -19"><span class='ocrx_word' id='word_1_88' title='bbox 205 1340 304 1400; x_wconf 85' lang='grc' dir='ltr'>τοῖς</span> <span class='ocrx_word' id='word_1_89' title='bbox 343 1336 438 1406; x_wconf 81' lang='grc' dir='ltr'>μὲν</span> <span class='ocrx_word' id='word_1_90' title='bbox 471 1335 785 1406; x_wconf 60' lang='grc' dir='ltr'>ἠγαπηκόσι</span> <span class='ocrx_word' id='word_1_91' title='bbox 823 1335 924 1406; x_wconf 85' lang='grc' dir='ltr'><strong>τὴν</strong></span> <span class='ocrx_word' id='word_1_92' title='bbox 961 1336 1288 1403; x_wconf 55' lang='grc' dir='ltr'>ὲπιςάνειαν</span> <span class='ocrx_word' id='word_1_93' title='bbox 1318 1335 1482 1389; x_wconf 54' lang='grc' dir='ltr'>αὐτοῦ</span> <span class='ocrx_word' id='word_1_94' title='bbox 1522 1336 1777 1407; x_wconf 72' lang='grc' dir='ltr'>φορτικὸς</span> 
     </span>
    </p>
   </div>
   <div class='ocr_carea' id='block_1_15' title="bbox 205 1427 1773 1498">
    <p class='ocr_par' dir='ltr' id='par_1_15' title="bbox 205 1427 1773 1498">
     <span class='ocr_line' id='line_1_15' title="bbox 205 1427 1773 1498; baseline -0.001 -17"><span class='ocrx_word' id='word_1_95' title='bbox 205 1428 295 1498; x_wconf 81' lang='grc' dir='ltr'><strong>μὲν</strong></span> <span class='ocrx_word' id='word_1_96' title='bbox 321 1427 602 1498; x_wconf 66' lang='grc' dir='ltr'>οὐδαμῶς·</span> <span class='ocrx_word' id='word_1_97' title='bbox 637 1427 828 1496; x_wconf 84' lang='grc' dir='ltr'>γέγονε</span> <span class='ocrx_word' id='word_1_98' title='bbox 856 1427 914 1480; x_wconf 83' lang='grc' dir='ltr'><strong>δὲ</strong></span> <span class='ocrx_word' id='word_1_99' title='bbox 957 1427 1159 1496; x_wconf 78' lang='grc' dir='ltr'>μᾶλλον</span> <span class='ocrx_word' id='word_1_100' title='bbox 1183 1428 1345 1498; x_wconf 80' lang='grc' dir='ltr'>ἤπιός</span> <span class='ocrx_word' id='word_1_101' title='bbox 1374 1445 1432 1480; x_wconf 90' lang='grc' dir='ltr'><strong>τε</strong></span> <span class='ocrx_word' id='word_1_102' title='bbox 1464 1428 1557 1482; x_wconf 81' lang='grc' dir='ltr'>καὶ</span> <span class='ocrx_word' id='word_1_103' title='bbox 1580 1431 1773 1498; x_wconf 79' lang='grc' dir='ltr'>πρᾶος,</span> 
     </span>
    </p>
   </div>
   <div class='ocr_carea' id='block_1_16' title="bbox 201 1521 1777 1593">
    <p class='ocr_par' dir='ltr' id='par_1_16' title="bbox 201 1521 1777 1593">
     <span class='ocr_line' id='line_1_16' title="bbox 201 1521 1777 1593; baseline 0 -19"><span class='ocrx_word' id='word_1_104' title='bbox 201 1523 289 1574; x_wconf 75' lang='grc' dir='ltr'><strong>καὶ</strong></span> <span class='ocrx_word' id='word_1_105' title='bbox 319 1521 460 1592; x_wconf 74' lang='grc' dir='ltr'>ζωῆς</span> <span class='ocrx_word' id='word_1_106' title='bbox 511 1523 610 1590; x_wconf 74' lang='grc' dir='ltr'>τῆς</span> <span class='ocrx_word' id='word_1_107' title='bbox 658 1523 737 1584; x_wconf 86' lang='grc' dir='ltr'><strong>είς</strong></span> <span class='ocrx_word' id='word_1_108' title='bbox 772 1522 943 1574; x_wconf 83' lang='grc' dir='ltr'>ιιίῶνα</span> <span class='ocrx_word' id='word_1_109' title='bbox 978 1521 1164 1592; x_wconf 80' lang='grc' dir='ltr'>δοτήρ.</span> <span class='ocrx_word' id='word_1_110' title='bbox 1213 1523 1357 1591; x_wconf 65' lang='grc' dir='ltr'><strong>Ἔφη</strong></span> <span class='ocrx_word' id='word_1_111' title='bbox 1395 1521 1451 1574; x_wconf 82' lang='grc' dir='ltr'><strong>δέ</strong></span> <span class='ocrx_word' id='word_1_112' title='bbox 1501 1539 1602 1574; x_wconf 87' lang='grc' dir='ltr'><strong>που</strong></span> <span class='ocrx_word' id='word_1_113' title='bbox 1648 1522 1777 1593; x_wconf 79' lang='grc' dir='ltr'>περὶ</span> 
     </span>
    </p>
   </div>
   <div class='ocr_carea' id='block_1_17' title="bbox 199 1613 1777 1685">
    <p class='ocr_par' dir='ltr' id='par_1_17' title="bbox 199 1613 1777 1685">
     <span class='ocr_line' id='line_1_17' title="bbox 199 1613 1777 1685; baseline 0.002 -19"><span class='ocrx_word' id='word_1_114' title='bbox 199 1614 352 1667; x_wconf 80' lang='grc' dir='ltr'>αὐτοῦ</span> <span class='ocrx_word' id='word_1_115' title='bbox 390 1615 485 1666; x_wconf 79' lang='grc' dir='ltr'><strong>καὶ</strong></span> <span class='ocrx_word' id='word_1_116' title='bbox 522 1615 550 1666; x_wconf 91' lang='lat'><strong>6</strong></span> <span class='ocrx_word' id='word_1_117' title='bbox 580 1613 710 1675; x_wconf 78' lang='grc' dir='ltr'>Θεὸς</span> <span class='ocrx_word' id='word_1_118' title='bbox 756 1615 850 1668; x_wconf 73' lang='grc' dir='ltr'><strong>καὶ</strong></span> <span class='ocrx_word' id='word_1_119' title='bbox 882 1615 1106 1684; x_wconf 77' lang='grc' dir='ltr'>Πατήρο</span> <span class='ocrx_word' id='word_1_120' title='bbox 1145 1634 1164 1666; x_wconf 78' lang='grc' dir='ltr'><strong>ι</strong></span> <span class='ocrx_word' id='word_1_121' title='bbox 1219 1615 1349 1669; x_wconf 79' lang='grc' dir='ltr'>Ἰδοὺ</span> <span class='ocrx_word' id='word_1_122' title='bbox 1384 1617 1411 1668; x_wconf 97' lang='lat'><strong>6</strong></span> <span class='ocrx_word' id='word_1_123' title='bbox 1445 1617 1577 1678; x_wconf 89' lang='grc' dir='ltr'>Παῖς</span> <span class='ocrx_word' id='word_1_124' title='bbox 1615 1631 1715 1685; x_wconf 85' lang='grc' dir='ltr'><strong>μου</strong></span> <span class='ocrx_word' id='word_1_125' title='bbox 1750 1617 1777 1669; x_wconf 82' lang='grc' dir='ltr'><strong>ὀ</strong></span> 
     </span>
    </p>
   </div>
   <div class='ocr_carea' id='block_1_18' title="bbox 199 1699 1775 1778">
    <p class='ocr_par' dir='ltr' id='par_1_18' title="bbox 199 1699 1775 1778">
     <span class='ocr_line' id='line_1_18' title="bbox 199 1699 1775 1778; baseline 0.001 -19"><span class='ocrx_word' id='word_1_126' title='bbox 199 1705 494 1774; x_wconf 71' lang='grc' dir='ltr'>ἀγαπητὸς,</span> <span class='ocrx_word' id='word_1_127' title='bbox 526 1706 582 1756; x_wconf 83' lang='grc' dir='ltr'><strong>ἐν</strong></span> <span class='ocrx_word' id='word_1_128' title='bbox 680 1706 978 1776; x_wconf 74' lang='grc' dir='ltr'>ηὐδόκησα.</span> <span class='ocrx_word' id='word_1_129' title='bbox 1007 1706 1120 1759; x_wconf 85' lang='grc' dir='ltr'>Ούκ</span> <span class='ocrx_word' id='word_1_130' title='bbox 1153 1706 1344 1778; x_wconf 82' lang='grc' dir='ltr'>ἐρίσει,</span> <span class='ocrx_word' id='word_1_131' title='bbox 1373 1707 1491 1760; x_wconf 77' lang='grc' dir='ltr'>οὐδὲ</span> <span class='ocrx_word' id='word_1_132' title='bbox 1526 1707 1775 1777; x_wconf 80' lang='grc' dir='ltr'>κραυγά-</span> 
     </span>
    </p>
   </div>
   <div class='ocr_carea' id='block_1_19' title="bbox 200 1798 1778 1870">
    <p class='ocr_par' dir='ltr' id='par_1_19' title="bbox 200 1798 1778 1870">
     <span class='ocr_line' id='line_1_19' title="bbox 200 1798 1778 1870; baseline 0.001 -19"><span class='ocrx_word' id='word_1_133' title='bbox 200 1816 296 1863; x_wconf 85' lang='grc' dir='ltr'>σει,</span> <span class='ocrx_word' id='word_1_134' title='bbox 331 1798 450 1851; x_wconf 71' lang='grc' dir='ltr'>οὐδὲ</span> <span class='ocrx_word' id='word_1_135' title='bbox 486 1800 884 1870; x_wconf 73' lang='grc' dir='ltr'>ἀκουσθήσεται</span> <span class='ocrx_word' id='word_1_136' title='bbox 914 1798 1018 1862; x_wconf 75' lang='grc' dir='ltr'>ἔξω</span> <span class='ocrx_word' id='word_1_137' title='bbox 1051 1802 1083 1870; x_wconf 84' lang='grc' dir='ltr'>ἡ</span> <span class='ocrx_word' id='word_1_138' title='bbox 1116 1800 1267 1870; x_wconf 82' lang='grc' dir='ltr'>φωνὴ</span> <span class='ocrx_word' id='word_1_139' title='bbox 1291 1799 1477 1853; x_wconf 76' lang='grc' dir='ltr'>αὑτοῦ.</span> <span class='ocrx_word' id='word_1_140' title='bbox 1516 1800 1778 1870; x_wconf 77' lang='grc' dir='ltr'>Κάλαμον</span> 
     </span>
    </p>
   </div>
   <div class='ocr_carea' id='block_1_20' title="bbox 1878 599 3458 671">
    <p class='ocr_par' dir='ltr' id='par_1_20' title="bbox 1878 599 3458 671">
     <span class='ocr_line' id='line_1_20' title="bbox 1878 599 3458 671; baseline -0.003 -11"><span class='ocrx_word' id='word_1_141' title='bbox 1878 607 2114 662; x_wconf 89' lang='lat' dir='ltr'><strong>cuudtun</strong></span> <span class='ocrx_word' id='word_1_142' title='bbox 2158 613 2408 658; x_wconf 85' lang='lat' dir='ltr'><strong>naturam</strong></span> <span class='ocrx_word' id='word_1_143' title='bbox 2439 602 2510 657; x_wconf 88' lang='lat' dir='ltr'><strong>sit</strong></span> <span class='ocrx_word' id='word_1_144' title='bbox 2539 599 2964 671; x_wconf 81' lang='lat' dir='ltr'><strong>inaspectabilis,</strong></span> <span class='ocrx_word' id='word_1_145' title='bbox 2999 609 3057 654; x_wconf 87' lang='lat' dir='ltr'><strong>ut</strong></span> <span class='ocrx_word' id='word_1_146' title='bbox 3091 600 3252 666; x_wconf 86' lang='lat' dir='ltr'><strong>Deus,</strong></span> <span class='ocrx_word' id='word_1_147' title='bbox 3287 601 3458 657; x_wconf 84' lang='lat' dir='ltr'><strong>nostri</strong></span> 
     </span>
    </p>
   </div>
   <div class='ocr_carea' id='block_1_21' title="bbox 1876 693 3457 766">
    <p class='ocr_par' dir='ltr' id='par_1_21' title="bbox 1876 693 3457 766">
     <span class='ocr_line' id='line_1_21' title="bbox 1876 693 3457 766; baseline -0.003 -13"><span class='ocrx_word' id='word_1_148' title='bbox 1876 699 2232 753; x_wconf 89' lang='lat' dir='ltr'><strong>similitudine</strong></span> <span class='ocrx_word' id='word_1_149' title='bbox 2263 706 2562 766; x_wconf 80' lang='lat' dir='ltr'><strong>assumpta,</strong></span> <span class='ocrx_word' id='word_1_150' title='bbox 2584 694 2930 766; x_wconf 81' lang='lat' dir='ltr'><strong>aspectabilis</strong></span> <span class='ocrx_word' id='word_1_151' title='bbox 2955 696 3146 748; x_wconf 79' lang='lat' dir='ltr'><strong>evasit.</strong></span> <span class='ocrx_word' id='word_1_152' title='bbox 3183 693 3298 749; x_wconf 82' lang='lat' dir='ltr'><strong>Hoc</strong></span> <span class='ocrx_word' id='word_1_153' title='bbox 3329 695 3457 749; x_wconf 89' lang='lat' dir='ltr'><strong>item</strong></span> 
     </span>
    </p>
   </div>
   <div class='ocr_carea' id='block_1_22' title="bbox 1879 782 3459 857">
    <p class='ocr_par' dir='ltr' id='par_1_22' title="bbox 1879 782 3459 857">
     <span class='ocr_line' id='line_1_22' title="bbox 1879 782 3459 857; baseline -0.003 -18"><span class='ocrx_word' id='word_1_154' title='bbox 1879 789 2163 857; x_wconf 75' lang='lat' dir='ltr'><strong>perspicue</strong></span> <span class='ocrx_word' id='word_1_155' title='bbox 2212 786 2514 840; x_wconf 80' lang='lat' dir='ltr'><strong>Modulator</strong></span> <span class='ocrx_word' id='word_1_156' title='bbox 2559 794 2686 838; x_wconf 95' lang='lat' dir='ltr'><strong>ante</strong></span> <span class='ocrx_word' id='word_1_157' title='bbox 2733 783 3115 852; x_wconf 71' lang='lat' dir='ltr'><strong>proclamavit,</strong></span> <span class='ocrx_word' id='word_1_158' title='bbox 3161 782 3214 836; x_wconf 89' lang='lat' dir='ltr'><strong>iu</strong></span> <span class='ocrx_word' id='word_1_159' title='bbox 3267 783 3459 852; x_wconf 87' lang='lat' dir='ltr'><strong>spiritu</strong></span> 
     </span>
    </p>
   </div>
   <div class='ocr_carea' id='block_1_23' title="bbox 1881 877 3461 940">
    <p class='ocr_par' dir='ltr' id='par_1_23' title="bbox 1881 877 3461 940">
     <span class='ocr_line' id='line_1_23' title="bbox 1881 877 3461 940; baseline -0.005 -4"><span class='ocrx_word' id='word_1_160' title='bbox 1881 881 2104 936; x_wconf 75' lang='lat' dir='ltr'><strong>dicens:</strong></span> <span class='ocrx_word' id='word_1_161' title='bbox 2151 898 2168 930; x_wconf 83' lang='lat' dir='ltr'><strong>t</strong></span> <span class='ocrx_word' id='word_1_162' title='bbox 2205 879 2345 934; x_wconf 86' lang='lat' dir='ltr'><strong>Deus</strong></span> <span class='ocrx_word' id='word_1_163' title='bbox 2392 877 2682 932; x_wconf 82' lang='lat' dir='ltr'><strong>manifesto</strong></span> <span class='ocrx_word' id='word_1_164' title='bbox 2724 877 2922 940; x_wconf 75' lang='lat' dir='ltr'><strong>veniet,</strong></span> <span class='ocrx_word' id='word_1_165' title='bbox 2967 877 3106 930; x_wconf 90' lang='lat' dir='ltr'><strong>Deus</strong></span> <span class='ocrx_word' id='word_1_166' title='bbox 3153 885 3358 940; x_wconf 84' lang='lat' dir='ltr'><strong>noster,</strong></span> <span class='ocrx_word' id='word_1_167' title='bbox 3407 885 3461 928; x_wconf 87' lang='lat' dir='ltr'><strong>et</strong></span> 
     </span>
    </p>
   </div>
   <div class='ocr_carea' id='block_1_24' title="bbox 1881 961 3462 1036">
    <p class='ocr_par' dir='ltr' id='par_1_24' title="bbox 1881 961 3462 1036">
     <span class='ocr_line' id='line_1_24' title="bbox 1881 961 3462 1036; baseline -0.004 -10"><span class='ocrx_word' id='word_1_168' title='bbox 1881 988 1987 1028; x_wconf 84' lang='lat' dir='ltr'><strong>non</strong></span> <span class='ocrx_word' id='word_1_169' title='bbox 2023 961 2204 1026; x_wconf 88' lang='lat' dir='ltr'><strong>silebit</strong></span> <span class='ocrx_word' id='word_1_170' title='bbox 2230 971 2330 1025; x_wconf 69' lang='grc'><strong>⁸³.»</strong></span> <span class='ocrx_word' id='word_1_171' title='bbox 2367 964 2522 1036; x_wconf 81' lang='lat' dir='ltr'><strong>Nam,</strong></span> <span class='ocrx_word' id='word_1_172' title='bbox 2552 979 2606 1023; x_wconf 90' lang='lat' dir='ltr'><strong>ut</strong></span> <span class='ocrx_word' id='word_1_173' title='bbox 2635 971 2711 1023; x_wconf 90' lang='lat' dir='ltr'><strong>ait</strong></span> <span class='ocrx_word' id='word_1_174' title='bbox 2749 970 2965 1023; x_wconf 82' lang='lat' dir='ltr'><strong>divinus</strong></span> <span class='ocrx_word' id='word_1_175' title='bbox 2987 966 3246 1028; x_wconf 86' lang='lat' dir='ltr'><strong>Joannes,</strong></span> <span class='ocrx_word' id='word_1_176' title='bbox 3279 985 3298 1018; x_wconf 73' lang='grc' dir='ltr'><strong>ι</strong></span> <span class='ocrx_word' id='word_1_177' title='bbox 3329 964 3462 1021; x_wconf 81' lang='lat' dir='ltr'><strong>Ver-</strong></span> 
     </span>
    </p>
   </div>
   <div class='ocr_carea' id='block_1_25' title="bbox 1879 1062 3462 1128">
    <p class='ocr_par' dir='ltr' id='par_1_25' title="bbox 1879 1062 3462 1128">
     <span class='ocr_line' id='line_1_25' title="bbox 1879 1062 3462 1128; baseline -0.004 -8"><span class='ocrx_word' id='word_1_178' title='bbox 1879 1068 2006 1122; x_wconf 86' lang='lat' dir='ltr'>bum</span> <span class='ocrx_word' id='word_1_179' title='bbox 2049 1082 2178 1120; x_wconf 87' lang='lat' dir='ltr'><strong>caro</strong></span> <span class='ocrx_word' id='word_1_180' title='bbox 2211 1065 2412 1119; x_wconf 80' lang='lat' dir='ltr'><strong>factum</strong></span> <span class='ocrx_word' id='word_1_181' title='bbox 2450 1072 2554 1128; x_wconf 88' lang='lat' dir='ltr'><strong>est,</strong></span> <span class='ocrx_word' id='word_1_182' title='bbox 2585 1072 2640 1117; x_wconf 93' lang='lat' dir='ltr'><strong>et</strong></span> <span class='ocrx_word' id='word_1_183' title='bbox 2679 1062 2942 1116; x_wconf 78' lang='lat' dir='ltr'><strong>habitavit</strong></span> <span class='ocrx_word' id='word_1_184' title='bbox 2973 1063 3028 1116; x_wconf 90' lang='lat' dir='ltr'><strong>in</strong></span> <span class='ocrx_word' id='word_1_185' title='bbox 3065 1063 3226 1115; x_wconf 80' lang='lat' dir='ltr'><strong>nobis</strong></span> <span class='ocrx_word' id='word_1_186' title='bbox 3247 1062 3314 1123; x_wconf 80' lang='lat'><strong>&quot;°,</strong></span> <span class='ocrx_word' id='word_1_187' title='bbox 3351 1077 3370 1111; x_wconf 70' lang='grc' dir='ltr'><strong>ι</strong></span> <span class='ocrx_word' id='word_1_188' title='bbox 3407 1071 3462 1115; x_wconf 88' lang='lat' dir='ltr'><strong>et</strong></span> 
     </span>
    </p>
   </div>
   <div class='ocr_carea' id='block_1_26' title="bbox 1879 1155 3458 1226">
    <p class='ocr_par' dir='ltr' id='par_1_26' title="bbox 1879 1155 3458 1226">
     <span class='ocr_line' id='line_1_26' title="bbox 1879 1155 3458 1226; baseline -0.004 -12"><span class='ocrx_word' id='word_1_189' title='bbox 1879 1161 2082 1215; x_wconf 83' lang='lat' dir='ltr'><strong>factum</strong></span> <span class='ocrx_word' id='word_1_190' title='bbox 2109 1171 2191 1214; x_wconf 89' lang='lat' dir='ltr'><strong>est</strong></span> <span class='ocrx_word' id='word_1_191' title='bbox 2215 1159 2267 1212; x_wconf 92' lang='lat' dir='ltr'><strong>in</strong></span> <span class='ocrx_word' id='word_1_192' title='bbox 2299 1157 2469 1213; x_wconf 77' lang='lat' dir='ltr'><strong>forma</strong></span> <span class='ocrx_word' id='word_1_193' title='bbox 2497 1159 2638 1212; x_wconf 77' lang='lat' dir='ltr'><strong>servi</strong></span> <span class='ocrx_word' id='word_1_194' title='bbox 2666 1157 2734 1213; x_wconf 83' lang='grc'><strong>⁸¹.</strong></span> <span class='ocrx_word' id='word_1_195' title='bbox 2761 1157 2839 1210; x_wconf 85' lang='lat' dir='ltr'><strong>Ac</strong></span> <span class='ocrx_word' id='word_1_196' title='bbox 2863 1155 3211 1226; x_wconf 80' lang='lat' dir='ltr'><strong>diligentibus</strong></span> <span class='ocrx_word' id='word_1_197' title='bbox 3240 1155 3458 1226; x_wconf 89' lang='lat' dir='ltr'><strong>quidem</strong></span> 
     </span>
    </p>
   </div>
   <div class='ocr_carea' id='block_1_27' title="bbox 1875 1249 3462 1320">
    <p class='ocr_par' dir='ltr' id='par_1_27' title="bbox 1875 1249 3462 1320">
     <span class='ocr_line' id='line_1_27' title="bbox 1875 1249 3462 1320; baseline -0.003 -12"><span class='ocrx_word' id='word_1_198' title='bbox 1875 1253 2378 1308; x_wconf 76' lang='lat' dir='ltr'><strong>manifestatienem</strong></span> <span class='ocrx_word' id='word_1_199' title='bbox 2431 1251 2548 1320; x_wconf 85' lang='lat' dir='ltr'><strong>ejus</strong></span> <span class='ocrx_word' id='word_1_200' title='bbox 2592 1249 2816 1302; x_wconf 88' lang='lat' dir='ltr'><strong>minime</strong></span> <span class='ocrx_word' id='word_1_201' title='bbox 2867 1264 3168 1316; x_wconf 86' lang='lat' dir='ltr'><strong>onerosus;</strong></span> <span class='ocrx_word' id='word_1_202' title='bbox 3213 1249 3462 1318; x_wconf 85' lang='lat' dir='ltr'><strong>quiuitno</strong></span> 
     </span>
    </p>
   </div>
   <div class='ocr_carea' id='block_1_28' title="bbox 1877 1339 3462 1406">
    <p class='ocr_par' dir='ltr' id='par_1_28' title="bbox 1877 1339 3462 1406">
     <span class='ocr_line' id='line_1_28' title="bbox 1877 1339 3462 1406; baseline -0.001 -8"><span class='ocrx_word' id='word_1_203' title='bbox 1877 1345 2117 1399; x_wconf 85' lang='lat' dir='ltr'><strong>clemens</strong></span> <span class='ocrx_word' id='word_1_204' title='bbox 2157 1352 2211 1397; x_wconf 92' lang='lat' dir='ltr'><strong>et</strong></span> <span class='ocrx_word' id='word_1_205' title='bbox 2257 1352 2571 1396; x_wconf 84' lang='lat' dir='ltr'><strong>mansuetus</strong></span> <span class='ocrx_word' id='word_1_206' title='bbox 2609 1339 2728 1406; x_wconf 81' lang='lat' dir='ltr'><strong>fuit,</strong></span> <span class='ocrx_word' id='word_1_207' title='bbox 2769 1351 2820 1395; x_wconf 91' lang='lat' dir='ltr'><strong>et</strong></span> <span class='ocrx_word' id='word_1_208' title='bbox 2854 1341 3019 1394; x_wconf 78' lang='lat' dir='ltr'><strong>vitam</strong></span> <span class='ocrx_word' id='word_1_209' title='bbox 3059 1350 3322 1397; x_wconf 66' lang='lat' dir='ltr'><strong>aeternam</strong></span> <span class='ocrx_word' id='word_1_210' title='bbox 3358 1343 3462 1397; x_wconf 83' lang='lat' dir='ltr'><strong>illis</strong></span> 
     </span>
    </p>
   </div>
   <div class='ocr_carea' id='block_1_29' title="bbox 1880 1435 3459 1506">
    <p class='ocr_par' dir='ltr' id='par_1_29' title="bbox 1880 1435 3459 1506">
     <span class='ocr_line' id='line_1_29' title="bbox 1880 1435 3459 1506; baseline -0.002 -13"><span class='ocrx_word' id='word_1_211' title='bbox 1880 1438 2199 1506; x_wconf 82' lang='lat' dir='ltr'><strong>impertivit.</strong></span> <span class='ocrx_word' id='word_1_212' title='bbox 2247 1437 2322 1492; x_wconf 83' lang='lat' dir='ltr'><strong>De</strong></span> <span class='ocrx_word' id='word_1_213' title='bbox 2369 1451 2479 1505; x_wconf 87' lang='lat' dir='ltr'><strong>quo</strong></span> <span class='ocrx_word' id='word_1_214' title='bbox 2524 1437 2652 1489; x_wconf 85' lang='lat' dir='ltr'><strong>item</strong></span> <span class='ocrx_word' id='word_1_215' title='bbox 2695 1435 2835 1490; x_wconf 84' lang='lat' dir='ltr'><strong>Deus</strong></span> <span class='ocrx_word' id='word_1_216' title='bbox 2882 1444 2933 1489; x_wconf 86' lang='lat' dir='ltr'><strong>et</strong></span> <span class='ocrx_word' id='word_1_217' title='bbox 2991 1435 3152 1489; x_wconf 85' lang='lat' dir='ltr'><strong>Pater</strong></span> <span class='ocrx_word' id='word_1_218' title='bbox 3207 1438 3405 1491; x_wconf 85' lang='lat' dir='ltr'><strong>alicubi</strong></span> <span class='ocrx_word' id='word_1_219' title='bbox 3445 1453 3459 1490; x_wconf 91' lang='lat'><strong>:</strong></span> 
     </span>
    </p>
   </div>
   <div class='ocr_carea' id='block_1_30' title="bbox 1886 1525 3463 1595">
    <p class='ocr_par' dir='ltr' id='par_1_30' title="bbox 1886 1525 3463 1595">
     <span class='ocr_line' id='line_1_30' title="bbox 1886 1525 3463 1595; baseline 0.003 -17"><span class='ocrx_word' id='word_1_220' title='bbox 1886 1545 1905 1578; x_wconf 75' lang='grc' dir='ltr'><strong>ι</strong></span> <span class='ocrx_word' id='word_1_221' title='bbox 1943 1527 2080 1580; x_wconf 85' lang='lat' dir='ltr'>Ecce</span> <span class='ocrx_word' id='word_1_222' title='bbox 2113 1525 2284 1580; x_wconf 77' lang='lat' dir='ltr'><strong>Filius</strong></span> <span class='ocrx_word' id='word_1_223' title='bbox 2314 1541 2466 1579; x_wconf 83' lang='lat' dir='ltr'><strong>mens</strong></span> <span class='ocrx_word' id='word_1_224' title='bbox 2497 1525 2748 1591; x_wconf 77' lang='lat' dir='ltr'><strong>dilectus,</strong></span> <span class='ocrx_word' id='word_1_225' title='bbox 2785 1527 2836 1578; x_wconf 82' lang='lat' dir='ltr'><strong>in</strong></span> <span class='ocrx_word' id='word_1_226' title='bbox 2861 1541 2969 1595; x_wconf 89' lang='lat' dir='ltr'><strong>quo</strong></span> <span class='ocrx_word' id='word_1_227' title='bbox 2994 1526 3317 1595; x_wconf 74' lang='lat' dir='ltr'><strong>coutplacui.</strong></span> <span class='ocrx_word' id='word_1_228' title='bbox 3344 1526 3463 1582; x_wconf 82' lang='lat' dir='ltr'><strong>Non</strong></span> 
     </span>
    </p>
   </div>
   <div class='ocr_carea' id='block_1_31' title="bbox 1879 1619 3461 1687">
    <p class='ocr_par' dir='ltr' id='par_1_31' title="bbox 1879 1619 3461 1687">
     <span class='ocr_line' id='line_1_31' title="bbox 1879 1619 3461 1687; baseline 0.001 -13"><span class='ocrx_word' id='word_1_229' title='bbox 1879 1621 2188 1684; x_wconf 77' lang='lat' dir='ltr'><strong>contendet,</strong></span> <span class='ocrx_word' id='word_1_230' title='bbox 2244 1633 2419 1686; x_wconf 82' lang='lat' dir='ltr'><strong>neque</strong></span> <span class='ocrx_word' id='word_1_231' title='bbox 2460 1619 2740 1684; x_wconf 77' lang='lat' dir='ltr'><strong>clamabit,</strong></span> <span class='ocrx_word' id='word_1_232' title='bbox 2789 1633 2964 1687; x_wconf 85' lang='lat' dir='ltr'><strong>neque</strong></span> <span class='ocrx_word' id='word_1_233' title='bbox 3019 1622 3270 1673; x_wconf 86' lang='lat' dir='ltr'><strong>audietur</strong></span> <span class='ocrx_word' id='word_1_234' title='bbox 3325 1619 3461 1676; x_wconf 80' lang='lat' dir='ltr'><strong>foris</strong></span> 
     </span>
    </p>
   </div>
   <div class='ocr_carea' id='block_1_32' title="bbox 1882 1710 3463 1780">
    <p class='ocr_par' dir='ltr' id='par_1_32' title="bbox 1882 1710 3463 1780">
     <span class='ocr_line' id='line_1_32' title="bbox 1882 1710 3463 1780; baseline 0.001 -15"><span class='ocrx_word' id='word_1_235' title='bbox 1882 1727 1986 1766; x_wconf 80' lang='lat' dir='ltr'><strong>vox</strong></span> <span class='ocrx_word' id='word_1_236' title='bbox 2013 1710 2148 1779; x_wconf 86' lang='lat' dir='ltr'><strong>ejus.</strong></span> <span class='ocrx_word' id='word_1_237' title='bbox 2191 1711 2525 1764; x_wconf 85' lang='lat' dir='ltr'><strong>Arundinetn</strong></span> <span class='ocrx_word' id='word_1_238' title='bbox 2561 1721 2874 1778; x_wconf 81' lang='lat' dir='ltr'><strong>quassatam</strong></span> <span class='ocrx_word' id='word_1_239' title='bbox 2914 1726 3017 1765; x_wconf 91' lang='lat' dir='ltr'><strong>non</strong></span> <span class='ocrx_word' id='word_1_240' title='bbox 3053 1712 3377 1780; x_wconf 80' lang='lat' dir='ltr'><strong>t-mtl‘ringet,</strong></span> <span class='ocrx_word' id='word_1_241' title='bbox 3409 1723 3463 1766; x_wconf 93' lang='lat' dir='ltr'><strong>et</strong></span> 
     </span>
    </p>
   </div>
   <div class='ocr_carea' id='block_1_33' title="bbox 1883 1805 3460 1874">
    <p class='ocr_par' dir='ltr' id='par_1_33' title="bbox 1883 1805 3460 1874">
     <span class='ocr_line' id='line_1_33' title="bbox 1883 1805 3460 1874; baseline 0.001 -16"><span class='ocrx_word' id='word_1_242' title='bbox 1883 1805 2050 1858; x_wconf 89' lang='lat' dir='ltr'><strong>linum</strong></span> <span class='ocrx_word' id='word_1_243' title='bbox 2091 1805 2363 1874; x_wconf 80' lang='lat' dir='ltr'><strong>Iutnigans</strong></span> <span class='ocrx_word' id='word_1_244' title='bbox 2406 1820 2510 1858; x_wconf 92' lang='lat' dir='ltr'><strong>non</strong></span> <span class='ocrx_word' id='word_1_245' title='bbox 2554 1805 2892 1874; x_wconf 83' lang='lat' dir='ltr'><strong>exstinguet;</strong></span> <span class='ocrx_word' id='word_1_246' title='bbox 2949 1806 3042 1859; x_wconf 91' lang='lat' dir='ltr'><strong>sed</strong></span> <span class='ocrx_word' id='word_1_247' title='bbox 3089 1807 3140 1859; x_wconf 91' lang='lat' dir='ltr'><strong>in</strong></span> <span class='ocrx_word' id='word_1_248' title='bbox 3178 1809 3460 1862; x_wconf 75' lang='lat' dir='ltr'><strong>veritatem</strong></span> 
     </span>
    </p>
   </div>
   <div class='ocr_carea' id='block_1_34' title="bbox 200 1873 1803 1966">
    <p class='ocr_par' dir='ltr' id='par_1_34' title="bbox 200 1889 1773 1960">
     <span class='ocr_line' id='line_1_34' title="bbox 200 1889 1773 1960; baseline -0.001 -17"><span class='ocrx_word' id='word_1_249' title='bbox 200 1889 658 1960; x_wconf 69' lang='grc' dir='ltr'>συντεθλασμένον</span> <span class='ocrx_word' id='word_1_250' title='bbox 689 1891 747 1942; x_wconf 80' lang='grc' dir='ltr'><strong>οὐ</strong></span> <span class='ocrx_word' id='word_1_251' title='bbox 775 1889 1049 1953; x_wconf 80' lang='grc' dir='ltr'>κατεάξει,</span> <span class='ocrx_word' id='word_1_252' title='bbox 1086 1891 1178 1942; x_wconf 78' lang='grc' dir='ltr'><strong>καὶ</strong></span> <span class='ocrx_word' id='word_1_253' title='bbox 1207 1891 1352 1943; x_wconf 81' lang='grc' dir='ltr'>λίνον</span> <span class='ocrx_word' id='word_1_254' title='bbox 1381 1890 1684 1959; x_wconf 67' lang='grc' dir='ltr'>τυφόμενον</span> <span class='ocrx_word' id='word_1_255' title='bbox 1714 1890 1773 1941; x_wconf 85' lang='grc' dir='ltr'><strong>ού</strong></span> 
     </span>
    </p>
   </div>
   <div class='ocr_carea' id='block_1_35' title="bbox 1890 1873 3460 1966">
    <p class='ocr_par' dir='ltr' id='par_1_35' title="bbox 1890 1873 3460 1966">
     <span class='ocr_line' id='line_1_35' title="bbox 1890 1873 3460 1966; baseline 0.001 -16"><span class='ocrx_word' id='word_1_256' title='bbox 1890 1898 2072 1951; x_wconf 78' lang='lat' dir='ltr'><strong>educet</strong></span> <span class='ocrx_word' id='word_1_257' title='bbox 2114 1873 2378 1964; x_wconf 82' lang='lat' dir='ltr'><strong>judicium</strong></span> <span class='ocrx_word' id='word_1_258' title='bbox 2423 1897 2491 1951; x_wconf 81' lang='lat'><strong>&quot;.</strong></span> <span class='ocrx_word' id='word_1_259' title='bbox 2526 1915 2544 1946; x_wconf 75' lang='grc' dir='ltr'><strong>ι</strong></span> <span class='ocrx_word' id='word_1_260' title='bbox 2582 1896 2653 1950; x_wconf 81' lang='lat' dir='ltr'><strong>At</strong></span> <span class='ocrx_word' id='word_1_261' title='bbox 2690 1873 2837 1949; x_wconf 77' lang='lat' dir='ltr'><strong>enim</strong></span> <span class='ocrx_word' id='word_1_262' title='bbox 2879 1895 3106 1950; x_wconf 79' lang='lat' dir='ltr'><strong>salutem</strong></span> <span class='ocrx_word' id='word_1_263' title='bbox 3149 1909 3244 1962; x_wconf 84' lang='lat' dir='ltr'><strong>per</strong></span> <span class='ocrx_word' id='word_1_264' title='bbox 3287 1898 3460 1966; x_wconf 89' lang='lat' dir='ltr'><strong>ipsmn</strong></span> 
     </span>
    </p>
   </div>
   <div class='ocr_carea' id='block_1_36' title="bbox 199 1981 1777 2059">
    <p class='ocr_par' dir='ltr' id='par_1_36' title="bbox 199 1981 1777 2053">
     <span class='ocr_line' id='line_1_36' title="bbox 199 1981 1777 2053; baseline -0.001 -17"><span class='ocrx_word' id='word_1_265' title='bbox 199 1984 411 2036; x_wconf 79' lang='grc' dir='ltr'>σϐέσει·</span> <span class='ocrx_word' id='word_1_266' title='bbox 453 1983 569 2035; x_wconf 74' lang='grc' dir='ltr'>ἀλλ’</span> <span class='ocrx_word' id='word_1_267' title='bbox 615 1983 693 2046; x_wconf 81' lang='grc' dir='ltr'><strong>είς</strong></span> <span class='ocrx_word' id='word_1_268' title='bbox 741 1982 1000 2053; x_wconf 81' lang='grc' dir='ltr'>ἀλήθειαν</span> <span class='ocrx_word' id='word_1_269' title='bbox 1050 1981 1252 2046; x_wconf 76' lang='grc' dir='ltr'>ἐξοίσει</span> <span class='ocrx_word' id='word_1_270' title='bbox 1297 1982 1498 2053; x_wconf 85' lang='grc' dir='ltr'>κρίσιν.</span> <span class='ocrx_word' id='word_1_271' title='bbox 1553 2001 1571 2033; x_wconf 74' lang='grc' dir='ltr'><strong>ι</strong></span> <span class='ocrx_word' id='word_1_272' title='bbox 1631 1982 1777 2053; x_wconf 82' lang='grc' dir='ltr'>Πλὴν</span> 
     </span>
    </p>
   </div>
   <div class='ocr_carea' id='block_1_37' title="bbox 196 2074 1778 2146">
    <p class='ocr_par' dir='ltr' id='par_1_37' title="bbox 196 2074 1778 2146">
     <span class='ocr_line' id='line_1_37' title="bbox 196 2074 1778 2146; baseline 0.001 -19"><span class='ocrx_word' id='word_1_273' title='bbox 196 2080 300 2138; x_wconf 82' lang='grc' dir='ltr'>τοῖς</span> <span class='ocrx_word' id='word_1_274' title='bbox 334 2074 660 2146; x_wconf 72' lang='grc' dir='ltr'>ἀτιμάζουσι</span> <span class='ocrx_word' id='word_1_275' title='bbox 691 2075 786 2146; x_wconf 84' lang='grc' dir='ltr'><strong>τὴν</strong></span> <span class='ocrx_word' id='word_1_276' title='bbox 813 2075 879 2127; x_wconf 86' lang='grc' dir='ltr'>δι’</span> <span class='ocrx_word' id='word_1_277' title='bbox 909 2075 1074 2127; x_wconf 75' lang='grc' dir='ltr'>αὑτοῦ</span> <span class='ocrx_word' id='word_1_278' title='bbox 1111 2076 1407 2146; x_wconf 78' lang='grc' dir='ltr'>σωτηρίαν,</span> <span class='ocrx_word' id='word_1_279' title='bbox 1449 2075 1542 2127; x_wconf 73' lang='grc' dir='ltr'><strong>καὶ</strong></span> <span class='ocrx_word' id='word_1_280' title='bbox 1567 2074 1666 2145; x_wconf 83' lang='grc' dir='ltr'>τὴν</span> <span class='ocrx_word' id='word_1_281' title='bbox 1688 2075 1778 2129; x_wconf 83' lang='grc' dir='ltr'>διὰ</span> 
     </span>
    </p>
   </div>
   <div class='ocr_carea' id='block_1_38' title="bbox 197 2164 1777 2237">
    <p class='ocr_par' dir='ltr' id='par_1_38' title="bbox 197 2164 1777 2237">
     <span class='ocr_line' id='line_1_38' title="bbox 197 2164 1777 2237; baseline 0 -17"><span class='ocrx_word' id='word_1_282' title='bbox 197 2167 427 2230; x_wconf 85' lang='grc' dir='ltr'>πίστεως</span> <span class='ocrx_word' id='word_1_283' title='bbox 465 2167 784 2237; x_wconf 77' lang='grc' dir='ltr'>καθαίρεσιν</span> <span class='ocrx_word' id='word_1_284' title='bbox 823 2167 884 2219; x_wconf 84' lang='grc' dir='ltr'><strong>ού</strong></span> <span class='ocrx_word' id='word_1_285' title='bbox 932 2167 1316 2237; x_wconf 82' lang='grc' dir='ltr'>προσιεμένοις</span> <span class='ocrx_word' id='word_1_286' title='bbox 1352 2166 1548 2237; x_wconf 74' lang='grc' dir='ltr'>συνέϐη</span> <span class='ocrx_word' id='word_1_287' title='bbox 1585 2164 1777 2220; x_wconf 80' lang='grc' dir='ltr'>παθεῖν</span> 
     </span>
    </p>
   </div>
   <div class='ocr_carea' id='block_1_39' title="bbox 196 2257 1777 2329">
    <p class='ocr_par' dir='ltr' id='par_1_39' title="bbox 196 2257 1777 2329">
     <span class='ocr_line' id='line_1_39' title="bbox 196 2257 1777 2329; baseline -0.003 -15"><span class='ocrx_word' id='word_1_288' title='bbox 196 2261 260 2314; x_wconf 76' lang='grc' dir='ltr'><strong>τὰ</strong></span> <span class='ocrx_word' id='word_1_289' title='bbox 290 2259 469 2312; x_wconf 77' lang='grc' dir='ltr'>πάντα</span> <span class='ocrx_word' id='word_1_290' title='bbox 520 2260 778 2328; x_wconf 80' lang='grc' dir='ltr'>αἴσχιστα</span> <span class='ocrx_word' id='word_1_291' title='bbox 825 2258 933 2311; x_wconf 84' lang='grc' dir='ltr'>τῶν</span> <span class='ocrx_word' id='word_1_292' title='bbox 980 2261 1186 2312; x_wconf 79' lang='grc' dir='ltr'>κακῶν.</span> <span class='ocrx_word' id='word_1_293' title='bbox 1234 2257 1528 2312; x_wconf 86' lang='grc' dir='ltr'>Διολώλασι</span> <span class='ocrx_word' id='word_1_294' title='bbox 1575 2259 1680 2329; x_wconf 72' lang='grc' dir='ltr'><strong>γὰρ</strong></span> <span class='ocrx_word' id='word_1_295' title='bbox 1729 2261 1777 2311; x_wconf 79' lang='lat' dir='ltr'><strong>oi</strong></span> 
     </span>
    </p>
   </div>
   <div class='ocr_carea' id='block_1_40' title="bbox 195 2349 1777 2422">
    <p class='ocr_par' dir='ltr' id='par_1_40' title="bbox 195 2349 1777 2422">
     <span class='ocr_line' id='line_1_40' title="bbox 195 2349 1777 2422; baseline -0.002 -17"><span class='ocrx_word' id='word_1_296' title='bbox 195 2352 439 2415; x_wconf 73' lang='grc' dir='ltr'>τάλανες.</span> <span class='ocrx_word' id='word_1_297' title='bbox 482 2352 771 2422; x_wconf 81' lang='grc' dir='ltr'>Τοιγάρτοι</span> <span class='ocrx_word' id='word_1_298' title='bbox 812 2352 908 2404; x_wconf 76' lang='grc' dir='ltr'>καὶ</span> <span class='ocrx_word' id='word_1_299' title='bbox 942 2351 1144 2420; x_wconf 74' lang='grc' dir='ltr'>ἔφασκε</span> <span class='ocrx_word' id='word_1_300' title='bbox 1178 2353 1300 2414; x_wconf 84' lang='grc' dir='ltr'>ταῖς</span> <span class='ocrx_word' id='word_1_301' title='bbox 1345 2351 1610 2404; x_wconf 78' lang='grc' dir='ltr'>Ἰουδαίων</span> <span class='ocrx_word' id='word_1_302' title='bbox 1645 2349 1777 2418; x_wconf 84' lang='grc' dir='ltr'>ἀγέ-</span> 
     </span>
    </p>
   </div>
   <div class='ocr_carea' id='block_1_41' title="bbox 193 2441 1778 2512">
    <p class='ocr_par' dir='ltr' id='par_1_41' title="bbox 193 2441 1778 2512">
     <span class='ocr_line' id='line_1_41' title="bbox 193 2441 1778 2512; baseline 0 -19"><span class='ocrx_word' id='word_1_303' title='bbox 193 2441 306 2504; x_wconf 87' lang='grc' dir='ltr'>λαις</span> <span class='ocrx_word' id='word_1_304' title='bbox 328 2459 342 2473; x_wconf 79' lang='grc' dir='ltr'><strong>ο</strong></span> <span class='ocrx_word' id='word_1_305' title='bbox 383 2461 401 2492; x_wconf 77' lang='grc' dir='ltr'><strong>ι</strong></span> <span class='ocrx_word' id='word_1_306' title='bbox 451 2441 623 2511; x_wconf 82' lang='grc' dir='ltr'><strong>Ἀμὴν</strong></span> <span class='ocrx_word' id='word_1_307' title='bbox 653 2441 794 2510; x_wconf 81' lang='grc' dir='ltr'>λέγω</span> <span class='ocrx_word' id='word_1_308' title='bbox 828 2442 1076 2511; x_wconf 82' lang='grc' dir='ltr'>ὑμῖν,ὂτι</span> <span class='ocrx_word' id='word_1_309' title='bbox 1114 2443 1210 2495; x_wconf 76' lang='grc' dir='ltr'>ἐὰν</span> <span class='ocrx_word' id='word_1_310' title='bbox 1235 2441 1309 2512; x_wconf 77' lang='grc' dir='ltr'><strong>μὴ</strong></span> <span class='ocrx_word' id='word_1_311' title='bbox 1336 2441 1662 2512; x_wconf 78' lang='grc' dir='ltr'>πιστεύσητε</span> <span class='ocrx_word' id='word_1_312' title='bbox 1697 2442 1778 2493; x_wconf 81' lang='grc' dir='ltr'><strong>ὅτι</strong></span> 
     </span>
    </p>
   </div>
   <div class='ocr_carea' id='block_1_42' title="bbox 195 2532 1774 2604">
    <p class='ocr_par' dir='ltr' id='par_1_42' title="bbox 195 2532 1774 2604">
     <span class='ocr_line' id='line_1_42' title="bbox 195 2532 1774 2604; baseline 0 -18"><span class='ocrx_word' id='word_1_313' title='bbox 195 2532 300 2601; x_wconf 75' lang='grc' dir='ltr'><strong>ἐγώ</strong></span> <span class='ocrx_word' id='word_1_314' title='bbox 345 2535 484 2604; x_wconf 80' lang='grc' dir='ltr'>εἰμι,</span> <span class='ocrx_word' id='word_1_315' title='bbox 535 2536 592 2585; x_wconf 75' lang='grc' dir='ltr'>ἐν</span> <span class='ocrx_word' id='word_1_316' title='bbox 626 2536 745 2596; x_wconf 85' lang='grc' dir='ltr'>ταῖς</span> <span class='ocrx_word' id='word_1_317' title='bbox 788 2535 1086 2604; x_wconf 82' lang='grc' dir='ltr'>ἁμαρτίαις</span> <span class='ocrx_word' id='word_1_318' title='bbox 1140 2535 1293 2604; x_wconf 79' lang='grc' dir='ltr'>ὑμῶν</span> <span class='ocrx_word' id='word_1_319' title='bbox 1335 2533 1716 2587; x_wconf 80' lang='grc' dir='ltr'>ἀποθανεῖσθε.</span> <span class='ocrx_word' id='word_1_320' title='bbox 1755 2551 1774 2585; x_wconf 78' lang='lat' dir='ltr'><strong>s</strong></span> 
     </span>
    </p>
   </div>
   <div class='ocr_carea' id='block_1_43' title="bbox 197 2625 1779 2696">
    <p class='ocr_par' dir='ltr' id='par_1_43' title="bbox 197 2625 1779 2696">
     <span class='ocr_line' id='line_1_43' title="bbox 197 2625 1779 2696; baseline 0 -19"><span class='ocrx_word' id='word_1_321' title='bbox 197 2626 338 2696; x_wconf 68' lang='grc' dir='ltr'>Ἔφη</span> <span class='ocrx_word' id='word_1_322' title='bbox 373 2625 436 2678; x_wconf 75' lang='grc' dir='ltr'><strong>δέ</strong></span> <span class='ocrx_word' id='word_1_323' title='bbox 465 2643 566 2677; x_wconf 88' lang='grc' dir='ltr'><strong>που</strong></span> <span class='ocrx_word' id='word_1_324' title='bbox 603 2625 696 2679; x_wconf 78' lang='grc' dir='ltr'><strong>καὶ</strong></span> <span class='ocrx_word' id='word_1_325' title='bbox 724 2627 752 2680; x_wconf 89' lang='grc' dir='ltr'>ὁ</span> <span class='ocrx_word' id='word_1_326' title='bbox 797 2626 1047 2696; x_wconf 81' lang='grc' dir='ltr'><strong>Ἰωάννης</strong></span> <span class='ocrx_word' id='word_1_327' title='bbox 1069 2641 1080 2651; x_wconf 90' lang='grc'><strong>·</strong></span> <span class='ocrx_word' id='word_1_328' title='bbox 1113 2644 1130 2676; x_wconf 81' lang='grc' dir='ltr'><strong>ι</strong></span> <span class='ocrx_word' id='word_1_329' title='bbox 1188 2627 1245 2679; x_wconf 88' lang='grc'><strong>’0</strong></span> <span class='ocrx_word' id='word_1_330' title='bbox 1275 2626 1546 2678; x_wconf 83' lang='grc' dir='ltr'>πιστεύων</span> <span class='ocrx_word' id='word_1_331' title='bbox 1579 2627 1659 2688; x_wconf 83' lang='grc' dir='ltr'>εἰς</span> <span class='ocrx_word' id='word_1_332' title='bbox 1687 2625 1779 2677; x_wconf 78' lang='grc' dir='ltr'><strong>τὸν</strong></span> 
     </span>
    </p>
   </div>
   <div class='ocr_carea' id='block_1_44' title="bbox 193 2717 1778 2789">
    <p class='ocr_par' dir='ltr' id='par_1_44' title="bbox 193 2717 1778 2789">
     <span class='ocr_line' id='line_1_44' title="bbox 193 2717 1778 2789; baseline 0 -19"><span class='ocrx_word' id='word_1_333' title='bbox 193 2717 342 2781; x_wconf 72' lang='grc' dir='ltr'>Υίδν,</span> <span class='ocrx_word' id='word_1_334' title='bbox 373 2717 432 2770; x_wconf 75' lang='grc' dir='ltr'><strong>οὐ</strong></span> <span class='ocrx_word' id='word_1_335' title='bbox 465 2717 731 2789; x_wconf 77' lang='grc' dir='ltr'>κρίνεται·</span> <span class='ocrx_word' id='word_1_336' title='bbox 767 2717 796 2768; x_wconf 91' lang='lat'><strong>6</strong></span> <span class='ocrx_word' id='word_1_337' title='bbox 841 2717 898 2771; x_wconf 78' lang='grc' dir='ltr'>δὲ</span> <span class='ocrx_word' id='word_1_338' title='bbox 937 2719 1011 2788; x_wconf 83' lang='grc' dir='ltr'><strong>μὴ</strong></span> <span class='ocrx_word' id='word_1_339' title='bbox 1042 2717 1336 2782; x_wconf 85' lang='grc' dir='ltr'>πιστεύων,</span> <span class='ocrx_word' id='word_1_340' title='bbox 1373 2718 1475 2788; x_wconf 71' lang='grc' dir='ltr'>ήδη</span> <span class='ocrx_word' id='word_1_341' title='bbox 1504 2718 1778 2788; x_wconf 79' lang='grc' dir='ltr'>κέκριται,</span> 
     </span>
    </p>
   </div>
   <div class='ocr_carea' id='block_1_45' title="bbox 194 2807 1776 2880">
    <p class='ocr_par' dir='ltr' id='par_1_45' title="bbox 194 2807 1776 2880">
     <span class='ocr_line' id='line_1_45' title="bbox 194 2807 1776 2880; baseline 0.001 -21"><span class='ocrx_word' id='word_1_342' title='bbox 194 2808 272 2860; x_wconf 81' lang='grc' dir='ltr'>ὅτι</span> <span class='ocrx_word' id='word_1_343' title='bbox 298 2808 375 2880; x_wconf 82' lang='grc' dir='ltr'><strong>μὴ</strong></span> <span class='ocrx_word' id='word_1_344' title='bbox 405 2807 770 2860; x_wconf 79' lang='grc' dir='ltr'>πεπίστευκεν</span> <span class='ocrx_word' id='word_1_345' title='bbox 792 2809 872 2870; x_wconf 85' lang='grc' dir='ltr'><strong>είς</strong></span> <span class='ocrx_word' id='word_1_346' title='bbox 892 2808 954 2860; x_wconf 75' lang='grc' dir='ltr'><strong>τὸ</strong></span> <span class='ocrx_word' id='word_1_347' title='bbox 974 2809 1143 2879; x_wconf 77' lang='grc' dir='ltr'>ὄνομα</span> <span class='ocrx_word' id='word_1_348' title='bbox 1168 2808 1261 2862; x_wconf 89' lang='grc' dir='ltr'><strong>τοῦ</strong></span> <span class='ocrx_word' id='word_1_349' title='bbox 1292 2808 1421 2862; x_wconf 80' lang='grc' dir='ltr'>Υἱοῦ</span> <span class='ocrx_word' id='word_1_350' title='bbox 1445 2808 1538 2861; x_wconf 88' lang='grc' dir='ltr'><strong>τοῦ</strong></span> <span class='ocrx_word' id='word_1_351' title='bbox 1561 2807 1716 2861; x_wconf 81' lang='grc' dir='ltr'>Θεοῦ.</span> <span class='ocrx_word' id='word_1_352' title='bbox 1756 2826 1776 2861; x_wconf 81' lang='lat' dir='ltr'><strong>s</strong></span> 
     </span>
    </p>
   </div>
   <div class='ocr_carea' id='block_1_46' title="bbox 197 2899 1780 2971">
    <p class='ocr_par' dir='ltr' id='par_1_46' title="bbox 197 2899 1780 2971">
     <span class='ocr_line' id='line_1_46' title="bbox 197 2899 1780 2971; baseline -0.001 -18"><span class='ocrx_word' id='word_1_353' title='bbox 197 2899 545 2971; x_wconf 84' lang='grc' dir='ltr'>Προσειρώνει</span> <span class='ocrx_word' id='word_1_354' title='bbox 592 2899 649 2952; x_wconf 84' lang='grc' dir='ltr'>δὲ</span> <span class='ocrx_word' id='word_1_355' title='bbox 681 2900 772 2951; x_wconf 77' lang='grc' dir='ltr'>καὶ</span> <span class='ocrx_word' id='word_1_356' title='bbox 805 2901 986 2962; x_wconf 77' lang='grc' dir='ltr'>αὐτοῖς</span> <span class='ocrx_word' id='word_1_357' title='bbox 1035 2904 1147 2963; x_wconf 87' lang='grc' dir='ltr'>τοῖς</span> <span class='ocrx_word' id='word_1_358' title='bbox 1194 2899 1253 2965; x_wconf 82' lang='grc' dir='ltr'>ἐξ</span> <span class='ocrx_word' id='word_1_359' title='bbox 1294 2900 1542 2970; x_wconf 82' lang='grc' dir='ltr'>Ἰσραήλ·</span> <span class='ocrx_word' id='word_1_360' title='bbox 1583 2919 1600 2951; x_wconf 80' lang='grc' dir='ltr'><strong>ι</strong></span> <span class='ocrx_word' id='word_1_361' title='bbox 1642 2899 1780 2970; x_wconf 83' lang='grc' dir='ltr'>Ἤδη</span> 
     </span>
    </p>
   </div>
   <div class='ocr_carea' id='block_1_47' title="bbox 193 2991 1782 3065">
    <p class='ocr_par' dir='ltr' id='par_1_47' title="bbox 193 2991 1782 3065">
     <span class='ocr_line' id='line_1_47' title="bbox 193 2991 1782 3065; baseline -0.001 -19"><span class='ocrx_word' id='word_1_362' title='bbox 193 2992 245 3046; x_wconf 76' lang='grc' dir='ltr'><strong>δὲ</strong></span> <span class='ocrx_word' id='word_1_363' title='bbox 283 2996 314 3064; x_wconf 85' lang='grc' dir='ltr'><strong>ἠ</strong></span> <span class='ocrx_word' id='word_1_364' title='bbox 352 2993 512 3061; x_wconf 78' lang='grc' dir='ltr'>ἀξίνη</span> <span class='ocrx_word' id='word_1_365' title='bbox 541 2992 675 3064; x_wconf 79' lang='grc' dir='ltr'>πρὸς</span> <span class='ocrx_word' id='word_1_366' title='bbox 710 2992 809 3061; x_wconf 86' lang='grc' dir='ltr'>τὴν</span> <span class='ocrx_word' id='word_1_367' title='bbox 843 2991 998 3061; x_wconf 75' lang='grc' dir='ltr'>ῥίζαν</span> <span class='ocrx_word' id='word_1_368' title='bbox 1028 2992 1136 3044; x_wconf 86' lang='grc' dir='ltr'><strong>τῶν</strong></span> <span class='ocrx_word' id='word_1_369' title='bbox 1168 2992 1399 3065; x_wconf 76' lang='grc' dir='ltr'>δένδρων</span> <span class='ocrx_word' id='word_1_370' title='bbox 1435 2995 1630 3044; x_wconf 80' lang='grc' dir='ltr'>κεῖται.</span> <span class='ocrx_word' id='word_1_371' title='bbox 1667 2992 1782 3045; x_wconf 84' lang='grc' dir='ltr'><strong>Πᾶν</strong></span> 
     </span>
    </p>
   </div>
   <div class='ocr_carea' id='block_1_48' title="bbox 191 3082 1785 3156">
    <p class='ocr_par' dir='ltr' id='par_1_48' title="bbox 191 3082 1785 3156">
     <span class='ocr_line' id='line_1_48' title="bbox 191 3082 1785 3156; baseline -0.002 -16"><span class='ocrx_word' id='word_1_372' title='bbox 191 3082 284 3140; x_wconf 83' lang='grc' dir='ltr'><strong>οῦν</strong></span> <span class='ocrx_word' id='word_1_373' title='bbox 334 3087 556 3156; x_wconf 80' lang='grc' dir='ltr'>δένδρον</span> <span class='ocrx_word' id='word_1_374' title='bbox 612 3085 688 3155; x_wconf 81' lang='grc' dir='ltr'>μὴ</span> <span class='ocrx_word' id='word_1_375' title='bbox 741 3083 930 3137; x_wconf 86' lang='grc' dir='ltr'>ποιοῦν</span> <span class='ocrx_word' id='word_1_376' title='bbox 978 3084 1188 3155; x_wconf 83' lang='grc' dir='ltr'>καρπὸν</span> <span class='ocrx_word' id='word_1_377' title='bbox 1247 3085 1408 3139; x_wconf 82' lang='grc' dir='ltr'>καλὸν</span> <span class='ocrx_word' id='word_1_378' title='bbox 1459 3085 1785 3138; x_wconf 79' lang='grc' dir='ltr'>ἐκκόπτεται</span> 
     </span>
    </p>
   </div>
   <div class='ocr_carea' id='block_1_49' title="bbox 192 3173 1784 3248">
    <p class='ocr_par' dir='ltr' id='par_1_49' title="bbox 192 3173 1784 3248">
     <span class='ocr_line' id='line_1_49' title="bbox 192 3173 1784 3248; baseline -0.003 -18"><span class='ocrx_word' id='word_1_379' title='bbox 192 3178 286 3230; x_wconf 75' lang='grc' dir='ltr'><strong>καὶ</strong></span> <span class='ocrx_word' id='word_1_380' title='bbox 314 3179 397 3239; x_wconf 83' lang='grc' dir='ltr'><strong>είς</strong></span> <span class='ocrx_word' id='word_1_381' title='bbox 427 3176 540 3248; x_wconf 86' lang='grc' dir='ltr'><strong>πῦρ</strong></span> <span class='ocrx_word' id='word_1_382' title='bbox 577 3174 851 3245; x_wconf 78' lang='grc' dir='ltr'>βάλλεται.</span> <span class='ocrx_word' id='word_1_383' title='bbox 894 3192 913 3226; x_wconf 77' lang='lat' dir='ltr'><strong>s</strong></span> <span class='ocrx_word' id='word_1_384' title='bbox 949 3173 1161 3227; x_wconf 65' lang='grc' dir='ltr'>Οὐκοῦν</span> <span class='ocrx_word' id='word_1_385' title='bbox 1188 3176 1299 3237; x_wconf 87' lang='grc' dir='ltr'>τοῖς</span> <span class='ocrx_word' id='word_1_386' title='bbox 1333 3174 1430 3242; x_wconf 83' lang='grc' dir='ltr'><strong>μὲν</strong></span> <span class='ocrx_word' id='word_1_387' title='bbox 1467 3173 1784 3227; x_wconf 74' lang='grc' dir='ltr'>ἀπειθοῦσιν</span> 
     </span>
    </p>
   </div>
   <div class='ocr_carea' id='block_1_50' title="bbox 193 3265 1785 3342">
    <p class='ocr_par' dir='ltr' id='par_1_50' title="bbox 193 3265 1785 3342">
     <span class='ocr_line' id='line_1_50' title="bbox 193 3265 1785 3342; baseline -0.004 -17"><span class='ocrx_word' id='word_1_388' title='bbox 193 3271 472 3342; x_wconf 74' lang='grc' dir='ltr'>ἀφόρητος</span> <span class='ocrx_word' id='word_1_389' title='bbox 510 3269 604 3321; x_wconf 77' lang='grc' dir='ltr'><strong>καὶ</strong></span> <span class='ocrx_word' id='word_1_390' title='bbox 637 3269 694 3320; x_wconf 79' lang='grc' dir='ltr'><strong>ού</strong></span> <span class='ocrx_word' id='word_1_391' title='bbox 728 3266 850 3320; x_wconf 84' lang='grc' dir='ltr'>λίαν</span> <span class='ocrx_word' id='word_1_392' title='bbox 875 3265 1052 3328; x_wconf 82' lang='grc' dir='ltr'>οἰστὸς</span> <span class='ocrx_word' id='word_1_393' title='bbox 1085 3266 1185 3334; x_wconf 84' lang='grc' dir='ltr'><strong>τῆς</strong></span> <span class='ocrx_word' id='word_1_394' title='bbox 1218 3282 1275 3319; x_wconf 89' lang='grc' dir='ltr'><strong>τε</strong></span> <span class='ocrx_word' id='word_1_395' title='bbox 1318 3266 1520 3319; x_wconf 78' lang='grc' dir='ltr'>εἰσόδου</span> <span class='ocrx_word' id='word_1_396' title='bbox 1565 3267 1657 3319; x_wconf 73' lang='grc' dir='ltr'><strong>καὶ</strong></span> <span class='ocrx_word' id='word_1_397' title='bbox 1687 3267 1785 3336; x_wconf 85' lang='grc' dir='ltr'>τῆς</span> 
     </span>
    </p>
   </div>
   <div class='ocr_carea' id='block_1_51' title="bbox 187 3359 1785 3430">
    <p class='ocr_par' dir='ltr' id='par_1_51' title="bbox 187 3359 1785 3430">
     <span class='ocr_line' id='line_1_51' title="bbox 187 3359 1785 3430; baseline -0.005 -11"><span class='ocrx_word' id='word_1_398' title='bbox 187 3365 461 3428; x_wconf 80' lang='grc' dir='ltr'>ὀπτασίας</span> <span class='ocrx_word' id='word_1_399' title='bbox 505 3362 671 3417; x_wconf 80' lang='grc' dir='ltr'>αὐτοῦ</span> <span class='ocrx_word' id='word_1_400' title='bbox 711 3363 932 3430; x_wconf 85' lang='grc' dir='ltr'>γέγονεν</span> <span class='ocrx_word' id='word_1_401' title='bbox 969 3362 998 3413; x_wconf 90' lang='lat'><strong>6</strong></span> <span class='ocrx_word' id='word_1_402' title='bbox 1038 3360 1250 3429; x_wconf 88' lang='grc' dir='ltr'>καιρός.</span> <span class='ocrx_word' id='word_1_403' title='bbox 1297 3359 1616 3429; x_wconf 84' lang='grc' dir='ltr'>Ἢλέγχοντο</span> <span class='ocrx_word' id='word_1_404' title='bbox 1655 3359 1785 3429; x_wconf 81' lang='grc' dir='ltr'>γὰρ,</span> 
     </span>
    </p>
   </div>
   <div class='ocr_carea' id='block_1_52' title="bbox 187 3448 1790 3520">
    <p class='ocr_par' dir='ltr' id='par_1_52' title="bbox 187 3448 1790 3520">
     <span class='ocr_line' id='line_1_52' title="bbox 187 3448 1790 3520; baseline -0.004 -12"><span class='ocrx_word' id='word_1_405' title='bbox 187 3455 266 3518; x_wconf 81' lang='grc' dir='ltr'>ὡς</span> <span class='ocrx_word' id='word_1_406' title='bbox 326 3454 490 3508; x_wconf 73' lang='grc' dir='ltr'>αὐτοὶ</span> <span class='ocrx_word' id='word_1_407' title='bbox 542 3454 642 3515; x_wconf 76' lang='grc' dir='ltr'>τὰς</span> <span class='ocrx_word' id='word_1_408' title='bbox 697 3451 846 3520; x_wconf 79' lang='grc' dir='ltr'>σφῶν</span> <span class='ocrx_word' id='word_1_409' title='bbox 899 3449 1206 3514; x_wconf 81' lang='grc' dir='ltr'>διολλύντες</span> <span class='ocrx_word' id='word_1_410' title='bbox 1255 3448 1465 3519; x_wconf 71' lang='grc' dir='ltr'>ψυχὰς,</span> <span class='ocrx_word' id='word_1_411' title='bbox 1518 3449 1611 3502; x_wconf 76' lang='grc' dir='ltr'>καὶ</span> <span class='ocrx_word' id='word_1_412' title='bbox 1672 3453 1790 3512; x_wconf 86' lang='grc' dir='ltr'>ταῖς</span> 
     </span>
    </p>
   </div>
   <div class='ocr_carea' id='block_1_53' title="bbox 185 3540 1790 3616">
    <p class='ocr_par' dir='ltr' id='par_1_53' title="bbox 185 3540 1790 3616">
     <span class='ocr_line' id='line_1_53' title="bbox 185 3540 1790 3616; baseline -0.004 -15"><span class='ocrx_word' id='word_1_413' title='bbox 185 3547 402 3601; x_wconf 76' lang='grc' dir='ltr'>ἑαυτῶν</span> <span class='ocrx_word' id='word_1_414' title='bbox 461 3543 758 3616; x_wconf 78' lang='grc' dir='ltr'>ἁμαρτίαις</span> <span class='ocrx_word' id='word_1_415' title='bbox 804 3542 1286 3613; x_wconf 83' lang='grc' dir='ltr'>ὲντεθνηξόμενοι,</span> <span class='ocrx_word' id='word_1_416' title='bbox 1335 3541 1424 3594; x_wconf 82' lang='grc' dir='ltr'>διὰ</span> <span class='ocrx_word' id='word_1_417' title='bbox 1474 3558 1554 3594; x_wconf 83' lang='grc' dir='ltr'><strong>τοι</strong></span> <span class='ocrx_word' id='word_1_418' title='bbox 1600 3540 1662 3593; x_wconf 80' lang='grc' dir='ltr'>τὸ</span> <span class='ocrx_word' id='word_1_419' title='bbox 1714 3541 1790 3611; x_wconf 86' lang='grc' dir='ltr'><strong>μὴ</strong></span> 
     </span>
    </p>
   </div>
   <div class='ocr_carea' id='block_1_54' title="bbox 182 3631 1790 3707">
    <p class='ocr_par' dir='ltr' id='par_1_54' title="bbox 182 3631 1790 3707">
     <span class='ocr_line' id='line_1_54' title="bbox 182 3631 1790 3707; baseline -0.005 -15"><span class='ocrx_word' id='word_1_420' title='bbox 182 3638 414 3692; x_wconf 79' lang='grc' dir='ltr'>ἑλέσθαι</span> <span class='ocrx_word' id='word_1_421' title='bbox 443 3639 661 3707; x_wconf 75' lang='grc' dir='ltr'>φρονεῖν</span> <span class='ocrx_word' id='word_1_422' title='bbox 704 3634 880 3706; x_wconf 81' lang='grc' dir='ltr'>ὀρθῶς</span> <span class='ocrx_word' id='word_1_423' title='bbox 910 3631 1296 3705; x_wconf 88' lang='grc' dir='ltr'>προσήκασθαί</span> <span class='ocrx_word' id='word_1_424' title='bbox 1327 3649 1388 3686; x_wconf 88' lang='grc' dir='ltr'><strong>τε</strong></span> <span class='ocrx_word' id='word_1_425' title='bbox 1417 3634 1497 3695; x_wconf 87' lang='grc' dir='ltr'>εἰς</span> <span class='ocrx_word' id='word_1_426' title='bbox 1529 3631 1653 3686; x_wconf 88' lang='grc' dir='ltr'>νοῦν</span> <span class='ocrx_word' id='word_1_427' title='bbox 1695 3632 1790 3685; x_wconf 75' lang='grc' dir='ltr'>καὶ</span> 
     </span>
    </p>
   </div>
   <div class='ocr_carea' id='block_1_55' title="bbox 180 3726 1786 3804">
    <p class='ocr_par' dir='ltr' id='par_1_55' title="bbox 180 3726 1786 3804">
     <span class='ocr_line' id='line_1_55' title="bbox 180 3726 1786 3804; baseline -0.004 -19"><span class='ocrx_word' id='word_1_428' title='bbox 180 3731 425 3804; x_wconf 81' lang='grc' dir='ltr'>καρδίαν</span> <span class='ocrx_word' id='word_1_429' title='bbox 475 3729 576 3801; x_wconf 80' lang='grc' dir='ltr'>τὴν</span> <span class='ocrx_word' id='word_1_430' title='bbox 623 3729 712 3783; x_wconf 77' lang='grc' dir='ltr'>διὰ</span> <span class='ocrx_word' id='word_1_431' title='bbox 763 3729 1001 3792; x_wconf 87' lang='grc' dir='ltr'>πίστεως</span> <span class='ocrx_word' id='word_1_432' title='bbox 1045 3728 1333 3798; x_wconf 82' lang='grc' dir='ltr'>κάθαρσιν.</span> <span class='ocrx_word' id='word_1_433' title='bbox 1391 3746 1410 3779; x_wconf 78' lang='grc' dir='ltr'><strong>ι</strong></span> <span class='ocrx_word' id='word_1_434' title='bbox 1467 3728 1564 3791; x_wconf 88' lang='grc' dir='ltr'><strong>Τίς</strong></span> <span class='ocrx_word' id='word_1_435' title='bbox 1608 3726 1786 3779; x_wconf 85' lang='grc' dir='ltr'>τοίνυν</span> 
     </span>
    </p>
   </div>
   <div class='ocr_carea' id='block_1_56' title="bbox 175 3818 1791 3894">
    <p class='ocr_par' dir='ltr' id='par_1_56' title="bbox 175 3818 1791 3894">
     <span class='ocr_line' id='line_1_56' title="bbox 175 3818 1791 3894; baseline -0.004 -16"><span class='ocrx_word' id='word_1_436' title='bbox 175 3825 487 3894; x_wconf 83' lang='grc' dir='ltr'>ὑπομενεῖ,</span> <span class='ocrx_word' id='word_1_437' title='bbox 519 3822 706 3893; x_wconf 76' lang='grc' dir='ltr'>φησὶν,</span> <span class='ocrx_word' id='word_1_438' title='bbox 730 3821 944 3890; x_wconf 82' lang='grc' dir='ltr'>ἡμέραν</span> <span class='ocrx_word' id='word_1_439' title='bbox 977 3819 1185 3873; x_wconf 75' lang='grc' dir='ltr'>εἰσόδου</span> <span class='ocrx_word' id='word_1_440' title='bbox 1217 3818 1417 3884; x_wconf 77' lang='grc' dir='ltr'>αὐτοῦς</span> <span class='ocrx_word' id='word_1_441' title='bbox 1446 3819 1519 3871; x_wconf 77' lang='grc' dir='ltr'><strong>’Ἡ</strong></span> <span class='ocrx_word' id='word_1_442' title='bbox 1543 3819 1628 3882; x_wconf 87' lang='grc' dir='ltr'><strong>τίς</strong></span> <span class='ocrx_word' id='word_1_443' title='bbox 1657 3820 1791 3872; x_wconf 79' lang='grc' dir='ltr'>ὑποο</span> 
     </span>
    </p>
   </div>
   <div class='ocr_carea' id='block_1_57' title="bbox 172 3911 1789 3988">
    <p class='ocr_par' dir='ltr' id='par_1_57' title="bbox 172 3911 1789 3988">
     <span class='ocr_line' id='line_1_57' title="bbox 172 3911 1789 3988; baseline -0.004 -17"><span class='ocrx_word' id='word_1_444' title='bbox 172 3921 464 3988; x_wconf 80' lang='grc' dir='ltr'>στήσεται</span> <span class='ocrx_word' id='word_1_445' title='bbox 497 3916 554 3968; x_wconf 82' lang='grc' dir='ltr'>ὲν</span> <span class='ocrx_word' id='word_1_446' title='bbox 588 3917 650 3985; x_wconf 81' lang='grc' dir='ltr'>τῇ</span> <span class='ocrx_word' id='word_1_447' title='bbox 693 3914 928 3984; x_wconf 72' lang='grc' dir='ltr'>ὀπτασίᾳ</span> <span class='ocrx_word' id='word_1_448' title='bbox 965 3913 1166 3978; x_wconf 77' lang='grc' dir='ltr'>αὐτοῦ;</span> <span class='ocrx_word' id='word_1_449' title='bbox 1211 3934 1231 3965; x_wconf 79' lang='lat' dir='ltr'><strong>s</strong></span> <span class='ocrx_word' id='word_1_450' title='bbox 1285 3912 1568 3978; x_wconf 88' lang='grc' dir='ltr'>Τουτέστι,</span> <span class='ocrx_word' id='word_1_451' title='bbox 1601 3913 1685 3975; x_wconf 89' lang='grc' dir='ltr'><strong>τίς</strong></span> <span class='ocrx_word' id='word_1_452' title='bbox 1723 3911 1789 3983; x_wconf 85' lang='grc' dir='ltr'>δὴ</span> 
     </span>
    </p>
   </div>
   <div class='ocr_carea' id='block_1_58' title="bbox 168 4003 1790 4083">
    <p class='ocr_par' dir='ltr' id='par_1_58' title="bbox 168 4003 1790 4083">
     <span class='ocr_line' id='line_1_58' title="bbox 168 4003 1790 4083; baseline -0.006 -16"><span class='ocrx_word' id='word_1_453' title='bbox 168 4012 289 4083; x_wconf 75' lang='grc' dir='ltr'>ἄρα</span> <span class='ocrx_word' id='word_1_454' title='bbox 345 4006 612 4062; x_wconf 83' lang='grc' dir='ltr'>τοσοῦτον</span> <span class='ocrx_word' id='word_1_455' title='bbox 661 4005 812 4059; x_wconf 82' lang='grc' dir='ltr'>ἔσται</span> <span class='ocrx_word' id='word_1_456' title='bbox 863 4005 1033 4068; x_wconf 86' lang='grc' dir='ltr'>δεινός</span> <span class='ocrx_word' id='word_1_457' title='bbox 1075 4022 1136 4058; x_wconf 87' lang='grc' dir='ltr'><strong>τε</strong></span> <span class='ocrx_word' id='word_1_458' title='bbox 1184 4006 1279 4058; x_wconf 78' lang='grc' dir='ltr'>καὶ</span> <span class='ocrx_word' id='word_1_459' title='bbox 1329 4003 1564 4076; x_wconf 76' lang='grc' dir='ltr'>ἀπηνὴς,</span> <span class='ocrx_word' id='word_1_460' title='bbox 1612 4005 1686 4064; x_wconf 83' lang='grc' dir='ltr'>ὡς</span> <span class='ocrx_word' id='word_1_461' title='bbox 1731 4004 1790 4058; x_wconf 78' lang='grc' dir='ltr'>ὲν</span> 
     </span>
    </p>
   </div>
   <div class='ocr_carea' id='block_1_59' title="bbox 165 4092 1788 4172">
    <p class='ocr_par' dir='ltr' id='par_1_59' title="bbox 165 4092 1788 4172">
     <span class='ocr_line' id='line_1_59' title="bbox 165 4092 1788 4172; baseline -0.007 -15"><span class='ocrx_word' id='word_1_462' title='bbox 165 4099 376 4172; x_wconf 78' lang='grc' dir='ltr'>καιρῷ</span> <span class='ocrx_word' id='word_1_463' title='bbox 423 4097 520 4150; x_wconf 76' lang='grc' dir='ltr'><strong>καὶ</strong></span> <span class='ocrx_word' id='word_1_464' title='bbox 570 4097 755 4168; x_wconf 76' lang='grc' dir='ltr'>ἡμέρα</span> <span class='ocrx_word' id='word_1_465' title='bbox 798 4096 897 4165; x_wconf 81' lang='grc' dir='ltr'>τῆς</span> <span class='ocrx_word' id='word_1_466' title='bbox 950 4097 1028 4159; x_wconf 87' lang='grc' dir='ltr'><strong>είς</strong></span> <span class='ocrx_word' id='word_1_467' title='bbox 1077 4096 1278 4165; x_wconf 79' lang='grc' dir='ltr'>κόσμον</span> <span class='ocrx_word' id='word_1_468' title='bbox 1325 4094 1576 4164; x_wconf 76' lang='grc' dir='ltr'>εἰσϐολῆς</span> <span class='ocrx_word' id='word_1_469' title='bbox 1624 4092 1788 4146; x_wconf 74' lang='grc' dir='ltr'>αὐτοῦ</span> 
     </span>
    </p>
   </div>
   <div class='ocr_carea' id='block_1_60' title="bbox 165 4182 1791 4266">
    <p class='ocr_par' dir='ltr' id='par_1_60' title="bbox 165 4182 1791 4266">
     <span class='ocr_line' id='line_1_60' title="bbox 165 4182 1791 4266; baseline -0.007 -17"><span class='ocrx_word' id='word_1_470' title='bbox 165 4195 377 4266; x_wconf 77' lang='grc' dir='ltr'>(δῆλον</span> <span class='ocrx_word' id='word_1_471' title='bbox 405 4191 466 4243; x_wconf 73' lang='grc' dir='ltr'><strong>δὲ</strong></span> <span class='ocrx_word' id='word_1_472' title='bbox 495 4190 576 4241; x_wconf 83' lang='grc' dir='ltr'>ὅτι</span> <span class='ocrx_word' id='word_1_473' title='bbox 613 4189 714 4258; x_wconf 77' lang='grc' dir='ltr'>τῆς</span> <span class='ocrx_word' id='word_1_474' title='bbox 747 4188 884 4259; x_wconf 85' lang='grc' dir='ltr'><strong>μετά</strong></span> <span class='ocrx_word' id='word_1_475' title='bbox 921 4187 1144 4258; x_wconf 82' lang='grc' dir='ltr'>σαρκὸς,</span> <span class='ocrx_word' id='word_1_476' title='bbox 1172 4186 1237 4241; x_wconf 91' lang='grc' dir='ltr'>δι’</span> <span class='ocrx_word' id='word_1_477' title='bbox 1263 4182 1329 4258; x_wconf 80' lang='grc' dir='ltr'>ἧς</span> <span class='ocrx_word' id='word_1_478' title='bbox 1354 4187 1422 4241; x_wconf 82' lang='grc' dir='ltr'>ἂν</span> <span class='ocrx_word' id='word_1_479' title='bbox 1455 4185 1666 4254; x_wconf 86' lang='grc' dir='ltr'>γένοιτο</span> <span class='ocrx_word' id='word_1_480' title='bbox 1697 4186 1791 4238; x_wconf 73' lang='grc' dir='ltr'><strong>καὶ</strong></span> 
     </span>
    </p>
   </div>
   <div class='ocr_carea' id='block_1_61' title="bbox 1881 1988 3462 2059">
    <p class='ocr_par' dir='ltr' id='par_1_61' title="bbox 1881 1988 3462 2059">
     <span class='ocr_line' id='line_1_61' title="bbox 1881 1988 3462 2059; baseline 0.001 -18"><span class='ocrx_word' id='word_1_481' title='bbox 1881 1989 2285 2057; x_wconf 78' lang='lat' dir='ltr'><strong>adipiscendam</strong></span> <span class='ocrx_word' id='word_1_482' title='bbox 2333 1988 2776 2059; x_wconf 80' lang='lat' dir='ltr'><strong>aspernantibus,</strong></span> <span class='ocrx_word' id='word_1_483' title='bbox 2829 1990 3312 2058; x_wconf 82' lang='lat' dir='ltr'><strong>purgationemqne</strong></span> <span class='ocrx_word' id='word_1_484' title='bbox 3367 2004 3462 2059; x_wconf 84' lang='lat' dir='ltr'><strong>per</strong></span> 
     </span>
    </p>
   </div>
   <div class='ocr_carea' id='block_1_62' title="bbox 1883 2081 3460 2150">
    <p class='ocr_par' dir='ltr' id='par_1_62' title="bbox 1883 2081 3460 2150">
     <span class='ocr_line' id='line_1_62' title="bbox 1883 2081 3460 2150; baseline 0.001 -16"><span class='ocrx_word' id='word_1_485' title='bbox 1883 2082 2041 2134; x_wconf 88' lang='lat' dir='ltr'><strong>Iidem</strong></span> <span class='ocrx_word' id='word_1_486' title='bbox 2095 2081 2490 2150; x_wconf 86' lang='lat' dir='ltr'><strong>rejicicntibus,</strong></span> <span class='ocrx_word' id='word_1_487' title='bbox 2525 2082 2767 2136; x_wconf 88' lang='lat' dir='ltr'><strong>omnium</strong></span> <span class='ocrx_word' id='word_1_488' title='bbox 2826 2083 3090 2137; x_wconf 89' lang='lat' dir='ltr'><strong>malorum</strong></span> <span class='ocrx_word' id='word_1_489' title='bbox 3156 2083 3460 2138; x_wconf 74' lang='lat' dir='ltr'><strong>ftedissima</strong></span> 
     </span>
    </p>
   </div>
   <div class='ocr_carea' id='block_1_63' title="bbox 1881 2173 3463 2244">
    <p class='ocr_par' dir='ltr' id='par_1_63' title="bbox 1881 2173 3463 2244">
     <span class='ocr_line' id='line_1_63' title="bbox 1881 2173 3463 2244; baseline 0.001 -16"><span class='ocrx_word' id='word_1_490' title='bbox 1881 2175 2087 2243; x_wconf 81' lang='lat' dir='ltr'><strong>perpeti</strong></span> <span class='ocrx_word' id='word_1_491' title='bbox 2149 2175 2397 2244; x_wconf 85' lang='lat' dir='ltr'><strong>contigit.</strong></span> <span class='ocrx_word' id='word_1_492' title='bbox 2463 2173 2748 2229; x_wconf 84' lang='lat' dir='ltr'><strong>Perierunt</strong></span> <span class='ocrx_word' id='word_1_493' title='bbox 2802 2177 2947 2229; x_wconf 88' lang='lat' dir='ltr'><strong>enim</strong></span> <span class='ocrx_word' id='word_1_494' title='bbox 3004 2176 3208 2230; x_wconf 82' lang='lat' dir='ltr'><strong>miseri.</strong></span> <span class='ocrx_word' id='word_1_495' title='bbox 3283 2176 3463 2242; x_wconf 80' lang='lat' dir='ltr'><strong>Quare</strong></span> 
     </span>
    </p>
   </div>
   <div class='ocr_carea' id='block_1_64' title="bbox 1881 2265 3459 2324">
    <p class='ocr_par' dir='ltr' id='par_1_64' title="bbox 1881 2265 3459 2324">
     <span class='ocr_line' id='line_1_64' title="bbox 1881 2265 3459 2324; baseline 0.003 -4"><span class='ocrx_word' id='word_1_496' title='bbox 1881 2266 2044 2320; x_wconf 86' lang='lat' dir='ltr'><strong>etiam</strong></span> <span class='ocrx_word' id='word_1_497' title='bbox 2085 2265 2395 2321; x_wconf 75' lang='lat' dir='ltr'><strong>Judtcorum</strong></span> <span class='ocrx_word' id='word_1_498' title='bbox 2447 2268 2622 2322; x_wconf 84' lang='lat' dir='ltr'><strong>turbis</strong></span> <span class='ocrx_word' id='word_1_499' title='bbox 2661 2267 2919 2322; x_wconf 88' lang='lat' dir='ltr'><strong>dicebat:</strong></span> <span class='ocrx_word' id='word_1_500' title='bbox 2957 2287 2973 2319; x_wconf 83' lang='grc' dir='ltr'><strong>ι</strong></span> <span class='ocrx_word' id='word_1_501' title='bbox 3005 2272 3175 2322; x_wconf 76' lang='lat' dir='ltr'><strong>Amen</strong></span> <span class='ocrx_word' id='word_1_502' title='bbox 3205 2271 3328 2324; x_wconf 74' lang='lat' dir='ltr'><strong>dico</strong></span> <span class='ocrx_word' id='word_1_503' title='bbox 3373 2287 3459 2324; x_wconf 78' lang='lat' dir='ltr'><strong>vo-</strong></span> 
     </span>
    </p>
   </div>
   <div class='ocr_carea' id='block_1_65' title="bbox 1881 2359 3461 2430">
    <p class='ocr_par' dir='ltr' id='par_1_65' title="bbox 1881 2359 3461 2430">
     <span class='ocr_line' id='line_1_65' title="bbox 1881 2359 3461 2430; baseline 0.002 -17"><span class='ocrx_word' id='word_1_504' title='bbox 1881 2359 1988 2423; x_wconf 88' lang='lat' dir='ltr'><strong>bis,</strong></span> <span class='ocrx_word' id='word_1_505' title='bbox 2028 2360 2128 2413; x_wconf 85' lang='lat' dir='ltr'><strong>nisi</strong></span> <span class='ocrx_word' id='word_1_506' title='bbox 2175 2360 2519 2415; x_wconf 85' lang='lat' dir='ltr'><strong>credideritis</strong></span> <span class='ocrx_word' id='word_1_507' title='bbox 2567 2362 2691 2428; x_wconf 86' lang='lat' dir='ltr'><strong>quia</strong></span> <span class='ocrx_word' id='word_1_508' title='bbox 2735 2377 2833 2430; x_wconf 76' lang='lat' dir='ltr'><strong>ego</strong></span> <span class='ocrx_word' id='word_1_509' title='bbox 2875 2377 3016 2427; x_wconf 88' lang='lat' dir='ltr'><strong>sum,</strong></span> <span class='ocrx_word' id='word_1_510' title='bbox 3062 2364 3365 2417; x_wconf 83' lang='lat' dir='ltr'><strong>moriemini</strong></span> <span class='ocrx_word' id='word_1_511' title='bbox 3407 2364 3461 2416; x_wconf 91' lang='lat' dir='ltr'><strong>iu</strong></span> 
     </span>
    </p>
   </div>
   <div class='ocr_carea' id='block_1_66' title="bbox 1881 2453 3464 2522">
    <p class='ocr_par' dir='ltr' id='par_1_66' title="bbox 1881 2453 3464 2522">
     <span class='ocr_line' id='line_1_66' title="bbox 1881 2453 3464 2522; baseline 0.003 -17"><span class='ocrx_word' id='word_1_512' title='bbox 1881 2453 2125 2521; x_wconf 81' lang='lat' dir='ltr'><strong>peccatis</strong></span> <span class='ocrx_word' id='word_1_513' title='bbox 2149 2453 2342 2508; x_wconf 81' lang='lat' dir='ltr'><strong>vestris</strong></span> <span class='ocrx_word' id='word_1_514' title='bbox 2367 2454 2435 2510; x_wconf 80' lang='grc'><strong>³³.</strong></span> <span class='ocrx_word' id='word_1_515' title='bbox 2465 2473 2483 2505; x_wconf 73' lang='grc' dir='ltr'><strong>ι</strong></span> <span class='ocrx_word' id='word_1_516' title='bbox 2510 2454 2573 2508; x_wconf 84' lang='grc' dir='ltr'>Ει</span> <span class='ocrx_word' id='word_1_517' title='bbox 2594 2456 2788 2508; x_wconf 88' lang='lat' dir='ltr'><strong>alicubi</strong></span> <span class='ocrx_word' id='word_1_518' title='bbox 2809 2453 3043 2510; x_wconf 82' lang='lat' dir='ltr'><strong>Joannes</strong></span> <span class='ocrx_word' id='word_1_519' title='bbox 3068 2472 3083 2509; x_wconf 89' lang='lat'><strong>:</strong></span> <span class='ocrx_word' id='word_1_520' title='bbox 3113 2473 3131 2508; x_wconf 81' lang='grc' dir='ltr'><strong>ι</strong></span> <span class='ocrx_word' id='word_1_521' title='bbox 3164 2455 3262 2522; x_wconf 89' lang='lat' dir='ltr'><strong>Qui</strong></span> <span class='ocrx_word' id='word_1_522' title='bbox 3293 2457 3464 2511; x_wconf 87' lang='lat' dir='ltr'><strong>credit</strong></span> 
     </span>
    </p>
   </div>
   <div class='ocr_carea' id='block_1_67' title="bbox 1883 2543 3462 2616">
    <p class='ocr_par' dir='ltr' id='par_1_67' title="bbox 1883 2543 3462 2616">
     <span class='ocr_line' id='line_1_67' title="bbox 1883 2543 3462 2616; baseline 0.004 -20"><span class='ocrx_word' id='word_1_523' title='bbox 1883 2545 1935 2596; x_wconf 89' lang='lat' dir='ltr'><strong>in</strong></span> <span class='ocrx_word' id='word_1_524' title='bbox 1959 2543 2174 2608; x_wconf 73' lang='lat' dir='ltr'><strong>Fllilll&quot;,</strong></span> <span class='ocrx_word' id='word_1_525' title='bbox 2205 2562 2309 2600; x_wconf 91' lang='lat' dir='ltr'><strong>non</strong></span> <span class='ocrx_word' id='word_1_526' title='bbox 2335 2546 2640 2615; x_wconf 87' lang='lat' dir='ltr'><strong>judicatur;</strong></span> <span class='ocrx_word' id='word_1_527' title='bbox 2672 2547 2760 2616; x_wconf 90' lang='lat' dir='ltr'><strong>qui</strong></span> <span class='ocrx_word' id='word_1_528' title='bbox 2789 2556 2967 2601; x_wconf 86' lang='lat' dir='ltr'><strong>autem</strong></span> <span class='ocrx_word' id='word_1_529' title='bbox 2997 2563 3099 2601; x_wconf 90' lang='lat' dir='ltr'><strong>non</strong></span> <span class='ocrx_word' id='word_1_530' title='bbox 3127 2551 3321 2614; x_wconf 79' lang='lat' dir='ltr'><strong>credit,</strong></span> <span class='ocrx_word' id='word_1_531' title='bbox 3348 2549 3462 2616; x_wconf 83' lang='lat' dir='ltr'><strong>jam</strong></span> 
     </span>
    </p>
   </div>
   <div class='ocr_carea' id='block_1_68' title="bbox 1877 2637 3465 2711">
    <p class='ocr_par' dir='ltr' id='par_1_68' title="bbox 1877 2637 3465 2711">
     <span class='ocr_line' id='line_1_68' title="bbox 1877 2637 3465 2711; baseline 0.004 -19"><span class='ocrx_word' id='word_1_532' title='bbox 1877 2637 2154 2706; x_wconf 84' lang='lat' dir='ltr'><strong>judicatus</strong></span> <span class='ocrx_word' id='word_1_533' title='bbox 2181 2650 2284 2706; x_wconf 88' lang='lat' dir='ltr'><strong>est,</strong></span> <span class='ocrx_word' id='word_1_534' title='bbox 2318 2640 2573 2708; x_wconf 83' lang='lat' dir='ltr'><strong>quianon</strong></span> <span class='ocrx_word' id='word_1_535' title='bbox 2605 2642 2835 2695; x_wconf 88' lang='lat' dir='ltr'><strong>credidit</strong></span> <span class='ocrx_word' id='word_1_536' title='bbox 2869 2641 2922 2694; x_wconf 91' lang='lat' dir='ltr'><strong>iu</strong></span> <span class='ocrx_word' id='word_1_537' title='bbox 2959 2643 3177 2696; x_wconf 87' lang='lat' dir='ltr'><strong>nomine</strong></span> <span class='ocrx_word' id='word_1_538' title='bbox 3204 2643 3465 2711; x_wconf 84' lang='lat' dir='ltr'><strong>uuigeuitl</strong></span> 
     </span>
    </p>
   </div>
   <div class='ocr_carea' id='block_1_69' title="bbox 1883 2730 3467 2802">
    <p class='ocr_par' dir='ltr' id='par_1_69' title="bbox 1883 2730 3467 2802">
     <span class='ocr_line' id='line_1_69' title="bbox 1883 2730 3467 2802; baseline 0.002 -17"><span class='ocrx_word' id='word_1_539' title='bbox 1883 2730 2005 2787; x_wconf 85' lang='lat' dir='ltr'><strong>Filii</strong></span> <span class='ocrx_word' id='word_1_540' title='bbox 2043 2733 2134 2786; x_wconf 82' lang='lat' dir='ltr'><strong>Dei</strong></span> <span class='ocrx_word' id='word_1_541' title='bbox 2159 2732 2224 2787; x_wconf 77' lang='lat'><strong>“.</strong></span> <span class='ocrx_word' id='word_1_542' title='bbox 2267 2750 2286 2784; x_wconf 71' lang='grc' dir='ltr'><strong>ι</strong></span> <span class='ocrx_word' id='word_1_543' title='bbox 2321 2733 2465 2788; x_wconf 78' lang='lat' dir='ltr'><strong>Dixit</strong></span> <span class='ocrx_word' id='word_1_544' title='bbox 2494 2732 2754 2788; x_wconf 89' lang='lat' dir='ltr'><strong>lsraelitis</strong></span> <span class='ocrx_word' id='word_1_545' title='bbox 2780 2749 2996 2802; x_wconf 84' lang='lat' dir='ltr'><strong>quoque</strong></span> <span class='ocrx_word' id='word_1_546' title='bbox 3023 2753 3034 2786; x_wconf 93' lang='lat'>:</span> <span class='ocrx_word' id='word_1_547' title='bbox 3066 2751 3085 2784; x_wconf 82' lang='lat' dir='ltr'><strong>t</strong></span> <span class='ocrx_word' id='word_1_548' title='bbox 3113 2733 3230 2788; x_wconf 75' lang='lat' dir='ltr'><strong>lam</strong></span> <span class='ocrx_word' id='word_1_549' title='bbox 3257 2734 3467 2788; x_wconf 86' lang='lat' dir='ltr'><strong>securis</strong></span> 
     </span>
    </p>
   </div>
   <div class='ocr_carea' id='block_1_70' title="bbox 1886 2825 3467 2895">
    <p class='ocr_par' dir='ltr' id='par_1_70' title="bbox 1886 2825 3467 2895">
     <span class='ocr_line' id='line_1_70' title="bbox 1886 2825 3467 2895; baseline -0.001 -16"><span class='ocrx_word' id='word_1_550' title='bbox 1886 2827 1954 2879; x_wconf 90' lang='lat' dir='ltr'><strong>ad</strong></span> <span class='ocrx_word' id='word_1_551' title='bbox 1996 2826 2234 2880; x_wconf 81' lang='lat' dir='ltr'><strong>radicem</strong></span> <span class='ocrx_word' id='word_1_552' title='bbox 2266 2827 2520 2880; x_wconf 82' lang='lat' dir='ltr'><strong>arborum</strong></span> <span class='ocrx_word' id='word_1_553' title='bbox 2553 2827 2726 2895; x_wconf 87' lang='lat' dir='ltr'><strong>posita</strong></span> <span class='ocrx_word' id='word_1_554' title='bbox 2762 2836 2866 2881; x_wconf 90' lang='lat' dir='ltr'><strong>est.</strong></span> <span class='ocrx_word' id='word_1_555' title='bbox 2905 2825 3098 2881; x_wconf 89' lang='lat' dir='ltr'><strong>Omnis</strong></span> <span class='ocrx_word' id='word_1_556' title='bbox 3132 2827 3274 2880; x_wconf 90' lang='lat' dir='ltr'><strong>enim</strong></span> <span class='ocrx_word' id='word_1_557' title='bbox 3302 2826 3467 2880; x_wconf 89' lang='lat' dir='ltr'><strong>arbor</strong></span> 
     </span>
    </p>
   </div>
   <div class='ocr_carea' id='block_1_71' title="bbox 1885 2919 3464 2989">
    <p class='ocr_par' dir='ltr' id='par_1_71' title="bbox 1885 2919 3464 2989">
     <span class='ocr_line' id='line_1_71' title="bbox 1885 2919 3464 2989; baseline 0 -17"><span class='ocrx_word' id='word_1_558' title='bbox 1885 2935 2006 2989; x_wconf 70' lang='lat' dir='ltr'><strong>qua:</strong></span> <span class='ocrx_word' id='word_1_559' title='bbox 2053 2935 2158 2975; x_wconf 89' lang='lat' dir='ltr'><strong>non</strong></span> <span class='ocrx_word' id='word_1_560' title='bbox 2207 2921 2337 2975; x_wconf 76' lang='lat' dir='ltr'><strong>facit</strong></span> <span class='ocrx_word' id='word_1_561' title='bbox 2388 2921 2623 2975; x_wconf 80' lang='lat' dir='ltr'><strong>fructum</strong></span> <span class='ocrx_word' id='word_1_562' title='bbox 2684 2919 2909 2982; x_wconf 85' lang='lat' dir='ltr'><strong>bonum,</strong></span> <span class='ocrx_word' id='word_1_563' title='bbox 2961 2921 3243 2976; x_wconf 84' lang='lat' dir='ltr'><strong>excidctttr</strong></span> <span class='ocrx_word' id='word_1_564' title='bbox 3298 2929 3352 2975; x_wconf 84' lang='lat' dir='ltr'><strong>et</strong></span> <span class='ocrx_word' id='word_1_565' title='bbox 3414 2922 3464 2973; x_wconf 90' lang='lat' dir='ltr'><strong>in</strong></span> 
     </span>
    </p>
   </div>
   <div class='ocr_carea' id='block_1_72' title="bbox 1887 3015 3464 3084">
    <p class='ocr_par' dir='ltr' id='par_1_72' title="bbox 1887 3015 3464 3084">
     <span class='ocr_line' id='line_1_72' title="bbox 1887 3015 3464 3084; baseline 0 -16"><span class='ocrx_word' id='word_1_566' title='bbox 1887 3015 2065 3084; x_wconf 82' lang='lat' dir='ltr'><strong>ignem</strong></span> <span class='ocrx_word' id='word_1_567' title='bbox 2091 3016 2337 3069; x_wconf 89' lang='lat' dir='ltr'><strong>mittetur</strong></span> <span class='ocrx_word' id='word_1_568' title='bbox 2357 3015 2426 3071; x_wconf 80' lang='grc'><strong>⁸⁵.</strong></span> <span class='ocrx_word' id='word_1_569' title='bbox 2457 3035 2475 3068; x_wconf 76' lang='grc' dir='ltr'><strong>ι</strong></span> <span class='ocrx_word' id='word_1_570' title='bbox 2499 3016 2795 3070; x_wconf 90' lang='lat' dir='ltr'><strong>Incrednlis</strong></span> <span class='ocrx_word' id='word_1_571' title='bbox 2819 3029 2950 3084; x_wconf 79' lang='lat' dir='ltr'><strong>ergo</strong></span> <span class='ocrx_word' id='word_1_572' title='bbox 2974 3023 3188 3084; x_wconf 88' lang='lat' dir='ltr'><strong>tempus</strong></span> <span class='ocrx_word' id='word_1_573' title='bbox 3209 3015 3464 3069; x_wconf 79' lang='lat' dir='ltr'><strong>introitus</strong></span> 
     </span>
    </p>
   </div>
   <div class='ocr_carea' id='block_1_73' title="bbox 1887 3103 3466 3174">
    <p class='ocr_par' dir='ltr' id='par_1_73' title="bbox 1887 3103 3466 3174">
     <span class='ocr_line' id='line_1_73' title="bbox 1887 3103 3466 3174; baseline -0.001 -15"><span class='ocrx_word' id='word_1_574' title='bbox 1887 3116 1941 3159; x_wconf 87' lang='lat' dir='ltr'><strong>et</strong></span> <span class='ocrx_word' id='word_1_575' title='bbox 1990 3107 2216 3160; x_wconf 69' lang='lat' dir='ltr'><strong>visionis</strong></span> <span class='ocrx_word' id='word_1_576' title='bbox 2257 3106 2375 3173; x_wconf 77' lang='lat' dir='ltr'><strong>cjns</strong></span> <span class='ocrx_word' id='word_1_577' title='bbox 2427 3106 2764 3160; x_wconf 88' lang='lat' dir='ltr'><strong>intolerabile</strong></span> <span class='ocrx_word' id='word_1_578' title='bbox 2815 3116 2868 3160; x_wconf 90' lang='lat' dir='ltr'><strong>et</strong></span> <span class='ocrx_word' id='word_1_579' title='bbox 2926 3121 3114 3174; x_wconf 85' lang='lat' dir='ltr'><strong>parum</strong></span> <span class='ocrx_word' id='word_1_580' title='bbox 3184 3103 3466 3160; x_wconf 79' lang='lat' dir='ltr'><strong>ferendum</strong></span> 
     </span>
    </p>
   </div>
   <div class='ocr_carea' id='block_1_74' title="bbox 1813 3197 3472 3283">
    <p class='ocr_par' dir='ltr' id='par_1_74' title="bbox 1813 3197 3472 3283">
     <span class='ocr_line' id='line_1_74' title="bbox 1813 3197 3472 3283; baseline 0 -32"><span class='ocrx_word' id='word_1_581' title='bbox 1813 3225 1856 3283; x_wconf 64' lang='grc' dir='ltr'>α</span> <span class='ocrx_word' id='word_1_582' title='bbox 1892 3198 2106 3253; x_wconf 85' lang='lat' dir='ltr'><strong>accidit.</strong></span> <span class='ocrx_word' id='word_1_583' title='bbox 2167 3199 2724 3266; x_wconf 79' lang='lat' dir='ltr'><strong>Repreln-ndebantur</strong></span> <span class='ocrx_word' id='word_1_584' title='bbox 2771 3198 2946 3262; x_wconf 90' lang='lat' dir='ltr'><strong>enim,</strong></span> <span class='ocrx_word' id='word_1_585' title='bbox 2994 3207 3177 3266; x_wconf 89' lang='lat' dir='ltr'><strong>utpote</strong></span> <span class='ocrx_word' id='word_1_586' title='bbox 3232 3199 3321 3266; x_wconf 87' lang='lat' dir='ltr'><strong>qui</strong></span> <span class='ocrx_word' id='word_1_587' title='bbox 3372 3197 3472 3268; x_wconf 74' lang='lat' dir='ltr'><strong>ipsi</strong></span> 
     </span>
    </p>
   </div>
   <div class='ocr_carea' id='block_1_75' title="bbox 1891 3289 3471 3359">
    <p class='ocr_par' dir='ltr' id='par_1_75' title="bbox 1891 3289 3471 3359">
     <span class='ocr_line' id='line_1_75' title="bbox 1891 3289 3471 3359; baseline -0.002 -13"><span class='ocrx_word' id='word_1_588' title='bbox 1891 3307 2019 3346; x_wconf 88' lang='lat' dir='ltr'><strong>suas</strong></span> <span class='ocrx_word' id='word_1_589' title='bbox 2051 3293 2264 3344; x_wconf 83' lang='lat' dir='ltr'><strong>animas</strong></span> <span class='ocrx_word' id='word_1_590' title='bbox 2292 3292 2600 3359; x_wconf 88' lang='lat' dir='ltr'><strong>perderent,</strong></span> <span class='ocrx_word' id='word_1_591' title='bbox 2630 3299 2684 3343; x_wconf 91' lang='lat' dir='ltr'><strong>et</strong></span> <span class='ocrx_word' id='word_1_592' title='bbox 2712 3290 2762 3342; x_wconf 93' lang='lat' dir='ltr'><strong>in</strong></span> <span class='ocrx_word' id='word_1_593' title='bbox 2797 3289 3034 3358; x_wconf 79' lang='lat' dir='ltr'><strong>peccatis</strong></span> <span class='ocrx_word' id='word_1_594' title='bbox 3067 3290 3176 3343; x_wconf 90' lang='lat' dir='ltr'><strong>suis</strong></span> <span class='ocrx_word' id='word_1_595' title='bbox 3199 3289 3471 3355; x_wconf 85' lang='lat' dir='ltr'><strong>morituri,</strong></span> 
     </span>
    </p>
   </div>
   <div class='ocr_carea' id='block_1_76' title="bbox 1892 3380 3470 3451">
    <p class='ocr_par' dir='ltr' id='par_1_76' title="bbox 1892 3380 3470 3451">
     <span class='ocr_line' id='line_1_76' title="bbox 1892 3380 3470 3451; baseline -0.001 -15"><span class='ocrx_word' id='word_1_596' title='bbox 1892 3383 2017 3451; x_wconf 90' lang='lat' dir='ltr'><strong>quia</strong></span> <span class='ocrx_word' id='word_1_597' title='bbox 2048 3383 2182 3436; x_wconf 86' lang='lat' dir='ltr'><strong>bene</strong></span> <span class='ocrx_word' id='word_1_598' title='bbox 2209 3395 2421 3449; x_wconf 82' lang='lat' dir='ltr'><strong>sapere,</strong></span> <span class='ocrx_word' id='word_1_599' title='bbox 2454 3391 2506 3434; x_wconf 92' lang='lat' dir='ltr'><strong>et</strong></span> <span class='ocrx_word' id='word_1_600' title='bbox 2539 3380 2591 3434; x_wconf 90' lang='lat' dir='ltr'><strong>in</strong></span> <span class='ocrx_word' id='word_1_601' title='bbox 2625 3381 2864 3434; x_wconf 88' lang='lat' dir='ltr'><strong>animum</strong></span> <span class='ocrx_word' id='word_1_602' title='bbox 2892 3389 3051 3448; x_wconf 91' lang='lat' dir='ltr'><strong>atque</strong></span> <span class='ocrx_word' id='word_1_603' title='bbox 3072 3395 3168 3434; x_wconf 89' lang='lat' dir='ltr'><strong>eor</strong></span> <span class='ocrx_word' id='word_1_604' title='bbox 3195 3381 3470 3450; x_wconf 71' lang='lat' dir='ltr'><strong>purgatio-</strong></span> 
     </span>
    </p>
   </div>
   <div class='ocr_carea' id='block_1_77' title="bbox 1894 3471 3472 3543">
    <p class='ocr_par' dir='ltr' id='par_1_77' title="bbox 1894 3471 3472 3543">
     <span class='ocr_line' id='line_1_77' title="bbox 1894 3471 3472 3543; baseline 0.001 -17"><span class='ocrx_word' id='word_1_605' title='bbox 1894 3488 2014 3526; x_wconf 87' lang='lat' dir='ltr'><strong>nem</strong></span> <span class='ocrx_word' id='word_1_606' title='bbox 2053 3489 2147 3542; x_wconf 90' lang='lat' dir='ltr'><strong>per</strong></span> <span class='ocrx_word' id='word_1_607' title='bbox 2175 3475 2332 3527; x_wconf 89' lang='lat' dir='ltr'><strong>Iidem</strong></span> <span class='ocrx_word' id='word_1_608' title='bbox 2360 3473 2647 3527; x_wconf 83' lang='lat' dir='ltr'><strong>admittere</strong></span> <span class='ocrx_word' id='word_1_609' title='bbox 2669 3475 3059 3527; x_wconf 81' lang='lat' dir='ltr'><strong>detrectarent.</strong></span> <span class='ocrx_word' id='word_1_610' title='bbox 3091 3471 3257 3543; x_wconf 78' lang='lat'><strong>852</strong></span> <span class='ocrx_word' id='word_1_611' title='bbox 3293 3493 3310 3524; x_wconf 78' lang='grc' dir='ltr'><strong>ι</strong></span> <span class='ocrx_word' id='word_1_612' title='bbox 3338 3473 3472 3540; x_wconf 82' lang='lat' dir='ltr'><strong>Quis</strong></span> 
     </span>
    </p>
   </div>
   <div class='ocr_carea' id='block_1_78' title="bbox 1893 3564 3475 3635">
    <p class='ocr_par' dir='ltr' id='par_1_78' title="bbox 1893 3564 3475 3635">
     <span class='ocr_line' id='line_1_78' title="bbox 1893 3564 3475 3635; baseline -0.001 -16"><span class='ocrx_word' id='word_1_613' title='bbox 1893 3565 2057 3635; x_wconf 82' lang='lat' dir='ltr'><strong>igitur</strong></span> <span class='ocrx_word' id='word_1_614' title='bbox 2090 3564 2397 3628; x_wconf 88' lang='lat' dir='ltr'><strong>sustinebit,</strong></span> <span class='ocrx_word' id='word_1_615' title='bbox 2441 3565 2638 3634; x_wconf 88' lang='lat' dir='ltr'><strong>inquit,</strong></span> <span class='ocrx_word' id='word_1_616' title='bbox 2693 3565 2835 3619; x_wconf 90' lang='lat' dir='ltr'><strong>diem</strong></span> <span class='ocrx_word' id='word_1_617' title='bbox 2871 3569 3135 3619; x_wconf 73' lang='lat' dir='ltr'><strong>adventus</strong></span> <span class='ocrx_word' id='word_1_618' title='bbox 3179 3567 3332 3635; x_wconf 81' lang='lat' dir='ltr'><strong>ejus?</strong></span> <span class='ocrx_word' id='word_1_619' title='bbox 3369 3566 3475 3619; x_wconf 85' lang='lat' dir='ltr'><strong>Aut</strong></span> 
     </span>
    </p>
   </div>
   <div class='ocr_carea' id='block_1_79' title="bbox 1895 3657 3475 3727">
    <p class='ocr_par' dir='ltr' id='par_1_79' title="bbox 1895 3657 3475 3727">
     <span class='ocr_line' id='line_1_79' title="bbox 1895 3657 3475 3727; baseline -0.001 -17"><span class='ocrx_word' id='word_1_620' title='bbox 1895 3659 2016 3727; x_wconf 89' lang='lat' dir='ltr'><strong>quis</strong></span> <span class='ocrx_word' id='word_1_621' title='bbox 2043 3658 2332 3712; x_wconf 78' lang='lat' dir='ltr'><strong>sustinebit</strong></span> <span class='ocrx_word' id='word_1_622' title='bbox 2365 3659 2416 3709; x_wconf 90' lang='lat' dir='ltr'><strong>in</strong></span> <span class='ocrx_word' id='word_1_623' title='bbox 2447 3658 2655 3712; x_wconf 79' lang='lat' dir='ltr'><strong>visione</strong></span> <span class='ocrx_word' id='word_1_624' title='bbox 2681 3657 2837 3726; x_wconf 80' lang='lat' dir='ltr'><strong>ejus?</strong></span> <span class='ocrx_word' id='word_1_625' title='bbox 2869 3677 2886 3708; x_wconf 76' lang='grc' dir='ltr'><strong>ι</strong></span> <span class='ocrx_word' id='word_1_626' title='bbox 2915 3658 3026 3712; x_wconf 87' lang='lat' dir='ltr'><strong>lloc</strong></span> <span class='ocrx_word' id='word_1_627' title='bbox 3052 3667 3154 3720; x_wconf 84' lang='lat' dir='ltr'><strong>est,</strong></span> <span class='ocrx_word' id='word_1_628' title='bbox 3185 3659 3308 3726; x_wconf 89' lang='lat' dir='ltr'><strong>quis</strong></span> <span class='ocrx_word' id='word_1_629' title='bbox 3340 3659 3475 3714; x_wconf 85' lang='lat' dir='ltr'><strong>adeo</strong></span> 
     </span>
    </p>
   </div>
   <div class='ocr_carea' id='block_1_80' title="bbox 1896 3748 3472 3818">
    <p class='ocr_par' dir='ltr' id='par_1_80' title="bbox 1896 3748 3472 3818">
     <span class='ocr_line' id='line_1_80' title="bbox 1896 3748 3472 3818; baseline 0.001 -16"><span class='ocrx_word' id='word_1_630' title='bbox 1896 3749 2063 3803; x_wconf 88' lang='lat' dir='ltr'><strong>durus</strong></span> <span class='ocrx_word' id='word_1_631' title='bbox 2089 3757 2144 3803; x_wconf 87' lang='lat' dir='ltr'><strong>et</strong></span> <span class='ocrx_word' id='word_1_632' title='bbox 2169 3748 2410 3812; x_wconf 86' lang='lat' dir='ltr'><strong>immitis,</strong></span> <span class='ocrx_word' id='word_1_633' title='bbox 2445 3759 2500 3801; x_wconf 93' lang='lat' dir='ltr'><strong>ut</strong></span> <span class='ocrx_word' id='word_1_634' title='bbox 2527 3758 2766 3818; x_wconf 89' lang='lat' dir='ltr'><strong>tempore</strong></span> <span class='ocrx_word' id='word_1_635' title='bbox 2789 3759 2839 3803; x_wconf 90' lang='lat' dir='ltr'><strong>et</strong></span> <span class='ocrx_word' id='word_1_636' title='bbox 2863 3749 2949 3804; x_wconf 87' lang='lat' dir='ltr'><strong>die</strong></span> <span class='ocrx_word' id='word_1_637' title='bbox 2983 3749 3099 3818; x_wconf 80' lang='lat' dir='ltr'><strong>cjus</strong></span> <span class='ocrx_word' id='word_1_638' title='bbox 3129 3751 3179 3804; x_wconf 90' lang='lat' dir='ltr'><strong>in</strong></span> <span class='ocrx_word' id='word_1_639' title='bbox 3216 3752 3472 3803; x_wconf 88' lang='lat' dir='ltr'><strong>mundum</strong></span> 
     </span>
    </p>
   </div>
   <div class='ocr_carea' id='block_1_81' title="bbox 1898 3840 3472 3912">
    <p class='ocr_par' dir='ltr' id='par_1_81' title="bbox 1898 3840 3472 3912">
     <span class='ocr_line' id='line_1_81' title="bbox 1898 3840 3472 3912; baseline 0 -18"><span class='ocrx_word' id='word_1_640' title='bbox 1898 3840 2172 3911; x_wconf 82' lang='lat' dir='ltr'><strong>ingressus</strong></span> <span class='ocrx_word' id='word_1_641' title='bbox 2205 3843 2358 3912; x_wconf 92' lang='lat' dir='ltr'><strong>(cum</strong></span> <span class='ocrx_word' id='word_1_642' title='bbox 2394 3857 2556 3896; x_wconf 85' lang='lat' dir='ltr'><strong>carne</strong></span> <span class='ocrx_word' id='word_1_643' title='bbox 2594 3843 2864 3905; x_wconf 66' lang='lat' dir='ltr'><strong>ridi-licet,</strong></span> <span class='ocrx_word' id='word_1_644' title='bbox 2909 3858 3004 3910; x_wconf 77' lang='lat' dir='ltr'><strong>per</strong></span> <span class='ocrx_word' id='word_1_645' title='bbox 3036 3857 3195 3911; x_wconf 87' lang='lat' dir='ltr'><strong>quam</strong></span> <span class='ocrx_word' id='word_1_646' title='bbox 3240 3853 3294 3896; x_wconf 91' lang='lat' dir='ltr'><strong>et</strong></span> <span class='ocrx_word' id='word_1_647' title='bbox 3329 3845 3472 3912; x_wconf 82' lang='lat' dir='ltr'><strong>tangi</strong></span> 
     </span>
    </p>
   </div>
   <div class='ocr_carea' id='block_1_82' title="bbox 1899 3934 3478 4005">
    <p class='ocr_par' dir='ltr' id='par_1_82' title="bbox 1899 3934 3478 4005">
     <span class='ocr_line' id='line_1_82' title="bbox 1899 3934 3478 4005; baseline 0.003 -19"><span class='ocrx_word' id='word_1_648' title='bbox 1899 3948 1992 3986; x_wconf 84' lang='lat' dir='ltr'><strong>seu</strong></span> <span class='ocrx_word' id='word_1_649' title='bbox 2029 3935 2195 3988; x_wconf 84' lang='lat' dir='ltr'><strong>videri</strong></span> <span class='ocrx_word' id='word_1_650' title='bbox 2220 3935 2430 4005; x_wconf 90' lang='lat' dir='ltr'><strong>possit)</strong></span> <span class='ocrx_word' id='word_1_651' title='bbox 2463 3934 2764 3989; x_wconf 88' lang='lat' dir='ltr'><strong>subsistere</strong></span> <span class='ocrx_word' id='word_1_652' title='bbox 2806 3934 3038 3990; x_wconf 80' lang='lat' dir='ltr'><strong>infracto</strong></span> <span class='ocrx_word' id='word_1_653' title='bbox 3069 3936 3250 3991; x_wconf 87' lang='lat' dir='ltr'><strong>animo</strong></span> <span class='ocrx_word' id='word_1_654' title='bbox 3275 3937 3478 4004; x_wconf 75' lang='lat' dir='ltr'><strong>queat?</strong></span> 
     </span>
    </p>
   </div>
   <div class='ocr_carea' id='block_1_83' title="bbox 1897 4024 3478 4094">
    <p class='ocr_par' dir='ltr' id='par_1_83' title="bbox 1897 4024 3478 4094">
     <span class='ocr_line' id='line_1_83' title="bbox 1897 4024 3478 4094; baseline -0.001 -15"><span class='ocrx_word' id='word_1_655' title='bbox 1897 4024 2157 4079; x_wconf 84' lang='lat' dir='ltr'><strong>Puuietur</strong></span> <span class='ocrx_word' id='word_1_656' title='bbox 2206 4027 2390 4094; x_wconf 83' lang='lat' dir='ltr'><strong>itaque</strong></span> <span class='ocrx_word' id='word_1_657' title='bbox 2432 4026 2780 4087; x_wconf 89' lang='lat' dir='ltr'><strong>omnimodis,</strong></span> <span class='ocrx_word' id='word_1_658' title='bbox 2837 4033 2892 4080; x_wconf 86' lang='lat' dir='ltr'><strong>et</strong></span> <span class='ocrx_word' id='word_1_659' title='bbox 2937 4025 3166 4081; x_wconf 85' lang='lat' dir='ltr'><strong>acerbas</strong></span> <span class='ocrx_word' id='word_1_660' title='bbox 3211 4026 3478 4081; x_wconf 71' lang='lat' dir='ltr'><strong>vecordie</strong></span> 
     </span>
    </p>
   </div>
   <div class='ocr_carea' id='block_1_84' title="bbox 1897 4113 2384 4182">
    <p class='ocr_par' dir='ltr' id='par_1_84' title="bbox 1897 4113 2384 4182">
     <span class='ocr_line' id='line_1_84' title="bbox 1897 4113 2384 4182; baseline 0.002 -15"><span class='ocrx_word' id='word_1_661' title='bbox 1897 4128 2007 4167; x_wconf 64' lang='lat' dir='ltr'><strong>sum</strong></span> <span class='ocrx_word' id='word_1_662' title='bbox 2033 4128 2220 4182; x_wconf 70' lang='grc' dir='ltr'>ρωπος</span> <span class='ocrx_word' id='word_1_663' title='bbox 2256 4113 2384 4168; x_wconf 89' lang='lat' dir='ltr'><strong>luet.</strong></span> 
     </span>
    </p>
   </div>
   <div class='ocr_carea' id='block_1_85' title="bbox 161 4275 3481 4350">
    <p class='ocr_par' dir='ltr' id='par_1_85' title="bbox 161 4275 3481 4350">
     <span class='ocr_line' id='line_1_85' title="bbox 161 4275 3481 4350; baseline -0.002 -14"><span class='ocrx_word' id='word_1_664' title='bbox 161 4284 396 4347; x_wconf 75' lang='grc' dir='ltr'>ἁπτὸς,</span> <span class='ocrx_word' id='word_1_665' title='bbox 423 4281 596 4350; x_wconf 74' lang='grc' dir='ltr'>ἦγουν</span> <span class='ocrx_word' id='word_1_666' title='bbox 638 4278 854 4349; x_wconf 85' lang='grc' dir='ltr'>ὁρατὸς)</span> <span class='ocrx_word' id='word_1_667' title='bbox 896 4278 1197 4347; x_wconf 82' lang='grc' dir='ltr'>ὑποστῆναί</span> <span class='ocrx_word' id='word_1_668' title='bbox 1225 4295 1284 4331; x_wconf 90' lang='grc' dir='ltr'><strong>τε</strong></span> <span class='ocrx_word' id='word_1_669' title='bbox 1333 4278 1430 4330; x_wconf 79' lang='grc' dir='ltr'>καὶ</span> <span class='ocrx_word' id='word_1_670' title='bbox 1473 4276 1796 4348; x_wconf 86' lang='grc' dir='ltr'>ἀθραύστως</span> <span class='ocrx_word' id='word_1_671' title='bbox 1835 4275 2007 4348; x_wconf 80' lang='grc' dir='ltr'>ἕχειν;</span> <span class='ocrx_word' id='word_1_672' title='bbox 2040 4279 2449 4349; x_wconf 79' lang='grc' dir='ltr'>Κολασθήσεται</span> <span class='ocrx_word' id='word_1_673' title='bbox 2518 4275 2611 4331; x_wconf 75' lang='grc' dir='ltr'><strong>οὖν</strong></span> <span class='ocrx_word' id='word_1_674' title='bbox 2655 4277 2831 4346; x_wconf 81' lang='grc' dir='ltr'>πάντη</span> <span class='ocrx_word' id='word_1_675' title='bbox 2895 4294 2954 4329; x_wconf 88' lang='grc' dir='ltr'><strong>τε</strong></span> <span class='ocrx_word' id='word_1_676' title='bbox 2993 4280 3084 4330; x_wconf 73' lang='grc' dir='ltr'><strong>καὶ</strong></span> <span class='ocrx_word' id='word_1_677' title='bbox 3115 4278 3351 4341; x_wconf 78' lang='grc' dir='ltr'>πάντως,</span> <span class='ocrx_word' id='word_1_678' title='bbox 3387 4279 3481 4328; x_wconf 77' lang='grc' dir='ltr'>καὶ</span> 
     </span>
    </p>
   </div>
   <div class='ocr_carea' id='block_1_86' title="bbox 158 4368 1289 4444">
    <p class='ocr_par' dir='ltr' id='par_1_86' title="bbox 158 4368 1289 4444">
     <span class='ocr_line' id='line_1_86' title="bbox 158 4368 1289 4444; baseline -0.006 -15"><span class='ocrx_word' id='word_1_679' title='bbox 158 4375 405 4444; x_wconf 76' lang='grc' dir='ltr'>πικρὰς</span> <span class='ocrx_word' id='word_1_680' title='bbox 434 4371 534 4440; x_wconf 79' lang='grc' dir='ltr'><strong>τῆς</strong></span> <span class='ocrx_word' id='word_1_681' title='bbox 570 4371 827 4431; x_wconf 81' lang='grc' dir='ltr'>ἀπονοίας</span> <span class='ocrx_word' id='word_1_682' title='bbox 868 4370 1081 4420; x_wconf 87' lang='grc' dir='ltr'>ἀποτιεί</span> <span class='ocrx_word' id='word_1_683' title='bbox 1116 4368 1289 4430; x_wconf 82' lang='grc' dir='ltr'>δίκας.</span> 
     </span>
    </p>
   </div>
   <div class='ocr_carea' id='block_1_87' title="bbox 236 4459 1874 4529">
    <p class='ocr_par' dir='ltr' id='par_1_87' title="bbox 236 4459 1874 4529">
     <span class='ocr_line' id='line_1_87' title="bbox 236 4459 1874 4529; baseline -0.004 -9"><span class='ocrx_word' id='word_1_684' title='bbox 236 4467 432 4520; x_wconf 79' lang='grc' dir='ltr'>Διότι</span> <span class='ocrx_word' id='word_1_685' title='bbox 472 4461 655 4525; x_wconf 82' lang='grc' dir='ltr'>αὐτὸς</span> <span class='ocrx_word' id='word_1_686' title='bbox 680 4462 1091 4529; x_wconf 71' lang='grc' dir='ltr'>εἰσπορεύεται</span> <span class='ocrx_word' id='word_1_687' title='bbox 1129 4461 1209 4526; x_wconf 87' lang='grc' dir='ltr'>ὡς</span> <span class='ocrx_word' id='word_1_688' title='bbox 1241 4460 1360 4528; x_wconf 79' lang='grc' dir='ltr'><strong>πῦρ</strong></span> <span class='ocrx_word' id='word_1_689' title='bbox 1385 4459 1795 4528; x_wconf 81' lang='grc' dir='ltr'>χωνευτηρίου</span> <span class='ocrx_word' id='word_1_690' title='bbox 1829 4467 1874 4520; x_wconf 88' lang='lat' dir='ltr'><strong>D</strong></span> 
     </span>
    </p>
   </div>
   <div class='ocr_carea' id='block_1_88' title="bbox 159 4547 1796 4620">
    <p class='ocr_par' dir='ltr' id='par_1_88' title="bbox 159 4547 1796 4620">
     <span class='ocr_line' id='line_1_88' title="bbox 159 4547 1796 4620; baseline -0.008 -7"><span class='ocrx_word' id='word_1_691' title='bbox 159 4558 278 4613; x_wconf 71' lang='grc' dir='ltr'>καὶ</span> <span class='ocrx_word' id='word_1_692' title='bbox 320 4556 413 4620; x_wconf 83' lang='grc' dir='ltr'><strong>ὡς</strong></span> <span class='ocrx_word' id='word_1_693' title='bbox 450 4555 569 4607; x_wconf 79' lang='grc' dir='ltr'><strong>πόα</strong></span> <span class='ocrx_word' id='word_1_694' title='bbox 613 4553 994 4606; x_wconf 73' lang='grc' dir='ltr'>πλυνόντων.</span> <span class='ocrx_word' id='word_1_695' title='bbox 1038 4551 1335 4604; x_wconf 81' lang='grc' dir='ltr'>Καθιεῐται</span> <span class='ocrx_word' id='word_1_696' title='bbox 1375 4551 1653 4620; x_wconf 82' lang='grc' dir='ltr'>χωνεύων</span> <span class='ocrx_word' id='word_1_697' title='bbox 1697 4547 1796 4602; x_wconf 76' lang='grc' dir='ltr'><strong>καί</strong></span> 
     </span>
    </p>
   </div>
   <div class='ocr_carea' id='block_1_89' title="bbox 158 4641 1793 4716">
    <p class='ocr_par' dir='ltr' id='par_1_89' title="bbox 158 4641 1793 4716">
     <span class='ocr_line' id='line_1_89' title="bbox 158 4641 1793 4716; baseline -0.006 -15"><span class='ocrx_word' id='word_1_698' title='bbox 158 4642 555 4716; x_wconf 76' lang='grc' dir='ltr'>καθαρίζων,</span> <span class='ocrx_word' id='word_1_699' title='bbox 602 4643 681 4708; x_wconf 84' lang='grc' dir='ltr'>ὡς</span> <span class='ocrx_word' id='word_1_700' title='bbox 714 4643 780 4696; x_wconf 83' lang='grc' dir='ltr'>τὸ</span> <span class='ocrx_word' id='word_1_701' title='bbox 819 4644 1106 4713; x_wconf 73' lang='grc' dir='ltr'>ἀργύριον</span> <span class='ocrx_word' id='word_1_702' title='bbox 1149 4643 1249 4696; x_wconf 74' lang='grc' dir='ltr'>καὶ</span> <span class='ocrx_word' id='word_1_703' title='bbox 1281 4643 1361 4707; x_wconf 86' lang='grc' dir='ltr'>ὼς</span> <span class='ocrx_word' id='word_1_704' title='bbox 1400 4641 1467 4694; x_wconf 87' lang='grc' dir='ltr'>τὸ</span> <span class='ocrx_word' id='word_1_705' title='bbox 1516 4641 1793 4710; x_wconf 78' lang='grc' dir='ltr'>χρυσίον,</span> 
     </span>
    </p>
   </div>
   <div class='ocr_carea' id='block_1_90' title="bbox 159 4731 1796 4802">
    <p class='ocr_par' dir='ltr' id='par_1_90' title="bbox 159 4731 1796 4802">
     <span class='ocr_line' id='line_1_90' title="bbox 159 4731 1796 4802; baseline -0.005 -8"><span class='ocrx_word' id='word_1_706' title='bbox 159 4740 282 4794; x_wconf 80' lang='grc' dir='ltr'>καὶ</span> <span class='ocrx_word' id='word_1_707' title='bbox 354 4735 671 4802; x_wconf 77' lang='grc' dir='ltr'>καθαρίσει</span> <span class='ocrx_word' id='word_1_708' title='bbox 705 4733 848 4798; x_wconf 85' lang='grc' dir='ltr'>τοὺς</span> <span class='ocrx_word' id='word_1_709' title='bbox 886 4734 1060 4800; x_wconf 75' lang='grc' dir='ltr'>υἱοὺς</span> <span class='ocrx_word' id='word_1_710' title='bbox 1095 4734 1258 4796; x_wconf 81' lang='grc' dir='ltr'>Λευῒ,</span> <span class='ocrx_word' id='word_1_711' title='bbox 1290 4733 1390 4787; x_wconf 73' lang='grc' dir='ltr'><strong>καί</strong></span> <span class='ocrx_word' id='word_1_712' title='bbox 1422 4733 1550 4802; x_wconf 85' lang='grc' dir='ltr'>χεεῖ</span> <span class='ocrx_word' id='word_1_713' title='bbox 1574 4731 1796 4798; x_wconf 80' lang='grc' dir='ltr'>αὐτοὺς</span> 
     </span>
    </p>
   </div>
   <div class='ocr_carea' id='block_1_91' title="bbox 157 4826 1362 4898">
    <p class='ocr_par' dir='ltr' id='par_1_91' title="bbox 157 4826 1362 4898">
     <span class='ocr_line' id='line_1_91' title="bbox 157 4826 1362 4898; baseline -0.002 -14"><span class='ocrx_word' id='word_1_714' title='bbox 157 4834 328 4888; x_wconf 75' lang='grc' dir='ltr'><strong>ὢσπ</strong></span> <span class='ocrx_word' id='word_1_715' title='bbox 341 4845 413 4898; x_wconf 77' lang='lat' dir='ltr'><strong>ep</strong></span> <span class='ocrx_word' id='word_1_716' title='bbox 443 4828 509 4880; x_wconf 84' lang='grc' dir='ltr'>τὸ</span> <span class='ocrx_word' id='word_1_717' title='bbox 544 4827 801 4895; x_wconf 76' lang='grc' dir='ltr'>χρυσίον</span> <span class='ocrx_word' id='word_1_718' title='bbox 831 4826 929 4880; x_wconf 81' lang='grc' dir='ltr'>καὶ</span> <span class='ocrx_word' id='word_1_719' title='bbox 959 4827 1026 4881; x_wconf 83' lang='grc' dir='ltr'>τὸ</span> <span class='ocrx_word' id='word_1_720' title='bbox 1060 4828 1362 4898; x_wconf 79' lang='grc' dir='ltr'>ἀργύριον.</span> 
     </span>
    </p>
   </div>
   <div class='ocr_carea' id='block_1_92' title="bbox 244 4917 1798 4993">
    <p class='ocr_par' dir='ltr' id='par_1_92' title="bbox 244 4917 1798 4993">
     <span class='ocr_line' id='line_1_92' title="bbox 244 4917 1798 4993; baseline 0.001 -21"><span class='ocrx_word' id='word_1_721' title='bbox 244 4923 400 4978; x_wconf 57' lang='grc' dir='ltr'><strong>ΑΒ.</strong></span> <span class='ocrx_word' id='word_1_722' title='bbox 447 4918 747 4987; x_wconf 80' lang='grc' dir='ltr'>Πεποίηται</span> <span class='ocrx_word' id='word_1_723' title='bbox 784 4917 884 4987; x_wconf 82' lang='grc' dir='ltr'><strong>μὲν</strong></span> <span class='ocrx_word' id='word_1_724' title='bbox 919 4920 977 4973; x_wconf 82' lang='grc' dir='ltr'><strong>ἐν</strong></span> <span class='ocrx_word' id='word_1_725' title='bbox 1023 4919 1233 4982; x_wconf 83' lang='grc' dir='ltr'>τούτοις</span> <span class='ocrx_word' id='word_1_726' title='bbox 1265 4919 1341 4982; x_wconf 87' lang='grc' dir='ltr'>ὼς</span> <span class='ocrx_word' id='word_1_727' title='bbox 1381 4919 1440 4984; x_wconf 80' lang='grc' dir='ltr'><strong>ἐξ</strong></span> <span class='ocrx_word' id='word_1_728' title='bbox 1465 4921 1798 4993; x_wconf 49' lang='grc' dir='ltr'>,ὁμοιότητος</span> 
     </span>
    </p>
   </div>
   <div class='ocr_carea' id='block_1_93' title="bbox 161 5007 1800 5085">
    <p class='ocr_par' dir='ltr' id='par_1_93' title="bbox 161 5007 1800 5085">
     <span class='ocr_line' id='line_1_93' title="bbox 161 5007 1800 5085; baseline -0.003 -20"><span class='ocrx_word' id='word_1_729' title='bbox 161 5014 302 5068; x_wconf 81' lang='grc' dir='ltr'><strong>τῶν</strong></span> <span class='ocrx_word' id='word_1_730' title='bbox 365 5007 492 5063; x_wconf 82' lang='grc' dir='ltr'>καθ’</span> <span class='ocrx_word' id='word_1_731' title='bbox 540 5010 684 5080; x_wconf 77' lang='grc' dir='ltr'><strong>ἡμᾶς</strong></span> <span class='ocrx_word' id='word_1_732' title='bbox 717 5009 1058 5080; x_wconf 84' lang='grc' dir='ltr'>πραγμάτων</span> <span class='ocrx_word' id='word_1_733' title='bbox 1109 5011 1137 5062; x_wconf 91' lang='lat'><strong>6</strong></span> <span class='ocrx_word' id='word_1_734' title='bbox 1186 5008 1362 5078; x_wconf 86' lang='grc' dir='ltr'>λόγος,</span> <span class='ocrx_word' id='word_1_735' title='bbox 1395 5011 1708 5085; x_wconf 72' lang='grc' dir='ltr'>ἀπόρρητον</span> <span class='ocrx_word' id='word_1_736' title='bbox 1743 5013 1800 5067; x_wconf 69' lang='grc' dir='ltr'><strong>δι</strong></span> 
     </span>
    </p>
   </div>
   <div class='ocr_carea' id='block_1_94' title="bbox 167 5100 1802 5176">
    <p class='ocr_par' dir='ltr' id='par_1_94' title="bbox 167 5100 1802 5176">
     <span class='ocr_line' id='line_1_94' title="bbox 167 5100 1802 5176; baseline -0.002 -16"><span class='ocrx_word' id='word_1_737' title='bbox 167 5100 519 5176; x_wconf 78' lang='grc' dir='ltr'>μυστηρίου</span> <span class='ocrx_word' id='word_1_738' title='bbox 545 5101 777 5172; x_wconf 85' lang='grc' dir='ltr'>δήλωσιν</span> <span class='ocrx_word' id='word_1_739' title='bbox 806 5101 1173 5169; x_wconf 84' lang='grc' dir='ltr'>είσκομίσειεν</span> <span class='ocrx_word' id='word_1_740' title='bbox 1218 5102 1284 5155; x_wconf 84' lang='grc' dir='ltr'><strong>ἂν</strong></span> <span class='ocrx_word' id='word_1_741' title='bbox 1313 5106 1425 5165; x_wconf 86' lang='grc' dir='ltr'>τοῖς</span> <span class='ocrx_word' id='word_1_742' title='bbox 1455 5107 1802 5174; x_wconf 80' lang='grc' dir='ltr'>νουνεχεστέ-</span> 
     </span>
    </p>
   </div>
   <div class='ocr_carea' id='block_1_95' title="bbox 166 5193 1800 5270">
    <p class='ocr_par' dir='ltr' id='par_1_95' title="bbox 166 5193 1800 5270">
     <span class='ocr_line' id='line_1_95' title="bbox 166 5193 1800 5270; baseline -0.002 -18"><span class='ocrx_word' id='word_1_743' title='bbox 166 5215 347 5270; x_wconf 79' lang='grc' dir='ltr'>ροις.</span> <span class='ocrx_word' id='word_1_744' title='bbox 390 5194 661 5266; x_wconf 83' lang='grc' dir='ltr'>Ἀργύρου</span> <span class='ocrx_word' id='word_1_745' title='bbox 695 5195 794 5265; x_wconf 83' lang='grc' dir='ltr'>μὲν</span> <span class='ocrx_word' id='word_1_746' title='bbox 825 5194 935 5265; x_wconf 81' lang='grc' dir='ltr'><strong>γὰρ</strong></span> <span class='ocrx_word' id='word_1_747' title='bbox 966 5195 1060 5246; x_wconf 73' lang='grc' dir='ltr'>καὶ</span> <span class='ocrx_word' id='word_1_748' title='bbox 1085 5193 1309 5265; x_wconf 84' lang='grc' dir='ltr'>χρυσίου</span> <span class='ocrx_word' id='word_1_749' title='bbox 1345 5197 1623 5251; x_wconf 87' lang='grc' dir='ltr'>ποιοῦνται</span> <span class='ocrx_word' id='word_1_750' title='bbox 1651 5197 1800 5250; x_wconf 57' lang='grc' dir='ltr'>δοκι.</span> 
     </span>
    </p>
   </div>
   <div class='ocr_carea' id='block_1_96' title="bbox 166 5289 1802 5364">
    <p class='ocr_par' dir='ltr' id='par_1_96' title="bbox 166 5289 1802 5364">
     <span class='ocr_line' id='line_1_96' title="bbox 166 5289 1802 5364; baseline -0.004 -15"><span class='ocrx_word' id='word_1_751' title='bbox 166 5293 426 5364; x_wconf 58' lang='lat' dir='ltr'><strong>pactae</strong></span> <span class='ocrx_word' id='word_1_752' title='bbox 451 5294 502 5344; x_wconf 86' lang='grc' dir='ltr'>οἱ</span> <span class='ocrx_word' id='word_1_753' title='bbox 533 5289 706 5344; x_wconf 82' lang='grc' dir='ltr'>ταῦτα</span> <span class='ocrx_word' id='word_1_754' title='bbox 732 5292 906 5358; x_wconf 69' lang='grc' dir='ltr'>σοφοὶ,</span> <span class='ocrx_word' id='word_1_755' title='bbox 938 5290 1071 5360; x_wconf 80' lang='grc' dir='ltr'>πυρὶ</span> <span class='ocrx_word' id='word_1_756' title='bbox 1102 5289 1505 5362; x_wconf 83' lang='grc' dir='ltr'>κατατήκοντες</span> <span class='ocrx_word' id='word_1_757' title='bbox 1536 5293 1643 5344; x_wconf 82' lang='grc' dir='ltr'>πᾶν</span> <span class='ocrx_word' id='word_1_758' title='bbox 1679 5292 1802 5344; x_wconf 84' lang='grc' dir='ltr'>ὅσον</span> 
     </span>
    </p>
   </div>
   <div class='ocr_carea' id='block_1_97' title="bbox 163 5379 1803 5450">
    <p class='ocr_par' dir='ltr' id='par_1_97' title="bbox 163 5379 1803 5450">
     <span class='ocr_line' id='line_1_97' title="bbox 163 5379 1803 5450; baseline -0.006 -8"><span class='ocrx_word' id='word_1_759' title='bbox 163 5390 240 5442; x_wconf 68' lang='grc' dir='ltr'>ὲν</span> <span class='ocrx_word' id='word_1_760' title='bbox 281 5383 488 5445; x_wconf 77' lang='grc' dir='ltr'>αὐτοῖς</span> <span class='ocrx_word' id='word_1_761' title='bbox 518 5383 636 5434; x_wconf 76' lang='grc' dir='ltr'>ἐστι</span> <span class='ocrx_word' id='word_1_762' title='bbox 661 5379 912 5450; x_wconf 77' lang='grc' dir='ltr'>κίὸδηλόν</span> <span class='ocrx_word' id='word_1_763' title='bbox 939 5397 999 5432; x_wconf 88' lang='grc' dir='ltr'><strong>τε</strong></span> <span class='ocrx_word' id='word_1_764' title='bbox 1033 5380 1125 5431; x_wconf 78' lang='grc' dir='ltr'>καὶ</span> <span class='ocrx_word' id='word_1_765' title='bbox 1155 5379 1572 5449; x_wconf 80' lang='grc' dir='ltr'>ἀκαλλέστερον.</span> <span class='ocrx_word' id='word_1_766' title='bbox 1599 5380 1718 5450; x_wconf 85' lang='grc' dir='ltr'>Πῦρ</span> <span class='ocrx_word' id='word_1_767' title='bbox 1745 5379 1803 5432; x_wconf 74' lang='grc' dir='ltr'>δὲ</span> 
     </span>
    </p>
   </div>
   <div class='ocr_carea' id='block_1_98' title="bbox 162 5467 1804 5542">
    <p class='ocr_par' dir='ltr' id='par_1_98' title="bbox 162 5467 1804 5542">
     <span class='ocr_line' id='line_1_98' title="bbox 162 5467 1804 5542; baseline -0.005 -12"><span class='ocrx_word' id='word_1_768' title='bbox 162 5477 248 5532; x_wconf 71' lang='grc' dir='ltr'><strong>τὸ</strong></span> <span class='ocrx_word' id='word_1_769' title='bbox 287 5474 451 5528; x_wconf 76' lang='grc' dir='ltr'>θεῖον</span> <span class='ocrx_word' id='word_1_770' title='bbox 493 5470 587 5526; x_wconf 82' lang='grc' dir='ltr'><strong>καὶ</strong></span> <span class='ocrx_word' id='word_1_771' title='bbox 635 5469 948 5542; x_wconf 73' lang='grc' dir='ltr'>οὐρανόθεν,</span> <span class='ocrx_word' id='word_1_772' title='bbox 995 5467 1266 5534; x_wconf 85' lang='grc' dir='ltr'>τουτέστι,</span> <span class='ocrx_word' id='word_1_773' title='bbox 1296 5471 1329 5538; x_wconf 83' lang='grc' dir='ltr'><strong>ὴ</strong></span> <span class='ocrx_word' id='word_1_774' title='bbox 1379 5469 1468 5522; x_wconf 81' lang='grc' dir='ltr'>διὰ</span> <span class='ocrx_word' id='word_1_775' title='bbox 1507 5467 1598 5521; x_wconf 77' lang='grc' dir='ltr'><strong>τιῦ</strong></span> <span class='ocrx_word' id='word_1_776' title='bbox 1648 5468 1804 5534; x_wconf 79' lang='grc' dir='ltr'>ἁγίου</span> 
     </span>
    </p>
   </div>
   <div class='ocr_carea' id='block_1_99' title="bbox 169 5564 1804 5640">
    <p class='ocr_par' dir='ltr' id='par_1_99' title="bbox 169 5564 1804 5640">
     <span class='ocr_line' id='line_1_99' title="bbox 169 5564 1804 5640; baseline -0.005 -13"><span class='ocrx_word' id='word_1_777' title='bbox 169 5569 539 5640; x_wconf 78' lang='grc' dir='ltr'>Πνεύματος</span> <span class='ocrx_word' id='word_1_778' title='bbox 585 5566 766 5638; x_wconf 77' lang='grc' dir='ltr'>χάρις,</span> <span class='ocrx_word' id='word_1_779' title='bbox 818 5566 941 5621; x_wconf 85' lang='grc' dir='ltr'>καθ’</span> <span class='ocrx_word' id='word_1_780' title='bbox 983 5568 1049 5630; x_wconf 84' lang='grc' dir='ltr'>ἣν</span> <span class='ocrx_word' id='word_1_781' title='bbox 1097 5566 1163 5620; x_wconf 86' lang='grc' dir='ltr'>ἃν</span> <span class='ocrx_word' id='word_1_782' title='bbox 1213 5566 1423 5634; x_wconf 82' lang='grc' dir='ltr'>γένοιτο</span> <span class='ocrx_word' id='word_1_783' title='bbox 1462 5566 1553 5620; x_wconf 80' lang='grc' dir='ltr'>καὶ</span> <span class='ocrx_word' id='word_1_784' title='bbox 1596 5564 1804 5629; x_wconf 81' lang='grc' dir='ltr'>ζῶντας</span> 
     </span>
    </p>
   </div>
   <div class='ocr_carea' id='block_1_100' title="bbox 253 5759 1841 5832">
    <p class='ocr_par' dir='ltr' id='par_1_100' title="bbox 253 5759 1841 5832">
     <span class='ocr_line' id='line_1_100' title="bbox 253 5759 1841 5832; baseline 0.006 -21"><span class='ocrx_word' id='word_1_785' title='bbox 253 5769 321 5799; x_wconf 69' lang='grc' dir='ltr'>δ”</span> <span class='ocrx_word' id='word_1_786' title='bbox 364 5764 518 5818; x_wconf 62' lang='lat' dir='ltr'><strong>Psal.</strong></span> <span class='ocrx_word' id='word_1_787' title='bbox 545 5779 695 5826; x_wconf 70' lang='lat' dir='ltr'><strong>mat,</strong></span> <span class='ocrx_word' id='word_1_788' title='bbox 723 5763 782 5817; x_wconf 75' lang='lat'><strong>3.</strong></span> <span class='ocrx_word' id='word_1_789' title='bbox 859 5763 905 5832; x_wconf 57' lang='grc' dir='ltr'><strong>’ξ’</strong></span> <span class='ocrx_word' id='word_1_790' title='bbox 932 5759 1088 5814; x_wconf 80' lang='lat' dir='ltr'><strong>Jnau.</strong></span> <span class='ocrx_word' id='word_1_791' title='bbox 1134 5779 1171 5824; x_wconf 83' lang='grc' dir='ltr'><strong>ι,</strong></span> <span class='ocrx_word' id='word_1_792' title='bbox 1212 5762 1299 5819; x_wconf 63' lang='lat' dir='ltr'><strong>llr.</strong></span> <span class='ocrx_word' id='word_1_793' title='bbox 1361 5763 1403 5794; x_wconf 70' lang='grc' dir='ltr'><strong><em>υ</em></strong></span> <span class='ocrx_word' id='word_1_794' title='bbox 1432 5763 1661 5832; x_wconf 78' lang='lat' dir='ltr'><strong>Philipp.</strong></span> <span class='ocrx_word' id='word_1_795' title='bbox 1698 5778 1755 5825; x_wconf 84' lang='lat' dir='ltr'><strong>tl,</strong></span> <span class='ocrx_word' id='word_1_796' title='bbox 1789 5761 1841 5814; x_wconf 68' lang='lat'><strong>7.</strong></span> 
     </span>
    </p>
   </div>
   <div class='ocr_carea' id='block_1_101' title="bbox 157 5831 1274 5896">
    <p class='ocr_par' dir='ltr' id='par_1_101' title="bbox 157 5831 1274 5896">
     <span class='ocr_line' id='line_1_101' title="bbox 157 5831 1274 5896; baseline -0.004 -5"><span class='ocrx_word' id='word_1_797' title='bbox 157 5839 224 5875; x_wconf 68' lang='grc'><strong>³⁸</strong></span> <span class='ocrx_word' id='word_1_798' title='bbox 260 5837 450 5892; x_wconf 68' lang='lat' dir='ltr'><strong>Joan.</strong></span> <span class='ocrx_word' id='word_1_799' title='bbox 492 5849 574 5896; x_wconf 83' lang='grc' dir='ltr'>ιιι,</span> <span class='ocrx_word' id='word_1_800' title='bbox 605 5832 689 5885; x_wconf 82' lang='lat' dir='ltr'><strong>IS.</strong></span> <span class='ocrx_word' id='word_1_801' title='bbox 781 5832 824 5863; x_wconf 81' lang='lat'>”</span> <span class='ocrx_word' id='word_1_802' title='bbox 851 5831 1037 5885; x_wconf 82' lang='lat' dir='ltr'><strong>Matth.</strong></span> <span class='ocrx_word' id='word_1_803' title='bbox 1072 5847 1155 5892; x_wconf 81' lang='lat' dir='ltr'><strong>tu,</strong></span> <span class='ocrx_word' id='word_1_804' title='bbox 1187 5832 1274 5886; x_wconf 86' lang='grc'><strong>10.</strong></span> 
     </span>
    </p>
   </div>
   <div class='ocr_carea' id='block_1_102' title="bbox 1978 4452 3478 4526">
    <p class='ocr_par' dir='ltr' id='par_1_102' title="bbox 1978 4452 3478 4526">
     <span class='ocr_line' id='line_1_102' title="bbox 1978 4452 3478 4526; baseline 0.003 -20"><span class='ocrx_word' id='word_1_805' title='bbox 1978 4457 2138 4512; x_wconf 61' lang='grc' dir='ltr'><strong>γης.</strong></span> <span class='ocrx_word' id='word_1_806' title='bbox 2177 4457 2230 4511; x_wconf 79' lang='grc'>5.</span> <span class='ocrx_word' id='word_1_807' title='bbox 2266 4455 2406 4521; x_wconf 81' lang='lat' dir='ltr'><strong>Quia</strong></span> <span class='ocrx_word' id='word_1_808' title='bbox 2441 4455 2552 4522; x_wconf 76' lang='lat' dir='ltr'><strong>ipse</strong></span> <span class='ocrx_word' id='word_1_809' title='bbox 2575 4452 2897 4524; x_wconf 70' lang='lat' dir='ltr'><strong>ingredietur</strong></span> <span class='ocrx_word' id='word_1_810' title='bbox 2918 4456 3071 4519; x_wconf 79' lang='lat' dir='ltr'><strong>quasi</strong></span> <span class='ocrx_word' id='word_1_811' title='bbox 3098 4455 3233 4522; x_wconf 78' lang='lat' dir='ltr'><strong>ignis</strong></span> <span class='ocrx_word' id='word_1_812' title='bbox 3278 4459 3478 4526; x_wconf 75' lang='lat' dir='ltr'><strong>conﬂa-</strong></span> 
     </span>
    </p>
   </div>
   <div class='ocr_carea' id='block_1_103' title="bbox 1903 4546 3484 4622">
    <p class='ocr_par' dir='ltr' id='par_1_103' title="bbox 1903 4546 3484 4622">
     <span class='ocr_line' id='line_1_103' title="bbox 1903 4546 3484 4622; baseline -0.002 -17"><span class='ocrx_word' id='word_1_813' title='bbox 1903 4553 2023 4606; x_wconf 79' lang='lat' dir='ltr'><strong>tort&#39;i</strong></span> <span class='ocrx_word' id='word_1_814' title='bbox 2066 4561 2116 4604; x_wconf 81' lang='lat' dir='ltr'><strong>et</strong></span> <span class='ocrx_word' id='word_1_815' title='bbox 2158 4551 2307 4622; x_wconf 82' lang='lat' dir='ltr'><strong>quasi</strong></span> <span class='ocrx_word' id='word_1_816' title='bbox 2343 4550 2502 4605; x_wconf 79' lang='lat' dir='ltr'><strong>herba</strong></span> <span class='ocrx_word' id='word_1_817' title='bbox 2546 4550 2863 4603; x_wconf 80' lang='lat' dir='ltr'><strong>lavantium.</strong></span> <span class='ocrx_word' id='word_1_818' title='bbox 2917 4546 3125 4602; x_wconf 77' lang='lat' dir='ltr'><strong>Sedebit</strong></span> <span class='ocrx_word' id='word_1_819' title='bbox 3167 4551 3401 4617; x_wconf 72' lang='lat' dir='ltr'><strong>can/laus</strong></span> <span class='ocrx_word' id='word_1_820' title='bbox 3434 4560 3484 4603; x_wconf 77' lang='lat' dir='ltr'><strong>et</strong></span> 
     </span>
    </p>
   </div>
   <div class='ocr_carea' id='block_1_104' title="bbox 1903 4643 3477 4712">
    <p class='ocr_par' dir='ltr' id='par_1_104' title="bbox 1903 4643 3477 4712">
     <span class='ocr_line' id='line_1_104' title="bbox 1903 4643 3477 4712; baseline -0.002 -14"><span class='ocrx_word' id='word_1_821' title='bbox 1903 4645 2218 4706; x_wconf 79' lang='lat' dir='ltr'><strong>cmttnduns,</strong></span> <span class='ocrx_word' id='word_1_822' title='bbox 2253 4645 2391 4698; x_wconf 80' lang='lat' dir='ltr'><strong>sicut</strong></span> <span class='ocrx_word' id='word_1_823' title='bbox 2417 4656 2691 4712; x_wconf 77' lang='lat' dir='ltr'><strong>argentum</strong></span> <span class='ocrx_word' id='word_1_824' title='bbox 2720 4651 2766 4695; x_wconf 78' lang='lat' dir='ltr'><strong>et</strong></span> <span class='ocrx_word' id='word_1_825' title='bbox 2789 4643 2925 4695; x_wconf 82' lang='lat' dir='ltr'><strong>sicut</strong></span> <span class='ocrx_word' id='word_1_826' title='bbox 2952 4658 3140 4695; x_wconf 71' lang='lat' dir='ltr'><strong>altrum</strong></span> <span class='ocrx_word' id='word_1_827' title='bbox 3166 4656 3182 4692; x_wconf 90' lang='lat'><strong><em>:</em></strong></span> <span class='ocrx_word' id='word_1_828' title='bbox 3221 4653 3267 4695; x_wconf 77' lang='lat' dir='ltr'><strong>et</strong></span> <span class='ocrx_word' id='word_1_829' title='bbox 3300 4660 3477 4695; x_wconf 81' lang='lat' dir='ltr'><strong>cmun-</strong></span> 
     </span>
    </p>
   </div>
   <div class='ocr_carea' id='block_1_105' title="bbox 1903 4733 3482 4802">
    <p class='ocr_par' dir='ltr' id='par_1_105' title="bbox 1903 4733 3482 4802">
     <span class='ocr_line' id='line_1_105' title="bbox 1903 4733 3482 4802; baseline -0.003 -15"><span class='ocrx_word' id='word_1_830' title='bbox 1903 4736 2046 4787; x_wconf 82' lang='lat' dir='ltr'><strong>dabit</strong></span> <span class='ocrx_word' id='word_1_831' title='bbox 2091 4735 2231 4802; x_wconf 71' lang='lat' dir='ltr'><strong>ﬁlios</strong></span> <span class='ocrx_word' id='word_1_832' title='bbox 2270 4733 2418 4797; x_wconf 84' lang='lat' dir='ltr'><strong>Levi,</strong></span> <span class='ocrx_word' id='word_1_833' title='bbox 2461 4745 2506 4785; x_wconf 84' lang='lat' dir='ltr'><strong>et</strong></span> <span class='ocrx_word' id='word_1_834' title='bbox 2529 4733 2761 4801; x_wconf 66' lang='lat' dir='ltr'><strong>elfundet</strong></span> <span class='ocrx_word' id='word_1_835' title='bbox 2798 4749 2885 4786; x_wconf 86' lang='lat' dir='ltr'><strong>eos</strong></span> <span class='ocrx_word' id='word_1_836' title='bbox 2915 4733 3046 4786; x_wconf 83' lang='lat' dir='ltr'><strong>sicut</strong></span> <span class='ocrx_word' id='word_1_837' title='bbox 3083 4749 3273 4784; x_wconf 83' lang='lat' dir='ltr'><strong>aurum</strong></span> <span class='ocrx_word' id='word_1_838' title='bbox 3306 4743 3353 4784; x_wconf 77' lang='lat' dir='ltr'><strong>et</strong></span> <span class='ocrx_word' id='word_1_839' title='bbox 3393 4749 3482 4784; x_wconf 89' lang='lat' dir='ltr'><strong>ar-</strong></span> 
     </span>
    </p>
   </div>
   <div class='ocr_carea' id='block_1_106' title="bbox 1897 4841 2127 4895">
    <p class='ocr_par' dir='ltr' id='par_1_106' title="bbox 1897 4841 2127 4895">
     <span class='ocr_line' id='line_1_106' title="bbox 1897 4841 2127 4895; baseline 0.009 -16"><span class='ocrx_word' id='word_1_840' title='bbox 1897 4841 2127 4895; x_wconf 74' lang='lat' dir='ltr'><strong>gemam.</strong></span> 
     </span>
    </p>
   </div>
   <div class='ocr_carea' id='block_1_107' title="bbox 1973 4915 3485 4973">
    <p class='ocr_par' dir='ltr' id='par_1_107' title="bbox 1973 4915 3485 4973">
     <span class='ocr_line' id='line_1_107' title="bbox 1973 4915 3485 4973; baseline -0.004 -1"><span class='ocrx_word' id='word_1_841' title='bbox 1973 4917 2214 4973; x_wconf 78' lang='lat' dir='ltr'><strong>XXXIV.</strong></span> <span class='ocrx_word' id='word_1_842' title='bbox 2259 4916 2334 4971; x_wconf 80' lang='lat' dir='ltr'><strong>Ex</strong></span> <span class='ocrx_word' id='word_1_843' title='bbox 2363 4915 2720 4970; x_wconf 87' lang='lat' dir='ltr'><strong>similitudine</strong></span> <span class='ocrx_word' id='word_1_844' title='bbox 2745 4928 2922 4969; x_wconf 87' lang='lat' dir='ltr'><strong>rerum</strong></span> <span class='ocrx_word' id='word_1_845' title='bbox 2953 4925 3260 4967; x_wconf 84' lang='lat' dir='ltr'><strong>nostrarum</strong></span> <span class='ocrx_word' id='word_1_846' title='bbox 3301 4927 3485 4967; x_wconf 86' lang='lat' dir='ltr'><strong>sermo</strong></span> 
     </span>
    </p>
   </div>
   <div class='ocr_carea' id='block_1_108' title="bbox 1904 5005 3488 5078">
    <p class='ocr_par' dir='ltr' id='par_1_108' title="bbox 1904 5005 3488 5078">
     <span class='ocr_line' id='line_1_108' title="bbox 1904 5005 3488 5078; baseline -0.004 -13"><span class='ocrx_word' id='word_1_847' title='bbox 1904 5012 2161 5078; x_wconf 82' lang='lat' dir='ltr'><strong>&#39;rabitur,</strong></span> <span class='ocrx_word' id='word_1_848' title='bbox 2198 5020 2253 5065; x_wconf 90' lang='lat' dir='ltr'><strong>et</strong></span> <span class='ocrx_word' id='word_1_849' title='bbox 2295 5008 2481 5064; x_wconf 88' lang='lat' dir='ltr'><strong>arcani</strong></span> <span class='ocrx_word' id='word_1_850' title='bbox 2522 5007 2804 5076; x_wconf 86' lang='lat' dir='ltr'><strong>cujusdam</strong></span> <span class='ocrx_word' id='word_1_851' title='bbox 2849 5005 3092 5076; x_wconf 85' lang='lat' dir='ltr'><strong>mysterii</strong></span> <span class='ocrx_word' id='word_1_852' title='bbox 3124 5005 3488 5074; x_wconf 43' lang='lat' dir='ltr'><strong>signiﬁcatio:</strong></span> 
     </span>
    </p>
   </div>
   <div class='ocr_carea' id='block_1_109' title="bbox 1904 5081 3488 5172">
    <p class='ocr_par' dir='ltr' id='par_1_109' title="bbox 1904 5081 3488 5172">
     <span class='ocr_line' id='line_1_109' title="bbox 1904 5081 3488 5172; baseline -0.004 -14"><span class='ocrx_word' id='word_1_853' title='bbox 1904 5120 2028 5159; x_wconf 85' lang='lat' dir='ltr'><strong>nem</strong></span> <span class='ocrx_word' id='word_1_854' title='bbox 2061 5081 2457 5172; x_wconf 85' lang='lat' dir='ltr'><strong>complectitur,</strong></span> <span class='ocrx_word' id='word_1_855' title='bbox 2493 5102 2536 5154; x_wconf 84' lang='lat' dir='ltr'><strong>si</strong></span> <span class='ocrx_word' id='word_1_856' title='bbox 2569 5102 2690 5170; x_wconf 86' lang='lat' dir='ltr'><strong>quis</strong></span> <span class='ocrx_word' id='word_1_857' title='bbox 2724 5101 2864 5154; x_wconf 87' lang='lat' dir='ltr'><strong>dicta</strong></span> <span class='ocrx_word' id='word_1_858' title='bbox 2907 5099 3202 5168; x_wconf 86' lang='lat' dir='ltr'><strong>prudenter</strong></span> <span class='ocrx_word' id='word_1_859' title='bbox 3230 5110 3488 5152; x_wconf 68' lang='lat' dir='ltr'><strong>excutere</strong></span> 
     </span>
    </p>
   </div>
   <div class='ocr_carea' id='block_1_110' title="bbox 1907 5190 3486 5264">
    <p class='ocr_par' dir='ltr' id='par_1_110' title="bbox 1907 5190 3486 5264">
     <span class='ocr_line' id='line_1_110' title="bbox 1907 5190 3486 5264; baseline -0.007 -11"><span class='ocrx_word' id='word_1_860' title='bbox 1907 5198 2068 5253; x_wconf 89' lang='lat' dir='ltr'><strong>norit.</strong></span> <span class='ocrx_word' id='word_1_861' title='bbox 2113 5196 2410 5264; x_wconf 80' lang='lat' dir='ltr'><strong>Argentum</strong></span> <span class='ocrx_word' id='word_1_862' title='bbox 2447 5194 2594 5247; x_wconf 89' lang='lat' dir='ltr'><strong>enim</strong></span> <span class='ocrx_word' id='word_1_863' title='bbox 2633 5203 2688 5246; x_wconf 89' lang='lat' dir='ltr'><strong>et</strong></span> <span class='ocrx_word' id='word_1_864' title='bbox 2726 5207 2916 5245; x_wconf 84' lang='lat' dir='ltr'><strong>aurum</strong></span> <span class='ocrx_word' id='word_1_865' title='bbox 2955 5190 3183 5258; x_wconf 87' lang='lat' dir='ltr'><strong>probant</strong></span> <span class='ocrx_word' id='word_1_866' title='bbox 3219 5203 3313 5244; x_wconf 89' lang='lat' dir='ltr'><strong>seu</strong></span> <span class='ocrx_word' id='word_1_867' title='bbox 3356 5203 3486 5242; x_wconf 81' lang='lat' dir='ltr'><strong>exa-</strong></span> 
     </span>
    </p>
   </div>
   <div class='ocr_carea' id='block_1_111' title="bbox 1912 5278 3485 5352">
    <p class='ocr_par' dir='ltr' id='par_1_111' title="bbox 1912 5278 3485 5352">
     <span class='ocr_line' id='line_1_111' title="bbox 1912 5278 3485 5352; baseline -0.006 -9"><span class='ocrx_word' id='word_1_868' title='bbox 1912 5289 2120 5343; x_wconf 86' lang='lat' dir='ltr'><strong>minant</strong></span> <span class='ocrx_word' id='word_1_869' title='bbox 2146 5301 2324 5340; x_wconf 85' lang='lat' dir='ltr'><strong>rerum</strong></span> <span class='ocrx_word' id='word_1_870' title='bbox 2361 5287 2582 5338; x_wconf 89' lang='lat' dir='ltr'><strong>istarum</strong></span> <span class='ocrx_word' id='word_1_871' title='bbox 2609 5283 2766 5352; x_wconf 89' lang='lat' dir='ltr'><strong>periti</strong></span> <span class='ocrx_word' id='word_1_872' title='bbox 2796 5281 3055 5345; x_wconf 82' lang='lat' dir='ltr'><strong>artiﬁces,</strong></span> <span class='ocrx_word' id='word_1_873' title='bbox 3080 5278 3202 5349; x_wconf 73' lang='lat' dir='ltr'><strong>igne</strong></span> <span class='ocrx_word' id='word_1_874' title='bbox 3225 5280 3485 5348; x_wconf 84' lang='lat' dir='ltr'><strong>collique-</strong></span> 
     </span>
    </p>
   </div>
   <div class='ocr_carea' id='block_1_112' title="bbox 1911 5372 3488 5442">
    <p class='ocr_par' dir='ltr' id='par_1_112' title="bbox 1911 5372 3488 5442">
     <span class='ocr_line' id='line_1_112' title="bbox 1911 5372 3488 5442; baseline -0.006 -8"><span class='ocrx_word' id='word_1_875' title='bbox 1911 5382 2173 5435; x_wconf 81' lang='lat' dir='ltr'><strong>I&#39;acientes</strong></span> <span class='ocrx_word' id='word_1_876' title='bbox 2211 5392 2259 5432; x_wconf 87' lang='lat' dir='ltr'><strong>et</strong></span> <span class='ocrx_word' id='word_1_877' title='bbox 2299 5387 2679 5431; x_wconf 83' lang='lat' dir='ltr'><strong>cunsumentes</strong></span> <span class='ocrx_word' id='word_1_878' title='bbox 2717 5374 2980 5442; x_wconf 86' lang='lat' dir='ltr'><strong>quidquid</strong></span> <span class='ocrx_word' id='word_1_879' title='bbox 3018 5376 3070 5426; x_wconf 90' lang='lat' dir='ltr'><strong>in</strong></span> <span class='ocrx_word' id='word_1_880' title='bbox 3111 5374 3240 5442; x_wconf 89' lang='lat' dir='ltr'><strong>ipsis</strong></span> <span class='ocrx_word' id='word_1_881' title='bbox 3277 5372 3488 5426; x_wconf 85' lang='lat' dir='ltr'><strong>adulte-</strong></span> 
     </span>
    </p>
   </div>
   <div class='ocr_carea' id='block_1_113' title="bbox 1914 5463 3491 5526">
    <p class='ocr_par' dir='ltr' id='par_1_113' title="bbox 1914 5463 3491 5526">
     <span class='ocr_line' id='line_1_113' title="bbox 1914 5463 3491 5526; baseline -0.005 0"><span class='ocrx_word' id='word_1_882' title='bbox 1914 5477 2088 5526; x_wconf 89' lang='lat' dir='ltr'><strong>rinum</strong></span> <span class='ocrx_word' id='word_1_883' title='bbox 2131 5482 2183 5526; x_wconf 93' lang='lat' dir='ltr'><strong>et</strong></span> <span class='ocrx_word' id='word_1_884' title='bbox 2225 5469 2499 5522; x_wconf 77' lang='lat' dir='ltr'><strong>sordidum</strong></span> <span class='ocrx_word' id='word_1_885' title='bbox 2539 5477 2642 5521; x_wconf 87' lang='lat' dir='ltr'><strong>est.</strong></span> <span class='ocrx_word' id='word_1_886' title='bbox 2691 5466 2912 5519; x_wconf 88' lang='lat' dir='ltr'><strong>Divinus</strong></span> <span class='ocrx_word' id='word_1_887' title='bbox 2942 5476 3119 5520; x_wconf 87' lang='lat' dir='ltr'><strong>autem</strong></span> <span class='ocrx_word' id='word_1_888' title='bbox 3165 5474 3219 5517; x_wconf 91' lang='lat' dir='ltr'><strong>et</strong></span> <span class='ocrx_word' id='word_1_889' title='bbox 3251 5463 3491 5519; x_wconf 77' lang='lat' dir='ltr'><strong>caelestis</strong></span> 
     </span>
    </p>
   </div>
   <div class='ocr_carea' id='block_1_114' title="bbox 1912 5559 3488 5635">
    <p class='ocr_par' dir='ltr' id='par_1_114' title="bbox 1912 5559 3488 5635">
     <span class='ocr_line' id='line_1_114' title="bbox 1912 5559 3488 5635; baseline -0.008 -16"><span class='ocrx_word' id='word_1_890' title='bbox 1912 5566 2074 5635; x_wconf 73' lang='lat' dir='ltr'><strong>ignis,</strong></span> <span class='ocrx_word' id='word_1_891' title='bbox 2125 5565 2224 5618; x_wconf 90' lang='lat' dir='ltr'><strong>boc</strong></span> <span class='ocrx_word' id='word_1_892' title='bbox 2263 5569 2366 5624; x_wconf 85' lang='lat' dir='ltr'><strong>est,</strong></span> <span class='ocrx_word' id='word_1_893' title='bbox 2416 5560 2587 5630; x_wconf 79' lang='lat' dir='ltr'><strong>gratia</strong></span> <span class='ocrx_word' id='word_1_894' title='bbox 2635 5575 2728 5626; x_wconf 89' lang='lat' dir='ltr'><strong>per</strong></span> <span class='ocrx_word' id='word_1_895' title='bbox 2763 5559 3023 5628; x_wconf 77' lang='lat' dir='ltr'><strong>Spititum</strong></span> <span class='ocrx_word' id='word_1_896' title='bbox 3075 5567 3341 5620; x_wconf 86' lang='lat' dir='ltr'><strong>sanctum,</strong></span> <span class='ocrx_word' id='word_1_897' title='bbox 3383 5571 3488 5624; x_wconf 87' lang='lat' dir='ltr'><strong>qua</strong></span> 
     </span>
    </p>
   </div>
   <div class='ocr_carea' id='block_1_115' title="bbox 1947 5753 3490 5830">
    <p class='ocr_par' dir='ltr' id='par_1_115' title="bbox 1947 5753 3490 5830">
     <span class='ocr_line' id='line_1_115' title="bbox 1947 5753 3490 5830; baseline -0.006 -15"><span class='ocrx_word' id='word_1_898' title='bbox 1947 5764 1989 5802; x_wconf 72' lang='grc' dir='ltr'><strong>δ’</strong></span> <span class='ocrx_word' id='word_1_899' title='bbox 2024 5761 2103 5817; x_wconf 85' lang='lat' dir='ltr'><strong>lsa</strong></span> <span class='ocrx_word' id='word_1_900' title='bbox 2151 5775 2288 5830; x_wconf 76' lang='lat' dir='ltr'><strong>xw,</strong></span> <span class='ocrx_word' id='word_1_901' title='bbox 2319 5757 2439 5820; x_wconf 68' lang='lat'><strong>1-5:</strong></span> <span class='ocrx_word' id='word_1_902' title='bbox 2475 5757 2664 5812; x_wconf 79' lang='lat' dir='ltr'><strong>Matth.</strong></span> <span class='ocrx_word' id='word_1_903' title='bbox 2695 5775 2791 5819; x_wconf 79' lang='lat' dir='ltr'><strong>xu.</strong></span> <span class='ocrx_word' id='word_1_904' title='bbox 2826 5757 2917 5813; x_wconf 82' lang='grc'>18.</span> <span class='ocrx_word' id='word_1_905' title='bbox 2991 5757 3036 5790; x_wconf 86' lang='grc'><strong>⁸³</strong></span> <span class='ocrx_word' id='word_1_906' title='bbox 3063 5754 3217 5810; x_wconf 77' lang='lat' dir='ltr'><strong>Jnau.</strong></span> <span class='ocrx_word' id='word_1_907' title='bbox 3245 5772 3363 5821; x_wconf 77' lang='lat' dir='ltr'><strong>vm,</strong></span> <span class='ocrx_word' id='word_1_908' title='bbox 3396 5753 3490 5807; x_wconf 66' lang='grc'><strong>24.</strong></span> 
     </span>
    </p>
   </div>
  </div>
