4026 6276
525 328 632 407 ssi

1557 348 1614 405 S.
1657 347 1933 405 CYllILIJ
1974 348 2447 406 ALEXANDRINI
2488 352 2811 408 ARCIIIEP.
2896 418 2903 419 γ

3700 350 3801 409 seu

526 474 796 545 possimus
826 472 991 528 etiam
1028 473 1271 529 viventes
1299 486 1397 529 nos
1427 472 1479 527 in
1503 472 1696 544 spiritu
1721 477 2114 540 consummari,

2227 478 2367 546 ἡμᾶς
2398 476 2779 529 ἀποτελεῖσθαι
2811 475 2888 546 τῷ
2925 474 3222 545 Πνεύματι,
3248 474 3376 527 ὅταν
3404 474 3484 538 εἰς
3517 473 3642 528 νοῦν
3676 478 3793 528 καθ·

526 566 599 630 si,
617 565 837 621 Christo
854 563 1206 632 immittente,
1226 564 1281 618 in
1298 571 1535 619 mentem
1558 575 1721 633 atque
1739 578 1833 619 cor
1850 573 2119 634 penetret,

528 672 682 727 tunc,
732 658 1012 723 nimirum,
1066 666 1195 712 tunc
1237 671 1454 712 onmem
1506 657 1719 727 peccati
1771 657 2006 712 seoriam
2055 671 2118 710 ex

529 750 822 820 prreteritis
870 748 1115 819 lapsibus
1170 756 1515 804 contractam
1556 748 1774 802 deterit.
1811 748 1990 818 Atque
2046 747 2121 801 ita

532 852 794 914 purgatos
824 842 991 898 etiam
1023 842 1439 912 probatissimos
1468 840 1669 905 reddit,
1694 850 1745 895 et
1773 850 1981 894 tantum
2014 854 2120 893 non

529 934 801 1005 spirituali
852 934 1088 1006 quodam
1139 934 1300 988 modo
1349 932 1510 987 aliter
1543 931 1610 986 ad
1661 931 1957 985 novitatem
2001 931 2123 985 vitae

530 1029 777 1095 l‘abrieat,
815 1039 871 1082 et
904 1042 1031 1081 vasa
1062 1026 1319 1093 deinceps
1350 1024 1582 1093 insignia
1612 1033 1667 1078 et
1698 1022 2034 1077 sanctiﬁcata
2067 1029 2123 1078 et

528 1121 584 1175 in
626 1121 887 1175 honorem
929 1126 1243 1186 comparata
1282 1124 1336 1170 et
1381 1130 1593 1186 magna:
1645 1116 1859 1181 domui,
1897 1116 2001 1169 hoc
2042 1123 2124 1169 est

529 1213 805 1277 Ecclesiae,
838 1212 996 1266 utilia
1036 1209 1197 1265 clIicit
1225 1209 1293 1263 ".
1325 1227 1345 1259 ι
1387 1207 1526 1264 Hinc
1557 1209 1765 1263 scilicet
1794 1208 2036 1263 divinum
2071 1216 2125 1263 et

529 1306 629 1360 sub
655 1304 1071 1375 intelligentiam
1102 1303 1387 1357 cadentem
1421 1301 1601 1371 ignem
1634 1311 1857 1356 sanctus
1884 1300 2122 1355 Joannes

527 1400 875 1471 signiﬁcavit,
904 1413 1022 1451 cum
1045 1397 1249 1452 diceret
1274 1414 1288 1453 :
1323 1415 1341 1447 ι
1373 1396 1485 1465 Ego
1513 1395 1730 1465 baptizo
1759 1411 1853 1450 vos
1881 1396 1933 1449 in
1959 1411 2119 1465 aqua.

524 1490 657 1544 Post
700 1502 784 1543 me
827 1485 1007 1541 veniet
1044 1486 1142 1551 vir,
1186 1484 1344 1554 cujus
1384 1501 1491 1540 non
1519 1500 1638 1539 sunt
1672 1485 1866 1554 dignus
1902 1495 1959 1538 ut
1996 1500 2123 1553 pro-

524 1582 793 1638 cumbens
824 1578 1031 1634 solvam
1071 1578 1364 1647 corrigiam
1412 1577 1765 1632 calceamenti
1813 1577 1949 1646 ejus.
2009 1575 2125 1645 Ipse

525 1688 622 1730 vos
644 1671 940 1741 baptizabit
959 1671 1009 1725 in
1031 1670 1236 1740 Spiritu
1257 1678 1446 1725 sancto
1465 1680 1517 1724 et
1537 1671 1641 1740 igni
1657 1670 1722 1721 ⁸⁷.
1740 1689 1757 1722 t
1782 1668 2124 1723 Meminimus

526 1778 580 1822 et
602 1765 874 1822 Christum
902 1765 1083 1820 dicere
1112 1785 1123 1819 :
1159 1784 1177 1815 ι
1209 1764 1392 1835 Ignem
1422 1764 1543 1819 veni
1570 1764 1786 1819 mittere
1812 1765 1865 1817 in
1894 1773 2115 1828 terram,

2224 569 2393 621 ίκοιτο
2429 567 2522 621 καὶ
2569 569 2819 638 καρδίαν,
2854 568 3085 630 ὲνιέντος
3126 567 3385 637 Χριστοῦ,
3414 566 3534 620 τότε
3572 568 3656 639 δὴ,
3688 571 3801 623 τότε

2220 658 2401 712 πάντα
2430 660 2529 729 μὲν
2556 660 2648 712 τὸν
2676 660 2733 725 ἐξ
2762 660 3037 730 ἁμαρτίας
3066 660 3358 730 διασμήχει
3386 658 3576 731 ῥύπον,
3602 661 3693 713 καί
3720 661 3805 714 τὸν

2221 753 2285 803 ἐκ
2312 751 2419 803 τῶν
2460 752 2559 823 ήδη
2596 752 3083 823 προεπταισμένων
3105 751 3321 821 δαπανᾷ
3359 750 3656 821 μολυσμόν.
3702 754 3802 805 Κε-

2221 842 2602 913 καθσρμενους
2626 861 2685 897 τε
2711 844 2854 896 οὕτω
2880 845 2974 897 καὶ
3000 843 3406 913 δοκιμωτάτους
3431 846 3559 907 τοὺς
3588 845 3800 915 ἔχοντας

2221 935 2493 1000 ἀποτελεῖ,
2538 935 2630 987 καὶ
2676 934 2956 1004 μονονουχὶ
2990 933 3385 1003 μεταχαλκεύει
3423 935 3626 1004 νοητῶς
3673 937 3800 1005 πρὸς

2220 1027 2549 1097 καινοτάτην
2581 1026 2746 1097 ζωὴν,
2776 1028 2869 1079 καὶ
2911 1025 3081 1095 σκεύη
3115 1026 3299 1079 λοιπὸν
3343 1026 3636 1095 ἀποφαίνει
3668 1026 3800 1095 λαμ-

2224 1119 2339 1188 πρὰ
2382 1119 2476 1171 καὶ
2509 1119 2819 1189 ἡγιασμένοι
2857 1119 2951 1169 καὶ
2991 1120 3071 1181 είς
3119 1118 3284 1190 τιμὴν
3328 1120 3802 1188 κατεσκευασμένα

2222 1213 2365 1282 οἰκίᾳ
2398 1228 2459 1265 τε
2494 1215 2560 1281 τῆ
2607 1212 2819 1284 μεγάλῃ
2857 1214 3126 1283 χρήσιμα,
3158 1213 3441 1265 τουτέστιν
3471 1216 3537 1284 τῇ
3581 1214 3801 1284 Ἐκκλη-

2226 1302 2336 1373 σία.
2371 1305 2542 1356 Τοῦτο
2564 1304 2627 1373 δὴ
2659 1303 2718 1356 τὸ
2740 1303 2879 1355 θεῖόν
2907 1321 2967 1355 τε
2994 1306 3087 1357 καὶ
3118 1306 3308 1375 νοητὸν
3333 1307 3679 1374 κατεσήμανε
3701 1306 3803 1376 πῦρ

2223 1396 2251 1446 6
2281 1395 2566 1458 Θεσπέσιος
2604 1395 2876 1466 Ἰωάννης,
2907 1395 3079 1463 λέγων
3101 1413 3114 1425 ·
3152 1416 3169 1447 ‹
3225 1396 3365 1464 Ἐγὼ
3393 1396 3639 1467 βαπτίζω
3669 1398 3803 1466 ὑμᾶς

2223 1488 2282 1540 ὲν
2331 1487 2504 1543 ὕδατι.
2566 1489 2769 1542 Ὀπίσω
2826 1506 2927 1559 μου
2971 1490 3189 1560 ἔρχεται
3236 1489 3395 1561 ἀνὴρ,
3443 1485 3502 1544 οῦ
3555 1492 3656 1543 ούκ
3700 1493 3804 1559 εἰμὶ

2224 1578 2410 1641 ἱκανὸς
2437 1580 2524 1632 ἵνα
2556 1580 2734 1648 κύψας
2770 1579 2918 1633 λύσω
2947 1581 3036 1633 τὸν
3063 1582 3259 1649 ἱμάντα
3300 1581 3409 1634 τῶν
3450 1582 3805 1651 ὑποδημάτων

2224 1670 2412 1727 αὐτοῦ.
2446 1672 2619 1734 Αὐτὸς
2660 1673 2803 1743 ὑμᾶς
2846 1672 3100 1742 βαπτίσει
3135 1674 3192 1726 ὲν
3224 1673 3503 1744 Πνεύματι
3538 1673 3675 1743 ἁγίῳ
3719 1674 3805 1725 καὶ

2225 1766 2379 1833 πυρί.
2420 1782 2437 1815 ι
2472 1764 2815 1834 Μεμνήμεθα
2844 1764 2900 1816 δὲ
2935 1768 3028 1817 καὶ
3053 1765 3217 1817 αὐτοῦ
3258 1765 3507 1833 λέγοντος
3547 1766 3641 1817 τοῦ
3682 1767 3807 1836 Χρι-

528 1869 583 1914 et
611 1858 743 1930 quid
780 1857 928 1921 volo,
970 1856 1079 1911 nisi
1119 1866 1177 1911 ut
1214 1856 1546 1912 accendatur
1570 1855 1653 1910 '3?
1682 1874 1700 1907 ι
1743 1856 1950 1925 Itaque,
1988 1870 2120 1924 quo-

2227 1855 2353 1908 στοῦ
2377 1871 2388 1882 ·
2426 1875 2443 1906 ι
2482 1855 2599 1925 Πῦρ
2621 1850 2783 1925 ἦλθον
2808 1853 3022 1923 βάλλειν
3054 1856 3146 1907 ἐπὶ
3174 1856 3272 1925 τὴν
3302 1855 3429 1923 γῆν,
3457 1855 3550 1906 καὶ
3572 1855 3625 1906 τί
3652 1854 3803 1913 θέλω.

528 1953 675 2007 niam
702 1950 962 2006 Israelita:
1000 1949 1315 2004 Levitarum
1346 1948 1743 2002 immunditiam
1774 1949 1888 2003 sive
1914 1948 2115 2017 iniqui-

529 2053 691 2099 tatem
723 2057 829 2097 non
853 2040 970 2101 leve
1001 2037 1414 2093 fundamentum
1439 2038 1737 2107 ponebant,
1759 2036 1866 2090 imo
1884 2036 2116 2106 perillos

528 2136 907 2191 universorum
940 2132 1109 2188 Deum
1148 2133 1364 2185 irritare
1398 2146 1503 2185 non
1540 2130 1883 2195 desinebant,
1921 2141 2117 2184 contu-

528 2228 752 2284 meliose
794 2226 1078 2294 loquentes
1104 2232 1161 2278 et
1182 2222 1366 2277 dicere
1405 2236 1513 2276 non
1541 2231 1792 2275 verentes
1825 2237 1839 2274 :
1876 2238 1895 2272 ‹
1929 2220 2118 2276 Omnis

527 2321 618 2392 qui
652 2319 786 2374 facit
818 2316 1042 2381 tnalum,
1075 2316 1277 2370 bonum
1316 2327 1501 2368 coram
1536 2311 1652 2378 illo,
1692 2312 1827 2367 etin
1869 2312 1975 2367 illis
2003 2312 2119 2381 ipse

527 2413 631 2469 sibi
652 2408 1005 2480 complacuit,
1023 2418 1077 2462 et
1098 2406 1187 2461 ubi
1214 2416 1297 2461 est
1319 2403 1697 2474 Deusjustitize
1712 2405 1799 2457 '9?
1824 2423 1840 2456 ι
1873 2403 2118 2474 praedicit

530 2504 732 2561 utiliter
776 2502 1011 2571 quodam
1049 2508 1292 2569 tempore
1321 2496 1643 2552 all‘ulsurum
1690 2497 1990 2562 Christum,
2026 2496 2117 2566 qui

530 2603 809 2665 peccatum
856 2606 1018 2647 omne
1065 2599 1311 2645 nostrum
1352 2593 1384 2643 e
1430 2587 1607 2642 medio
1653 2586 1809 2651 tollit,
1860 2585 2024 2657 853
2066 2593 2118 2640 et

527 2686 839 2742 sacerdotes
870 2697 1002 2738 suos
1034 2681 1365 2752 purissimos
1393 2679 1588 2743 reddit,
1620 2693 1823 2748 eosque
1845 2685 1902 2731 ttt
1929 2693 2117 2732 aurum

527 2790 621 2834 aut
638 2788 918 2850 argentum
940 2777 992 2831 in
1015 2775 1136 2845 igne
1156 2774 1370 2844 probat,
1394 2773 1509 2828 sive
1526 2773 1786 2841 probatos
1807 2779 1861 2825 et
1884 2770 2121 2825 illustres

532 2872 711 2929 reddit
746 2871 814 2926 °°.
860 2868 1013 2924 Tales
1052 2868 1195 2922 enim
1232 2864 1489 2921 Ecclesia:
1528 2865 1842 2918 sacerdotes
1880 2860 2119 2916 universi

528 2966 730 3020 debent
755 2975 898 3026 esse,
918 2958 1426 3032 quibusliceatjure
1457 2956 1661 3025 Optimo
1688 2969 1955 3026 usurpare
1986 2954 2119 3008 illud

533 3057 881 3112 Davidicum:
915 3073 934 3107 ι
962 3053 1213 3109 I‘robasti
1246 3065 1365 3117 nos,
1406 3049 1581 3116 Deus;
1621 3050 1742 3119 igne
1775 3064 1872 3103 nos
1908 3046 2115 3102 exami-

522 3150 671 3206 nasti
704 3160 761 3204 ut
792 3145 1097 3202 examinari
1126 3145 1262 3200 solet
1283 3152 1567 3215 argentum
1599 3143 1700 3197 ⁸⁸.»
1728 3141 1878 3195 Filiis
1902 3142 2117 3211 quidem

2225 1946 2273 1997 εί
2308 1946 2407 2016 ἤδη
2443 1945 2692 2016 ἁνήφθη;
2735 1965 2752 1997 ι
2789 1945 3017 2010 Οὐκοῦν,
3052 1947 3281 2017 ἐπείπερ
3308 1948 3357 1999 οἱ
3381 1947 3439 2011 ἐξ
3469 1947 3697 2016 αἵματος
3718 1947 3807 1998 τοῦ

2225 2037 2283 2105 ἐξ
2328 2037 2545 2110 Ἰσραὴλ
2568 2040 2667 2109 τῆς
2706 2038 2816 2091 τῶν
2841 2038 3081 2092 Λευῖτῶν
3111 2039 3475 2110 ἀκαθαρσίας,
3503 2041 3669 2109 ἡγουν
3696 2042 3808 2093 ἀξι-

2226 2130 2374 2191 κίας,
2404 2127 2465 2181 οὐ
2499 2129 2725 2198 μετρίαν
2747 2129 3027 2181 ἐποιοῦντο
3049 2129 3150 2199 τὴν
3177 2128 3501 2198 καταϐολὴν,
3530 2129 3728 2198 μᾶλλον
3756 2129 3810 2179 δὶ

2224 2221 2290 2274 δι’
2326 2221 2568 2285 ἐκείνους
2604 2220 3039 2293 παροτρύνοντες
3086 2221 3354 2275 διετέλουν
3398 2221 3489 2274 τὸν
3522 2222 3630 2273 τῶν
3677 2221 3809 2273 ὅλων

2225 2308 2378 2371 Θεὸν,
2412 2310 2747 2380 παλίμφημά
2781 2327 2839 2362 τε
2871 2310 3162 2373 λαλοῦντες
3185 2328 3307 2364 τινα
3344 2312 3437 2365 καὶ
3464 2310 3815 2381 ἀποτολμῶνο

2225 2419 2316 2464 τες
2353 2400 2532 2471 λέγειν
2560 2418 2573 2431 ο
2627 2422 2645 2454 ι
2696 2404 2811 2466 Πᾶς
2854 2404 3022 2457 ποιῶν
3066 2403 3320 2474 πονηρὸν,
3374 2404 3537 2457 καλὸν
3587 2403 3813 2457 ἐνώπιον

2226 2493 2414 2557 αὑτοῦ,
2456 2495 2551 2547 καὶ
2576 2495 2633 2547 ὲν
2678 2495 2864 2558 αὐτοῖς
2890 2496 3055 2559 αὐτὸς
3078 2496 3368 2566 ηὐδόκησε,
3409 2498 3502 2549 καὶ
3534 2496 3635 2549 ποῦ
3670 2498 3814 2549 ἔστιν

2225 2584 2253 2635 6
2286 2584 2417 2647 Θεὸς
2466 2586 2564 2656 τῆς
2613 2586 2998 2656 δικαιοσύνης;
3054 2605 3071 2638 ι
3125 2587 3484 2658 προαγορεύει
3530 2589 3816 2657 χρησίμως

2226 2678 2308 2731 ὃτι
2341 2678 2484 2733 κατὰ
2513 2680 2737 2750 καιροὺς
2767 2678 3067 2749 ὲπιλάμψει
3092 2680 3345 2749 Χριστὸς,
3376 2681 3404 2731 6
3450 2681 3630 2733 πᾶσαν
3658 2681 3819 2750 ἠμί-ἰν

2225 2771 2323 2841 τὴν
2357 2772 2633 2842 ἁμαρτίαν
2666 2772 2729 2825 ὲκ
2769 2772 2935 2842 μέσου
2970 2772 3159 2835 τιθεὶς,
3196 2774 3289 2825 καὶ
3321 2773 3631 2841 πανάγνους
3673 2775 3818 2825 ἀπο-

2227 2862 2395 2916 τελῶν
2446 2863 2569 2925 τοὺς
2618 2862 2779 2926 ἰδίους
2830 2865 3181 2934 ἱερουργοὺς,
3231 2865 3324 2915 καὶ
3373 2857 3483 2916 οἷον
3540 2864 3739 2933 χρυσὸν
3782 2862 3819 2932 ἧ

2227 2956 2465 3027 ἄργυρον
2506 2956 2564 3008 ὲν
2598 2958 2730 3027 πυρὶ
2770 2956 3082 3026 δοκιμάζων
3130 2957 3349 3019 αὐτοὺς,
3394 2958 3512 3027 ἦτοι
3557 2958 3822 3025 δοκίμους

2227 3047 2507 3101 ἀποτελῶν
2559 3049 2653 3101 καὶ
2708 3047 3254 3119 λελαμπρυσμένους.
3305 3048 3547 3100 Τοιοῦτοι
3598 3050 3707 3117 γὰρ
3740 3050 3824 3111 ὡς

2228 3140 2431 3192 ἐπίπαν
2461 3142 2561 3209 τῆς
2602 3140 2930 3209 Ἐκκλησίας
2976 3144 3024 3193 οἱ
3066 3140 3391 3211 λειτουργοὶ,
3420 3136 3499 3203 οἷς
3546 3139 3611 3193 ἂν
3639 3142 3824 3211 ἁρμό-

532 3243 710 3296 Aaron
763 3249 1039 3309 gestamen
1078 3247 1195 3290 erat
1244 3235 1382 3291 stola
1432 3234 1641 3304 legibus
1685 3234 2001 3305 praescripta
2054 3234 2118 3285 ".

2229 3248 2361 3296 σειε,
2398 3232 2491 3285 καὶ
2536 3232 2680 3302 μάλα
2709 3232 2955 3297 εἰκότως,
2995 3234 3172 3285 ἐκεῖνο
3204 3236 3381 3286 εἰπεῖν
3410 3234 3470 3286 τὸ
3513 3233 3604 3286 διὰ
3633 3235 3824 3303 φωνῆς

533 3329 767 3387 Seleetis
813 3340 993 3383 autem
1034 3328 1088 3381 in
1124 3327 1348 3381 Christo
1373 3335 1427 3380 et
1465 3325 1773 3380 sacerdotio
1817 3326 2118 3391 destinatis,

535 3426 908 3478 indumentum
959 3418 1338 3487 splendidum,
1365 3418 1702 3472 sacerdotale
1747 3427 1801 3471 et
1841 3425 2117 3482 sanctum,

532 3513 787 3568 Christus
819 3510 955 3580 ipse.
994 3508 1362 3575 Quamobrem
1404 3516 1456 3561 et
1488 3522 1582 3576 per
1623 3507 1793 3576 lyram
1835 3507 2121 3562 Psallentis

536 3610 676 3660 licus
732 3616 787 3658 et
842 3600 1006 3657 Pater
1062 3600 1127 3655 de
1184 3598 1428 3654 Ecclesia
1476 3614 1539 3652 ex
1588 3598 1839 3667 gentibus
1898 3598 2119 3653 aiebat:

538 3721 555 3750 ι
590 3696 914 3754 Sacerdotes
949 3694 1065 3764 ejus
1110 3694 1329 3747 induam
1379 3692 1642 3758 salutem,
1683 3701 1735 3746 et
1787 3692 1960 3748 sancti
2005 3691 2124 3761 ejus

533 3790 895 3846 exsultatione
943 3784 1297 3841 exsultabunt
1338 3783 1409 3835 ⁸³.
1446 3802 1463 3834 ι
1503 3783 1829 3837 Sanctorum
1860 3783 2004 3837 enim
2035 3798 2123 3836 sa-

532 3882 816 3937 cerdotum
845 3876 993 3930 salus
1025 3883 1079 3929 et
1116 3876 1491 3928 indumentum
1523 3872 1842 3927 admirabile
1877 3873 2126 3928 Christus

534 3983 651 4038 cst;
697 3971 808 4025 imo
838 3968 1035 4022 decens
1077 3966 1310 4019 amictus
1350 3964 1589 4020 omnium
1641 3964 1901 4018 lidelium.
1954 3964 2127 4031 «Qui-

534 4076 748 4132 cunque
804 4061 974 4126 enim,
1032 4058 1233 4127 inquit,
1286 4056 1336 4111 in
1393 4055 1616 4112 Christo
1665 4056 1922 4125 baptizati
1973 4058 2123 4126 estis,

531 4156 810 4212 Christum
843 4152 1092 4207 ittdttistis
1124 4150 1189 4202 “.
1224 4167 1242 4199 ι

2228 3324 2322 3377 τοῦ
2356 3326 2539 3391 Δαὸὶδ,
2572 3326 2653 3378 ὅτι
2684 3343 2702 3376 t
2752 3326 3113 3397 Ἐδοκίμασας
3141 3328 3310 3397 ἡμᾶς,
3342 3329 3369 3379 6
3397 3326 3550 3389 Θεὸς,
3595 3327 3827 3398 saepto-

2233 3434 2330 3480 σας
2363 3419 2507 3487 ἡμᾶς
2541 3418 2616 3480 ὡς
2647 3418 2913 3489 πυροῦται
2963 3419 3025 3471 τὸ
3074 3419 3357 3490 ἀργύριον.
3399 3439 3417 3471 ι
3449 3420 3677 3488 Φὸρημα
3721 3420 3825 3487 μὲν

2230 3508 2339 3579 γὰρ
2370 3512 2483 3572 τοῖς
2535 3509 2593 3575 ἐξ
2650 3509 2861 3581 Ἀαρὼν
2907 3513 2940 3581 ὴ
2990 3511 3131 3564 κατὰ
3176 3512 3338 3581 νόμον
3374 3509 3556 3579 στολή.
3596 3510 3722 3571 Τοῖς
3755 3528 3823 3575 γε

2204 3598 2338 3668 ,μὴν
2377 3598 2698 3663 ὰπολέκτοις
2747 3602 2805 3652 ἐν
2849 3600 3067 3671 Χριστῴ
3112 3603 3204 3654 καὶ
3232 3601 3587 3671 τεταγμένοις
3627 3601 3710 3663 είς
3743 3600 3831 3649 ξο-

2228 3692 2489 3761 ρουργίαν
2533 3691 2737 3761 ἄμφιὸν
2780 3693 2894 3744 ἐστι
2943 3691 3213 3765 λαμπρὸν,
3249 3692 3574 3763 ἱεροπρεπὲς
3618 3709 3679 3745 τε
3729 3692 3829 3745 καὶ

2228 3783 2572 3851 ἃγιον,αύτὸς
2601 3787 2628 3836 6
2650 3786 2905 3855 Χριστός.
2939 3784 3226 3857 Τοιγάρτοι
3253 3786 3345 3839 καὶ
3373 3785 3577 3853 ἔφασκε
3606 3786 3697 3838 διὰ
3720 3785 3830 3853 τῆς

2224 3875 2319 3927 τοῦ
2360 3876 2654 3945 ψάλλοντος
2687 3876 2855 3948 λύρας
2880 3877 2907 3927 6
2939 3877 3069 3941 Θεὸς
3102 3878 3193 3930 καὶ
3225 3878 3416 3948 Πατὴρ
3456 3877 3585 3945 περὶ
3613 3877 3713 3946 τῆς
3759 3872 3825 3933 ἐξ

2225 3965 2395 4021 ἐθνῶν
2447 3968 2774 4040 Ἐκκλησίας
2795 3984 2808 3995 ·
2847 3988 2865 4021 ι
2913 3969 3050 4032 Τοὺς
3081 3971 3246 4038 ἱερεῖς
3272 3970 3442 4040 αὐτῆς
3476 3968 3687 4021 ἐνδύσω
3716 3984 3827 4019 σω-

2224 4061 2448 4130 τηρίαν,
2498 4063 2593 4114 καὶ
2641 4065 2688 4115 οἱ
2723 4063 2859 4115 ὅσιοι
2890 4062 3059 4133 αὐτῆς
3098 4062 3417 4129 ἀγαλλιάσει
3456 4061 3828 4129 άγαλλιάσον-

2224 4170 2333 4205 ται.
2373 4174 2390 4205 ι
2425 4154 2677 4225 Σωτηρία
2698 4154 2807 4226 γὰρ
2854 4156 3016 4219 αὐτὸς
3057 4159 3085 4209 6
3129 4156 3363 4225 Χριστὸς
3402 4154 3512 4206 τῶν
3540 4154 3717 4221 ἁγίων
3750 4156 3828 4205 ἰε-

536 4247 804 4321 ρουργῶν,
829 4247 1033 4317 ἄμφιον
1062 4242 1122 4295 τὸ
1149 4240 1500 4309 αξιάγαστον,
1532 4239 1734 4310 μᾶλλον
1757 4240 1813 4293 δὲ
1839 4242 1930 4294 καὶ
1958 4241 2167 4313 πρέπον
2204 4244 2312 4298 τῶν
2361 4248 2823 4302 πεπιστευκότων.
2855 4268 2871 4298 t
2912 4249 3067 4301 Ὂσοι
3093 4250 3222 4320 γὰρ,
3251 4250 3433 4318 φησὶν,
3470 4248 3551 4310 είς
3581 4246 3828 4318 Χριστὸν

535 4340 919 4410 ἐϐαπτίσθητε,
954 4336 1189 4407 Χριστὸν
1221 4332 1567 4387 ἐνεδύσασθε.
1612 4352 1630 4385 ›

603 4434 771 4488 Vsus.
803 4434 858 4486 4.
900 4429 971 4483 Et
1014 4438 1165 4484 erunt
1200 4427 1429 4481 Domino
1476 4427 1751 4495 offerentes
1795 4428 2119 4496 sacriﬁcium

2298 4423 2406 4479 Kal
2436 4423 2683 4477 ἔσονται
2712 4424 2790 4489 τῷ
2828 4426 3016 4493 Κυρίῳ
3047 4426 3457 4495 προσάγοντες
3490 4429 3719 4482 θυσίαν
3754 4432 3825 4483 ἐν

536 4525 847 4595 injustitia.
881 4522 945 4575 Et
970 4519 1194 4588 placebit
1238 4518 1463 4571 Domino
1493 4519 1817 4586 sacriﬁcium
1849 4520 2026 4584 Judu,
2072 4530 2122 4574 et

535 4615 832 4670 Jerusalem
857 4614 987 4667 sicut
1016 4614 1125 4665 dies
1163 4610 1344 4664 saeculi
1371 4621 1416 4664 et
1449 4611 1584 4663 sicut
1608 4610 1735 4663 anni
1765 4614 1984 4679 priores.

610 4794 827 4852 XXXV.
871 4792 1371 4857 Consecrabuntur,
1403 4791 1597 4861 inquit,
1640 4790 1748 4845 Deo
1782 4808 1796 4845 :
1841 4792 1942 4846 hoc
1978 4794 2121 4848 enim

537 4903 666 4962 puto
682 4890 784 4945 sibi
816 4886 970 4952 velle,
999 4904 1019 4937 ι
1045 4887 1218 4941 Erunt
1238 4885 1347 4939 Deo
1376 4884 1688 4940 olI‘et-entes.
1718 4904 1737 4938 ι
1768 4884 2123 4943 Consecrabi-

537 5000 658 5040 mur
698 4984 830 5049 Deo,
871 4981 915 5036 si
949 4979 1181 5050 amplius
1223 4978 1380 5032 nobis
1413 4992 1517 5031 non
1552 4977 1822 5042 vivamus,
1863 4988 1918 5035 et
1948 4981 2124 5035 modis

537 5076 791 5130 otnnibus
821 5072 1147 5128 charitatem
1175 5084 1302 5135 erga
1337 5068 1484 5123 illum
1518 5070 1852 5136 excolamus,
1890 5071 2124 5142 totisque

537 5170 744 5223 viribus
806 5166 972 5234 probe
1025 5173 1285 5233 praestare
1349 5162 1634 5230 cupiamus
1690 5176 1811 5231 quae
1856 5163 1945 5217 ille
1987 5163 2121 5221 vult.

539 5261 669 5314 'I‘ale
692 5260 817 5329 quid
844 5259 1009 5313 etiam
1036 5257 1250 5311 divinus
1278 5254 1478 5308 Paulus
1502 5254 1566 5308 de
1596 5256 1835 5309 omnium
1871 5266 2119 5311 nostrum

540 5347 824 5405 Salvatore
846 5349 1064 5402 Christo
1095 5369 1107 5403 ;
1141 5365 1159 5397 ι
1199 5343 1350 5400 Unus
1379 5342 1525 5397 enim
1556 5357 1652 5411 pro
1682 5344 1935 5398 omnibus
1968 5357 2119 5396 mor~

544 5452 666 5491 tuus
694 5448 794 5499 est,
825 5449 882 5490 ut
916 5449 970 5491 et
997 5439 1087 5506 qui
1124 5440 1311 5491 vivunt
1336 5437 1448 5504 jam
1496 5450 1601 5489 non
1639 5435 1741 5489 sibi
1781 5436 1986 5500 vivant,
2024 5434 2119 5487 sed

542 5530 592 5582 ci
630 5530 718 5596 qui
757 5543 850 5594 pro
883 5529 1010 5596 ipsis
1045 5535 1288 5583 mortuus
1321 5535 1479 5580 estet
1514 5527 1813 5581 resurrexit
1841 5527 1907 5580 ".
1938 5543 1955 5577 ι
2000 5524 2122 5579 Suae

646 5728 691 5755 ⁸⁸
729 5724 883 5775 Ilum.
919 5740 990 5781 ιτ,
1018 5722 1223 5782 21.22.
1303 5723 1344 5751 ⁸⁷
1370 5721 1557 5775 Mulli).
1583 5737 1663 5781 ttt.
1698 5720 1783 5774 II.

543 5816 663 5859 ur,
705 5800 787 5850 tu.
870 5796 908 5821 ”
939 5794 1104 5847 LCHl.
1142 5808 1249 5858 λιι,
1290 5792 1376 5844 52.
1458 5791 1501 5822 ε’
1536 5791 1678 5847 l‘szti.
1711 5807 1895 5858 cxxxt,
1932 5796 2015 5847 Μ.

1862 5723 1908 5754 ⁸⁸
1930 5722 2059 5777 Luc.
2100 5738 2196 5785 xu,
2225 5723 2310 5776 49.
2390 5722 2435 5753 ⁵⁸
2463 5720 2691 5777 Malaclt.
2728 5722 2896 5783 ",17.

2093 5794 2137 5825 ⁸⁵
2184 5797 2359 5848 (inlati.
2394 5809 2476 5859 Ill,
2502 5794 2590 5847 ‘27.

2227 4515 2607 4584 δικαιοσύνῃ.
2641 4518 2743 4570 Kal
2786 4517 2989 4585 ἀρέσει
3026 4518 3106 4582 τῷ
3145 4518 3337 4584 Κυρίῳ
3367 4519 3555 4570 θυσία
3600 4520 3821 4577 Ἰούδα.

2227 4611 2325 4664 καὶ
2365 4611 2761 4679 Ἰερουσαλὴμ
2790 4610 2982 4676 καθὼς
3015 4614 3073 4664 al
3098 4609 3308 4678 ἡμέραι
3345 4610 3449 4663 τοῦ
3479 4609 3697 4678 αἰῶνος
3721 4615 3820 4666 καί

2228 4700 2421 4766 καθὼς
2452 4701 2523 4754 τὰ
2552 4702 2657 4769 ἔτη
2688 4703 2757 4755 τὰ
2794 4702 3152 4770 ἔμπροσθεν.
3762 4692 3763 4695 ¹

2298 4794 2422 4845 ΛΕ’.
2479 4794 2903 4855 Ἀνακείσονται,
2963 4795 3115 4862 φησὶ,
3172 4793 3251 4863 τῷ
3295 4794 3447 4864 Θεῷο
3495 4795 3656 4849 τοῦτο
3712 4797 3823 4865 γὰρ

2226 4882 2376 4957 οἶμαι
2402 4888 2487 4947 τὸ,
2513 4907 2531 4936 1
2568 4889 2823 4940 Ἔσονται
2854 4886 2930 4957 τῷ
2957 4887 3146 4957 Κυρίῳ
3173 4888 3565 4957 προσάγοντες.
3602 4908 3620 4938 ι
3660 4880 3821 4941 Ἀνα-

2232 4976 2531 5047 κεισόμεθα
2580 4978 2637 5029 δὲ
2684 4977 2760 5046 τῷ
2806 4976 2946 5046 Θεῷ,
2984 4976 3185 5040 ζῶντες
3218 4979 3317 5047 μὲν
3358 4979 3573 5042 ἑαυτοῖς
3611 4980 3817 5041 οὐκέτι,

2233 5066 2619 5136 προσκείμενοι
2645 5065 2701 5119 δὲ
2726 5067 3033 5137 ὁλοτρόπως
3072 5068 3162 5119 καὶ
3198 5070 3261 5138 τῇ
3295 5069 3383 5137 ,είς
3410 5069 3576 5121 αὑτὸν
3606 5068 3816 5136 ἀγάπῃ,

2232 5156 2323 5207 καὶ
2378 5156 2540 5209 παντὶ
2589 5156 2653 5227 δὴ
2707 5157 2883 5208 σθένει
2933 5157 3236 5226 κατορθοῦν
3289 5159 3558 5229 ᾑρημένοι
3598 5160 3665 5211 τὰ
3702 5160 3819 5217 to};

2241 5245 2401 5309 θείοις
2448 5245 2611 5299 αὐτοῦ
2657 5246 2917 5301 δοκοῦντα
2964 5248 3247 5317 νεύμασιν.
3300 5251 3443 5320 Ἔφη
3484 5266 3537 5303 τι
3575 5247 3817 5302 τοιοῦτον

2236 5342 2329 5393 καὶ
2354 5341 2382 5392 6
2412 5338 2696 5402 θεσπέσιος
2727 5339 2935 5403 Παῦλος
2977 5343 3105 5411 περὶ
3130 5341 3224 5393 τοῦ
3254 5343 3475 5395 πάντων
3504 5343 3654 5413 ἡμῶν
3693 5340 3817 5393 Zm-

2239 5434 2399 5502 τῆρος
2448 5432 2719 5503 Χριστοῦ·
2761 5451 2778 5483 ι
2817 5428 2911 5495 Εἷς
2952 5434 3059 5505 γὰρ
3092 5435 3230 5505 ὑπὲρ
3271 5435 3495 5487 πάντων
3522 5435 3810 5491 ἀπέθανεν.

2237 5523 2323 5577 ἵνα
2355 5526 2403 5576 oi.
2452 5524 2650 5588 ζῶντες
2693 5526 2887 5596 μηκέτι
2929 5527 3139 5589 ἑαυτοῖς
3175 5526 3359 5593 ζῶσιν,
3398 5528 3531 5580 ἀλλὰ
3563 5525 3636 5595 τῷ
3666 5522 3813 5590 ὑπὲρ

2976 5723 3020 5755 ⁸ο
3055 5722 3283 5778 Zachar.
3311 5739 3431 5789 xm,
3472 5722 3521 5777 9.
3594 5716 3803 5771 "Psal.

2674 5796 2715 5824 ⁸³
2744 5794 2786 5846 II
2821 5795 2945 5847 Cor.
2989 5811 3036 5864 ν,
3084 5794 3165 5853 15,
