4026 6276
251 324 334 378 ’537
1028 322 1575 380 COMMENTARIUS
1612 325 1676 380 IN
1721 324 2130 380 MALACHIAM
2172 320 2620 377 PROPHETAM.
3370 317 3486 370 5'53.

248 437 390 492 αὐτῶν
417 436 741 489 ἀποθανόντι
789 436 885 490 καὶ
912 438 1210 508 ἐγερθέντι.
1256 461 1274 492 ι
1316 443 1698 512 Καταγράςων
1732 444 1789 496 δὲ
1820 451 1838 506 Α

1895 454 2073 500 autem
2109 439 2538 498 conversationis
2575 435 2897 503 bonitatem,
2922 443 2976 489 et
3001 435 3108 490 vim
3130 449 3195 490 ac
3225 435 3473 488 virtutem

248 533 353 599 ἡμῖν
375 529 562 599 ὥσπερ
591 527 692 597 τῆς
726 526 919 580 ἑαυτοῦ
951 529 1221 593 πολιτείας
1242 532 1301 584 τὸ
1332 533 1546 596 κάλλος,
1578 536 1672 586 καὶ
1696 533 1790 586 τοῦ

1901 535 2142 607 mysterii
2199 531 2398 588 Christi
2460 525 2860 598 quodammodo
2918 525 3080 584 nobis
3139 525 3491 589 describens,

245 621 358 674 κατὰ
402 620 638 690 Χριστὸν
673 621 969 691 μυστηρίου
1019 623 1118 691 τὴν
1143 622 1370 694 δύναμιν
1403 627 1618 695 ἐμφανῆ
1657 627 1791 680 καθ-

1894 642 2108 682 rursum
2143 625 2357 694 inquit:
2402 641 2422 675 ι
2460 621 2678 677 Christo
2709 618 2954 673 conﬁxus
2997 633 3117 672 sum
3148 618 3316 671 cruci.
3345 615 3477 670 Vivo

248 712 400 776 ιστὰς,
437 711 543 781 ἔφη
601 711 806 768 ,πάλιν
851 730 870 761 ι
920 714 1143 784 Χριστῷ
1191 717 1660 788 συνεσταύρωμαι.
1708 721 1794 772 Ζῶ

1900 729 2074 772 autem
2099 715 2211 783 jam
2242 733 2346 769 Πυιι
2373 729 2492 783 ego,
2528 714 2662 766 vivit
2682 726 2812 765 vero
2835 711 2887 764 in
2922 722 3006 763 me
3030 706 3300 762 Christus.
3326 706 3490 773 Quod.

242 805 288 857 δὲ
317 803 481 856 οὐκέτι
509 801 636 871 ἐγὼ,
671 803 735 873 ζῇ
763 802 819 855 δὲ
855 804 912 856 ὲν
947 806 1069 874 ἐμοὶ
1099 807 1352 876 Χριστός.
1399 810 1464 860 Ὃ
1496 808 1553 861 δὲ
1587 809 1681 862 νῦν
1717 808 1794 874 ζῶ

1893 816 2074 874 autem
2118 819 2261 859 nunc
2306 803 2432 858 vivo
2471 802 2526 856 in
2566 816 2751 864 carne,
2783 800 2843 853 in
2882 799 2988 852 ﬁde
3029 798 3153 852 vivo
3197 796 3318 851 Filii
3362 795 3477 858 Dei,

244 900 292 948 ἐν
319 898 484 964 σαρκὶ,
514 897 571 948 ὲν
605 897 786 949 πίστει
832 896 910 959 ζῶ
935 901 1000 968 τῇ
1040 898 1135 951 τοῦ
1178 900 1306 952 Υίοῦ
1339 901 1497 962 Θεοῦ,
1531 902 1624 954 τοῦ
1657 904 1794 970 ἀγα-

1895 898 1986 967 qui
2021 897 2211 952 dilexit
2240 911 2324 950 me
2355 902 2410 949 et
2445 893 2668 948 tradidit
2699 891 3052 959 semetipsum
3097 903 3196 958 pro
3227 902 3331 941 me.
3361 884 3477 939 Non

247 989 483 1056 πήσαντός
512 1005 580 1057 με
616 990 710 1041 καὶ
733 989 1062 1059 παραδόντος
1090 992 1282 1044 ἑαυτὸν
1313 991 1454 1062 ὑπὲρ
1480 993 1637 1062 ἐμοῦ.
1679 995 1793 1047 Οὐκ

1895 989 2092 1056 abjicio
2144 987 2371 1058 gratiam
2414 986 2506 1040 Dei
2556 987 2621 1040 “.
2657 1005 2674 1036 ι
2725 984 2808 1037 Ait
2859 983 3043 1053 igitur,
3104 999 3122 1032 ι
3154 980 3328 1034 Erunt
3372 979 3480 1034 Deo

246 1079 389 1132 ἀθετῶ
411 1081 510 1150 τὴν
525 1082 683 1150 χάριν
708 1079 802 1132 τοῦ
832 1080 984 1134 Θεοῦ.
1003 1100 1122 1132 ι-ι
1138 1083 1392 1136 Ἔσονται
1415 1083 1476 1154 δὴ
1499 1080 1612 1150 οὖν,
1637 1087 1790 1155 φησι,

1897 1080 2205 1142 offerentes,
2228 1097 2246 1130 ι
2289 1079 2390 1134 hoc
2420 1084 2506 1130 est
2531 1076 2649 1145 ejus
2692 1074 2958 1129 voluntati
2995 1070 3479 1127 consecrabuntur.

247 1173 580 1240 προσάγοντες
601 1172 680 1241 τῷ
703 1172 910 1242 Κυρίῳ,
945 1193 963 1225 ι
1001 1173 1267 1237 τουτέστι,
1297 1177 1406 1237 τοῖς
1438 1176 1602 1229 αὐτοῦ
1635 1177 1793 1248 θελή-

1896 1171 2010 1226 Non
2053 1179 2267 1225 terrena
2312 1168 2590 1236 sapientes
2627 1166 2704 1233 ";
2742 1180 2848 1220 non
2886 1179 2956 1219 ex
2991 1162 3272 1232 iniquitate
3301 1159 3481 1229 inqui-

245 1279 354 1334 μασι
392 1264 791 1328 ἀνακείσονται,
837 1265 896 1316 οὐ
939 1262 1008 1315 τὰ
1053 1264 1270 1332 ἐπίγεια
1323 1265 1676 1335 φρονοῦντες,
1732 1269 1793 1321 οὐ

1895 1272 2154 1318 namenta
2209 1261 2534 1330 diligentes,
2610 1273 2720 1312 non
2781 1255 3109 1326 quibusdam
3171 1251 3483 1322 praecellere

241 1354 348 1416 τοὺς
366 1353 423 1404 ἐκ
445 1354 543 1422 τῆς
565 1352 777 1414 ἀδικίας
801 1351 1122 1420 ἀγαπῶντες
1158 1353 1486 1422 μολυσμους,
1520 1356 1580 1407 οὐ
1607 1356 1794 1409 πλεον-

1897 1354 2234 1416 aﬂ‘ectantes,
2268 1353 2362 1408 sed
2396 1348 2666 1406 sacriﬁcia
2701 1349 2882 1418 potius
2916 1348 3138 1416 justitia:
3166 1345 3477 1401 offerentes.

239 1443 370 1509 εξίαν
406 1444 505 1514 τὴν
544 1445 686 1497 κατὰ
720 1462 883 1498 τινων
921 1447 1084 1515 τιμᾷν
1112 1446 1399 1516 ᾑρημένοι,
1431 1446 1794 1517 προσάγοντες

1895 1447 1974 1502 Ac
1993 1447 2120 1500 mihi
2142 1444 2358 1516 quidem
2377 1442 2779 1513 sapientissime
2793 1441 2994 1496 Paulus
3009 1440 3210 1495 dixisse
3229 1441 3445 1494 videtur
3464 1456 3477 1490 :

237 1537 288 1588 δὲ
317 1535 500 1605 μᾶλλον
535 1535 719 1599 θυσίας
755 1536 1120 1607 δικαιοσύνης.
1158 1536 1268 1589 Καί
1305 1553 1395 1606 μοι
1441 1537 1588 1590 δοκεῖ
1618 1539 1795 1607 σοφῶς

1905 1557 1923 1590 ι
1954 1538 2240 1593 Translato
2292 1538 2437 1591 enim
2487 1535 2824 1600 sacerdotio,
2887 1532 3199 1588 necessario
3247 1541 3304 1586 ct
3353 1531 3485 1600 legis

237 1626 294 1696 δὴ
323 1628 428 1679 λίαν
459 1629 488 1679 ὁ
518 1627 727 1691 Παῦλος
759 1629 935 1681 εἰπεῖν
955 1645 967 1658 ·
1007 1646 1024 1678 ι
1075 1628 1520 1699 Μετατιθεμένης
1549 1631 1659 1702 γὰρ
1696 1633 1796 1703 τῆς

1902 1629 2185 1684 translatio
2209 1626 2355 1682 ﬁt“.
2395 1646 2413 1679 ι
2442 1627 2575 1680 Nam
2613 1627 2703 1695 qui
2728 1626 2782 1679 in
2813 1623 3037 1679 Christo
3063 1622 3242 1677 vocati
3276 1614 3483 1688 sumtis,

240 1718 537 1789 ἱερωσύνης,
561 1720 620 1783 ἐξ
635 1719 878 1789 ἀνάγκης
900 1719 992 1772 καὶ
1013 1719 1174 1789 νόμου
1204 1721 1489 1790 μετάθεσις
1511 1721 1741 1788 γίνεται.
1770 1743 1791 1775 ι

1900 1720 2148 1790 quamvis
2189 1718 2515 1773 sacriﬁcium
2560 1732 2656 1788 per
2692 1716 3010 1786 sanguinem
3047 1724 3100 1769 et
3130 1714 3336 1769 fumum
3379 1728 3481 1766 non

237 1778 414 1879 Προσίε
425 1778 658 1882 μεν-γαρ
694 1778 1087 1881 οίπένθίριστῷ
1116 1778 1445 1881 κεκλημένοι
1462 1778 1606 1882 ίερου
1617 1813 1794 1882 ργίας,

1901 1812 2272 1874 admittamus,
2311 1808 2479 1880 854
2509 1823 2606 1864 nec
2641 1822 2810 1873 agnos
2836 1816 2930 1860 aut
2966 1806 3146 1860 hircos
3170 1805 3491 1867 oll‘eramus,

235 1898 295 1950 δι’
324 1899 560 1968 αἱμάτων
584 1902 682 1967 μὲν
707 1899 886 1952 οὐκέτι
915 1901 1008 1954 καὶ
1038 1901 1282 1962 καπνῶν,
1308 1901 1429 1955 οὔτε
1461 1902 1568 1973 μὴν
1595 1905 1799 1973 ἀμνοὺς

1904 1913 2083 1959 tamen
2117 1903 2167 1957 in
2205 1901 2444 1955 Ecclesia
2468 1900 2760 1961 sacriﬁcio,
2786 1901 2931 1968 quod
2955 1898 3008 1952 in
3041 1897 3260 1952 Christo
3291 1896 3485 1950 intelli-

235 1990 264 2059 ἢ
310 1989 518 2059 ἐρίφους
568 1991 1010 2061 προσκομίζομεν
1061 1993 1140 2061 τῷ
1188 1991 1331 2062 Θεῷ,
1383 1991 1696 2063 πληροῦμεν
1743 1993 1799 2046 δὲ

1901 1997 2065 2067 gitur,
2103 2003 2294 2050 sancto
2317 2002 2370 2048 et
2397 1992 2663 2062 spirituali
2697 1991 2996 2061 fungimur,
3032 2000 3087 2046 et
3124 1990 3297 2059 ipsum
3335 1990 3486 2043 nobis

238 2080 422 2148 μᾶλλον
455 2083 512 2133 ὲν
558 2081 855 2154 Ἐκκλησία
894 2084 989 2153 τὴν
1022 2085 1087 2138 ’ἐν
1117 2083 1338 2154 Χριστῷ
1379 2084 1677 2155 νοουμένην
1711 2085 1803 2138 θυ-

1903 2087 1970 2142 ad
2032 2085 2522 2142 sanctiﬁcationem
2577 2092 2631 2138 et
2698 2081 2767 2137 ad
2829 2081 3298 2151 participationem
3364 2080 3487 2134 vitae

235 2172 371 2235 σίαν,
401 2173 498 2242 τὴν
528 2173 688 2240 ἁγίαν
723 2174 814 2226 καὶ
845 2175 1238 2246 πνευματικὴν,
1264 2177 1357 2228 καὶ
1385 2175 1546 2228 αὐτὸν
1574 2171 1802 2246 προθένξ

1903 2186 2119 2232 πίει-ηαξ
2162 2185 2549 2246 proponentes,
2583 2175 2732 2229 velut
2763 2183 3028 2245 praestans
3064 2173 3334 2243 quoddam
3371 2174 3490 2243 thy-

234 2278 322 2324 τες
367 2263 440 2324 εἰς
474 2263 743 2332 ἁγιασμὸν
775 2264 870 2316 καὶ
906 2264 1090 2333 μέντοι
1120 2266 1213 2318 καὶ
1253 2267 1332 2328 είς
1378 2267 1676 2336 μετάληψιν
1705 2268 1803 2336 τῆς

1905 2269 2104 2323 miama
2149 2269 2414 2322 bonorum
2461 2279 2685 2334 operum
2731 2264 3058 2332 fragrantias
3085 2262 3382 2317 olIerimus.
3424 2262 3490 2317 Et

235 2349 496 2438 sij‘ait‘bva
527 2350 688 2420 ζωῆς,
707 2352 956 2422 καθάπερ
990 2353 1264 2424 ἐξαίρετόν
1281 2373 1331 2407 τι
1359 2355 1610 2426 θυμίαμα
1624 2356 1723 2420 τὰς
1747 2357 1805 2420 εξ

1909 2360 2173 2430 iuStitiam
2201 2359 2249 2412 ei
2279 2356 2674 2421 sacriﬁcantes,
2711 2368 2810 2410 nos
2841 2365 3094 2425 acceptos
3128 2353 3245 2409 fore
3273 2353 3499 2412 conlidi:-

235 2443 404 2512 ἱργων
437 2442 653 2509 ἀγαθῶν
704 2445 1142 2515 προσκομίζομεν
1173 2446 1418 2510 εὐωδίας.
1457 2448 1564 2499 Καὶ
1587 2447 1803 2512 θύοντες

1907 2466 2048 2505 mus.
2089 2448 2362 2518 Scriptum
2397 2459 2479 2503 est
2517 2449 2663 2503 enim
2707 2467 2721 2504 :
2776 2468 2794 2500 ι
2841 2446 3058 2503 Honora
3105 2449 3387 2503 Dominum
3426 2449 3493 2503 de

235 2532 378 2601 αὐτῷ
409 2533 504 2603 τὴν
537 2533 903 2604 δικαιοσύνην,
950 2537 1031 2588 ὅτι
1072 2537 1168 2589 καὶ
1215 2537 1452 2606 ἐσόμεθα
1495 2538 1674 2590 δεκτοὶ
1714 2555 1803 2591 τε-

1910 2543 2018 2598 tuis
2073 2541 2237 2610 justis
2289 2541 2586 2607 laboribus,
2635 2550 2688 2595 et
2730 2540 2998 2610 primitias
3056 2541 3130 2595 da
3179 2541 3229 2596 ei
3272 2540 3341 2596 de
3389 2542 3493 2594 tuis

237 2627 606 2694 θαρσὴκαμεν.
633 2627 949 2696 Γέγραπται
979 2628 1108 2698 γὰρ,
1134 2630 1214 2681 ὅτι
1249 2649 1266 2680 ι
1301 2630 1448 2700 Τίμα
1478 2631 1566 2684 τὸν
1603 2631 1807 2702 Κύριον

1912 2634 2179 2690 fructibus
2212 2633 2442 2701 justitire
2474 2634 2538 2687 θ’.
2577 2651 2596 2685 ι
2632 2633 2687 2686 In
2737 2632 2900 2687 nullis
2931 2632 3102 2698 enim,
3128 2631 3342 2701 Opinor,
3374 2631 3502 2685 aliis.

239 2715 344 2769 ἀπὸ
366 2717 469 2768 σῶν
501 2715 722 2769 δικαίων
746 2718 943 2782 πόνων,
986 2721 1079 2772 καὶ
1106 2721 1354 2790 ἀπάρχου
1383 2722 1528 2792 αὐτῷ
1561 2723 1668 2776 ἀπὸ
1700 2723 1808 2777 σῶν

1911 2742 2070 2791 quam
2093 2728 2145 2781 in
2167 2729 2283 2781 istis
2303 2725 2590 2781 sacriﬁciis
2610 2725 2985 2794 universorum
3009 2723 3150 2779 Deus
3173 2723 3491 2792 acquiescit.

240 2802 456 2870 καρπῶν
495 2802 858 2874 δικαιοσύνης.
904 2825 922 2857 ι
963 2806 1349 2876 Εὐαρεστεῖται
1396 2811 1502 2880 γὰρ
1550 2813 1648 2881 οὐχ
1693 2813 1810 2865 ἑτέ-

1913 2819 2094 2885 Quare
2126 2819 2314 2873 de‘his
2353 2819 2445 2887 qui
2477 2818 2530 2870 in
2562 2816 2782 2872 Christo
2809 2817 2876 2870 ad
2915 2816 3282 2872 sacerdotium
3319 2817 3496 2871 vocati

245 2908 372 2958 ραις,
411 2888 585 2960 οἶμαι,
621 2892 830 2956 θυσίαις
866 2894 1002 2964 πλὴν
1040 2897 1119 2949 ὅτι
1156 2898 1432 2961 τοιαύταις
1474 2902 1502 2952 ὁ
1534 2899 1642 2952 τῶν
1672 2901 1810 2954 ὅλων

1914 2920 2060 2978 sunt,
2086 2911 2336 2966 meliores
2357 2910 2470 2965 fore
2492 2911 2568 2963 ait
2586 2909 2856 2977 pri‘nribus
2877 2927 2891 2976 ;
2913 2924 3023 2964 non
3045 2924 3172 2964 oves
3197 2918 3499 2965 mactantec

239 2981 382 3044 Θεὸς.
419 2983 563 3053 Ἔφη
593 2983 772 3038 τοίνυν
820 2986 950 3057 περὶ
979 2987 1086 3039 τῶν
1133 2991 1190 3042 ἐν
1216 2991 1434 3061 Χριστῷ
1463 2993 1813 3062 κεκλημένων

1915 3011 1974 3056 ιιι
2015 3003 2118 3066 illi,
2147 3017 2249 3058 nec
2296 3004 2472 3058 altare
2515 3001 2951 3058 contaminantes
2999 3001 3270 3057 oblatione
3296 3016 3496 3070 panum

237 3075 316 3135 εἰς
342 3075 670 3143 ίερουργίαν,
697 3076 772 3140 ὡς
803 3077 1056 3146 ἀμείνους
1089 3079 1294 3134 ἔσονται
1330 3082 1438 3134 τῶν
1468 3082 1718 3153 πρώτων,
1749 3084 1810 3135 οὐ

1918 3081 2274 3166 pollutarum;
2327 3095 2422 3152 sed
2464 3105 2524 3150 ut
2579 3111 2675 3165 pro
2705 3094 3074 3164 thymiamatis
3121 3095 3236 3148 sive
3265 3094 3499 3148 incensis

239 3164 715 3234 μηλοσφαγοῦντες
745 3171 866 3221 κατ’
885 3166 1146 3234 ἐκείνους,
1169 3172 1290 3224 οὐτε
1324 3173 1428 3242 μὴν
1456 3173 1810 3244 βεϐηλοῦντες

1919 3164 2028 3242 Deo
2064 3188 2330 3255 justitiam
2380 3195 2432 3242 et
2465 3164 2794 3258 evangelicae
2849 3184 3318 3249 conversationis,
3377 3198 3499 3253 quae

233 3257 294 3308 τὸ
331 3256 708 3327 θυσιαστήριον
745 3258 832 3310 διὰ
860 3259 918 3312 τὸ
960 3262 1255 3330 προσάγειν
1290 3262 1483 3331 ἄρτους
1515 3264 1816 3335 ἠλισγημέ-

1918 3279 2138 3346 intelligi
2171 3280 2342 3345 magis
2371 3293 2534 3348 quam
2561 3256 2732 3334 oculis
2753 3277 2901 3333 cerni
2928 3285 3128 3344 potest,
3163 3275 3497 3330 moderatio-

233 3364 357 3408 νους
379 3363 391 3376 ·
441 3347 556 3400 ἀλλ’
587 3348 660 3410 ὡς
691 3349 747 3400 ὲν
773 3351 924 3414 τάξει
953 3351 1313 3420 θυμιαμάτων
1356 3355 1814 3424 προσκομίζοντες

1917 3385 2041 3424 nem
2074 3368 2383 3424 oll‘erentes.
2416 3369 2530 3436 Qua
2567 3369 2784 3438 quidem
2822 3370 3032 3424 ratione
3076 3368 3282 3423 cultum
3329 3380 3490 3420 acce-

227 3437 311 3506 τῷ
343 3437 459 3506 Θεῷ
511 3438 599 3508 τὴν
629 3439 972 3508 δικαιοσύνην
1006 3443 1098 3493 καὶ
1131 3442 1228 3510 τῆς
1259 3444 1620 3514 εὐαγγελικῆς
1667 3445 1817 3499 πολι·-

1918 3462 2174 3531 ptabilem
2206 3460 2461 3525 eﬁicient,
2505 3469 2563 3515 ut
2587 3437 2741 3515 nullo
2769 3461 2932 3516 modo
2957 3461 3123 3516 distet
3151 3475 3180 3514 a
3209 3458 3503 3516 sacriﬁciis

227 3529 380 3592 τείας
408 3529 506 3599 τὴν
536 3530 730 3600 νοητὴν
763 3531 1077 3601 εὐκοσμίαν.
1112 3533 1527 3604 Εὐπαράδεκτον
1559 3537 1615 3590 δὲ
1644 3536 1816 3601 οὕτως

1919 3569 2041 3621 quae
2076 3553 2269 3609 decent
2303 3553 2419 3608 dies
2460 3553 2666 3617 seculi,
2709 3554 2810 3607 hoc
2839 3562 2942 3620 est,
2975 3567 3004 3607 a
3044 3553 3156 3606 vita
3197 3551 3499 3607 caelestium

226 3621 608 3674 ὲπιτελέσουσι
644 3623 741 3693 τὴν
773 3624 1048 3693 λατρείαν,
1090 3625 1166 3688 ὡς
1199 3627 1336 3679 κατὰ
1387 3628 1590 3697 μηδένα
1619 3631 1816 3700 τρόπον

1920 3652 2338 3712 sanctorumque
2375 3641 2688 3710 spirituum,
2740 3642 2830 3710 qui
2883 3649 3172 3711 perpetuos
3213 3650 3269 3694 et
3312 3639 3501 3709 longos

223 3709 479 3762 ἀπωθεῖν
511 3711 678 3781 αὐτὴν
707 3711 813 3764 τῶν
847 3714 1170 3782 πρεπουσῶν
1201 3714 1398 3770 θυσιῶν
1432 3721 1552 3781 ταῖς
1582 3721 1813 3789 ἡμέραις

1922 3734 2037 3789 dies
2074 3733 2190 3789 sive
2231 3709 2472 3803 tempora
2516 3709 3040 3803 deguntaReditura
3084 3732 3212 3788 item
3261 3739 3505 3797 tempora

217 3804 324 3856 τοῦ
353 3805 572 3870 αἰῶνος,
603 3807 898 3869 τουτέστιν,
931 3811 997 3878 τῇ
1029 3807 1137 3878 ζωῇ
1169 3809 1274 3861 τῶν
1300 3812 1356 3862 ἐν
1377 3812 1622 3882 οὐρανοῖς
1649 3815 1807 3882 ἁγίωι

2018 3842 2039 3880 e
2066 3826 2268 3880 fuerint
2301 3835 2428 3880 ante
2459 3825 2598 3889 illos,
2628 3826 2732 3879 hoc
2761 3833 2865 3888 est,
2892 3825 3072 3879 cultus
3096 3838 3161 3878 ac
3185 3821 3503 3892 religionem
3604 3893 3608 3899 ι

219 3897 588 3964 πνευμάτων,
612 3896 660 3948 οἳ
683 3897 948 3967 διηνεκεῖς
968 3901 1060 3952 καὶ
1080 3901 1296 3970 μακρὰς
1324 3903 1567 3972 τρίϐουσι
1583 3906 1809 3976 ἡμέρας1

1923 3931 1954 3970 a
2005 3916 2209 3970 sanctis
2241 3914 2390 3984 .olim
2450 3915 2561 3969 Deo
2607 3915 2930 3970 exhibitam.
2983 3913 3294 3968 Priscorum
3356 3914 3509 3966 enim

213 3991 347 4058 ἤτοι
384 3990 633 4058 χρόνους.
669 3989 1072 4059 Περισσοῦσθαι
1096 3993 1150 4045 δὲ
1176 3995 1417 4057 καὶτοὺς
1450 3997 1674 4066 χρόνους
1694 3999 1803 4060 τοὺς

1925 4005 2095 4074 gloria
2133 4015 2188 4058 et
2218 4004 2506 4060 celebritas
2539 4005 2636 4058 fuit
2674 4005 2728 4059 in
2752 4003 3082 4058 obedientia.
3113 4002 3203 4058 Sic
3229 4002 3501 4057 Abraham

216 4081 574 4151 ἔμπροσθεν,
628 4082 892 4148 τουτέστι,
946 4085 1044 4148 τὰς
1093 4085 1202 4138 τῶν
1247 4087 1417 4154 ἁγίων
1468 4089 1806 4159 λατρείας,α⁴

1924 4095 2120 4150 obtulit
2167 4096 2334 4149 lilium
2387 4096 2516 4161 Deo,
2557 4114 2574 4147 t
2615 4095 2680 4149 Et
2728 4105 2979 4165 reputata
3020 4103 3104 4150 est
3149 4094 3198 4148 ei
3254 4094 3390 4148 ﬁdes
3437 4094 3507 4146 ad

219 4175 382 4226 κατὰ
424 4174 646 4244 χρόνους
676 4175 930 4244 γεγόνασι
963 4178 1088 4240 τοὺς
1125 4178 1452 4249 ἔμπροσθεν.
1493 4181 1684 4250 Γέγονε
1715 4184 1809 4254 γὰρ

1921 4185 2186 4255 justitiam
2227 4188 2294 4252 ⁷⁸,
2325 4206 2345 4238 ι
2379 4197 2434 4241 et
2473 4187 2681 4240 amicus
2718 4186 2812 4240 Dei
2847 4185 3149 4255 appellatus
3177 4192 3280 4238 est.
3317 4183 3407 4238 Sic
3454 4194 3507 4236 et

213 4267 280 4316 ἐν
348 4266 574 4335 ὑπακοῇ
628 4268 738 4328 τοῖς
785 4268 1159 4338 ἀρχαιοτέροις
1213 4271 1576 4342 εὐδοκίμησις.
1640 4274 1803 4327 Οὕτω.

1927 4277 2040 4331 Noe
2073 4293 2253 4331 arcam
2304 4277 2593 4332 fabricavit
2628 4279 2693 4333 ad
2742 4277 2975 4332 salutem
3027 4279 3218 4331 domus
3267 4289 3400 4340 suae,
3451 4287 3509 4326 nt

216 4353 506 4423 Ἀϐραὰμ
539 4353 900 4424 προσεκόμιζε
941 4358 1032 4409 τὸν
1070 4358 1184 4410 υἱὸν
1211 4360 1286 4430 τῷ
1318 4360 1456 4430 Θεῷ,
1505 4380 1522 4412 ι
1571 4363 1679 4415 Καὶ⁸
1717 4363 1806 4415 ὲλο

1929 4365 2152 4422 Litteris
2195 4369 2465 4437 proditum
2507 4375 2595 4422 est
2621 4369 2687 4424 τί.
2730 4386 2748 4420 ι
2778 4365 2964 4435 Itaque
3010 4366 3262 4436 placebit,
3311 4365 3506 4434 inquit.

197 4446 396 4514 γίσθη
434 4444 584 4515 αὐτῷ
617 4448 650 4516 ἡ
693 4447 873 4511 πίστις
915 4451 994 4512 είς
1037 4450 1406 4520 δικαιοσύνην,
1462 4471 1480 4503 ι
1533 4454 1626 4506 καὶ
1672 4454 1787 4521 φίλο

1927 4458 2257 4512 sacriﬁcium
2283 4457 2442 4526 Juda,
2481 4460 2580 4513 hoc
2606 4466 2712 4522 est,
2747 4457 2931 4528 populi
2975 4458 3027 4511 in
3051 4457 3214 4512 corde
3234 4464 3288 4509 et.
3313 4453 3509 4523 spiritu

193 4537 444 4608 ἐκλήθη
478 4537 635 4592 Θεοῦ.
673 4539 828 4590 Οῦτω
875 4541 970 4593 καὶ
1019 4541 1144 4593 Νῶε
1195 4542 1564 4594 κατεσκεύασε
1604 4544 1702 4613 τὴν
1742 4562 1774 4597 κ

1927 4549 2396 4605 circumcisionetn
2422 4551 2944 4618 circumferentis";
2967 4550 3094 4619 quin
3114 4560 3165 4604 et
3185 4547 3505 4610 Jerusalem,

190 4631 414 4683 δωτὸν
458 4631 540 4689 εἰς
571 4633 842 4702 σωτηρίαν
869 4632 962 4684 τοῦ
994 4631 1143 4685 οἴκου
1180 4631 1366 4698 αὐτοῦ,
1393 4631 1577 4695 καθὼς
1619 4634 1780 4702 γέγρα

1927 4658 2090 4709 quam
2132 4639 2282 4698 mens
2335 4643 2592 4709 intuetur,
2653 4644 2706 4698 id
2753 4651 2840 4697 est
2895 4642 3151 4696 Ecclesiae
3203 4663 3214 4696 :
3268 4641 3408 4695 sicut
3456 4648 3509 4693 et

184 4741 383 4779 σεται.
435 4744 454 4775 ι
508 4725 717 4778 Οὐκοῦν
746 4726 956 4794 ἀρέσει,
986 4727 1168 4795 φησιν,
1194 4726 1226 4796 ἡ
1257 4724 1415 4778 θυσία
1441 4724 1534 4777 τοῦ
1570 4726 1759 4790 Ἰούδα,

1927 4734 2248 4788 sacriﬁcium
2291 4737 2681 4802 possidentium
2710 4737 2826 4790 dies
2855 4736 3072 4800 saeculi,
3109 4743 3162 4789 et
3192 4745 3501 4788 sanctorum

179 4816 516 4876 τουτέστι,
562 4815 655 4867 τοῦ
695 4815 824 4869 λαοῦ
863 4815 964 4886 τὴν
993 4817 1050 4867 ὲν
1087 4815 1284 4886 καρδία
1322 4815 1415 4867 καὶ
1461 4815 1518 4867 ἐν
1555 4815 1769 4885 πνεύμα

1935 4825 2023 4892 qui
2058 4825 2427 4893 superioribus
2471 4827 2725 4880 aetatibus
2754 4827 2804 4879 in
2851 4827 2960 4878 vita
3011 4826 3249 4889 fuerunt,
3287 4821 3378 4889 qui
3414 4837 3509 4888 per

183 4909 555 4977 περιτομὴν
580 4909 990 4977 περιφέροντος,
1018 4907 1110 4960 καὶ
1144 4907 1326 4976 μέντοι
1345 4905 1443 4975 τῆς
1476 4907 1773 4976 Ἰερουσαλοῖ

1935 4914 2296 4969 obedientiam
2319 4925 2370 4970 ct
2399 4915 2558 4970 ﬁdem
2591 4916 2703 4970 Deo
2731 4916 3072 4984 placuerunt.
3102 4913 3394 4966 Enutnerat
3413 4925 3507 4964 eos

174 5000 304 5068 τῆξ
345 4999 590 5069 νοητῆς,
627 4999 870 5053 τουτέστι
901 5001 998 5069 τῆς
1050 4997 1374 5068 Ἐκκλησίας
1397 5013 1410 5028 ·
1453 4997 1637 5061 καθὼς
1674 5001 1764 5051 καὶ

1935 5018 2149 5073 quoque
2175 5006 2390 5060 divinus
2421 5006 2616 5060 Paulus
2641 5006 2692 5059 in
2720 5005 2957 5071 Epistola
2992 5004 3058 5057 ad
3100 5000 3376 5066 Hebraeos,
3405 4998 3508 5054 ﬁde

178 5090 324 5142 τῶν
364 5092 620 5161 ἐχόντων
651 5091 748 5154 τὰς
773 5092 984 5161 ἡμέρας
1012 5091 1102 5142 τοῦ
1132 5090 1344 5152 αἰῶνος,
1382 5089 1529 5161 καὶὴ
1559 5090 1668 5150 τῶν
1689 5107 1768 5143 καί

1452 5089 1529 5161 ἰή
1559 5090 1668 5150 τῶν
1689 5089 1831 5144 κατὰ
1938 5094 2134 5147 multos
2153 5096 2479 5160 justiﬁcatos
2509 5110 2629 5150 esse
2655 5097 2952 5150 testilicans
2979 5093 3041 5148 ⁷³.

175 5186 350 5248 τοὺς
400 5183 719 5254 ἔμπροσθεν
786 5185 1006 5253 χρόνους
1071 5183 1371 5251 γεγονότων
1410 5181 1598 5251 ἁγίων,
1647 5184 1695 5235 οἳ
1766 5184 2022 5252 γεγόνασι
2069 5187 2351 5258 εὐάρεστοι
2406 5189 2473 5241 δι’
2524 5189 2769 5260 ὑπακοῆς
2805 5189 2895 5240 καὶ
2967 5187 3222 5246 πίστεως.
3290 5185 3512 5251 Ἀπαρι-

177 5278 467 5348 θμεῖται
511 5277 570 5328 δὲ
615 5276 711 5328 καὶ
755 5275 975 5338 τούτους
1021 5278 1048 5328 ὁ
1095 5274 1374 5338 θεσπέσιος
1417 5274 1627 5338 Παῦλος
1675 5277 1730 5329 ὲν
1760 5279 1827 5347 τῇ
1867 5277 2003 5348 πρὸς
2041 5277 2322 5348 Ἐϐραίους
2362 5281 2673 5349 Ἐπιστολῇ,
2740 5279 2919 5332 πίστει
2975 5274 3146 5345 λέγων
3173 5274 3509 5328 δικαιοῦσθαι

178 5368 482 5431 πολλούς

280 5457 436 5514 Καὶ
466 5458 754 5527 προσάξω
785 5460 932 5528 πρὸς
964 5456 1115 5527 ὑμᾶς
1154 5458 1222 5509 ἐν
1248 5459 1460 5526 κρίσει,
1493 5460 1590 5513 καὶ
1623 5459 1834 5528 ἔσομαι

2019 5459 2177 5514 Vens.
2226 5461 2277 5514 5.
2331 5459 2393 5512 Et
2442 5458 2685 5512 accedam
2732 5459 2799 5515 ad
2835 5475 2921 5514 vos
2971 5459 3025 5512 in
3063 5456 3288 5528 judicio,
3334 5470 3380 5511 et
3420 5475 3520 5513 em

282 5657 349 5687 ⁸⁵
396 5656 581 5709 (λειω.
610 5672 671 5718 tl,
708 5654 888 5718 19,2l.
967 5655 1011 5685 ⁵⁷
1049 5655 1275 5724 Philipp.
1311 5673 1388 5719 ιιι,
1423 5656 1506 5708 19.
1585 5657 1628 5686 ⁸⁸
1663 5653 1823 5708 Hcltt‘.
1854 5673 1872 5708 ι

1932 5697 1944 5716 ,
1982 5657 2063 5710 12.
2172 5659 2212 5688 ⁸¹³
2244 5655 2402 5710 Prov.
2438 5669 2518 5717 ιιι,
2553 5655 2601 5709 9.
2684 5657 2724 5687 ⁷ο
2757 5657 2890 5713 Gen.
2928 5673 3011 5724 xv,
3041 5656 3108 5724 6;
3139 5654 3312 5710 Gulat.
3349 5673 3424 5722 ιιι,
3456 5655 3513 5710 6.

186 5723 241 5756 "
290 5727 467 5782 Gen.
521 5727 575 5792 6,
618 5729 632 5778 ι
701 5739 850 5793 seqq.
928 5727 971 5756 τ’
1005 5724 1158 5780 llotn.
1194 5723 1253 5780 ιι.
1297 5725 1384 5780 29.
1464 5727 1505 5754 ⁷³
1546 5724 1704 5782 Hebr.
1751 5742 1776 5778 κ

434 5746 467 5780 ι.
521 5727 575 5792 6,
618 5729 632 5778 l
701 5739 850 5793 seqq.
928 5727 971 5756 τ’
1005 5724 1158 5780 llont.
1194 5723 1253 5780 tt.
1297 5725 1384 5780 29.
1464 5727 1505 5754 ⁷³
1546 5724 1704 5782 Hebr.
1751 5742 1800 5778 χι
1863 5726 1907 5790 l,
1941 5726 2024 5782 40.
