4026 6276
219 273 317 330 3M

1049 269 1611 328 COMMENTARIUS
1649 271 1718 327 IN
1759 272 2172 331 MALACHIAM
2209 269 2663 331 ΡΒΟΡΗΕΤΔΜ.

3392 232 3508 322 sui

219 390 312 446 καὶ
332 387 409 452 ὡς
442 386 501 440 ἐν
532 387 714 440 σκότει
743 385 1016 457 δρώμενα.
1065 391 1411 459 Προσεπὰγει
1457 407 1519 459 γε
1559 392 1666 462 μὴν
1719 392 1814 446 αὑ·-

1925 395 2263 451 adbiberent.
2294 393 2390 448 His
2427 392 2576 448 addit
2611 391 2775 446 etiam
2808 397 3182 459 pervertentes
3225 397 3373 446 recta
3412 390 3501 456 ju-

219 483 327 545 τοῖς
359 479 454 534 καὶ
482 480 551 533 τὰ
580 477 820 548 ἐμφανῆ,
868 481 929 532 τδ
970 480 1378 552 ἀποστερῆσαι,
1413 483 1581 554 φημὶ,
1617 483 1807 554 μισθὸν

223 573 519 645 μισθωτοῦ,
546 569 856 636 πλεονεξίαν
881 589 940 625 τε
983 571 1076 626 καὶ
1128 575 1612 639 καταδυναστείαν,
1649 579 1714 649 ἣν
1742 576 1808 630 ἂν

221 665 458 720 ποιοῖντό
503 683 649 729 τινες
699 667 840 720 κατά
863 666 970 742 τῶν
1020 668 1449 741 ἀσθενεστέρων,
1503 670 1686 741 χηρῶν
1720 671 1809 742 δὴ,

219 758 386 826 λέγω,
417 757 514 810 καὶ
535 757 808 826 ὀρφανῶν.
848 739 1180 830 ῐῘροστίθησι
1224 761 1281 814 δὲ
1310 739 1534 826 τούτοις
1560 739 1655 816 καὶ
1683 739 1809 828 τοῦς

219 849 644 920 διαστρέφοντας
673 850 739 903 τὰ
767 849 903 921 ὀρθά
937 851 1045 905 τῶν
1077 853 1382 923 κριμάτων,
1437 855 1531 908 καὶ
1571 857 1697 917 τοὺς
1735 859 1812 928 μὴ

221 939 587 1010 φοϐουμένους
623 940 802 993 αὐτόν.
830 935 986 994 Οὗτοι
1013 942 1057 994 δ’
1101 941 1166 995 ἂν
1195 940 1304 996 εἷεν
1337 945 1430 998 καὶ
1459 948 1508 998 οί
1536 946 1658 1000 καθ’
1682 947 1804 1000 ἐτε-

223 1032 310 1101 ρόν
336 1048 457 1083 τινα
479 1031 681 1101 τρόπον
716 1032 867 1103 παρά
895 1049 958 1100 γε
1012 1035 1138 1096 τοὺς
1163 1035 1365 1105 ἀρτίως
1412 1037 1546 1107 ἡμῖν
1577 1037 1801 1109 εἰρημέ-

1912 487 2072 554 dicis,
2106 496 2162 542 et
2203 501 2309 541 non
2341 485 2598 541 timentes
2625 498 2770 539 eum.
2807 483 2966 538 Tales
2996 491 3158 538 erttut
3199 481 3292 553 qui
3331 481 3496 537 etiam

1915 578 2022 633 alio
2075 577 2232 631 modo
2274 590 2438 644 quam
2483 588 2626 628 nunc
2667 572 3008 628 ostendimus
3051 571 3219 625 Deum
3273 571 3511 627 violant-

1914 669 2005 723 Ait
2037 684 2202 738 ergo:
2236 665 2553 735 Erojudex,
2586 674 2640 719 et
2671 665 2828 719 testis
2865 663 3048 728 velox,
3073 671 3126 717 et
3158 662 3499 718 voluntarius

1915 772 2079 828 super
2111 757 2386 813 veneﬁcas
2414 764 2469 812 et
2504 756 2840 822 libidinosas,
2879 763 3335 822 peccatorumque
3367 751 3502 806 alios

1916 869 2033 907 rum
2071 853 2366 908 studiosos.
2418 850 2706 906 Probabile
2739 857 2823 904 est
2863 864 2997 904 sane
3047 846 3356 915 hujusmodi
3405 844 3502 898 ila-

1916 945 2046 1014 gitia
2092 944 2352 1014 quosdam
2393 942 2482 996 illa
2533 949 2693 995 aetate
2743 955 2907 994 ausos
2943 940 3246 1008 suscipere,
3291 945 3346 992 et
3379 949 3502 1002 pro-

1916 1043 2038 1105 pter
2070 1036 2215 1104 ipsos
2248 1035 2447 1089 multos
2482 1034 2590 1088 Deo
2633 1030 2998 1087 maledixisse.

221 1139 337 1184 νους
363 1119 659 1185 λυποῦντες
704 1120 853 1174 Θεόν.
894 1123 1126 1193 Ἔσομαι
1161 1125 1360 1191 τοίνυν,
1405 1128 1559 1199 φησι,
1593 1128 1807 1198 κριτὴς,
1850 1125 1945 1179 καὶ
2015 1125 2226 1196 μάρτυς
2265 1127 2456 1195 ταχὺς,
2515 1125 2610 1179 καὶ
2674 1121 2972 1194 αὐτόμολος
3033 1120 3124 1174 ἐπὶ
3177 1118 3505 1191 φαρμακοὺς

220 1217 310 1268 καὶ
342 1213 679 1285 μοιχαλίδας,
708 1214 960 1278 καὶτοὺς
997 1215 1104 1268 τῶν
1131 1216 1336 1288 ἐτέρων
1385 1220 1572 1273 κακῶν
1639 1219 2016 1290 ἐπιτηδευτάς.
2061 1212 2224 1284 Εἰκὸς
2271 1219 2328 1273 δὲ
2391 1219 2456 1289 δὴ
2515 1219 2694 1270 τοιάδε
2763 1217 2884 1269 κατ’
2920 1215 3097 1267 ἐκεῖνο
3158 1212 3353 1286 καιροῦ
3380 1213 3503 1268 τολ-

225 1306 428 1378 μᾶσθαι
466 1305 618 1376 παρὰ
639 1323 769 1367 τισι,
792 1305 886 1358 καὶ
907 1307 992 1359 ἐπ’
1015 1307 1196 1372 αὐτοῖς
1223 1310 1472 1378 γενέσθαι
1499 1311 1640 1366 κατά
1663 1311 1798 1365 Θεοῦ
1835 1310 1935 1382 τὴν
1961 1311 2070 1365 τῶν
2092 1311 2302 1366 πολλῶν
2325 1308 2725 1379 γλωσσαλγίαν.

289 1400 382 1453 Δεῖ
413 1398 477 1468 δὴ
504 1394 596 1451 οὖν
621 1399 730 1469 ἄρα
751 1399 915 1452 παντὶ
948 1399 1125 1454 σθένει
1182 1404 1572 1473 παραιτεῖσθαι
1610 1405 1678 1458 τὰ
1712 1420 1810 1459 πο-

224 1490 381 1563 νηρὰ,
400 1491 496 1543 καὶ
518 1493 631 1554 τοῖς
658 1491 935 1559 ἀμείνοσιν
959 1493 1286 1564 ἐπιτρέχειν,
1307 1495 1403 1548 καὶ
1419 1496 1811 1568 ἀποπεραίνειν

223 1583 537 1650 ἐπείγεσθαι
569 1582 637 1636 τὰ
660 1583 726 1635 δι’
751 1576 826 1636 ὧν
862 1583 928 1637 ἂν
958 1583 1167 1652 γένοιτό
1214 1604 1298 1650 τις
1343 1587 1566 1642 ἐπαίνου
1609 1591 1811 1653 παντὸς

224 1674 314 1728 καὶ
345 1674 646 1738 ἐπιεικείας
694 1673 966 1744 ἔμπλεως.
1017 1675 1332 1748 Ἀμοιρήσει
1367 1679 1476 1749 γὰρ
1528 1679 1671 1733 οὕτω
1716 1682 1812 1734 καὶ

221 1766 329 1820 τῶν
385 1767 453 1819 ἐκ
512 1766 661 1829 θείας
703 1766 876 1837 ὀργῆς
919 1768 1395 1839 ἐποισθησομένων
1431 1773 1545 1835 τοῖς
1597 1770 1812 1826 εἰωθόσι

219 1857 583 1928 πλημμελεῖν.
616 1859 807 1911 Ἔσται
832 1859 888 1912 δὲ
918 1859 1026 1912 ἔσω
1054 1862 1149 1913 καὶ
1173 1861 1352 1933 γερῶν
1381 1863 1478 1916 καὶ
1511 1863 1690 1935 δόξης,
1736 1857 1812 1920 ὧν

219 1950 285 2003 ἀν
314 1950 526 2020 ἐπιδοίη
554 1948 686 2013 Θεὸς
717 1952 826 2013 τοῖς
849 1951 1136 2018 ἀγαπῶσιν
1165 1953 1348 2007 αὐτόν.

286 2043 447 2095 Διότι
480 2041 595 2112 ἐγὼ
647 2043 863 2110 Κύριος
892 2045 924 2096 ὀ
960 2043 1101 2110 Θεὸς
1140 2044 1343 2113 ὑμῶν,
1409 2047 1508 2100 καὶ
1567 2049 1678 2100 οὐκ
1705 2049 1808 2103 ἀλ-

214 2134 517 2204 λοιοῦμαι.
566 2134 676 2188 Καὶ
732 2135 920 2204 ὑμεῖς,
961 2137 1016 2188 οἱ
1070 2137 1186 2189 υἱοὶ
1241 2137 1474 2201 Ἰακὼϐ,
1530 2140 1640 2194 οὐκ
1701 2140 1814 2193 ἀπο

216 2226 434 2296 ἔχεσθε
466 2225 585 2281 ἀπὸ
617 2225 734 2279 τῶν
755 2225 1001 2280 ἀδικιῶν
1034 2225 1150 2280 τῶν
1171 2229 1445 2296 πατέρων
1463 2228 1649 2299 ὑμῶν.
1679 2232 1812 2297 Ἐξ-

212 2319 500 2372 subruta
542 2317 762 2387 νόμιμά
778 2336 922 2386 μου,
964 2319 1060 2372 καὶ
1087 2321 1196 2373 οὐκ
1234 2320 1652 2390 ἐφυλάξασθει

282 2411 412 2465 AZ'.
471 2408 743 2480 Ἐξίστησι
775 2411 938 2464 πάλιν
962 2413 1158 2476 αὐτοὺς
1189 2413 1420 2466 ἀνοσίων
1475 2413 1692 2468 ἐννοιῶν
1720 2417 1829 2470 καὶ.

216 2503 448 2576 προσέτι
501 2505 786 2574 ῥημάτων.
845 2506 920 2558 Τὸ
955 2505 1063 2576 γὰρ
1115 2507 1323 2561 οἴεσθαί
1372 2526 1490 2572 πως
1526 2509 1813 2579 ἢμετατε-

212 2594 463 2667 τράφθαι
504 2597 595 2650 τὸν
643 2597 754 2650 τῶν
797 2597 934 2651 ὅλων
979 2599 1112 2652 Θεὸν
1142 2601 1250 2652 ἀπό
1305 2617 1369 2668 γε
1409 2601 1503 2654 τοῦ
1536 2601 1710 2656 θέλειν
1744 2603 1815 2656 τὰ

213 2687 402 2755 ἀγαθά
439 2686 576 2757 πρὸς
600 2687 661 2738 τὸ
684 2687 944 2750 ἐναντίον,
1002 2689 1095 2740 καὶ
1128 2689 1347 2760 ἀγαπᾷν
1368 2690 1462 2759 μὲν
1485 2689 1667 2743 οὐκέτι
1713 2692 1814 2760 τὴν

212 2778 593 2850 δικαιοσύνην,
642 2779 1002 2850 ἀποδέχεσθαι
1045 2780 1101 2833 δὲ
1149 2782 1273 2844 τοὺς
1329 2782 1426 2850 τῆς
1481 2782 1816 2853 φαυλότητος

213 2873 485 2944 ἐραστὰς,
539 2872 656 2936 πῶς
689 2873 790 2926 οὐκ
840 2873 1071 2943 ἀμαθὲς,
1135 2874 1336 2944 μᾶλλον
1372 2875 1428 2928 δὲ
1483 2877 1694 2946 ἀπηχὲς
1721 2876 1815 2930 καὶ

213 2965 444 3018 ἀνόσιον
488 2964 768 3027 παντελῶς
801 2966 894 3016 καὶ
914 2965 1013 3036 τῆς
1071 2967 1334 3020 ἀνωτάτω
1368 2966 1684 3031 δυσσεϐείας
1717 2986 1815 3038 με-

215 3056 608 3127 μεστωμένον;
639 3057 809 3110 Ὅταν
837 3057 1014 3110 τοίνυν
1061 3058 1164 3112 ὑπὸ
1193 3059 1376 3129 κρίσιν
1438 3061 1583 3131 ἴδητε
1617 3062 1816 3115 καλου-

216 3153 445 3224 μένους,
476 3151 750 3222 φησὶ,τάς
800 3167 858 3203 τε
900 3153 1030 3220 παρ’
1064 3151 1192 3220 ὑμῖν
1249 3155 1598 3222 φαρμακοὶς,
1650 3156 1818 3226 ἤγουν

211 3245 468 3316 ἐπῳδοὺς
519 3242 755 3312 (γύναια
785 3242 842 3295 δέ
874 3242 1093 3306 πάντως
1139 3242 1345 3313 ψιθυρά
1399 3261 1458 3296 τε
1520 3246 1612 3297 καὶ
1643 3245 1820 3315 βωμο-

210 3335 352 3406 λόχα
366 3335 569 3403 ταυτὶ),
593 3336 684 3388 καὶ
706 3335 832 3396 τοὺς
855 3333 962 3386 τῶν
992 3334 1076 3386 ἐτέ
1087 3351 1193 3402 ρων
1229 3334 1415 3388 κακῶν
1439 3337 1816 3407 ἐπιτηδευτάς,

209 3427 367 3490 τότε,
401 3429 589 3497 φησὶν,
618 3425 986 3494 ἐπιγνώσεσθε
1025 3426 1113 3480 διὰ
1156 3427 1496 3497 πραγμάτων
1530 3428 1709 3480 αὐτῶν
1738 3431 1818 3482 ὅτι

209 3521 330 3589 ἐγὼ
362 3519 570 3590 Κύριος
603 3520 632 3572 ὁ
665 3517 796 3581 Θεὸς
828 3517 1002 3587 ὑμῶν,
1034 3517 1062 3569 ὁ
1090 3518 1257 3571 πάλαι
1292 3536 1352 3571 τε
1379 3520 1474 3571 καὶ
1502 3517 1596 3573 νῦν
1618 3519 1819 3588 ἀγαθός

208 3629 270 3665 τε
296 3611 448 3682 ὁμοῦ
483 3611 578 3663 καὶ
613 3609 920 3679 φιλάρετος.
978 3609 1052 3661 Οὐ
1102 3611 1210 3679 γὰρ
1260 3604 1379 3664 οῖδα
1424 3612 1633 3683 τροπὴν
1661 3613 1693 3683 ἢ
1728 3612 1820 3665 ἀλ-

207 3701 463 3756 λοίωσιν.
503 3701 642 3753 Ἀλλ’
667 3700 778 3768 ἐγὼ
827 3700 924 3769 μὲν
965 3701 1082 3769 εἰμὶ
1127 3699 1417 3766 διαπαντὸς
1461 3704 1555 3756 καὶ
1610 3705 1817 3772 ἀμετα-

210 3793 443 3855 στάτως
462 3791 610 3844 τοῦθ’
638 3795 776 3862 ὅπερ
806 3789 941 3860 είμί·
971 3791 1128 3862 ὑμεῖς
1153 3793 1230 3856 δὲ,
1257 3795 1410 3864 φησι,
1437 3795 1614 3849 καίτοι
1655 3813 1818 3865 γεγο-

207 3886 368 3948 νότες
408 3885 470 3950 ἐξ
511 3883 726 3950 Ἰακὼϐ,
781 3886 972 3957 ἀνδρὸς
1022 3885 1268 3954 φιλοθέου
1297 3885 1390 3940 κα)⁴
1444 3886 1673 3954 ἀγαθοῦ,
1724 3887 1818 3940 καὶ

209 3975 601 4048 μεμισηκότος
641 3977 728 4028 ἀεὶ
747 3976 808 4028 τὸ
830 3976 1061 4049 ἐξήνιον,
1085 3978 1180 4030 καὶ
1208 3975 1328 4047 Θεῷ
1358 3977 1724 4044 δουλεύοντος,
1755 3981 1816 4031 οὑ

204 4071 313 4125 τῶν
339 4068 566 4124 ἐκείνου
593 4069 810 4139 τρόπων
875 4071 1132 4140 γεγόνατε
1163 4069 1422 4138 ζηλωταί’
1465 4070 1721 4139 μιμεῖσθε
1762 4069 1820 4123 δὲ

207 4164 430 4234 μᾶλλον
468 4160 576 4214 τῶν
605 4161 726 4214 καθ’
746 4163 889 4233 ὑμᾶς
921 4163 1173 4234 πατέριον
1189 4162 1257 4214 τὸ
1283 4161 1506 4224 ἀπειθὲς
1553 4161 1647 4216 καὶ
1693 4162 1819 4215 δυσ⁶

204 4253 552 4324 ἀγωγον.οἳ
596 4253 691 4306 καὶ
733 4254 938 4324 ταύτης
986 4255 1150 4308 ἕνεκα
1180 4255 1277 4324 τῆς
1307 4253 1486 4318 αἰτίας
1534 4252 1820 4322 ἀπῴχοντο

205 4353 303 4421 μὲν
331 4349 708 4420 αἰχμάλωτοι,
756 4350 854 4420 τὴν
877 4349 1205 4419 ἐνεγκοῦσαν
1250 4349 1504 4418 ἀφέντες,
1539 4347 1820 4402 δεδουλεύ-

202 4461 334 4496 κασι
370 4442 445 4495 δὲ
490 4444 603 4504 τοῖς
642 4442 906 4512 ᾑρηκόσιν
965 4441 1200 4512 ἐχθροῖς-

200 4536 363 4604 ὑμεῖς
403 4551 436 4584 α
477 4535 540 4586 ἐκ
561 4532 667 4586 τῶν
690 4533 838 4603 ἐμῶν
880 4535 1148 4603 νομίμων,
1173 4533 1268 4587 καὶ
1297 4534 1396 4585 οὐκ
1423 4531 1816 4601 ἐφυλάξασθε.»

199 4628 440 4680 Οὐκοῦν-ν
469 4627 496 4677 ὁ
533 4625 634 4695 μὲν
653 4626 785 4688 Θεὸς
814 4626 1082 4696 ἄτρεπτος
1109 4627 1215 4690 ἀεὶ,
1250 4625 1343 4678 καὶ
1373 4625 1536 4676 οἱονεὶ
1554 4621 1821 4694 πεπηγὼς

202 4723 279 4783 εἰς
303 4722 368 4774 τὸ
408 4718 648 4788 ἀγαθὸν,
683 4719 774 4770 καὶ
803 4718 1138 4788 ἁκρὰδαντος
1165 4719 1244 4780 εἰς
1269 4715 1617 4786 δικαιοσύνην
1646 4730 1656 4741 '
1683 4715 1733 4768 οἱ
1763 4714 1820 4768 δὲ

205 4817 514 4884 γεγόνασι,
550 4811 831 4880 μονονουχὶ
858 4812 918 4863 τὸ
948 4812 1216 4882 ἄτρεπτον
1243 4813 1300 4862 ἐν
1353 4808 1551 4879 καρδίᾳ
1587 4823 1820 4878 τετηρη-

205 4911 392 4973 κότες,
431 4906 656 4974 καὶτῆς
680 4904 785 4957 τῶν
813 4905 1064 4976 πατέρων
1099 4904 1446 4974 ἀνοσιότητος
1475 4902 1690 4975 ἄριστοι
1723 4917 1817 4974 μι-

207 5002 410 5072 μηταί.

274 5093 464 5146 Τοῦτό
507 5109 607 5144 που
661 5093 894 5163 Χριστὸς
948 5090 1264 5161 εὑρίσκεται
1310 5089 1820 5158 λέγων.’1ἀλανιςει

207 5189 308 5256 μὲν
341 5188 464 5258 γὰρ
517 5187 744 5249 εἰκότως
797 5187 856 5239 τὸ
912 5185 1232 5239 ἀπαίδευτον
1273 5184 1379 5236 τῶν
1433 5185 1472 5237 Γ
1481 5184 1819 5254 ραμματέων

205 5283 300 5335 καὶ
324 5279 658 5349 Φαρισαίων
687 5280 1068 5349 ἐργαστήριον.
1110 5278 1256 5347 Ἔφη
1286 5278 1343 5330 δὲ
1385 5276 1578 5341 οὕτως·
1620 5297 1637 5328 ι
1683 5277 1822 5330 Οὐαὶ

205 5374 362 5442 ὑμῖν,
400 5373 770 5442 Γραμματεῖς
831 5373 927 5424 καὶ
964 5372 1248 5441 Φαρισαῖοι
1280 5371 1592 5441 ὑποκριταὶ,
1627 5371 1707 5422 ὅτι
1739 5371 1819 5422 oi-

206 5466 504 5536 κοδομεῖτε
536 5466 663 5526 τοὺς
695 5465 898 5533 τάφους
924 5464 1032 5518 τῶν
1074 5464 1398 5534 προφητῶν,
1438 5465 1532 5516 καὶ
1565 5465 1819 5532 κοσμεῖτε

202 5557 274 5608 τὰ
301 5558 564 5627 μνημεῖα
593 5555 699 5608 τῶν
722 5556 964 5615 δικαίων,
996 5556 1091 5608 καὶ
1120 5555 1325 5623 λέγετε·
1354 5556 1413 5608 Εἰ
1439 5551 1580 5624 ἦμεν
1617 5556 1673 5606 ἐν
1700 5554 1822 5614 ταῖς

205 5650 462 5720 ἡμέραις
500 5649 609 5701 τῶν
649 5649 900 5720 πατέριον
932 5649 1109 5720 ἡμῶν.
1147 5667 1246 5702 ουκ
1272 5648 1336 5701 ἂν
1371 5648 1548 5720 ἥμεθα
1575 5647 1820 5698 κοινωνοὶ

207 5737 394 5791 αὐτῶν
434 5740 496 5792 ἐν
527 5737 602 5808 τῷ
658 5738 847 5808 αἵματι
897 5738 1004 5790 τῶν
1052 5738 1364 5810 προφητῶν.
1399 5737 1558 5788 ’Ὡς-ξε
1612 5751 1818 5806 μαρτυ-

1989 1403 2255 1472 Quocirca
2303 1418 2441 1472 opus
2490 1411 2574 1458 est
2615 1402 2763 1457 omni
2797 1404 3145 1458 contentione
3186 1399 3432 1469 refugere
3475 1414 3504 1452 a

1914 1494 2096 1566 pravis
2132 1495 2407 1562 operibus,
2452 1503 2506 1547 et
2552 1493 2618 1546 ad
2667 1494 2834 1562 proba
2869 1493 3150 1556 festinare,
3192 1498 3247 1546 et
3279 1491 3410 1545 eniti
3441 1505 3504 1544 ea

1919 1595 2177 1657 praestare
2211 1600 2305 1655 per
2341 1598 2464 1655 qua:
2510 1585 2633 1654 quis
2684 1584 2832 1638 omni
2869 1593 2926 1637 et
2969 1585 3210 1637 bonitate
3243 1593 3299 1637 et
3347 1582 3506 1636 laude

1919 1677 2245 1732 cumuletur.
2276 1674 2368 1729 Sic
2407 1675 2551 1730 enim
2597 1676 2791 1731 evadet
2845 1674 3107 1744 supplicia
3162 1689 3282 1744 qua:
3321 1690 3351 1727 a
3398 1675 3507 1728 Deo

1920 1767 2060 1821 irato
2095 1765 2472 1836 peccatoribus
2525 1765 2862 1835 inﬂiguntur.
2915 1764 3107 1834 Capiet
3161 1775 3340 1819 autem
3389 1763 3505 1834 glo-

1921 1858 2055 1912 riam
2110 1866 2162 1914 et
2194 1857 2415 1927 prtemia
2462 1857 2660 1927 quibus
2698 1857 2839 1913 Deus
2882 1872 2943 1912 se
2999 1857 3286 1926 diligentes
3319 1873 3506 1913 mune-

1919 1958 2098 2006 ratur.

1992 2041 2154 2097 Vens.
2187 2041 2241 2097 6.
2292 2041 2556 2109 Quoniam
2589 2058 2682 2112 ego
2731 2042 2988 2097 Dominus
3039 2040 3175 2096 Deus
3223 2052 3409 2100 vester.
3457 2050 3506 2093 et

1921 2151 2022 2189 non
2044 2145 2244 2191 mutor.
2275 2133 2341 2188 Et
2390 2151 2507 2200 vos,
2545 2134 2645 2202 filii
2686 2132 2874 2200 Iacob,
2927 2150 3034 2188 non
3069 2133 3413 2187 abstinebatis
3441 2133 3505 2184 ab

1920 2229 2286 2299 iniquitatibus
2325 2238 2540 2294 patrum
2580 2237 2894 2282 vestrorum.
2936 2225 3257 2282 Declinauis
3304 2244 3337 2280 a
3379 2225 3509 2295 legi-

1920 2323 2064 2376 timis
2094 2321 2243 2384 meis,
2272 2331 2319 2374 et
2361 2336 2463 2373 non
2495 2319 2818 2372 custodistis.

1993 2412 2253 2468 XXXVII.
2296 2413 2482 2466 Denuo
2518 2412 2662 2480 ipsos
2689 2411 2757 2464 ab
2791 2410 2970 2480 impiis
3004 2409 3427 2480 cogitationibus
3453 2418 3508 2462 ct

1919 2507 2101 2562 verbis
2131 2507 2435 2574 detorquet.
2483 2501 2618 2556 Nam
2657 2502 2970 2557 existimare
2999 2515 3121 2557 esse
3160 2503 3506 2555 immutatum

1921 2599 2303 2652 universorum
2339 2597 2505 2650 Deum
2531 2611 2560 2650 a
2594 2596 2869 2650 voluntate
2896 2596 3020 2650 boni
3054 2596 3107 2649 in
3147 2596 3504 2656 contrarium.

1921 2705 2023 2744 nec
2060 2691 2126 2744 de
2170 2700 2364 2744 czetero
2410 2688 2632 2758 diligere
2658 2687 2948 2757 juStitiam,
2987 2687 3281 2755 iavereque
3312 2701 3502 2742 conse-

1921 2781 2220 2837 ctatoribus
2265 2781 2662 2848 improbitatis,
2707 2781 2982 2849 quomodo
3040 2795 3144 2834 non
3192 2779 3504 2849 imperitiae,

1923 2874 2030 2928 imo
2069 2873 2413 2937 absurditati,
2449 2883 2502 2926 et
2533 2887 2746 2927 summo
2780 2872 2996 2938 sceleri,
3023 2883 3078 2926 et
3113 2887 3369 2927 etttrema:
3401 2873 3507 2926 im-

1923 2965 2107 3034 pietati
2143 2965 2521 3019 ascribeudum
2555 2964 2674 3018 est?
2720 2964 2948 3032 Quando
2989 2965 3168 3034 igitur,
3210 2965 3404 3033 inquit,
3438 2968 3504 3019 ad

1845 3055 2179 3141 Cjudieium
2228 3055 2407 3109 vocari
2455 3055 2696 3110 videritis
2749 3054 3050 3118 veneﬁcas,
3104 3069 3198 3109 seu
3254 3055 3500 3108 incanta-

1924 3153 2087 3206 trircs
2121 3160 2334 3206 vestras
2368 3150 2517 3222 (sunt
2548 3159 2728 3204 autem
2767 3150 3097 3204 muliercula:
3130 3149 3247 3204 istae
3277 3149 3509 3216 garrula:

1922 3253 1976 3298 et
2002 3242 2428 3313 assentatrices),
2458 3251 2512 3296 ct
2549 3243 2673 3298 aliis
2705 3242 2922 3312 ﬂagitiis
2953 3241 3162 3308 allixos,
3189 3252 3317 3296 tunc
3348 3239 3509 3295 rebus

1921 3335 2054 3404 ipsis
2103 3335 2443 3403 cognoscetis
2483 3335 2610 3404 quia
2641 3351 2741 3403 ego
2775 3351 2894 3391 sum
2943 3337 3202 3391 Dominus
3243 3335 3385 3390 Deus
3411 3350 3508 3390 ve-

1920 3437 2054 3492 ster,
2081 3436 2136 3484 et
2173 3427 2301 3480 olim
2346 3436 2399 3481 et
2444 3443 2588 3484 nunc
2625 3427 2801 3483 bonus
2838 3427 2996 3482 simul
3031 3436 3080 3483 el
3132 3430 3398 3484 bonorum
3447 3443 3510 3482 ac

1923 3521 2138 3577 virtutis
2178 3534 2388 3574 amans.
2418 3519 2614 3575 Nescio
2643 3521 2787 3574 enim
2822 3520 3177 3575 mutationem
3215 3531 3308 3574 aut
3347 3521 3510 3576 vicis-

1921 3614 2228 3670 situdinem.
2257 3615 2369 3684 Ego
2423 3613 2566 3667 enim
2600 3626 2814 3680 semper
2839 3621 2895 3666 et
2919 3612 3056 3666 citra
3087 3611 3508 3668 mutabilitatem

1920 3720 2040 3760 sum
2084 3705 2229 3774 quod
2279 3720 2399 3760 sum
2442 3721 2456 3759 :
2498 3718 2594 3758 vos
2633 3712 2836 3768 autem,
2890 3703 3100 3771 inquit,
3156 3704 3405 3774 quamvis
3439 3719 3504 3760 ex

1919 3795 2087 3852 Jacob
2117 3795 2480 3866 progenerati,
2521 3796 2740 3850 homine
2772 3794 2858 3863 pio
2887 3804 2939 3850 et
2970 3795 3133 3860 bono,
3164 3805 3218 3850 et
3242 3796 3333 3863 qui
3367 3811 3517 3850 sent-.

1921 3904 2018 3957 per
2059 3889 2460 3946 contumaciam
2493 3889 2606 3942 odit
2634 3902 2699 3942 ac
2734 3888 2842 3941 Deo
2877 3888 3136 3951 servivit,
3169 3887 3336 3959 857
3367 3889 3520 3944 illius.

1922 3995 2103 4036 mores
2139 3979 2446 4048 exprimere
2478 3994 2584 4032 non
2617 3978 2778 4032 enixe
2813 3979 3126 4044 studuistis;
3167 3982 3260 4035 sed
3291 3989 3504 4049 patrum

1919 4083 2227 4128 vestrorum
2297 4071 2720 4127 inobedientiam
2775 4079 2830 4126 et
2881 4072 3236 4140 pertinaciam
3303 4073 3506 4128 imitari

1922 4166 2197 4220 mavultis.
2223 4163 2326 4231 Qui
2357 4172 2412 4220 et
2442 4165 2542 4219 hac
2576 4164 2640 4218 de
2671 4179 2835 4219 causa
2866 4165 3066 4234 captivi
3093 4165 3283 4234 patriae
3309 4164 3509 4219 ﬁnibus

1923 4267 2302 4324 excesserunt,
2332 4267 2387 4311 et
2421 4257 2669 4311 hostibus
2706 4271 2735 4310 a
2768 4256 2967 4324 quibus
3022 4267 3177 4312 erant
3215 4257 3506 4327 subjugati,

1923 4352 2238 4407 servitutem
2278 4350 2601 4412 servierunt.
2655 4366 2673 4400 ι
2701 4348 3020 4403 Declinastis
3057 4363 3219 4419 porro
3255 4358 3310 4404 et
3343 4365 3438 4404 vos
3479 4368 3506 4403 a

1277 4439 1616 4506 Ἐξεκλίνατε
1644 4440 1700 4492 δὲ
1726 4441 1822 4492 καὶ¹

1927 4441 2183 4512 legitimis
2217 4441 2376 4506 meis,
2407 4448 2464 4494 et
2495 4456 2557 4496 ea
2591 4456 2696 4494 non
2725 4441 3058 4495 custodistis.
3082 4460 3102 4494 ι
3152 4441 3336 4512 Itaque
3366 4440 3508 4496 Dens

1925 4535 2140 4605 quidem
2163 4543 2216 4588 et
2239 4532 2592 4587 immutabilis
2613 4546 2849 4600 semper,
2877 4542 2931 4587 et
2953 4533 3098 4588 velut
3122 4534 3176 4588 in
3205 4534 3348 4588 bono
3371 4533 3505 4588 ﬁxus

1923 4642 1987 4680 ae
2044 4626 2290 4680 ﬁrmatus
2327 4633 2381 4679 et
2417 4626 2772 4680 inconcussus
2805 4625 2857 4679 in
2903 4623 3114 4693 justitia
3153 4645 3166 4681 :
3205 4626 3280 4681 illi
3320 4635 3508 4682 contra

1926 4726 2131 4773 tantum
2178 4733 2285 4772 non
2336 4718 2833 4772 immutabilitatem
2877 4716 2931 4771 in
2985 4717 3150 4773 corde
3195 4728 3502 4781 servarunt,

1922 4819 1975 4864 et
2006 4818 2222 4878 patrum
2257 4807 2474 4891 scelera.
2503 4808 2887 4866 strenuissime
2921 4819 3050 4866 sunt
3090 4809 3286 4864 secuti.

1994 5083 2105 5138 Hoc
2143 5081 2395 5137 Christus
2429 5082 2663 5150 quodam
2701 5083 2819 5136 loco
2859 5080 3014 5136 dixit.
3059 5078 3247 5133 Merito
3275 5092 3508 5147 namque

1923 5175 2238 5230 Scribarum
2265 5184 2320 5226 et
2351 5173 2746 5229 Pharisaeorum
2779 5172 3002 5227 stultam
3037 5185 3258 5240 Operam
3290 5169 3342 5224 in
3379 5171 3507 5224 tedi-

1925 5267 2136 5320 iicando
2189 5265 2537 5322 lamentatur.
2587 5265 2679 5320 Sic
2726 5273 2906 5318 autem
2954 5263 3029 5316 ait
3073 5280 3086 5315 :
3131 5281 3148 5311 ι
3192 5261 3283 5316 Va:
3325 5263 3504 5328 vobis,

1925 5359 2128 5414 Scriba:
2165 5368 2219 5412 et
2264 5357 2520 5411 Pharisazi
2563 5354 2880 5428 hypocritae,
2926 5353 3051 5422 quia
3099 5352 3380 5408 mdiiicatis
3423 5367 3508 5408 se-

1924 5452 2107 5521 pulcra
2143 5451 2547 5519 prophetarum,
2592 5457 2646 5501 et
2677 5445 2885 5499 ornatis
2936 5456 3281 5499 monumenta
3333 5444 3509 5513 justo—

1925 5560 2082 5608 rum,
2128 5553 2184 5596 et
2231 5540 2410 5595 dicitis
2456 5554 2470 5591 :
2519 5539 2573 5592 Si
2626 5539 2914 5593 fuissemus
2953 5539 3004 5592 in
3057 5537 3246 5591 diebus
3294 5547 3507 5607 patrum

1925 5648 2273 5699 nostrorum,
2319 5649 2423 5688 non
2472 5647 2714 5688 essemus
2755 5632 2884 5686 socii
2925 5645 3112 5685 eorum
3153 5630 3207 5684 in
3245 5629 3505 5699 sanguine

1926 5732 2332 5803 prophetarum.
2369 5725 2551 5798 itaque
2581 5725 2889 5781 testimonio
2919 5722 3050 5782 estis
3078 5721 3510 5793 vobismetipsis,
