4026 6276
479 295 585 352 343

1505 282 1563 339 S.
1607 281 1883 340 CYRILLI
1923 278 2392 336 ALEXANDRINI
2434 277 2759 334 ARCHIEP.

3648 269 3747 324 εει

475 416 601 484 quia
647 409 740 465 lilii
776 413 910 466 estis
949 423 1135 464 eorum
1169 407 1258 478 qui
1295 408 1582 477 praphelas
1617 405 1952 462 occiderunt.
1988 404 2052 458 Et

2181 404 2300 456 mira
2332 401 2536 464 αὐτοῖς,
2581 401 2663 453 ὅτι
2722 396 2826 450 υἱοί
2870 397 2992 449 ἐστι
3043 394 3150 446 τῶν
3199 387 3576 462 φονευσάντων
3629 391 3748 454 τοὺς

477 521 572 562 vos
627 503 843 573 implete
897 515 1206 557 mensuram
1258 510 1471 570 patrum
1534 498 2004 554 vestrorutnm".
2035 516 2052 549 ι

475 597 837 664 Quamobrem
881 608 1102 648 necesse
1146 603 1386 656 estnos,
1425 591 1468 645 si
1514 605 1640 646 vere
1681 605 1868 645 sanam
1910 605 2062 644 meu-

479 703 585 744 tem
622 688 879 758 gerimus,
907 697 961 742 et
985 685 1126 755 quod
1163 685 1302 740 ratio
1352 685 1587 753 postulat
1615 685 1906 746 sentimus,
1949 699 2060 736 ma-

470 784 652 850 jorum
703 779 1211 850 probatissimorum
1245 777 1494 852 exempla
1529 775 1685 831 nobis
1726 777 1793 830 ad
1838 775 2062 828 imitan-

476 876 602 927 dum
635 881 759 926 ante
785 871 969 925 oculos
1001 885 1220 938 ponere,
1251 879 1308 923 et
1338 869 1708 937 improborum
1751 867 2056 936 repudiare.

477 971 584 1020 Aut
625 965 668 1019 si
715 964 838 1034 quis
899 961 1042 1018 istud
1099 962 1284 1017 facere
1335 970 1585 1025 recusat,
1638 960 2062 1030 simpliciterque

477 1068 533 1112 et
588 1057 725 1111 citra
786 1055 1189 1126 inquisitionem
1255 1052 1486 1120 majores
1537 1054 1807 1123 sequitur,
1867 1051 2062 1107 similis

478 1151 635 1218 plane
660 1151 763 1204 erit
796 1149 1019 1211 Grzecis,
1059 1162 1194 1217 quos
1223 1147 1265 1202 si
1296 1148 1418 1216 quis
1456 1144 1862 1214 reprehenderit
1895 1143 2059 1212 quod,

479 1241 664 1297 relicta
693 1241 937 1296 veritatis
954 1240 1284 1309 cognitione,
1310 1247 1364 1294 et
1387 1251 1451 1292 eo
1480 1237 1571 1307 qui
1598 1247 1677 1291 est
1702 1246 1889 1289 natura
1923 1235 2062 1289 Deus

479 1321 712 1400 deserto,
760 1333 964 1403 lapides
1013 1333 1274 1394 adorent,
1329 1345 1542 1400 semper
1586 1345 1805 1386 suorum
1851 1336 2060 1397 patrum

479 1425 923 1482 consuetudinem
956 1423 1006 1476 In
1039 1437 1132 1478 ore
1165 1424 1386 1477 habent.

550 1605 715 1663 Vens.
743 1605 858 1661 7-9.
901 1603 1242 1660 Revertimini
1284 1605 1356 1657 ad
1390 1620 1488 1669 me,
1520 1613 1565 1656 et
1598 1613 1824 1657 revertar
1855 1603 1923 1655 ad
1955 1619 2060 1666 vos,

479 1699 607 1752 dicit
644 1697 901 1752 Dominus
951 1699 1299 1764 omnipotens.
1344 1694 1415 1749 Et
1451 1696 1705 1750 dixistis:
1741 1694 1803 1747 lu
1839 1710 1939 1765 quo
1984 1709 2065 1746 re-

483 1791 780 1844 rertemur?
809 1787 933 1842 Non
968 1787 1331 1857 supplantabit
1366 1787 1521 1840 homo
1553 1785 1759 1840 Deum?
1798 1785 1938 1848 Quia
1977 1800 2064 1837 vos

479 1883 829 1952 supplantalis
857 1899 957 1935 me.
976 1880 1041 1935 Et
1069 1881 1280 1934 dicitis:
1300 1880 1365 1933 In
1382 1897 1482 1950 quo
1509 1878 1960 1948 suppiantavimus
1980 1889 2024 1931 te
2040 1878 2066 1930 1'

483 1973 621 2036 Quia
653 1982 711 2026 ,ιε
750 1972 965 2025 decima:
1018 1981 1064 2024 et
1104 1972 1355 2038 primitiw
1391 1971 1656 2024 nobiscum
1699 1979 1839 2025 siml.
1885 1967 1952 2022 Et
1984 1986 2065 2024 re-

482 2064 758 2129 spicientes
800 2081 886 2117 vos
921 2064 1200 2133 respicitis,
1237 2074 1282 2116 et
1321 2081 1399 2116 me
1432 2080 1516 2117 vos
1551 2062 1928 2132 supplanlalis.
1958 2065 2066 2116 An-

486 2169 582 2206 nus
613 2153 856 2222 impletus
891 2163 994 2219 est,
1029 2165 1074 2207 et
1107 2153 1358 2207 intulistis
1391 2170 1565 2208 omnes
1609 2153 1817 2222 [ructus
1857 2155 1911 2208 in
1951 2154 2067 2208 tlte-

485 2261 694 2311 suuros,
727 2245 782 2299 in
811 2246 1050 2301 domibus
1087 2263 1266 2300 eorum
1299 2247 1485 2316 rapina
1510 2263 1712 2301 eorum.

557 2505 846 2562 XXXVIII.
885 2507 1170 2578 Postquam
1201 2525 1294 2565 eos
1319 2525 1349 2564 a
1382 2510 1682 2566 maledictis
1713 2510 1763 2565 in
1796 2524 1874 2574 se,
1911 2517 2071 2579 prout

489 2599 707 2664 «lignum
741 2609 886 2664 erat,
917 2605 1176 2670 coercuit,
1210 2602 1626 2673 defensioneque
1656 2603 1974 2672 congruenti
2015 2602 2068 2656 in

489 2693 822 2746 contrarium
889 2693 1075 2760 ﬂexit,
1142 2711 1266 2750 reos
1325 2697 1394 2750 ad
1462 2697 1837 2766 ptl‘nitentiam
1890 2703 2068 2763 vocat,

488 2794 749 2839 consueta
799 2785 905 2841 illis
957 2787 1214 2842 beneﬁcia
1264 2789 1671 2858 promptissime
1731 2788 2069 2843 redditurum

492 2877 771 2944 pollicens.
819 2877 972 2934 Sicut
1001 2881 1144 2934 enim
1180 2882 1344 2935 vitam
1379 2881 1698 2952 ﬂagitiosum
1733 2881 2072 2951 exigentibus

493 2985 590 3038 pro
638 2970 956 3026 delictorum
1006 2974 1211 3027 ratione
1257 2975 1576 3042 supplicium
1641 2976 1894 3042 importat
1934 2991 1948 3028 :
1999 2974 2072 3027 ita

489 3061 660 3133 858
679 3078 841 3132 super
871 3064 935 3118 iis
959 3064 1048 3134 qui
1077 3065 1221 3118 velut
1255 3074 1398 3120 retro
1425 3068 1612 3136 pedem
1641 3066 1879 3120 referunt
1903 3081 1930 3118 a
1955 3081 2075 3135 pec-

492 3165 634 3218 .-ato,
657 3165 711 3208 et
743 3155 794 3208 in
823 3165 1096 3224 posterum
1129 3172 1344 3225 quoque
1372 3157 1439 3210 ab
1461 3173 1520 3210 ea
1551 3173 1606 3212 re
1629 3158 1948 3220 abhorrent,
1983 3157 2073 3211 lae-

499 3256 639 3300 l:tltll‘
669 3263 856 3302 revera
891 3248 1109 3318 ubique,
1132 3257 1185 3303 et
1208 3250 1638 3318 desperationem
1670 3251 1820 3304 exitii
1853 3265 2073 3304 causam

499 3341 760 3404 praecidit.
793 3340 946 3396 Unde
967 3344 1252 3398 advertere
1287 3344 1464 3412 possis
1487 3359 1649 3413 quam
1679 3343 1898 3397 noxium
1932 3358 2079 3396 mor-

501 3431 623 3481 hum
649 3430 699 3482 in
727 3430 890 3484 vitam
914 3431 1191 3495 invehant,
1210 3433 1302 3501 qui
1322 3433 1654 3501 paenitentiae
1677 3434 1904 3504 gratiam
1929 3431 2082 3486 adul-

502 3530 701 3587 terant,
733 3531 786 3576 et
819 3523 1056 3592 sibiipsis
1110 3538 1238 3578 vere
1263 3525 1516 3593 puritatis
1549 3538 1744 3578 nomen
1777 3524 2078 3578 ascribunt.

502 3613 800 3668 Pratstabat
827 3623 975 3668 certe
1000 3614 1241 3682 cogitare
1268 3614 1575 3682 opinionem
1606 3613 1672 3667 de
1699 3628 1792 3668 sua
1822 3613 2082 3684 puritate,

500 3725 605 3777 qua
633 3717 1107 3773 carent,extrema:
1133 3708 1466 3778 impuritatis
1495 3709 1701 3762 crimen
1735 3706 1838 3762 illis
1866 3721 2081 3776 parere.

503 3801 774 3870 Scriptum
823 3809 907 3854 est
951 3801 1094 3854 enim
1134 3819 1147 3854 :
1191 3817 1210 3850 ι
1259 3800 1355 3853 Dic
1407 3808 1460 3853 tu
1520 3800 1726 3868 primus
1774 3799 2086 3866 iniquitates

504 3903 647 3955 tuas,
694 3901 752 3946 ut
783 3892 1099 3961 justiilceris
1121 3892 1190 3946 ⁸⁸.
1225 3910 1244 3942 ›
1300 3891 1484 3946 Psallit
1530 3901 1582 3944 et
1615 3891 1830 3945 divinus
1868 3890 2032 3945 David
2066 3908 2083 3946 :

507 4005 528 4036 ο
560 3984 822 4050 Quoniam
852 3983 1191 4051 iniquitatem
1216 3997 1391 4037 meam
1423 3998 1522 4053 ego
1556 3997 1848 4052 c0gnosco,
1874 3993 1929 4036 et
1963 3999 2088 4053 pec-

504 4084 684 4128 catum
715 4089 891 4129 meum
924 4084 1115 4129 contra
1143 4088 1230 4128 me
1252 4083 1336 4128 est
1366 4088 1580 4143 semper
1599 4073 1666 4127 δι.
1703 4094 1722 4127 ›
1760 4103 1831 4114 —
1867 4093 1886 4126 ι
1919 4073 2088 4130 Nemo

503 4169 648 4222 enim
697 4168 928 4223 mundus
967 4177 1050 4222 est
1094 4182 1126 4222 a
1178 4168 1369 4234 sorde,
1427 4187 1447 4220 ι
1492 4177 1552 4222 ιιι
1601 4167 1860 4238 scriptum
1913 4169 2085 4223 est”.

502 4264 682 4330 Quare
735 4261 1038 4330 hujusmodi
1087 4261 1456 4317 imbecillitate
1494 4262 1710 4333 aegrotis
1759 4263 2090 4333 paenitentiae

501 4354 658 4409 bonis
685 4362 742 4409 et
773 4370 1006 4424 superna
1055 4355 1467 4409 mansuetudine
1503 4369 1638 4425 opus
1673 4364 1775 4421 est,
1805 4371 1925 4426 qua:
1960 4373 2092 4412 con-

2165 497 2468 567 προφήτας.
2496 494 2607 547 Καὶ
2641 494 2798 562 ὑμεῖς
2842 487 3169 560 πληρώσατε
3197 485 3257 538 τὸ
3286 483 3484 556 μέτρον
3507 479 3616 536 τῶν
3649 498 3746 534 πα-

2163 588 2336 658 τέρων
2361 587 2533 658 ὑμῶν.
2580 604 2597 635 ι
2638 581 2847 637 Οὐκοῦν
2884 581 3177 650 ἀναγκαῖον
3208 579 3380 649 ἡμᾶς,
3410 575 3570 644 εἴπερ
3593 574 3752 644 ἐσμὲν

2162 678 2379 749 ἀληθῶς
2412 677 2738 750 ἀρτίφρονες
2761 676 2854 728 καὶ
2878 677 2935 727 ἐν
2979 673 3053 744 νῷ
3083 672 3402 743 νθήκοντι,
3452 665 3650 738 ζηλοῦν
3676 667 3752 719 ὅτι

2167 769 2407 838 μάλιστα
2459 769 2586 832 τοὺς
2649 767 2758 821 τῶν
2795 765 3076 836 προγόνων
3139 762 3570 833 δοκιμωτάτους,
3621 760 3751 812 ἀπο-

2167 862 2404 914 σείεσθαι
2432 861 2487 914 δὲ
2513 861 2620 914 τῶν
2650 860 2724 932 μὴ
2774 860 2996 927 ἀγαθῶν
3041 857 3137 927 τὴν
3189 856 3444 927 μίμησιν,
3502 852 3570 906 Ἢ
3601 853 3650 904 εί
3683 849 3756 922 μὴ

2163 953 2319 1006 τοῦτο
2378 953 2510 1024 δρᾷν
2562 952 2735 1006 ἐλοιτό
2786 969 2891 1014 τις,
2933 948 3119 1003 ’ἐποιτό
3173 965 3235 1016 γε
3289 948 3393 1017 μὴν
3434 945 3621 1008 ἁπλῶς
3667 945 3758 998 καὶ

2163 1046 2541 1109 ἀϐασανίστως
2577 1048 2687 1108 τοῖς
2714 1047 2770 1097 ἐν
2799 1043 2975 1115 χρόνῳ
3032 1041 3442 1113 προειληφόσιν,
3492 1037 3646 1090 ἔσται
3693 1035 3755 1107 δὴ

2163 1138 2379 1200 πάντως
2411 1135 2747 1207 προσεοικὼς
2775 1135 2885 1188 τῶν
2919 1134 3190 1204 Ἑλλήνων
3221 1130 3430 1190 παισὶν,
3475 1128 3571 1192 οὓς
3599 1127 3756 1198 εἴπερ

2162 1247 2246 1293 τις
2274 1228 2743 1299 καταμωμὴσαιτο
2796 1227 2898 1288 ὅτι,
2937 1225 3195 1296 μεθέντες
3224 1223 3323 1292 τῆς
3358 1221 3616 1291 ἀληθείας
3661 1217 3758 1289 τὴν

2164 1321 2364 1390 γνῶσιν
2389 1324 2480 1373 καὶ
2505 1320 2598 1372 τὸν
2652 1319 2812 1387 φύσει
2838 1317 2971 1370 Θεὸν
3019 1314 3492 1376 καταλελοιπότες,
3523 1328 3759 1380 προσκυ-

2163 1411 2315 1464 νοῦσι
2369 1409 2572 1476 λίθοις,
2626 1409 2726 1480 τὴν
2777 1408 2886 1462 τῶν
2951 1406 3094 1462 ἰδίων
3145 1406 3399 1478 πατέρων
3453 1401 3758 1470 ἀειλογοΞΞσι

2167 1504 2473 1573 συνήθειαν.

2247 1595 2682 1664 Ἐπιστρέψατε
2727 1596 2880 1662 πρός
2931 1609 3032 1662 με,
3085 1586 3756 1658 καὶοέπιστραφήσομαι

2167 1687 2316 1756 πρὸς
2353 1687 2529 1756 ὑμᾶς,
2578 1687 2741 1756 λέγει
2791 1687 3006 1754 Κύριος
3035 1683 3480 1752 παντοκράτωρ.
3521 1681 3630 1734 Καὶ
3681 1679 3759 1733 εἷο

2169 1795 2333 1832 πατε·
2385 1779 2482 1832 Ἐν
2507 1780 2625 1832 τίνι
2658 1776 3135 1846 ὲπιστρέψομεν;
3173 1777 3327 1843 Μήτι
3366 1773 3632 1843 acapna?
3657 1773 3758 1826 ἇν-

2169 1873 2403 1937 θρωπος
2453 1869 2638 1932 Θεόν;
2701 1869 2856 1921 Διότι
2908 1866 3078 1936 ὑμεῖς
3127 1862 3462 1933 πτερνίζετέ
3498 1881 3592 1932 με.
3653 1861 3757 1915 Kal

2169 1960 2371 2025 ἐρεῖτε
2417 1960 2514 2013 Ἐν
2567 1960 2686 2013 τίνι
2723 1957 3171 2028 ἐπτερνίσαμέν
3226 1973 3338 2021 σε;
3383 1956 3510 2009 Ὀτι
3540 1955 3611 2008 τὰ
3637 1954 3760 2007 ἐπι-

2169 2052 2388 2106 δέκατα
2416 2050 2515 2106 καὶ
2549 2051 2815 2121 ἀπαρχαὶ
2861 2051 2989 2120 μεθ’
3039 2049 3207 2119 ὑμῶν
3241 2053 3422 2103 εἰσιν.
3463 2047 3574 2101 Kal
3621 2048 3762 2100 ἀπο-

2171 2144 2500 2210 ϐλέποντες
2575 2144 2746 2212 ὑμεῖς
2809 2141 3222 2207 ἀποϐλέπετε,
3281 2140 3379 2193 καὶ
3441 2138 3544 2210 ἐμὲ
3597 2136 3761 2206 ὑμεῖς

2171 2233 2523 2302 πτερι·[ζετε.
2551 2233 2626 2288 Τὸ
2643 2235 2778 2298 ἔτος
2800 2232 3236 2300 συνετελέσθη.
3258 2232 3355 2286 καὶ
3378 2229 3762 2298 εὶσηνέγκατε

2173 2324 2373 2379 πάντα
2403 2327 2474 2379 τὰ
2503 2325 2752 2394 ἐκφόρια
2785 2327 2872 2390 εἰς
2894 2323 3037 2389 τοὺς
3061 2323 3428 2392 θησίιιῳοὺς,
3461 2320 3562 2375 καὶ
3586 2321 3655 2373 ἐν
3687 2318 3762 2384 τῷ

2171 2419 2315 2484 οἴκῳ
2352 2417 2551 2472 αὐτῶν
2579 2419 2617 2485 ἡ
2649 2417 2945 2486 διαρπαγὴ
2976 2416 3192 2470 αὐτῶν.

2242 2513 2373 2565 AH'.
2417 2511 2758 2582 Ἀποστήσας
2793 2506 2850 2564 εὖ
2880 2511 3024 2580 μάλα
3051 2511 3151 2577 τῆς
3181 2507 3304 2561 καθ’
3329 2505 3538 2561 ἑαυτῶν
3553 2505 3761 2574 γλωσσ-

2173 2605 2365 2675 αλγίας
2420 2605 2514 2658 κα)⁸
2546 2606 2663 2667 ταῖς
2689 2602 3062 2673 καθηκούσαις
3100 2600 3420 2670 ἀπολογίαις
3450 2599 3764 2669 ἐκδυσωπή-

2177 2715 2272 2762 σας
2297 2697 2371 2756 ὡς
2403 2696 2501 2761 ένι,
2559 2696 2715 2750 καλεῖ
2738 2697 2875 2767 πρὸς
2927 2695 3268 2765 μετάγνωσιν
3295 2695 3420 2756 τοὺς
3449 2693 3764 2764 ἡμαρτηκό-

2174 2808 2293 2854 τας,
2325 2790 2421 2861 τὴν
2455 2789 2658 2860 συνήθη
2696 2787 2858 2842 πάλιν
2892 2788 3074 2850 αὐτοῖς
3103 2786 3409 2856 χαριεῖσθαι
3442 2785 3636 2852 λέγων,
3672 2782 3767 2837 καὶ

2181 2880 2324 2951 μάλα
2351 2879 2662 2950 προθύμως.
2692 2879 2903 2948 Ὥσπερ
2947 2877 3055 2948 γὰρ
3106 2880 3220 2940 τοῖς
3277 2877 3524 2939 ἐκτόπως
3555 2875 3769 2928 θέλουσι

2181 2971 2329 3042 βιοῦν
2358 2971 2454 3034 τὰς
2484 2973 2667 3034 αὐτοῖς
2691 2968 3012 3042 πρεπούσας
3063 2968 3314 3038 ἐπιφέρει
3355 2967 3566 3029 ποινάς
3597 2965 3772 3028 οὕτως

2179 3067 2370 3119 ἁνόπιν
2396 3065 2585 3138 ὥσπερ
2621 3065 2782 3129 ίοῦσι,
2839 3065 2932 3117 καὶ
2977 3061 3081 3134 μὴν
3126 3059 3585 3132 παραιτουμένοις
3611 3058 3671 3111 τὸ
3692 3057 3774 3110 ἔτι

2179 3162 2538 3232 πλημμελεῖν,
2567 3161 2641 3225 ὡς
2681 3159 2896 3231 ἀληθῶς
2943 3159 3295 3228 ἐπιγάννυται
3347 3154 3645 3226 πανταχοῦ,
3673 3153 3778 3224 τὴν

2179 3253 2487 3321 ἀπόγνωσιν
2532 3253 2608 3315 ὡς
2654 3250 2876 3322 ὀλέθρου
2926 3247 3185 3322 πρόξενον
3237 3247 3570 3318 ἀποκείρων.
3609 3244 3777 3298 Ὅθεν

2185 3345 2310 3397 ἰδεῖν
2336 3343 2479 3397 ἔστιν
2503 3344 2576 3408 ὼς
2600 3343 2748 3397 δεινά
2769 3361 2890 3397 τινα
2910 3343 2986 3412 τῷ
3010 3343 3108 3413 βίῳ
3132 3341 3231 3412 τὴν
3253 3341 3407 3394 νόσον
3437 3337 3776 3409 εἰσφέρουσι,

2183 3437 2228 3490 oi
2252 3437 2350 3506 τὴν
2379 3437 2477 3506 τῆς
2504 3436 2794 3506 μετανοίας
2821 3435 3234 3506 κιϐδηλεύοντες
3267 3434 3444 3504 χάριν,
3467 3432 3561 3484 καὶ
3592 3430 3778 3498 σφίσιν

2185 3529 2365 3592 αὐτοῖς
2417 3529 2837 3598 ἐπιφημίζοντες
2875 3527 3088 3597 ἀληθῶς
3131 3527 3191 3580 τὸ
3245 3527 3345 3594 τῆς
3403 3524 3781 3596 καθαρότητος

2185 3619 2575 3690 ΰνομα.Κσ.ίτοι
2600 3621 2718 3684 πῶς
2746 3620 2846 3673 ούκ
2871 3621 3094 3690 ἄμεινον
3120 3621 3341 3682 ἐννοεῖν,
3367 3618 3448 3670 ὅτι
3477 3617 3538 3669 τὸ
3568 3613 3782 3668 οἴεσθαί

2185 3727 2245 3763 τε
2267 3711 2361 3764 καὶ
2384 3712 2580 3782 χρῆναι
2609 3712 2886 3782 καθαροὺς
2910 3711 3253 3782 ἀκαθαρσίας
3284 3710 3464 3773 αὐτοῖς
3495 3711 3596 3780 τῆς
3619 3706 3783 3776 ἐσχά-

2188 3805 2286 3873 τῆς
2321 3803 2598 3874 ἐπίκλημα
2642 3805 2795 3874 φέρει
2833 3805 2931 3875 (1);
2963 3805 3278 3874 Γέγραπται
3303 3803 3431 3874 γὰρ,
3460 3802 3542 3855 ὃτι
3577 3819 3595 3852 ι
3638 3799 3781 3867 Λέγε

2190 3896 2255 3948 σὺ
2281 3895 2378 3958 τὰς
2402 3895 2629 3965 ἀνομίας
2654 3913 2744 3948 σου
2770 3897 3010 3968 πρῶτος,
3051 3896 3137 3948 ἵνα
3161 3895 3478 3965 δικαιωθῇς.
3523 3913 3540 3947 ι
3572 3892 3783 3947 Ψάλλει

2188 3988 2245 4041 δέ
2278 4006 2380 4042 που
2409 3988 2503 4041 καὶ
2526 3990 2553 4040 ό
2582 3989 2722 4054 θεῖος
2742 3991 2872 4060 ἡμῖν
2895 3988 3079 4052 Δαϐὶδ,
3109 3989 3191 4042 ὅτι
3224 4007 3242 4039 ‹
3269 3988 3382 4058 Τὴν
3421 3988 3655 4057 ἀνομίαν
3679 4003 3782 4056 μου

2190 4076 2300 4145 ἐγὼ
2331 4077 2606 4146 γινώσκω,
2629 4079 2722 4131 καὶ
2750 4082 2782 4148 ἡ
2817 4078 3059 4148 ἁμαρτία
3093 4095 3194 4147 μου
3249 4076 3480 4130 ἐνώπιόν
3531 4076 3635 4146 μού
3664 4079 3782 4128 ἐστι

2189 4168 2504 4231 διαπαντός.
2541 4187 2560 4220 ι
2589 4199 2658 4210 --
2693 4187 2710 4218 ι
2742 4167 2998 4238 Καθαρὸς
3037 4166 3146 4235 γὰρ
3179 4165 3354 4227 οὐδεὶς
3383 4165 3492 4217 ἀπὸ
3531 4164 3709 4233 ῥύπου
3731 4181 3777 4224 ,ι

2189 4261 2333 4315 »κατὰ
2368 4262 2428 4314 τὸ
2452 4262 2863 4332 γεγραμμένον.
2890 4263 2980 4313 Δεῖ
3017 4261 3080 4330 δὴ
3120 4255 3213 4313 οὖν
3249 4261 3361 4321 τοῖς
3399 4257 3574 4319 οὕτως
3599 4258 3784 4327 ὴρῥωο

2193 4355 2419 4421 στηκόσι
2453 4354 2512 4407 τὸ
2545 4354 2737 4408 ἇναλκι
2761 4355 2869 4407 τῶν
2897 4357 2962 4408 ἐκ
2995 4353 3281 4424 μετανοίας
3315 4351 3534 4420 ἀγαθῶν
3566 4351 3661 4402 καὶ
3682 4349 3784 4418 τῆς

507 4447 822 4501 taminalum
867 4447 1101 4515 perfecte
1132 4447 1348 4510 abluat,
1401 4448 1730 4516 impiumque
1763 4450 2076 4507 sanctitlcet.

2196 4447 2398 4501 ὕδωθεν
2421 4447 2776 4517 ἡμερότητος,
2811 4445 3198 4512 διανιπτούσης
3231 4439 3289 4497 εὖ
3322 4443 3466 4514 μάλα
3487 4442 3579 4494 τὸν
3615 4457 3783 4512 μεμο-

507 4537 585 4589 Ει
625 4535 958 4600 benignitate
1009 4536 1170 4601 igitur
1225 4547 1538 4605 peccatores
1584 4538 1650 4590 ad
1709 4539 2086 4605 paenitentiam

507 4625 721 4680 invitat.
769 4623 1235 4693 Interrogantibus
1267 4635 1444 4677 autem
1493 4625 1753 4690 vicissim,
1789 4636 1844 4680 et
1874 4626 2088 4682 discere

506 4715 848 4787 cupientibus
871 4729 1104 4784 quonam
1136 4717 1296 4770 modo
1325 4716 1677 4786 deliquissent
1702 4733 1714 4772 :
1745 4733 1765 4768 ι
1798 4714 1935 4770 Num
1965 4733 2086 4786 sup-

507 4811 777 4881 ].lztntabit
809 4811 972 4866 homo
1003 4809 1190 4876 Deum,
1228 4811 1420 4882 inquit,
1446 4811 1582 4882 quia.
1603 4825 1698 4865 vos
1723 4811 2084 4882 supplantatis

579 4993 697 5026 ’Μ’
727 4992 914 5047 Matth.
944 5009 1100 5062 um,
1128 4991 1220 5059 ‘29,
1245 4991 1335 5048 5‘2.
1413 4993 1458 5024 ⁸⁸
1484 4992 1589 5048 Isa.
1629 5007 1784 5056 xuu,
1815 4990 1906 5045 26.

582 5191 658 5261 (I)
698 5190 754 5245 S.
775 5189 960 5260 Cyrilli
995 5189 1248 5258 praeclare
1273 5198 1459 5244 contra
1485 5189 1752 5261 Catharos
1776 5187 2094 5261 disserentis

510 5260 706 5316 cntum.
735 5263 785 5316 in
818 5261 1045 5316 Malach.
1092 5279 1144 5313 ιι.
1180 5261 1270 5324 38,
1308 5261 1464 5313 \crba
1499 5271 1554 5312 ut
1598 5260 1740 5313 clara
1779 5260 1887 5312 sint
1934 5271 2096 5325 atque

512 5335 674 5385 etiam
709 5349 860 5395 sana,
895 5333 960 5382 ad
999 5332 1143 5386 hunc
1201 5333 1309 5385 fore
1353 5331 1566 5384 modum
1613 5331 2012 5383 constituantur
2042 5337 2095 5382 et

517 5404 796 5465 lcgantur:
831 5401 995 5453 Ὅθεν
1029 5403 1153 5455 ἰδεῖν
1194 5403 1360 5467 ἔστιν,
1391 5401 1463 5463 ὡς
1499 5401 1677 5469 δεινήν
1723 5418 1842 5454 τινα
1874 5398 1952 5467 τῷ
1997 5397 2094 5468 βίῳ

513 5473 614 5543 τὴν
659 5473 814 5524 νόσον
857 5473 1166 5543 εἰσψέρουσι
1201 5477 1246 5526 οἰ
1291 5473 1388 5541 τὴν
1420 5472 1521 5538 τῆς
1570 5471 1857 5543 μετανοίας
1905 5470 2096 5543 κιϐδη-

514 5541 760 5604 λεύοντες
787 5543 966 5611 χάριν.
999 5541 1093 5597 καὶ
1126 5545 1304 5609 σφίσιν
1332 5546 1512 5602 αὐτοῖς
1542 5541 1965 5610 ἐπιφημίζοντες
1998 5541 2097 5592 ούκ

515 5611 730 5682 ἀληθῶς
758 5611 816 5663 τὸ
845 5613 946 5679 τῆς
977 5615 1344 5679 καθαρότητος
1370 5615 1544 5681 ὄνομα
1564 5628 1577 5641 ⁶
1606 5615 1698 5666 καί
1738 5630 1818 5664 τοι
1851 5611 2098 5682 ad»;on

516 5680 736 5744 ἄξιεινον
771 5683 966 5734 ἐννοεῖν
993 5685 1073 5736 ὅτι
1108 5684 1166 5735 τὸ
1194 5683 1397 5735 οἴεσθαί
1426 5680 1483 5734 τε
1522 5683 1611 5733 καὶ
1653 5680 2094 5752 χρηματισθῆναι

522 5753 811 5828 πᾝριὴ.
846 5753 1180 5822 ἀκαθαρσίας
1220 5754 1398 5815 αὐτοῖς
1434 5753 1526 5816 τῆς
1553 5754 1784 5821 ἐσχάτης
1820 5751 2095 5818 ἐπίκλημα

1984 4992 2027 5024 ⁸¹
2060 4991 2197 5048 Psal.
2222 5011 2272 5062 ι,
2315 4994 2368 5050 5.

2195 4541 2480 4609 Αυσμένον,
2501 4541 2595 4594 καὶ
2621 4538 2936 4610 δικαιούσης
2961 4539 3273 4608 τὸνάσεόἦ.
3306 4537 3479 4591 Καλεῖ
3495 4534 3784 4604 τοιγαροῦν

2194 4632 2273 4694 εἰς
2310 4633 2648 4702 μετάγνωσιν
2682 4630 2740 4696 ἐξ
2797 4630 3134 4701 ἡμερότητος
3197 4630 3324 4694 τοὺς
3366 4626 3779 4699 ἡμαρτηκότας.

2205 4722 2514 4791 Ἐρομὲνοις
2538 4722 2594 4775 δὲ
2646 4717 2710 4774 αὖ
2753 4721 2846 4774 καὶ
2872 4721 3170 4791 ἀναμαθεῖν
3203 4720 3446 4772 ἐθέλουσι
3475 4719 3573 4788 τῆς
3603 4717 3784 4785 πλημ-

2196 4812 2416 4882 μελείας
2440 4815 2532 4867 τὸν
2554 4814 2777 4886 τρόπον,
2809 4832 2828 4866 ι
2890 4812 2954 4866 Εἰ
2984 4814 3247 4887 πτερνιεῖ,
3285 4815 3473 4883 φησὶν,
3499 4811 3784 4882 ἄνθρωπος

2449 4995 2493 5026 ⁸’
2527 4993 2626 5050 Job
2686 5011 2758 5060 tv,
2791 4994 2843 5047 4.

2203 5190 2389 5259 φέρει;
2420 5189 2534 5242 Iloc
2571 5200 2653 5242 est
2681 5208 2694 5242 :
2727 5187 2875 5242 Unde
2904 5206 3114 5244 cernere
3141 5199 3213 5242 est
3247 5187 3364 5241 illos
3394 5203 3596 5256 gravem
3635 5201 3784 5259 mor-

2204 5255 2324 5313 buin
2350 5264 2407 5315 in
2437 5262 2596 5313 vitam
2643 5261 2881 5313 inve/tere
2907 5263 2997 5328 qui
3029 5261 3343 5323 paenitentiw
3371 5255 3788 5328 gratiamadnl-

2203 5341 2394 5391 (erant,
2423 5341 2470 5384 et
2504 5331 2732 5395 sibiipsis
2800 5325 2936 5398 [also
2973 5332 3220 5398 puritatis
3253 5325 3434 5382 nomen
3469 5325 3737 5379 ascribunt
3765 5338 3784 5398 ξ

2201 5419 2498 5471 quanquam
2529 5393 2633 5470 quo
2663 5393 2818 5454 modo
2853 5393 3093 5455 itan-erat
3136 5400 3322 5452 melius
3375 5399 3602 5471 cogitare.
3643 5393 3786 5462 quod

2198 5468 2384 5540 putare
2415 5489 2467 5524 se
2498 5468 2550 5524 et
2582 5489 2762 5524 νος(υέ
2790 5488 2967 5536 puros,
2994 5473 3190 5524 crimen
3221 5472 3324 5521 illis
3355 5468 3511 5534 infert
3537 5478 3784 5540 eamut}:

2198 5537 2561 5598 inmurimtis?
2608 5543 2821 5606 Λευ-’ἡν
2863 5545 3011 5604 posui
3045 5560 3136 5604 pro
3176 5540 3351 5599 δεινὰ.
3385 5541 3498 5591 οὐκ
3545 5537 3787 5599 ἀληθῶς

2197 5629 2289 5678 pro
2320 5614 2556 5675 ἀληθῶς,
2586 5624 2631 5667 et
2665 5612 3142 5683 χρημίιτισοῆναι
3170 5629 3264 5678 pro
3295 5610 3508 5682 χρῆναι.
3537 5607 3784 5662 (10181.2-

2197 5699 2336 5749 utus,
2373 5684 2603 5738 Monum.
2640 5682 2897 5738 [ἐστίζσν.
2932 5682 3014 5749 ll,
3044 5682 3162 5737 667.
