4026 6276
200 319 300 377 345

1052 321 1598 384 COMMENTARIUS
1640 327 1707 384 ΙΝ
1745 327 2152 388 MALACHIAM
2193 282 2638 389 PiiOPllE'fAM.

3386 335 3490 390 346

201 437 350 502 Θεὸν,
373 436 511 492 διότι
544 438 701 510 ὑμεῖς
741 437 1052 510 πτερνίζετέ
1090 459 1156 512 με
1181 461 1196 512 ;
1235 465 1252 495 ι
1281 443 1354 498 Τὸ
1379 446 1434 499 δὲ
1455 447 1784 516 artem-(few

1891 468 1975 507 me
1991 453 2014 506 ?
2033 472 2050 505 ι
2077 452 2436 522 Supplantare
2460 459 2544 507 est
2565 451 2828 518 diripere,
2855 461 2946 504 Aut
2971 453 3243 520 decipere,
3266 461 3318 506 et
3345 452 3490 506 arbi-

203 529 311 582 ὲστὶ
339 529 401 582 τὸ
433 529 878 602 συναρπάζειν,ῆ
909 534 1240 600 φενακίζειν,
1277 535 1484 590 οἴεσθαί
1518 556 1576 592 τε
1601 537 1784 592 λαθεῖν

195 619 558 690 ψευδομένους
591 620 772 690 τυχὸν,
807 621 839 692 ἢ
863 621 954 674 καί
984 641 1036 676 τι
1074 625 1315 697 δρῶντάς
1337 645 1460 682 τινα
1489 629 1598 682 τῶν
1627 633 1784 683 ἐκτο-

201 709 478 766 πωτάτων.
505 711 615 765 Καὶ
647 713 776 782 γοῦν
799 712 1035 768 ἐνεκότει
1071 719 1168 786 μὲν
1201 721 1228 772 ὁ
1257 719 1426 773 Ἠσαῦ
1454 721 1532 790 τῷ
1565 721 1780 787 Ἰακὼϐ,

203 801 288 854 τοῦ
318 801 377 854 δὲ
417 802 632 870 φθονεῖν
679 805 776 876 τὴν
803 810 1074 879 πρόφασιν
1122 809 1490 882 ἐξηγούμενος
1522 811 1780 882 ἔφασκεν-ιο

212 913 229 946 ι
273 895 591 965 Ἐπτέρνισε
617 897 726 968 γάρ
750 917 816 970 με
857 901 954 970 ῆδη
977 901 1230 972 δεύτερον
1258 902 1436 969 τοῦτο,
1462 903 1531 956 τά
1557 920 1612 955 τε
1636 921 1776 976 πρω-

207 984 420 1038 τοτόκιά
445 1003 545 1056 μου
579 987 790 1059 εἴληφε,
819 992 912 1044 καὶ
939 989 1034 1046 νῦν
1063 993 1254 1062 εἴληφε
1283 995 1376 1046 καὶ
1411 995 1511 1065 τὴν
1531 996 1784 1064 εὐλογίαν

209 1091 323 1144 μου.
359 1093 376 1126 ι
431 1071 558 1148 'Ap'
587 1073 680 1130 οὑν
730 1081 1032 1149 περιέσται,
1075 1083 1228 1152 φησὶ,
1285 1083 1570 1156 ἄνθρωπος
1611 1085 1782 1152 Θεοῦ,

208 1163 732 1238 ῆγουν’συναρπάσει
755 1172 845 1223 τὸν
868 1171 1044 1226 πάντα
1075 1175 1287 1240 εἰδότα;
1329 1176 1395 1228 Τί
1429 1176 1606 1230 τοίνυν
1625 1179 1784 1247 ὑμεῖς

206 1259 296 1327 ἐμὲ
319 1261 634 1330 πτερνίζετε
655 1279 669 1326 ;
692 1261 903 1332 Χρῆναι
933 1257 988 1317 δὲ
1013 1266 1382 1336 ὑπολαμϐάνω
1416 1269 1552 1338 προς
1579 1269 1782 1340 ἀκριϐῆ

205 1350 524 1420 διασάφησιν
557 1353 668 1404 τῶν
695 1356 1069 1424 προκειμένων
1102 1359 1234 1426 ἡμῖν
1265 1357 1480 1411 ἐννοιῶν
1516 1359 1648 1412 ἄττα
1691 1361 1785 1411 καὶ

204 1439 292 1493 νῦν
316 1445 510 1510 εἰπεῖν,
545 1443 580 1498 ἃ
614 1446 708 1498 xui.
743 1447 800 1499 ἐν
829 1451 942 1510 τοῖς
982 1447 1076 1500 τοῦ
1111 1449 1316 1518 Ἔσδρα
1345 1451 1656 1520 γέγραπται
1689 1451 1768 1504 Βι-

203 1534 386 1599 ϐλίοις.
426 1536 644 1606 Ἐπειδὴ
679 1539 786 1610 γάρ
807 1541 1080 1612 ἐπανῆκον
1123 1543 1200 1604 είς
1251 1543 1348 1612 τὴν
1400 1543 1654 1596 Ἰουδαίαν
1683 1543 1786 1614 τὴν

203 1627 558 1681 Βαϐυλωνίων
603 1631 830 1698 ἀφέντες
864 1631 968 1702 γῆν
1020 1637 1067 1686 οἱ
1112 1635 1170 1700 ἐξ
1217 1634 1608 1706 Ἰερουσαλὴμ,
1641 1653 1778 1690 κατ-

199 1719 446 1786 ῳκήκασι
477 1719 576 1789 μὲν
600 1722 656 1772 ἐν
683 1725 794 1784 τοῖς
821 1723 1084 1794 Ἰεροσολὺ
1095 1741 1236 1794 μοις.
1253 1725 1579 1797 Ἑγήγερται
1605 1726 1660 1778 δὲ
1690 1727 1782 1780 καὶ

199 1809 224 1859 ὁ
259 1809 404 1872 θεῖος
433 1812 582 1876 ναὸς,
615 1815 708 1866 καὶ
735 1809 802 1885 ἦν
829 1818 885 1868 ἐν
915 1819 1108 1888 κόσμῳ
1137 1817 1322 1870 λοιπὸν
1344 1819 1411 1872 τὰ
1445 1817 1552 1871 τῶν
1591 1820 1783 1888 ἱερέων
1818 1799 1857 1853 Β

199 1903 473 1972 τάγματα,
505 1904 650 1974 ᾠδοὶ,
687 1908 782 1958 καὶ
818 1908 1153 1979 ἱεροψάλται,
1187 1911 1278 1962 καὶ
1307 1912 1354 1962 οῖ
1402 1915 1514 1974 τοῖς
1543 1911 1784 1964 πυλῶσιν

198 1995 584 2065 ἐφεστηκότες.
617 1993 748 2050 Εἶτα
779 1999 829 2051 τί
855 2001 912 2052 τὸ
942 2001 1077 2070 μετά
1106 2001 1294 2067 τοῦτο;
1335 2003 1598 2073 Ῥᾴθυμοι
1622 2004 1784 2072 γεγό-

197 2103 348 2139 νασιν
381 2090 432 2140 οἱ
462 2088 861 2160 λελυτρωμένοι
884 2091 1010 2162 περί
1047 2109 1110 2160 γε
1137 2093 1196 2146 τὸ
1236 2094 1347 2146 δεῖν
1369 2094 1476 2146 τῶν
1509 2094 1669 2148 θείων
1689 2095 1785 2148 ἀνι-

196 2178 312 2249 τέχε
323 2177 450 2232 σθαι
473 2179 880 2249 θεσπισμάτων.
909 2184 982 2236 Οὑ
1001 2183 1110 2254 γὰρ
1132 2201 1256 2254 τετη
1267 2185 1467 2255 ρήκασι
1489 2185 1580 2237 τὸν
1597 2185 1782 2256 νόμον,

196 2268 504 2338 λελόγισται
533 2273 588 2325 δὲ
620 2277 752 2345 παρ’
785 2276 936 2328 οὐδὲν
964 2277 1148 2340 αὑτοῖς
1173 2279 1271 2348 τῆς
1299 2279 1536 2349 ἀρχαίας
1563 2280 1785 2349 ἐντολῆς

195 2361 224 2430 ή
257 2361 598 2431 παράϐασις,
625 2367 718 2417 καὶ
755 2365 1121 2438 παρεκόμιζον
1147 2369 1244 2438 μὲν
1265 2371 1342 2432 είς
1381 2369 1572 2423 θυσίαν
1629 2370 1786 2438 μόλις

196 2453 282 2503 καὶ
305 2449 564 2524 ὀκνηρῶς
595 2455 664 2508 τὰ
691 2456 888 2524 τυφλὰ,
921 2457 1013 2510 καὶ.
1061 2459 1398 2529 ἁρπάγματα
1425 2501 1439 2523 ,
1471 2462 1565 2514 καὶ
1614 2463 1782 2532 χωλά,

193 2543 280 2595 καὶ
313 2543 386 2596 τὰ
436 2545 820 2617 ἐνοχλούμενα.
871 2545 1002 2602 Εἶτα
1045 2551 1328 2621 κείραντες
1372 2554 1428 2605 ἐν
1477 2554 1684 2624 ἀγροῖς,
1727 2555 1785 2608 ἐν

193 2634 328 2706 ὥρᾳ,
361 2637 463 2690 τὸν
492 2637 730 2710 ἄσταχυν
767 2643 862 2694 καὶ
905 2643 1012 2714 μὴν
1068 2646 1160 2697 καὶ
1185 2643 1252 2696 τά
1287 2643 1451 2714 ’έτερα
1477 2645 1585 2698 τῶν
1615 2663 1784 2716 σπερ-

196 2729 404 2796 μάτων,
433 2731 854 2802 ἀποτρυγῶντες
879 2735 934 2786 δὲ
965 2735 1059 2787 καὶ
1086 2736 1382 2804 ἀμπέλους,
1409 2737 1504 2790 καὶ
1531 2739 1657 2801 τοὺς
1686 2739 1786 2809 τῆς

195 2819 390 2908 ἕῖιαίας)
415 2827 664 2893 καρποὺς
699 2826 1061 2892 ἐκθλίϐοντες,
1092 2829 1150 2881 οὑ
1186 2829 1418 2892 δεκάτας
1470 2831 1782 2901 προσῆγον,

195 2913 246 2963 οὑ
282 2914 394 2976 τὰς
433 2915 575 2967 κατά
621 2917 784 2986 νόμον
825 2919 1112 2989 ἀπαρχάς,
1164 2919 1250 2974 ἵνα
1290 2920 1480 2990 ἔχοντα
1523 2922 1619 2990 τὴν
1653 2923 1784 2976 αὑτ-

192 3001 424 3072 ἀρκειαν
459 3004 529 3058 τὲ
553 3005 660 3058 τῶν
697 3007 884 3077 ἱερέων
923 3010 1182 3080 τάγματα
1205 3053 1220 3076 ,
1269 3013 1659 3084 προσιζήσειαν
1685 3014 1784 3082 μὲν

191 3095 630 3167 ἀπερισπάστως
658 3103 776 3162 ταῖς
799 3103 876 3163 είς
929 3101 1060 3154 θεὸν
1092 3102 1392 3173 λατρείαις,
1431 3103 1783 3176 προσμένωσι

189 3185 242 3236 δὲ
269 3188 400 3249 ταῖς
460 3187 524 3239 ἐκ
559 3189 726 3257 νόμου
777 3190 1142 3260 τεταγμέναις
1190 3193 1370 3256 αὐτοῖς
1399 3194 1784 3265 λειτουργίαις.

190 3278 430 3341 Οὐδενὸς
453 3279 742 3350 τοιγαροῦν
764 3285 1333 3354 προσκεκομισμένου,
1356 3273 1792 3360 κατεσκευάσθη-

190 3385 288 3421 σαν
325 3370 380 3422 οἰ
421 3369 536 3421 τῶν
569 3369 730 3424 θείων
789 3371 1191 3445 θυσιαστηρίων
1246 3379 1542 3448 ἱερουργοὶ,
1585 3379 1790 3450 ἔρημός

186 3477 244 3512 τε
274 3461 466 3525 οὕτως
486 3463 908 3534 ἁπομεμένηκεν
939 3469 966 3519 ὁ
997 3467 1146 3532 λαδς,
1178 3468 1238 3521 οὐ
1279 3468 1471 3532 θυσίας
1524 3470 1789 3540 τελουμέ-

185 3569 304 3622 νης,
341 3555 455 3622 οὐχ
491 3555 677 3624 ἐτέρου
710 3557 852 3620 τινος
884 3558 1162 3628 δρωμένου
1224 3559 1334 3613 τῶν
1376 3563 1455 3624 είς
1512 3560 1670 3627 δόξαν
1700 3579 1790 3614 τε-

185 3643 442 3698 λούντων
467 3645 625 3701 Θεοῦ.
663 3649 1064 3721 Κατεφθείρετο
1115 3651 1177 3722 δὴ
1219 3649 1312 3705 οὑν
1359 3653 1574 3706 ἅπαντα
1605 3653 1790 3707 λοιπὸν

183 3735 252 3790 τά
281 3740 341 3791 ἐν
365 3739 592 3808 ἀγροῖς,
625 3739 768 3811 λιμῷ
791 3759 848 3794 τε
873 3743 1284 3808 κατεπιέζοντο,
1317 3745 1413 3799 καὶ
1443 3743 1507 3815 δὴ
1559 3746 1653 3800 καὶ
1711 3747 1791 3809 είς

183 3827 344 3882 τοῦτο
375 3827 726 3883 κατὼλισθον
762 3833 1006 3902 ἀνάγκης
1036 3851 1096 3886 τε
1152 3835 1246 3887 καὶ
1306 3836 1561 3907 ἀπορίας,
1594 3836 1670 3900 ὡς
1698 3835 1790 3889 καὶ

183 3920 326 3973 αὑτά
368 3921 670 3991 βούλεσθαι
699 3926 809 3986 τοῖς
841 3923 1024 3994 ἔχουσι
1055 3928 1262 3997 τροφάς
1296 3927 1700 3998 ἀπεμπωλῆσαι
1723 3926 1792 3980 τὰ

180 4013 372 4076 τέκνα,
421 4014 622 4084 μέχρις
653 4015 719 4069 ἂν
762 4018 996 4088 Ἔσδρας
1028 4020 1108 4082 εἰς
1161 4018 1414 4090 αἴσθησιν
1455 4020 1793 4089 κεκλημένος

177 4103 274 4174 τῆς
313 4104 487 4167 θείας
515 4105 704 4175 ὀργῆς,
747 4108 1024 4179 ἐπέσκηψε
1060 4110 1187 4180 περὶ
1217 4105 1424 4164 τοῦτων
1477 4113 1589 4174 τοῖς
1623 4113 1790 4179 ἡγουο

181 4196 368 4262 μένοις
406 4195 516 4248 τοῦ
582 4199 818 4268 Ἰσραήλ.
869 4202 1284 4272 Προσεκὸμισάν
1325 4221 1382 4256 τε
1440 4201 1581 4256 οὑτω
1640 4201 1794 4272 μόλις

173 4285 430 4351 δεκάτας
465 4287 558 4340 καὶ
593 4290 868 4361 ἀπαρχὰς,
906 4293 995 4344 καὶ
1020 4293 1204 4345 λοιπὸν
1229 4292 1550 4364 εἰσέδραμον
1581 4294 1793 4364 ίερουρυ

176 4381 284 4448 γοὶ,
321 4381 582 4452 ἔστησάν
633 4401 692 4436 τε
742 4384 811 4437 τὰ
868 4385 1070 4455 συνήθη
1135 4385 1366 4456 δρῶντες
1427 4387 1484 4437 ἐν
1542 4385 1619 4455 τῷ
1654 4384 1789 4454 ναῷ.

1893 553 2023 598 trart
2041 543 2312 599 fallaciam
2329 557 2488 612 posse
2502 541 2940 613 deceptoslatere
2965 543 3214 606 forsitan,
3237 542 3489 613 quamvis

1889 637 2156 706 quispiam
2189 635 2610 691 insolentissima
2641 635 2888 703 quaedam
2920 635 3274 689 commiserit.
3303 636 3490 702 Itaque

1887 729 2224 783 irascebatur
2251 727 2388 782 Esau
2415 727 2606 790 Jacub,
2634 737 2689 780 et
2715 727 2930 780 invidia:
2957 727 3300 780 occasionem
3327 742 3488 780 enar-

1889 835 2014 874 rans
2054 819 2306 872 dicebat:
2343 836 2363 869 ι
2396 817 2770 885 Supplantavit
2818 816 2964 870 enim
3004 830 3090 869 me
3137 815 3307 866 altera
3349 815 3486 867 vice.

1885 910 2248 980 Priuuugenita
2281 925 2398 964 mea
2427 920 2552 964 ante
2581 909 2723 970 tulit,
2752 917 2804 961 et
2845 924 2990 962 nunc
3021 909 3288 975 subripuit
3321 909 3486 961 bene-

1886 1000 2177 1056 dictionem
2218 997 2479 1054 meam".
2507 1019 2524 1049 ι
2547 998 2678 1052 Num
2715 999 2878 1068 igitur
2911 997 3072 1052 homo
3105 999 3206 1052 erit
3241 998 3488 1064 superior

1889 1093 2017 1158 Deo,
2047 1091 2243 1159 inquit,
2273 1101 2369 1145 aut
2398 1091 2616 1158 diripiet
2647 1091 2828 1144 omnia
2857 1089 3316 1155 scientem?Quid
3354 1104 3483 1158 ergo

1885 1200 1984 1239 vos
2014 1199 2099 1238 me
2138 1183 2528 1253 supplantatis‘!
2561 1183 2826 1238 Existimo
2857 1195 3040 1237 autem
3077 1183 3141 1235 ad
3185 1183 3478 1252 plenioretn

1886 1277 2308 1332 declarationem
2364 1275 2655 1344 propositae
2705 1276 2990 1328 sentcntiae
3040 1275 3286 1341 quaedam
3339 1289 3482 1328 nunc

1886 1381 2100 1438 quoque
2133 1367 2399 1420 afferenda
2435 1366 2486 1418 in
2525 1365 2782 1430 medium,
2829 1381 2948 1434 quae
2975 1366 3027 1418 in
3071 1364 3247 1420 Libris
3297 1364 3482 1420 Esdrte

1885 1459 2084 1525 scripta
2115 1467 2353 1512 exstant.
2381 1455 2654 1526 Babylone
2685 1457 2736 1508 in
2771 1455 3011 1510 .ludazam
3043 1456 3482 1527 llierosolymitm

1887 1551 2088 1606 reversi
2132 1548 2566 1620 Hierosolymam
2617 1549 2953 1604 habitarunt.
3001 1547 3350 1602 Aidilicatum
3396 1557 3483 1602 est

1886 1641 2127 1694 divinum
2184 1638 2470 1708 templum,
2523 1647 2580 1692 et
2621 1637 2891 1692 ﬂorebant
2927 1638 3186 1705 deinceps
3229 1639 3481 1692 sacerdo-

1889 1740 1998 1784 tum
2049 1729 2286 1792 ordines,
2336 1741 2612 1796 cantores,
2667 1731 2852 1798 psaltaa
2907 1737 2960 1782 et
3014 1728 3301 1794 ianitores.
3342 1728 3480 1794 Quid

1887 1822 2112 1892 postea?
2152 1823 2428 1876 Servitute
2473 1821 2688 1875 liberati
2722 1823 2775 1874 in
2813 1821 3012 1874 divinis
3056 1821 3291 1875 oraculis
3328 1835 3482 1874 exse-

1887 1915 2116 1984 quendis
2158 1915 2362 1968 inertes
2388 1923 2701 1968 evaserunt.
2741 1912 2850 1966 Nec
2885 1914 3028 1966 enim
3074 1911 3246 1980 legem
3291 1928 3480 1966 serva-

1886 2008 2038 2071 bant,
2076 2014 2130 2058 et
2179 2014 2338 2060 vetus
2379 2004 2696 2058 mandatum
2736 2019 2834 2073 per
2882 2003 3066 2057 ludum
3115 2003 3483 2074 transgredie-

1889 2099 2104 2163 bantur,
2127 2107 2175 2152 et
2206 2097 2271 2150 ad
2305 2095 2634 2152 sacrificium
2665 2111 2808 2163 :egre
2855 2104 3280 2161 cunctanterque
3312 2109 3480 2157 οπερ,

1889 2202 2040 2259 rapta
2078 2199 2134 2245 et
2166 2189 2364 2244 debilia
2397 2189 2798 2242 ministrabant.
2833 2185 3058 2250 Deinde,
3087 2201 3184 2240 suo
3217 2195 3478 2254 tempore,

1887 2281 1940 2336 in
1971 2283 2118 2352 agris
2160 2290 2370 2351 segetes
2395 2281 2609 2350 aliaque
2637 2281 2908 2347 legumina
2939 2281 3235 2344 dementes,
3265 2287 3319 2333 et
3351 2293 3482 2333 uvas

1887 2372 2221 2440 colligentes,
2247 2379 2302 2425 et
2329 2371 2506 2425 oleum
2537 2371 2926 2438 exprimentes,
2947 2383 3046 2422 nec
3071 2369 3335 2430 decimas,
3358 2383 3479 2433 nec,

1887 2467 2184 2520 secundum
2221 2464 2415 2534 legem,
2456 2463 2726 2533 primitias
2769 2462 3168 2531 persolvebant,
3209 2459 3381 2531 859
3424 2471 3484 2515 ut

1888 2561 2229 2614 sacerdotum
2262 2559 2478 2612 ordines
2517 2557 2659 2626 quod
2692 2558 2826 2610 satis
2858 2565 3005 2609 esset
3047 2551 3334 2619 baberent,
3362 2553 3480 2608 cul-

1890 2660 2112 2720 tumque
2150 2651 2387 2704 divinum
2417 2649 2552 2703 citra
2585 2647 2932 2701 solitudinem
2963 2645 3483 2712 distractionemque

1886 2743 2256 2808 celebrarent,
2294 2751 2456 2810 atquc
2481 2739 2534 2794 in
2577 2739 2896 2794 ministeriis
2936 2739 3051 2807 lege
3089 2737 3354 2790 institutis
3389 2751 3480 2789 as-

1887 2836 2044 2889 siduo
2081 2819 2458 2888 versaremur.
2495 2833 2652 2886 Nullo
2687 2833 2852 2902 igitur
2885 2832 3075 2884 borum
3113 2829 3314 2892 oblato,
3349 2827 3484 2880 divi—

1889 2941 2080 2980 norum
2129 2925 2378 2978 altarium
2417 2923 2650 2977 ministri
2693 2923 2832 2976 sacri
2870 2921 3042 2975 delusi
3094 2930 3240 2984 sunt,
3277 2926 3328 2972 et
3379 2931 3480 2986 po-

1888 3017 2044 3088 pulus
2076 3018 2146 3070 ita
2176 3017 2463 3069 destitutus
2509 3014 2740 3078 mansit,
2775 3029 2893 3066 eum
2933 3027 3029 3065 nec
3062 3026 3212 3064 sacra
3252 3022 3476 3078 perage-

1893 3121 2102 3173 rentur,
2131 3099 2230 3163 nec
2261 3107 2404 3161 aliud
2439 3107 2714 3176 quidpiam
2753 3106 2820 3160 ad
2853 3105 2944 3159 Dei
2985 3104 3211 3170 gloriam
3256 3111 3484 3172 praesta-

1895 3209 2040 3254 retur
2062 3199 2126 3252 ⁸⁵.
2163 3199 2298 3252 Hinc
2329 3198 2507 3252 omnia
2543 3197 2594 3251 in
2627 3197 2770 3268 agris
2799 3195 3195 3256 moriebantur,
3220 3203 3274 3246 et
3301 3192 3472 3246 fames

1892 3291 2173 3356 saeviebat;
2205 3289 2331 3358 quin
2353 3304 2418 3342 eo
2449 3288 2794 3343 necessitatis
2845 3297 2900 3341 et
2935 3286 3130 3352 inopiae
3159 3284 3482 3351 redigebat)-

1895 3391 2000 3447 tur,
2035 3381 2278 3451 uPipsos
2331 3395 2546 3450 quoque
2596 3380 2795 3434 liberos
2842 3379 3098 3432 alimenta
3157 3376 3482 3431 habentibus

1893 3473 2132 3527 vendere
2177 3488 2282 3526 nou
2343 3471 2678 3540 refugerent,
2711 3471 2885 3524 donec
2926 3470 3145 3534 Esdras,
3191 3469 3367 3521 divina
3402 3468 3481 3520 ira

1895 3574 2206 3634 perspecta,
2259 3577 2423 3630 super
2471 3563 2554 3616 bis
2598 3563 2874 3632 principes
2927 3560 3092 3616 Israel
3153 3559 3479 3628 objurgavit.

1893 3653 2068 3722 Atque
2097 3654 2168 3706 ita
2200 3654 2436 3716 demum,
2468 3665 2774 3719 quanquam
2809 3651 2922 3714 vix,
2955 3648 3180 3702 decium
3203 3657 3264 3700 et
3293 3645 3484 3712 primi-

1895 3746 1984 3800 tiae
2019 3747 2236 3811 oblatm,
2263 3755 2318 3799 et
2347 3760 2411 3798 ex
2441 3759 2505 3796 eo
2531 3743 2843 3797 sacerdotes
2871 3743 2921 3795 in
2957 3739 3212 3809 templum
3249 3737 3482 3806 regressi

1897 3849 2061 3898 stare.
2091 3847 2143 3892 et
2176 3847 2432 3891 consueta
2468 3852 2690 3890 munera
2721 3836 2872 3889 obire
2903 3843 3180 3901 C(Bpertml
3205 3831 3273 3884 ⁸⁸.
3309 3831 3486 3898 lnquit

1895 3943 2044 3997 ergo,
2069 3947 2088 3979 ι
2118 3927 2296 3993 Quare
2314 3942 2409 3980 vos
2428 3941 2514 3979 me
2534 3925 2938 3994 supplantatis?
2963 3945 2980 3977 9
3007 3925 3192 3977 Annus
3225 3939 3482 3977 consum-

1895 4030 2073 4074 matus
2102 4027 2203 4083 est,
2254 4018 2456 4072 fructus
2480 4017 2714 4082 collecti,
2745 4027 2796 4072 et
2829 4015 2967 4083 apud
3007 4029 3102 4068 vos
3135 4015 3312 4067 adhuc
3357 4021 3486 4066 sunt

1895 4113 2118 4167 decium
2169 4121 2223 4166 et
2251 4112 2502 4181 primitiae
2549 4111 2755 4180 legibus
2802 4111 3017 4163 debitae.
3062 4126 3080 4158 ι
3112 4107 3178 4161 Ει
3221 4107 3274 4160 in
3325 4107 3486 4159 domo

1895 4218 2082 4256 eorum
2111 4201 2244 4266 erit,
2294 4201 2502 4269 inquit,
2549 4201 2739 4268 rapina
2789 4213 3060 4256 eorumzt
3105 4213 3168 4248 ac
3207 4197 3252 4248 si
3295 4195 3482 4247 dicat:

1895 4293 2285 4363 Comporlastis
2334 4293 2548 4362 quidem
2603 4293 2654 4344 in
2694 4292 2884 4345 domos
2916 4299 3124 4344 vestras
3171 4286 3399 4352 fructus,
3430 4297 3484 4339 et

1897 4385 2236 4439 arbitramini
2287 4383 2516 4438 forsitan
2575 4383 2725 4436 vobis
2775 4395 2868 4435 eos
2927 4381 3102 4434 salvos
3152 4387 3207 4432 et
3259 4385 3377 4430 tato
3431 4377 3484 4430 in

185 4489 202 4520 ι
241 4471 348 4524 Διά
371 4474 430 4525 τί
455 4473 664 4539 τοίνυν,
701 4475 888 4544 φησὶν,
923 4477 1083 4545 ὑμεῖς
1135 4477 1232 4546 ἐμὲ
1267 4476 1617 4548 πτερνίζετες
1661 4495 1678 4528 ι
1721 4476 1794 4528 Τὸ

1899 4479 2103 4532 milibus
2137 4478 2407 4546 repositos
2433 4477 2568 4531 fore.
2599 4475 2959 4536 Evaneseent,
2984 4483 3037 4525 et
3066 4487 3094 4524 a
3123 4469 3326 4538 rapinis
3351 4465 3486 4521 nihil

178 4565 302 4628 ἔτος
343 4565 740 4637 συνετελέσθη,
780 4568 1126 4638 συνήχθησαν
1155 4569 1203 4620 οἱ
1233 4569 1460 4638 καρποὶ,
1519 4569 1612 4620 καὶ
1662 4570 1793 4639 παρ’

178 4655 312 4724 ὑμῖν
345 4658 435 4710 ἔτι
473 4657 549 4710 τὰ
578 4659 889 4722 ἐπιδέκατα,
913 4659 1006 4712 καὶ
1035 4661 1090 4712 ai
1127 4659 1264 4714 κατά
1295 4661 1492 4729 νόμους
1522 4659 1788 4729 ἀπαρχαί.

1902 4567 2170 4624 different.
2189 4569 2507 4640 Affligemini
2531 4571 2675 4625 enim
2703 4567 2867 4632 fame,
2892 4565 3105 4620 tametsi
3130 4565 3343 4617 inventa
3363 4575 3484 4615 cum

1901 4659 2098 4714 sudore
2129 4660 2440 4729 collegistis.

185 4771 202 4801 ι
239 4754 358 4804 Καὶ
389 4754 454 4804 ἐν
489 4749 568 4819 τῷ
608 4751 738 4819 οἴκῳ
768 4751 931 4804 αὑτοῦ
964 4751 1150 4816 ἔσται,
1219 4751 1404 4821 φησὶν,
1443 4753 1474 4821 ή
1550 4750 1825 4820 διαρπαγὴ
1899 4748 2085 4802 αὐτοῦ’
2110 4767 2128 4799 τ
2167 4751 2352 4817 ὅμοιον
2379 4751 2527 4813 ὡςεὶ
2583 4749 2750 4816 λέγοι·
2806 4745 3242 4816 Συνεκομίσασθε
3299 4744 3398 4812 μὲν
3429 4741 3486 4808 ἐξ

178 4843 376 4915 ἀγρῶν
421 4845 486 4896 ἐν
529 4844 639 4906 τοῖς
667 4843 836 4906 οἴκοις
863 4844 988 4906 τοὺς
1043 4847 1306 4914 καρποὺς,
1355 4843 1492 4914 τάχα
1555 4861 1656 4897 που
1691 4844 1783 4896 καὶ
1823 4842 2000 4896 οἴεσθε
2064 4840 2334 4906 σώζεσθαί
2371 4859 2432 4895 τε
2498 4841 2627 4912 ὑμῖν
2663 4843 2859 4900 αὑτοὺς
2883 4842 2976 4894 καὶ
3002 4838 3061 4892 εὖ
3118 4837 3328 4890 κεῖσθαι
3367 4835 3486 4887 λίαν

179 4937 237 4988 ἐν
273 4937 492 4998 αὑταῖς
519 4937 638 4996 ταῖς
663 4935 877 4997 οἰκίαις.
919 4936 1422 5006 Ἀψανισθήσονται,
1489 4936 1580 4988 καὶ.
1637 4935 1786 4988 οὐδὲν
1824 4933 2137 5004 διαρπαγῆς
2188 4933 2380 4987 διοίσει
2445 4933 2506 4986 τὸ
2569 4933 2776 5005 χρῆμα.
2825 4927 3346 4998 Καταπιεσθήσεσθε
3377 4927 3486 4998 γὰρ

179 5029 350 5100 λιμῷ,
376 5028 571 5082 καίτοι
603 5025 1038 5094 συνενεγκόντες,
1071 5027 1220 5097 φησὶ,
1255 5027 1311 5079 ἐν
1335 5027 1517 5097 ἱδρῶτι
1547 5025 1699 5098 μόλις
1728 5025 1795 5078 τά
1834 5023 2132 5095 εὑρημένα.

253 5121 556 5194 Εἰσόμεθα
601 5117 694 5174 οὖν
750 5121 1044 5176 κάντεῦθεν
1088 5123 1250 5190 ἡμεῖς
1305 5121 1379 5183 ὡς
1415 5123 1471 5175 ἐν
1532 5123 1796 5193 μεγάλαις

183 5219 394 5281 αἰτίαις
429 5215 684 5273 κείσεται
712 5215 773 5267 τὸ
815 5215 889 5284 μὴ
945 5213 1240 5283 προσάγειν
1287 5213 1404 5284 Θεῷ
1451 5214 1518 5267 τά
1578 5217 1796 5284 εὐχαρι-

183 5309 392 5378 στήρια
417 5306 526 5360 καὶ
550 5305 609 5356 ὃν
659 5305 725 5357 ἂν
760 5304 1046 5374 χαρίσαιτο
1065 5302 1166 5372 ’τὴν
1196 5302 1470 5373 ἀρκοῦσαν
1500 5304 1795 5374 ἀπονέμειν

181 5397 380 5470 χώραν
407 5399 500 5459 είς
528 5395 682 5459 δόξαν
716 5395 902 5448 αὑτοῦ.
949 5394 1091 5446 Ἀλλ’
1121 5395 1168 5446 εί
1209 5395 1304 5462 μὲν
1331 5395 1486 5446 τοῦτο
1516 5393 1792 5465 δρῲημεν,

183 5489 376 5556 πάντη
433 5503 502 5538 ’τε
563 5487 655 5539 καὶ
705 5484 924 5547 πάντως
980 5485 1262 5556 εὑλογήσει
1317 5486 1411 5538 καὶ
1465 5485 1796 5554 ἀμφιλαφῶς

184 5578 485 5647 χαριεῖται
526 5573 592 5628 τὰ
621 5575 823 5646 ἀγαθά.
875 5577 935 5628 Ei
976 5574 1031 5627 δὲ
1058 5576 1120 5643 δὴ
1158 5575 1252 5645 τὴν
1287 5578 1443 5645 χεῖρα
1487 5575 1796 5629 συστείλαν-

259 5751 306 5782 ³³
341 5749 494 5806 Gen.
543 5764 708 5814 κείνη,
739 5749 823 5802 56.
907 5750 950 5782 ⁸³
978 5750 1019 5803 Π
1051 5751 1202 5805 ΕειΙΓ.
1236 5767 1353 5818 stu,
1403 5751 1462 5803 l3
1518 5767 1668 5821 ςιοίίεί.

1978 5118 2257 5172 Discemus
2313 5117 2437 5172 hinc
2478 5117 2642 5170 etiam
2695 5131 2792 5169 nos
2833 5113 3014 5184 magni
3069 5103 3315 5165 criminis
3351 5112 3487 5165 loco

1897 5208 2198 5263 ducendum
2231 5224 2334 5262 non
2368 5208 2566 5264 offerre
2600 5209 2707 5262 Deo
2745 5207 2940 5274 Quibus
2979 5202 3360 5272 gratitudinem
3393 5217 3486 5257 no-

1898 5310 2064 5354 stram
2091 5301 2446 5364 ostendimus,
2474 5309 2527 5354 et
2551 5315 2738 5369 agrum
2764 5313 2922 5367 quem
2949 5297 3037 5348 ille
3060 5294 3223 5346 victui
3259 5293 3487 5348 ferendo

1899 5389 2252 5446 sollicientem
2281 5393 2578 5454 donaverit,
2608 5392 2672 5443 ad
2704 5389 2927 5458 gloriam
2963 5386 3050 5440 Dei
3082 5385 3304 5441 referre.
3333 5383 3486 5453 Quod

1901 5485 1946 5536 si
1981 5484 2261 5545 faciamus,
2309 5483 2634 5537 omnimodis
2683 5480 2967 5534 benedicet
3003 5487 3058 5534 et
3103 5476 3303 5530 affatim
3331 5477 3486 5531 bona

1903 5576 2180 5646 largietur.
2233 5575 2328 5630 Sin
2358 5582 2560 5638 autem,
2597 5590 2814 5628 manum
2853 5572 3258 5638 contrahentes,
3304 5579 3487 5626 nostro

1747 5752 1786 5780 ³³
1826 5751 2040 5808 ίΙΙῖ5ι11·.
2079 5771 2122 5820 γ,
2166 5755 2184 5808 1
2251 5769 2410 5822 seqq.
