4026 6276
438 246 533 299 551

1469 247 1527 301 S.
1571 245 1848 302 CYillLLl
1890 245 2364 303 ALEXANDRINI
2406 247 2741 302 AliClllliP.‘

3606 242 3704 297 3:32

439 364 492 416 in
527 361 752 417 decimis
789 371 841 418 et
891 363 1143 432 primitiis
1192 361 1487 420 oﬂ'erendis
1552 373 1874 434 paruerunt,
1926 365 2021 420 sed

2155 367 2500 423 Βαϐυλωνίαν.
2561 369 2776 437 Ἐπειδὴ
2825 371 2877 420 δὲ
2938 366 3233 436 κέκληνται
3287 362 3452 415 πάλιν
3495 361 3575 423 εις
3616 363 3704 429 την

439 455 598 525 pigri,
631 465 686 511 et
713 457 799 510 vix
836 458 901 510 ad
934 456 1261 510 sacriﬁcium
1292 456 1594 519 venientes,
1640 457 1854 524 clauda,
1883 472 2025 512 creca

439 556 492 601 et
526 528 717 600 debilia
744 549 1048 602 mactabam
1071 559 1156 609 :et
1174 563 1293 602 cum
1311 548 1424 601 ha>c
1447 547 1740 603 insolenter
1764 549 2025 615 facerent,

443 637 796 692 nihilominus
837 639 976 692 Deus
999 637 1142 692 fame
1171 648 1226 691 et
1261 639 1554 694 sterilitate
1603 655 1697 694 eos
1734 641 2030 695 ulcisceba-

444 740 551 782 tur.
577 730 702 796 Qui,
736 730 948 784 tametsi
978 731 1255 795 deberent,
1283 732 1553 799 siquidem
1599 744 1782 787 essent
1808 733 1954 790 boni,
1983 741 2036 785 et

444 837 564 890 qua:
600 823 704 874 sibi
767 823 1137 877 conducerent
1193 839 1298 877 non
1333 825 1663 889 ignorarent,
1707 824 1924 877 mutatis
1980 823 2032 877 in

446 915 636 967 melius
667 915 930 978 consiliis,
969 914 1136 968 Deum
1186 930 1215 968 a
1247 930 1307 970 se
1335 914 1596 972 offensum
1645 917 1821 969 colere
1851 931 1916 970 ac
1945 931 2035 968 ve-

448 1003 649 1066 nerari,
681 1001 1053 1068 imprudenter
1075 1004 1142 1056 de
1203 1003 1293 1056 illo
1332 1003 1832 1071 conquerebantur.
1898 1003 2033 1057 Cum

447 1095 590 1147 enim
629 1094 870 1146 viderent
927 1101 1114 1160 gentes
1162 1093 1369 1146 vicinas
1417 1101 1470 1146 et
1518 1092 1684 1146 Deum
1731 1093 2036 1148 nescientes

449 1185 712 1253 scnlptilia
740 1186 918 1254 potius
949 1184 1198 1248 adorare,
1228 1193 1278 1238 et
1317 1185 1639 1254 gravissimo
1671 1200 1855 1238 errore
1885 1185 2034 1239 labo-

453 1293 594 1341 rare,
628 1277 982 1332 nibilominus
1014 1287 1188 1329 tamen
1222 1275 1577 1346 voluptariam
1616 1278 1779 1331 vitam
1810 1279 2033 1346 agitare,

452 1370 618 1424 stulte
663 1370 948 1424 dicebant:
993 1388 1011 1420 ι
1051 1367 1236 1423 Vanus
1263 1379 1347 1423 est
1376 1407 1391 1434 ,
1431 1369 1524 1438 qui
1588 1371 1756 1425 servit
1812 1371 1939 1426 Deo.
1971 1372 2040 1426 Et

451 1464 577 1532 quid
617 1461 964 1517 emolumenti
1016 1461 1379 1530 percepimus,
1428 1462 1554 1529 quia
1608 1462 1857 1515 mandata
1923 1462 2040 1532 ejus

451 1554 902 1610 custodivimus?
943 1573 960 1605 ι
1002 1553 1112 1608 Nos
1145 1554 1290 1608 enim
1329 1553 1431 1622 legi
1459 1554 1841 1623 obsequentes,
1877 1554 2040 1608 steri-

451 1648 658 1702 litatem
713 1658 767 1702 et
798 1648 1142 1702 incon'nuoda
1189 1648 1447 1716 patimur.
1486 1647 1848 1702 Discessimus
1873 1649 2037 1702 etiam

2144 459 2428 523 Ἰουδαίαν,
2459 460 2593 513 Θεοῦ
2633 458 3098 529 κατοικτείροντος
3119 496 3132 518 ,
3165 455 3509 524 ἀνετείχισάν
3534 470 3594 506 τε
3616 453 3710 520 τὴν

2132 554 2306 618 πόλιν,
2345 554 2438 606 καὶ
2487 553 2840 624 ἀνεδείμαντο
2881 553 2970 605 τὸν
3015 552 3162 615 ναὸν,
3216 551 3378 603 πάλιν
3413 549 3711 620 ἐτράποντο

2133 646 2271 710 πρὸς
2300 647 2360 698 τὸ
2392 646 2656 717 ρᾀυμον,
2687 646 2746 698 οὐ
2775 643 3108 714 πληροῦντες
3130 645 3430 714 εὺχὰς,οὖχ
3461 641 3714 709 ἑπόμενοι

2132 737 2245 797 τοῖς
2275 735 2362 788 διὰ
2399 735 2566 805 νόμου
2615 735 2972 803 θεσπίσμασι,
3009 735 3379 804 προσάγοντες
3413 734 3648 794 δεκάτας
3684 732 3714 802 ἦ

2133 826 2421 896 amni;-
2476 827 2589 879 ἀλλ’
2625 827 2872 896 όκνηροὶ,
2907 827 3002 879 καὶ
3036 827 3190 896 μόλις
3225 827 3316 878 ἐπὶ
3347 827 3406 878 τὸ
3440 825 3592 878 θύειν
3630 827 3718 894 ἐρ-

2135 919 2376 988 χόμενοι,
2407 920 2499 972 καὶ
2529 919 2979 986 κατασφάξαντες
3014 919 3080 971 τά
3112 919 3280 988 χωλά,
3310 919 3377 971 τὰ
3408 917 3606 984 τυφλὰ,
3626 919 3718 969 καὶ

2135 1009 2204 1062 τὰ
2243 1010 2604 1079 ἐνοχλούμενα
2632 1051 2646 1073 ,
2680 1013 2776 1063 καὶ
2817 1011 2990 1062 ταῦτα
3019 1012 3262 1077 δρῶντας
3292 1011 3541 1071 ἐκτόπως
3572 1008 3720 1060 οὐδὲν

2135 1096 2297 1172 ἦττον
2345 1102 2594 1154 ἐπαίδευε
2623 1102 2754 1164 Θεὸς
2793 1102 2939 1173 λιμῷ
2981 1120 3042 1154 τε
3079 1103 3174 1155 καὶ
3206 1103 3476 1172 ἀκαρπίᾳ.
3517 1101 3582 1153 υἱ
3631 1099 3719 1160 δὲ,

2139 1193 2316 1246 καίτοι
2359 1193 2499 1256 δέον,
2532 1193 2692 1264 εἴπερ
2722 1189 2862 1264 ἦσαν
2894 1194 3089 1262 ἀγαθοὶ
3137 1193 3233 1246 καὶ
3276 1193 3384 1244 τῶν
3414 1193 3723 1260 συμφερόν-

2137 1300 2246 1336 των
2287 1284 2669 1352 ἐπιστήμονες,
2716 1285 2835 1346 ταῖς
2882 1284 2962 1345 είς
3013 1283 3072 1336 τὸ
3116 1283 3340 1350 ἄμεινον
3393 1280 3726 1348 ἀναδρομαῖς

2143 1374 2469 1446 θεραπεύειν
2486 1374 2862 1445 λελυπημένον
2884 1375 2974 1427 τὸν
3004 1375 3110 1427 τῶν
3134 1373 3272 1426 ὅλων
3290 1373 3444 1430 Θεὸν,
3469 1370 3726 1423 ἀσύνετον
3789 1412 3792 1414 ν

2141 1465 2424 1519 ἐποιοῦντο
2477 1466 2576 1536 τὴν
2629 1465 2922 1533 καταϐοήν.
2991 1465 3208 1531 Ἐπειδὴ
3259 1464 3369 1534 γάρ
3419 1461 3608 1533 ἐώρων
3665 1461 3730 1514 τὰ

2141 1557 2394 1628 περίοικα
2421 1555 2529 1608 τῶν
2569 1555 2739 1608 ἐθνῶν
2768 1556 2862 1609 καὶ
2905 1555 2995 1608 τὸν
3025 1555 3157 1608 Θεὸν
3191 1557 3292 1607 οὐκ
3320 1554 3520 1617 εἰδότα,
3565 1567 3706 1623 προσ

2142 1648 2409 1702 κεδνοῦντα
2447 1647 2502 1700 δὲ
2535 1647 2736 1717 μᾶλλον
2764 1649 2876 1708 τοῖς
2917 1647 3199 1714 γλυπτοῖς,
3237 1647 3331 1698 καὶ
3364 1646 3464 1716 τὴν
3494 1644 3731 1714 ἐσχάτην

450 1743 502 1794 in
535 1741 930 1810 captivitatem,
967 1740 1182 1794 tametsi
1239 1741 1456 1794 assidue
1496 1738 1725 1795 Domino
1790 1741 2037 1809 omnipo-

2155 1739 2408 1794 νοσοῦντα
2441 1740 2731 1808 πλάνησιν,
2763 1740 2820 1790 ἐν
2844 1738 3164 1802 εὐπαθείαις
3194 1739 3323 1791 ὄντα
3355 1740 3450 1790 καὶ
3477 1738 3731 1807 τρυφαῖς,

452 1833 580 1886 lenti
615 1834 883 1902 supplices
910 1833 1338 1886 advolveremur.
1375 1833 1594 1894 Contra,
1620 1833 1708 1902 qui
1743 1834 1933 1886 borum
1964 1834 2045 1886 ni-

459 1925 530 1978 Itil
553 1924 774 1987 faciunt,
815 1939 917 1978 non
938 1924 1119 1992 plagas
1147 1923 1407 1988 sentiunt,
1428 1939 1530 1977 uou
1562 1925 1829 1978 miserias.
1849 1924 2045 1987 Quatu-

451 2017 637 2068 obrem
671 2014 858 2068 beatos
884 2029 1228 2068 numeramus
1254 2014 1483 2068 alienos.
1525 2031 1544 2065 (
1588 2015 1653 2069 Ει
1707 2016 2042 2070 remoliticau-

456 2115 538 2157 tes
567 2104 656 2171 qui
678 2102 882 2156 faciunt
904 2103 1083 2172 iniqua
1108 2106 1424 2158 restiterunt
1444 2103 1555 2159 Deo
1571 2116 1623 2158 ct
1640 2106 1835 2160 salvati
1856 2117 2003 2161 sunt.
2024 2123 2044 2157 )

456 2195 779 2264 licpugnant
810 2195 952 2248 enim
989 2197 1230 2262 profecto
1293 2197 1477 2265 gloria:
1529 2198 1622 2251 Dei
1674 2199 2048 2266 multipliciter

455 2287 544 2354 qui
576 2300 781 2350 errant,
812 2296 865 2342 et
885 2286 1248 2343 conﬂatilibus
1277 2290 1644 2353 sacrilicant,t
1689 2289 1754 2342 Et
1784 2289 1927 2357 ligno
1959 2291 2046 2343 di-

456 2386 586 2430 cunt
619 2396 632 2431 :
664 2380 802 2432 Deus
827 2395 978 2433 meus
1005 2394 1064 2433 es
1089 2389 1164 2443 tu,
1200 2379 1428 2449 etlapidi
1457 2399 1469 2433 :
1495 2380 1572 2434 Tu
1604 2383 1833 2447 genuisti
1869 2397 1953 2436 me
1977 2383 2046 2437 ”.

461 2468 588 2523 llaec
618 2469 857 2524 oblocuti
887 2481 1033 2534 sunt,
1074 2471 1276 2540 inquit,
1313 2475 1404 2541 qui
1441 2473 1633 2526 timent
1680 2473 1986 2527 Dominum.
2025 2493 2044 2526 ι

460 2558 636 2614 llabet
683 2571 862 2614 autem
911 2563 1186 2615 accusatio
1238 2562 1373 2616 nilnil
1421 2573 1615 2632 praeter
1677 2563 2050 2622 maledictum.

460 2655 822 2724 morbumque
845 2654 1159 2725 pestiferum
1211 2657 1490 2711 evidenter
1542 2660 1900 2714 demonstrat.
1955 2659 2054 2715 Est

459 2749 602 2798 t'lllm
638 2757 853 2816 tegrolze
911 2748 1126 2812 mentis,
1160 2759 1213 2803 et
1263 2749 1427 2804 animi
1470 2751 1606 2804 ebrii
1658 2751 1766 2804 Deo
1818 2751 2052 2804 invisum

461 2839 907 2906 rejectamenluut
934 2850 1121 2895 contra
1155 2841 1320 2896 Deum
1345 2843 1638 2911 quidquam
1673 2843 1838 2914 loqui.
1862 2845 1932 2898 Sc
1961 2860 2056 2897 au-

463 2942 568 2984 tem
627 2931 758 2986 tales
807 2927 1086 2988 sermones
1134 2949 1240 2987 non
1271 2933 1466 2998 obiter,
1502 2935 1594 2988 sed
1651 2937 1888 2990 studiose
1959 2952 2056 2989 au-

2147 1832 2387 1900 Ecpaoxov
2418 1831 2698 1894 ἀσυνέτως
2718 1846 2731 1859 °
2776 1849 2793 1880 ι
2832 1830 3075 1891 Μάταιος
3101 1833 3128 1882 ὁ
3153 1828 3419 1882 δουλεύων
3455 1827 3595 1896 Θεῷ.
3625 1829 3734 1880 Καὶ

2144 1922 2197 1976 τί
2234 1921 2416 1973 πλεῖον
2456 1921 2538 1973 ὅτι
2570 1919 2917 1989 ἐφυςλάξαμεν
2967 1920 3034 1973 τὰ
3084 1919 3416 1988 φυλάγματα
3462 1916 3668 1979 minor};
3713 1935 3728 1967 ι

2161 2015 2350 2084 Ἡμεῖς
2399 2013 2529 2083 γὰρ,
2583 2014 2768 2081 φησιν,
2825 2015 2873 2065 οἱ
2924 2012 3306 2082 νομοφύλακες
3369 2014 3429 2064 ὲν
3479 2011 3738 2080 ἀπορίαις

2149 2107 2315 2176 ἐσμὲν
2357 2107 2451 2158 καὶ
2499 2103 2754 2173 πληγαῖς.
2810 2104 3087 2175 ’ῼχήμεθα
3125 2103 3182 2155 δέ
3233 2102 3326 2156 καὶ
3372 2100 3737 2171 αἰχμάλωτοι,

2148 2199 2326 2253 καίτοι
2379 2200 2817 2269 προσπίπτοντες
2868 2199 2954 2251 ἀεὶ
2987 2198 3081 2249 καὶ
3131 2196 3308 2248 ἱκέται
3341 2195 3619 2263 γινόμενοι
3665 2192 3739 2260 τῷ

2150 2290 2342 2360 Κυρίῳ
2391 2291 2811 2361 παντοκράτορι.
2851 2290 2912 2340 Οἱ
2958 2289 3014 2341 δὲ
3065 2285 3176 2339 τῶν
3219 2285 3476 2338 τοιούτων
3506 2283 3740 2354 δρῶντες

2151 2382 2322 2448 οὐδὲν,
2363 2383 2424 2434 οὐ
2458 2382 2674 2453 πληγὴν
2721 2381 2959 2451 ἔχουσιν,
2993 2381 3052 2432 οὐ
3088 2379 3271 2432 πόνον.
3308 2375 3520 2430 Οὐκοῦν
3558 2392 3739 2445 μακα·

2156 2473 2376 2544 ρίζομεν
2408 2473 2742 2543 ἀλλοτρίους.
2772 2492 2789 2523 ι
2818 2471 2928 2525 Καὶ
2955 2469 3434 2539 ἀνοικοδομοῦντες
3464 2467 3741 2528 ποιοῦντες

2154 2563 2371 2632 ἄνομα,
2410 2565 2751 2633 ἀντέστησαν
2797 2561 2936 2631 Θεῷ,
2999 2561 3093 2613 καὶ
3142 2559 3449 2628 ἐσώθησαν.
3501 2576 3520 2608 ι
3573 2559 3743 2609 Ἀντι·

2155 2653 2454 2722 πράττουσι
2500 2651 2609 2720 γὰρ
2659 2652 2798 2705 κατά
2843 2651 3099 2721 ἀλήθειαν
3142 2653 3210 2720 τῇ
3270 2647 3366 2701 τοῦ
3421 2646 3560 2700 Θεοῦ
3614 2643 3743 2716 δόξῃ

2158 2745 2301 2799 κατὰ
2344 2744 2574 2807 πολλοὺς
2617 2744 2852 2814 τρόπους
2879 2745 2926 2794 οἱ
2963 2741 3329 2811 πλανώμενοι,
3369 2739 3604 2800 καὶτοῖς
3639 2756 3741 2806 χω.

2158 2840 2374 2900 νευταῖς
2407 2836 2777 2908 προσάγοντες
2803 2834 2899 2899 τάς
2932 2833 3146 2896 θυσίας,
3185 2851 3204 2884 ι
3246 2833 3354 2886 Καὶ
3385 2830 3462 2900 τῷ
3491 2830 3632 2899 ξύλῳ
3661 2827 3743 2880 λέ-

2165 2947 2376 2999 γοντες·
2414 2930 2544 2992 Θεός
2575 2947 2675 2998 μου
2706 2924 2754 2980 εἶ
2783 2930 2866 2992 σὺ,
2903 2928 2998 2980 καὶ
3029 2926 3104 2992 τῷ
3136 2925 3268 2993 λίθῳ
3291 2942 3302 2954 ·
3346 2925 3418 2978 ΣΞ)
3447 2924 3744 2992 ὲγέννησάς

461 3025 702 3079 srultare
729 3024 993 3078 aﬂirmate
1027 3026 1340 3092 pronuntiat
1377 3042 1391 3078 :
1436 3046 1453 3077 ι
1492 3025 1556 3079 Et
1592 3027 1820 3080 attendit
1875 3027 2050 3082 Domi-

2167 3040 2289 3092 με.»
2308 3020 2617 3086 -ιΤαύτα,
2649 3019 3195 3090 φησὶ,κατελάλησαν
3226 3019 3275 3070 οἱ
3305 3014 3634 3086 φοϐούμενοι
3659 3014 3745 3067 τον

463 3131 585 3181 tuts,
649 3125 699 3170 et
736 3115 962 3168 audivit.
1017 3116 1152 3180 Quia
1185 3115 1421 3184 Spiritus
1454 3116 1662 3170 Domini
1695 3118 1918 3187 replevit
1971 3135 2063 3173 or-

465 3211 582 3262 bem
605 3218 890 3273 terrarum,
908 3219 960 3264 et
978 3208 1079 3262 boc
1108 3211 1247 3278 quod
1273 3210 1512 3264 continet
1539 3211 1738 3277 omnia,
1773 3212 2059 3266 scientiam

472 3299 639 3352 habet
668 3301 813 3353 vocis
843 3301 944 3353 ³⁵.»
974 3299 1124 3366 Quod
1153 3303 1196 3354 si
1227 3303 1353 3369 quid
1381 3302 1640 3356 adversus
1669 3302 1906 3356 divinam
1948 3304 2064 3371 ejus

465 3389 694 3456 gloriam
733 3389 937 3442 dictum
978 3388 1161 3450 fuerit,
1198 3391 1246 3441 id
1271 3390 1374 3443 erit
1416 3405 1576 3459 grave
1605 3399 1659 3443 et
1701 3405 1866 3459 prope
1921 3392 2064 3445 into-

467 3480 747 3534 lerandutn
796 3480 889 3544 illi,
951 3481 1198 3549 quamvis
1246 3481 1690 3535 tolerantissimus
1747 3481 2063 3546 iniuriarum

467 3587 588 3625 esse
625 3571 817 3625 soleat.
853 3554 1120 3638 Quocirca
1149 3573 1308 3626 dicit:
1344 3590 1362 3623 ι
1399 3571 1766 3640 lngravabatis
1793 3590 1955 3642 super
1982 3591 2068 3631 me

469 3662 630 3714 verba
662 3673 861 3716 vestra.
897 3681 915 3714 ›
951 3661 1196 3716 OlIicium
1235 3678 1365 3733 ergo
1394 3675 1640 3718 nostrum
1676 3674 1784 3729 est,
1816 3667 2066 3734 quamvis

469 3757 743 3810 laboribus
767 3768 820 3812 et
843 3759 1076 3811 miseriis
1106 3757 1496 3821 conﬂictentur,
1518 3759 1624 3812 Deo
1658 3774 1753 3813 uos
1773 3762 1840 3812 ad
1865 3760 2067 3811 utilita-

469 3859 575 3900 tem
608 3859 846 3900 nostram
868 3849 1218 3916 corripiente,
1250 3865 1350 3902 non
1382 3865 1553 3918 usque
1577 3849 1712 3903 adeo
1729 3849 1910 3902 animo
1935 3866 2068 3904 con-

471 3937 851 4010 cidere,863
870 3955 965 3993 nec
981 3949 1173 4008 putare
1205 3941 1422 3994 virtutis
1452 3951 1558 3994 tam
1579 3952 1849 3995 amantem
1877 3959 2067 4011 asper-

472 4030 589 4084 nari
623 4030 810 4092 bonos,
827 4031 918 4084 sed
943 4032 1121 4100 potius
1155 4031 1381 4085 sollicite
1413 4032 1691 4100 inquirere
1719 4033 1771 4086 in
1801 4049 1906 4101 quo
1927 4035 2067 4101 apud

476 4123 637 4172 Ilcum
666 4120 1071 4184 offenderimus,
1093 4133 1146 4176 et
1173 4123 1244 4176 ita
1277 4139 1397 4176 eum
1437 4123 1706 4193 mitigare,
1742 4133 1792 4177 et
1843 4125 2060 4178 miseri-

471 4215 706 4267 cordiam
738 4213 998 4284 ﬂagitare.
1035 4214 1187 4281 Quod
1224 4215 1268 4269 si
1300 4215 1462 4268 etiam
1483 4225 1790 4283 peccatores
1821 4216 1984 4284 aliqui
2019 4218 2070 4270 in

470 4307 834 4376 voluptatibus
891 4310 1180 4364 mundanis
1226 4318 1436 4362 (etatem
1496 4311 1752 4371 habeant,
1799 4321 2069 4378 tempera-

473 4399 587 4452 neis
650 4399 804 4453 bonis

472 4506 598 4560 erga
633 4491 753 4544 illos
810 4493 875 4546 ad
905 4507 1156 4545 arcanam
1199 4492 1591 4560 providentiam
1627 4492 1828 4546 referre
1848 4505 2060 4564 aequum

474 4590 577 4634 ea...

2167 3115 2391 3186 Κύριον.
2437 3133 2454 3163 ι
2508 3113 2830 3182 Διά-σφημίας
2874 3113 2930 3164 δὲ
2977 3113 3196 3173 πάντως
3229 3109 3288 3161 τὸ
3327 3107 3619 3176 ἔγκλημα,
3657 3106 3748 3158 καὶ

2167 3206 2273 3259 τῶν
2339 3206 2583 3276 ἐσχάτων
2650 3205 3101 3276 ἀρρωστημάτων
3152 3202 3427 3266 ἀπόδειξις
3486 3198 3743 3268 ἐναργής.

2166 3299 2449 3368 Νοσούσης
2479 3298 2586 3370 γὰρ
2632 3299 2868 3360 διανοίας
2913 3300 2960 3350 οἱ
2991 3297 3160 3363 λόγοι,
3209 3295 3300 3347 καὶ
3336 3293 3628 3363 μεθύοντος
3658 3288 3744 3342 νοῦ

2167 3393 2456 3460 θεοστυγές
2501 3392 2834 3462 ἀπόδρασμα
2870 3390 2930 3442 τὸ
2963 3390 3130 3458 φάναι
3176 3405 3228 3441 τι
3265 3387 3404 3440 κατά
3436 3383 3598 3438 Θεοῦ.
3627 3383 3743 3435 Ὅτι

2166 3485 2222 3537 δὲ
2239 3485 2347 3537 τῶν
2375 3484 2632 3536 τοιούτων
2659 3483 3000 3554 ἐπακροᾶται
3019 3481 3192 3548 λόγων
3218 3473 3328 3532 οἷον
3351 3477 3412 3531 ού
3434 3477 3744 3546 παρέργως,

2167 3577 2282 3630 ἀλλ’
2340 3577 2398 3630 ἐν
2466 3575 2706 3645 σπουδῇ,
2771 3574 3267 3644 πεπληροφόρηκεν
3322 3567 3527 3622 εἰπών·
3587 3585 3607 3618 ι
3642 3565 3744 3619 Καὶ

2169 3668 2436 3739 προσέσχε
2459 3668 2685 3736 Κύριος,
2730 3665 2823 3718 καὶ
2857 3667 3236 3734 εἰσήκουσεν.»
3265 3661 3500 3712 -ιὊτι
3533 3657 3744 3726 πνεῦμα

2170 3761 2376 3832 Κυρίου
2420 3759 2749 3829 πεπλήρωκε
2783 3757 2882 3828 τὴν
2913 3755 3260 3825 οἰκουμένην,
3297 3753 3395 3806 καὶ
3436 3751 3498 3803 τὸ
3531 3749 3742 3818 συνέχον

2168 3851 2236 3903 τὰ
2287 3851 2464 3903 πάντα
2497 3851 2697 3918 γνῶσιν
2733 3849 2844 3918 ἔχει
2877 3848 3086 3916 φωνῆς.
3127 3866 3143 3897 ι
3195 3837 3267 3899 Εί
3299 3845 3357 3898 δὲ
3399 3845 3463 3913 δή
3512 3840 3615 3895 πού
3665 3855 3743 3902 τις

2169 3941 2381 4007 γένοιτο
2425 3939 2566 3992 κατὰ
2609 3939 2708 4009 τῆς
2748 3939 2899 4002 θείας
2947 3938 3111 3992 αὑτοῦ
3151 3937 3309 4007 δόξης
3350 3931 3548 4003 λόγος,
3600 3928 3742 3994 οὗτος

2170 4030 2324 4082 ἔσται
2349 4030 2517 4100 βαρὺς
2548 4031 2640 4082 καὶ
2672 4027 2783 4081 οἷον
2811 4029 3106 4098 ἀφόρητος,
3132 4028 3308 4080 καίτοι
3345 4026 3470 4079 λίαν
3504 4024 3743 4088 ἀνεξικα-

2171 4125 2286 4176 κεῖν
2321 4121 2554 4175 εἰωθότι.
2593 4121 2776 4192 Ταύτῃ
2815 4138 2894 4173 τοι
2940 4123 3032 4174 καὶ
3059 4121 3326 4188 ἔφασκεν·
3370 4139 3388 4170 ι
3419 4117 3742 4188 -Ἐϐαρύνετε

2173 4217 2258 4268 ἐπ’
2289 4214 2388 4284 ἐμὲ
2419 4214 2544 4274 τοὺς
2571 4213 2762 4279 λόγους
2791 4212 2998 4283 ὑμῶν.»
3023 4215 3113 4265 Δεῖ
3141 4212 3204 4281 δὴ
3233 4207 3326 4266 οὖν
3357 4211 3457 4273 ἔτι,
3479 4210 3583 4263 κᾶν
3605 4203 3742 4276 ὦμεν

2175 4309 2232 4359 ἐν
2261 4307 2462 4369 πόνοις,
2498 4305 2785 4376 χρησίμως
2815 4307 2960 4375 ἡμᾶς
2993 4303 3338 4366 παιδεύοντος
3369 4302 3462 4356 τοῦ
3492 4298 3644 4362 Θεοῦ,
3676 4298 3742 4367 μὴ
3789 4333 3792 4335 λ

891 4400 1183 4466 fruantur,
1237 4403 1474 4454 rationes
1549 4401 1822 4469 patientite
1895 4404 2050 4470 ipsius

2166 4399 2286 4453 λίαν
2317 4399 2568 4469 ἀκηδιᾷν,
2612 4398 2751 4466 μήτε
2789 4398 2892 4466 μὴν
2938 4397 3146 4450 οἴεσθαι
3173 4397 3262 4448 τὸν
3286 4395 3431 4448 οὕτω
3471 4393 3743 4463 φιλάρετον

2171 4494 2464 4563 ἁφειδῆσοιι
2506 4491 2614 4544 τῶν
2657 4490 2914 4558 ἀγαθῶν·
2959 4487 3424 4559 περιεργάζεσθαι
3455 4486 3512 4540 δὲ
3557 4481 3743 4555 μᾶλλον

2169 4587 2236 4639 τὰ
2289 4586 2371 4652 ἐφ’
2429 4580 2509 4648 οἷς
2566 4581 3137 4654 προσκεκρούκαμεν,
3197 4573 3638 4650 ἐκμειλίσσεσθαί
3688 4585 3739 4618 τε

474 4671 636 4737 οὕτω,
667 4673 758 4725 καὶ
792 4672 882 4726 τὸν
921 4672 1066 4726 ἔλεον
1097 4673 1286 4727 αἰτεῖν.
1337 4675 1396 4728 Et
1439 4675 1494 4728 δὲ
1520 4674 1583 4747 δὴ
1615 4676 1708 4728 καί
1755 4693 1900 4740 τινες
1939 4677 2046 4730 τῶν
2092 4678 2602 4751 φιλαμαρτημόνων
2667 4679 2723 4729 ἐν
2793 4675 3112 4737 εὐπαθείαις
3152 4668 3264 4726 εἷεν
3300 4671 3610 4741 κοσμικαῖς,
3652 4663 3740 4729 τὴν

472 4764 580 4818 τῶν
611 4765 961 4835 προσκαίρων
1001 4764 1298 4818 ἀπόλαυσιν
1363 4767 1597 4838 ἔχοντες,
1665 4768 1962 4837 ἀπονέμειν
1988 4769 2280 4824 ἀκόλουθον
2325 4775 2445 4835 ταῖς
2527 4772 2863 4843 ἀπορρήτοις
2906 4767 3240 4836 οἰκονομίαις
3283 4765 3382 4834 τῆς
3455 4757 3737 4838 ἐπ’πὺτοῖς

473 4859 821 4924 ἀνεξικακίας
847 4859 973 4922 τοὺς
1005 4858 1218 4926 λόγους.

547 4951 710 5006 Vens.
759 4953 951 5018 lti,i7.
995 4949 1064 5004 Et
1111 4953 1317 5021 scripsit
1364 4953 1555 5007 librum
1625 4955 1948 5009 monumenti
2006 4958 2059 5008 in

475 5055 746 5108 conspectu
800 5060 894 5096 suo
947 5045 1029 5097 Itis
1093 5046 1180 5112 qui
1249 5046 1426 5098 timent
1500 5045 1814 5108 Dominum,
1867 5056 1914 5099 et
1966 5049 2056 5114 qui

477 5145 775 5188 tererentur
825 5152 1006 5189 nomen
1052 5135 1185 5204 ejus.
1229 5134 1296 5189 Et
1354 5146 1507 5190 erunt
1552 5140 1718 5205 uti/ti,
1770 5139 1895 5191 dicit
1947 5138 2058 5191 Do-

479 5231 648 5278 minus
698 5230 1042 5294 omnipotens,
1064 5233 1113 5281 in
1145 5229 1280 5282 diem
1325 5247 1479 5300 quam
1510 5248 1603 5300 ego
1635 5232 1773 5302 facio
1807 5234 1856 5286 in
1889 5235 2056 5302 ncqui-

479 5317 742 5377 sitioneut,
781 5327 828 5371 et
857 5321 1044 5390 eligant
1068 5339 1153 5375 eos
1184 5325 1316 5375 sicut
1339 5323 1480 5392 eligit
1526 5325 1676 5376 homo
1706 5324 1878 5391 ﬁlium
1909 5343 2061 5379 suum

481 5410 778 5460 servientem
803 5410 919 5462 sibi.

563 5668 609 5696 ⁸³
639 5666 839 5726 Jercm.
877 5685 933 5734 ιτ,
959 5671 1048 5724 27.
1128 5677 1168 5704 θλ
1205 5674 1334 5745 Sap.
1365 5691 1403 5738 ι,
1429 5678 1486 5730 7.

2239 4953 2346 5003 Καὶ
2387 4949 2612 5016 ἔγραψε
2647 4947 2891 5012 βιϐλίον
2930 4945 3332 5014 μνημοσύνου
3361 4943 3613 4995 ἐνώπιον
3640 4939 3737 4990 (11')-

2165 5043 2271 5097 τοῦ
2297 5041 2418 5106 τοῖς·
2454 5039 2850 5109 φοϐουμένοις
2901 5038 3007 5091 τὸν
3039 5038 3287 5104 Κύριον,
3327 5036 3426 5088 καὶ
3467 5035 3736 5088 εὐλαϐου-

2163 5137 2366 5208 μένοις
2408 5135 2472 5189 τὸ
2510 5132 2699 5200 ὄνομα
2729 5130 2939 5184 αὑτοῦ.
2977 5127 3088 5182 Καὶ
3131 5128 3382 5180 ἔσονταί
3419 5143 3547 5195 μοι,
3579 5121 3732 5188 λέγει

2172 5232 2386 5298 Κύριος
2428 5224 2874 5294 παντοκράτωρ,
2910 5225 2999 5288 εις
3039 5219 3301 5289 ἡμέραν,
3346 5217 3426 5285 ἣν
3466 5215 3572 5285 ἐγὼ
3598 5209 3736 5265 ,ττοιῶ

2172 5323 2257 5386 είς
2292 5318 2713 5386 περιποίησιν,
2751 5315 2844 5367 καὶ
2877 5310 3109 5380 uiperch
3153 5309 3399 5373 αὐτοὺς,
3435 5308 3503 5360 ὃν·
3531 5305 3736 5371 τρόπον

2173 5411 2432 5479 ίιίρετίζει
2500 5409 2808 5474 ἅνθρωπος
2864 5407 2970 5459 τὸν
3013 5403 3148 5456 ινίἐν
3208 5400 3400 5453 αὐτοῦ
3454 5397 3540 5450 τὸν
3601 5391 3732 5446 δου-

2177 5505 2440 5556 λεύει-τα
2476 5499 2654 5565 αὐτῷ.
