4026 6276
275 375 376 430 553

1087 374 1644 434 COMMENTARIUS
1682 378 1747 432 ΙΝ
1790 378 2198 435 MALACHIAI-l
2242 361 2706 438 PROPHETAM.‘

3459 396 3564 454 εις-ι

341 486 476 539 MA'.
536 484 1108 558 Κατακερτομούντων
1157 490 1320 544 αὑτὸν
1363 491 1472 545 τῶν
1519 490 1578 556 ἐξ
1624 493 1862 564 Ἰσραὴλ,

2040 491 2177 546 XLI.
2213 491 2487 549 lsraelitas
2523 510 2643 550 sese
2672 496 3045 567 criminantes,
3077 515 3130 559 et
3170 507 3334 578 impie
3388 511 3565 567 blate-

277 579 364 632 καί
383 578 573 631 ἀνόσια
603 579 725 631 κατ’
756 578 924 632 αὐτοῦ
955 581 1424 652 πεφλυαρηκότων
1453 583 1726 654 προσέσχε
1756 584 1856 654 μὲν

277 672 365 723 καὶ
413 671 756 741 είσὴκουσεν.
811 667 944 724 Εἶτα
995 673 1113 726 δέον
1161 677 1273 739 τοῖς
1317 677 1728 747 ἡμαρτημένοις
1762 677 1859 747 τὴν

276 761 590 832 πρέπουσαν
616 763 924 834 ὲπαρτῆσαι
951 764 1130 836 δίκην,
1163 769 1257 820 καὶ
1289 769 1416 831 τοὺς
1437 769 1536 838 τῆς
1567 769 1860 840 ἀθυροστο-

280 853 403 923 μίας
467 853 806 923 πράττεσθαι
869 855 1107 923 λόγους,
1165 859 1390 930 πάρεισι
1449 860 1546 930 μὲν
1600 861 1677 925 ὡς
1725 862 1858 926 Θεὸς

279 947 668 1016 ἀμνησικάκως
697 946 994 1002 καὶτοῦτο.
1031 949 1239 1020 Γράφει
1286 950 1342 1004 δὲ
1395 951 1598 1020 βιϐλίον
1643 971 1857 1024 μνημο-

281 1039 437 1090 σύνου
479 1041 593 1100 τοῖς
626 1037 982 1108 φοϐουμένοις
1023 1040 1204 1116 αὐτὸν,
1245 1041 1372 1111 περὶ
1400 1035 1495 1105 ὧν,
1533 1037 1690 1114 οἶμαί
1731 1061 1854 1106 που,

278 1128 368 1181 καὶ
414 1129 580 1191 αὐτὸς
633 1128 872 1196 ἔφασκεν
942 1131 972 1182 ὁ
1028 1130 1194 1183 Δαὸὶδ
1245 1131 1381 1202 πρὸς
1439 1133 1528 1187 τὸν
1575 1134 1860 1203 γράφοντα

279 1217 517 1289 βιϐλίον·
575 1237 593 1270 ι
631 1219 741 1271 Καὶ
775 1218 868 1271 ἐπὶ
918 1217 981 1273 τὸ
1029 1218 1234 1289 βιϐλίον
1266 1239 1362 1275 σου
1397 1222 1598 1287 πάντες
1644 1225 1832 1296 γραφή

275 1327 482 1362 σονται.
519 1327 538 1360 Ι

343 1401 670 1469 Εὑρήσομεν
697 1398 752 1452 δὲ
780 1399 944 1453 αὑτὸν
985 1401 1075 1454 τὸν
1107 1402 1312 1474 Κύριον
1341 1403 1498 1474 ἡμῶν
1537 1405 1742 1476 Ἰησοῦν
1770 1405 1859 1458 τὸν

274 1493 506 1562 Χριστὸν
531 1495 642 1556 τοῖς
673 1492 852 1559 ἁγίοις
884 1493 1113 1560 λέγοντα
1141 1496 1414 1565 μαθηταῖς
1434 1512 1446 1524 °
1481 1515 1498 1548 ι
1525 1498 1614 1567 Μὴ
1639 1497 1858 1568 χαίρετε

277 1584 351 1634 ἑτι
381 1582 451 1634 τὰ
473 1583 724 1651 δαιμόνια
759 1583 1128 1637 ὑποτάσσεται
1157 1586 1304 1656 ὑμῖν·
1327 1585 1547 1658 χαίρετε
1571 1587 1628 1639 δὲ
1660 1587 1859 1658 μᾶλλον

273 1675 352 1724 ὅτι
379 1672 446 1724 τὰ
482 1673 725 1742 ὀνόματα
756 1671 909 1741 ὑμῶν
939 1674 1262 1743 ἐγράφησαν
1298 1675 1356 1726 ἐν
1391 1677 1503 1737 τοῖς
1533 1676 1799 1745 οὐρανοῖς.
1835 1694 1853 1727 ι

288 1765 593 1835 Ἐπαρᾶται
636 1763 691 1816 δὲ
734 1764 938 1836 σφόδρα
976 1764 1205 1828 είκότως
1253 1769 1280 1818 ὁ
1324 1765 1611 1828 θεσπέσιος
1659 1766 1855 1830 Δαὸὶδ,

1963 593 2148 638 rantes
2176 586 2408 640 attendit
2435 597 2488 640 et
2517 586 2726 641 audivit
2763 589 2922 646 Deus.
2961 593 3164 652 Deinde
3201 615 3322 654 cum
3357 604 3409 657 in
3441 618 3566 658 rens

1962 689 2176 744 pcenam
2202 677 2461 744 aequalem
2515 682 2842 737 constituere
2871 695 3165 753 oporteret,
3193 701 3246 743 et
3272 695 3562 748 verborum

1960 763 2318 837 petulantiam
2354 769 2622 823 rationem
2673 785 2980 841 reposcere,
3028 777 3128 832 hoc
3158 782 3317 834 etiam
3354 785 3565 852 injuria:

1964 865 2020 908 ut
2054 854 2194 911 Deus
2242 858 2530 915 immemor
2582 867 2974 930 prtetermittit.
3007 869 3205 926 Scribit
3267 885 3444 930 autem
3500 879 3566 932 li-

1964 947 2119 1001 brum
2153 953 2488 1006 monumenti
2519 954 2835 1010 timentibus
2897 937 3093 1027 ipsum,
3127 964 3193 1017 de
3239 967 3454 1034 quibus,
3509 969 3561 1022 ni

1961 1037 2139 1105 fallor,
2163 1052 2214 1095 et
2246 1043 2357 1110 ipse
2384 1043 2551 1099 David
2589 1047 2846 1102 scribenti
2893 1050 3092 1107 librum
3121 1054 3265 1111 hunc
3297 1071 3310 1110 :
3352 1076 3371 1108 ι
3408 1057 3474 1112 Et
3509 1060 3560 1113 in

1960 1133 2100 1190 libro
2134 1145 2225 1192 tuo
2254 1153 2443 1193 omnes
2466 1141 2777 1197 scribentur
2801 1144 2866 1197 ”.
2897 1162 2918 1196 ι

2038 1400 2364 1456 Dixitetiam
2394 1405 2498 1475 ipse
2515 1416 2622 1462 met
2662 1407 2924 1466 Dominus
2962 1421 3148 1467 noster
3186 1413 3433 1472 Christus
3481 1419 3561 1470 dio

1963 1489 2189 1560 scipnlis
2228 1494 2342 1547 suis
2378 1512 2389 1547 :
2425 1513 2442 1545 ι
2481 1494 2657 1550 Nolite
2679 1499 2915 1566 gaudere
2947 1501 3072 1570 quia
3108 1503 3374 1560 daemonia
3433 1512 3559 1562 sub-

1955 1580 2222 1649 jiciuntur
2245 1586 2398 1640 vobis
2432 1604 2445 1640 :
2480 1588 2706 1657 gaudete
2739 1601 2922 1646 autem
2955 1594 3132 1661 potius
3159 1596 3287 1664 qnia
3343 1599 3556 1652 nomina

1961 1685 2142 1730 vestra
2173 1678 2372 1748 scripta
2401 1690 2526 1733 sunt
2562 1681 2613 1734 in
2653 1682 2808 1736 caelis
2845 1684 2942 1736 θ’.»
2986 1685 3119 1740 ΜΛο
3145 1698 3396 1754 precatur
3425 1706 3562 1759 quo-

1968 1783 2097 1836 que,
2122 1777 2176 1822 et
2209 1771 2425 1839 quidem
2470 1773 2786 1842 justissime,
2810 1776 3023 1830 divinus
3058 1777 3222 1834 David
3247 1780 3556 1838 Judasornm

274 1860 385 1921 τοῖς
427 1856 699 1909 Ἰουδαίων
728 1855 921 1926 δήμοις
949 1849 1273 1910 ἀπεκτονόσι
1297 1858 1553 1928 Χριστὸν,
1597 1859 1739 1911 οὕτω
1771 1859 1858 1912 λέ-

1975 1863 2172 1930 )οριιΙὶε
2200 1863 2401 1917 Christi
2427 1863 2870 1920 interfectoribus
2896 1869 2979 1920 bis
3001 1871 3181 1924 verbis
3208 1887 3223 1923 :
3263 1892 3280 1924 ι
3316 1873 3560 1927 Delean-

275 1969 417 2022 γων-
474 1970 492 2003 ι
533 1950 1043 2021 Ἑξαλειιρθήτωσαν
1100 1951 1166 2002 ἐκ
1223 1948 1403 2018 βίϐλου
1455 1950 1714 2015 ζώντων,
1764 1952 1858 2005 καὶ

279 2044 420 2115 μετὰ
457 2043 680 2096 δικαίων
733 2041 808 2113 μὴ
856 2043 1247 2113 γραφητωσαν.
1295 2062 1312 2092 ι
1365 2041 1642 2115 Γράφεται
1680 2043 1859 2097 τοίνυν

273 2137 334 2191 τὸ
377 2136 473 2189 τοῦ
522 2136 868 2206 μνημοσύνου
914 2133 1119 2203 βιϐλίον
1158 2136 1270 2196 τοῖς
1312 2133 1670 2204 φοϐουμένοις
1703 2133 1855 2196 Θεὸν,

276 2227 369 2290 οῦς
399 2228 492 2281 καὶ
527 2226 759 2288 οἰκείους
785 2225 1004 2278 ἔσεσθαί
1034 2243 1201 2296 φησιν
1226 2225 1405 2296 ἑαυτῷ
1437 2228 1531 2278 καὶ
1566 2243 1857 2297 γνωριμω-

275 2320 472 2382 τάτους
505 2317 650 2372 κατά
684 2334 748 2386 γε
795 2317 886 2370 τὸν
923 2317 1020 2388 τῆς
1071 2319 1476 2387 περιποιήσεως
1515 2318 1726 2390 καιρὸν,
1770 2320 1858 2372 ὅτε

278 2411 546 2465 καθιεῖται
595 2410 694 2480 μὲν
729 2409 757 2462 ὁ
802 2409 1035 2479 Χριστὸς
1082 2409 1176 2462 ἐπὶ
1227 2409 1420 2480 θρόνου
1467 2409 1626 2479 δόξης
1670 2411 1855 2474 αὐτοῦ,

276 2503 720 2574 δορυφορούντων
749 2502 995 2570 ἀγγέλων
1019 2517 1030 2530 ·
1075 2520 1094 2552 ι
1130 2502 1240 2554 Καὶ
1292 2504 1476 2573 στήσει
1507 2502 1576 2556 τὰ
1609 2503 1708 2572 μὲν
1736 2503 1862 2572 πρό-

277 2595 418 2648 ϐατα
445 2597 509 2647 ὲκ
534 2593 747 2659 δεξιῶν,
778 2593 846 2646 τὰ
877 2593 933 2646 δὲ
965 2593 1150 2662 ἐρίφια
1181 2591 1240 2656 ἐξ
1271 2592 1590 2663 εὐωνύμων,
1626 2594 1722 2646 καὶ
1746 2595 1863 2664 ἐρεῖ

277 2691 388 2752 τοῖς
426 2690 491 2740 ὲκ
525 2686 744 2752 δεξιῶν·
796 2684 985 2748 Δεῦτε,
1020 2687 1066 2737 οἱ
1113 2685 1467 2755 εὐλογημένοι
1519 2686 1611 2738 τοῦ
1649 2688 1862 2758 Πατρός

283 2799 406 2850 μου,
457 2779 905 2852 κληρονομήσατε
955 2779 1053 2848 τὴν
1104 2780 1513 2848 ἡτοιμασμένην
1549 2780 1676 2848 ὑμῖν
1709 2779 1862 2849 βασι-

278 2875 429 2928 λείαν
475 2874 583 2926 ἀπὸ
628 2873 937 2943 καταϐολῆς
979 2872 1205 2941 κόσμου.
1247 2891 1264 2922 ι
1319 2873 1450 2924 Τότε
1499 2873 1608 2941 γὰρ
1665 2873 1863 2936 αὐτοὺς

280 2967 532 3038 αἱρετιεῖ,
565 2964 842 3017 τουτέστιν
897 2965 1148 3034 αἱρετοὺς
1175 2965 1480 3033 ποιήσεται,
1515 2962 1863 3033 παραχωρῶν

281 3059 434 3111 οἴιδὲν
467 3060 549 3120 είς
599 3055 982 3126 φιλοστοργίαν
1011 3058 1122 3118 τοῖς
1157 3055 1279 3108 καθ’
1310 3058 1456 3127 ἡμᾶς
1487 3056 1778 3125 πατράσιν,
1813 3055 1863 3108 οἳ

280 3153 393 3215 τοῖς
445 3147 594 3212 ἰδίοις
646 3149 1000 3216 ὲπιγάνυνται
1034 3148 1266 3211 τέκνοις,
1309 3148 1435 3200 ὅταν
1479 3143 1590 3199 εἷεν
1631 3147 1864 3216 μάλιστα

285 3241 426 3308 σοφά
454 3241 546 3294 καὶ
585 3241 799 3310 εὐήνια,
834 3238 928 3292 καὶ
959 3238 1046 3290 διὰ
1075 3238 1336 3308 πλείστης
1372 3237 1552 3300 αἰδοῦς
1583 3237 1863 3291 ποιοῦνται

283 3331 409 3393 τοὺς
441 3330 736 3398 φύσαντας.

358 3423 466 3476 Καὶ
509 3421 1060 3490 ἐπιστραφήσεσθε,
1113 3421 1210 3474 καὶ
1255 3421 1484 3490 ὄψεσθε
1522 3423 1640 3476 ἀνὰ
1673 3423 1871 3490 μέσον

284 3515 552 3576 δικαίου,
589 3515 686 3566 καὶ
725 3514 842 3567 ἀνὰ
875 3513 1070 3582 μέσον
1114 3513 1364 3581 ἀνόμου,
1406 3514 1503 3565 καὶ
1533 3513 1650 3567 ἀνὰ
1674 3514 1871 3583 μέσον

285 3606 393 3660 τοῦ
465 3590 866 3668 δουλεύοντος
924 3604 1004 3668 τῷ
1071 3601 1222 3670 Θεῷ,
1272 3605 1371 3660 καὶ
1431 3605 1537 3658 τοῦ
1585 3605 1672 3674 μὴ
1733 3605 1872 3659 δου-

284 3699 598 3763 λεύοντος.

359 3789 492 3843 MB’.
538 3788 672 3842 Τότε
710 3787 794 3857 δὴ,
832 3787 973 3851 τότε,
1007 3788 1161 3857 φησι,
1188 3790 1283 3859 τῆς
1318 3787 1459 3841 οὕτω
1503 3787 1767 3858 λαθραίας
1797 3787 1872 3840 εί-

284 3881 619 3950 καιομυθίας
669 3882 1150 3951 ἀποπαυσάμενοι,
1200 3882 1294 3933 καὶ
1349 3882 1450 3951 τὴν
1505 3882 1725 3954 ἀκρατῆ
1779 3883 1872 3934 καὶ

285 3973 616 4027 ἀπαωευτον
645 3972 1042 4033 ἀνακόπτοντες
1085 3971 1361 4039 γλῶσσαν,
1395 3973 1869 4045 διαλοιδορήσεσθε

289 4067 389 4135 μὲν
435 4065 536 4118 οὐκ
580 4063 660 4116 ἔτι
707 4061 784 4134 τῷ
825 4063 1102 4135 φιλαρέτῳ
1144 4065 1297 4134 Θεῷ,
1344 4067 1627 4135 μονονουχὶ
1669 4067 1725 4117 δὲ
1774 4067 1872 4138 τὴν

290 4158 465 4229 μέθην
514 4157 1001 4227 ἀποπεμψάμενοι,
1047 4159 1142 4211 καὶ
1181 4153 1294 4211 οἷον
1336 4160 1762 4228 ἐπιστρέφοντες
1808 4161 1873 4214 ὲκ

285 4250 527 4319 πλάνης,
554 4245 612 4301 εὖ
652 4249 796 4317 μάλα
835 4247 1211 4319 καταθρήσετε
1244 4250 1365 4302 τότε
1401 4252 1495 4305 καὶ
1523 4253 1647 4306 ὅσον
1671 4254 1792 4306 ἐστὶ
1815 4254 1874 4306 τὸ

295 4339 499 4408 μεταξὺ
530 4339 741 4392 δικαίου
774 4339 867 4392 καὶ
897 4339 1120 4408 ἀνόμου,
1151 4339 1245 4392 τοῦ
1269 4341 1612 4405 δουλεύοντος
1635 4343 1753 4414 Θεῷ
1779 4344 1874 4396 καὶ

289 4432 384 4484 τοῦ
429 4433 505 4501 μὴ
552 4429 918 4492 δουλεύοντος.
946 4433 1008 4482 Ul
1041 4431 1140 4500 μὲν
1178 4429 1288 4502 γὰρ
1321 4433 1512 4502 ἇνομοί
1552 4451 1611 4487 τε
1657 4435 1750 4486 καὶ
1785 4435 1875 4499 ἐξ-

1964 1961 2050 2006 tur
2110 1951 2174 2004 de
2216 1951 2352 2004 libro
2389 1953 2712 2016 viventium,
2742 1961 2943 2008 etcum
2971 1956 3134 2023 justis
3157 1973 3260 2013 non
3314 1963 3559 2016 scriban-

1963 2050 2051 2096 tur
2082 2042 2152 2096 ’⁷.
2196 2060 2214 2093 ι
2254 2040 2529 2096 Scribitur
2560 2057 2690 2112 ergo
2729 2043 2868 2099 liber
2913 2051 3246 2103 monumenti
3314 2052 3558 2108 timenti-

1961 2134 2064 2188 bus
2097 2134 2408 2196 Domimnn,
2439 2149 2575 2203 quos
2608 2135 2736 2187 item
2783 2136 2881 2189 sibi
2921 2137 3250 2196 domesticos
3288 2151 3346 2196 et
3395 2143 3551 2198 fanti-

1962 2225 2279 2282 liarissimos
2297 2233 2538 2296 tempore
2562 2227 2934 2296 acquisitionis
2950 2228 3062 2286 fore
3081 2231 3331 2297 aﬂirmat,
3346 2239 3561 2304 quando

1962 2319 2168 2374 scilicet
2195 2320 2405 2373 sedebit
2427 2319 2679 2375 Christus
2714 2337 2878 2392 super
2910 2325 3162 2379 thronum
3192 2328 3380 2395 gloriae
3425 2347 3557 2398 sur,

1962 2410 2294 2477 stipantibus
2348 2410 2599 2479 angelis:
2635 2430 2654 2462 ι
2693 2413 2758 2466 Ει
2811 2424 3012 2469 statuet
3064 2431 3195 2471 oves
3257 2435 3285 2472 a
3325 2421 3557 2482 dextris.

1964 2501 2144 2554 lia-dos
2171 2513 2350 2555 autem
2383 2516 2413 2554 a
2461 2501 2719 2564 sinistris,
2746 2512 2801 2568 et
2846 2505 2987 2561 dicet
3021 2508 3105 2563 his
3138 2509 3230 2578 qui
3264 2525 3292 2563 a
3356 2514 3561 2567 dextris

1961 2603 2122 2645 erunt
2160 2610 2172 2646 :
2208 2593 2423 2657 Venite,
2460 2594 2727 2648 benedicti
2778 2595 2954 2652 Patris
2997 2605 3122 2665 mei,
3158 2602 3420 2670 percipite
3473 2620 3560 2658 re-

1963 2699 2126 2751 gnum
2209 2683 2354 2752 quod
2431 2683 2590 2738 vobis
2641 2694 2888 2751 paratum
2947 2697 3028 2743 est
3088 2705 3116 2740 a
3173 2693 3560 2746 constitutione

1965 2773 2148 2825 mundi
2175 2772 2245 2826 ³⁸.
2285 2791 2303 2823 ι
2337 2772 2491 2826 Tunc
2519 2773 2662 2827 enim
2696 2789 2789 2828 eos
2837 2775 3030 2844 eliget,
3063 2777 3166 2834 hoc
3221 2791 3302 2835 est
3355 2783 3560 2839 electos

1965 2864 2149 2930 faciet,
2189 2865 2545 2934 philostorgia
2600 2871 2652 2920 et
2683 2881 2870 2921 amore
2905 2869 2993 2924 illo
3017 2871 3280 2940 singulari
3314 2874 3449 2928 nihil
3473 2890 3564 2930 ce-

1967 2954 2100 3006 dens
2125 2954 2376 3022 patribus
2401 2955 2729 3024 nostris,qui
2768 2972 2932 3026 super
2961 2959 3086 3014 ﬁliis
3110 2963 3404 3027 exsultant,
3434 2980 3559 3017 cum

1968 3053 2096 3097 sunt
2126 3060 2285 3110 quam
2317 3047 3048 3119 sapientissimietmorigeri
3083 3070 3095 3105 :
3123 3063 3415 3122 elqnorum
3438 3065 3560 3110 satu

1970 3135 2313 3204 prngencrati
2362 3149 2532 3199 sunt,
2589 3152 2685 3191 eos
2746 3153 2957 3193 summa
3020 3143 3361 3196 observantia
3430 3161 3555 3213 pro-

1971 3237 2296 3296 sequuntur.

2044 3412 2205 3466 Vens.
2250 3411 2332 3465 l8.
2366 3410 2434 3465 Et
2479 3414 2880 3480 convertimini,
2916 3424 2964 3468 et
3015 3416 3250 3469 videbitis
3299 3418 3426 3486 quid
3492 3419 3559 3471 sit

1972 3507 2111 3560 inter
2151 3506 2357 3572 justum
2423 3514 2472 3558 et
2517 3507 2814 3574 iniustum,
2876 3519 2922 3561 et
2972 3508 3308 3582 inter-865
3337 3511 3561 3565 servien-

1972 3609 2072 3653 tem
2102 3598 2208 3652 Deo
2237 3639 2250 3658 ,
2273 3610 2318 3651 et
2350 3614 2450 3651 non
2475 3599 2780 3654 servientem
2805 3601 2874 3654 ei.

2048 3779 2204 3834 XLII.
2243 3779 2413 3844 Tunc,
2439 3787 2587 3846 tunc,
2616 3779 2812 3849 inquit,
2837 3779 2904 3834 ab
2929 3779 3027 3833 ista
3053 3779 3385 3835 clandestina
3411 3783 3563 3834 vani-

1975 3867 2245 3940 loquentia
2274 3868 2606 3932 desinentes,
2663 3879 2716 3921 et
2745 3868 3169 3924 incontinentem
3225 3885 3290 3924 ac
3340 3872 3560 3925 stultam

1974 3963 2210 4032 linguam
2261 3961 2836 4031 compescentes,Deo
2892 3961 3148 4017 bonitatis
3195 3964 3399 4016 amanti
3454 3978 3560 4018 non

1975 4054 2206 4122 amplius
2235 4052 2621 4123 obloquemini,
2651 4063 2704 4107 et
2734 4055 3120 4123 propemodum
3153 4056 3418 4110 ebrietate
3471 4072 3558 4110 rc-

1975 4147 2217 4217 pndiata,
2247 4153 2298 4199 et
2339 4146 2493 4215 quasi
2529 4146 2665 4215 pede
2687 4146 2755 4199 ab
2790 4159 2978 4199 errore
3003 4156 3275 4211 revocato,
3331 4147 3565 4202 intuebi-

1976 4239 2109 4292 mini
2140 4237 2443 4292 clarissime
2474 4235 2621 4305 quod
2651 4246 2704 4290 et
2753 4245 3012 4304 quantum
3070 4236 3211 4290 inter
3254 4235 3460 4304 justum
3511 4250 3564 4291 et

1979 4335 2237 4404 injttslttm
2257 4335 2325 4386 sit
2351 4332 2664 4394 discrimen,
2712 4331 2852 4385 inter
2883 4331 3207 4385 servientem
3239 4331 3349 4386 Deo
3372 4341 3425 4387 et
3455 4349 3561 4386 non

1979 4423 2571 4495 servientem.lmprobi
2589 4423 2812 4486 enim,et
2832 4421 3078 4486 rebelles,
3092 4430 3146 4476 et
3157 4421 3342 4492 jugum
3356 4422 3474 4488 ejus
3491 4439 3568 4474 re-

289 4525 452 4592 ήνιοι,
501 4522 597 4574 καὶ
629 4520 719 4574 τὸν
760 4522 859 4592 τῆς
889 4522 978 4574 ὑπ’
1029 4520 1179 4590 αὐτῷ
1213 4522 1459 4586 δουλείας
1487 4525 1874 4594 ἀποσειόμενοι

1975 4519 2322 4589 jectantes,in
2341 4515 2695 4587 perditionem
2712 4523 2766 4568 et
2780 4523 3020 4568 extrema
3037 4513 3296 4583 supplicia
3309 4517 3566 4568 amanda.-

289 4616 456 4683 ζυγὸν
487 4616 799 4684 οἰχήσονται
825 4614 960 4684 πρὸς
987 4615 1263 4669 ἀπώλειαν
1290 4618 1384 4669 καὶ
1413 4619 1492 4677 είς
1522 4617 1876 4688 ἀτελεύτητον

287 4705 534 4760 κόλασιν.
595 4724 612 4754 ι
651 4705 795 4756 Ἐκεῖ
841 4705 993 4759 ἔσται
1042 4708 1070 4758 ὁ
1113 4705 1386 4775 κλαυθμὸς
1421 4707 1514 4758 καὶ
1554 4709 1581 4758 ὁ
1634 4707 1877 4777 βρυγμὸς

285 4796 398 4847 τῶν
444 4796 695 4855 ὀδόντων,
731 4815 749 4845 ›
809 4794 951 4847 καθά
985 4796 1310 4865 γέγραπται.
1369 4796 1432 4847 Oi
1463 4794 1517 4847 δὲ
1552 4795 1745 4863 ἁγαθοὶ
1781 4797 1874 4849 καὶ

289 4887 554 4955 φιλόθεοι,
606 4888 702 4940 καὶ
744 4885 853 4938 τῶν
898 4887 1059 4939 θείων
1105 4887 1285 4956 νόμων
1335 4887 1731 4956 ἐπιστήμονες,
1781 4887 1874 4939 καὶ

290 4981 512 5048 ἀπάσης
542 4978 744 5047 ἀρετῆς
776 4977 1126 5048 ἐπιμεληταὶ,
1172 4976 1435 5044 λαμπροὶ,
1467 4976 1562 5028 καὶ
1590 4976 1872 5046 ἡγιασμέ-

292 5085 399 5132 νοι,
442 5068 536 5120 τὸν
565 5067 667 5135 τῆς
699 5065 1008 5135 ἀφθαρσίας
1057 5064 1412 5135 ἀναδήσονται
1463 5065 1743 5132 στέφανον,
1782 5066 1876 5117 καὶ

289 5163 348 5212 ὲν
391 5163 512 5220 ταῖς
555 5159 668 5211 ἀνω
709 5157 997 5225 γεγονότες
1031 5158 1241 5227 μοναῖς,
1271 5155 1736 5226 συνδιαιτήσονται
1780 5156 1877 5226 μὲν

291 5253 468 5319 ἁγίοις
503 5251 777 5319 ἀγγέλοις,
821 5249 1066 5303 κοινωνώ⁵
1105 5248 1162 5301 δὲ
1188 5248 1285 5318 τῆς
1318 5247 1474 5319 δόξης
1503 5250 1876 5318 ἀποφανὲντες

288 5344 554 5416 Χριστοῦ,
604 5346 715 5405 τοῖς
768 5344 846 5404 είς
907 5341 1231 5412 μακραίωνα
1285 5339 1397 5410 βίον
1446 5343 1878 5410 ὲντρυφὴσουσιι

287 5437 540 5503 ἀγαθοῖς,
567 5453 586 5485 α
604 5437 672 5486 Ἃ
700 5433 978 5502 ὀφθαλμὸς
1001 5434 1103 5484 οὐκ
1126 5427 1254 5496 εἶδε,
1283 5431 1376 5482 καὶ
1397 5427 1490 5492 οὖς
1522 5430 1621 5485 οὐκ
1648 5430 1872 5500 ἤκουσε,

289 5529 385 5583 καὶ
435 5528 529 5579 ἐπὶ
573 5525 804 5594 καρδίαν
849 5522 1138 5594 ἀνθρώπου
1187 5523 1287 5575 οὐκ
1335 5520 1535 5588 ἀνέϐη,
1575 5537 1594 5569 ι
1633 5519 1774 5572 κατά
1816 5518 1881 5571 τὸ

357 5737 406 5769 ⁸⁵
452 5734 592 5787 Psal.
628 5746 892 5792 cxxxvm,
925 5730 1012 5782 i6.
1088 5730 1134 5760 ⁸⁵
1163 5730 1291 5782 an.
1331 5742 1382 5792 κ,
1415 5728 1501 5780 ‘20.

292 5815 302 5844 ¹
346 5812 632 5868 ,θυμικιῆ
676 5803 732 5856 ‘2.
815 5804 832 5834 '
875 5801 892 5852 Ι
935 5801 1060 5852 Cor.
1109 5816 1170 5864 ιι,
1214 5801 1270 5852 9.

1583 5729 1624 5759 θ’
1655 5728 1794 5784 Psal.
1829 5743 2019 5793 vam,
2065 5727 2153 5781 29.

1987 4612 2204 4662 buntur.
2241 4628 2259 4658 ι
2282 4609 2473 4662 lbierit
2495 4607 2649 4662 ﬂetus
2671 4607 2941 4660 etslridor
2957 4606 3198 4660 dentium
3222 4607 3402 4675 tjuxta
3419 4605 3567 4660 Scri-

1985 4711 2197 4771 pturam
2226 4701 2293 4753 0’.
2335 4699 2466 4752 Boni
2493 4708 2680 4751 contra
2695 4695 2854 4749 etDei
2875 4697 3564 4764 amantes,divinarumque

1983 4794 2160 4863 legum
2191 4791 2364 4861 gnari,
2401 4791 2797 4856 virtutibusque
2824 4787 3012 4851 dediti,
3044 4787 3412 4856 splendidi,et
3438 4802 3562 4839 san—

1982 4885 2202 4940 ctiﬁcati
2227 4924 2240 4946 ,
2277 4881 2701 4936 immortalitatis
2734 4893 2934 4934 corona
2967 4879 3277 4942 induentnr,
3319 4884 3373 4930 et
3395 4875 3449 4929 in
3476 4891 3566 4928 su-

1985 4992 2177 5049 pernas
2227 4975 2532 5029 mansiones
2584 4971 2852 5039 recepti‘,
2887 4984 3007 5022 cum
3070 4968 3274 5038 angelis
3319 4967 3566 5021 fruentur

1984 5083 2100 5123 aevo
2126 5067 2478 5134 sempiterno,
2515 5072 2569 5118 et
2613 5063 2902 5132 participes
2926 5059 3054 5113 facti
3082 5058 3264 5128 gloria:
3313 5057 3510 5113 Christi
3548 5099 3563 5121 ,

1987 5161 2038 5214 in
2073 5159 2227 5227 longa
2261 5157 2454 5210 saecula
2487 5156 2728 5208 suaviter
2757 5163 2980 5221 carpent
3033 5153 3202 5213 bona,
3241 5167 3258 5200 ι
3291 5166 3411 5220 qua:
3467 5166 3564 5204 nec

1981 5250 2168 5305 oculus
2194 5247 2346 5312 vidit,
2389 5262 2488 5302 nec
2519 5250 2665 5300 auris
2712 5246 2935 5306 audivit,
2964 5256 3061 5295 nec
3088 5244 3139 5294 in
3177 5256 3269 5295 cor
3329 5241 3564 5296 hominis

1980 5340 2361 5403 ascenderunt,
2401 5356 2421 5388 ι
2465 5347 2524 5391 ut
2555 5339 2816 5402 scriptum
2848 5335 2992 5385 est’.
3025 5329 3252 5383 Verrunt
3274 5345 3413 5383 tmen
3443 5345 3567 5384 ccr.

1979 5441 2169 5487 nentes
2193 5433 2245 5485 in
2281 5432 2381 5484 hac.
2413 5429 2784 5482 vitabomines
2808 5424 3132 5494 improbitati
3157 5424 3380 5488 amicos,
3407 5423 3564 5476 rebus

1980 5525 2231 5580 secundis
2267 5524 2458 5578 beatos
2493 5535 2557 5575 ac
2613 5518 2885 5584 ﬂorentes,
2941 5515 3267 5584 cogitatione
3321 5515 3563 5568 distracti

2259 5726 2302 5758 ’³³
2333 5723 2516 5778 Matth.
2546 5741 2670 5790 xxv,
2719 5725 2804 5785 35,
2841 5723 2928 5776 δι.
3011 5719 3054 5751 θ’
3090 5716 3277 5771 Matth.
3308 5729 3426 5776 \‘lll,
3478 5708 3563 5763 12.
