4026 6276
489 397 595 456 555

1532 385 1590 440 S.
1630 381 1911 439 CYRILLI
1953 379 2426 470 AEEXANDRINI
2470 377 2793 433 ARCHIEP.

3656 373 3760 431 5:76

490 519 706 573 fuerunt
733 524 1044 571 sanctorum
1073 510 1336 574 nonnulli,
1371 507 1618 576 Quamvis
1651 520 1754 560 non
1812 503 2082 557 nescirem

2189 501 2590 573 γεγραμμένον.
2619 501 2762 571 Πλὴν
2787 493 3194 569 εὑημεροῦντας
3228 493 3519 564 βλέποντες
3550 492 3607 544 ὲν
3630 491 3757 559 τῷδε

489 608 652 662 vitam
701 607 913 662 illorum
967 607 1020 658 iu
1077 603 1298 659 exitium
1367 601 1682 654 desiturum.
1729 595 1964 650 Proinde
2004 595 2077 649 ita

489 709 712 754 sanctus
735 698 1005 752 Jeremias
1025 713 1038 748 :
1058 715 1076 747 ι
1103 694 1291 749 Justus
1318 708 1398 756 es,
1425 692 1672 753 Domine,
1697 691 1822 758 quia
1851 701 2073 756 respon-

489 791 631 844 debo
655 792 718 842 ad
740 801 790 843 te
813 807 827 842 :
863 797 1236 842 verin‘ntanien
1255 785 1519 853 judicium
1542 785 1732 850 loquar
1750 781 1814 833 ad
1847 792 1914 834 te.
1936 777 2076 844 Quid

490 897 567 937 e51
599 883 740 951 quiod
771 883 855 934 via
902 881 1186 948 impiorum
1224 875 1614 945 prosperatur?
1647 872 2081 925 Aliundaverum

491 989 678 1028 omnes
704 971 1148 1041 prmvaricatioue
1182 968 1604 1037 prmvuricanles
1626 964 1648 1016 ?
1669 960 1928 1015 Plantasti
1983 971 2078 1012 eos

492 1073 545 1118 et
569 1065 800 1117 radicem
838 1073 1100 1131 egerunt:
1129 1061 1279 1113 ililios
1312 1064 1723 1126 generat-erunt,
1745 1063 1799 1107 et
1835 1051 2080 1105 fecerunt

493 1156 747 1210 fructum.
776 1155 950 1222 Prope
981 1169 1040 1207 es
1078 1165 1130 1205 tu
1161 1155 1240 1206 ori
1271 1157 1559 1212 .eorum,et
1605 1148 1760 1214 longe
1793 1160 1821 1196 a
1859 1142 2078 1196 renibus

492 1265 700 1304 eorum.
727 1247 794 1301 Et
833 1258 910 1310 tu,
951 1246 1194 1305 Domine,
1229 1242 1512 1307 cognoscis
1543 1255 1647 1296 me,
1687 1235 1925 1304 probasti
1981 1249 2078 1287 cor

493 1357 668 1394 meum
708 1353 890 1392 conm
921 1349 970 1389 lc
1002 1336 1042 1388 ³.
1087 1353 1104 1386 ι
1159 1334 1222 1386 Et
1278 1347 1527 1385 rursum:
1571 1347 1589 1378 ι
1632 1326 1922 1381 Sanetilica
1985 1339 2080 1378 eos

493 1431 558 1485 ad
596 1430 736 1483 diem
765 1428 1051 1482 occisionis
1067 1439 1273 1479 eorum.
1297 1423 1590 1489 Quousque
1615 1419 1816 1488 lugebit
1839 1426 1980 1469 terra
1997 1415 2036 1470 ‘.
2054 1433 2072 1466 ι

494 1523 688 1576 Cernis
721 1520 988 1588 quomodo
1019 1518 1071 1570 in
1106 1516 1462 1583 cogitationes
1497 1511 1779 1581 perplexas
1808 1509 2079 1570 inciderit,

492 1622 808 1667 cumtamen
839 1610 998 1662 finem
1034 1608 1318 1676 impiorum
1355 1604 1499 1657 haud
1527 1603 1820 1672 ignoraret.
1850 1616 1868 1650 ι
1891 1596 2083 1652 Omnis

492 1716 621 1756 caro
653 1701 854 1763 fenum,
880 1708 934 1752 et
964 1701 1140 1754 omnis
1173 1697 1338 1767 gioria
1367 1694 1503 1762 ejus,
1539 1703 1597 1746 ut
1618 1691 1716 1745 llos
1745 1689 1908 1751 feni,»
1940 1687 2084 1742 sicut

492 1791 751 1863 scriptum
779 1803 861 1846 εει
888 1792 932 1845 ⁸.

2180 593 2260 664 τῷ
2293 595 2392 664 βίῳ
2413 595 2541 656 τοὺς
2568 594 2667 662 τῆς
2699 591 3032 661 φαυλότητος
3067 587 3323 657 ἐραστὰς,
3367 584 3630 653 γεγόνασι
3665 599 3760 650 μεν

2181 686 2240 740 ἐν
2262 686 2541 755 λογισμοῖς
2572 686 2680 738 τῶν
2713 684 2886 752 ἁγίων
2917 683 3080 746 τινὲς,
3108 682 3207 734 οὐκ
3225 678 3500 748 ἠγνόησαν
3524 677 3580 730 δὲ
3603 678 3685 730 ὃτι
3705 676 3763 728 τδ

2180 774 2278 827 τοῦ
2319 773 2432 842 βίου
2477 772 2654 844 πέρας
2686 771 2899 837 ἕξουσιν
2948 772 3027 833 είς
3078 769 3373 822 ἀπώλειαν.
3415 767 3528 820 Καὶ
3571 765 3703 834 γοῦν
3738 768 3766 819 ὁ

2183 867 2453 935 μακάριος
2494 865 2762 935 Ἱερεμίας
2807 863 2950 916 οὕτω
2995 861 3111 924 πώς
3158 876 3325 930 φησι·
3367 879 3385 910 ι
3423 858 3644 920 Δίκαιος
3693 853 3762 922 εἴ,

2185 951 2358 1022 Κύριε
2381 993 2396 1016 ,
2427 954 2509 1004 ὅτι
2541 953 2954 1022 ἀπολογήσομαι
2989 952 3124 1021 πρὸς
3157 950 3235 1013 σὲ,
3287 949 3428 1020 πλὴν
3461 951 3636 1018 κρῖμα
3674 947 3766 1002 λα-

2180 1044 2330 1114 λήσω
2364 1044 2500 1113 πρὸς
2529 1044 2607 1097 σέ.
2659 1044 2724 1096 Τί
2756 1045 2838 1097 ὅτι
2878 1044 2998 1106 ὁδὸς
3044 1041 3257 1096 ἀσεϐῶν
3297 1041 3608 1104 εὐοδοῦταις
3659 1039 3764 1092 Εὐ-

2180 1135 2419 1206 θήνησαν
2449 1135 2691 1198 ἅπαντες
2717 1138 2766 1188 οἱ
2791 1134 3110 1196 ἀθετοῦντες
3139 1129 3767 1202 ἀθετήματα;Ἑφύτευ-

2184 1242 2280 1289 σας
2324 1224 2544 1291 αὐτοις,
2596 1228 2690 1278 καὶ
2735 1224 3143 1297 ἐρριζώθησαν·
3189 1223 3635 1290 ἐτεκνοποίησαν,
3673 1221 3766 1274 καὶ

2181 1316 2444 1384 ἐποίησαν
2479 1317 2710 1385 καρπόν.
2746 1318 2942 1384 Ἐγγύς
2977 1313 3027 1368 εἶ
3059 1316 3122 1369 σὺ
3148 1314 3240 1368 τοῦ
3272 1315 3537 1382 στόματος
3562 1311 3762 1374 αὐτῶν,

2186 1409 2281 1462 καί
2311 1409 2500 1479 πόρρω
2543 1409 2650 1461 ἀπὸ
2677 1408 2784 1461 τῶν
2812 1407 3028 1477 νεφρῶν
3063 1401 3262 1459 αὐτῶν.
3311 1405 3422 1457 Καὶ
3449 1405 3536 1464 σὺ,
3568 1403 3759 1473 Κύριε,

2185 1498 2476 1566 γινώσκεις
2509 1517 2598 1570 με,
2634 1499 2965 1569 ἐδοκίμασας
2992 1499 3090 1568 τὴν
3119 1498 3349 1568 καρδίαν
3385 1513 3487 1566 μου
3525 1494 3764 1547 ἐναντίον

2189 1607 2303 1646 σου.
2342 1611 2360 1642 ι
2400 1586 2531 1643 Εἶτα
2560 1591 2724 1644 πάλιν
2757 1591 2921 1660 φησί·
2962 1591 3253 1658 ι”Αγνισον
3279 1588 3479 1650 αὐτοὺς
3512 1587 3592 1649 εἰς
3623 1584 3760 1655 ὴμέ-

2193 1699 2291 1748 ραν
2337 1683 2551 1752 σφαγῆς
2595 1681 2794 1736 αὐτῶν.
2831 1683 2976 1746 Ἕως
3022 1681 3152 1734 πότε
3201 1679 3463 1748 πενθήσει
3520 1677 3554 1746 ἡ
3597 1673 3700 1742 γῆς
3738 1692 3754 1723 ι

2202 1773 2365 1843 Ὁρᾷς
2409 1775 2557 1836 ὅπως
2603 1773 2965 1842 ἐμπέπτωκεν
3001 1775 3078 1835 εἰς
3108 1770 3386 1840 λογισμῶν
3424 1767 3760 1837 δυσχέρειαν,

491 1855 852 1956 ούκνὴγνὸηκε
885 1885 942 1937 δὲ
969 1884 1078 1938 τῶν
1109 1881 1510 1935 δυσσεϐούντων
1549 1880 1608 1931 τὸ
1674 1877 1867 1948 πέρας.
1893 1873 2090 1925 tuam
2131 1866 2270 1940 σὰρξ
2333 1868 2526 1938 χόρτος
2596 1869 2689 1922 καὶ
2733 1870 2882 1921 πᾶσα.
2930 1867 3057 1933 δόξα
3101 1865 3427 1935 ἀνθρώπων,
3471 1863 3548 1925 ὡς
3611 1855 3764 1918 ἄνθος

493 1975 786 2048 χόρτου[ς],
824 1993 842 2024 ι
882 1973 1024 2026 κατά
1057 1972 1118 2023 τὸ
1149 1970 1556 2041 γεγραμμένον.

1131 2104 1281 2158 CAP.
1315 2101 1401 2156 IV.

574 2241 736 2296 Vsus.
768 2242 816 2295 l.
849 2239 986 2305 Quia
1021 2255 1134 2292 ecce
1173 2239 1285 2291 dies
1314 2238 1450 2290 venit
1481 2237 1670 2290 ardens
1689 2235 1821 2288 sicut
1845 2232 2082 2286 clibanus

500 2345 548 2388 et
579 2333 841 2387 romburet
877 2348 1010 2394 eos,
1065 2341 1114 2384 et
1174 2341 1324 2384 erunt
1389 2345 1565 2382 autne:
1637 2327 1982 2394 alienigena',
2034 2331 2084 2376 et

498 2427 723 2482 universi
753 2426 838 2492 qui
870 2423 1074 2493 faciunt
1113 2423 1322 2489 iniqua,
1368 2421 1561 2490 stipula
1583 2436 1602 2484 ;
1626 2431 1673 2471 et
1701 2417 1973 2470 succendat
1997 2432 2082 2469 eos

499 2518 610 2568 dies
667 2515 868 2567 veniens
904 2551 918 2574 ,
962 2513 1085 2564 dicit
1136 2510 1393 2563 Dominus
1424 2509 1767 2576 oumipotens,
1793 2518 1838 2559 et
1864 2523 1964 2557 non
2002 2522 2083 2559 re-

499 2607 764 2675 linquetur
797 2605 859 2657 ἀρ
884 2604 958 2655 eis
984 2603 1137 2654 radix
1172 2617 1332 2670 neque
1354 2615 1581 2669 germen.

581 2772 749 2846 865
787 2769 970 2826 XLIII.
1016 2771 1165 2825 Diem
1203 2769 1388 2841 judieii
1426 2769 1476 2822 in
1512 2769 1634 2832 igne
1659 2767 1892 2822 futurum
1927 2783 2077 2838 repn-

505 2878 624 2920 tare
658 2882 839 2920 secum
877 2871 1299 2918 consentaneum
1327 2869 1431 2926 est,
1471 2879 1490 2912 ι
1522 2862 1572 2913 in
1597 2875 1705 2930 quo
1735 2861 1858 2914 caeli
1891 2874 2084 2928 magno

507 2959 707 3028 impetu
757 2957 1042 3021 transient,
1088 2956 1357 3009 elementa
1393 2969 1525 3007 vero
1552 2954 1736 3008 calore
1779 2952 2081 3017 solventur,

506 3061 650 3104 terra
694 3058 872 3104 autem
917 3059 972 3104 et
1017 3062 1136 3116 qua:
1176 3046 1228 3099 in
1277 3046 1390 3112 ipsa
1429 3055 1552 3098 sunt
1587 3057 1752 3113 opera
1785 3053 2085 3096 exuruntur

505 3143 708 3196 omnia.
746 3141 924 3196 I\'ovos
962 3154 1093 3193 vero
1133 3137 1320 3201 cmlos,
1357 3147 1411 3191 et
1437 3151 1629 3190 novam
1659 3147 1856 3189 terram
1891 3150 2085 3190 secun—

507 3235 631 3285 dum
689 3233 953 3301 promissa
990 3231 1157 3299 ipsius
1213 3239 1590 3297 exspectamus
1626 3227 1694 3292 ⁶;
1744 3246 1763 3278 ι
1813 3228 1893 3281 sic
1940 3229 2082 3281 enim

510 3324 726 3391 quidam
759 3331 1066 3376 sanctorum
1101 3321 1487 3388 discipulorum
1519 3319 1674 3374 dixit.
1716 3318 1894 3389 lnquit
1924 3334 2075 3389 ergo,

509 3411 703 3468 Veniet
733 3423 791 3465 ut
830 3415 1074 3467 clibanus
1119 3387 1502 3478 diesDomiui,
1545 3423 1600 3466 et
1644 3387 1834 3467 omnes
1871 3387 2085 3482 quidem
2115 3387 2158 3445 ο

508 3508 841 3575 alienigenas
884 3507 1185 3568 comburet,
1232 3505 1589 3559 nihilominus
1631 3507 1794 3558 etiam
1831 3505 2088 3560 facientes

513 3597 696 3666 iniqua
726 3607 1002 3660 assnmet;
1036 3611 1198 3648 unum
1231 3596 1373 3648 enim
1409 3606 1464 3649 et
1495 3596 1568 3648 illi
1595 3605 1649 3650 et
1677 3597 1728 3648 hi
1765 3597 2090 3665 supplicium

511 3690 788 3742 subibunt.
809 3686 941 3741 Vide
965 3695 1144 3740 autem
1169 3687 1254 3740 hie
1277 3687 1645 3741 festivitatem.
1672 3686 1822 3740 Nunc
1847 3687 2092 3741 meminit

513 3780 963 3848 alienigenarum.
1006 3777 1298 3846 Postquam
1348 3779 1492 3832 enim
1531 3793 1625 3832 eos
1672 3779 1859 3834 beatos
1899 3780 2092 3847 praedi-

511 3881 726 3934 carunt,
770 3872 1008 3924 dicentes
1049 3888 1062 3922 :
1103 3887 1121 3920 ι
1175 3870 1242 3922 Et
1287 3885 1430 3923 nunc
1484 3886 1584 3924 nos
1628 3872 1812 3926 beatos
1861 3872 2092 3928 dicimus

512 3962 744 4024 alienos,
779 3971 835 4014 et
867 3963 1264 4015 remditicantur
1295 3975 1486 4015 omnes
1513 3962 1602 4029 qui
1636 3962 1838 4017 faciunt
1885 3965 2090 4035 iniqua,

514 4051 628 4106 Deo
662 4052 996 4112 restiterunt,
1027 4058 1085 4103 et
1117 4049 1252 4104 salvi
1295 4049 1420 4104 facti
1457 4060 1605 4114 sunt,
1636 4069 1656 4102 ι
1696 4051 1787 4105 hic
1818 4067 1911 4106 eos
1943 4070 2092 4106 CUI"-

513 4147 728 4199 bustum
763 4143 826 4195 iri
856 4151 1120 4207 autumat,
1151 4153 1209 4196 ut
1240 4143 1332 4211 qui
1367 4143 1594 4210 gloriam
1629 4143 1722 4198 Dei
1750 4159 2092 4214 Oppugnare-

513 4236 646 4298 rint,
675 4247 726 4289 et
752 4245 1054 4288 creaturam
1088 4249 1250 4304 quant
1281 4235 1594 4292 Creatorem
1620 4237 1854 4290 adorare
1889 4237 2092 4290 malue-

513 4327 621 4382 rint
640 4327 716 4380 ⁷.»

587 4419 1055 4472 ttatiocinabimur
1088 4428 1145 4473 et
1192 4422 1372 4482 aliter,
1421 4419 1754 4489 alienigenas
1794 4423 2094 4491 appellatos

514 4524 635 4562 esse
670 4508 1004 4571 idololatras,
1040 4520 1095 4562 et
1130 4509 1237 4562 alio
1271 4511 1506 4578 quodam
1560 4515 1718 4566 modo
1760 4514 2024 4569 alienatos
2063 4531 2093 4570 a

514 4612 672 4650 saera
695 4607 748 4649 et
774 4599 945 4651 electa
970 4610 1131 4666 gente
1157 4615 1171 4651 :
1198 4599 1504 4664 haereticos,
1535 4601 1779 4670 inquam,
1807 4605 1872 4658 de
1897 4607 2096 4673 quibus

2806 2087 3058 2142 ΚΕΦΑΛ.
3087 2089 3160 2140 Δ’.

2254 2230 2412 2283 Διόττ
2449 2225 2575 2279 ἰδοὺ
2614 2224 2804 2295 ἡμέρα
2833 2223 3069 2292 ἔρχεται
3114 2221 3398 2291 καιομένη
3436 2223 3519 2288 ὡς
3557 2224 3761 2278 κείσα-

2183 2336 2322 2383 νος,
2358 2317 2454 2370 καὶ
2493 2316 2702 2384 φλέξει
2741 2314 2992 2379 αὐτοὺς,
3046 2313 3144 2366 καὶ
3183 2314 3431 2368 ἔσονται
3465 2315 3688 2381 πάντες
3712 2318 3763 2368 ol

2185 2407 2554 2478 ἀλλογενεῖς,
2588 2407 2687 2462 καί
2724 2407 2949 2470 πάντες
2986 2409 3038 2460 ol
3071 2405 3388 2470 ποιοῦντες
3427 2405 3625 2476 ἄνομα
3656 2422 3761 2460 κα-

2183 2501 2367 2569 λάμη.
2395 2499 2492 2552 καὶ
2527 2497 2750 2566 ἀνάψει
2775 2496 2996 2562 αὐτοὺς
3024 2496 3216 2566 ἡμέρα
3244 2499 3282 2565 ἡ
3312 2497 3629 2566 ἐρχομένη,
3664 2498 3762 2552 .λέ-

2185 2609 2272 2663 γει
2312 2594 2526 2660 Κύριος
2573 2589 2997 2658 παντοκράτωρ
3027 2631 3042 2655 ,
3073 2589 3171 2643 καί
3205 2591 3276 2645 οὐ
3309 2589 3396 2659 μὴ
3429 2587 3763 2658 ὑπολειφθῇ

2183 2685 2254 2749 ἐξ
2281 2683 2480 2737 αὐτῶν
2499 2681 2630 2751 ῥίζα
2654 2682 2798 2737 οὐδὲ
2823 2681 3044 2750 κλῆμα.

2257 2776 2388 2830 MI".
2447 2777 2534 2829 Ἐν
2601 2777 2734 2847 πυρὶ
2791 2774 2902 2845 γὰρ
2955 2772 3174 2826 ἔσεσθαι
3231 2773 3330 2844 τὴν
3377 2773 3477 2843 τῆς
3530 2772 3762 2844 κρίσεως

2186 2868 2398 2939 ἡμέραν
2444 2869 2644 2920 ἐννοεῖν
2685 2865 3011 2930 ἀκόλουθον,
3057 2883 3076 2916 ι
3120 2865 3206 2918 Ἐν
3323 2864 3374 2917 ot
3405 2864 3628 2934 οὐρανοὶ
3668 2863 3764 2934 μὲν

2188 2959 2433 3030 ῥοιζηδὸν
2479 2956 2948 3031 παρελεύσονται,
3017 2957 3258 3025 στοιχεῖα
3307 2953 3366 3007 δὲ
3412 2954 3765 3024 καυσούμενα

2186 3052 2547 3124 λυθήσονται,
2575 3052 2646 3122 γῆ
2676 3051 2732 3104 δὲ
2766 3051 2860 3104 καὶ
2892 3049 2962 3104 τὰ
2994 3050 3052 3100 ὲν
3074 3049 3210 3119 αὐτῇ
3246 3047 3384 3119 ἔργα
3414 3048 3766 3118 κατακαήσε-

2186 3163 2276 3199 ται
2322 3145 2523 3199 πάντα.
2572 3143 2808 3206 Καινοὺς
2852 3141 2909 3194 δὲ
2951 3141 3235 3212 οὐρανοὺς,
3287 3139 3383 3193 καὶ
3422 3139 3616 3210 καινὴν
3665 3138 3766 3208 γῆν

2187 3237 2329 3290 κατὰ
2376 3236 2446 3289 τὰ
2491 3234 2888 3304 ἐπαγγέλματα
2931 3231 3096 3287 αὑτοῦ
3139 3231 3562 3303 προσδοκῶμενο
3602 3250 3620 3284 ι
3665 3231 3764 3300 ἔφη

2188 3330 2296 3399 γὰρ
2327 3321 2429 3380 ὧδέ
2449 3344 2532 3390 τις
2555 3325 2664 3380 τῶν
2685 3325 2855 3394 ἁγίων
2882 3322 3332 3396 μαθητῶν.”Ηξει
3351 3324 3555 3388 τοίνυν,
3581 3323 3762 3392 φησὶν,

2189 3421 2266 3485 ὡς
2309 3419 2561 3481 κλίϐανος
2603 3417 2849 3489 ὴὴμέρα
2883 3416 3111 3487 Κυρίου,
3153 3416 3247 3469 καὶ
3288 3415 3616 3484 καταφλέξει
3671 3415 3765 3486 μὲν

2191 3513 2434 3575 ἅπαντας
2464 3512 2590 3574 τοὺς
2629 3510 2969 3577 ἀλλογενεῖς,
3002 3507 3302 3580 προσθήσει
3341 3507 3400 3561 δὲ
3428 3508 3642 3570 τούτοις
3677 3507 3766 3560 καὶ

2190 3607 2318 3667 τοὺς
2363 3603 2650 3666 ποιοῦντας
2680 3601 2751 3654 τὰ
2782 3601 2988 3672 ἄνομαο
3030 3602 3127 3671 μία
3157 3600 3267 3671 γὰρ
3312 3599 3466 3652 ἔσται
3501 3602 3616 3662 τοῖς
3653 3600 3766 3652 κατ’

2192 3696 2395 3766 ἀμςροῖν
2439 3695 2472 3763 ἠ
2521 3693 2669 3761 δίκη.
2701 3691 2894 3760 Ἀθρει
2936 3690 2993 3742 δὲ
3033 3689 3204 3750 οὕτως
3236 3688 3586 3757 ἀστειότητα.
3637 3688 3769 3740 Νυνὶ

2192 3786 2558 3857 διαμέμνηται
2609 3782 2718 3835 τῶν
2759 3781 3084 3849 ἀλλογενῶν.
3143 3778 3361 3850 Ἐπειδὴ
3410 3780 3520 3848 γὰρ
3576 3779 3768 3839 αὐτοὺς

2194 3877 2558 3949 ἐμακάριζον,
2595 3874 2844 3942 λέγοντες
2865 3890 2878 3903 ·
2916 3873 3058 3926 «Καὶ
3075 3871 3172 3925 νῦν
3200 3872 3361 3942 ἡμεῖς
3391 3861 3770 3940 μακαρίζομεν

2194 3969 2531 4040 ἀλλοτρίους,
2583 3967 2676 4020 καὶ
2719 3964 3192 4034 ἀνοικοδομοῦνται
3237 3961 3524 4025 ποιοῦντες
3572 3962 3768 4032 ἄνομα,

2194 4064 2289 4117 καὶ
2317 4062 2656 4131 ἀντέστησαν
2690 4058 2831 4130 Θεῷ,
2873 4059 2968 4111 καὶ
3003 4055 3307 4126 ἐσώθησαν,
3345 4073 3365 4106 ι
3403 4055 3581 4127 ταύτῃ
3611 4071 3771 4109 κατα-

2193 4150 2592 4223 φλεχθήσεσθαί
2627 4167 2790 4220 φησιν
2820 4149 3019 4213 αὐτοὺς
3048 4191 3062 4213 ,
3102 4148 3178 4211 ὡς
3217 4151 3283 4219 τῇ
3334 4147 3430 4202 τοῦ
3478 4149 3618 4202 Θεοῦ
3648 4148 3770 4222 δόξῃ

2195 4246 2672 4315 πεπολεμηκότας,
2704 4243 2800 4295 καὶ
2847 4245 3172 4312 προσκυνεῖν
3203 4241 3495 4312 ἑλομένους
3529 4242 3633 4312 τὴν
3657 4241 3771 4294 κτί-

2198 4354 2280 4392 σιν
2315 4337 2467 4406 παρά
2496 4334 2588 4388 τὸν
2616 4335 2894 4386 κτίσαντα.
2926 4380 2930 4384 .

2265 4423 2609 4495 Λογιούμεθα
2668 4425 2764 4476 καὶ
2807 4424 3008 4492 ἑτέρως
3053 4422 3362 4491 ἀλλογενεῖς
3403 4421 3764 4493 ὀνομάζεσθαι

2195 4520 2323 4583 τοὺς
2385 4515 2810 4585 είδωλολάτρας,
2878 4516 2973 4568 καὶ
3032 4516 3159 4578 τοὺς
3231 4515 3353 4568 καθ’
3404 4516 3594 4585 ἕτερον
3656 4529 3763 4565 τινα

2197 4609 2398 4678 τρόπον
2435 4603 2900 4675 ἡλλοτριωμένους
2934 4601 3029 4655 τοῦ
3067 4603 3214 4672 ίεροῦ
3247 4620 3307 4656 τε
3347 4605 3442 4657 καὶ
3471 4603 3762 4658 ἁπολέκτου

516 4686 920 4755 appositissime
944 4689 1178 4742 dicitur:
1217 4707 1236 4739 ι
1260 4689 1337 4744 Ex
1375 4692 1530 4747 nobis
1559 4695 1825 4758 exierunt,
1858 4699 1950 4750 sed
1984 4713 2086 4752 non

2198 4699 2423 4767 γένους,
2476 4691 2588 4748 οἶόν
2617 4693 2670 4745 τί
2710 4710 2852 4763 φημι
2896 4693 3023 4756 τοὺς
3057 4694 3398 4764 αίρετικοὺς,
3435 4696 3565 4765 περὶ
3595 4687 3666 4748 ὧν
3703 4693 3760 4744 ἂν

517 4791 674 4832 erant
694 4793 760 4832 ex
784 4779 958 4832 nobis.
997 4779 1126 4832 Nam
1149 4780 1193 4836 si
1223 4779 1452 4835 fuissent
1477 4798 1540 4836 ex
1565 4785 1743 4848 nobis,
1773 4786 2086 4843 niansissenl

2195 4788 2426 4855 λέγοιτο,
2473 4786 2568 4840 καὶ
2615 4784 2762 4854 μάλα
2813 4784 3070 4846 εἰκότως·
3111 4803 3144 4834 ,ι
3194 4783 3284 4848 Ἐξ
3315 4783 3478 4854 ἡμῶν
3515 4783 3757 4854 ἐξῆλθον,

518 4870 704 4940 utique
751 4870 1033 4925 nobiscum
1073 4870 1116 4923 ⁸.
1153 4890 1171 4924 ι
1210 4871 1275 4926 Hi
1323 4888 1582 4942 namque,
1613 4874 1791 4928 divina
1816 4877 2086 4933 nobilitate

2193 4881 2307 4936 ἀλλ’
2337 4879 2438 4932 οὐκ
2470 4873 2612 4948 ἦσαν
2643 4875 2702 4941 ἐξ
2736 4874 2912 4946 ἡμῶν.
2945 4876 3008 4928 Εί
3039 4876 3149 4945 γὰρ
3177 4872 3320 4946 ἦσαν
3357 4877 3416 4942 ἐξ
3459 4877 3638 4946 ἡμῶν,
3673 4891 3758 4945 με·

519 4965 754 5034 abjccta,
783 4971 838 5015 et
863 4978 891 5013 ιι
923 4971 1086 5031 gente
1110 4971 1298 5016 saneta
1327 4971 1485 5031 atque
1511 4965 1682 5018 electa
1715 4967 1948 5034 separati
1981 4981 2101 5034 quae

518 5055 658 5109 facta
695 5069 780 5110 est
827 5054 880 5108 in
924 5052 1336 5122 acquisitioucm
1372 5053 1392 5083 ’
1434 5053 1561 5124 (per
1609 5053 1764 5110 fidem
1817 5056 2000 5122 utique
2036 5055 2089 5109 in

517 5145 852 5217 Christum),
893 5148 1046 5201 cibus
1106 5152 1268 5198 erunt
1326 5144 1464 5214 ignis
1521 5148 1698 5199 omnia
1757 5147 2087 5203 devorantis.

519 5239 722 5296 Eodem
761 5240 881 5296 loco
924 5239 1064 5310 apud
1105 5239 1270 5296 Deum
1307 5249 1468 5295 erunt
1511 5240 1600 5309 qui
1646 5240 1852 5294 faciunt
1882 5241 2089 5311 iniqua,

521 5331 735 5385 tametsi
750 5330 964 5385 admisti
982 5329 1191 5384 fuerint
1211 5329 1438 5384 fortasse
1456 5330 1801 5384 credentibus
1817 5339 1872 5386 ct
1886 5331 2090 5397 electis,

520 5425 716 5473 etcum
741 5422 830 5488 qui
859 5431 1050 5475 natura
1077 5436 1140 5476 ac
1169 5424 1396 5478 veritate
1424 5422 1564 5476 Deus
1591 5431 1696 5483 est,
1722 5426 2090 5489 cognoverint.

523 5509 636 5561 Non
653 5514 796 5562 enim
820 5513 920 5567 hoc
937 5513 1047 5566 illis
1070 5514 1135 5566 ad
1154 5513 1484 5572 ablutionem
1504 5522 1846 5582 peccatorum
1867 5513 2090 5567 sufﬁcit:

591 5708 614 5740 ⁸
648 5707 847 5764 larem.
889 5726 984 5771 xu,
1031 5710 1081 5775 I,
1114 5711 1166 5766 2.

535 5715 866 5798 quem;
1031 5715 1081 5775 ιν
1114 5715 1166 5766 2-
1249 5715 1430 5770 ἰδία.
1454 5716 1507 5782 ε,
1552 5715 1606 5768 4-

581 5777 600 5832 I
642 5777 788 5833 I’etr.
832 5794 890 5846 ιι,
934 5780 987 5832 9.

1684 5714 1704 5745 '
1747 5713 1850 5767 Isa.
1896 5729 1985 5781 ιιι,
2028 5713 2082 5770 6.

2199 4971 2509 5039 μενήκεσαν
2536 4967 2602 5020 ἂν
2637 4965 2756 5035 μεθ’
2784 4965 2993 5035 ἡμῶν.»
3020 4962 3178 5019 Οὗτοι
3201 4965 3298 5036 τὴν
3320 4967 3470 5020 θείαν
3500 4967 3759 5034 εὐγένειαν

2199 5057 2658 5127 ἀποϐεϐληκότες,
2700 5055 3192 5127 ἁπονοσφιζὸμενοι
3237 5074 3296 5109 τε
3346 5056 3443 5110 τοῦ
3490 5058 3632 5131 ἱεροῦ
3679 5055 3758 5109 καὶ

2199 5150 2503 5203 ἀπολέκτου
2547 5147 2739 5215 γένους
2804 5148 2897 5202 τοῦ
2961 5149 3244 5216 γεγονότος
3295 5149 3375 5212 εἰς
3427 5151 3757 5221 περιποίησιν

2197 5241 2319 5312 (διὰ
2368 5240 2602 5302 πίστεως
2647 5238 2705 5293 δὲ
2749 5239 2993 5310 δηλονότι
3041 5241 3141 5310 τῆς
3184 5240 3243 5292 ἐν
3293 5239 3574 5311 Χριστῷ),
3605 5237 3756 5308 πυρὸς

2197 5332 2413 5386 ἔσονται
2436 5331 2531 5385 τοῦ
2561 5331 2864 5402 παμφάγου
2899 5333 3097 5403 τροφή.
3144 5333 3235 5387 Ἐν
3265 5333 3355 5406 ῐσῃ
3379 5334 3436 5386 δὲ
3468 5334 3630 5404 μοίρᾳ
3658 5328 3755 5383 aul-

2203 5440 2387 5477 σονται
2431 5421 2582 5494 παρά
2625 5421 2744 5492 Θεῷ
2778 5425 2873 5476 καὶ
2921 5425 2969 5476 oi
3013 5423 3294 5487 ποιοῦντες
3337 5425 3546 5494 ἄνομα,
3584 5423 3677 5476 κᾶν
3709 5420 3752 5471 ει

2201 5516 2538 5586 ἐγκρίνοιντο
2567 5515 2729 5583 τυχὸν
2761 5517 2873 5576 τοῖς
2909 5514 3300 5569 πεπιστευκόσι
3328 5517 3424 5568 καὶ
3464 5509 3750 5581 ἐξειλεγμέ-

2161 5713 2182 5745 ⁸
2223 5715 2263 5767 II
2309 5714 2452 5769 Pctr.
2499 5730 2584 5779 Ill,
2627 5714 2712 5768 10.
2793 5713 2812 5744 '
2856 5713 3010 5767 Itom.
3058 5729 3093 5776 ι,
3135 5711 3224 5766 25.
3302 5713 3321 5742 ⁸
3356 5712 3553 5766 IJoan.
3593 5704 3749 5773 11,19.
