4026 6276
229 436 325 492 557

1047 421 1600 482 COMMENTARIUS
1642 425 1707 480 ΙΝ
1749 425 2163 491 ΜΑιΑωιιΑιι
2210 425 2657 482 PROPHETAM.

3414 430 3525 484 355

231 568 357 616 νοις.
397 548 613 604 καὶτὸν
643 546 802 618 φύσει
847 547 903 600 δὲ
937 545 1031 599 καὶ
1077 546 1296 618 ἀληθῶς
1341 547 1506 599 είδόσι
1535 545 1688 600 Θεόν.
1731 548 1807 599 Οὑ

1915 547 2180 616 siquidem
2212 560 2396 600 verum
2426 546 2555 599 illud
2587 563 2599 598 :
2640 563 2659 594 ι
2697 545 2888 598 Fidem
2926 546 3044 600 sine
3077 547 3335 616 operibus
3373 562 3521 601 mor-

231 643 335 713 γὰρ
365 634 584 711 ἀπόχρη
632 637 790 692 τοῦτο
823 640 1006 701 αὑτοῖς
1041 638 1177 708 πρὸς
1211 638 1465 706 ἀπόνιψιν
1516 637 1808 708 ἁμαρτίας,

230 732 380 804 εἴπερ
412 734 562 785 ἐστὶν
606 729 824 800 ἀληθὲς,
868 729 943 792 ὡς
978 747 997 780 ι
1030 730 1063 799 ἡ
1103 731 1286 792 πίστις
1320 730 1488 799 χωρὶς
1517 729 1694 800 ἔργων
1723 747 1809 783 νε-

231 825 333 897 κρά
359 829 498 877 ἐστι.
536 841 554 873 ι
590 825 800 874 Δικαιοϊ
832 819 930 891 μὲν
959 820 1069 890 γὰρ
1101 821 1133 890 ἡ
1161 821 1346 882 πίστις
1385 821 1424 892 ήλ
1447 823 1525 884 είς
1552 821 1810 892 Χριστὸν,

230 919 317 972 καὶ
353 919 455 986 τῆς
498 913 610 966 τῶν
661 911 1160 984 προεπταισμένων
1189 912 1526 966 ἀπαλλάττει
1570 913 1809 984 κηλίδος.

230 1010 286 1062 ΕΞ
314 1008 370 1062 δέ
401 1009 465 1078 δή
511 1023 595 1069 τις
629 1006 765 1075 μετὰ
794 1004 954 1057 τοῦτο
985 1006 1226 1076 ῥᾴθυμός
1255 1023 1314 1059 τε
1346 1007 1439 1060 καὶ
1483 1009 1812 1062 ἀναπεπτω-

229 1098 333 1161 κὼς
391 1099 704 1170 εὑρίσκοιτο
765 1097 901 1166 πρός
953 1113 1013 1148 τε
1073 1097 1142 1150 τὰ
1197 1097 1403 1166 σαρκὸς
1455 1100 1548 1151 καὶ
1597 1099 1666 1154 τὰ
1715 1097 1811 1154 τοῦ

228 1191 430 1262 κόσμου
461 1188 643 1258 πάθη,
677 1188 1014 1259 νενέκρωκεν
1056 1189 1218 1242 οἱονεί
1262 1208 1380 1254 πως
1422 1193 1479 1244 ἐν
1507 1191 1686 1262 ἐαυτῷ
1711 1193 1812 1264 τὴν

228 1284 435 1347 πίστιν,
487 1279 800 1351 προστιθεὶς
853 1281 951 1350 μὲν
1003 1282 1156 1334 οὐδὲν
1206 1282 1314 1334 τῶν
1374 1285 1806 1355 ἐπαινουμένων,

227 1372 665 1442 παλινδρομήσας
698 1370 754 1423 δὲ
794 1370 994 1442 μᾶλλον
1026 1372 1119 1424 ἐπὶ
1151 1373 1251 1443 τὴν
1291 1376 1526 1446 ἀρχαίαν
1555 1376 1648 1429 τοῦ
1691 1375 1809 1446 βίου

227 1466 545 1535 σκαιότητα.
581 1465 714 1536 Περὶ
741 1464 850 1518 τῶν
884 1465 1140 1518 τοιούτων
1174 1467 1308 1536 φησι
1336 1468 1428 1520 καὶ
1456 1470 1483 1520 ό
1521 1466 1809 1532 θεσπέσιος

227 1556 510 1627 μαθητής·
545 1558 846 1628 «Κρεῖσσον
877 1557 986 1628 γὰρ
1020 1551 1088 1628 ἦν
1117 1558 1302 1622 αὐτοῖς
1329 1559 1403 1632 μὴ
1439 1560 1809 1626 ἐπεγνωκέναι

224 1649 320 1718 τὴν
347 1647 465 1701 ὁδὸν
491 1649 590 1718 τῆς
620 1648 990 1720 δικαιοσύνης,
1018 1651 1050 1720 ἢ
1077 1651 1397 1720 ἐπιγνοῦσιν
1439 1655 1518 1716 εἰς
1544 1653 1610 1706 τὰ
1633 1653 1810 1706 ὀπίσω

223 1737 548 1808 ἀνακάμψαι
591 1737 697 1791 ἀπὸ
734 1740 832 1808 τῆς
868 1739 1270 1812 παραδοθείσης
1304 1743 1489 1806 αὐτοῖς
1519 1743 1678 1811 ἁγίας
1717 1744 1807 1796 ἐν·

221 1829 401 1899 τολῆς.
443 1829 800 1900 Συμϐἑῦηκεν
837 1831 945 1902 γὰρ
979 1836 1162 1896 αὐτοῖς
1189 1833 1250 1886 τὸ
1279 1837 1378 1904 τῆς
1403 1834 1638 1903 ἀληθοῦς
1668 1836 1808 1906 Παρ-

220 1920 433 1990 οιμίαςο
471 1919 663 1972 «Κύων
679 1901 1014 1991 ἐπιστρέψας
1053 1923 1144 1974 ἐπὶ
1178 1923 1239 1975 τὸ
1267 1901 1396 1977 ἴδιον
1423 1901 1688 1995 ἐξέραμα,
1712 1901 1805 1978 καὶ
1839 1901 1882 1956 Β

220 2005 282 2074 ὗς
328 2010 642 2081 λουσαμένη
687 2013 767 2075 είς
813 2012 1057 2082 κὺλισμα
1098 2013 1381 2085 βορϐόρου.
1422 2033 1440 2066 ι
1490 2016 1700 2069 υὺκοῦν
1751 2020 1809 2071 ἐν

221 2101 323 2171 inp
368 2104 482 2164 τοῖς
510 2102 824 2171 ἀλλογενὲσι
870 2104 964 2155 καὶ
995 2106 1046 2157 οἱ
1077 2104 1359 2169 ποιοῦντες
1386 2106 1582 2174 ἄνομα,
1630 2107 1678 2160 οἳ
1719 2110 1810 2162 καὶ

220 2193 442 2246 ἔσονται
473 2193 716 2264 καλάμη,
749 2193 1288 2263 καταφλεχθήσονται
1322 2197 1379 2248 δὲ
1409 2197 1579 2260 οὕτως
1611 2199 1811 2252 ὡσανεὶ

220 2285 456 2356 κάκείνη
488 2286 658 2357 πυρὸς
677 2287 1134 2359 ὲπενηνεγμένου.
1157 2288 1457 2356 Συνάγεται
1479 2291 1586 2362 γὰρ
1613 2293 1641 2344 ὁ
1666 2296 1810 2356 σῖτος

218 2379 300 2439 εἰς
343 2377 662 2448 ἀποθήκην,
701 2378 845 2432 καθὰ
893 2381 986 2432 καὶ
1034 2379 1062 2430 ό
1105 2380 1296 2453 Σωτήρ
1346 2399 1479 2452 φησι
1527 2385 1654 2455 περὶ
1700 2387 1810 2440 τῶν

218 2467 398 2534 ἁγίων
444 2466 738 2538 θεριστῶν·
791 2469 850 2521 τὸ
897 2469 952 2521 δὲ
1001 2469 1206 2539 ἄχυρον
1263 2473 1622 2525 κατακαίεται
1677 2475 1811 2546 πυρὶ

215 2558 495 2628 ἀσϐέστῳ.
531 2579 548 2610 ι
589 2561 699 2613 Καὶ
730 2561 791 2613 οὐ
827 2561 900 2631 μὴ
937 2561 1239 2633 ὑπολειφθῇ
1272 2563 1454 2625 αὐτοῖς
1498 2563 1622 2633 ῥίζα
1644 2605 1656 2625 ,
1690 2566 1811 2619 οὑδέ

226 2650 447 2719 κλῆμα*
464 2669 481 2701 ι
523 2650 831 2715 τουτέστιν,
853 2652 971 2704 οὐδε
983 2653 1113 2723 μίαν
1130 2653 1343 2717 ἕξουσιν
1367 2655 1558 2709 ἐλπίδα
1595 2657 1688 2710 τοῦ
1716 2659 1812 2710 καὶ

215 2737 383 2803 αὖθις
434 2742 745 2811 ἀναφυῆναι
799 2743 935 2814 πρὸς
985 2743 1166 2815 ζωὴν,
1217 2745 1363 2817 ζωὴν
1413 2747 1470 2801 δέ
1523 2767 1665 2819 φημι
1712 2750 1810 2820 τὴν

215 2833 550 2904 ἀξιέραστόν
580 2852 638 2887 τε
674 2836 769 2888 καὶ
795 2836 870 2898 ὡς
896 2837 954 2888 ἐν
987 2837 1113 2909 δόξῃ
1143 2841 1208 2909 τῇ
1241 2841 1392 2909 παρὰ
1424 2840 1564 2909 Θεῷ,
1595 2841 1691 2912 τὴν
1735 2841 1811 2905 ὡς

214 2926 270 2976 ἐν
313 2927 576 2997 ἁγιασμῷ
611 2928 705 2981 καὶ
736 2930 1098 3000 μακαριότητι
1129 2931 1452 3002 νοουμένην.
1493 2931 1682 3004 Ῥίζης
1712 2933 1811 3004 μὲν

212 3017 334 3087 γὰρ
359 3020 461 3071 οὐκ
496 3021 730 3073 είσάπαν
766 3023 1203 3096 ἐκκεκομμένης,
1241 3023 1364 3076 οὔτε
1398 3025 1504 3094 μὴν
1535 3025 1812 3095 κλήματος

215 3107 337 3166 οῗον
375 3115 438 3165 ἐκ
472 3112 672 3182 βάθους
715 3115 1075 3185 ἐξῃρημένον,
1111 3115 1346 3180 σώζεταί
1387 3134 1470 3181 τις
1518 3119 1672 3182 ἐλπὶς
1718 3118 1809 3171 τοὺ

215 3205 322 3256 καὶ
356 3204 626 3272 ἀναφύναι
669 3203 861 3258 πάλινο
896 3224 913 3255 ι
948 3206 1104 3258 Ἔστι
1151 3207 1260 3276 γὰρ
1311 3206 1514 3277 δένδρῳ
1555 3207 1739 3271 ἐλπὶς,
1786 3228 1804 3259 ι

211 3295 369 3348 κατὰ
436 3296 498 3348 τὸ
543 3296 951 3366 γεγραμμένον.
1013 3297 1139 3351 Ἐὰν
1192 3298 1301 3366 γὰρ
1356 3299 1596 3370 ἐκκοπῇ,
1648 3299 1810 3353 πάλιν

209 3388 547 3458 ὲπανθήσει,
573 3389 666 3442 καὶ
689 3391 714 3442 ό
745 3389 1015 3458 ράδαμνος
1044 3389 1101 3441 δὲ
1128 3388 1301 3456 αὑτῆς
1329 3387 1388 3440 οὑ
1414 3388 1488 3459 μὴ
1507 3389 1805 3464 ὲκλ[ε’]ίπῃ.

208 3480 273 3532 Εἰ
317 3479 374 3531 δὲ
405 3479 469 3549 δὴ
512 3478 758 3532 κάτωθεν
788 3481 881 3531 καὶ
913 3476 971 3541 ἐξ
997 3479 1167 3547 αὑτῆς
1204 3477 1361 3548 ῥίζης
1409 3480 1643 3532 είσάπαν
1677 3482 1807 3534 ἀνα-

209 3568 574 3638 μοχλεύοιτο,
636 3569 729 3621 καὶ
783 3568 978 3638 ἀγρίαν
1027 3568 1134 3622 τῶν
1192 3567 1490 3638 κλημάτων
1545 3571 1808 3640 ὑπομένοι

203 3667 419 3735 τομὴν,
453 3664 808 3717 συνδιολεῖται
841 3663 1060 3725 πάντως
1096 3661 1246 3731 αὑτῷ
1278 3662 1372 3714 καὶ
1417 3662 1571 3726 ἐλπὶς
1620 3664 1806 3716 ἅπασα

204 3757 268 3808 τὸ
331 3757 430 3808 καὶ
477 3755 723 3819 εἰσαῦθις
773 3755 1081 3824 ἀναφυῆναι
1132 3753 1389 3806 δύνασθαι
1451 3756 1588 3826 πρὸς
1635 3755 1801 3826 ζωήν.

1918 649 2062 695 tuam
2107 654 2228 694 esse
2268 639 2330 693 ¹⁰.
2370 657 2389 690 ι
2424 636 2699 692 .lnst'Jicat
2726 637 2869 689 enim
2904 637 3035 690 iides
3062 639 3114 690 in
3143 636 3478 693 Christum“
3511 676 3526 701 ,

1913 733 2424 801 praeteritorumque
2478 739 2822 799 peccatorum
2892 729 3156 782 maculam
3223 730 3510 801 abstergit.

1916 829 1982 881 At
2012 827 2055 880 si
2089 827 2211 897 quis
2257 835 2380 894 post
2415 826 2530 879 hac
2565 839 2752 878 socors
2776 822 3069 887 exstiterit,
3107 831 3159 876 et
3203 824 3348 876 inea
3394 839 3516 893 quas

1914 921 2095 974 carnis
2123 930 2177 974 et
2227 919 2414 972 mundi
2448 927 2595 984 sunt,
2634 916 2911 978 reciderit,
2964 916 3008 969 is
3042 918 3093 969 in
3143 916 3321 983 seipse
3356 915 3512 970 iidem

1913 1013 2068 1082 quasi
2119 1011 2340 1074 occidit,
2386 1012 2516 1064 dum
2562 1009 2700 1063 nihil
2745 1007 3098 1062 laudabilium
3153 1008 3420 1062 factorum
3465 1009 3513 1061 ei

1913 1103 2200 1174 adiungit,
2251 1103 2345 1158 sed
2414 1103 2479 1157 ad
2527 1109 2769 1157 veterem
2815 1101 2992 1170 potius
3023 1101 3146 1152 vitae
3194 1102 3514 1169 pravitatem

1912 1196 2168 1250 recurrit.
2205 1195 2280 1248 De
2317 1193 2515 1248 talibus
2543 1194 2757 1247 divinus
2786 1193 2913 1245 item
2951 1191 3250 1260 discipulus
3281 1211 3293 1246 :
3335 1211 3353 1244 ι
3398 1192 3512 1245 Me-

1913 1287 2016 1342 lius
2053 1288 2200 1342 euim
2246 1296 2362 1340 erat
2415 1287 2522 1340 illis
2569 1301 2675 1338 non
2724 1285 3042 1351 cognovisse
3089 1286 3228 1336 viam
3263 1284 3511 1353 justitite,

1912 1395 2073 1449 quam
2110 1388 2232 1448 post
2277 1379 2518 1447 agnitum
2554 1389 2698 1431 retro
2725 1377 2968 1431 converti
3014 1377 3081 1428 ab
3122 1391 3188 1429 co
3225 1380 3366 1444 quod
3402 1387 3515 1430 tra-

1911 1471 2082 1524 ditum
2117 1479 2201 1526 est
2235 1470 2342 1524 illis
2393 1478 2584 1524 sancto
2630 1469 2905 1521 mandato.
2945 1467 3177 1537 Contigit
3228 1470 3371 1521 enim
3412 1469 3514 1523 iliis

1913 1557 2042 1614 illud
2076 1561 2185 1613 vcri
2239 1559 2520 1614 Proverbii
2562 1557 2773 1613 :Canis
2817 1573 3068 1612 reversus
3101 1557 3167 1610 ad
3222 1561 3510 1621 vomitum,

1911 1665 1965 1707 et
2013 1668 2106 1706 sus
2154 1652 2258 1707 iota
2293 1653 2345 1706 itt
2380 1652 2664 1705 volntabro
2704 1651 2797 1703 luti
2831 1651 2894 1702 “.
2932 1669 2950 1700 ι
2987 1650 3157 1720 866
3201 1649 3380 1714 Quare
3419 1649 3509 1718 qui

1911 1746 2094 1814 iniqua
2127 1746 2330 1800 faciunt
2354 1745 2595 1812 ejusdem
2630 1743 2820 1798 farina:
2850 1753 2975 1798 sunt
3007 1758 3128 1796 cum
3166 1743 3507 1811 alienigenis,

1910 1840 2000 1908 qui
2039 1840 2200 1893 etiam
2231 1849 2388 1893 erunt
2420 1837 2642 1906 stipula,
2677 1846 2732 1890 et
2768 1836 2991 1904 perinde
3023 1836 3417 1888 comburentur
3452 1825 3512 1886 ιιι

1918 1930 2004 1984 illa
2037 1930 2162 1998 igne
2188 1929 2386 1995 injecto
2410 1927 2770 1982 comburitur.
2808 1924 3072 1978 Triticum
3111 1925 3252 1976 enim
3283 1939 3512 1992 congre-

1915 2032 2073 2092 gatur
2106 2023 2156 2075 in
2192 2023 2474 2080 horreum,
2516 2018 2971 2086 quemadmodum
3011 2015 3261 2070 Salvator
3309 2015 3510 2069 sanetis

1915 2112 2250 2167 messoribus
2285 2112 2358 2164 ait
2390 2125 2407 2164 :
2448 2109 2609 2164 Palea
2645 2123 2773 2164 vero
2802 2109 3156 2171 comburitur,
3200 2106 3321 2176 igne
3359 2106 3511 2159 inex-

1914 2203 2214 2272 stiuguibili
2247 2203 2312 2258 “.
2347 2222 2366 2255 ι
2418 2203 2528 2256 Nec
2579 2201 2920 2270 relinquetur
2948 2199 3076 2265 ipsis
3121 2199 3273 2252 radix
3334 2210 3510 2266 neque

1913 2310 2157 2365 germen.
2183 2314 2201 2347 ι
2221 2294 2335 2350 Ηοο
2357 2303 2461 2360 est,
2495 2293 2699 2347 nullam
2725 2308 2874 2363 spem
2899 2293 2965 2344 ad
2995 2293 3158 2344 vitam
3189 2289 3508 2343 renascendi

1911 2387 2224 2455 habebunt;
2259 2387 2449 2456 loquor
2477 2397 2656 2440 autem
2692 2387 2758 2440 de
2788 2398 2849 2438 ea
2883 2386 3014 2448 vita,
3044 2397 3165 2452 quin
3207 2382 3507 2451 expetenda

1911 2492 2014 2546 est,
2046 2492 2099 2537 et
2131 2481 2198 2535 ad
2227 2481 2453 2551 gloriam
2488 2479 2579 2533 Dei
2605 2478 2878 2548 dirigitur,
2908 2485 2964 2532 et
2993 2477 3045 2530 in
3076 2475 3509 2528 sanctiﬁcatione

1913 2586 1974 2625 ac
2001 2571 2338 2626 beatitudine
2369 2570 2714 2639 intelligitur.
2743 2569 2948 2623 Radice
2974 2568 3120 2622 enim
3153 2582 3256 2621 non
3280 2578 3507 2634 prorsus

1911 2665 2114 2729 exi-iss,
2155 2678 2254 2716 nec
2289 2662 2536 2732 germine
2568 2662 2726 2724 velut
2758 2661 2827 2715 ab
2875 2661 2986 2714 imo
3021 2658 3228 2719 evulso,
3260 2671 3384 2724 spes
3418 2669 3506 2709 re-

1913 2755 2170 2808 nascendi
2200 2763 2403 2807 manet.
2432 2770 2450 2803 ι
2471 2751 2563 2806 Est
2585 2752 2728 2806 enim
2753 2765 2877 2820 spes
2901 2749 3106 2814 arbori,
3130 2767 3148 2800 ι
3169 2759 3224 2800 ιιι
3249 2749 3508 2816 scriptum

1913 2855 1996 2900 est
2030 2846 2092 2900 ⁸⁸.
2129 2844 2184 2900 Si
2219 2847 2363 2900 enim
2396 2855 2676 2914 amputata
2708 2843 2893 2907 fuerit,
2940 2840 3272 2902 reﬂorescet,
3306 2849 3359 2893 et
3387 2853 3509 2907 ger-

1915 2952 2039 2990 men
2073 2937 2190 3005 ejus
2231 2950 2336 2989 non
2380 2936 2616 2989 deficiet.
2652 2933 2806 3000 Quod
2851 2931 2895 2985 si
2948 2931 3015 2984 ab
3044 2931 3152 2983 imo
3197 2929 3345 2984 etab
3392 2929 3506 2998 ipsa

1917 3028 2102 3081 radice
2148 3028 2364 3095 penitus
2413 3037 2590 3082 emota
2643 3025 2842 3090 fuerit,
2900 3021 3238 3094 germinibus
3289 3031 3507 3090 quoque

1913 3116 2208 3170 crudeliter
2242 3117 2555 3186 amputatis,
2582 3131 2687 3168 una
2724 3115 2947 3168 omnino
2973 3113 3139 3165 etiam
3169 3126 3293 3179 spes
3330 3110 3506 3164 omnis

1916 3225 2035 3262 cum
2074 3210 2186 3277 ipsa
2217 3210 2412 3277 peribit
2450 3223 2610 3278 posse
2642 3207 2706 3261 ad
2733 3209 2895 3259 vitam
2930 3207 2980 3258 in
3020 3215 3291 3270 posterum
3327 3201 3498 3270 repul-

1866 3278 1880 3299 ⁸
1918 3301 2108 3354 lulare.
2143 3301 2220 3353 Ex
2245 3300 2597 3353 similitudine
2630 3298 2795 3368 igitur
2824 3296 3076 3363 stirpium
3115 3308 3263 3361 spem
3291 3305 3503 3346 omnem

1919 3392 1986 3444 iis
2024 3391 2114 3458 qui
2164 3389 2420 3458 peccandi
2461 3389 2821 3443 deleCtatione
2864 3387 3155 3446 ducuntur,
3199 3382 3506 3448 ademptam

1918 3490 2181 3536 autumat.
2212 3481 2267 3534 Id
2304 3480 2445 3550 quod
2480 3480 2766 3549 perspicue
2794 3474 2960 3532 Isaias
3003 3475 3219 3529 divinus
3267 3472 3504 3532 nuntiat,

1913 3589 2036 3628 cum
2073 3573 2243 3628 dicit:
2287 3591 2308 3624 ς
2350 3572 2562 3627 Vertnis
2594 3586 2781 3625 eorum
2817 3584 2922 3622 non
2959 3568 3244 3628 morietur,
3277 3574 3330 3617 et
3367 3563 3508 3632 ignis

1912 3677 2100 3716 eorum
2137 3677 2244 3715 non
2275 3663 2676 3730 exstinguetur.
2705 3671 2760 3714 et
2790 3665 2952 3715 erunt
2982 3659 3031 3711 in
3069 3656 3333 3711 visionem
3356 3653 3504 3707 omni

1911 3759 2058 3810 carui
2085 3757 2150 3809 ¹⁸.
2184 3774 2203 3807 ι

207 3845 432 3900 Οὐκοῦν
461 3845 537 3910 ὡς
566 3846 624 3912 ἐξ
664 3846 980 3916 ὁμοιότητος
1009 3845 1110 3915 τῆς
1140 3845 1251 3897 τῶν
1316 3845 1500 3914 φυτῶν
1541 3847 1839 3919 ἐξῃρῆσθαι
1915 3864 2080 3918 φησιν
2132 3846 2350 3901 ἃπασαν
2397 3845 2506 3898 τῶν
2555 3839 3062 3913 φιλαμαρτημόνων
3116 3836 3327 3890 ἐλπίδα.
3394 3835 3506 3887 Καὶ

205 3939 380 3991 τοῦτο
441 3936 626 4005 σαφῶς
695 3939 722 3990 ὁ
786 3937 1072 4000 θεσπέσιος
1151 3937 1379 4000 Ἡσαΐας
1450 3938 1811 4005 ἐπαγγέλλει,
1884 3939 2097 4007 λέγων’
2139 3957 2156 3989 ι
2206 3936 2515 4008 ’θ’σκώληξ
2588 3935 2769 3989 αὐτῶν
2814 3935 2876 3986 οὑ
2923 3932 3269 4000 τελευτήσει,
3321 3926 3506 3980 καὶτὸ

206 4031 330 4102 ’πῦρ
367 4026 548 4081 αὐτῶν
587 4028 648 4079 οὐ
680 4026 1074 4098 σϐεσθήσεται,
1122 4029 1216 4080 καὶ
1261 4028 1474 4081 ἔσονται
1507 4031 1585 4090 εἰς
1612 4031 1802 4100 ὅρασιν
1842 4031 1990 4102 πάσῃ
2023 4029 2207 4100 σαρκί.
2250 4048 2268 4080 ›

283 4166 406 4226 Καὶ
438 4164 724 4220 (ir-atate?
753 4165 893 4234 ὑμῖν
940 4164 1061 4230 τοῖς
1095 4163 1493 4234 φοϐουμένοις
1526 4169 1590 4217 τὸ
1623 4164 1810 4234 ὄνομὰ

203 4280 228 4328 ι
255 4277 333 4315 cv
378 4259 581 4324 Ἥλιος
612 4257 1036 4322 δικαιοσύνης,
1074 4257 1173 4309 καὶ
1204 4257 1367 4321 ἵασις
1402 4257 1471 4309 ἐν
1499 4255 1628 4323 ταῖς
1671 4256 1811 4310 πτέ-

202 4352 403 4421 ρυξιν
448 4349 656 4402 αὐτοῦ.
703 4349 812 4403 Καὶ
860 4349 1262 4413 ἐξελεύσεσθε
1307 4347 1404 4400 καὶ
1447 4346 1809 4415 σκιρτήσετε

207 4445 295 4508 ὠς
321 4440 640 4509 μοσχάρια
685 4441 752 4493 ἐκ
788 4439 1028 4508 δεσμῶν
1053 4439 1355 4507 ἀνειμένα.
1404 4440 1510 4493 Καὶ
1547 4457 1809 4494 καταπα-

1988 4164 2153 4219 Vnus.
2176 4164 2234 4228 2,
2251 4165 2304 4218 5.
2330 4164 2393 4216 Et
2418 4165 2617 4216 orietur
2642 4161 2782 4214 vobis
2808 4158 3111 4212 timentibus
3132 4169 3315 4205 nomen
3333 4168 3503 4204 meum

1916 4258 2011 4313 Sol
2041 4257 2284 4322 justitiw,
2311 4263 2358 4307 et
2391 4254 2592 4306 sanitas
2627 4252 2678 4302 in
2705 4247 2963 4318 alis_ejns.
2991 4245 3057 4296 Et
3079 4241 3502 4311 egredietnini,et

1912 4351 2115 4405 salictis
2139 4350 2271 4403 sicut
2310 4345 2460 4400 uituli
2493 4347 2555 4396 de
2585 4341 2805 4397 uinculis
2848 4337 3093 4392 relaxati.
3132 4331 3200 4386 Et
3235 4330 3506 4384 conculca-

1916 4442 2038 4496 bilis
2066 4441 2293 4507 iniquos,
2328 4437 2451 4506 quia
2492 4443 2644 4488 erunt
2685 4432 2818 4486 cinis
2860 4429 2952 4484 sub
2976 4426 3190 4494 pedibus
3217 4424 3415 4487 uestris,
3449 4440 3500 4474 tn

208 4534 442 4601 τήσετε
472 4534 761 4600 ἀνόμους,
794 4533 943 4586 διότι
988 4533 1234 4585 ἔσονται
1273 4532 1498 4598 σποδὸς
1532 4532 1808 4586 ὑποκάτω

1917 4534 2001 4586 die
2020 4549 2124 4602 qua
2148 4546 2241 4600 ego
2268 4529 2428 4598 facio,
2453 4527 2577 4580 dicit
2619 4525 2875 4579 Dominus
2898 4522 3243 4590 omnipotens.

206 4623 340 4677 τῶν
379 4621 586 4676 ποδῶν
611 4622 800 4691 ὑμῶν,
830 4624 905 4679 ἐν,
932 4619 1006 4690 τῇ
1035 4622 1253 4690 ἡμέρᾳ,
1292 4616 1331 4691 ᾖ
1361 4621 1475 4691 ἐγὼ
1505 4620 1682 4692 ποιῶ,
1709 4622 1809 4676 λέ-

203 4733 300 4784 γει
333 4715 556 4783 Κύριος
585 4714 1030 4783 παντοκράτωρ.

283 4851 424 4905 Μιν.
466 4847 783 4920 Ἐπὲλαμψε
823 4849 920 4919 μὲν
951 4851 978 4902 ὁ
1020 4848 1316 4920 μονογενὴς
1345 4849 1438 4902 τοῦ
1475 4846 1610 4901 Θεοῦ
1637 4848 1807 4916 Λόγος

203 4945 334 5005 τοῖς
363 4942 423 4993 ὲν
457 4941 590 5011 τῷδε
615 4941 691 5010 τῷ
717 4941 934 5011 κόσμῳ,
976 4941 1068 4994 καὶ
1095 4940 1193 5011 τὴν
1228 4939 1353 4994 καθ’
1379 4941 1527 5011 ἡμᾶς
1551 4939 1806 5009 ὁμοίωσιν

206 5034 426 5097 ὑποδὺς
446 5073 460 5097 ,
493 5053 512 5085 ι
546 5033 745 5101 Γέγονε
779 5033 916 5104 σὰρξ
962 5036 989 5086 ό
1021 5033 1193 5100 Λόγος
1213 5072 1226 5094 ,
1271 5032 1366 5085 καὶ
1397 5033 1710 5102 ἐσκήνωσεν
1749 5033 1806 5084 ἐν

204 5127 378 5195 ἡμῖν,
417 5143 435 5176 ι
481 5127 540 5178 ἐν
587 5124 752 5194 ἀχλύῖ
785 5123 843 5177 δὲ
881 5122 1037 5186 ὄντας
1072 5124 1167 5175 καί⁵
1205 5123 1403 5192 σκότῳ,
1444 5122 1696 5192 καθάπερ
1725 5139 1809 5185 τις

201 5217 372 5286 ἥλιος
423 5219 544 5278 ταῖς
593 5216 823 5274 οἰκείαις
867 5213 1334 5284 περιαστράπτων
1388 5216 1802 5284 μαρμαρυγαῖς,

205 5308 314 5360 καὶ
337 5307 439 5376 τὴν
458 5307 556 5376 τῆς
580 5305 813 5376 ἀληθοῦς
837 5305 1169 5372 θεογνωσίας
1194 5307 1388 5358 ἀκτῖνα
1405 5304 1667 5375 λαμπρὰν
1688 5307 1799 5366 ταῖς

205 5399 333 5451 τῶν
369 5399 737 5452 πιστευόντων
767 5397 971 5468 ψυχαῖς
1015 5397 1177 5459 ἐνιεὶς
1201 5439 1213 5458 ,
1243 5396 1519 5467 καθαροὺς
1547 5396 1816 5465 ἀπέφηνε,

207 5491 320 5544 καὶ
357 5491 573 5557 σοφοὺς,
608 5490 704 5542 καὶ
734 5491 963 5559 ἀπάσης
1014 5486 1385 5557 ἀγαθουργίας
1422 5485 1815 5555 ἐπιστήμονας.

211 5579 441 5643 Ἔδειξε
483 5580 540 5633 δὲ
588 5583 718 5652 ἡμῖν
749 5583 807 5634 ἐν
838 5581 1017 5649 ἐαυτῷ
1058 5579 1150 5632 τὸν
1186 5579 1426 5650 Πατέρα,
1463 5579 1555 5631 καὶ
1587 5579 1676 5631 διὰ
1715 5577 1816 5641 τῆς

302 5789 354 5815 ’ν
391 5780 498 5836 Jac.
547 5796 621 5839 ιι,
664 5779 754 5834 20.
863 5779 904 5810 ⁸⁸
946 5776 1122 5831 Galat.
1167 5791 1244 5834 ιι,
1293 5775 1372 5828 10.

205 5847 251 5878 ⁸³
282 5853 557 5931 lsa.t.xvt.
599 5849 689 5903 ‘24.
772 5849 814 5880 ¹⁸
854 5847 1012 5902 Joan.
1059 5864 1095 5910 t,
1146 5845 1228 5898 ll.

1488 5775 1528 5806 ¹²
1567 5775 1607 5828 li
1654 5776 1796 5830 Petr.
1850 5789 1926 5837 tt,
1966 5773 2025 5826 21
2060 5815 2072 5835 ,
2112 5771 2204 5824 2-2.

1986 4838 2168 4895 XLIV.
2199 4839 2375 4892 Illuxit
2399 4849 2530 4889 sane
2571 4830 2906 4900 unigenitum
2948 4826 3039 4879 Dei
3076 4822 3314 4877 Verbum
3359 4819 3500 4872 [tunc

1916 4934 2176 4986 mundum
2231 4926 2614 4987 incolentibus,
2666 4932 2720 4977 et
2769 4916 3123 4974 similitudine
3156 4909 3325 4966 nostri
3380 4922 3500 4961 sus-

1918 5037 2094 5094 cepta,
2155 5041 2173 5073 ι
2206 5022 2442 5076 Verbum
2473 5032 2601 5071 caro
2641 5017 2844 5068 factum
2886 5019 2995 5072 est,
3041 5015 3096 5060 et
3145 5001 3404 5057 habitavit
3423 4998 3496 5094 lin

1916 5087 2168 5177 nobis",
2205 5132 2223 5165 ι
2259 5121 2313 5166 et
2353 5111 2406 5163 in
2442 5105 2672 5174 caligine
2711 5116 2776 5155 ac
2804 5097 3042 5154 tenebris
3093 5093 3319 5163 positos,
3352 5087 3498 5143 velut

1911 5207 1995 5262 sol
2028 5205 2250 5274 quidam
2293 5200 2526 5272 propriis
2553 5195 2930 5266 splendoribus
2964 5184 3405 5252 circumfnigens,
3440 5187 3496 5234 ot

1912 5314 2054 5355 verae
2097 5295 2422 5365 cognitionis
2474 5293 2567 5346 Dei
2625 5290 2828 5345 clarum
2893 5283 3106 5338 radium
3155 5275 3491 5331 credentium

1915 5391 2202 5446 animabus
2228 5386 2550 5447 immittens,
2580 5395 2771 5450 puros,
2815 5375 3107 5442 sapientes.
3138 5367 3490 5432 omniumque

1913 5483 2178 5536 bonorum
2209 5490 2432 5545 operum
2466 5472 2699 5526 scientes
2735 5465 2987 5520 reddidit.
3019 5459 3271 5517 Ostendit
3309 5466 3489 5508 autem

1914 5573 2070 5628 nobis
2109 5571 2160 5625 in
2189 5575 2363 5624 semet
2403 5563 2644 5618 Patrem.
2681 5573 2884 5628 perque
2929 5567 3183 5609 arcanam
3217 5558 3488 5620 mystago-

2311 5768 2351 5800 ¹³
2393 5762 2585 5821 Matth.
2629 5777 2725 5827 ιιι,
2767 5759 2858 5817 li.
2967 5757 3010 5792 “
3049 5753 3240 5812 Daniel
3277 5766 3353 5814 tv,
3392 5749 3493 5804 25.
