4026 6276
533 375 641 429 359

1575 363 1633 419 S.
1673 356 1951 420 CYRILLI
1990 353 2469 431 ALEXANDRINI
2511 351 2832 408 ARCHIEP.

3675 371 3761 424 5(ιο

533 487 677 552 giam
732 480 1078 538 felicissimos
1125 496 1189 535 ac
1243 481 1542 548 sapientes,
1597 486 1945 545 mentemque
2005 474 2126 543 ejus

2235 470 2551 539 ἀπορρήτου
2588 465 2979 537 μυσταγωγίας
3004 463 3423 533 εὐτυχεστάτους
3455 472 3525 543 (l)
3552 476 3760 554 ἀπέφηνε

535 575 842 644 cognitione
897 575 1113 641 plenam
1163 570 1426 625 habentes
1476 568 1676 623 elTecit.
1727 567 1926 622 Verum
1965 566 2130 619 etiam

534 670 600 722 ad
634 669 775 720 hunc
803 666 1145 736 Splendorem
1172 663 1412 726 adducti,
1445 680 1462 713 ι
1486 662 1551 716 Et
1580 662 1777 715 divites
1811 659 2131 728 facti,juxta

537 759 758 813 verbum
806 758 950 812 beati
1001 756 1178 821 Pauli,
1217 757 1269 809 in
1303 754 1451 809 omni
1491 767 1766 815 sermone,
1805 759 1859 804 et
1893 751 1945 804 in
1986 748 2131 801 omni

534 851 785 913 scientia,
847 860 902 903 et
959 852 1010 901 in
1064 847 1212 901 omni
1263 847 1526 915 sapientia
1562 845 1638 911 ”,
1709 844 1953 897 videmus
1993 855 2137 895 nunc

538 958 589 994 in
656 941 876 1010 speculo
940 949 996 993 et
1046 941 1099 993 in
1149 940 1468 1008 :enigmate,
1524 944 1578 991 et
1641 936 2020 1007 cognoscimus
2067 950 2134 988 ex

538 1042 689 1099 parte
712 1031 772 1084 ‘9.
788 1031 952 1100 867
966 1028 1155 1083 Veniet
1175 1039 1353 1081 autem
1371 1027 1661 1095 aliquando
1678 1026 1819 1093 quod
1836 1024 2133 1093 perfectum

536 1133 621 1177 est
647 1122 709 1185 ³⁸,
747 1141 763 1172 ι
811 1132 858 1175 et
901 1132 1010 1173 tum
1049 1119 1368 1185 plenissime
1401 1116 1680 1173 Christum
1711 1130 2130 1184 cognoscemus,

537 1227 660 1267 cum
705 1212 899 1265 iterum
931 1211 996 1264 de
1027 1209 1167 1263 cmlo
1212 1209 1366 1262 nobis
1415 1207 1679 1270 illucebit,
1722 1224 1739 1257 ι
1772 1214 1825 1259 et
1853 1204 2136 1259 evacuabit

552 1302 696 1371 quod
730 1317 791 1354 ex
825 1310 977 1369 parte
1007 1309 1090 1353 est
1113 1299 1181 1361 '°,
1209 1317 1226 1349 ›
1263 1308 1317 1352 et
1343 1299 1711 1369 cognitionem
1740 1299 1791 1351 in
1832 1298 2052 1366 Speculo
2082 1305 2136 1351 et

538 1395 847 1462 aenigmate,
893 1401 947 1446 et
989 1400 1245 1458 tanquam
1296 1391 1655 1458 perfectiores
1690 1389 2035 1452 illuminabit,
2080 1398 2135 1442 et

539 1486 723 1539 divina
747 1485 977 1553 quadam
1000 1494 1168 1551 atque
1196 1480 1453 1536 ineffabili
1485 1482 1606 1536 luce
1632 1490 1867 1536 mentem
1886 1480 2132 1549 replebit,

539 1586 592 1632 et
634 1575 866 1645 Spiritus
908 1576 1080 1630 sancti
1138 1575 1406 1629 effusione
1450 1574 1801 1628 exhilarabit.
1856 1574 1946 1627 Ait
1990 1573 2148 1627 enim’

537 1671 755 1724 divinus
785 1670 988 1723 l'aulns
1018 1687 1030 1722 :
1069 1688 1087 1720 ι
1126 1658 1251 1722 Sive
1281 1668 1575 1736 prophetia:
1621 1668 2051 1729 evacuabuntur,
2083 1676 2136 1720 et

537 1762 776 1818 scientiae
824 1762 1120 1817 cessabunt
1163 1762 1230 1816 ¹¹.
1276 1760 1391 1815 Non
1450 1771 1703 1828 putamus
1748 1768 1930 1814 autem
1968 1774 2069 1813 nos
2104 1775 2132 1811 a

2238 563 2330 616 καὶ
2367 560 2815 631 σεσοφισμένους,
2860 556 3117 627 ἕμπλεών
3164 574 3222 609 τε
3264 559 3355 613 τὸν
3384 563 3501 617 νοῦν
3534 566 3625 638 τῆς
3657 586 3763 646 περι

2237 653 2403 709 αὑτοῦ
2438 651 2693 721 γνώσεως
2730 650 2971 721 ἔχοντας.
3010 648 3155 718 Πλὴν
3188 651 3281 703 καὶ
3312 654 3387 716 είς
3415 656 3560 711 τοῦτο
3583 665 3764 735 φαιδρὸν

2237 762 2401 816 γητος
2447 744 2960 815 παρενηνεγμέναι,
3004 760 3021 791 ι
3059 740 3504 815 πεπλουτισμένοι
3542 767 3614 815 τε,
3648 756 3767 811 καθά

2238 854 2405 907 φησιν
2458 838 2485 889 ὁ
2523 836 2796 905 μακάριος
2845 830 3079 894 Παῦλος,
3122 832 3177 883 ἐν
3212 835 3370 886 παντὶ
3419 836 3570 908 λόγῳ,
3612 846 3693 895 καὶ
3721 849 3766 899 ἐν

2238 929 2385 997 πάσῃ
2418 925 2637 995 γνώσει,
2678 924 2769 978 καὶ
2811 926 2870 975 ἐν
2916 925 3062 993 πάσῃ
3098 923 3279 993 σοφίᾳ,
3314 924 3565 996 βλέπομεν
3590 931 3697 1001 ἄρτι
3723 938 3768 988 ἐν

2237 1017 2491 1087 ἐσόπτρῳ
2532 1015 2625 1067 καὶ
2655 1014 2961 1082 αἰνίγματι,
2994 1013 3088 1066 καὶ
3118 1012 3453 1083 γινώσκομεν
3490 1018 3547 1068 ἐκ
3581 1022 3764 1090 μέρους,

2239 1109 2399 1173 ’Ἥξει
2433 1109 2489 1161 δὲ
2522 1108 2661 1161 κατά
2696 1108 2921 1177 καιροὺς
2969 1106 3029 1157 τὸ
3073 1105 3299 1169 τέλειον,
3336 1126 3352 1156 ι
3390 1109 3478 1160 καὶ
3519 1110 3570 1161 ἐν
3599 1114 3769 1184 πληρε-

2241 1205 2413 1274 στάτῃ
2461 1202 2646 1255 λοιπον
2695 1200 2933 1270 ἐσόμεθα
2967 1198 3165 1266 γνώσει
3210 1199 3461 1268 Χριστοῦ,
3497 1203 3641 1256 πάλιν
3665 1208 3770 1279 ἡμῖν

2239 1296 2301 1360 ἐξ
2324 1295 2576 1367 οὐρανῶν
2612 1293 3019 1363 ἐπιλάμψαντος
3040 1334 3055 1359 ,
3097 1310 3115 1341 r
3157 1291 3252 1345 καὶ
3286 1296 3658 1365 καταργοῦντος
3691 1302 3770 1370 μὲν

2240 1388 2301 1441 τὸ
2327 1390 2390 1441 ἐκ
2426 1388 2648 1459 μέρους,
2686 1406 2702 1438 ι
2744 1387 2836 1441 καὶ
2867 1386 2964 1455 τὴν
3017 1386 3073 1437 ἐν
3116 1384 3367 1458 ἐσόπτρῳ
3413 1390 3501 1439 καὶ
3532 1392 3771 1460 αἰνίγματι

2240 1483 2466 1549 γνῶσιν,
2500 1481 2955 1551 καταλάμποντος
2985 1479 3041 1531 δὲ
3067 1478 3257 1549 ὥσπερ
3289 1482 3398 1542 τοῖς
3424 1480 3771 1553 τελειωτέροις,

2237 1575 2333 1627 καὶ
2362 1573 2506 1626 θείου
2536 1573 2680 1637 τινος
2705 1574 2799 1626 καὶ
2832 1572 3147 1642 ἀπορρήτου
3174 1570 3351 1640 φωτὸς
3376 1572 3773 1642 ἀναπιμπλάντος

2238 1668 2329 1721 τὸν
2368 1667 2515 1731 νοῦν,
2567 1668 2661 1719 καὶ
2694 1669 2759 1737 τῇ
2794 1664 2887 1718 τοῦ
2920 1664 3080 1733 ἁγίου
3113 1663 3431 1732 Πνεῦματος
3460 1665 3602 1732 χύσει
3636 1684 3774 1718 κατει-

2226 1759 2648 1829 ’φαιδρύνοντος.
2680 1759 2825 1827 Ἔφη
2880 1757 2977 1825 μὲν
3010 1754 3122 1826 γάρ
3167 1757 3199 1807 ὁ
3245 1754 3523 1819 θεσπέσιος
3565 1757 3773 1820 Παῦλος·

537 1856 847 1925 cognitione
896 1871 963 1909 ex
1026 1866 1180 1922 parte
1249 1853 1314 1907 ad
1368 1854 1504 1906 nihil
1559 1868 1785 1922 prorsus
1849 1854 2130 1907 sciendum

2245 1868 2262 1899 ι
2308 1850 2427 1901 Εἴτε
2455 1848 2510 1900 δὲ
2539 1850 2869 1919 προφητεῖαι
2899 1844 3438 1916 καταργηθήσονται,
3476 1847 3561 1899 καὶ
3584 1847 3776 1914 γνώσεις

538 1963 911 2015 processuros,
938 1947 1165 1999 multum
1193 1947 1367 2000 abest.
1398 1945 1616 2011 Alioqui
1650 1944 1917 2011 quomodo
1942 1944 2136 1998 futurae

537 2043 650 2111 spei
671 2050 881 2109 tempus
899 2047 1212 2093 sanctorum
1240 2037 1524 2090 animabus
1548 2050 1654 2089 non
1685 2036 2135 2089 detrimentosum

537 2135 662 2198 erit,
696 2134 738 2186 si
768 2134 985 2201 penitus
1014 2131 1182 2185 etiam
1224 2145 1344 2199 quae
1382 2130 1646 2183 habemus
1689 2129 1942 2184 amittere
1973 2144 2134 2198 opor-

539 2225 693 2287 tebit,
749 2239 854 2277 non
908 2221 1132 2276 meliora
1188 2219 1545 2289 acquirendo,
1602 2234 1709 2273 non
1765 2218 1831 2272 ad
1879 2219 2134 2289 quiddam

537 2314 823 2370 sublimius
858 2323 1091 2367 mentem
1120 2312 1450 2375 extollendo,
1485 2313 1577 2365 sed
1623 2311 1908 2365 vendendo
1957 2312 2136 2381 potius

536 2408 701 2467 etiam
736 2407 847 2474 jam
899 2414 954 2459 et
1000 2420 1104 2458 non
1155 2406 1292 2458 citra
1347 2402 1792 2471 defatigationem
1842 2402 2135 2472 aliquando

538 2495 849 2563 acquisita?
901 2496 1322 2551 Evacuabuntur
1368 2503 1551 2547 autem
1599 2503 1652 2547 ct
1691 2494 2021 2563 prophetiaz,
2081 2502 2135 2548 et

538 2588 770 2640 cessabit
819 2587 1069 2652 scientia,
1119 2602 1242 2640 cum
1290 2586 1547 2641 nimirum
1592 2585 1880 2640 animabus
1935 2585 2135 2640 nostris

539 2677 628 2731 illa
657 2679 1097 2746 superexcellens
1137 2693 1198 2733 se
1238 2676 1619 2741 insinuaverit.
1666 2676 2132 2742 Quemadmodum

537 2768 682 2822 enim
708 2770 749 2822 si
776 2769 898 2837 quis
933 2784 1036 2822 una
1073 2770 1122 2822 in
1152 2770 1317 2824 domo
1346 2768 1566 2826 lucente
1604 2768 1848 2836 lucerna,
1874 2780 1928 2824 et
1962 2770 2136 2825 modi-

537 2875 661 2914 cum
708 2860 881 2930 ipsam
936 2861 1274 2915 intuentibus
1318 2861 1499 2915 lumen
1530 2860 1791 2916 fundente
1833 2859 2132 2930 lampadem

538 2952 803 3020 intulerit,
865 2968 1090 3007 necesse
1142 2955 1246 3008 erit
1298 2953 1522 3007 omnino
1572 2954 1751 3007 lumen
1809 2954 1937 3007 illud
1984 2955 2133 3021 prius

538 3054 745 3097 tantum
795 3060 898 3098 non
946 3043 1180 3097 otiosum
1221 3059 1284 3097 ac
1316 3043 1520 3097 nullum
1562 3058 1703 3107 esse,
1747 3043 1948 3097 cedens
1988 3043 2135 3096 vidc-

536 3136 664 3188 licet
712 3136 1063 3190 immensitati
1104 3136 1325 3206 majoris
1368 3153 1380 3188 :
1425 3142 1481 3190 et
1517 3136 1660 3190 sicut
1710 3135 1822 3190 sole
1874 3139 2132 3188 mundum

2243 1940 2563 1994 παύσονται.
2603 1959 2621 1990 ι
2665 1939 2849 2009 Φαμὲν
2894 1939 2951 1992 δὲ
2989 1939 3089 1991 οὐκ
3136 1939 3247 1991 ἀπὸ
3288 1937 3380 1991 τοῦ
3432 1937 3695 2007 γινώσκειν
3726 1943 3778 1991 ἐκ

2246 2033 2449 2104 μέρους
2478 2033 2569 2085 ἐπὶ
2597 2032 2659 2084 τὸ
2690 2012 2937 2102 μηδόλως
2960 2031 3161 2084 εἰδέναι
3183 2047 3235 2083 τι
3263 2030 3597 2101 βαδιούμεθα,
3613 2033 3777 2085 πολλοῦ

2246 2141 2309 2193 γε
2343 2123 2435 2177 καὶ
2468 2124 2568 2176 δεῖ.
2602 2123 2754 2175 Ἐπεὶ
2783 2123 2903 2175 τίνα
2932 2122 3130 2193 τρόπον
3162 2125 3191 2177 ὁ
3223 2123 3323 2193 τῆς
3352 2123 3631 2194 μελλούσης
3651 2126 3776 2176 ἐλπί-

2239 2216 2328 2280 δος
2373 2217 2563 2287 καιρὸς
2618 2217 2678 2269 οὐ
2720 2215 2858 2285 πρὸς
2900 2213 3107 2285 ζημίας
3149 2215 3305 2268 ἔσται
3350 2220 3465 2280 ταῖς
3499 2218 3596 2269 τῶν
3638 2218 3777 2285 ἁγίων

2237 2310 2457 2378 ψυχαῖς,
2484 2311 2531 2361 εί
2562 2310 2668 2379 χρὴ
2697 2308 2913 2371 πάντως
2936 2308 3031 2361 καὶ
3060 2301 3133 2363 ὧν
3160 2308 3228 2361 ἂν
3261 2308 3477 2379 ἔχοιμεν
3513 2310 3777 2362 ἀπολισῦεῖν

2238 2403 2297 2454 οὐ
2346 2402 2415 2453 τά
2462 2402 2673 2471 ἀμείνω
2702 2402 3117 2473 κερδαίνοντας,
3166 2402 3267 2454 οὐκ
3303 2401 3393 2454 ἐπί
3421 2419 3469 2454 τι
3514 2402 3612 2454 τῶν
3639 2403 3778 2473 ὑπερ·
3842 2450 3851 2459 ,

2238 2495 2509 2563 κειμένων
2534 2494 2712 2557 ἱέντας
2740 2494 2831 2548 τὸν
2857 2494 3013 2548 νοῦν⁹
3048 2497 3152 2549 ἀπε
3163 2494 3516 2564 μπωλοῦντας
3537 2495 3589 2547 δέ
3612 2495 3779 2564 μᾶλλον

2238 2588 2333 2641 καὶ
2361 2588 2420 2640 τὸ
2444 2588 2545 2658 ἤδη
2582 2589 2987 2658 πεπορισμένον
3001 2587 3107 2652 ,οὑκ
3140 2586 3534 2657 ἀταλαιπώρως
3553 2587 3653 2639 ἔσθ’
3677 2588 3777 2649 ὄτε;

2241 2680 2770 2753 Καταργηθήσονται
2824 2680 2918 2733 καὶ
2978 2683 3331 2750 προφητεῖαι,
3389 2679 3702 2732 πεπαύσεται
3736 2678 3782 2730 δὲ

2239 2775 2333 2828 καὶ
2354 2774 2578 2842 γνῶσις,
2594 2771 3084 2845 ἐπεισκρινομένης
3109 2771 3357 2843 δηλονότι
3385 2774 3500 2832 ταῖς
3524 2770 3781 2840 ἡμετέραις

2238 2865 2434 2935 ψυχαῖς
2480 2868 2577 2935 τῆς
2613 2864 2749 2933 ἄγαν
2780 2863 3204 2935 ὑπερκειμένης.
3236 2864 3446 2933 Ὠσπερ
3488 2862 3591 2930 γάρ
3636 2862 3681 2912 εἴ
3716 2876 3784 2921 τις

2239 2955 2357 3019 ἐνὸς
2404 2956 2459 3006 ἐν
2502 2955 2634 3025 οἴκῳ
2671 2954 2953 3023 φαίνοντος
2986 2954 3206 3022 λύχνου,
3236 2952 3331 3005 καὶ
3359 2951 3577 3022 μετρίαν
3612 2952 3662 3002 ἐν
3692 2951 3783 3011 τοῖς

2240 3048 2401 3100 αὑτὸν
2450 3046 2651 3117 ὁρῶσιν
2694 3047 2864 3109 ἱέντος
2913 3047 3109 3117 αὐγὴν,
3162 3046 3497 3116 εἰσκομίσειε
3541 3043 3781 3114 λαμπάδα,

2242 3137 2393 3189 πᾶσά
2428 3154 2543 3200 πως
2576 3137 2792 3207 ἀνάγκη
2828 3137 3112 3208 μονονουχὶ
3134 3139 3230 3190 καὶ
3261 3138 3555 3207 ἀπρακτεῖν
3580 3135 3635 3188 τὺ
3663 3134 3783 3186 ἐκεί-

536 3230 841 3282 illustrante
883 3229 1187 3283 imbecillus
1229 3228 1511 3281 stellarum
1560 3226 1737 3297 fulgor
1788 3227 2130 3295 relinquitur,

2241 3246 2330 3281 νου
2360 3228 2475 3297 φῶς
2500 3227 2597 3299 τὴν
2634 3232 2700 3299 τῇ
2730 3229 2824 3281 τοῦ
2877 3229 3123 3298 μείζονος
3167 3230 3409 3301 ἀμετρία
3437 3223 3781 3297 παραχωροῦν·

536 3319 617 3371 sic
662 3319 929 3372 lucidiore
962 3320 1117 3373 nobis
1161 3320 1392 3373 scientia
1444 3329 1755 3387 apportata,
1811 3320 1991 3373 minor
2038 3320 2137 3374 ali-

537 3410 1174 3475 quando‘evacuabitur.
1211 3412 1303 3462 Ait
1351 3420 1405 3462 et
1456 3409 1711 3464 Christus
1745 3412 1950 3465 sanctis
2002 3426 2131 3479 apo-

536 3498 689 3551 stolis
719 3516 733 3551 :
769 3517 785 3548 ι
813 3498 936 3553 llaec
965 3500 1016 3552 in
1050 3502 1356 3568 proverbiis
1389 3501 1601 3555 locutus
1631 3519 1750 3557 sum
1784 3504 1959 3557 vobis.
1979 3502 2138 3558 Venit

537 3591 691 3653 hora,
734 3592 948 3660 quando
980 3606 1087 3645 non
1114 3591 1225 3658 jani
1258 3593 1308 3644 in
1364 3594 1670 3661 proverbiis
1713 3592 1906 3662 loquar
1958 3595 2132 3657 vobis,

456 3680 461 3687 ’
535 3682 629 3736 sed
688 3682 864 3749 palam
918 3682 982 3736 de
1037 3680 1198 3735 Patre
1252 3698 1372 3737 ineo
1430 3685 1770 3739 annnntiabo
1826 3685 1979 3739 vobis
2004 3686 2070 3736 ".
2109 3704 2127 3737 ι

535 3774 898 3839 Quamobrem
925 3776 1131 3829 sanctis
1153 3777 1244 3843 qui
1267 3790 1460 3829 nomen
1482 3775 1575 3829 Dei
1598 3775 1795 3829 eximie
1818 3775 2131 3841 timuerunt,

533 3874 588 3917 et
646 3865 824 3917 adhuc
878 3880 1165 3931 corporum
1221 3866 1415 3919 inclusi
1474 3868 1827 3934 compagibus
1876 3866 1928 3918 in
1986 3868 2133 3920 omni

536 3967 740 4020 genere
795 3955 1013 4009 virtutis
1075 3956 1263 4010 sedulo
1331 3956 1728 4023 elaborarunt,
1788 3957 1956 4011 instar
2006 3958 2134 4011 solis

532 4044 818 4112 cujusdam
862 4046 1088 4114 justitite
1119 4047 1373 4102 Christus
1417 4047 1683 4114 illucebit,
1722 4048 2132 4116 perfectissimi:

535 4136 781 4191 Scienliae
830 4139 1012 4193 radios
1063 4141 1389 4205 immittens,
1444 4150 1497 4194 et
1558 4155 1881 4209 quacunque
1939 4141 2133 4195 anima:

534 4228 907 4283 imbecillitate
944 4244 1008 4284 ac
1055 4229 1315 4300 languore
1350 4245 1442 4283 eos
1480 4229 1685 4294 levans,
1727 4239 1780 4282 et
1819 4244 1848 4281 a
1902 4230 2130 4298 pristina

535 4320 887 4377 tribulatione
936 4320 1253 4392 longissime
1304 4321 1641 4391 disjungens.
1695 4320 1809 4375 Hoc
1866 4323 2009 4375 enim
2049 4329 2131 4375 est

533 4409 677 4478 quod
707 4413 820 4464 ait:
858 4430 875 4461 ι
915 4410 1135 4466 Sanitas
1171 4424 1251 4467 est
1297 4415 1349 4465 in
1389 4414 1511 4477 alis,
1547 4429 1639 4467 seu
1675 4413 1869 4483 pennis
1896 4413 2012 4482 ejus
2050 4427 2064 4465 :
2104 4430 2122 4463 ι

2239 3323 2331 3373 καὶ
2362 3321 2551 3391 ὥσπερ
2594 3321 2746 3390 ἡλίου
2794 3321 2892 3391 τὴν
2934 3321 3023 3373 ὑπ’
3069 3321 3301 3391 οὐρανὸν
3354 3318 3782 3385 καταυγάζοντος,

2238 3412 2475 3481 ἀδρανὴς
2542 3412 2640 3482 ἥδη
2697 3428 2813 3474 πως
2873 3413 2906 3480 ἡ
2972 3411 3078 3463 τῶν
3140 3411 3389 3482 ἀστέρων
3438 3408 3783 3462 ἀπολέλειπται

2236 3505 2559 3574 λαμπρότης
2577 3521 2590 3534 ⁹
2622 3504 2763 3557 οὕτω
2791 3503 3151 3574 φαιδροτέρας
3177 3506 3311 3573 ἡμῖν
3336 3500 3782 3570 εἰσκεκομισμένης

2237 3596 2491 3663 γνώσεως
2521 3594 3000 3664 καταργηθήσεταί
3036 3613 3151 3657 πως
3188 3597 3219 3664 ἡ
3260 3594 3592 3665 μείων.Ἔφη
3625 3592 3673 3644 δέ
3702 3608 3783 3643 που

2238 3687 2332 3739 καὶ
2381 3688 2409 3738 ὁ
2453 3688 2690 3757 Χριστὸς
2722 3690 2831 3748 τοῖς
2876 3686 3051 3753 ἁγίοις
3084 3687 3444 3749 ἀποστόλοις·
3488 3707 3505 3737 r
3544 3684 3709 3737 Ταῦτα
3738 3683 3783 3731 ὲν

2238 3778 2562 3849 παροιμίαις
2596 3778 2866 3848 λελάληκα
2891 3780 3037 3848 ὑμῖν.
3070 3780 3338 3849 Ἔρχεται
3359 3779 3495 3849 ὥρα,
3522 3780 3604 3831 ὅτε
3632 3774 3781 3829 οὐκέτι

2236 3873 2293 3923 ἐν
2330 3870 2650 3941 παροιμίαις
2684 3871 2902 3940 λαλήσω
2938 3872 3074 3941 πρὸς
3118 3872 3302 3941 ὑμᾶς’
3351 3871 3464 3925 ἀλλ’
3503 3872 3558 3922 ἐν
3600 3869 3779 3937 παρρη-

2236 3964 2329 4033 σίᾳ
2369 3964 2495 4034 περὶ
2530 3962 2623 4015 τοῦ
2656 3963 2868 4034 Πατρὸς
2896 3962 3182 4031 ἀναγγελεῖ)
3221 3965 3373 4034 ὑμῖν.
3413 3982 3430 4012 ι
3474 3960 3669 4015 Οὐκοῦν
3693 3960 3782 4017 τοῖς

2234 4056 2429 4123 ἁγίοις,
2451 4056 2499 4107 οἳ
2532 4059 2626 4107 καὶ
2652 4055 2854 4123 σφόδρα
2883 4056 3222 4125 πεφόϐηνται
3246 4056 3309 4108 τὸ
3336 4055 3504 4125 ὄνομα
3534 4050 3620 4105 τοῦ
3649 4046 3781 4109 Θεοῦ,

2234 4147 2329 4200 xai.
2370 4146 2588 4217 ἀπάσης
2626 4147 2825 4215 ἀρετῆς
2879 4146 3210 4216 ἐπιμεληταὶ
3256 4146 3542 4215 γεγόνασιν
3582 4142 3635 4197 ὲν
3672 4135 3781 4208 τῷδε

2232 4237 2310 4308 τῷ
2342 4239 2531 4307 κόσμῳ
2573 4238 2808 4307 Χριστος
2840 4238 3171 4307 ἀναλάμψει,
3209 4237 3465 4308 καθάπερ
3496 4254 3575 4300 τις
3606 4236 3778 4289 δικαιο-

2234 4330 2399 4400 σύνης
2450 4330 2599 4399 ἣλιος
2656 4331 2751 4399 τῆς
2797 4331 3140 4402 τελειοτάτης
3191 4330 3445 4399 γνώσεως
3499 4328 3590 4390 τὰς
3637 4325 3779 4391 αὐγᾶς

2231 4423 2425 4487 ἐνιεὶς,
2485 4424 2579 4476 καὶ
2643 4423 2863 4493 ἀπάσης
2918 4425 3115 4486 αὐτοὺς
3168 4424 3530 4477 ἀπαλλάττων
3575 4416 3776 4487 ψυχικῆς

540 4501 695 4567 quasi
732 4501 797 4553 de
841 4501 1037 4568 aquilis
1077 4511 1131 4555 et
1162 4504 1324 4568 pullis
1367 4518 1553 4555 earum
1590 4503 1927 4573 loqueretur,
1968 4504 2125 4573 juxta

2235 4516 2541 4589 ἀρρωστίας
2564 4557 2576 4579 ,
2625 4515 2718 4568 καὶ
2754 4515 2987 4585 θλίψεως
3039 4517 3138 4586 τῆς
3181 4517 3419 4587 ἀρχαίας
3453 4515 3523 4577 ὼς
3546 4508 3775 4598 ἀπωτάτω

532 4589 662 4645 illud
690 4589 808 4641 sine
834 4590 1015 4653 dubio,
1051 4593 1193 4659 quod
1222 4608 1315 4659 per
1347 4592 1532 4645 Mosen
1565 4594 2024 4663 sapientissimum
2056 4598 2122 4652 de

535 4685 663 4748 Deo,
694 4692 747 4736 et
770 4683 834 4737 de
867 4682 1109 4738 liberatis
1134 4687 1201 4738 ab
1224 4684 1462 4755 IEgypto
1485 4687 1749 4755 prolatum
1782 4698 1865 4741 est
1889 4706 1901 4741 :
1930 4709 1947 4739 ι
1970 4690 2122 4744 Sicut

531 4773 712 4842 aquila
739 4774 1015 4842 cooperiet
1039 4775 1221 4829 nidum
1270 4792 1452 4833 suum.
1496 4778 1818 4845 Expendens
1848 4779 1961 4833 alas
1989 4794 2117 4835 suas

532 4866 768 4933 suscepit
797 4880 889 4921 eos
936 4866 1005 4922 “.
1042 4884 1062 4918 ι
1103 4866 1219 4921 Erit
1268 4869 1458 4938 igitur,
1505 4870 1697 4939 inquit,
1759 4888 1778 4921 ι
1819 4872 2027 4926 sanitas
2061 4873 2116 4928 in

530 4959 723 5026 pennis
759 4957 895 5025 ejus.
930 4978 949 5010 ι
1008 4959 1062 5013 In
1111 4962 1212 5013 hoc
1262 4962 1406 5015 enim
1445 4962 1643 5016 szewlo
1688 4964 2023 5018 exsultantes
2062 4966 2116 5022 il

532 5048 686 5103 nobis
715 5050 897 5103 carnis
932 5060 1106 5104 motus
1141 5066 1470 5120 magnopere
1508 5054 1795 5117 sentimus,
1826 5056 1916 5123 qui
1965 5071 2115 5110 inen-

532 5151 636 5194 tem
667 5143 732 5196 ad
764 5142 1112 5199 inconcessas
1145 5144 1315 5215 868
1348 5134 1653 5215 voluptates
1678 5150 2036 5215 exsuscitant,
2062 5158 2118 5203 et

529 5239 679 5292 saevit
721 5239 771 5291 in
820 5240 1082 5294 membris
1133 5242 1338 5295 nostris
1372 5241 1578 5310 peccati
1630 5242 1717 5297 lex
1764 5241 1830 5306 “,
1870 5245 2116 5312 quamvis

528 5329 742 5383 tihristo
768 5331 1057 5400 adjuvante
1097 5342 1407 5387 sanctorum
1438 5335 1809 5389 moderatione
1843 5334 2113 5389 interdum

568 5505 665 5577 ’τι
708 5507 836 5559 Cor.
879 5525 917 5569 I,
958 5508 1009 5562 5.
1054 5511 1141 5563 “l
1175 5512 1297 5567 Cor.
1344 5530 1464 5577 xm,
1513 5515 1597 5567 η.
1644 5515 1685 5546 ¹⁹
1720 5513 1850 5567 Ibid.
1899 5512 1990 5567 10.
2029 5512 2121 5565 ¹⁰1

2235 5552 2241 5565 .
2282 5514 2324 5543 ἰ
2353 5514 2483 5568 ibid.
2525 5514 2580 5565 8.

529 5572 573 5602 ’⁸
610 5576 763 5628 llum.
804 5593 896 5639 vn,
938 5581 1025 5632 ‘25.

2230 4608 2422 4669 τιθείς,
2456 4607 2627 4659 Τοῦτο
2655 4605 2763 4677 γάρ
2794 4608 2909 4658 ἐστι
2940 4606 3000 4658 τό
3021 4622 3033 4634 ·
3072 4626 3088 4655 ι
3118 4607 3290 4669 Ἰασῒς
3322 4607 3380 4657 ἐν
3413 4605 3531 4666 ταῖς
3560 4595 3776 4669 πτέρυξιν

2229 4699 2397 4752 αὑτοῦ
2423 4716 2436 4729 ·
2468 4694 2580 4751 οἷον
2619 4699 2695 4761 ὡς
2748 4699 2835 4750 ἐπ’
2867 4698 3026 4751 ἀετοῦ
3072 4699 3162 4752 καὶ
3221 4697 3453 4752 νεοττῶν
3505 4690 3773 4764 είρημένον,

2226 4793 2345 4845 κατ’
2375 4791 2551 4844 ἐκεῖνό
2593 4808 2692 4844 που
2737 4791 2976 4855 πάντως,
3023 4791 3086 4843 τὸ
3118 4791 3206 4844 διὰ
3248 4789 3347 4844 τοῦ
3383 4788 3649 4853 πανσόφου
3678 4781 3775 4835 Μω-

2224 4884 2364 4942 σέως
2396 4884 2723 4954 λελεγμένον
2764 4885 2895 4955 περὶ
2937 4883 3106 4951 Θεοῦ,
3152 4885 3244 4937 καὶ
3288 4883 3399 4936 τῶν
3442 4880 3499 4946 ἐξ
3533 4876 3773 4945 Αἰγύπτου

2224 4976 2661 5047 λελυτρωμένων·
2689 4995 2708 5028 ι
2730 4977 2815 5040 Ὦς
2849 4977 3003 5041 ἀετὸς
3036 4976 3302 5029 σκεπάσεί
3339 4973 3559 5027 νοσσιάν
3587 4962 3772 5021 ἑαυτοῦ

2221 5064 2355 5125 διεὶς
2380 5066 2477 5126 τὰς
2509 5065 2785 5135 πτέρυγας
2811 5066 2997 5129 αὑτοῦ,
3043 5066 3261 5131 ἐδέξατο
3292 5063 3511 5126 αὐτούς.
3544 5079 3572 5109 »ο
3611 5056 3772 5111 Ἐσται

2221 5157 2423 5219 τοίνυν,
2458 5158 2591 5226 φησὶ
2615 5196 2629 5220 ,
2669 5176 2685 5206 ι
2720 5159 2813 5210 καὶ
2848 5158 2985 5221 ἴασις
3029 5160 3086 5209 ἐν
3123 5160 3241 5220 ταῖς
3273 5155 3536 5226 πτέρυξιν
3561 5147 3722 5205 αὑτοῦ.
3754 5161 3770 5193 ι

2235 5248 2322 5299 Ἐν
2372 5245 2472 5316 μὲν
2517 5247 2623 5316 γὰρ
2671 5247 2747 5317 τῷ
2798 5248 2953 5300 αἰῶνι
2999 5248 3172 5319 τούτῳ
3214 5249 3369 5301 δεινά
3413 5245 3526 5307 πώς
3570 5246 3699 5294 ἐστιν
3726 5238 3772 5286 ὲν

2226 5341 2357 5408 ἡμῖν
2394 5338 2491 5407 τῆς
2518 5339 2717 5405 σαρκὸς
2750 5338 2816 5391 τὰ
2845 5343 3224 5410 σκιρτήματα·
3255 5338 3557 5406 καταθιξγει
3582 5332 3675 5400 γάρ
3702 5327 3771 5376 τὸν

2662 5514 2704 5542 ’³
2743 5512 2897 5567 Joan.
2942 5530 3049 5581 xw,
3090 5515 3177 5569 ‘25.
3220 5514 3262 5543 "
3308 5514 3463 5565 Deut.
3510 5522 3665 5572 suo,
3707 5507 3767 5555 ll.

599 5708 669 5773 (l)
706 5710 1002 5769 Colclerius
1034 5712 1297 5785 (Monum.
1370 5713 1512 5769 Eccl.
1550 5714 1641 5768 Cr.
1680 5716 1757 5782 ll,
1819 5717 1943 5784 Ct9)
2013 5716 2127 5785 conj

2299 5720 2750 5791 ιντεχνεστάτους
2812 5724 2893 5777 vel
2964 5724 3405 5796 ευτεχνοτάτους,
3447 5716 3762 5775 doctissimo-ta

527 5781 685 5838 Ευιτ.

3957 3850 3959 3999 ι
