4026 6276
232 300 315 356 561
1042 297 1593 356 COMMENTARIUS
1634 297 1700 352 IN
1743 299 2145 355 MALACIIIAM
2182 300 2622 358 PROPHETAM.

3371 312 3476 368 362

232 413 346 468 νοῦν
377 411 458 474 είς
493 411 753 476 ἐκτύπους
785 412 1008 484 ήδονάς,
1037 415 1310 486 ἀγριαίνει
1339 415 1395 468 δὲ
1421 417 1478 467 ὲν
1501 416 1615 477 τοῖς
1645 413 1802 485 μέλε-

1909 415 2172 470 vincatur.
2216 415 2518 470 lnebriatur
2564 425 2741 471 autem
2778 418 3176 486 quodammodo
3215 439 3387 490 mens,
3426 439 3480 479 et

183 522 309 580 ,hO'I‘J
329 502 484 573 ὑμῶν
514 506 611 574 τῆς
640 505 911 576 ἁμαρτίας
933 507 961 558 6
989 505 1173 576 νόμος,
1203 507 1238 577 ἢ
1270 509 1364 558 καὶ
1393 507 1610 560 νικᾶται
1639 505 1796 576 τυχὸν

206 577 308 648 ιδιὰ
336 595 438 665 τῆς
469 596 578 648 τῶν
607 596 778 664 ἁγίων
803 597 1099 661 ἐπιεικείας
1136 597 1504 669 ἐπαμύνοντος
1533 597 1628 650 τοῦ
1661 599 1796 666 Χριο

236 685 372 740 στοῦ.
421 687 774 757 Καταμευύει
814 687 871 740 δέ
904 705 1022 752 πως
1065 689 1094 740 6
1140 687 1300 752 νοῦς,
1337 689 1430 741 καὶ
1460 686 1580 741 καθ’
1616 687 1801 759 ἕτερον

234 779 425 847 τρόπον
450 779 844 850 πειραζόμενος
870 781 974 833 ὑπὸ
1005 781 1193 834 παθῶν
1218 798 1230 812 ⁸
1272 781 1578 846 ἁλαζονεῖαί
1606 799 1663 835 τε
1694 781 1801 851 γὰρ

235 873 648 941 ἐπισκήπτουσι,
694 872 786 924 καὶ
823 872 1112 940 φιλοδοξίαι
1161 873 1457 942 κοσμικαὶ,
1488 874 1673 944 ὀργαὶ,
1709 873 1802 927 καὶ

238 962 615 1031 φιλοκέρδειαι,
632 965 727 1016 καὶ
757 963 824 1016 τὰ
848 964 1010 1035 ἕτερα
1035 965 1142 1016 τῶν
1174 965 1382 1018 κακῶν.
1403 965 1618 1036 Ἐπειδὴ
1635 966 1688 1017 δὲ
1711 965 1803 1018 τὸν

235 1055 526 1125 ἀρραϐῶνα
553 1055 646 1108 τοῦ
673 1056 992 1126 Πνεύματος
1023 1057 1111 1110 διὰ
1144 1056 1382 1130 Χριστοῦ
1417 1058 1799 1128 πεπλουτήκα-

237 1167 346 1220 μεν,
377 1150 669 1221 εἰθίσμεοά
710 1169 768 1204 τε
803 1151 1227 1221 κατευμεγεοεῖν
1272 1153 1379 1206 τῶν
1413 1153 1621 1217 παθῶν,
1666 1153 1803 1224 πλὴν

241 1240 454 1310 ἱδρῶτος
485 1231 547 1294 οὐ
579 1241 721 1311 δίχα,
755 1243 894 1296 κατά
921 1242 980 1295 δέ
1014 1259 1077 1311 γε
1105 1243 1198 1294 τὸν
1226 1243 1400 1297 αἰῶνα
1423 1243 1511 1298 τὸν
1541 1243 1805 1313 μέλλοντα

234 1333 410 1403 πλήρη
438 1335 536 1403 τῆς
569 1333 896 1401 θεογνωσίας
945 1332 1158 1404 ἔχοντες
1203 1333 1301 1404 τὴν
1330 1335 1525 1405 αὐγὴν,
1568 1334 1664 1387 καὶ
1707 1335 1804 1404 τὴν

231 1422 570 1494 τελειοτάτην
621 1423 722 1493 τῆς
778 1423 986 1497 δωρεᾶς
1061 1423 1156 1477 τοῦ
1213 1424 1370 1492 ἁγίου
1449 1427 1805 1490 πλουτοῦντες

231 1513 564 1584 Πνεῦμα-τος,
593 1515 994 1585 ἁποδυσὰμενοί
1025 1533 1083 1568 τε
1124 1515 1221 1586 τὴν
1248 1517 1453 1588 φθορὰν
1483 1518 1577 1570 καὶ
1611 1518 1680 1570 τὰ
1708 1520 1806 1588 τῆς

231 1605 431 1674 σαρκὸς
456 1605 626 1677 πάθη,
661 1606 779 1676 Θεῴ
828 1606 1162 1678 λατρεύομεν
1197 1607 1523 1677 ὁλοτρόπως,
1554 1609 1612 1661 οὐ
1647 1627 1804 1680 μερι-

229 1694 440 1764 ζόμενοι
471 1697 606 1766 πρὸς
626 1697 923 1768 ἁμαρτίαν,
953 1697 1076 1750 οὔτε
1110 1697 1214 1767 μὴν
1239 1698 1344 1750 ὑπό
1374 1716 1469 1750 του
1500 1699 1609 1752 τῶν
1635 1701 1801 1753 πάλαι

1904 507 2010 562 alio
2035 508 2194 562 modo
2228 523 2257 561 a
2291 507 2633 577 passionibns
2668 508 2878 562 irritata
2917 533 2926 565 :
2971 511 3182 567 irruunt
3213 516 3355 570 enim
3395 532 3467 570 ar-

1905 600 2185 670 rogantiae,
2217 609 2270 652 et
2311 614 2462 653 amor
2507 615 2652 654 vana:
2687 615 2751 655 ac
2799 606 3084 659 mundana:
3121 607 3323 676 gloriae,
3365 612 3480 674 inv,

1903 689 2036 744 lucri
2089 690 2340 752 aviditas,
2394 700 2446 744 et
2493 691 2609 744 aliae
2663 691 2879 746 demum
2936 704 3137 763 pestes.
3189 698 3481 770 Postquam

1905 789 2082 834 autem
2107 780 2330 850 pignore
2354 777 2586 849 Spiritus
2609 796 2704 851 per
2729 782 3006 838 Christum
3030 787 3183 840 ditati
3209 805 3395 844 sumus
3415 790 3481 857 ’⁵,

1905 871 2134 926 domitas
2185 872 2384 925 habere
2435 873 2778 942 cupiditates,
2828 878 3077 945 quamvis
3133 879 3274 933 haud
3346 881 3482 935 citra

1905 963 2188 1028 sudorem,
2225 964 2625 1029 consuevimus,
2659 974 2713 1020 et
2748 965 3042 1020 secundum
3061 970 3316 1025 sarculum
3335 971 3482 1026 futu-

1907 1068 2025 1106 rum
2073 1051 2226 1121 plena
2271 1051 2390 1106 luce
2427 1051 2623 1107 divina:
2663 1057 2986 1124 cognitionis
3025 1061 3255 1126 pra-diti,
3302 1061 3483 1132 perfe-

1905 1146 2087 1201 ctione
2117 1146 2244 1200 doni
2274 1145 2508 1214 Spiritus
2539 1147 2710 1201 saneti
2747 1147 2939 1202 divites
2975 1164 3185 1215 sumus,
3213 1160 3265 1206 et
3296 1167 3486 1206 corru-

1909 1251 1939 1304 p
1955 1234 2156 1288 tionem
2177 1232 2564 1303 passionesque
2589 1237 2771 1290 carnis
2798 1237 3069 1300 exuimus,
3088 1237 3196 1294 Deo
3215 1241 3485 1296 servimus

1906 1325 2251 1392 omnimodis,
2298 1341 2402 1379 non
2439 1325 2594 1380 divisi
2628 1337 2846 1397 prepter
2879 1338 3192 1398 peccatum,
3228 1347 3402 1400 neque
3452 1350 3481 1384 a

1907 1415 2180 1470 veteribus
2203 1417 2550 1485 passionihus
2585 1418 2794 1488 agitati,
2831 1419 2925 1472 sed
2966 1421 3137 1475 instar
3173 1432 3484 1477 sanctorum

1907 1501 2216 1572 angelorum
2237 1517 2424 1572 puram
2443 1516 2496 1558 et
2514 1506 2850 1561 innocentem
2869 1513 3034 1562 vitam
3053 1511 3321 1567 ducimus.
3338 1513 3487 1568 Scri-

1906 1600 2055 1660 ptum
2079 1600 2160 1645 est
2182 1593 2326 1646 enim
2354 1594 2420 1647 de
2446 1595 2666 1660 sanctis,
2691 1597 2832 1664 quod
2851 1597 3235 1654 obliviscentur
3262 1603 3486 1657 tribula-

1910 1684 2069 1736 tionis
2091 1699 2200 1738 suae
2221 1695 2274 1740 et
2292 1700 2397 1739 non
2421 1688 2673 1740 ascendet
2699 1691 2747 1741 in
2766 1704 2860 1742 cor
2881 1704 3087 1744 eorum.
3111 1710 3128 1742 ι
3153 1691 3266 1747 Erit
3283 1701 3484 1754 autem.

226 1785 410 1838 παθῶν
444 1787 838 1857 ἐνοχλούμενοι,
885 1787 999 1842 ἀλλ’
1044 1790 1102 1841 ὲν
1150 1787 1238 1858 ἴσῃ
1283 1789 1434 1854 τάξει
1482 1792 1595 1852 τοῖς
1627 1790 1801 1857 ἁγίοις

1909 1775 2104 1844 inquit,
2136 1775 2319 1831 laetitia
2349 1780 2677 1846 sempiterna
2707 1795 2870 1849 super
2896 1785 3072 1851 capita
3102 1798 3314 1849 eorum,
3347 1784 3483 1849 laus,

225 1878 477 1946 ἀγγέλοις
519 1879 609 1931 τὸν
651 1879 890 1949 καθαρὸν
933 1880 1028 1933 καὶ
1081 1880 1339 1950 ἀπήμονα
1377 1879 1618 1950 βιοῦντες
1667 1881 1797 1951 βίον.

226 1971 540 2041 Γέγραπται
570 1970 674 2040 γὰρ
702 1973 830 2042 περὶ¹
855 1971 963 2025 τῶν
993 1971 1186 2040 ἁγίων,
1217 1973 1300 2024 ὅτι
1331 1973 1681 2044 ἐπιλήσονται
1705 1971 1802 2042 τὴν

226 2062 399 2132 θλῖψιν
432 2062 632 2126 αὐτῶν,
659 2065 754 2117 καὶ
772 2065 872 2117 οὐκ
899 2064 1071 2134 ἀναϐῇ
1099 2063 1279 2116 αὐτῶν
1311 2065 1403 2117 ἐπὶ
1431 2063 1528 2135 τὴν
1552 2064 1798 2134 καρδίαν.

229 2154 462 2206 «Ἔσται
495 2152 572 2216 δὲ,
615 2154 768 2222 φησὶ,
808 2153 902 2205 καὶ
933 2151 1243 2222 εὐφροσύνη
1278 2152 1494 2214 αἰώνιος
1541 2152 1682 2222 ὑπὲρ
1709 2168 1803 2204 κε-

222 2244 395 2315 φαλῆς
431 2243 630 2310 αὐτῶν,
652 2244 876 2310 αῐνεσις,
897 2244 992 2296 καὶ
1020 2243 1349 2315 εὐφροσύνη,
1370 2245 1464 2298 καὶ
1490 2243 1804 2313 ἁγαλλίαμα

222 2336 598 2406 καταλήψεται
627 2336 842 2402 αὐτοὺς,
879 2334 1089 2406 ἀπέδρα
1118 2334 1301 2405 ὀδύνη,
1351 2334 1518 2406 λύπη,
1554 2335 1649 2388 καὶ
1685 2351 1806 2386 στε-

219 2429 455 2500 ναγμός.
485 2447 504 2478 ι
543 2427 728 2500 Ταύτῃ
758 2444 841 2480 τοι
875 2426 1040 2498 φησὶν
1072 2427 1100 2479 6
1133 2427 1437 2496 προφήτης,
1471 2426 1589 2497 ἤτοι
1617 2425 1747 2488 Θεὸς
1776 2425 1804 2476 6

220 2521 430 2574 τούτων
455 2521 692 2589 ἐργάτης
723 2520 818 2573 καὶ
858 2520 1046 2590 δοτὴρ,
1080 2520 1160 2572 ὅτι
1197 2536 1216 2570 ι
1264 2517 1672 2584 Ἐξελεύσεσθε,
1711 2519 1805 2570 καὶ

223 2610 590 2682 ηιρτήσεσθε
620 2611 694 2673 ὼς
727 2609 999 2682 μοσχάρια
1025 2611 1088 2661 ἐκ
1111 2608 1323 2678 δεσμῶν
1346 2607 1622 2678 ἀνειμένα.
1648 2607 1807 2659 »Ὥσ-

220 2723 322 2777 περ
355 2705 478 2776 γὰρ
510 2705 578 2758 τὰ
615 2706 884 2774 μοσχάρια
909 2703 978 2757 τὰ
1010 2703 1274 2756 ὑπότιτθα
1299 2702 1514 2771 δεσμῶν
1543 2702 1805 2771 ἀνιέμενα

218 2797 654 2866 κατασκαίρουσι
688 2794 796 2847 τῶν
841 2793 1047 2864 ἀγρῶν,
1091 2794 1149 2845 ὲν
1190 2792 1406 2846 εὐανθεῖ
1433 2795 1496 2864 τῇ
1530 2792 1639 2864 πόα
1670 2793 1804 2845 ἀπο·

225 2887 487 2960 πηδῶντὰ
509 2903 568 2939 τε
594 2886 690 2940 καὶ
712 2885 1101 2957 διαμυκώμενα
1121 2901 1134 2916 °
1162 2884 1304 2938 οὔτω
1337 2883 1479 2937 κατὰ
1507 2885 1732 2954 καιροὺς
1758 2885 1807 2936 oi.

219 2979 362 3047 ἆγιοι
404 2978 694 3047 μονονουχὶ
731 2977 945 3046 δεσμῶν
979 2975 1253 3046 ἀνειμένοι
1301 2975 1398 3045 τῆς
1444 2976 1503 3027 ὲν
1548 2974 1684 3044 τῷδε
1731 2973 1811 3044 τῷ

1904 1880 1958 1923 et
1999 1869 2206 1936 latitia,
2257 1880 2311 1924 et
2353 1871 2647 1925 exsultatio
2702 1875 3126 1941 comprehendet
3169 1890 3285 1939 eos,
3317 1873 3488 1944 fugiet

1905 1960 2076 2026 dolor,
2104 1959 2344 2025 tristitia,
2371 1971 2420 2015 et
2451 1963 2688 2027 gemitus
2715 1962 2782 2016 ’⁸.
2813 1980 2830 2013 ι
2864 1961 3074 2018 Idcirco
3102 1963 3177 2018 ait
3203 1964 3482 2032 propheta.

1903 2054 2017 2107 sive
2039 2051 2177 2107 Deus
2197 2054 2390 2106 horum
2409 2051 2632 2110 clTector
2652 2067 2814 2124 atque
2834 2056 2988 2111 dator
3012 2075 3024 2110 :
3050 2077 3067 2110 ι
3091 2056 3483 2128 Egrediemini,

1904 2151 1957 2198 et
1990 2144 2199 2198 salictis
2243 2144 2384 2198 sicut
2414 2145 2564 2198 vituli
2597 2148 2766 2202 teneri
2803 2149 3032 2204 vinculis
3064 2150 3250 2206 soluti.
3281 2170 3300 2203 ι
3333 2150 3486 2207 Sicut

1906 2251 2139 2305 namque
2162 2234 2310 2289 vituli
2330 2236 2507 2291 adhuc
2531 2239 2794 2302 subrumi,
2827 2255 2922 2295 seu
2948 2241 3230 2308 lactentes,
3254 2243 3487 2298 vinculis

1906 2325 2141 2394 demptis
2179 2340 2274 2396 per
2331 2342 2489 2397 agros
2542 2328 2821 2397 exsiliunt,
2864 2340 2918 2386 et
2968 2333 3022 2386 in
3068 2333 3235 2388 herba
3291 2337 3482 2396 virenti

1905 2414 2215 2471 subsultant
2254 2425 2308 2470 et
2353 2418 2630 2488 mugiunt;
2670 2419 2743 2473 ita
2789 2411 2916 2475 olim
2956 2425 3130 2478 sancti
3171 2425 3328 2494 huius
3365 2427 3486 2481 vitm

1909 2509 2290 2575 tribulationis,
2316 2524 2591 2576 curarum,
2635 2514 2870 2582 sudoris,
2908 2515 3152 2570 laborum
3183 2519 3334 2587 quasi
3371 2519 3486 2573 vin-

1907 2601 2042 2656 culis
2068 2601 2323 2667 exsoluti,
2356 2602 2410 2655 in
2431 2601 2827 2669 jucunditatem
2863 2607 3069 2662 sanatis
3099 2621 3483 2675 congruentem

1907 2692 2298 2764 ingredientur,
2351 2703 2407 2748 et
2455 2695 2694 2764 iniquos,
2749 2711 2858 2750 non
2925 2697 3034 2764 jam
3088 2710 3390 2768 pugnantes
3431 2713 3486 2756 et

1909 2782 2247 2846 resistentes,
2291 2785 2385 2837 sed
2434 2792 2754 2849 prostratos,
2798 2797 2852 2840 et
2895 2786 3088 2854 victos,
3135 2799 3189 2843 et
3232 2799 3485 2860 tanquam

1909 2875 2007 2928 sub
2035 2874 2258 2943 pedibus
2281 2873 2526 2943 jacentes
2555 2875 2968 2944 conculcabunt,
3003 2881 3147 2948 quod
3172 2882 3332 2936 etiam
3363 2884 3486 2938 belli

1909 2965 2134 3019 materia
2170 2973 2223 3018 et.
2251 2975 2426 3020 metus
2465 2968 2642 3023 omnis
2684 2969 2751 3022 ab
2781 2970 2910 3038 ipsis
2949 2971 3158 3028 ablatus
3192 2974 3283 3027 sit.
3316 2993 3338 3026 ς
3369 2973 3486 3029 Non

225 3067 320 3139 βίῳ
350 3068 614 3137 θλίψεως,
656 3068 957 3138 φροντίδος,
1003 3067 1224 3139 ἱδρῶτός
1256 3085 1316 3120 τε
1354 3068 1450 3122 καὶ
1489 3069 1686 3135 πόνων,
1728 3070 1805 3132 είς

1910 3055 2050 3110 enim
2095 3057 2198 3110 erit
2248 3057 2319 3110 ibi
2367 3056 2475 3123 leo,
2517 3074 2692 3128 neque
2739 3061 2843 3114 ulla
2890 3061 3155 3117 malarum
3193 3065 3486 3121 bestiarum

217 3159 314 3229 τὴν
359 3162 483 3222 τοῖς
529 3159 698 3222 ὁσίοις
756 3159 1073 3228 πρέπουσαν
1126 3159 1390 3229 εὐθυμίαν
1442 3160 1803 3228 ὲκόήσονται,

1913 3151 2170 3205 ascendet
2211 3152 2344 3220 illic,
2383 3161 2443 3206 ut
2471 3154 2735 3220 scriptum
2768 3163 2885 3220 est;
2926 3155 3020 3210 sed
3055 3155 3160 3212 erit
3193 3157 3370 3226 potius
3403 3162 3486 3213 via

215 3249 524 3311 πατοῦντες
547 3249 801 3318 ἀνόμους,
832 3249 893 3300 οὗ
927 3248 1266 3318 μαχομένους
1297 3248 1375 3300 έτι
1425 3249 1518 3301 καὶ
1543 3247 1807 3317 ἀνθεστη-

213 3340 419 3404 κότας,
486 3341 751 3402 πεσόντας
778 3338 834 3391 δὲ
864 3337 962 3408 ήδη
1003 3339 1099 3391 καὶ
1134 3339 1542 3410 νενικημένους,
1575 3339 1668 3392 καὶ
1694 3333 1804 3392 οἷον

211 3431 322 3484 ὑπὸ
371 3431 549 3493 πόδας
583 3431 890 3500 κειμένους,
924 3428 1002 3499 τῷ
1043 3430 1136 3483 καὶ
1170 3431 1474 3502 ἀνῃρῆσθαι
1528 3429 1803 3494 παντελῶς

1914 3257 2070 3312 pura,
2115 3251 2168 3295 et
2218 3241 2303 3296 via
2361 3253 2549 3296 sancta
2600 3242 2879 3298 vocabitur
2917 3243 2984 3297 ³⁷.
3033 3263 3052 3296 ι
3106 3242 3306 3301 Exsors
3343 3248 3486 3302 enim

1913 3349 2123 3404 pugnat,
2154 3345 2208 3389 et
2231 3336 2408 3389 omnis
2439 3334 2663 3388 macula:
2695 3351 2826 3405 pura
2867 3337 2956 3391 illo
2989 3338 3326 3407 potissimum
3356 3350 3490 3395 tem-

1912 3440 2044 3494 pore
2077 3436 2386 3481 sanctorum
2420 3431 2529 3481 vita
2564 3429 2689 3480 erit.

205 3524 304 3578 τὸν
346 3522 488 3590 παρ’
524 3521 703 3573 αὐτῶν
731 3520 985 3589 πόλεμον.
1022 3539 1040 3572 ι
1075 3521 1149 3574 Ού
1185 3521 1293 3591 γὰρ
1350 3521 1503 3574 ἔσται
1535 3520 1651 3573 ἐκεῖ
1681 3519 1844 3583 λέων,
1881 3515 2003 3569 οὐδὲ
2059 3515 2166 3569 τῶν
2200 3515 2407 3586 Θηρίων
2434 3517 2543 3572 τῶν
2575 3517 2824 3588 πονηρῶν
2857 3514 3009 3571 οὐδὲν
3043 3525 3116 3591 μή
3142 3521 3314 3594 ἀναϐῇ
3349 3523 3484 3584 ἐκεῖ.

207 3616 360 3670 κατά
389 3615 461 3667 τὸ
483 3614 1168 3685 γεγραμμένον.¹¹Εσταιδὲ
1201 3615 1400 3685 μᾶλλον
1427 3614 1542 3677 ὁδὸς
1597 3612 1834 3680 καθαρὰ,
1877 3612 1970 3664 καὶ
2052 3611 2168 3673 ὁδὸς
2215 3610 2344 3678 ἁγία
2399 3611 2752 3682 κληθήσεται.
2808 3630 2826 3660 ι
2864 3611 3162 3682 Ἀπόλεμος
3225 3614 3335 3685 γὰρ
3394 3621 3490 3672 καὶ

201 3708 452 3775 ἀπάσης
495 3705 710 3774 κηλίδος
748 3704 1138 3778 ἀπηλλαγμένη
1189 3707 1310 3760 κατ’
1361 3710 1537 3761 ἐκεῖνο
1570 3709 1802 3779 μάλιστα
1839 3706 1934 3760 τοῦ
1970 3704 2162 3776 καιροῦ
2191 3703 2299 3756 τῶν
2365 3703 2535 3772 ἁγίων
2562 3704 2717 3756 ἕσται
2749 3701 2884 3772 ζωή.

281 3800 406 3854 Καὶ
479 3797 607 3851 ίὸοὺ
679 3796 795 3866 ἐγὼ
860 3797 1178 3852 ἀποστελῶ
1231 3799 1374 3865 ὑμῖν
1434 3800 1637 3858 Ἠλίαν
1700 3802 1807 3854 τὸν

206 3891 551 3955 ematur,
597 3887 738 3954 πρὶν
781 3888 981 3941 ἐλθεῖν
1020 3887 1132 3955 τὴν
1162 3891 1389 3958 ἡμέραν
1426 3892 1647 3958 Κυρίου
1693 3890 1808 3957 τὴν

199 3982 501 4050 μεγάλην
546 3980 644 4032 καὶ
687 3978 950 4047 ἐπιφανῆ
977 4019 990 4044 ,
1027 3978 1086 4044 ὃς
1136 3981 1625 4049 ἀποκαταστήσει
1669 3999 1809 4052 καρ-

199 4073 353 4125 δίαν
385 4069 618 4136 πατρὸς
652 4071 792 4136 πρὸς
841 4069 997 4134 υἱὸν,
1051 4069 1152 4122 καὶ
1195 4070 1449 4138 καρδίαν
1493 4071 1807 4139 ἀνθρώπου

1986 3798 2146 3852 Vens.
2170 3797 2222 3861 5,
2251 3796 2303 3849 ε.
2334 3795 2469 3849 Ecce
2489 3812 2580 3866 ego
2610 3797 2811 3849 mittant
2836 3796 2973 3850 vobis
2990 3796 3166 3850 Etiam
3195 3797 3487 3861 Thesbiten.

1914 3899 2192 3960 (antequam
2225 3889 2397 3941 venint
2429 3890 2538 3940 dies
2565 3887 2778 3941 Domini
2803 3906 3021 3955 magnus
3047 3900 3092 3942 et
3128 3889 3366 3952 illustris,
3402 3895 3490 3961 qui

1915 3983 2146 4034 restituet
2174 3996 2266 4032 cor
2286 3979 2450 4048 patris
2472 3981 2540 4032 ad
2561 3979 2756 4046 lilium,
2779 3991 2824 4032 et
2852 3997 2944 4034 cor
2965 3982 3190 4033 hominis
3214 3983 3280 4033 ad
3309 3987 3490 4050 proxi-

1915 4089 2058 4126 mum
2093 4089 2265 4135 suum,
2293 4087 2354 4124 ne
2379 4072 2576 4125 veniant
2595 4110 2610 4137 ,
2634 4080 2682 4124 et
2719 4074 3010 4141 percutiam
3037 4084 3236 4128 terram
3259 4077 3485 4144 penitus.

199 4166 365 4231 πρὸς
394 4163 513 4217 τὸν
535 4162 804 4229 πλησίον
835 4161 1042 4225 αὐτοῦ,
1081 4163 1181 4215 ἵνα
1222 4164 1310 4232 μὴ
1345 4165 1518 4229 ἔλθω,
1548 4167 1645 4218 καὶ
1683 4164 1924 4230 πατάξω
1956 4165 2070 4232 τὴν
2095 4164 2213 4235 γῆν
2249 4164 2460 4232 ἄρδην.

271 4261 426 4312 ME'.
494 4256 789 4320 Ἀπόδειξις
871 4258 1206 4327 ἡμερότητος
1289 4261 1382 4313 καὶ
1460 4259 1805 4326 ἀνεξικακίας

1994 4261 2150 4314 XLV.
2197 4261 2587 4327 Argumentum
2639 4260 3068 4314 mansuetudinis
3101 4271 3156 4314 et
3192 4261 3490 4316 tolerantia-

195 4349 374 4414 Θεοῦ,
412 4349 478 4402 τὸ
520 4349 612 4400 καὶ
654 4348 836 4401 Ἠλίαν
869 4350 1004 4418 ἡμῖν
1031 4349 1122 4400 τὸν
1156 4349 1420 4420 Θεσϐίτην
1454 4352 1805 4422 προαναλὰμ-

1918 4350 2034 4415 Dei,
2064 4351 2206 4419 quod
2236 4349 2382 4402 Elias
2413 4347 2700 4402 Thesbites
2734 4361 2948 4415 quoque
2981 4349 3136 4402 nobis
3184 4351 3333 4418 prius
3363 4351 3488 4403 olim

195 4439 304 4508 ψαι
343 4436 504 4490 κατὰ
527 4436 772 4505 καιροὺς,
803 4437 886 4488 ὅτι
913 4438 1183 4507 παρέσται
1207 4438 1390 4491 λοιπὸν
1419 4442 1446 4493 6
1465 4441 1674 4510 κριτὴς,
1698 4445 1808 4504 τοῖς

190 4529 308 4581 ἀνὰ
370 4529 568 4580 πᾶσαν
616 4526 713 4596 τὴν
763 4528 1089 4597 οἰκουμένην
1132 4531 1591 4598 προαγγέλλοντα.
1626 4533 1809 4586 Κατα-

193 4617 458 4687 Εήσεται
495 4614 603 4685 γὰρ
634 4615 825 4686 κριτὴς
855 4618 912 4668 ἐν
938 4620 1004 4687 τῇ
1029 4617 1158 4689 δόξῃ
1183 4619 1275 4670 τοῦ
1300 4620 1432 4672 Θεοῦ
1460 4622 1552 4672 καὶ
1574 4622 1807 4693 Πατρδς,

186 4705 674 4777 δορυφορούντων
720 4707 989 4774 ἀγγέλων,
1046 4727 1064 4758 ι
1103 4708 1214 4760 Καὶ
1255 4709 1524 4763 καθιεῖται
1569 4713 1669 4783 μὲν
1715 4714 1810 4766 ἐπὶ

188 4799 412 4869 Θρὸνου
469 4797 631 4868 δόξης
677 4798 863 4860 αὐτοῦ,
901 4799 1102 4868 κρίνων
1134 4799 1231 4869 τὴν
1269 4800 1590 4871 οἰκουμένην
1633 4803 1689 4854 ὲν
1734 4802 1813 4854 δι-

185 4889 518 4961 καιοσύνῃ,
537 4889 804 4945 ἀποδώσει
830 4891 888 4942 δὲ
917 4891 1133 4955 πάντως
1157 4891 1375 4960 ἑκάστῳ
1399 4891 1540 4944 κατὰ
1563 4893 1621 4944 τὸ
1651 4892 1812 4963 ἔργον

184 4981 399 5034 αὐτοῦ.
451 4998 472 5028 ›
520 4979 738 5050 Ἐπειδὴ
771 4981 826 5032 δὲ
869 4982 927 5033 ἐν
957 4982 1238 5045 πλείσταις
1282 4984 1446 5053 ἐσμὲν
1490 4986 1807 5056 ἁμαρτίαις,

182 5066 546 5138 προδαδίξει
609 5071 895 5140 χρησίμως
939 5071 967 5121 6
1027 5071 1310 5133 θεσπέσιος
1357 5079 1674 5145 προφήτης,
1729 5078 1808 5138 εἰς

181 5157 535 5227 ὁμοψυχίαν
563 5158 712 5225 ἄγων
743 5159 867 5221 τοὺς
893 5159 983 5210 ἐπὶ
1011 5161 1109 5227 τῆς
1141 5161 1265 5226 γῆς,
1289 5161 1374 5214 ἵνα
1410 5163 1472 5230 δὴ
1497 5163 1809 5233 σύμπαντες

179 5251 270 5312 εἰς
311 5249 571 5317 ἑνότητα
592 5249 690 5318 τὴν
726 5249 814 5302 διὰ
846 5250 1079 5313 πίστεως
1115 5254 1460 5322 συνηγμένοι,
1492 5257 1708 5307 καὶτῶν
1732 5258 1810 5320 είς

179 5343 540 5409 φαυλότητα
575 5341 1007 5411 σπουδασμὰτων
1042 5345 1492 5414 ἁποπαυσὰμενοι
1519 5388 1533 5411 ,
1570 5347 1808 5417 πληροῦν

175 5434 424 5486 ἕλοιντο
457 5430 522 5482 τὸ
551 5432 771 5498 ἀγαθὸν,
809 5433 950 5486 οὕτω
980 5451 1038 5486 τε
1070 5436 1290 5488 σωοεῐεν
1317 5441 1811 5506 καταφοιτήσαντος

175 5524 289 5578 τοῦ
337 5523 571 5594 κριτοῦ.
604 5525 816 5588 Φθὰσας
849 5526 946 5594 μὲν
994 5522 1084 5578 οὖν
1115 5529 1143 5579 6
1175 5530 1445 5598 μακάριος
1500 5530 1810 5601 Βαπτιστὴς

1910 4543 2090 4588 turum
2126 4532 2362 4604 judicem
2410 4532 2754 4600 praenuntiet.
2805 4533 3102 4586 Descendet
3141 4533 3284 4585 enim
3323 4532 3487 4600 jndex

1912 4628 1965 4680 in
1990 4625 2157 4692 gloria
2186 4625 2278 4679 Dei
2326 4634 2379 4678 et
2421 4621 2619 4691 Patris,
2659 4625 3043 4679 comitantibus
3101 4624 3330 4694 angelis,
3376 4643 3394 4676 ι
3425 4625 3488 4679 Ει

1912 4716 2122 4772 sedebit
2159 4717 2209 4770 itt
2255 4717 2383 4770 sede
2431 4716 2732 4782 majestatis
2764 4731 2874 4771 suae
2914 4715 2979 4780 ’⁸,
3008 4715 3259 4784 judiCans
3303 4716 3490 4770 orbem
3529 4761 3534 4768 .

1913 4817 2178 4862 terrarum
2231 4807 2280 4860 in
2319 4808 2531 4876 jnstitia
2564 4807 2632 4870 ",
2663 4817 2717 4860 et
2761 4807 2948 4860 reddet
2997 4806 3153 4874 plane
3199 4806 3491 4872 unicuique

1908 4899 2202 4953 secundum
2239 4913 2402 4966 opera
2454 4897 2642 4953 sua”.
2697 4915 2715 4948 ι
2764 4897 3028 4962 Quoniam
3079 4906 3259 4948 autem
3309 4895 3492 4949 multis

1909 4990 2148 5058 peccatis
2193 4988 2438 5043 obstricti
2482 5004 2700 5052 smnus,
2738 4988 2942 5041 utiliter
2979 4984 3231 5053 pra‘cedit
3276 4984 3490 5037 divinus

1914 5080 2192 5150 prepheta,
2238 5080 2485 5134 homines
2525 5093 2620 5148 per
2645 5088 2817 5132 terras
2849 5078 2900 5130 in
2935 5073 3282 5130 concordiam
3333 5076 3486 5127 redu-

1913 5186 2068 5236 cens,
2114 5179 2174 5224 ut
2212 5186 2401 5225 omnes
2440 5171 2494 5224 in
2546 5171 2807 5224 unitatem
2853 5169 2974 5222 lidei
3018 5167 3330 5234 congregati
3374 5176 3428 5220 et
3461 5182 3490 5218 a

1917 5275 2296 5329 perversorum
2365 5276 2588 5329 operum
2657 5261 2850 5313 studiis
2911 5259 3276 5327 quiescentes,
3350 5261 3490 5324 quod

1917 5352 2116 5404 bonum
2150 5361 2253 5413 est,
2276 5351 2489 5405 elIicere
2516 5351 2703 5412 velint,
2736 5360 2896 5418 atque
2927 5352 2995 5400 ita
3033 5348 3282 5401 veniente
3311 5346 3490 5414 judiCe

1919 5441 2214 5496 salventur.
2245 5441 2401 5494 Prius
2421 5441 2581 5507 igitur
2605 5441 2958 5491 venitheatus
2985 5438 3221 5506 Baptista
3254 5435 3491 5490 Joannes

1923 5550 1941 5581 ι
1973 5533 2024 5584 in
2059 5532 2249 5600 spiritu
2281 5541 2334 5584 et
2368 5532 2566 5583 virtute
2595 5529 2726 5583 Elite
2750 5530 2815 5582 ³³.
2849 5549 2867 5580 ι
2903 5530 3006 5584 Sed
3040 5528 3492 5598 quemadmodum

258 5639 386 5709 ”_l
440 5636 573 5690 Cor.
617 5655 650 5697 ι,
695 5639 745 5691 5.
825 5640 878 5709 ’⁸,
910 5640 1008 5693 lsa.
1055 5658 1214 5705 xxxv,
1263 5641 1346 5696 l0.
1428 5643 1631 5698 "ibid.
1689 5643 1737 5709 8,
1772 5645 1822 5698 9.
1903 5645 1948 5675 ’⁸
1991 5644 2175 5699 Matth.
2224 5659 2343 5708 xxv,
2381 5643 2467 5698 5i.
2547 5643 2590 5672 ’θ
2631 5643 2772 5699 Psal.
2819 5660 2894 5708 ιχ,
2938 5644 2986 5697 5.
3069 5643 3112 5673 “
3147 5641 3338 5695 Matth.
3382 5655 3500 5705 avt,

173 5706 294 5770 27;
323 5707 513 5761 Boni.
557 5724 612 5769 ll,
655 5710 706 5761 6.
787 5709 824 5738 ⁹¹
871 5708 994 5762 an.
1029 5728 1063 5772 t,
1107 5715 1185 5763 l7.

474 5800 737 5863 PATROL.
773 5804 883 5864 GR.
931 5807 1157 5864 LXXII.

1919 5787 1970 5802 ..
2428 5793 2531 5800 .,
2989 5805 3056 5866 12

1911 4441 2200 4496 alInlsurus
2227 4450 2327 4507 est,
2371 4441 2460 4509 qui
2501 4439 2754 4494 omnibus
2797 4440 2964 4511 869
2991 4441 3308 4495 mortalibus
3348 4439 3489 4494 affn-
3570 4508 3573 4511 ι
