4026 6276
593 289 702 346 365

595 417 709 487 ipse
757 411 1088 480 praedicabat
1137 427 1150 463 :

595 507 756 560 facile
794 504 1016 559 semitas
1061 503 1150 557 Dei
1192 503 1365 556 nostri
1411 501 1496 568 ⁸¹;
1529 523 1548 555 ι
1583 505 1652 557 ita
1693 517 1744 558 et
1779 506 1992 559 divinus
2026 503 2168 560 Elias

593 599 828 652 vicinum
856 596 969 664 jam
993 605 1117 649 tunc
1144 596 1478 665 przedicabit,
1505 605 1558 650 et
1581 596 1690 664 jam
1717 597 1824 665 jam
1850 597 2164 663 all‘uturnm,

596 709 615 742 ‹
648 700 706 743 ιιι
737 689 942 756 iudicet
979 689 1164 741 orbem
1203 688 1254 741 in
1293 687 1525 755 justitia.
1565 708 1582 741 ι
1636 692 1711 743 Ac
1764 706 1904 744 nunc
1951 692 2165 759 quidem

591 781 823 835 fortasse
866 779 1128 832 dissident
1165 779 1407 848 quidam,
1444 788 1498 832 et
1546 780 1749 834 divisus
1790 791 1871 834 est
1920 791 2072 850 pater
2111 781 2163 834 in

591 872 780 934 ﬁlium,
830 871 970 923 lilius
1011 879 1188 922 autem
1242 869 1294 922 in
1342 879 1545 937 patrem
1579 885 1734 922 suum
1773 870 1837 922 ³³.
1889 868 1987 924 llic
2020 871 2162 925 enim

589 963 817 1020 credidit
862 962 912 1014 in
956 960 1254 1024 Christum,
1283 960 1370 1013 ille
1421 963 1474 1014 in
1516 961 1776 1029 apostolis
1811 972 2160 1028 numeratur;

586 1057 675 1109 alii
703 1054 963 1108 dissident
987 1052 1250 1106 charitate
1281 1062 1491 1115 mutua,
1514 1051 1670 1106 divisi
1705 1064 1924 1122 propter
1954 1055 2158 1120 odium,

584 1156 640 1203 et
668 1156 952 1216 perpetuas
994 1144 1129 1206 iras,
1162 1155 1214 1198 et
1251 1145 1628 1199 contentiones
1658 1160 1819 1214 Super
1842 1160 2161 1215 quocunque

583 1241 770 1292 mundi
806 1237 1036 1303 negotio.
1085 1236 1355 1288 Restituet
1400 1245 1577 1289 autem
1613 1239 1895 1306 propheta,
1939 1248 1991 1292 et
2029 1239 2157 1292 olim

584 1332 957 1398 discrepantes
982 1328 1047 1381 ad
1081 1341 1239 1379 uuam
1271 1327 1428 1380 tidem
1459 1341 1752 1391 revocans,
1802 1345 1820 1378 ι
1857 1339 1909 1381 et
1939 1344 2159 1382 conver-

584 1434 701 1477 tens
749 1419 1016 1475 hominem
1072 1417 1138 1471 ad
1203 1418 1510 1487 proximum
1565 1432 1744 1480 suum,
1800 1431 1866 1469 ne
1921 1419 2154 1482 veniam,

582 1514 772 1584 inquit,
798 1523 852 1566 et
883 1511 1180 1578 percutiam
1215 1518 1414 1562 terram
1442 1509 1679 1576 penitus,
1703 1527 1721 1559 ι
1749 1510 1850 1562 hoc
1879 1519 1982 1571 est,
2009 1511 2153 1563 omni

579 1607 786 1662 ratione
828 1613 880 1657 et
921 1601 1263 1656 omnimodis.
1308 1599 1464 1654 Vides
1509 1601 1671 1670 igitur
1722 1602 1994 1654 lenitatem
2047 1601 2152 1654 Do-

579 1698 706 1750 mini
739 1695 1002 1750 omnium.
1035 1691 1196 1746 Prius
1225 1701 1418 1745 auctor
1452 1700 1534 1744 est
1566 1691 1901 1753 mortalibus.
1947 1699 2000 1744 et
2031 1706 2153 1760 pro-

1576 293 1636 348 S.
1677 291 1946 350 CYRILLI
1986 293 2452 352 ALEXANDRINI
2491 296 2806 352 ARCHIEP.

1203 426 1220 458 ι
1258 407 1453 464 Parate
1503 411 1643 465 viam
1699 409 1935 478 Domini,
1995 423 2134 466 recta

2240 411 2541 483 ,Ἰωάννης
2602 412 2869 484 προῆλθεν
2948 431 2966 465 ι
3011 413 3068 467 ἐν
3119 411 3390 484 πνεύματι
3457 412 3550 466 καὶ
3617 413 3840 485 δυνάμει

3743 301 3841 356 364

2283 505 2481 558 Ἠλίου.
2517 525 2535 556 ι
2597 506 2735 558 Ἀλλ’
2788 506 2973 576 ὥσπερ
3037 507 3198 569 αὐτὸς
3255 505 3572 576 διεκήρυττε
3638 505 3838 576 λέγων·

2275 611 2292 644 ι
2317 594 2672 664 Ἑτοιμάσατε
2699 596 2795 664 τὴν
2825 596 2940 648 ὁδὸν
2981 596 3209 667 Κυρίου,
3238 595 3452 658 εὐθείας
3499 599 3708 649 ποιεῖτε
3746 599 3843 660 τὰς

2267 685 2486 754 τρίϐους
2527 684 2620 738 τοῦ
2671 685 2804 738 Θεοῦ
2856 685 3044 756 ἡμῶν·
3078 705 3097 738 ι
3151 685 3292 738 οὓτω
3331 686 3426 740 καὶ
3477 689 3505 740 6
3555 687 3842 751 θεσπέσιος

2280 777 2463 839 Ἠλίας
2490 778 2655 845 ἐγγὺς
2693 777 2820 829 ὄντα
2845 775 3159 847 διακηρύξει
3187 778 3326 841 τότε,
3363 778 3454 829 καὶ⁵
3478 778 3840 832 ὅσονόὑδέπω

2266 871 2658 939 παρεσόμενον,
2706 887 2723 919 ι
2767 869 2853 920 ἵνα
2884 869 3044 940 κρίνῃ
3071 868 3167 938 τὴν
3189 871 3517 940 οἰκουμένην
3544 870 3602 920 ἐν
3633 870 3837 923 δικαιο-

2266 958 2418 1031 σύνῃ.
2454 978 2471 1010 ι
2518 960 2624 1011 Καὶ
2660 958 2754 1011 νῦν
2799 959 2895 1028 μὲν
2927 958 3056 1021 ἴσως
3093 959 3387 1028 διχονοοῦσί
3411 978 3576 1022 τινες,
3615 961 3712 1014 καὶ
3747 979 3836 1030 με-

2267 1051 2518 1119 μέρισται
2557 1050 2652 1119 μὲν
2693 1049 2873 1119 πατὴρ
2900 1051 3034 1119 πρὸς
3067 1051 3200 1114 υἱόν,
3229 1052 3341 1113 υίὸς
3366 1053 3421 1104 δὲ
3454 1053 3530 1115 ὡς
3565 1053 3705 1122 πρὸς
3737 1070 3835 1106 παι

2261 1143 2413 1212 τέρα.
2447 1142 2502 1194 '0
2527 1141 2624 1211 μὲν
2657 1142 2764 1210 γὰρ
2805 1143 3170 1195 πεπίστευκεν
3196 1145 3274 1204 είς
3301 1144 3556 1212 Χριστὸν,
3577 1147 3606 1197 6
3635 1145 3694 1198 δὲ
3725 1150 3833 1209 τοίς

2259 1232 2574 1294 ἀποστόλοις
2627 1234 2770 1284 ἐστὶν
2812 1233 3154 1303 ἐναρίθμιος,
3202 1235 3379 1303 ἕτεροι
3421 1235 3475 1288 δὲ
3517 1235 3830 1304 διεστήκασι

2257 1323 2354 1392 τῆς
2385 1322 2627 1392 ἀλλήλων
2658 1323 2898 1391 ἀγάπης,
2946 1324 3310 1393 διεσχισμένοι
3339 1325 3472 1395 πρὸς
3506 1325 3709 1395 ἔχθραν
3739 1326 3829 1378 καὶ

2257 1413 2663 1483 ἁκαταλήκτους
2711 1413 2878 1483 ὀργάς
2932 1415 3024 1466 καὶ
3087 1416 3185 1475 τὰς
3239 1415 3324 1482 ἐφ’
3369 1413 3573 1484 ὁτῳοῦν
3619 1415 3730 1468 τῶν
3773 1416 3828 1467 ἐν

2257 1502 2446 1571 κόσμῳ
2489 1503 2828 1572 πραγμάτων
2863 1500 3210 1571 φιλονεικίας.
3253 1505 3726 1575 Ἀποκαταστήσει
3766 1523 3826 1573 γε

2259 1597 2363 1666 μὴν
2386 1598 2413 1648 6
2433 1595 2718 1664 προφήτης
2738 1636 2752 1660 ,
2780 1595 2873 1646 καὶ
2905 1596 2982 1656 εἰς
3018 1595 3146 1664 μίαν
3170 1597 3420 1663 συνάγων
3453 1596 3637 1649 πίστιν
3663 1598 3828 1650 πάλαι

2254 1687 2638 1756 διῃρημένους,
2675 1706 2692 1736 ι
2733 1688 2819 1738 καὶ
2854 1685 3223 1748 ἀποκαθιστὰς
3256 1687 3543 1756 ἄνθρωπον
3571 1686 3710 1757 πρὸς
3740 1687 3825 1740 τὸν

576 1789 860 1857 pemodum
907 1793 1240 1854 protestatur
1282 1797 1376 1852 per
1403 1796 1593 1834 vocem
1641 1782 1788 1845 Eliae,
1817 1797 1874 1836 se
1911 1781 2127 1852 judiceu

2251 1779 2480 1848 πλησίον
2511 1777 2693 1840 αὑτοῦ,
2729 1779 2815 1830 ἵνα
2849 1778 2923 1848 μὴ
2954 1777 3110 1840 ἔλθω,
3145 1780 3299 1848 φησὶ,
3333 1780 3428 1853 καὶ
3467 1779 3695 1842 πατάξω
3730 1781 3826 1849 τὴν

573 1888 885 1938 venturum,
925 1883 980 1927 ut
1020 1871 1266 1927 conversi
1313 1872 1379 1923 ad
1419 1871 1638 1924 meliora
1677 1880 1733 1924 et
1780 1873 1942 1924 vitam
1994 1888 2144 1925 suam

572 1968 922 2022 emendantes
953 1965 1043 2034 qui
1071 1974 1198 2017 tunc
1229 1961 1463 2015 vixerint
1509 1964 1560 2016 in
1597 1963 1776 2026 terris,
1826 1964 1880 2016 in
1917 1965 2143 2034 rigidum

568 2061 800 2130 iudicem
855 2073 923 2112 ne
968 2057 1232 2120 incidant,
1285 2069 1314 2108 a
1368 2071 1472 2122 quo
1521 2056 1571 2106 in
1629 2052 1873 2110 ﬁnitimas
1922 2073 1940 2106 ι
1985 2067 2039 2110 et
2090 2057 2140 2111 in

573 2153 824 2208 tenebras
858 2148 1158 2203 exteriores
1194 2146 1476 2199 mittantur
1501 2143 1579 2210 “;
1616 2164 1633 2196 ι
1693 2148 1913 2201 audiant
1962 2157 2139 2202 autem

567 2243 749 2312 potius
787 2257 799 2292 :
842 2256 860 2289 ι
905 2237 1130 2299 Venite,
1177 2235 1448 2289 benedicti
1492 2235 1667 2288 Patris
1710 2235 1847 2300 mei,
1888 2237 2148 2305 percipitc

571 2344 815 2402 paratum
850 2328 1000 2382 vobis
1031 2341 1252 2394 regnum
1286 2341 1313 2377 a
1345 2325 1728 2380 constitutione
1764 2327 1948 2378 mundi
1983 2326 2049 2382 ".
2087 2345 2104 2376 ι

2252 1873 2357 1939 γῆν
2396 1870 2593 1940 ἄρδην,
2632 1889 2650 1920 ι
2709 1870 2989 1921 τουτέστιν
3026 1869 3334 1939 όλοτρόπως
3385 1870 3480 1922 καὶ
3520 1869 3822 1932 παντελῶς.

2263 1961 2423 2033 Ὁρᾷς
2447 1959 2539 2014 οὖν
2571 1961 2676 2029 ἄρα
2702 1961 2800 2030 τὴν
2827 1961 3142 2031 ἡμερότητα
3164 1962 3256 2014 τοῦ
3281 1963 3499 2015 πάντων
3530 1962 3821 2014 Δεσπότου.

2249 2053 2650 2125 Προαναπείθει
2678 2054 2802 2115 τοὺς
2835 2053 2928 2105 ἐπὶ
2955 2054 3052 2122 τῆς
3093 2055 3217 2124 γῆς,
3251 2055 3344 2107 καὶ
3391 2056 3680 2124 μονονουχὶ
3710 2055 3823 2107 δια-

2255 2146 2586 2216 μαρτύρεται
2633 2144 2720 2198 διὰ
2769 2147 2868 2216 τῆς
2927 2145 3107 2198 Ἡλίου
3153 2146 3373 2216 φωνῆς,
3421 2148 3501 2200 ὃτι
3558 2145 3822 2215 παρέσται

2246 2237 2458 2306 κριτὴς,
2508 2237 2596 2289 ἵνα
2645 2239 2764 2298 ταῖς
2816 2239 2897 2300 είς
2943 2237 3004 2290 τὸ
3048 2238 3270 2308 ἄμεινον
3314 2237 3685 2308 μεταδρομαῖς
3737 2235 3823 2289 τδν

2246 2329 2442 2380 οἰκεῖον
2493 2327 2920 2396 ἐπανορθοῦντες
2957 2328 3072 2398 βίον
3115 2330 3164 2381 οἱ
3206 2328 3266 2381 τὸ
3313 2328 3571 2398 τηνικάδε
3623 2326 3822 2390 ζῶντες

568 2426 661 2478 tu),
695 2421 793 2492 τῆς
832 2421 933 2491 γῆς
955 2459 969 2485 ,
1009 2417 1084 2489 μὴ
1146 2417 1329 2488 πικρῷ
1398 2416 1739 2487 περιτύχοιεν
1787 2418 2048 2489 δικαστῇ,
2100 2419 2373 2489 πέμποντι
2432 2420 2565 2491 πρὸς
2588 2419 2778 2488 φλόγα,
2808 2439 2826 2470 ι
2885 2421 2978 2472 καί
3007 2421 3085 2483 εἰς
3110 2419 3171 2471 τὸ
3201 2419 3391 2480 σκότος
3415 2419 3474 2470 τὸ
3496 2418 3814 2486 ἐξώτερον.ι

579 2515 890 2571 ’Λκουσειαν
923 2512 979 2565 δὲ
1021 2511 1220 2581 μᾶλλον
1241 2527 1252 2538 ·
1294 2529 1312 2560 ι
1342 2509 1525 2572 Δεῦτε,
1559 2513 1604 2564 οἱ
1651 2511 2002 2581 εὐλογημένοι
2032 2511 2125 2564 τοῦ
2199 2514 2412 2584 Πατρός
2446 2531 2567 2583 μου,
2640 2512 3082 2582 κληρονομήσατε
3109 2513 3206 2582 τὴν
3243 2510 3662 2582 ἡτοιμασμένην
3693 2510 3818 2578 ὑμῖν

570 2607 841 2680 βασιλείαν
875 2604 982 2657 ἀπὸ
1005 2602 1310 2672 καταϐολῆς
1341 2601 1566 2670 κόσμου.
1611 2621 1627 2652 ι

635 2697 801 2752 Vens.
859 2697 914 2750 4.
958 2694 1276 2749 Mementote
1323 2694 1451 2762 legis
1490 2691 1627 2746 Mosi
1666 2695 1799 2746 servi
1846 2696 1965 2759 mei,
2001 2695 2136 2749 sicut

565 2791 784 2858 praecepi
828 2789 874 2842 ei
911 2789 962 2840 in
1015 2784 1192 2839 Iloreb
1235 2786 1302 2838 ad
1363 2801 1552 2840 manem
1600 2783 1770 2839 Israel
1801 2799 2056 2856 prwcepta
2084 2795 2139 2838 et

555 2879 784 2952 judicia.

633 2966 817 3024 XLVI.
857 2964 1091 3020 Rursum
1121 2965 1312 3018 suadet
1345 2965 1619 3034 prophetae
1646 2979 1926 3020 sermones
1955 2965 2137 3035 legen-

564 3061 706 3114 tibus
730 3060 802 3112 uti
830 3057 1086 3126 cogitent,
1113 3072 1216 3109 non
1246 3072 1435 3110 novam
1463 3065 1554 3108 aut
1576 3055 1944 3110 inconsuetam
1976 3072 2136 3126 super

560 3150 778 3202 Christo
822 3147 1262 3217 praedicationem
1307 3160 1427 3199 esse
1469 3144 1688 3208 factam,
1725 3162 1898 3215 neque
1942 3163 1970 3200 a
2021 3149 2136 3202 solo

561 3237 818 3292 Malachia
859 3238 1270 3304 praenuntiatam
1295 3273 1310 3299 ,
1359 3236 1452 3288 sed
1485 3237 1550 3289 ab
1582 3236 1816 3304 antiquis
1853 3247 1908 3288 et
1946 3237 2134 3304 primis

561 3327 911 3394 temporibus,
939 3334 996 3377 ut
1040 3327 1113 3379 ita
1150 3326 1344 3391 dicam,
1391 3325 1584 3394 quibus
1624 3328 1689 3380 ad
1741 3327 1831 3381 Dei
1885 3329 2131 3382 notitiam

561 3417 722 3472 Israel
762 3427 984 3468 vocatus
1025 3424 1127 3477 est,
1166 3417 1378 3484 quando
1419 3418 1561 3482 leges
1608 3417 1660 3469 in
1702 3418 1844 3470 Oreb
1873 3419 2132 3474 divinitus

558 3508 725 3580 870
745 3510 866 3560 latae
886 3517 1030 3560 sunt.
1057 3507 1346 3559 Descendit
1366 3507 1506 3559 enim
1528 3509 1898 3561 universorum
1919 3509 2059 3563 Deus
2077 3513 2128 3563 in

559 3602 737 3672 specie
761 3598 900 3670 ignis
927 3613 1092 3668 super
1116 3609 1353 3651 montem
1377 3597 1529 3663 Sina,
1549 3601 1901 3668 apparuitque
1929 3599 2127 3664 l'unms,

553 3703 611 3748 et
661 3693 893 3745 ﬂanunae
941 3691 992 3744 in
1043 3689 1257 3743 sublimi
1310 3690 1594 3752 micames,
1645 3700 1698 3744 et
1745 3691 2129 3759 aspicientibus

558 3783 782 3836 multum
818 3792 1078 3838 terrorem
1107 3781 1446 3834 incutientes.
1470 3781 1634 3835 Erant
1651 3783 1780 3836 item
1802 3785 2053 3847 tenebrae,
2075 3797 2129 3838 et

557 3873 752 3941 caligo,
782 3881 835 3924 et
863 3871 1120 3938 procella,
1153 3881 1204 3924 et
1230 3871 1436 3923 sonitus
1463 3873 1602 3924 tuba:
1628 3873 1814 3940 ingens
1835 3872 1922 3925 δ”.
1951 3871 2124 3938 Tunc,

558 3975 686 4018 tunc
722 3962 954 4030 perculsi
995 3962 1187 4015 timore
1222 3962 1316 4015 lilii
1370 3961 1558 4024 Israel,
1602 3963 1931 4017 accedebant
1984 3966 2127 4019 dice-

552 4051 792 4120 bantque
851 4050 1130 4105 mediatori
1176 4061 1229 4105 et
1275 4052 1592 4115 institutori,
1636 4051 1772 4106 Mosi
1816 4055 2062 4110 videlicet
2108 4074 2120 4110 :

555 4162 576 4196 ι
609 4140 877 4212 Loquere,
898 4151 972 4207 tu,
1001 4143 1249 4206 nobis,et
1267 4159 1370 4196 non
1390 4143 1642 4212 loquatur
1657 4143 1812 4198 nobis
1842 4145 2118 4212 Dominus,

2313 2689 2638 2755 Μνήσθητε
2660 2688 2846 2754 νόμου
2874 2685 3061 2752 Μωσῆ
3105 2683 3210 2738 τοῦ
3242 2683 3465 2738 δούλου
3493 2702 3637 2754 μου,
3681 2691 3820 2742 καθ-

2242 2782 2329 2833 ότι
2357 2779 2744 2848 ἐνετειλάμην
2769 2777 2928 2844 αὑτῷ
2956 2778 3024 2829 ἐν
3071 2778 3281 2844 Χωρὴϐ
3313 2777 3465 2844 πρὸς
3489 2778 3694 2832 πάντα
3715 2779 3821 2834 τὸν

2165 2855 2206 2912 C
2252 2873 2488 2937 Ἰσραὴλ
2520 2871 2943 2939 προστάγματα
2971 2869 3067 2921 καὶ
3089 2867 3470 2936 δικαιώματα.

2309 2961 2458 3028 MCT.
2499 2962 2803 3014 Ἀναπείθει
2835 2962 2994 3014 πάλιν
3023 2964 3222 3013 ἐννοεῖν
3245 2961 3373 3022 τοὺς
3399 2961 3818 3032 ἐντευξομένους

2236 3058 2347 3118 τοῖς
2387 3054 2479 3106 τοῦ
2521 3055 2798 3123 προφήτου
2840 3053 3016 3120 λόγοις
3045 3054 3125 3105 ὅτι
3156 3053 3228 3122 μὴ
3261 3053 3447 3106 καινὸν
3481 3053 3514 3122 ἦ
3548 3053 3817 3124 ἀσύνηθες

2235 3147 2296 3198 τὸ
2338 3146 2429 3198 ἐπὶ
2483 3145 2702 3215 Χριστῷ
2735 3147 2924 3213 γέγονε
2973 3147 3255 3216 κήρυγμα,
3291 3150 3425 3217 μήτε
3478 3150 3588 3218 μὴν
3627 3150 3814 3217 μόναις

2235 3240 2354 3299 ταῖς
2385 3237 2666 3307 Μαλαχίου
2710 3239 2913 3304 φωναῖς
2948 3239 3472 3308 προαπηγγελμένον
3493 3256 3507 3270 ’
3537 3240 3679 3294 ἀλλά
3708 3240 3814 3312 γὰρ

2233 3327 2440 3381 ἄνωθέν
2471 3345 2528 3379 τε
2561 3329 2653 3380 καὶ
2688 3329 2748 3391 ἐξ
2773 3329 2979 3398 ἀρχῆς.
3009 3331 3098 3380 καὶ
3138 3332 3200 3382 ἐκ
3232 3331 3482 3400 πρώτων,
3523 3332 3614 3384 ἵνα
3641 3333 3810 3396 οὓτως

2233 3421 2499 3488 εἴπωμεν,
2520 3419 2745 3489 χρόνων,
2765 3420 2886 3471 καθ’
2907 3419 2999 3482 οὓς
3025 3419 3282 3490 κέκληται
3313 3423 3447 3491 πρὶς
3477 3422 3809 3490 θεογνωσίαν

2231 3513 2258 3564 6
2294 3511 2525 3582 Ἰσραὴλ,
2555 3511 2642 3563 ὅτε
2671 3511 2792 3573 τοὺς
2823 3513 2879 3562 ἐν
2901 3511 3102 3581 Χωρὴὸ
3134 3513 3569 3582 κεχρησμῴδηκε
3592 3516 3805 3584 νόμους.

2231 3603 2591 3671 Καταὸέὸηκε
2629 3604 2727 3672 μὲν
2749 3603 2855 3673 γὰρ
2879 3606 2906 3657 6
2933 3605 3040 3656 τῶν
3070 3604 3204 3657 ὅλων
3239 3605 3368 3668 Θεὸς
3397 3608 3454 3658 ἐν
3480 3607 3617 3660 εῖδει
3644 3609 3806 3679 πυρὸς

2229 3695 2319 3747 ἐπὶ
2349 3695 2408 3746 τὸ
2441 3694 2565 3763 ὄρος
2606 3695 2667 3746 τὸ
2713 3696 2864 3755 Σινᾶ,
2911 3695 3192 3763 ἐφαίνοντο
3219 3696 3275 3748 δὲ
3327 3700 3524 3750 καπνοὶ
3559 3700 3684 3769 μὲν,
3717 3700 3802 3753 καὶ

2230 3787 2426 3854 φλόγες
2453 3785 2587 3854 ὑψοῦ
2615 3802 2675 3838 τε
2709 3786 3042 3846 διάττουσαι,
3073 3788 3168 3839 καὶ
3200 3787 3332 3841 πολὺ
3362 3791 3473 3864 τοῖς
3508 3787 3801 3861 θεωμένοις

2228 3877 2549 3945 ἐμποιοῦσαι
2582 3877 2642 3929 τὸ
2675 3878 2855 3946 δείμα.
2893 3878 3088 3941 Σκότος
3129 3879 3186 3930 δέ
3209 3875 3295 3949 ἦν,
3323 3881 3417 3933 καὶ
3451 3883 3677 3952 γνόφος,
3708 3885 3798 3939 καὶ

2227 3969 2444 4032 θύελλα,
2488 3971 2583 4024 καὶ
2633 3973 2783 4042 φωνὴ
2834 3971 2932 4039 τῆς
2975 3972 3296 4040 σάλπιγγος,
3340 3974 3588 4047 ὴχούσης
3639 3977 3790 4045 μέγα.

2225 4063 2358 4114 Τότε
2415 4062 2516 4131 δὴ,
2581 4063 2701 4114 τότε
2751 4063 3036 4131 περίφοϐοι
3093 4066 3374 4132 γεγονότες
3417 4069 3523 4119 υίοὶ
3591 4069 3796 4139 Ἰσραὴλ

2227 4153 2538 4224 προσῄεσαν
2571 4153 2817 4222 λέγοντες
2845 4172 2922 4224 τῳ
2949 4157 3143 4228 μεσίτῃ
3177 4158 3268 4208 καὶ
3297 4157 3637 4228 παιδαγωγῷ
3653 4161 3793 4226 (Μω-

550 4248 617 4289 ne
659 4232 953 4286 moriamur
994 4231 1059 4284 “.
1094 4250 1112 4283 ι
1163 4231 1245 4286 Ad
1277 4247 1395 4302 qua:
1446 4233 1628 4287 Deus:
1665 4251 1683 4284 ι
1712 4233 1875 4300 Bene,
1925 4238 2118 4306 inquit,

2240 4212 2327 4314 ςής
2367 4212 2522 4308 eia-ro;
2554 4212 2680 4316 iw)"
2721 4267 2738 4296 ι
2767 4212 3043 4300 Ᾰάλειυσὺ
3078 4212 3211 4318 πρὸς
3245 4251 3424 4318 ἡμᾶς,
3459 4212 3670 4323 καὶ.
3707 4252 3793 4304 λα·

548 4326 726 4380 omnia
767 4338 1101 4393 quaecunque
1147 4324 1312 4378 locuti
1355 4332 1499 4378 sunt.
1543 4323 1805 4380 Excitabo
1845 4327 1953 4382 illis
1998 4344 2123 4396 pro-

550 4416 768 4484 phetam
793 4415 860 4468 de
890 4413 1147 4468 fratribus
1175 4415 1437 4482 ipsorum,
1470 4417 1609 4471 sicut
1644 4428 1714 4481 te,
1751 4428 1807 4472 et
1831 4419 1970 4473 dabo
1997 4436 2120 4474 ver-

550 4507 677 4557 bum
717 4518 893 4557 meum
928 4505 987 4556 in
1029 4519 1123 4558 ore
1149 4503 1286 4571 ejus,
1333 4516 1387 4558 et
1433 4506 1679 4574 loquetur
1706 4509 1786 4562 eis
1825 4513 2119 4565 secundum

547 4597 727 4646 omnia
763 4608 879 4660 quae
912 4598 1236 4648 mandavero
1274 4596 1323 4648 ei
1355 4595 1421 4648 ³⁷.
1463 4613 1481 4646 ›
1515 4595 1673 4651 Vides
1701 4605 1972 4666 quomodo
2001 4603 2112 4670 jam

545 4703 574 4736 a
599 4684 982 4738 vetustissimis
1006 4685 1341 4754 temporibus
1363 4684 1636 4740 Christum
1660 4702 1812 4742 sacra
1835 4689 2114 4760 Scriptura

543 4776 963 4846 przenui‘itiavit‘l
993 4777 1096 4831 Sed
1147 4787 1201 4832 et
1245 4779 1290 4834 si
1349 4779 1470 4848 quis
1517 4780 1738 4835 umbras
1785 4783 1928 4852 ipsa:
1978 4785 2112 4855 legis

541 4869 854 4924 examinare
885 4870 1133 4936 voluerit,
1183 4869 1458 4925 Christum
1501 4871 1555 4923 in
1603 4870 1669 4926 iis
1701 4883 1754 4927 et
1800 4876 2110 4944 mysterium

539 4961 653 5027 ejus
698 4961 956 5028 scriptum
989 4961 1376 5031 deprehendet.
1421 4962 1604 5032 Itaque
1629 4964 1840 5020 dicebat
1867 4965 2064 5020 Juda3is
2092 4985 2106 5019 ι

545 5071 560 5102 ι
599 5050 655 5105 Si
698 5053 994 5107 crederetis
1041 5053 1195 5118 Mosi,
1245 5058 1538 5111 crederetis
1579 5058 1801 5110 forsitan
1835 5067 1888 5111 et
1919 5059 2050 5111 mihi
2091 5076 2105 5110 :

537 5143 604 5194 de
633 5158 718 5196 me
752 5143 897 5197 enim
927 5144 1014 5198 ille
1037 5145 1255 5214 scripsit
1284 5147 1345 5198 ".
1380 5165 1397 5199 ι
1429 5147 1707 5203 Plenitudo
1731 5149 1872 5203 enim
1901 5149 2033 5218 legis
2055 5159 2110 5204 et

539 5236 922 5302 praphetarum
967 5236 1235 5301 Christus,
1268 5253 1366 5308 per
1409 5255 1590 5308 quem,
1630 5249 1684 5294 et
1711 5255 1830 5294 cum
1862 5256 1970 5309 quo
2002 5241 2110 5296 Deo

537 5333 592 5377 ct
625 5325 770 5380 Patri
800 5329 988 5396 gloria,
1026 5345 1146 5382 cum
1182 5331 1526 5385 sanctissimo
1564 5331 1765 5401 Spiritu
1799 5333 1852 5386 in
1895 5348 2108 5386 onmem

537 5419 912 5472 mternitatetn.
952 5421 1143 5475 Amen.

2223 4337 2384 4389 λείτω
2415 4337 2548 4407 πρὸς
2587 4339 2730 4406 ἡμᾶς
2755 4339 2782 4389 6
2811 4338 2962 4403 Θεὸς,
2989 4340 3076 4391 ἴνα
3110 4341 3184 4410 μὴ
3220 4341 3606 4411 ἀποθάνωμεν.
3640 4361 3661 4393 ι
3692 4343 3792 4395 Καὶ

2223 4427 2288 4496 δὴ
2323 4429 2458 4499 πρὸς
2499 4427 2671 4480 ταῦτα
2704 4430 2870 4492 Θεόςο
2919 4448 2937 4479 ι
2981 4430 3206 4500 Ὀρθῶς,
3253 4434 3424 4502 φησὶ,
3473 4433 3653 4487 πάντα
3698 4435 3788 4485 ὅσα

2226 4519 2514 4588 ἐλάλησαν.
2547 4520 2838 4590 Προφήτην
2873 4519 3055 4582 αὐτοῖς
3084 4522 3376 4592 ἀναστήσω
3409 4526 3473 4576 ἐκ
3502 4525 3614 4577 τῶν
3642 4523 3785 4577 ἀδελ-

2225 4610 2340 4679 φῶν
2366 4609 2542 4664 αὐτῶν
2573 4610 2718 4662 ὥσπε
2729 4627 2760 4680 ρ
2795 4611 2877 4670 σὲ,
2909 4613 3005 4664 καὶ
3039 4611 3190 4682 θήσω
3218 4615 3344 4676 τοὺς
3366 4614 3562 4683 λόγους
3589 4633 3684 4686 μου
3709 4616 3786 4673 εἰς

2224 4701 2282 4753 τὸ
2319 4701 2492 4770 στόμα
2518 4701 2702 4765 αὑτοῦ,
2740 4701 2834 4753 καὶ
2863 4702 3082 4771 λαλήσει
3103 4703 3285 4766 αὐτοῖς
3307 4705 3450 4757 κατὰ
3488 4707 3662 4760 πάντα
3687 4705 3784 4757 ὅσα

2222 4793 2524 4862 ἐντέλωμαι
2583 4792 2752 4862 αὐτῷ.
2791 4811 2809 4843 ι
2874 4793 3037 4864 Ὁρᾷς
3084 4797 3232 4858 ὃπως
3280 4796 3343 4846 ἐκ
3407 4798 3634 4868 μακρῶν
3677 4794 3784 4848 τῶν

2219 4881 2424 4936 ἄνωθεν
2463 4883 2670 4951 χρόνων
2703 4884 3076 4953 προανεφώνει
3103 4885 3336 4955 Χριστὸν
3364 4889 3426 4939 τὸ
3465 4888 3690 4958 Γράμμα
3713 4885 3784 4938 τὸ

2220 4973 2396 5042 ἱερόν;
2438 4972 2598 5024 Ἀλλὰ
2629 4974 2721 5026 καὶ
2766 4973 2936 5036 αὑτὰς
2982 4975 3031 5026 ει
3073 4975 3136 5041 δὴ
3171 4975 3411 5044 βούλοιτό
3443 4995 3530 5040 τις
3562 4979 3654 5038 τὰς
3682 4971 3780 5026 τοῦ

2216 5065 2382 5134 νόμου
2410 5064 2722 5134 βασανίζειν
2740 5066 3162 5135 σκιάς,Χριστδν
3177 5067 3397 5136 εὑρήσει
3422 5068 3778 5139 γραφόμενον,

2217 5155 2311 5206 καὶ
2345 5156 2406 5206 τὸ
2435 5157 2521 5207 ἐπ’
2553 5154 2700 5224 αὺτῷ
2737 5158 3053 5226 μυστήριον.
3086 5158 3194 5208 Καὶ
3227 5157 3356 5223 γοῦν
3384 5159 3614 5227 ἔφασκεν
3647 5156 3782 5206 Ἴου,

2215 5244 2381 5306 δαίοις
2403 5259 2415 5272 ⁸
2470 5265 2487 5294 ε
2531 5245 2592 5296 El
2626 5248 2936 5298 ἐπιστεύετε
2983 5249 3153 5317 Μωσῇ
3181 5287 3194 5310 ,
3245 5249 3556 5300 ἐπιστεύετε
3591 5247 3649 5298 ἂν
3675 5243 3781 5296 καὶ

2217 5333 2357 5402 ἐμοί’
2393 5337 2519 5404 περὶ
2548 5334 2680 5402 ἐμοῦ
2703 5335 2811 5405 γὰρ
2835 5338 3038 5398 ἐκεῖνος
3066 5337 3292 5408 ἔγραψε.
3318 5356 3336 5388 ι
3372 5339 3636 5408 Πλήρωμα
3659 5334 3781 5402 γὰρ

2217 5425 2381 5494 νόμου
2410 5427 2502 5477 καὶ
2534 5428 2828 5494 προφητῶν
2856 5431 2884 5479 6
2910 5429 3144 5496 Χριστός
3173 5445 3186 5459 ο
3232 5428 3300 5480 δι’
3328 5425 3410 5493 οἵ),
3449 5429 3535 5481 καὶ
3565 5424 3670 5496 μεθ’
3708 5417 3778 5476 οὗ

536 5506 613 5574 τῷ
640 5507 756 5577 Θεῷ
801 5512 894 5562 καὶ
927 5514 1099 5585 Πατρ“ι
1125 5517 1158 5584 ή
1187 5516 1310 5579 δόξα
1332 5558 1346 5582 ,
1382 5519 1476 5570 σὺν
1509 5517 1584 5587 τῷ
1629 5519 1881 5588 παναγίῳ
1923 5518 2201 5588 Πνεῦματι
2231 5521 2308 5580 είς
2334 5521 2455 5582 τοὺς
2489 5520 2710 5582 αἰῶνας.
2757 5522 2944 5592 Ἀμήν.

609 5624 653 5653 ⁸³
693 5624 795 5680 lsa.
835 5643 925 5690 XL,
965 5629 1039 5694 '5;
1085 5631 1264 5682 Matth.
1307 5647 1395 5696 ιιι,
1440 5634 1523 5686 l3.
1602 5635 1646 5666 ³³
1687 5635 1873 5693 Matth.
1916 5652 1967 5696 κ,
2011 5635 2100 5688 55.

535 5707 648 5766 xu,
695 5696 777 5748 l8.
844 5712 996 5766 seqq.
1075 5699 1120 5730 ³⁸
1161 5694 1331 5755 Exod.
1381 5694 1468 5766 ix,
1515 5703 1598 5756 19.
1645 5705 1684 5734 ³⁷
1731 5705 1883 5758 Deut.
1919 5694 2074 5772 avni,
2123 5707 2207 5767 l7,
2246 5706 2329 5759 18.

2208 5636 2252 5666 ³⁵
2292 5635 2474 5689 Matth.
2528 5651 2663 5699 xm,
2720 5638 2772 5691 5.

2852 5639 2895 5669 ³⁸
2937 5638 3122 5694 Matth.
3204 5639 3425 5706 xxv,54.
3499 5636 3559 5668 "‘
3595 5631 3776 5687 Exod.

2444 5707 2488 5736 ³⁸
2528 5705 2677 5759 Joan.
2719 5723 2767 5772 ν,
2810 5708 2897 5763 ἐὸ.
