4026 6276
212 320 306 373 555

1362 323 1715 384 COMMENT.
1760 327 1823 381 ΙΝ
1863 323 2296 381 ΜᾹΪΤΠᾹΞΕΜ.

459 681 1381 839 SUPPLEMENTUM
1470 681 1629 832 AD
1711 679 1804 832 ιι]

1876 680 2344 835 [ΤΙθΝΕΜ
2418 681 2519 832 J.
2637 679 3182 834 AUBER’I‘I.

1042 1128 1721 1325 SANCTI
1835 1126 2604 1284 CYBILLI

750 1407 1904 1505 COMMENTARIORUM
2003 1408 2125 1497 ΙΝ
2203 1404 2914 1497 MATTHIEUM

1461 1620 1647 1696 QUIE
1703 1620 2152 1682 SUPERSUNT

219 1817 285 1867 Ea:
305 1811 534 1867 Corderii
559 1817 604 1863 et
647 1808 832 1862 Ροεήηὶ
857 1807 1037 1860 catenis
1066 1810 1308 1870 excerpta,
1333 1802 1616 1874 intermisit:
1647 1799 2072 1916 [nymentis'quaz
2098 1800 2333 1870 recentius
2371 1813 2434 1852 ex
2465 1800 2628 1852 codice
2670 1798 2964 1852 Coisliniano
2990 1805 3040 1852 δ’.
3073 1807 3131 1852 Δ.
3165 1805 3449 1872 σναιηεναρ,

1272 1873 1318 1916 et
1341 1879 1404 1916 ea:
1434 1868 1683 1915 Vaticanis
1745 1877 1824 1916 na.
1853 1866 2009 1914 Maius
2029 1863 2315 1916 ediderunt.

1272 1873 1318 1918 et
1341 1879 1404 1917 ea:
1434 1867 1683 1915 Vaticanis

1745 1877 1824 1930 ng.
1853 1863 2009 1914 Maius
2029 1863 2315 1918 ediderunt.

279 2190 356 2261 (Ι)
390 2185 724 2257 Εὖαγγέλιρν
753 2190 869 2241 ἐστι
914 2182 1071 2256 λόγος
1102 2188 1372 2257 περιέχων
1417 2187 1638 2256 ἀγαθῶν
1686 2187 1777 2256 ἀγ-

1952 2184 1995 2252 ]
2031 2179 2377 2251 Evangelium
2421 2187 2505 2234 est
2542 2193 2724 2235 sermo
2755 2183 3040 2236 continens
3075 2183 3440 2237 annuntiatio-

211 2284 395 2352 γελίαν
446 2282 787 2352 πραγμάτων
840 2281 981 2333 κατά
1035 2279 1096 2331 τὸ
1152 2279 1370 2347 εὔλογον
1413 2281 1507 2333 καὶ
1565 2280 1652 2332 διὰ
1715 2280 1777 2332 τὸ

209 2373 438 2442 ὠφελεῖν
466 2371 773 2442 εὐφραίνων
820 2371 908 2424 τὸν
954 2369 1241 2433 ἀκούοντα,
1279 2371 1372 2424 ἐὰν
1404 2367 1802 2441 παραδέξηται

210 2462 265 2513 τὸ
316 2461 800 2528 ἀπαγγελλομένον
843 2459 928 2529 ’ἢ
1002 2459 1156 2526 λόγος
1221 2458 1491 2529 περιέχων
1557 2459 1776 2527 ἀγαθῶν

208 2553 536 2625 παρουσίαν,
568 2553 598 2622 ἢ
633 2552 788 2619 λόγος
815 2551 1171 2622 ἀπαγγέλλων
1199 2550 1666 2622 προσδοκώμενον.

287 2665 495 2730 Ἰησοῦ
529 2665 808 2733 Χριστοῦ.

273 2779 589 2845 Κιφίλλυυ
665 2775 1117 2844 Ἀλεξανδρέως.
1173 2777 1300 2831 Ἰαὼ
1347 2778 1446 2848 τὴν
1500 2780 1776 2849 σωτηρίαν

219 2858 461 2940 ἐϐραίοι
501 2869 706 2936 ἔλεγον.
748 2869 1003 2935 Χριστοῦ
1044 2869 1101 2921 δὲ
1140 2865 1258 2921 εἷπε
1293 2869 1382 2922 διὰ
1419 2870 1478 2922 τὸ
1514 2873 1638 2934 τοὺς
1670 2889 1777 2924 πα-

210 2958 390 3023 λαιοὺς
425 2959 666 3029 βασιλεῖς
696 2977 752 3011 τε
793 2961 884 3012 καὶ
920 2962 1084 3028 ἱερεῖς
1116 2959 1194 3029 τῷ
1223 2959 1384 3030 ἐλαίῳ
1410 2959 1657 3030 χρίεσθαι
1687 2961 1775 3014 διὰ

209 3053 299 3102 τοῦ
338 3054 606 3119 κέρατος·
643 3054 670 3104 ὁ
709 3050 766 3102 δὲ
803 3051 1068 3122 ἡμέτερος
1110 3050 1314 3118 Ἰησοῦς
1346 3051 1576 3120 Χριστὸς
1601 3051 1660 3103 οὐ
1689 3051 1777 3104 διὰ

207 3145 268 3194 τὸ
297 3142 374 3210 τῷ
413 3142 607 3213 κέρατι
639 3140 925 3211 χρισῢῆναι
965 3158 1070 3210 προ
1106 3140 1184 3212 [σ]
1227 3141 1498 3210 ηγορεύθη
1520 3141 1774 3211 Χριστὸς,

201 3234 337 3286 ἀλλά
381 3235 474 3288 διὰ
525 3235 585 3287 τὸ
656 3233 730 3303 τῷ
763 3233 890 3303 οείῳ
923 3233 1233 3302 Πνεύματι·
1277 3233 1488 3299 ἀληθῶς
1523 3234 1633 3303 γάρ
1683 3235 1776 3287 καὶ

199 3326 412 3396 κυρίως
445 3325 604 3387 αὐτὸς
631 3322 741 3394 εἶχε
765 3327 824 3376 τὸ
853 3323 1077 3393 Πνεῦμα
1105 3325 1162 3376 τὸ
1187 3323 1358 3391 ἅγιον.

280 3437 432 3490 Υἱοῦ
475 3436 651 3490 Δαϐίδ
682 3435 815 3489 υἱοῦ
856 3435 1122 3504 Ἁϐραάμ.

1876 2292 1998 2331 nem
2044 2291 2220 2330 rerum
2243 2275 2396 2344 juxta
2426 2272 2774 2342 Evangelium
2811 2275 2863 2328 in
2895 2275 3180 2330 utilitatem
3211 2278 3441 2332 audien-

1878 2367 1964 2429 tis,
2002 2366 2196 2435 gaudio
2228 2379 2349 2418 eum
2399 2363 2636 2434 alliciens
2674 2376 2955 2433 postquam
2986 2368 3258 2436 acceperit
3297 2368 3442 2438 quod

1874 2459 1922 2511 ei
1958 2459 2132 2510 fuerat
2155 2457 2562 2521 annuntiatum;
2595 2466 2686 2509 aut
2708 2471 2888 2511 sermo
2913 2459 3171 2512 bonorum
3197 2459 3442 2516 indicans

1873 2550 2252 2618 prmsentiam;
2280 2557 2370 2602 aut
2397 2562 2576 2602 sermo
2607 2551 3024 2620 exspectationis
3056 2552 3342 2622 interpres.

1943 2659 1988 2727 1,
2025 2661 2077 2716 1.
2110 2659 2240 2715 Iesu
2271 2659 2495 2715 Christi.

1943 2770 2131 2842 Cyrilti
2156 2774 2519 2827 Alexandrini.
2540 2773 2638 2827 Iao
2663 2774 2888 2828 salutem
2923 2772 3133 2829 Hebraei
3170 2775 3440 2832 dicebant.

1877 2863 2078 2918 Christi
2108 2879 2235 2917 vero
2281 2865 2415 2917 dixit
2454 2875 2734 2934 pr0pterea
2791 2867 2933 2932 quod
2989 2867 3243 2935 antiquos
3291 2885 3444 2939 reges

1877 2965 1931 3008 et
1950 2955 2256 3008 sacerdotes
2278 2955 2394 3008 oleo
2420 2956 2598 3024 inungi
2621 2956 2858 3011 solemne
2886 2968 3027 3022 erat,
3051 2957 3217 3013 eﬂ‘usa
3249 2959 3302 3014 in
3351 2977 3444 3016 eos

1878 3045 2130 3099 corneola
2165 3045 2376 3115 pyxide.
2406 3046 2594 3100 Noster
2625 3063 2754 3102 vero
2773 3048 2928 3103 Jesus
2957 3049 3202 3105 Christus
3232 3068 3336 3105 non
3365 3054 3441 3107 id-

1877 3137 2024 3190 circo
2050 3137 2194 3205 quod
2228 3152 2393 3190 cornn
2445 3139 2696 3191 inunctus
2723 3139 2793 3192 sit
2820 3139 3113 3207 appellatus
3145 3151 3228 3195 est
3282 3142 3442 3197 ϐίῃ-ἰ-

1877 3237 2011 3291 stus,
2039 3228 2130 3281 sed
2155 3229 2295 3296 quod
2323 3228 2503 3280 divino
2551 3227 2755 3295 Spiritu
2807 3227 3115 3286 delibutus:
3149 3245 3274 3287 vere
3300 3236 3440 3287 enim

1879 3327 1930 3372 et
1967 3319 2179 3387 proprie
2216 3321 2329 3387 ipse
2361 3319 2545 3372 habuit
2580 3319 2839 3387 Spiritum
2870 3331 3137 3376 sanctum.

1944 3429 2075 3483 Filii
2108 3431 2272 3485 David
2307 3431 2400 3506 ﬁlii
2425 3430 2712 3485 Abraham.

271 3545 548 3618 Ἀϐραὰμ
588 3545 644 3596 ἐν
690 3543 1024 3614 ἀκροϐυστίᾳ
1053 3543 1148 3610 ὣν,
1179 3544 1467 3597 ἐπίστευσε
1500 3543 1578 3614 τῷ
1621 3544 1737 3614 Θεῷ
1759 3563 1770 3575 ·

1945 3542 2218 3597 Abraham
2250 3558 2371 3598 cum
2395 3543 2570 3598 adhuc
2629 3545 2681 3596 in
2717 3544 2978 3614 prmputio
3037 3555 3182 3602 esset
3215 3548 3440 3602 credidit

187 3633 311 3690 εἷτα
333 3637 637 3705 δεξάμενος
669 3635 767 3697 τὰς
792 3636 1107 3705 ὑποσχέσεις
1135 3637 1228 3688 καὶ
1254 3637 1612 3706 περιτμηίὶεὶς
1637 3635 1775 3688 ἁλώ-

184 3727 362 3798 ϐητον
401 3726 510 3792 τήν
556 3725 736 3776 πίστιν
766 3725 1102 3794 διετήρησεν.
1147 3725 1385 3787 Εἰκότως
1430 3725 1610 3777 τοίνυν
1645 3728 1776 3779 ἀνα-

182 3819 470 3887 κελήσεται
509 3814 566 3866 τὸ
599 3814 759 3884 ῥητὸν
794 3815 874 3876 εἰς
915 3814 1100 3884 ἕτερόν
1129 3832 1182 3867 τι
1217 3814 1478 3885 Θεώρημα
1510 3817 1639 3886 περὶ
1675 3816 1773 3884 τῆς

176 3909 273 3961 τοῦ
325 3905 587 3978 Χριστοῦ
624 3906 945 3974 Ἐκκλησίας
989 3909 1086 3976 τῆς
1123 3924 1181 3959 τε
1231 3911 1295 3961 ἐκ
1343 3909 1642 3978 περιτομῆς
1683 3909 1775 3960 καὶ

182 3999 278 4066 τῆς
318 3997 384 4060 ἐξ
420 3994 621 4048 ἐθνῶν.
656 3994 832 4056 Tum;
856 3995 964 4064 γὰρ
989 3990 1080 4063 ἦν,
1111 3995 1184 4057 ὡς
1211 3995 1376 4061 εἰκὸς,
1401 3996 1507 4047 τῶν
1524 3997 1615 4048 δύο
1633 3996 1774 4049 λαῶν

181 4088 288 4140 τῶν
319 4091 411 4150 είς
436 4085 681 4156 Χριστὸν
713 4089 1166 4138 πεπιστευκότων.
1211 4085 1348 4137 Ἀλλ’
1381 4089 1496 4139 ἐκεῖ
1524 4087 1620 4156 μὲν
1644 4105 1776 4158 προ·

178 4181 313 4248 τέρα
371 4183 409 4250 ἡ
473 4175 817 4246 ἀκροϐυστία
858 4178 957 4248 τῆς
1022 4177 1342 4247 περιτομῆς.
1395 4178 1611 4241 Φύσεως
1668 4181 1775 4249 γὰρ

174 4270 343 4340 ἔργον
378 4274 414 4340 ἡ
453 4267 817 4338 ἀκροϐυστία,
855 4268 1072 4336 ἐντολῆς
1107 4269 1164 4320 δὲ
1219 4269 1313 4322 καὶ
1340 4270 1504 4340 νόμου
1544 4271 1576 4339 ἡ
1617 4287 1773 4340 περι-

174 4367 341 4435 τομή·
372 4365 476 4418 διὰ
505 4362 668 4415 τοῦτο
692 4362 872 4430 ἐκείνη
894 4363 1094 4434 ταύτης
1123 4367 1491 4434 προηγήσατο·
1515 4366 1605 4417 καὶ
1638 4364 1774 4432 μετά

172 4455 356 4509 ταῦτα
388 4457 485 4518 εἰς
538 4454 706 4525 αὐτὴν
738 4458 770 4528 ἡ
803 4455 1070 4526 περιτομὴ
1115 4457 1460 4526 ἀνακάμπτει
1482 4472 1495 4487 ο
1532 4457 1651 4509 ἐπεὶ
1683 4457 1774 4510 καὶ

167 4548 397 4615 βέλτιόν
434 4550 566 4600 ἐστι
597 4545 756 4616 φύσις
796 4546 911 4616 ἅμα
953 4548 1047 4598 καὶ
1085 4547 1267 4615 νόμος,
1293 4547 1324 4616 ἢ
1355 4548 1412 4598 τὸ
1434 4549 1774 4618 διεστηκέναι

165 4637 263 4691 ἀπ’
307 4638 593 4708 ἀλλήλων
624 4636 812 4706 χωρίς.
861 4635 1019 4688 Ἀλλά
1060 4637 1154 4688 καὶ
1182 4635 1348 4688 Δαϐὶδ
1379 4634 1549 4698 τύπος
1586 4633 1653 4707 ἦν
1681 4638 1773 4691 τοῦ

163 4727 426 4796 Χριστοῦ
459 4741 476 4756 ο
533 4723 628 4777 τοῦ
672 4726 782 4796 γὰρ
832 4724 1004 4778 Σαοὺλ
1053 4723 1406 4795 ἐκϐληθέντος
1445 4727 1772 4797 ἀντεισήχθη

161 4817 337 4869 Δαϐίδ
360 4831 375 4845 °
418 4815 585 4870 οὕτω
619 4815 713 4867 καὶ
747 4814 837 4869 τοῦ
875 4814 1047 4884 Ἀδὰμ
1088 4815 1173 4868 διὰ
1218 4813 1316 4884 τήν
1355 4815 1638 4886 παρακοήν
1674 4818 1771 4888 τῆς

170 4909 348 4979 Ἑδὲμ
379 4906 730 4976 διωχθέντος
760 4908 787 4960 ὁ
822 4905 1071 4977 δεύτερος
1113 4905 1439 4977 ἀντεισήχθη
1472 4907 1659 4979 Ἀδὰμ,
1697 4909 1773 4973 ὼς

157 4996 224 5046 ἂν
265 4998 426 5070 πρὸς
485 4997 597 5066 τὴν
645 4997 874 5066 ἀρχαίαν
910 4998 1061 5061 τάξιν
1099 4997 1188 5050 τὸν
1229 4996 1400 5066 Ἀδὰμ
1432 4997 1523 5050 τὸν
1557 5001 1769 5068 πρῶτον

157 5089 660 5157 ἀποκαταστήσῃ.

234 5352 366 5408 Τοῦ
414 5351 499 5404 δὲ
562 5351 762 5416 Ἰησοῦ
809 5351 846 5418 ἡ
899 5348 1182 5418 γέννησις
1230 5350 1414 5416 οὕτως
1451 5346 1562 5419 ἦν·
1619 5356 1779 5419 Μνη-

154 5447 571 5511 στευθείσης
608 5445 719 5510 γὰρ
771 5442 880 5509 τῆς
934 5442 1159 5511 μητρὸς
1207 5442 1388 5495 αὐτοῦ
1427 5445 1655 5508 Μαρίας
1699 5444 1778 5508 τῷ

231 5630 321 5702 (1)
357 5629 597 5702 Catena
647 5626 1021 5702 Crameri,_p._
1057 5625 1108 5679 5.
1134 5654 1205 5664 -
1236 5622 1345 5676 lloc
1395 5621 1770 5702 fragmentum,

159 5691 331 5755 enica
390 5701 759 5764 lacunosum,
814 5691 1115 5751 restituitur
1162 5708 1229 5748 ex
1285 5691 1494 5747 catena
1531 5691 1784 5746 Vaticana

1877 3636 2008 3690 Deo.
2056 3636 2253 3690 Deinde
2299 3635 2748 3704 promissionibus
2805 3637 3042 3705 acceptis
3095 3649 3149 3693 et
3214 3640 3440 3694 circum-

1875 3727 2018 3782 cisus
2070 3726 2380 3778 inviolatam
2418 3724 2708 3778 custodivit
2766 3726 2949 3782 ﬁdem.
2977 3727 3128 3794 Quod
3161 3729 3302 3783 haud
3345 3732 3442 3786 ab-

1875 3820 2035 3873 surde
2073 3818 2259 3871 referri
2297 3819 2554 3886 potestad
2578 3819 3122 3872 acconunodationein
3158 3823 3442 3888 quamdam

1875 3907 2282 3977 signiﬁcationis
2347 3907 2587 3976 mysticae
2648 3908 2713 3960 de
2762 3905 2959 3962 Christi
3006 3909 3272 3974 Ecclesia,
3325 3927 3443 3980 qua!

1874 4016 1938 4053 ex
1967 3999 2377 4053 circumcisione
2425 4009 2476 4052 et
2535 4013 2654 4066 quae
2700 4014 2767 4052 ex
2826 4001 3074 4068 gentibus
3121 4014 3442 4074 congregata

1874 4099 1976 4144 est.
2005 4089 2302 4143 Verisimile
2325 4091 2520 4157 quippe
2543 4098 2625 4142 est
2655 4090 2704 4142 in
2739 4089 2842 4143 illis
2890 4105 3006 4157 qua:
3030 4092 3095 4144 de
3132 4094 3441 4146 Abrahamo

1874 4180 2013 4234 dicta
2049 4190 2172 4232 sunt
2206 4180 2428 4246 ﬁgurant
2480 4179 2706 4232 duorum
2753 4180 3064 4247 populorum
3101 4183 3443 4249 praecessisse

1875 4276 1964 4343 qui
1990 4272 2044 4326 in
2067 4272 2340 4326 Christum
2370 4270 2739 4324 crediderunt.
2780 4273 2885 4324 Sed
2915 4273 3024 4326 illic
3056 4274 3270 4341 quidem
3295 4278 3442 4342 prius

1875 4365 2281 4417 circumcisione
2319 4363 2636 4429 praeputium
2689 4373 2790 4414 est.
2817 4360 2964 4430 Opus
3014 4365 3155 4417 enim
3201 4364 3301 4418 hoc
3345 4379 3440 4418 na-

1879 4464 2042 4520 turae;
2082 4451 2423 4508 circumcisio
2453 4467 2580 4505 Vero
2611 4453 2863 4520 praecepti
2899 4462 2954 4509 et
2986 4453 3136 4522 legis.
3184 4453 3440 4524 Propter-

1874 4532 1945 4597 ea.
2009 4543 2200 4598 merito
2257 4543 2385 4598 illud
2433 4542 2574 4597 hanc
2620 4543 2920 4611 praecessit.
2991 4544 3070 4598 Ad
3143 4554 3440 4600 extremum

1876 4648 2036 4701 porro
2070 4633 2123 4688 in
2157 4633 2476 4703 prmputium
2518 4634 2858 4688 circumcisio
2905 4649 3120 4690 reversa
3164 4644 3265 4692 est.
3301 4635 3442 4691 Sane

1876 4725 2019 4778 enim
2079 4733 2195 4779 erat
2241 4724 2432 4780 melius
2493 4724 2780 4779 convenire
2846 4736 3090 4780 naturam
3142 4736 3197 4782 et
3246 4727 3440 4798 legem.

1879 4829 2038 4882 quam
2058 4813 2316 4869 dissidere
2335 4813 2519 4867 ambas
2543 4814 2610 4867 ab
2636 4814 2884 4868 invicem.
2907 4814 3170 4869 Craterum
3203 4824 3255 4868 et
3277 4814 3440 4868 David

1881 4907 2048 4976 ligura
2069 4916 2185 4960 erat
2213 4904 2433 4961 Christi.
2477 4905 2639 4959 Saule
2687 4906 2950 4974 siquidem
3002 4904 3172 4972 ejecto
3189 4904 3442 4960 suffectus

1879 5005 1961 5048 est
2019 4994 2186 5050 David
2217 4995 2337 5050 :sic
2370 5004 2424 5050 et
2445 4995 2652 5049 Adamo
2674 5005 2894 5065 propter
2929 4995 3346 5049 inobedientiam
3376 5010 3440 5050 ex

1881 5081 2046 5136 Edem
2096 5084 2471 5147 exterminata,
2506 5085 2770 5137 secundus
2821 5083 2873 5136 in
2928 5083 3103 5134 locum
3131 5080 3246 5150 ejus
3278 5083 3439 5137 suﬂ‘eo

1878 5183 1996 5227 ctus
2022 5183 2101 5228 est
2127 5173 2321 5226 Adam.
2343 5174 2534 5242 Utique
2557 5177 2680 5228 utin
2704 5176 2989 5238 pristinum
3008 5175 3181 5229 locum
3207 5177 3439 5244 primum

1877 5263 2045 5316 Adam
2085 5265 2411 5320 rCStitneret.

1952 5355 1989 5418 Ι,
2024 5354 2104 5406 18.
2133 5355 2330 5407 Christi
2361 5366 2533 5408 autem
2566 5358 2829 5424 generatio
2861 5358 2936 5408 sic
2965 5367 3075 5410 erat
3103 5372 3121 5409 :
3151 5356 3280 5410 Cum
3313 5369 3440 5414 esset

1878 5448 2186 5514 desponsata
2216 5455 2380 5498 mater
2407 5448 2522 5513 ejus
2565 5446 2737 5500 Μανία
2763 5449 2982 5517 Joseplr,
3012 5460 3288 5518 antequam
3315 5466 3439 5503 cort-

1885 5624 1995 5747 (ἱέ,ιᾷἰ
2032 5623 2130 5678 Mai
2171 5623 2235 5681 Β.
2301 5623 2364 5678 Ν.
2409 5625 2498 5693 ill,
2552 5633 2678 5697 139.,
2752 5645 2782 5684 n
2824 5645 2926 5700 qua
2969 5630 3188 5701 Origeni
3246 5635 3436 5688 tribul-
