4026 6276
169 348 257 402 369

1307 335 1661 393 COMMENT.
1707 335 1768 391 IN
1816 336 2232 393 MA'I‘TIIAJUM

3303 329 3412 385 570

181 455 432 529 Ἀϐραὰμ,
461 454 554 508 καὶ
585 453 761 506 οὐδενὶ
782 451 1210 524 δεδουλεύκαμεν
1248 453 1487 506 πώποτε.
1513 473 1531 506 ι
1569 453 1723 505 Ἐπεὶ
1752 490 1764 517 ε

1866 471 1986 510 uam
2040 454 2364 510 servivimus
2398 455 2437 506 ¹.
2472 471 2490 506 ι
2524 451 2655 506 Cum
2701 451 2862 523 igitur
2892 450 2992 505 hoc
3049 456 3215 512 esset,
3263 449 3404 518 quod

174 546 249 604 οὖν
274 545 431 600 τοῦτο
452 541 521 616 ἦν
547 545 576 599 δ
609 545 844 616 μάλιστα
874 543 1072 607 αὐτοὺς
1096 545 1173 606 εἰς
1197 545 1455 598 ἀπόνοιαν
1480 539 1602 616 ᾖρε,
1633 545 1728 598 καὶ⁹

1865 547 2066 602 taxime
2112 561 2206 602 eos
2261 545 2318 599 in
2365 542 2678 613 superbiam
2719 539 3000 602 eﬂ'erebat,
3037 553 3100 594 ac
3128 535 3404 608 perdebat,

173 639 425 703 ἀπώλεσε,
458 637 677 708 πρῶτον
728 635 1099 690 καταστέλλει.
1135 636 1278 706 Ὅρα
1325 637 1381 689 δὲ
1424 638 1540 699 πῶς
1591 636 1729 706 μετά

1865 639 2064 693 τὶιῐιυηι
2111 636 2401 706 prohibet:
2432 634 2555 690 vide
2618 642 2798 688 autem
2845 629 3118 700 quomodo
3162 643 3284 683 cum
3315 627 3412 681 ho-

175 734 258 802 τῆς
303 732 384 794 εἰς
429 731 522 783 τὸν
570 728 917 800 πατριάρχην
957 729 1148 798 τιμῆς,
1195 729 1293 798 τὴν
1340 728 1480 799 ὑπὲρ
1524 726 1731 780 τούτων

1869 745 1965 785 ore
2005 728 2348 800 patriarchae,
2379 728 2444 781 de
2481 725 2633 781 hisce
2684 723 3078 778 correctionem
3124 719 3419 782 instituat;

177 826 391 879 ποιεῖται
418 823 706 894 διόρθωσιν
727 841 741 854 ·
775 823 946 878 εἰπὼν
971 825 1078 896 γάρ
1103 840 1115 853 ·
1145 843 1163 875 ‹
1188 822 1277 893 Μὴ
1311 822 1497 893 δόξητε
1530 821 1732 890 λέγειν,

1834 821 2026 878 dicens
2057 821 2202 875 enim
2232 838 2246 874 :
2281 838 2301 872 ι
2345 817 2523 874 Nolite
2544 816 2727 870 dicere
2755 815 2878 884 quia
2899 813 3118 868 Patrem
3150 811 3414 866 habemus
3506 880 3516 889 Ι

179 914 244 965 ὅτι
276 911 496 982 Πατέρα
520 911 718 981 ἔχομεν
741 913 831 966 τὸν
868 912 1138 983 Ἀϐραὰμ,
1173 931 1190 963 ι
1227 912 1326 964 οὐκ
1356 907 1537 964 εἶπεν·
1569 911 1734 963 Οὐδὲν

1865 912 2148 976 tbraham;
2187 929 2206 963 ι
2250 923 2360 964 non
2393 909 2554 974 dixit,
2588 905 2736 961 Nihil
2770 904 2915 960 enim
2963 916 3058 958 vos
3103 899 3413 971 patriarcha

179 1001 269 1072 γὰρ
299 1001 443 1070 ὑμᾶς
476 1003 505 1054 ό
558 1003 901 1073 πατριάρχης
947 1002 1225 1072 ὠφελῆσαι
1275 1001 1585 1070 δυνήσεται·
1621 1001 1734 1055 ἀλλ’

185 1090 510 1162 ἡμερώτερόν
553 1109 673 1154 πως
723 1091 884 1144 τοῦτο
933 1091 1184 1161 ᾐνίξατο,
1230 1090 1436 1144 εἰπών’
1498 1110 1516 1143 t
1565 1090 1736 1144 Δύνα-

183 1197 255 1232 ται
279 1181 305 1232 ό
339 1179 472 1242 Θεὸς
528 1182 593 1232 ἐκ
636 1179 744 1232 τῶν
774 1179 937 1232 λίθων
961 1179 1166 1233 τούτων
1211 1182 1424 1250 ἐγεῖραι
1467 1182 1629 1235 τέκνα
1662 1178 1740 1250 τῷ

196 1267 446 1338 Ἀϐραάμ.
478 1288 496 1320 ι
532 1269 689 1332 Τινὲς
727 1269 823 1339 μὲν
852 1264 944 1322 οὖν
981 1287 1147 1337 φασιν
1178 1271 1258 1323 ὅτι
1289 1271 1417 1342 περὶ
1443 1271 1552 1324 τῶν
1573 1269 1741 1324 ἐθνῶν

183 1359 341 1413 ταῦτα.
392 1360 564 1427 λέγει,
624 1359 804 1423 λίθους
855 1360 1052 1424 αὐτοὺς
1106 1361 1488 1432 μεταφορικῶς
1538 1360 1740 1414 καλῶν.

193 1450 322 1518 Ἐγὼ
353 1450 408 1503 δὲ
436 1450 528 1503 καὶ
557 1450 752 1521 ἑτέραν
777 1451 986 1504 ἔννοιαν
1009 1451 1066 1504 τὸ
1089 1453 1381 1524 εἰρημένον
1411 1454 1553 1524 φημὶ
1576 1453 1740 1524 ἔχειν.

188 1541 346 1596 Ποίαν
377 1541 432 1594 δὲ
460 1541 698 1611 ταύτην;
728 1544 820 1612 Μὴ
846 1543 1126 1613 νομίσητε,
1150 1545 1335 1615 φησὶν,
1360 1545 1444 1598 ὅτι
1470 1545 1565 1597 ἐὰν
1587 1545 1745 1614 ὑμεῖς

179 1632 467 1702 ἀπόλησθε,
498 1633 698 1686 ἄπαιδα
758 1635 1013 1704 ποιήσετε
1070 1635 1162 1688 τὸν
1213 1636 1594 1708 πατριάρχην·
1645 1637 1746 1689 οὐκ

181 1728 350 1779 ἔσται’
387 1725 467 1796 τῷ
495 1727 603 1797 γὰρ
650 1727 770 1798 θεῷ
801 1727 1024 1782 δυνατὸν
1058 1729 1153 1782 καὶ
1198 1729 1305 1781 ἀπὸ
1341 1729 1504 1782 λίθων
1535 1727 1746 1797 ἀνθρώ-

1831 1003 2023 1073 iuvare
2047 1009 2242 1070 potest,
2271 1001 2366 1056 sed
2401 1001 2585 1055 mitius
2621 1000 2727 1053 hoc
2755 992 3152 1066 quodammodo
3181 992 3415 1047 insinuat

1839 1095 2025 1150 dicens
2053 1110 2066 1148 :
2102 1112 2122 1144 ι
2162 1092 2361 1148 Potens
2392 1101 2475 1148 est
2505 1091 2646 1146 Deus
2677 1089 2745 1144 de
2787 1087 3056 1158 lapidibus
3085 1083 3204 1140 istis
3240 1082 3416 1138 susci-

1842 1193 1958 1240 tare
2007 1185 2148 1240 ﬁlios
2193 1184 2446 1239 Abrahae.
2485 1199 2506 1235 ι
2562 1180 2793 1248 Quidam
2845 1179 3011 1250 igitur
3063 1175 3236 1238 aiunt,
3303 1174 3419 1228 haec

1841 1279 2018 1348 ipsum
2055 1279 2120 1333 de
2150 1276 2400 1348 gentibus
2440 1275 2657 1339 ὀίεαι-θ,
2676 1270 2885 1341 lapides
2919 1283 3015 1324 eos
3046 1261 3420 1335 metaphorice

1841 1377 2146 1424 vocantem.
2176 1366 2290 1436 Ego
2312 1379 2440 1422 vero
2480 1364 2645 1419 etiam
2681 1362 2846 1417 alium
2889 1371 3110 1415 sensum
3143 1355 3230 1409 aio
3272 1353 3418 1408 dicto

1843 1459 1972 1515 huic
1999 1457 2243 1513 subesse.
2277 1456 2448 1522 Quem
2505 1462 2685 1509 autem
2738 1449 2926 1506 hunc?
2982 1447 3062 1504 Ue
3099 1443 3420 1502 existimetis

1845 1547 2043 1617 inquit,
2078 1547 2126 1603 si
2158 1561 2252 1602 vos
2277 1544 2574 1615 perieritis,
2619 1543 2861 1597 facturos
2889 1536 3258 1610 patriarcham
3303 1532 3420 1586 sine

1847 1638 2065 1704 liberis;
2104 1653 2209 1692 non
2258 1637 2331 1692 ita
2381 1645 2484 1704 est,
2537 1648 2877 1706 nequaquam
2906 1629 2963 1702 4
2996 1629 3102 1686 hoc
3142 1628 3287 1693 erit;
3319 1625 3426 1681 Deo

1849 1733 1994 1786 enim
2039 1731 2296 1802 possibile
2343 1739 2426 1785 est
2471 1729 2521 1785 ei
2557 1729 2639 1784 vel
2686 1742 2718 1783 e
2756 1725 3024 1796 lapidibus
3083 1721 3223 1776 ﬁlios
3270 1718 3423 1775 dare.

181 1833 304 1880 πους
333 1819 514 1886 τούτῳ
544 1815 748 1881 δοῦναι,
776 1817 874 1869 καὶ
908 1817 987 1880 είς
1020 1817 1337 1885 συγγένειαν
1365 1816 1576 1870 ἐκείνου
1611 1818 1748 1885 ἀγα-

1865 1834 1906 1880 at
1941 1825 1992 1880 in
2039 1799 2419 1894 cognationem
2465 1823 2610 1877 illius
2665 1820 2956 1881 adducere,
2989 1811 3422 1886 quandoquidem

167 1899 306 1978 ¹γεῖν,
333 1909 463 1962 ἐπεὶ
498 1909 592 1962 καὶ
618 1909 678 1972 ἐξ
710 1909 886 1979 ἀρχῆς
912 1908 1083 1972 οὕτως
1117 1909 1354 1978 ἐγένετο.
1390 1909 1464 1962 Τὸ
1504 1909 1637 1980 γὰρ,
1691 1909 1754 1961 ἐκ

181 2003 331 2056 λίθων
359 2000 686 2070 ἀνθρώπους
711 2001 990 2070 γενέσθαι,
1024 2002 1209 2072 ὅμοιόν
1243 2003 1360 2056 ἐστι
1386 2001 1482 2072 τῷ,
1523 2002 1630 2056 ἀπὸ
1655 2005 1754 2074 τῆς

184 2092 387 2161 μήτρας
416 2090 636 2160 Σάρρας
667 2091 882 2162 ἐκείνης
921 2091 1021 2161 τῆς
1051 2092 1272 2163 στείρας
1310 2092 1596 2162 προελθεῖν
1623 2110 1754 2146 παι-

177 2184 300 2236 δίον.
329 2181 514 2251 Ὅπερ
544 2177 636 2235 οὖν
675 2182 770 2234 καὶ
813 2184 841 2235 ό
887 2183 1178 2254 προφήτης
1224 2184 1596 2254 αἰνιττόμενος
1641 2184 1756 2237 ἑλε-

177 2287 299 2340 γεν·
338 2290 356 2323 r
401 2271 742 2341 Ἐμϐλέψατε
785 2273 865 2335 είς
915 2272 1012 2343 τὴν
1045 2272 1272 2345 στερεὰν
1323 2275 1532 2344 πέτραν
1578 2273 1638 2338 ἑξ
1688 2268 1755 2344 ἦς

177 2361 592 2432 ἑλατομήθητε,
640 2360 740 2412 καὶ⁵
789 2364 868 2425 είς
924 2361 1146 2432 βόθυνον
1202 2364 1296 2417 τοῦ
1345 2364 1550 2419 λάκκου
1586 2366 1644 2432 ἐξ
1696 2360 1756 2420 οὗ

180 2451 496 2523 ὠρύχθητε.
566 2449 903 2522 Ὲμϐλέψατε
950 2457 1032 2516 είς
1095 2454 1348 2526 Ἀϐραὰμ
1397 2456 1486 2510 τὸν
1544 2456 1759 2527 πατέρα

177 2542 346 2613 ὑμῶν,
369 2544 472 2596 καὶ
499 2544 578 2606 είς
601 2545 822 2615 Σάρραν
853 2545 950 2616 τὴν
973 2545 1270 2601 ὠδίνουσαν
1301 2547 1465 2617 ὑμᾶς.
1491 2566 1510 2599 ι
1541 2549 1760 2618 Ταύτης

175 2633 349 2686 τοίνυν
379 2635 488 2704 τῆς
517 2636 854 2706 προφητείας
883 2638 1080 2699 αὐτοὺς
1101 2638 1530 2709 ἀναμιμνήσκει,
1549 2639 1761 2704 δεικνὺς

177 2722 252 2775 ὅτι
281 2724 329 2774 εί
364 2725 434 2789 ἐξ
469 2725 644 2794 ἀρχῆς
671 2726 836 2778 αὐτὸν
869 2725 1011 2780 οὕτω
1041 2727 1370 2797 θαυμαστῶς
1405 2729 1626 2799 ἐποίησε
1658 2747 1762 2782 πα-

179 2814 331 2882 τέρα,
358 2814 572 2866 ὡσανεὶ
590 2815 653 2868 ἐκ
667 2815 832 2868 λίθων
855 2817 1017 2870 αὑτὸν
1038 2817 1282 2887 ἐποίησε,
1307 2818 1530 2872 δυνατὸν
1562 2819 1652 2872 καὶ
1669 2819 1762 2872 νῦν

184 2903 331 2959 τοῦτο
365 2905 649 2974 γενέσθαι.
689 2909 801 2961 Καὶ
847 2910 947 2979 ὅρα
993 2909 1109 2973 πῶς
1167 2910 1260 2962 καὶ
1307 2910 1484 2978 φοϐεῖ,
1526 2913 1622 2964 καὶ
1669 2913 1763 2965 ἑκ-

178 2996 387 3050 κόπτει.
430 2997 516 3050 Οὑί
538 2997 649 3068 γὰρ
679 2992 832 3051 εἶπεν
879 3001 961 3052 ὃτι
990 3001 1214 3072 ἤγειρεν
1256 3001 1377 3072 ἤδη,
1407 3001 1493 3054 ἵνα
1524 3001 1597 3072 μὴ
1634 3004 1765 3056 ἀπο-

186 3086 382 3152 γνῶςιν
443 3088 671 3154 ἑαυτῶν,
716 3089 828 3142 ἀλλ’
873 3091 954 3143 ὅτι
989 3089 1211 3144 δύναται
1260 3093 1488 3159 ἐγεῖραι.
1532 3091 1643 3144 Καὶ
1669 3092 1767 3144 οὐκ

179 3173 335 3231 εἶπεν
381 3181 470 3233 ὅτι
533 3179 854 3250 ἀνθρώπους
889 3183 1113 3234 δύναται
1159 3181 1386 3250 ποιῆσαι
1437 3183 1544 3234 ἀπὸ
1582 3181 1766 3244 λίθων,

177 3271 293 3323 ἀλλ’
332 3271 362 3324 ὃ
393 3271 586 3340 πολλῴ
614 3271 797 3341 μεῖζον
825 3269 914 3343 ἦν,
949 3276 1042 3326 καὶ
1069 3276 1354 3340 συγγενεῖς
1379 3273 1412 3343 ἢ
1449 3273 1645 3336 παῖδας
1676 3273 1770 3326 τοῦ

187 3360 477 3432 Ἀϐραάμ.
535 3359 686 3426 Εἶδες
721 3363 838 3426 πῶς
891 3365 1030 3427 τέως
1081 3364 1392 3433 ἀπέστησεν
1430 3365 1628 3426 αὐτοὺς
1674 3363 1772 3434 τῆς

173 3455 309 3525 περὶ
339 3455 414 3507 τὰ
449 3455 749 3523 σωματικὰ
775 3457 1098 3525 φαντασίας,
1141 3457 1354 3524 καὶτῆς
1383 3458 1461 3519 είς
1488 3457 1615 3518 τοὺς
1641 3471 1776 3525 προ-

171 3545 372 3612 γόνους
432 3547 784 3615 καταφυγῆς,
818 3547 907 3599 ἴνα
951 3547 1010 3597 ἑν
1048 3548 1112 3616 τῇ
1157 3546 1334 3616 οἰκείᾳ
1375 3543 1634 3616 μετανοίᾳ
1681 3545 1776 3598 καὶ

176 3633 535 3706 σωφροσύνῃ
565 3636 662 3704 τὴν
693 3635 883 3688 ἐλπίδα
911 3636 1008 3705 τῆς
1045 3635 1318 3705 σωτηρίας
1348 3634 1566 3705 ἔχωσιν.

238 3727 480 3797 Ὠσπερ
523 3727 627 3796 γὰρ
663 3727 761 3798 τὴν
811 3729 1042 3794 γυναῖκα
1079 3726 1173 3780 τοῦ
1232 3726 1356 3778 Λὼτ
1405 3726 1772 3791 ἀπελίθωσεν,

1854 1918 2016 1972 etiam
2044 1917 2112 1972 ab
2139 1915 2296 1970 initio
2317 1916 2390 1968 ita
2431 1915 2632 1968 factum
2659 1913 2750 1967 sit.
2815 1907 3077 1963 Homines
3105 1905 3248 1960 enim
3278 1900 3425 1954 nasci

1855 2024 1920 2064 ex
1957 2008 2230 2078 lapidibus
2271 2006 2452 2062 simile
2483 2013 2568 2060 est
2593 2003 2744 2067 huic,
2772 2001 2839 2057 de
2867 1998 3021 2054 vulva
3057 1996 3208 2051 Sarae
3227 1991 3430 2048 sterilis

1856 2100 2002 2155 illius
2025 2114 2252 2170 puerum
2298 2097 2554 2168 prodire;
2595 2091 3054 2166 quemadmodum
3106 2086 3269 2142 etiam
3299 2095 3428 2152 pro-

1855 2193 2018 2264 pheta
2081 2193 2386 2257 insinuans,
2434 2189 2612 2245 dixit:
2649 2205 2670 2240 ι
2730 2181 3020 2241 Intuemini
3087 2179 3143 2235 in
3198 2175 3452 2233 solidam.

1857 2294 2063 2355 petram
2089 2298 2153 2338 ex
2185 2297 2288 2352 qua
2326 2279 2492 2336 excisi
2538 2277 2688 2342 estis,
2719 2283 2770 2331 et
2809 2275 2866 2330 in
2914 2271 3167 2328 scrobem
3215 2265 3340 2330 laci,
3365 2277 3427 2318 ex
3485 2315 3489 2320 .

1859 2391 1964 2445 quo
2013 2373 2196 2430 effossi
2241 2373 2394 2430 estis.
2453 2369 2743 2426 Intuemini
2796 2367 2852 2422 in
2898 2364 3172 2422 Abraham
3223 2366 3430 2430 patrem

1860 2474 2122 2528 vestrum,
2150 2471 2204 2518 et
2235 2462 2285 2515 in
2319 2460 2508 2516 Saram
2541 2457 2858 2528 genitricem
2885 2462 3124 2509 vestram
3157 2452 3198 2503 ’.
3237 2467 3256 2502 ι
3283 2448 3435 2501 Hanc

1864 2557 2024 2624 igitur
2086 2551 2424 2622 prophetiam
2501 2549 2610 2604 illis
2701 2548 2756 2602 in
2823 2543 3148 2601 memoriam
3195 2547 3435 2602 revocat.

1863 2649 2278 2711 demonstrans,
2320 2642 2462 2714 quod
2491 2641 2535 2696 si
2559 2643 2736 2711 ipsum
2771 2638 2837 2693 ab
2891 2637 3046 2691 initio
3090 2634 3224 2690 adeo
3266 2633 3436 2688 mira-

1866 2739 1960 2795 bili
2009 2739 2167 2793 modo
2213 2746 2425 2806 patrem
2471 2733 2669 2798 eﬁ‘ecit,
2727 2731 2882 2801 quasi
2917 2745 2985 2784 ex
3038 2727 3217 2797 lapide
3265 2725 3438 2794 ipsum

1866 2827 2103 2894 fecisset,
2136 2841 2292 2896 posse
2346 2833 2400 2880 et
2460 2837 2601 2878 nunc
2631 2821 2683 2875 id
2719 2818 2856 2875 ﬁeri.
2886 2819 2952 2872 Et
3005 2815 3148 2883 vide,
3173 2816 3440 2884 quomodo

1867 2918 2027 2972 etiam
2083 2923 2284 2970 terreat
2338 2921 2392 2968 et
2437 2910 2740 2967 exscindat.
2783 2908 2898 2962 Non
2946 2907 3092 2962 enim
3127 2905 3263 2960 dixit
3295 2906 3435 2974 quod

1863 3009 2182 3080 jampridem
2210 3006 2484 3070 excitarit,
2524 3019 2592 3058 ne
2637 3003 2945 3072 desperent,
2977 2999 3070 3054 sed
3106 2998 3248 3068 quod
3275 2997 3443 3066 possit

1871 3100 2172 3166 suscitare;
2209 3112 2384 3166 neque
2419 3096 2574 3160 dixit,
2609 3093 2857 3148 homines
2889 3107 2948 3147 se
2979 3105 3136 3159 posse
3167 3088 3349 3143 facere
3374 3102 3436 3140 ex

1873 3189 2165 3259 lapidibus,
2197 3188 2291 3242 sed
2338 3186 2483 3256 quod
2517 3185 2684 3238 multo
2717 3182 2892 3252 majus
2919 3189 3022 3247 est,
3057 3180 3218 3233 etiam
3245 3191 3444 3247 cogna-

1874 3292 1958 3338 tos
2012 3290 2065 3336 et
2109 3281 2249 3334 ﬁlios
2301 3278 2554 3332 Abrahae.
2610 3275 2776 3332 Vides
2823 3271 3090 3344 quomodo
3124 3270 3230 3325 huc
3277 3283 3446 3336 usque

1875 3373 2157 3428 abduxerit
2186 3387 2280 3428 eos
2306 3387 2334 3426 a
2359 3385 2620 3441 corporea
2644 3366 3044 3437 imaginatione,
3074 3371 3128 3417 et
3149 3378 3177 3417 a
3217 3375 3440 3416 recursu

1875 3468 1940 3521 ad
1968 3465 2361 3536 progenitores,
2384 3471 2442 3517 ut
2477 3464 2528 3517 in
2557 3463 2772 3533 propria
2797 3457 3137 3532 poenitentia,
3177 3465 3234 3511 et
3264 3469 3448 3510 emen-

1877 3560 2094 3614 datione
2125 3572 2276 3628 spem
2295 3555 2486 3611 salutis
2529 3554 2812 3609 haberent.

1976 3734 2438 3803 Quemadmodum
2496 3733 2641 3787 enim
2699 3743 2924 3784 uxorem
2985 3726 3086 3781 Lot
3123 3725 3176 3780 in
3221 3721 3452 3792 lapidem

164 3817 347 3879 οὕτως
384 3817 628 3870 δυνατὸν
655 3816 803 3887 αὐτῷ
831 3819 928 3870 καὶ
958 3820 1021 3870 ἐκ
1052 3819 1218 3870 λίθων
1263 3817 1586 3890 ἀνθρώπους
1616 3818 1776 3888 ποιῆ-

166 3927 286 3971 σαι,
321 3909 542 3978 ὥσπερ
566 3909 663 3962 καὶ
695 3909 784 3961 τὸν
819 3910 989 3979 Ἀδὰμ
1012 3911 1074 3963 ἐκ
1095 3913 1192 3981 τῆς
1218 3914 1339 3982 γῆς.
1376 3911 1574 3964 Σκόπει
1602 3911 1781 3964 τοίνυν

167 4001 264 4053 καὶ
300 3999 404 4053 διὰ
463 3999 580 4052 τῶν
631 3999 756 4068 ἑξῆς
785 3999 860 4062 ὡς
910 3999 1063 4064 αὔξει
1103 4001 1306 4054 τούτων
1341 4001 1432 4054 τὸν
1466 4002 1652 4069 φόϐον,
1686 4001 1782 4056 καὶ

1881 3827 2171 3891 convertit,
2230 3825 2306 3880 ita
2371 3837 2438 3877 ex
2505 3820 2775 3892 lapidibus
2836 3815 3082 3874 hdmines
3153 3812 3452 3882 producere

1880 3926 2110 3990 poterat,
2166 3925 2226 3970 ut
2285 3914 2554 3969 Adamum
2589 3926 2620 3968 e
2668 3921 2832 3965 terra.
2861 3905 3248 3962 Animadverte
3291 3900 3453 3970 igitur

1883 4011 2045 4064 etiam
2099 4023 2168 4062 ex
2222 4006 2589 4075 sequentibus,
2653 4001 2921 4070 quomodo
2998 3998 3192 4053 horum
3265 4001 3454 4061 augeat

1886 4100 2156 4164 timorem,
2201 4105 2255 4153 et
2309 4105 2585 4151 certamen
2673 4091 2952 4154 intendat;
3017 4088 3203 4142 dicens
3287 4083 3454 4142 enim,

1886 4190 2154 4259 Quoniam
2184 4195 2376 4260 potens
2390 4197 2474 4242 est
2505 4185 2648 4240 Deus
2675 4182 3028 4253 exlapidibus
3047 4178 3164 4234 istis
3187 4175 3467 4232 suscitare-

1887 4282 2028 4335 ﬁlios
2050 4279 2304 4344 Abrahae,
2332 4295 2351 4329 ι
2390 4275 2668 4345 subiungit
2697 4289 2713 4326 :

1959 4371 2084 4426 Jam
2128 4371 2268 4427 enim
2325 4368 2526 4424 securis
2576 4365 2645 4420 ad
2707 4363 2935 4419 radicem
2980 4361 3226 4416 arborum
3289 4358 3458 4428 positu

160 4093 452 4146 ἐπιτείνει
492 4093 596 4162 τὴν
622 4092 885 4159 ἀγωνίαν.
907 4091 1088 4146 Εἰπὼν
1110 4092 1241 4163 γὰρ,
1270 4112 1288 4144 ι
1328 4094 1450 4146 ’Ὁτι
1492 4092 1714 4146 δύναται
1753 4095 1783 4145 ὁ

160 4183 301 4248 Θεὸς
365 4187 440 4238 ἐκ
494 4181 608 4236 τῶν
674 4182 838 4235 λίθων
906 4183 1113 4238 τούτων
1188 4187 1400 4254 ἐγεῖραι
1473 4184 1637 4238 τέκνα
1703 4183 1782 4255 τῷ

172 4275 485 4348 ’Δϐραάμ,
544 4295 562 4327 ι
605 4277 917 4347 ἐπήγαγενο

236 4371 413 4438 Ἤδη
455 4368 538 4423 δὲ
567 4370 665 4421 καὶ
699 4370 738 4436 ὴ
769 4369 951 4438 ἀξίνη
984 4371 1131 4439 πρὸς
1169 4369 1283 4437 τὴν
1302 4368 1475 4436 ῥίζαν
1506 4369 1624 4422 τῶν
1650 4367 1786 4422 δέν-

156 4463 331 4533 ὃρων
358 4463 595 4517 κεῖται.

1887 4471 1981 4514 88L

230 4560 300 4611 Ei
339 4557 405 4610 δὲ
448 4555 666 4624 βούλει,
699 4554 887 4622 ἀξίνην
921 4555 1112 4624 νόησον
1141 4555 1241 4623 τῆς
1275 4552 1652 4623 ἀθεραπεύτου
1683 4550 1764 4620 ψυε

1966 4551 2062 4606 Sin
2103 4566 2233 4606 vero
2291 4550 2394 4616 vis,
2457 4547 2690 4604 securim
2763 4543 2998 4614 intelligo
3050 4541 3460 4596 immedicabilis

154 4648 265 4718 χῆς
296 4649 413 4720 τὴν
448 4647 728 4717 ἐκτομήν.
767 4647 827 4699 Ἥ
867 4647 1022 4716 ἀξίνη
1056 4645 1215 4707 αὑτός
1247 4646 1394 4696 ἐστιν
1417 4645 1444 4695 ὁ
1480 4643 1736 4712 Χριστὸς,

1894 4644 2087 4697 animae
2115 4642 2468 4697 excisionem.
2510 4638 2731 4695 Securis
2759 4649 2842 4692 est
2873 4637 2986 4705 ipse
3008 4634 3258 4690 Christus
3289 4632 3462 4703 gladii.

153 4740 522 4811 τομώτερος
560 4739 837 4808 μαχαίρας
886 4737 1162 4808 διστόμου,
1196 4737 1223 4788 ὁ
1268 4734 1476 4806 μέλλων
1502 4734 1759 4785 ἐκκόπτει

1892 4733 2126 4802 ancipite
2177 4733 2408 4796 acutior,
2471 4732 2566 4799 qui
2617 4729 2904 4784 excisurus
2943 4735 3025 4780 est
3080 4725 3325 4779 inﬁdeles
3367 4722 3461 4778 Ju-

152 4835 290 4896 τοὺς
325 4831 631 4892 ἀπίστους
666 4829 978 4893 Ἰουδαίους,
1022 4829 1130 4882 ἀπὸ
1163 4828 1261 4898 τῆς
1295 4825 1406 4878 τῶν
1439 4824 1760 4894 πατριαρχῶ

1889 4826 2034 4880 daeos
2091 4839 2122 4878 a
2182 4823 2611 4893 patriarcharum
2675 4820 2879 4874 honore
2934 4834 2998 4872 ac
3050 4817 3462 4876 communione.

150 4925 335 4994 τιμῆς
374 4921 496 4974 καὶ
541 4919 844 4983 κοινωνίας,
876 4919 950 4982 ὡς
979 4919 1088 4971 ἀπὸ
1121 4917 1276 4988 ῥίζης
1309 4914 1472 4978 τινὸς,
1515 4913 1764 4983 ἐγκεντρί

1891 4915 2347 4985 quemadmodum
2379 4929 2408 4968 a
2442 4912 2625 4968 radice
2654 4911 2852 4980 aliqua,
2888 4912 2942 4965 in
2975 4925 3092 4964 eam
3127 4908 3309 4963 ﬁdeles
3339 4921 3476 4976 gen-

151 5015 278 5082 ζειν
335 5015 406 5070 δὲ
447 5015 550 5075 είς
579 5011 784 5084 ταύτην
817 5013 943 5076 τοὺς
975 5012 1036 5076 ἐξ
1064 5011 1234 5064 ἐθνῶν
1262 5007 1662 5071 πιστεύσαντας
1687 5008 1764 5078 (1)

1890 5011 2021 5062 tium
2061 5010 2380 5062 inserturus.

230 5201 249 5231 ³
279 5199 479 5257 Joan.
528 5208 652 5260 vui,
678 5193 766 5249 35.
846 5195 864 5224 ²
889 5192 990 5247 lsa.
1019 5209 1092 5258 LI,
1120 5193 1172 5259 1,
1196 5192 1250 5246 2.

1891 5368 2017 5421 dicit
2047 5367 2265 5418 securim
2295 5365 2319 5418 .9
2361 5362 2481 5416 Non
2520 5364 2681 5414 aliam
2710 5376 2862 5429 quam
2906 5375 3022 5426 qua:
3056 5357 3298 5410 excisura
3329 5366 3401 5408 est
3437 5374 3470 5408 α

1893 5437 2208 5506 patriarcltis
2253 5445 2483 5506 posteros
2515 5446 2716 5506 eorum,
2748 5430 2944 5506 frustra
2988 5441 3032 5481 et
3058 5444 3217 5506 supra
3259 5430 3464 5506 "indum

1897 5496 1960 5559 ria
1987 5506 2230 5573 prosapia
2253 5496 2366 5573 'sua
2399 5501 2705 5573 gloriantes,
2745 5515 2858 5550 cunt
2885 5498 3095 5573 illorum
3127 5496 3471 5573 imitationem

1901 5566 2182 5643 neg'ligani,
2206 5584 2252 5626 et
2278 5566 2406 5643 nihil
2434 5571 2533 5643 ipsi
2562 5568 2680 5620 boui
2712 5581 2886 5636 agam.
2919 5567 3303 5631 [ﬁrmissimum
3329 5566 3473 5617 enim.

1903 5636 1984 5698 est
2012 5636 2075 5698 ea:
2115 5655 2220 5695 tant
2270 5641 2559 5710 fructiferis
2599 5643 2796 5691 truncis
2848 5650 2987 5710 ortas
3036 5652 3228 5704 ramos,
3256 5636 3474 5703 proprio

1909 5717 2026 5768 titio
2059 5709 2537 5774 stcrilesrexctdere,
2566 5719 2608 5762 et
2643 5711 2693 5761 in
2725 5711 2890 5780 ignem
2927 5709 3124 5776 jacere.

225 5383 318 5454 (1)
359 5377 576 5453 Aliter
599 5369 798 5454 (iw-tus
841 5372 1090 5454 Cedet“.
1119 5369 1346 5454 ιοτη.-.ί¹ν
1395 5386 1446 5439 ρ·
1474 5371 1593 5454 ἐρα.
1621 5374 1784 5454 ειέίιιη

146 5440 262 5511 sui)
294 5440 581 5506 homine
609 5441 790 5510 Cyrilli
826 5461 838 5495 ε
876 5442 1007 5493 Τίνα
1035 5440 1432 5511 λέγειᾉάξίνηη
1471 5441 1635 5493 Οὐδὲν
1663 5441 1792 5495 ἄλλο

145 5509 182 5596 ἦ
212 5524 329 5593 τὴν
372 5509 720 5590 μέλλουσαν
742 5512 961 5596 κόπτειν
990 5512 1096 5596 ἀπὸ
1136 5509 1241 5596 τῶς)
1285 5511 1791 5596 πατριαρχῶνιτοὺς

150 5580 387 5668 tida-39f
417 5583 1048 5668 καδυίησαμένουςηκαὶ
1094 5581 1258 5662 μηδέν
1290 5597 1352 5663 τι,
1386 5580 1794 5668 ἑργαραμένους

149 5649 394 5732 Eme}?
420 5671 435 5684 ·
478 5652 584 5732 δεῖ
762 5649 1169 5732 τοὺς-ἀπὸπῶν
1210 5649 1472 5732 τοιούτων
1516 5651 1796 5732 ἀκάρπους

152 5668 394 5732 ἀγαθόν
420 5671 435 5684 ο
478 5668 580 5704 ost
622 5668 730 5719 γαρ
762 5668 1030 5717 τους-ἀπο
1063 5669 1169 5703 των
1210 5668 1466 5702 τοιουτων
1516 5668 1622 5704 ax:
1668 5668 1796 5710 πους

152 5729 510 5804 γεγονότας
553 5720 845 5774 ἐκκόπτειν
875 5738 929 5775 τε
968 5723 1057 5777 καὶ
1097 5723 1173 5784 εἰς
1205 5720 1314 5790 πῦρ
1358 5719 1587 5788 βάλλειν.
1629 5668 1799 5784 (eluant
