4026 6276
592 373 687 429 δτι
1589 383 1646 436 S.
1688 381 1962 440 CYRILLI
2003 386 2470 449 ALEXANDRINI
2503 396 2818 456 ARCIIIEP.
3734 401 3826 456 δ’ἵῖ

664 491 710 560 5
751 491 837 560 III,
870 495 953 550 Il.
997 496 1114 565 Ipse
1165 513 1248 551 τοι
1289 498 1570 568 baptizabit
1613 501 1663 551 in
1725 499 1928 569 Spiritu
1977 513 2153 557 sancta

2332 513 2526 579 Αὐτός
2579 514 2733 584 ὑμᾶς
2770 515 3056 579 βαπτίσει
3107 516 3175 569 ἑν
3207 517 3504 585 Πνεύματι
3544 513 3694 582 ἁγίῳ
3734 513 3822 566 καὶ

591 590 637 634 et
665 583 792 651 igni.
1177 634 1194 648 ,

685 674 980 744 Conjunxit
1031 687 1209 733 autem
1279 679 1523 750 Baptista
1581 681 1817 753 Spiritus
1879 685 2154 755 signiﬁca-

589 764 722 819 tioni
765 766 912 820 illam
949 767 1108 837 ignis,
1148 785 1252 824 non
1286 772 1339 825 in
1377 773 1495 842 igne
1532 775 1753 828 omnino
1801 774 2155 844 baptizandos

587 871 688 910 nos
748 858 932 914 dicens
986 876 1076 929 per
1124 861 1416 928 Christum,
1451 863 1543 918 sed
1605 865 1868 918 viviﬁcam
1921 867 2154 934 Spiritus

586 946 955 1004 cﬂicacitatem
1011 966 1106 1022 per
1159 953 1611 1023 signiﬁcationem
1659 959 1793 1026 ignis
1846 959 2147 1014 insinuans.

655 1119 856 1186 III,12.
897 1125 1064 1195 Cujus
1109 1128 1448 1184 uentilabrum
1485 1132 1535 1183 in
1573 1149 1728 1186 manu
1781 1152 1898 1196 sua,
1951 1147 1997 1190 e‘t
2034 1155 2151 1204 per-

583 1214 857 1268 mnndabit
889 1232 1064 1270 aream
1093 1235 1264 1284 suam,
1297 1229 1345 1272 et
1382 1225 1709 1292 congregabit
1736 1228 1965 1280 triticum
1998 1246 2148 1283 suum

583 1303 636 1354 in
664 1304 926 1360 horreum.

654 1391 836 1448 Justos
886 1397 1025 1464 rapit
1074 1397 1126 1450 in
1171 1399 1446 1454 civitatem
1491 1417 1803 1473 supernam,
1837 1417 2148 1474 peccatores

581 1493 758 1537 autem
796 1487 898 1556 igni
930 1491 1164 1542 urendos
1197 1492 1382 1545 tradit.

651 1574 734 1640 ιν,
771 1575 818 1628 I.
863 1579 1002 1630 Tunc
1031 1579 1185 1633 Iesus
1219 1585 1406 1635 ductus
1435 1591 1510 1635 est
1557 1583 1612 1636 in
1643 1585 1906 1639 desertum
1942 1603 1972 1639 a
2019 1584 2145 1656 Spi-

579 1665 705 1728 ritu,
744 1675 801 1718 ut
821 1676 1115 1723 tentaretur
1143 1689 1174 1724 a
1202 1673 1431 1726 diabolo.

647 1755 1007 1813 Consentiens
1034 1759 1336 1816 ducebatur
1367 1781 1393 1818 a
1415 1766 1648 1821 diabolo.

646 1861 739 1929 IV,
783 1865 836 1920 5.
871 1865 938 1919 Et
993 1872 1241 1923 accedens
1295 1880 1543 1939 tentator,
1578 1875 1715 1927 dixit
1759 1875 1823 1941 ei,
1863 1873 1924 1931 Si
1974 1874 2148 1934 Filius
2184 1853 2224 1907 Β

577 1949 678 2006 Dei
701 1969 774 2019 es,
806 1958 890 2010 dic
911 1970 963 2011 ut
995 1958 1196 2028 lapides
1219 1963 1308 2016 isti
1345 1981 1504 2036 panes
1537 1966 1690 2035 ﬁant.

656 2135 771 2192 Non
795 2143 1186 2210 obtemperavit
1220 2144 1470 2203 Christus
1500 2149 1714 2205 diabolo
1767 2157 2153 2213 eonvertendis

578 2231 633 2285 in
665 2245 834 2300 panes
879 2233 1144 2302 lapidibus
1178 2254 1190 2290 :
1230 2243 1517 2306 prepterea
1561 2243 1702 2310 quod
1743 2245 1872 2298 utile
1914 2247 2012 2316 ipsi
2060 2264 2152 2315 pe-

580 2322 716 2376 tenti
776 2326 1104 2388 postulatum
1171 2326 1272 2380 hoc
1313 2329 1638 2391 miraculum
1680 2349 1783 2386 non
1833 2346 1953 2390 erat
2007 2338 2148 2393 lutu-

582 2411 890 2465 rum.Non‘
934 2415 1076 2467 enim
1133 2425 1190 2469 ut
1255 2421 1500 2472 crederet
1551 2423 1732 2491 sicque
1787 2427 1836 2478 in
1896 2429 2150 2483 amissam

582 2503 880 2572 angelicam
917 2507 1226 2574 dignitatem
1264 2511 1590 2576 postliminio
1627 2518 1844 2581 rediret,
1877 2519 1976 2573 hoc
2008 2531 2154 2587 pete-

579 2595 1072 2665 bat,-pmnitentiae
1128 2598 1391 2668 siquidem
1435 2597 1659 2671 ineaan
1711 2617 1814 2672 est,
1871 2613 1962 2662 sed
2006 2615 2148 2667 utin

579 2687 865 2742 elationem
893 2703 1083 2743 vanam
1128 2693 1402 2746 Christum
1441 2699 1701 2753 traheret.
1744 2699 1892 2766 Quod
1957 2705 2153 2758 intelli-

580 2789 710 2844 gens
737 2773 985 2830 Salvator
1010 2794 1113 2832 non
1140 2791 1220 2834 est
1246 2783 1532 2839 obsecutus
1559 2787 1653 2842 illi.

648 2886 738 2954 IV,
776 2889 858 2943 1‘2.
897 2887 1026 2944 Cum
1059 2902 1229 2945 autem
1270 2897 1498 2950 audisset
1544 2901 1697 2953 Jesus
1743 2903 1880 2971 quod
1916 2902 2151 2960 Joannes

582 2980 809 3032 traditus
841 2991 995 3047 esset,
1030 2986 1236 3047 secessit
1267 2986 1318 3038 in
1352 2984 1649 3044 Gali/utam.

653 3067 804 3124 [laud
846 3083 987 3124 lltelll
1035 3079 1295 3144 secessit,
1337 3081 1430 3132 sed
1465 3092 1522 3133 ut
1554 3097 1652 3134 nos
1688 3098 1783 3152 per
1820 3099 1884 3140 ea
1915 3100 2033 3155 quae
2064 3085 2146 3140 fa-

2264 607 2427 673 πυρί.

2334 699 2602 768 Συνεδησε
2631 698 2686 751 δὲ
2716 702 2743 752 6
2767 699 3078 770 Βαπτιστὴς
3102 701 3165 768 τῇ
3205 699 3299 750 τοῦ
3328 697 3637 766 πνεύματος
3666 712 3827 762 σημα-

2261 788 2350 858 σία
2377 790 2476 857 τὴν
2512 788 2605 841 τοῦ
2649 791 2839 858 πυρὸς,
2874 791 2973 841 οὐκ
3006 793 3062 842 ὲν
3093 788 3228 858 πυρὶ
3276 788 3489 848 πάντως
3527 783 3824 852 βαπτισθή-

2263 879 2449 932 σεσθαι
2476 880 2650 948 λέγων
2672 883 2820 950 ἡμᾶς
2835 881 2932 934 διὰ
2959 881 3237 947 Χριστοῦ,
3271 879 3399 931 ἀλλὰ
3427 877 3524 946 τὴν
3545 875 3638 928 τοῦ
3672 875 3826 927 πνεύ-

2261 985 2430 1037 ματος
2465 972 2742 1040 ἐνέργειαν
2790 971 2887 1040 τὴν
2925 969 3208 1032 ζωοποιὸν,
3256 968 3342 1020 διὰ
3393 966 3489 1034 τῆς
3518 963 3613 1016 τοῦ
3664 963 3826 1033 πυρὸς

2259 1062 2536 1129 σημασίας
2573 1061 2851 1130 σημαίνων
2877 1061 2974 1130 (1).

2328 1149 2410 1207 Οὖ
2439 1153 2503 1204 τὸ
2532 1154 2722 1205 πτύον
2768 1153 2836 1204 ἐν
2875 1151 2948 1219 τῇ
2990 1151 3137 1220 χειρὶ
3172 1149 3376 1210 αὐτοῦ,
3409 1147 3506 1200 καὶ
3547 1147 3824 1198 διακαθα-

2246 1242 2370 1308 ριεῖ
2414 1243 2532 1309 τὴν
2569 1243 2768 1296 ἅλωνα
2818 1244 3022 1296 αὑτοῦ.
3060 1243 3168 1296 Καὶ
3215 1240 3466 1303 συνάξει
3507 1239 3615 1292 τὸν
3662 1238 3825 1292 σῖτον

2253 1335 2441 1388 αὑτοῦ
2474 1338 2561 1399 εἰς
2590 1334 2703 1401 τὴν·
2731 1335 3065 1400 ἀποθήκην.

2325 1426 2462 1486 Τοὺς
2493 1424 2734 1487 δικαίους
2765 1425 2840 1491 (9.)
2866 1425 3101 1492 ἁρπάζει
3127 1426 3205 1484 εἰς
3229 1421 3326 1490 τὴν
3363 1420 3475 1474 ἅνω
3504 1419 3686 1485 πόλιν,
3705 1418 3826 1481 τοὺς

2252 1501 2306 1569 δὲ
2338 1515 2690 1586 ἁμαρτωλοὺς
2720 1518 2797 1577 εἰς
2828 1515 2886 1566 τὸ
2911 1515 3271 1581 κατακαῆναι.

2329 1608 2463 1660 Τότε
2490 1609 2522 1659 ὀ
2561 1606 2788 1670 Ἰησοῦς
2830 1606 3061 1672 ἀνήχθη
3089 1607 3174 1667 εὶς
3203 1603 3314 1668 τὴν
3333 1605 3560 1670 ἔρημον
3580 1599 3702 1654 ὑπὸ
3722 1599 3825 1654 τοῦ

2251 1700 2617 1766 Πνεύματος,
2651 1697 3043 1763 πειρασθῆναι
3081 1697 3196 1748 ὑπὸ
3231 1693 3335 1747 τοῦ
3375 1693 3684 1746 διαϐόλου.

2333 1791 2465 1843 ’Υπδ
2518 1789 2612 1842 τοῦ
2668 1790 2741 1858 (5)
2789 1789 3226 1857 διαϐόλοψῆγετο
3270 1788 3407 1841 κατᾶ
3452 1783 3826 1852 συγχώρησιν..

2325 1905 2433 1957 Καὶ
2478 1904 2834 1970 προσελθὼν
2878 1901 3037 1966 αὐτῷ
3070 1904 3100 1954 ό
3144 1899 3461 1966 πειράζων,
3523 1893 3730 1948 εἶπεν·
3764 1896 3825 1949 El

2262 1997 2395 2058 Υἱὸς
2423 1996 2479 2047 εἷ
2512 1995 2619 2048 τοῦ
2656 1994 2825 2057 Θεοῦ,
2862 1992 2994 2045 εἰπὲ
3044 1993 3143 2044 ira
3185 1995 3238 2043 οἱ
3267 1991 3422 2043 λίθοι
3463 1983 3631 2042 οὗτοι
3661 1985 3828 2052 ἄρτοι

2255 2085 2561 2155 γένωνται.

2325 2178 2435 2246 Οὐχ
2463 2178 2772 2244 ὑπήκουσεν
2801 2176 2828 2226 6
2860 2172 3092 2244 Χριστὸς
3111 2170 3201 2223 τοῦ
3225 2169 3471 2220 διαϐόλου
3498 2165 3639 2217 ὥστε
3669 2163 3828 2230 ποιῆ-

2255 2284 2346 2320 σαι
2389 2267 2514 2328 τοὺς
2561 2265 2741 2325 λίθους
2795 2264 3026 2330 ἄρτους’
3081 2260 3213 2312 διότι
3268 2258 3326 2309 οὺ
3367 2255 3502 2325 πρὸς
3556 2253 3830 2317 (inpellat-av

2254 2358 2418 2412 αὐτοῦ
2448 2353 2514 2426 ἦν
2535 2373 2546 2385 ·
2584 2357 2646 2407 οὺ
2676 2355 2781 2424 γὰρ
2813 2355 2899 2406 ἵνα
2923 2351 3188 2420 πιστεύσῃ
3218 2350 3312 2401 καὶ
3333 2348 3558 2416 γενηται
3591 2344 3666 2405 ὡς
3693 2344 3827 2411 πρὸ·

2251 2466 2409 2519 τερον
2441 2444 2507 2517 ἦν
2555 2446 2805 2513 ἄγγελος,
2837 2443 2994 2496 τοῦτο
3037 2445 3217 2512 ῂτεῖτο
3254 2437 3646 2508 (ἅμετανόητος
3671 2433 3826 2502 γὰρ).

2254 2540 2482 2593 ἀλλ’ἵνα
2531 2539 2609 2599 εἰς
2650 2535 2954 2599 κενοδοξίαν
2998 2534 3198 2602 ἐλκύσῃ
3243 2532 3335 2582 τὸν
3385 2529 3652 2600 Χριστόν·
3687 2527 3827 2594 ὅπερ

2254 2632 2406 2694 εἰδὼς
2433 2633 2460 2684 6
2489 2631 2680 2698 Σωτὴρ
2713 2629 2810 2698 οὐχ
2834 2629 3144 2698 ὑπήκουσεν
3179 2624 3365 2680 αὐτοῦ.

2337 2906 2619 2970 Ἀκούσας
2653 2903 2722 2957 δὲ
2751 2907 2782 2957 ὀ
2823 2901 3050 2968 Ἰησοῦς
3076 2901 3161 2952 ὅτι
3191 2896 3464 2960 Ἰωάννης
3502 2891 3849 2960 παρεδόθη.

2253 2997 2634 3065 ἀνεχώρησεν
2661 2996 2747 3058 εις
2777 2993 2891 3059 τὴν
2917 2990 3269 3045 Γαλιλαίαν.

2329 3064 2402 3158 (ι)
2444 3090 2516 3140 Οὐ
2543 3088 2629 3139 διὰ
2660 3086 2862 3138 δειλίαν
2902 3083 3280 3152 ὑπεχώρησεν,
3316 3075 3428 3130 ἀλλ’
3461 3076 3610 3146 ἡμᾶς
3656 3073 3730 3124 δι’
3759 3064 3830 3124 ὧν

580 3159 754 3215 ciebat
781 3165 1018 3218 crudiret
1049 3168 1243 3221 cedere
1276 3167 1447 3222 locum
1476 3176 1934 3238 persecutoribus.
1988 3177 2150 3231 Sece-

2262 3178 2426 3230 ἐποίει
2449 3179 2710 3230 διδάσκων
2739 3176 3042 3243 ὑποχωρεῖν
3065 3175 3177 3233 τοῖς
3209 3171 3520 3222 διώκουσινο
3554 3165 3832 3233 ἀναχωρεῖ

579 3253 656 3304 dit
689 3263 864 3307 autem
898 3272 959 3309 ex
993 3255 1175 3312 Iudaea
1224 3260 1288 3312 ad
1327 3272 1549 3329 gentes,
1594 3265 1969 3320 demonstrans
2006 3271 2147 3334 quod

579 3356 688 3395 non
734 3359 874 3396 nunc
919 3346 1259 3411 potissimum
1298 3367 1418 3403 cum
1463 3349 1631 3406 Judaei
1681 3356 1730 3408 in
1769 3358 1940 3425 ipsum
1984 3359 2147 3413 Deum

580 3433 959 3486 ccutunteliosi
998 3447 1156 3498 sunt,
1201 3441 1407 3493 recedit
1462 3443 1528 3494 ab
1573 3444 1707 3508 illis,
1757 3462 1939 3499 verum
1987 3451 2149 3503 etiam

587 3537 710 3576 cum
751 3524 1015 3578 adversus
1074 3537 1290 3580 sanctos
1348 3532 1638 3598 prephetas
1692 3547 1937 3604 peccant.
1977 3539 2148 3594 Porro

584 3612 672 3667 lux
718 3631 947 3686 magna,
991 3618 1237 3672 Christus
1289 3630 1371 3673 est
1423 3619 1681 3678 Dominus
1732 3637 1946 3692 noster,
1989 3630 2148 3699 cujus

581 3705 806 3761 claritas
865 3710 1177 3778 praedicatio
1239 3717 1548 3784 evangelica
1607 3733 1728 3775 esse
1790 3721 2148 3790 dignoscitur.

582 3804 725 3876 Ergo
758 3807 926 3877 legem
962 3808 1177 3864 lucerna
1213 3811 1380 3866 veluti
1425 3817 1878 3882 repraesentabat;
1925 3820 2153 3888 ideoque

583 3907 839 3964 perpetua
873 3898 1094 3953 lucerna
1139 3901 1190 3953 in
1229 3902 1576 3958 tabernaculo
1614 3910 2047 3976 accemlebatur,
2084 3915 2151 3965 ob

581 3987 994 4054 signiﬁcandum
1027 3991 1280 4059 exiguum
1312 3993 1652 4060 splendorem
1679 3997 1810 4067 legis
1830 4038 1846 4065 ,
1872 4017 1990 4067 quae
2019 4018 2154 4056 non-

583 4079 688 4131 nisi
725 4077 866 4133 iutra
910 4080 1044 4136 ﬁnes
1065 4079 1316 4138 Judaicos
1341 4084 1514 4138 lucem
1550 4103 1702 4141 suam
1733 4093 2036 4158 expandere
2059 4110 2156 4161 po-

585 4179 823 4224 terat.——
845 4171 972 4228 .lesu
1004 4175 1242 4230 secessio
1267 4215 1284 4240 ,
1326 4178 1692 4244 magisterium
1739 4193 1980 4238 nostrum
2032 4197 2150 4240 est:

581 4262 868 4316 manifeste
910 4265 1054 4318 enim
1096 4267 1252 4321 docet
1298 4269 1385 4322 hic
1428 4269 1739 4338 Scriptura,
1781 4275 2049 4329 neminem
2085 4278 2151 4332 ad

582 4353 961 4423 magisterium
1015 4359 1275 4414 accedere
1311 4360 1542 4426 debere,
1574 4363 1673 4416 nisi
1715 4373 1872 4418 antea
1911 4367 2153 4436 baptiza-

581 4451 670 4495 tus
721 4456 1079 4522 sanctumque
1111 4447 1371 4515 Spiritum
1413 4452 1639 4517 adeptus
1675 4453 1875 4517 fuerit,
1926 4467 1980 4510 et
2026 4474 2150 4525 per-

2258 3269 2314 3320 δὲ
2361 3270 2423 3320 ἐκ
2451 3269 2550 3337 τῆς
2587 3266 2846 3328 Ἰουδαίας
2881 3265 2973 3316 ἐπὶ
3019 3264 3088 3315 τὰ
3118 3263 3264 3328 ἔθνη,
3299 3260 3510 3319 δεικνὺς
3544 3260 3627 3310 ὅτι
3669 3257 3829 3324 μόνον

2258 3361 2346 3412 ὅτε
2390 3362 2468 3422 εἰς
2518 3360 2680 3411 αὑτὸν
2715 3359 2803 3410 τὸν
2853 3357 2982 3410 Θεὸν
3032 3354 3403 3424 ἐνυϐρίζουσιν
3455 3351 3506 3403 οἱ
3558 3350 3828 3411 Ἰουδαῖοι,

2259 3452 2550 3518 ἀφίσταται
2609 3449 2805 3510 αὐτῶν,
2861 3447 2997 3502 ἀλλὰ
3042 3447 3136 3498 καὶ
3189 3446 3276 3497 ὅτε
3324 3445 3402 3505 είς
3452 3441 3576 3502 τοὺς
3639 3440 3832 3505 ἁγίους

2261 3544 2547 3612 προφήτας
2579 3541 2984 3611 ἁι.ι.αρ·ιτάνουσι⁸
3026 3537 3140 3605 φῶς
3173 3537 3228 3588 δὲ
3274 3535 3413 3604 μέγα
3445 3534 3559 3583 ἐστὶ
3593 3529 3832 3628 Χριστὸς

2259 3634 2286 3685 6
2327 3632 2530 3702 Κύριος
2556 3633 2732 3703 ἡμῶν,
2782 3632 2936 3698 καὶὴ
2975 3629 3266 3699 φαιδρότης
3318 3624 3412 3677 τοῦ
3467 3622 3831 3689 εὐαγγελικοῦ

2261 3722 2636 3791 κηρύγματος.
2671 3722 2878 3774 Οὐκοῦν
2908 3724 2935 3774 6
2960 3724 3122 3789 νόμος
3161 3720 3236 3781 ὼς
3268 3717 3446 3786 λύχνῳ
3491 3711 3558 3784 ἦν
3593 3716 3829 3764 ἀπεικα-

2261 3813 2406 3876 σοείς
2432 3831 2444 3842 ·
2466 3814 2545 3865 διὸ
2575 3816 2667 3865 καὶ
2703 3816 2786 3865 ἀεὶ
2813 3815 2868 3865 ἐν
2895 3816 2960 3882 τῇ
2988 3814 3156 3880 σκηνῇ
3183 3809 3373 3879 λύχνος
3396 3807 3634 3867 ἐκαίετο,
3659 3804 3750 3855 διὰ
3773 3800 3833 3854 τδ

2265 3905 2436 3975 βραχὺ
2467 3905 2566 3972 τῆς
2612 3905 2703 3957 τοῦ
2740 3906 2904 3974 νόμου
2938 3904 3130 3971 αὐγῆς,
3178 3904 3306 3970 ἄχρι
3358 3898 3514 3968 μόνον
3548 3895 3660 3947 τῶν
3698 3895 3833 3946 Ἰου-

2259 3998 2462 4051 δαϊκῶν
2491 3999 2630 4067 ὅρων
2669 3996 2868 4066 ἰσχύων
2902 3993 3178 4063 ἐκπέμψαι
3209 3992 3270 4043 τὸ
3308 3991 3436 4042 ἴδιον
3467 3987 3602 4056 φῶς.
3637 4015 3705 4026 —-
3741 3987 3833 4035 Δι-

2260 4089 2554 4149 δασκαλίας
2584 4089 2730 4140 ἐστὶν
2779 4087 2838 4139 τὸ
2872 4087 3171 4154 ἀναχωρεῖν
3219 4084 3308 4134 τὸν
3358 4080 3598 4149 Ἰησοῦν·
3641 4075 3830 4142 σαφῶς

2259 4180 2414 4247 λόγος
2440 4180 2678 4233 διδάσκει
2723 4180 2803 4230 ὅτι
2833 4179 2891 4230 οὐ
2919 4179 3020 4247 χρή
3055 4192 3174 4228 τινα
3227 4174 3318 4224 ἐπὶ
3359 4172 3418 4222 τὸ
3457 4167 3828 4221 διδασκαλεῖον

2260 4271 2454 4334 ἐλθεῖν,
2492 4272 2538 4322 εἰ
2567 4271 2640 4338 μὴ
2677 4271 2935 4339 πρότερον
2961 4266 3252 4337 βαπτισθῇ,
3281 4265 3313 4333 ἢ
3341 4262 3478 4333 τύχῃ
3514 4259 3830 4329 Πνεύματος

2261 4364 2432 4430 ἁγίου,
2493 4364 2586 4415 καὶ
2635 4359 2903 4434 νηστεύσῃ
2958 4361 3284 4429 ὁλοκλήρως,
3327 4356 3422 4407 καὶ
3469 4353 3666 4422 νικήσῃ
3723 4349 3828 4399 πᾶν

2260 4451 2400 4515 εἶδος
2436 4452 2763 4522 πειρασμοῦ,
2796 4453 2869 4514 ὡς
2896 4455 2923 4504 ὁ
2953 4452 3118 4513 τύπος
3163 4451 3261 4511 τῆς
3295 4444 3554 4506 ἀληθείας
3604 4437 3826 4512 ἦρξατοι

585 4531 726 4586 fecte
768 4533 1130 4602 jejunaverit,
1189 4547 1350 4606 atque
1393 4555 1552 4596 omne
1607 4546 1924 4600 tentationis
1983 4564 2150 4614 genus

2262 4547 2350 4598 ml.
2379 4545 2464 4600 διὰ
2493 4542 2730 4615 Χριστοῦ
2764 4543 2993 4612 γίνεται.

586 4625 967 4691 superaverit:
1003 4627 1142 4693 quod
1175 4644 1381 4696 reapse.
1418 4633 1662 4698 veritatis
1695 4647 1871 4705 typus,
1909 4640 2155 4696 Christus

586 4714 808 4784 inquam
831 4754 846 4778 ,
881 4716 1095 4771 initium
1131 4721 1320 4789 agendi
1357 4720 1501 4776 fecit.

656 4823 757 4892 IV,
791 4826 878 4881 16.
919 4826 1182 4898 Populus,
1209 4833 1298 4900 qui
1333 4832 1547 4887 sedebat
1570 4835 1623 4888 in
1657 4837 1901 4900 tenebris.
1933 4841 2155 4894 viditlu-

583 4933 692 4972 cem
732 4935 996 4988 magnam.

657 5008 941 5065 Tenebras
981 5012 1067 5064 hic
1091 5025 1196 5065 non
1234 5013 1332 5067 has
1362 5015 1643 5070 sensibiles
1679 5017 1846 5080 dicit,
1876 5020 1970 5072 sed
2003 5033 2157 5074 erro-

588 5118 698 5154 rem
720 5112 776 5155 et
797 5101 1177 5156 idololatrian}.
1200 5101 1403 5158 Idcirco
1420 5107 1566 5159 addit
1592 5127 1603 5162 :
1625 5110 1978 5164 «Sedentibus
1996 5112 2045 5164 in
2070 5128 2155 5167 re-

585 5193 743 5262 gione
773 5201 828 5246 et
857 5195 1045 5246 umbra
1083 5195 1273 5249 mortis
1304 5195 1391 5248 lux
1422 5186 1643 5252 all'ulsit:
1665 5199 1812 5253 phlox
1843 5210 1898 5253 ut
1931 5203 2154 5256 demon-

587 5291 721 5334 stret
747 5321 762 5346 ,
793 5282 934 5348 quod
963 5299 1068 5335 non
1097 5283 1194 5350 ipsi
1226 5285 1518 5349 qumrendo
1545 5287 1869 5351 invenerint,
1900 5290 1993 5340 sed
2020 5289 2156 5342 Deus

585 5370 787 5424 eisdem
823 5385 1056 5439 superne
1092 5388 1153 5427 se
1184 5373 1466 5436 obtulerit,
1493 5391 1511 5424 ι
1545 5372 1663 5440 Ipsa
1698 5373 1787 5428 lux
1815 5376 2002 5429 oborta
2027 5385 2111 5430 est
2133 5414 2150 5441 ,

661 5524 738 5590 (ι)
757 5525 1133 5590 Evr-donas...
1162 5527 1494 5591 σημαίνων.
1527 5526 1648 5579 Haec
1674 5526 1861 5582 iisdem
1895 5527 2005 5582 fere
2035 5541 2155 5582 ver-

588 5588 1112 5669 bisdeguntur-inl'ra
1146 5596 1208 5644 ad
1232 5588 1348 5648 Luc
1402 5596 1486 5655 Ill,
1521 5597 1604 5669 ιβ.
1645 5597 1801 5669 l‘lutfr.

780 5663 922 5736 τοὺς
947 5663 1292 5736 δικαίουςτ-
1311 5665 1693 5731 κατακαῆναι.
1721 5665 1964 5721 Cramer.
1987 5683 2037 5736 p.
2061 5667 2150 5720 Ἡ.

784 5729 930 5786 ’Υπὸ
966 5758 1036 5773 --
1063 5731 1468 5799 συγχάῳησις.
1503 5729 1745 5787 Cramer.
1773 5750 1820 5801 p.
1852 5736 1921 5788 Si}

2341 4831 2403 4884 Ὀ
2425 4831 2571 4896 λαὸς
2599 4832 2632 4885 δ
2660 4830 2997 4899 καθήμενος
3025 4829 3092 4881 ἐν
3114 4828 3340 4891 σκότει,
3366 4823 3490 4880 εἶδε
3511 4824 3630 4896 φῶς
3648 4822 3822 4892 μέγα.

2336 5011 2410 5080 (5)
2445 5011 2641 5074 Σκότος
2696 5012 2925 5064 ἐνταῦθα
2975 5013 3036 5064 οὐ
3093 5012 3152 5064 τὸ
3187 5009 3443 5080 αἰσθητὸν
3478 5008 3648 5070 καλεῖ,
3688 5004 3826 5058 ἀλλὰ

2262 5101 2360 5170 τὴν
2415 5102 2620 5170 πλάνην
2677 5104 2768 5155 καὶ
2802 5105 2897 5171 τὴν
2935 5102 3220 5154 ἀσέϐειαν
3278 5102 3357 5154 διὸ
3413 5101 3508 5152 καὶ
3540 5099 3782 5166 ἐπήγαγε
3809 5112 3823 5126 ’

2269 5211 2287 5244 ι
2331 5194 2454 5255 Τοῖς
2486 5194 2809 5263 καθημένοις
2848 5198 2904 5246 ὲν
2935 5194 3088 5264 χώρᾳ
3123 5195 3217 5247 καὶ
3271 5194 3396 5262 σκιᾷ
3425 5193 3671 5252 θανάτου,
3708 5183 3825 5255 φῶς

2263 5286 2503 5354 ἔλαμψεν
2532 5288 2730 5340 αὐτοῖς.
2770 5307 2788 5337 ι
2826 5283 2957 5339 Εἶτα
2979 5287 3188 5348 δεικνὺς
3219 5288 3298 5338 ὅτι
3322 5286 3422 5336 οὐκ
3469 5283 3618 5335 αὐτοὶ
3661 5281 3826 5348 ζητή-

2264 5391 2452 5438 σαντες
2485 5369 2662 5446 εῦρον,
2689 5375 2803 5428 ἀλλ’
2831 5379 2859 5429 ὀ
2885 5377 3014 5440 Θεὸς
3046 5377 3230 5439 αὐτοῖς
3263 5374 3469 5429 ἄνωθεν
3499 5375 3685 5441 ἐφάνη,
3716 5383 3826 5438 φη-

2334 5533 2409 5599 (i)
2448 5536 2526 5587 Οἱ·
2557 5532 2655 5586 διὰ
2689 5561 2760 5572 -
2787 5533 3043 5600 Χριστοῦ
3083 5534 3326 5601 γίνεται.
3363 5528 3488 5585 Mai.
3518 5529 3584 5586 Β.
3627 5526 3693 5584 Ν.
3733 5522 3823 5598 III,

2264 5601 2408 5738 1ﬁlii)
2435 5674 2652 5736 Σκότος
2681 5705 2747 5716 —-
2779 5672 3284 5728 ἀπαλλάττεσθαι.
3319 5672 3450 5730 Ibid.
