4058 6280
519 393 622 452 575

615 527 834 584 Carnali
861 525 1029 582 cultui
1061 525 1267 581 Cultum
1299 525 1354 580 in
1381 524 1578 596 spiritu
1628 540 1693 580 ac
1721 524 1950 579 veritate
1989 521 2118 578 sub-
2147 523 2195 579 Δ

544 621 721 678 stituit
749 619 1034 674 Dominus.
1066 618 1204 685 Quin
1245 619 1382 673 adeo
1424 632 1544 688 quae
1579 632 1646 672 ne
1675 616 1968 670 carnaliter
2000 613 2120 682 qui-

546 716 670 769 dem
701 710 873 767 Judaei
909 709 1142 765 fortasse
1178 709 1447 780 agebant,
1483 707 1596 762 haec
1615 705 1935 776 spiritaliter
1965 702 2120 757 Chri-

543 807 613 862 sti
645 812 812 875 agunt
839 802 1108 873 discipuli.
1147 802 1514 870 Quamobrem
1561 819 1580 854 ι
1635 800 1708 854 ait
1742 818 1754 853 :
1818 798 1928 852 lota
1955 809 2119 850 unum

544 907 638 953 aut
674 911 813 952 unus
844 910 981 966 apex
1012 909 1119 950 non
1153 893 1603 964 prmtermittetur
1651 892 1716 946 de
1764 891 1915 960 lege,
1949 887 2123 943 donec

545 991 727 1048 omnia
764 990 914 1045 ﬁant.
955 1008 974 1042 ι
1008 988 1357 1059 Perspicuum
1380 996 1496 1054 est,
1537 994 1728 1041 cuncta
1773 982 1988 1038 Judacos
2017 996 2121 1036 non

547 1083 764 1149 fecisse,
819 1081 900 1136 vel
931 1079 977 1137 si
1016 1081 1145 1136 olim
1181 1081 1459 1145 fecerunt,
1512 1079 1623 1149 jam
1667 1092 1809 1132 nunc
1849 1076 2125 1132 desierant

545 1175 764 1241 facere,
829 1174 1088 1244 prohibiti
1158 1173 1386 1237 scilicet,
1428 1172 1587 1226 modo
1646 1185 1833 1240 regum
1905 1170 2121 1235 timore,

547 1269 709 1322 modo
735 1268 914 1334 templi
939 1267 1328 1329 destructione,
1349 1266 1400 1318 in
1423 1279 1531 1333 quo
1558 1279 1664 1318 uno
1688 1261 1954 1317 saeriticia
1996 1276 2121 1331 per-

547 1359 631 1427 agi
659 1358 961 1429 oportebat.

617 1450 685 1515 γ,
721 1449 806 1504 19.
843 1449 947 1516 Qui
971 1447 1178 1503 solverit
1212 1464 1373 1501 unum
1420 1449 1482 1503 de
1534 1444 1798 1500 mandatis
1849 1445 1968 1498 istis
2011 1443 2119 1496 mi—

548 1541 724 1594 nimis.

617 1634 720 1700 Qui
748 1633 829 1687 vel
867 1647 1029 1687 unum
1064 1631 1199 1702 legis
1223 1638 1553 1701 praeceptum
1579 1628 1747 1692 delet,
1774 1627 1983 1682 deletur
2010 1627 2125 1694 ipse

546 1739 575 1777 a
609 1722 755 1788 Deo,
807 1731 992 1793 utpote
1047 1721 1145 1778 Dei
1200 1722 1578 1786 adversarius,
1617 1728 1672 1773 et
1707 1726 1897 1772 contra
1951 1717 2123 1786 legem

544 1811 663 1880 ejus
689 1827 874 1882 agens.
926 1813 1040 1867 lmo
1082 1828 1226 1867 nunc
1281 1813 1349 1866 ab
1400 1808 1713 1880 evangelica
1754 1811 1871 1878 lege
1906 1821 2122 1876 poenam

545 1904 821 1975 perferet,
861 1920 1020 1975 quam
1052 1906 1228 1974 prisca
1262 1903 1344 1958 lex
1399 1917 1504 1956 non
1542 1900 1835 1956 inferebat.
1887 1897 2124 1968 Ideoque

545 2005 602 2051 et
627 2005 1020 2065 consequenter
1045 1997 1119 2050 ait
1141 1995 1388 2051 Christus
1418 2012 1430 2048 :
1472 2013 1490 2045 ι
1525 1991 1640 2047 Νοιι
1669 1995 1793 2046 veni
1824 1993 1993 2060 legem
2019 1991 2127 2045 sol-

547 2103 712 2150 vere,
744 2088 841 2143 sed
873 2087 1187 2156 adimplere.
1223 2106 1242 2138 ι
1275 2085 1426 2152 Quod
1462 2086 1605 2139 enim
1643 2084 1713 2139 ibi
1747 2085 1948 2138 dictum
1988 2083 2124 2149 fuit,

551 2177 641 2233 hic
671 2187 754 2233 est
777 2177 1099 2247 perfectum.
1125 2175 1180 2231 In
1213 2177 1326 2248 lege
1346 2218 1360 2243 ,
1394 2188 1517 2246 puta
1537 2216 1551 2242 ,
1578 2176 1776 2231 dictum
1806 2174 1905 2230 fuit
1936 2195 1949 2231 :
1985 2195 2002 2226 ι
2025 2176 2128 2229 Co-

549 2283 667 2322 ram
691 2284 826 2322 cano
858 2269 1032 2338 capite
1067 2284 1330 2338 coasurge
1355 2270 1399 2322 ³.
1431 2288 1450 2320 ι
1508 2269 1577 2324 Ει
1605 2287 1618 2323 :
1657 2287 1676 2321 ι
1717 2268 1772 2323 Si
1812 2267 2010 2322 videris
2041 2266 2129 2332 ju-

551 2368 797 2414 mentum
853 2360 1056 2415 inimici
1112 2360 1188 2416 tui
1228 2362 1326 2415 sub
1373 2362 1586 2415 sarcina
1614 2359 1863 2429 lapsum,
1913 2359 1994 2412 fer
2025 2357 2125 2426 ipsi

551 2465 710 2520 opem
741 2450 808 2506 ad
843 2450 972 2505 illud
1019 2451 1414 2506 sublevaudum
1449 2451 1491 2506 ⁸.
1535 2468 1554 2502 ι
1612 2451 1863 2504 Attamen
1912 2449 1954 2504 si
2008 2449 2128 2517 quis

551 2543 671 2598 haec
698 2551 963 2613 praecepta
997 2554 1365 2613 transgressus
1405 2543 1615 2608 fuissel,
1651 2557 1867 2612 poenam
1926 2540 2126 2596 nullam

551 2635 640 2690 lex
693 2634 966 2704 inﬂigebat
998 2655 1012 2691 :
1047 2651 1209 2704 quam
1258 2635 1474 2706 quidem
1528 2634 1827 2703 adimplens
1883 2632 2130 2687 Christus

554 2725 666 2790 ait,
725 2726 997 2780 hominem
1061 2726 1367 2795 hujusmodi
1419 2727 1470 2780 in
1509 2740 1675 2796 regno
1723 2724 1817 2779 Dei
1848 2722 1963 2778 fore
1991 2737 2127 2777 con-

554 2818 926 2873 temnendum.
957 2815 1070 2873 Hoc
1102 2818 1282 2888 itaque
1312 2819 1419 2872 etsi
1454 2818 1741 2877 minimum
1777 2825 2127 2886 praeceptum,

555 2907 712 2978 cujus
736 2909 917 2964 violati
954 2909 1081 2964 olim
1117 2909 1259 2963 nulla
1292 2917 1411 2964 erat
1459 2909 1691 2962 vindicta
1715 2949 1730 2974 ,
1773 2909 1816 2962 si
1840 2907 1965 2976 quis
1991 2905 2132 2960 dele-

555 3000 733 3064 verit,
770 2999 856 3054 hic
890 2999 942 3053 in
976 3014 1116 3054 novo
1144 2999 1346 3054 {cedere
1371 3013 1586 3068 poenam
1632 2998 1856 3054 referet.

627 3087 679 3161 7
713 3085 813 3152 Qui
848 3100 1023 3142 autem
1056 3089 1237 3158 fecerit
1263 3100 1313 3141 et
1353 3089 1612 3158 docuerit,
1654 3089 1736 3142 hic
1783 3101 2007 3156 magnus
2041 3101 2132 3140 uo-

558 3174 764 3229 cabitur
789 3178 842 3231 in
871 3194 1026 3249 regno
1060 3177 1328 3233 caelorum.

631 3265 784 3331 Quod
816 3269 902 3323 hic
931 3271 995 3323 de
1021 3269 1396 3339 coniungenda
1446 3267 1645 3323 actioni
1679 3267 1928 3322 doctrina
1973 3265 2133 3322 Chri-

561 3368 678 3412 stus
713 3369 920 3422 monet,
959 3369 1089 3426 puto
1124 3361 1174 3413 in
1215 3359 1334 3430 lege
1368 3357 1734 3428 significatum
1785 3357 2137 3411 distinctione

561 3450 888 3506 mundarum
921 3453 1223 3522 pecudum;
1258 3467 1492 3520 quarum
1526 3467 1669 3506 unus
1702 3467 1770 3505 ex
1801 3450 2137 3505 characteri-

563 3543 670 3595 bus
697 3551 841 3605 erat,
874 3539 1034 3596 ﬁssas
1068 3541 1301 3610 ungulas
1329 3542 1526 3611 pedum
1558 3542 1798 3606 habere;
1845 3555 1951 3610 quo
1979 3541 2140 3596 tacite

561 3631 938 3702 praescribitur
981 3631 1193 3687 bisulco
1231 3632 1388 3702 pede,
1415 3633 1870 3699 consideratione,
1893 3632 2134 3701 inquam,

563 3732 619 3778 et
656 3724 837 3795 praxi,
875 3725 1258 3779 ambulandum
1309 3739 1432 3780 esse
1476 3726 1654 3789 nobis,
1685 3733 1744 3778 ut
1784 3739 1957 3793 neque
2003 3736 2137 3795 aga-

564 3833 688 3872 mus
739 3818 860 3872 siue
925 3817 1405 3885 contemplatione,
1459 3832 1638 3887 neque
1713 3815 2140 3884 contemplemur

1576 405 1636 460 5.
1675 403 1759 459 (Ξῖ
1771 400 1949 456 lilLLl
1990 397 2131 454 ALE‘

2236 396 2463 453 .‘lDRlNI
2505 393 2826 453 AltCHlEP.
3687 383 3769 438 376

2294 518 2370 588 (l)
2415 517 2560 571 Ἀντὶ
2582 516 2683 586 τῆς
2714 511 2979 584 σαρκικῆς
3007 503 3264 575 λατρείας
3305 500 3602 572 εἰσήγαγεν
3629 500 3656 552 6
3682 501 3769 553 K6—

2226 628 2340 681 ριος
2369 610 2467 682 τὴν
2500 612 2558 662 ἐν
2599 605 2871 677 πνεύματι
2907 601 3001 656 καὶ
3043 597 3275 668 ἀληθείᾳ
3359 594 3454 648 καὶ⁸
3487 593 3626 662 τάχα
3659 591 3774 678 ἅπερ

2223 701 2346 755 οὗτε
2373 698 2652 772 σαρκικῶς
2675 696 2891 751 ἐποίουν
2924 695 2973 745 οἱ
2999 690 3264 753 Ἰουδαῖοι,
3293 686 3468 740 ταῦτα
3501 682 3598 736 νῦν
3639 700 3775 735 πνευ-

2228 793 2473 865 ματικῶς
2511 793 2560 844 οἱ
2613 787 2851 859 Χριστοῦ
2907 781 3148 856 μαθηταὶ
3179 778 3426 832 ποιοῦσι⁵
3474 775 3554 829 διό
3605 790 3776 844 φησιν·

2228 901 2247 935 ι
2285 883 2436 935 Ἰῶτα
2455 881 2510 934 ἒν
2541 880 2574 952 ἢ
2602 880 2700 951 μία
2723 877 2918 948 κεραία
2947 874 3006 928 ού
3035 874 3108 944 μὴ
3135 868 3380 941 παρέλθῃ
3409 869 3473 920 ἐκ
3497 865 3590 918 τοῦ
3619 865 3780 934 νόμον,

2224 975 2328 1038 ἕως
2356 975 2534 1027 πάντα
2569 972 2826 1040 γένηταιο
2862 986 2881 1019 ›
2920 965 3075 1036 δῆλον
3106 965 3192 1017 ὅτι
3221 962 3280 1014 οὐ
3323 959 3503 1012 πάντα
3545 955 3784 1026 ἐποίησαν

2224 1069 2273 1121 οἱ
2305 1066 2584 1120 Ἰουδαῖοι·
2613 1063 2774 1134 ἢκᾶν
2812 1059 3094 1130 ἐποίησαν,
3148 1053 3455 1107 ἐπαύσαντο
3485 1048 3577 1102 τοῦ
3615 1051 3783 1112 ποιεῖν,

2230 1158 2427 1229 μηκέτι
2460 1154 2900 1226 συγχωρούμενοι
2931 1150 3156 1218 ποιῆσαι
3187 1146 3345 1211 αὐτὰ,
3375 1144 3451 1212 πῆ
3487 1143 3585 1212 μὲν
3612 1140 3702 1193 διὰ
3718 1141 3786 1192 τὸν

2227 1251 2391 1320 φόϐον
2421 1247 2528 1301 τῶν
2553 1245 2840 1317 βασιλέων,
2865 1245 2941 1313 πῆ
2981 1241 3036 1294 δὲ
3067 1240 3163 1293 καὶ
3189 1237 3266 1309 τῷ
3291 1233 3697 1290 καταλελύσθαι
3723 1233 3792 1285 τὸν

2226 1339 2372 1402 ναὸν,
2405 1339 2461 1392 ἐν
2498 1331 2541 1405 ᾧ
2564 1337 2708 1407 μόνῳ
2739 1334 2846 1387 ἔδει
2869 1333 2970 1395 τὰς
3003 1329 3196 1392 θυσίας
3234 1324 3623 1381 ἐπιτελεῖσθαι.

2304 1434 2400 1496 Ὃς
2429 1428 2538 1482 ἐὰν
2577 1422 2692 1481 οὖν
2718 1426 2880 1492 λύσῃ
2931 1423 3078 1493 μίαν
3128 1419 3245 1473 τῶν
3277 1415 3545 1472 ἐντολῶν
3585 1414 3798 1468 τούτων

2228 1523 2344 1576 τῶν
2384 1521 2744 1590 ἐλαχίστων.

2310 1615 2366 1665 Ὀ
2401 1612 2607 1666 ἀθετῶν
2639 1610 2713 1678 (2)
2750 1607 2876 1678 μίαν
2903 1604 3010 1658 τῶν
3052 1600 3146 1655 τοῦ
3197 1601 3363 1671 νόμου
3408 1596 3658 1655 ἐντολῶν.
3691 1594 3795 1648 ἀθε-

2227 1705 2399 1756 τεῖται
2435 1700 2584 1770 παρὰ
2609 1697 2700 1750 τοῦ
2728 1696 2862 1749 Θεοῦ
2889 1695 2963 1755 ὡς
2992 1691 3284 1761 θεομάχος,
3326 1687 3422 1740 καὶ
3463 1681 3799 1752 ἀντινομοθε-

2227 1794 2336 1847 τῶν
2360 1792 2437 1862 τῷ
2461 1790 2576 1861 Θεῷ
2611 1789 2686 1859 (5)
2709 1806 2722 1819 ·
2757 1787 2852 1840 καὶ⁸
2875 1784 2969 1838 νῦν
3012 1786 3076 1836 ἐκ
3114 1780 3208 1834 τοῦ
3248 1775 3608 1846 εὐαγγελικοῦ
3650 1775 3800 1844 νόμον

2233 1885 2446 1956 δέχεται
2470 1883 2568 1951 τὴν
2603 1878 2895 1950 τιμωρίαν,
2921 1877 2986 1945 ἣν
3019 1876 3046 1927 6
3077 1873 3242 1943 νόμος
3265 1870 3434 1923 πάλαι
3465 1869 3565 1920 οὐκ
3596 1862 3665 1936 ἦν
3700 1865 3801 1935 ὁρί-

2237 1993 2365 2041 σας·
2393 1974 2471 2028 διὸ
2502 1973 2594 2026 καὶ
2622 1969 2929 2031 ἀκολούθως
2975 1967 3121 2034 λέγει
3169 1965 3196 2016 ὁ
3227 1961 3484 2033 Χριστὸς,
3525 1961 3607 2013 ὅτι
3637 1978 3655 2009 ‹
3703 1957 3802 2010 Οὐκ

2233 2065 2394 2140 ἦλθον
2425 2063 2729 2118 καταλῦσαι
2757 2059 2847 2112 τὸν
2863 2058 3046 2128 νόμον,
3078 2053 3216 2108 ἀλλά
3246 2050 3537 2122 πληρῶσαι
3561 2063 3581 2140 '7
3608 2068 3627 2098 ι
3654 2047 3682 2099 ὃ
3708 2045 3805 2115 γὰρ

2234 2136 2351 2213 ἐκεῖ
2385 2157 2590 2223 ἔλεγεν,
2621 2149 2722 2206 ὧδε
2746 2152 2811 2206 ἂν
2837 2147 3129 2219 ἐπληρώθη
3155 2162 3168 2175 -
3202 2139 3312 2197 οἷον
3335 2145 3390 2194 ἐν
3420 2141 3498 2212 τῷ
3527 2139 3680 2210 νόμῳ
3709 2136 3807 2189 ἐλέ-

2235 2248 2358 2320 χθη·
2399 2265 2416 2298 ι
2468 2245 2600 2298 Ἀπὸ
2634 2242 2927 2314 προσώπου
2968 2237 3152 2292 πολιοῦ
3195 2234 3573 2304 ἐξαναστήσῃ.
3618 2249 3638 2282 ι
3683 2228 3807 2281 Καί·

2241 2359 2260 2391 ‹
2311 2337 2433 2390 Ἐἀν
2459 2337 2575 2408 ἴδῃς
2604 2335 2663 2386 τὸ
2686 2331 2979 2400 ὑποζύγιον
3009 2328 3101 2382 τοῦ
3130 2326 3325 2397 ἐχθροῦ
3370 2340 3463 2376 σου
3496 2323 3810 2373 ἐπιπεπτω-

2235 2432 2330 2494 κὸς
2378 2429 2483 2482 ὑπὸ
2529 2430 2620 2480 τὸν
2667 2426 2859 2496 γόμον,
2895 2424 3208 2492 συνέγειρον
3245 2418 3377 2472 αὐτὸ
3412 2416 3534 2486 μετ’
3563 2412 3744 2468 αὐτοῦ.
3792 2430 3806 2462 ι

2238 2521 2422 2576 Ταῦτα
2459 2522 2508 2572 εί
2549 2517 2760 2588 παρέϐη
2785 2533 2888 2579 τις,
2914 2515 3011 2568 οὐκ
3042 2510 3109 2584 ἦν
3138 2510 3378 2581 τιμωρία
3409 2505 3687 2578 ὀρισθεῖσα
3711 2502 3812 2556 ὑπὸ

2235 2614 2328 2668 τοῦ
2355 2613 2544 2681 νόμου,
2573 2611 2640 2682 ἣν
2663 2609 2997 2679 ἀποπληρῶν
3019 2606 3046 2656 6
3071 2603 3307 2676 Χριστός
3332 2617 3519 2671 φησιν,
3544 2598 3627 2650 ὅτι
3661 2597 3716 2647 ὲν
3746 2597 3811 2663 τῇ

2239 2704 2486 2778 βασιλείᾳ
2508 2701 2600 2754 τοῦ
2634 2699 2768 2754 Θεοῦ
2797 2701 2824 2752 6
2849 2697 3089 2758 τοιοῦτος
3130 2689 3636 2761 ἐξουθενηθήσεται.
3671 2683 3812 2737 Ταύ-

2236 2775 2335 2869 την
2362 2793 2455 2850 οὖν
2484 2795 2580 2847 καὶ
2608 2793 2656 2846 εί
2681 2790 2972 2859 ἐλαχίστην
3005 2785 3246 2856 ἐντολὴν,
3272 2784 3357 2851 ἐφ’
3389 2782 3456 2852 ἣν
3482 2781 3583 2832 οὐκ
3609 2775 3676 2847 ἦν
3703 2775 3815 2828 ἐκεῖ

2238 2864 2602 2960 παραϐάσεως
2631 2879 2944 2950 ἐπαγομένη
2971 2878 3214 2940 κόλασις,
3245 2877 3274 2928 ὁ
3306 2871 3538 2939 ἀθετῶν,
3569 2864 3720 2931 οὗτος
3752 2869 3816 2919 ἐκ

2237 2983 2334 3055 τῆς
2366 2983 2492 3043 νέας
2530 2977 2797 3046 διαθήκης
2822 2969 3299 3043 τιμωρηθήσεται.

2315 3079 2410 3142 Ὃς
2435 3075 2487 3127 δ’
2511 3073 2587 3126 ἂν
2609 3068 2836 3135 ποιήσῃ
2866 3066 2963 3119 καὶ
2994 3062 3228 3130 διδάξῃ,
3254 3054 3433 3123 οὗτος
3451 3056 3640 3126 μέγας
3674 3056 3818 3118 κλη-

2238 3168 2488 3237 θήσεται
2518 3165 2588 3216 ἐν
2617 3159 2690 3230 τῇ
2715 3156 3004 3224 ,βασιλείᾳ
3033 3151 3151 3206 τῶν
3179 3148 3470 3218 οὐρανῶν.

2303 3234 2469 3326 Οἶμαι
2497 3254 2555 3307 δέ
2587 3252 2680 3306 καὶ
2714 3250 2774 3304 τδ
2799 3246 3016 3318 δίχηλον
3045 3246 3102 3298 ἐν
3126 3242 3203 3312 τῷ
3236 3241 3391 3310 νόμῳ
3424 3236 3583 3292 τοῦτο
3617 3234 3816 3306 σημαία

2233 3368 2363 3408 νεινο
2387 3349 2448 3402 τὸ
2466 3347 2553 3402 διὰ
2573 3345 2733 3410 λόγου
2757 3341 2852 3398 καὶ
2876 3336 3127 3409 πράξεως
3147 3333 3351 3388 ὁδεύειν
3369 3332 3535 3402 ἡμᾶς·
3562 3329 3657 3382 καὶ
3681 3328 3814 3398 μήτε

2237 3443 2496 3515 πράττειν
2538 3436 2772 3505 ἀλόγως,
2809 3432 2949 3503 μήτε
2979 3429 3141 3496 λόγον
3167 3425 3308 3515 ἔχειν
3340 3420 3594 3493 πράξεως
3615 3419 3810 3515 χωρίς·

2237 3511 2295 3588 εἰ.
2315 3534 2369 3587 δέ
2400 3549 2452 3586 τι
2483 3533 2546 3583 ἐκ
2562 3527 2669 3581 τῶν
2693 3522 2948 3578 τοιούτων
2973 3515 3109 3572 εἶναι
3137 3514 3385 3588 βούλεται
3415 3511 3808 3583 μεμονωμένον,

2242 3624 2440 3697 πρᾶξις
2474 3621 2612 3673 ἔστω
2640 3613 2826 3670 λοιπὸν
2851 3611 2945 3665 καὶ
2977 3609 3052 3681 μὴ
3073 3608 3250 3675 λόγος.
3287 3603 3462 3673 Λόγος
3493 3601 3602 3671 γὰρ
3632 3597 3808 3670 ἀχαλί-

2244 3735 2410 3781 νωτος
2431 3712 2576 3769 κατὰ
2621 3707 2884 3782 κρημνῶν
2935 3704 3114 3774 ῶθησε
3157 3697 3421 3761 πολλάκις
3468 3697 3595 3759 τοὺς
3624 3708 3804 3762 κεκτη-

2249 3812 2442 3884 μένους
2464 3823 2476 3836 ·
2505 3803 2703 3874 πρᾶξις
2729 3800 2785 3854 δὲ
2816 3797 3091 3852 οὐδέποτε.

565 3913 686 3969 sine
759 3910 938 3982 praxi.
1002 3882 1158 3978 Quod
1188 3909 1236 3967 si
1302 3882 1772 3966 alterum‘horum
1817 3909 1884 3962 ab
1931 3882 2106 3963 altero
2139 3882 2501 3977 separandum
2542 3909 2646 3964 est,
2707 3893 3047 3951 tolerabilius
3116 3887 3284 3944 fuerit
3321 3885 3532 3955 praxim
3620 3882 3814 3936 habere

567 4001 761 4066 solam,
791 4016 952 4071 quam
1015 4000 1378 4070 cognitionem
1414 4002 1668 4056 otiosam.
1700 3999 1939 4057 Scientia
1998 4001 2142 4056 enim
2167 3974 2526 4070 speculationi
2585 3991 2800 4047 curiose
2828 3986 3208 4052 desidioseque
3243 3979 3530 4048 indulgens
3557 4016 3573 4041 ,
3605 3974 3814 4031 eﬂ‘reuis

564 4094 1017 4164 contutnacisque
1081 4102 1289 4146 natura:
1357 4103 1476 4157 est,
1528 4093 1830 4162 nmltosque
1871 4094 1924 4147 in
1974 4069 2214 4164 praeceps
2261 4089 2472 4158 impulit
2512 4085 2616 4140 sibi
2675 4083 2926 4146 deditos;
2978 4087 3197 4132 actuosa
3243 4089 3374 4127 vero
3427 4073 3537 4126 vita
3579 4069 3813 4124 minime.

637 4187 703 4254 V,
736 4188 826 4243 25.
864 4185 922 4242 Si
947 4204 1068 4258 ergo
1095 4187 1252 4257 o/fers
1281 4203 1470 4242 mum“
1506 4197 1652 4242 tuum
1685 4187 1753 4242 ad
1787 4187 1976 4243 altare.

637 4369 840 4426 Salutis
871 4369 1263 4439 consequentiae
1299 4383 1580 4438 uocumque
1611 4370 1840 4423 vitanda:
1868 4369 2135 4424 rationem

565 4461 893 4528 excogitavit
928 4461 1070 4514 Deus
1101 4461 1475 4528 peccatoribus
1513 4461 1918 4528 paenitentiam;
1941 4470 2136 4516 etcum

2329 4182 2470 4236 Ἐὰν
2490 4175 2604 4233 οὖν
2631 4173 2982 4246 προσφέρῃς
3009 4170 3072 4223 τὸ
3113 4166 3306 4235 δῶρόν
3334 4180 3451 4218 σου
3491 4160 3592 4216 ἐπὶ
3628 4160 3692 4213 τὸ
3722 4159 3812 4212 θυ-

2245 4275 2619 4340 σιαστήριον.

2317 4367 2392 4436 (4)
2418 4339 2631 4432 Τρόπον
2659 4357 2932 4428 σωτηρίας
2966 4356 3062 4410 καὶ
3093 4350 3362 4421 διαφυγὴν
3390 4343 3663 4417 τιμωρίας
3709 4339 3817 4436 τοῖς

2246 4430 2653 4528 ἁμαρτάνουσιν
2697 4449 2929 4521 ἐφεῦρεν
2956 4450 2983 4500 6
3011 4447 3143 4510 Θεὸς
3182 4444 3276 4515 τὴν
3319 4440 3684 4528 μετάγνωσιν,
3727 4430 3814 4528 καὶ

563 4549 693 4603 laeso
735 4548 1226 4601 reconciliationem
1285 4549 1453 4601 edixit
1505 4549 1619 4602 fore
1665 4563 1838 4616 pennae
1866 4551 2131 4604 remissio:

2246 4522 2344 4620 την
2364 4522 2458 4601 τοῦ
2483 4542 2862 4614 λελυπημένου
2891 4539 3213 4611 θεραπείαν,
3251 4530 3564 4601 ἀνατροπὴν
3605 4523 3812 4620 ἔσεσθαι

566 4638 973 4708 nem;quando
1001 4640 1220 4708 quidem
1258 4635 1349 4707 qui
1379 4641 1602 4694 fratrem
1641 4657 1798 4702 suum
1836 4658 1938 4699 non
1973 4653 2140 4707 amat,

567 4731 738 4784 Deum
765 4745 870 4782 non
903 4729 1096 4799 diligit.
1132 4729 1228 4784 llic
1259 4739 1435 4786 autem
1477 4733 1669 4786 merito
1700 4733 1883 4798 illum,
1913 4735 2003 4801 qui
2039 4734 2139 4788 ad-

567 4837 761 4876 versus
812 4820 1034 4880 fratrem
1085 4819 1346 4874 offensam
1395 4821 1568 4888 fovet,
1621 4838 1725 4876 non
1772 4823 1998 4893 recipit,
2044 4839 2140 4879 ceu

568 4914 784 4967 sincere
822 4913 887 4965 ad
911 4927 970 4965 se
1004 4927 1112 4966 non
1147 4913 1520 4967 accedentem.

637 5006 696 5076 8
720 5005 783 5072 V,
816 5005 905 5058 9.4.
935 5003 1190 5073 Relinque
1213 5005 1285 5057 ibi
1321 5021 1511 5058 munus
1541 5014 1688 5058 tuum
1718 5013 1839 5058 ante
1869 5005 2064 5068 altare,
2093 5019 2143 5059 et

568 5101 701 5152 vade
729 5112 746 5150 :
773 5099 921 5167 prius
954 5097 1295 5151 reconciliare
1331 5096 1490 5164 fratri
1524 5108 1636 5163 tuo,
1693 5108 1737 5151 et
1781 5098 2138 5156 tuncweniens

570 5188 755 5258 offeres
793 5207 980 5246 munus
1017 5199 1188 5248 tuum.

649 5429 670 5460 ⁸
696 5429 867 5484 Levit.
895 5447 1009 5494 xxx,
1044 5431 1133 5486 3'2.
1211 5431 1231 5462 "
1269 5429 1439 5486 Exod.
1472 5444 1632 5496 xxm,
1666 5430 1720 5485 5.

763 5585 916 5668 Ἀντί
951 5618 1018 5664 -ῖ
1046 5585 1473 5668 ἐπιτελεῖσθαίε
1497 5587 1636 5640 Ibid.

579 5657 721 5782 5ﬁgﬁ)
763 5655 816 5708 Ὀ
842 5655 1154 5709 ἀθετῶνο-
1182 5655 1672 5723 τιμωρηθήσεται.
1711 5653 1812 5708 Mai
1845 5653 1910 5708 Β.
1948 5653 2018 5707 Ν.
2058 5652 2144 5716 Ill,

758 5794 1065 5863 Fragmenti
1101 5794 1255 5860 hujus
1305 5794 1450 5856 prior
1481 5795 1592 5847 hmc
1635 5803 1835 5846 tantum
1890 5793 2149 5859 particula

2247 4612 2515 4709 τιμωρίας
2562 4612 2757 4707 φησίν’
2793 4629 2981 4701 ἐπειδὴ
3011 4632 3038 4681 ὀ
3089 4627 3164 4698 μὴ
3213 4623 3440 4694 ἀγαπῶν
3477 4620 3572 4673 τὸν
3599 4612 3814 4709 ἁδελφδν

2249 4706 2435 4794 αύτού,
2471 4729 2571 4780 οὐκ
2603 4706 2792 4795 ἀγαπᾷ
2817 4723 2906 4775 τὸν
2940 4719 3144 4788 Κύριον
3164 4735 3177 4748 ·
3218 4717 3443 4774 εἰκότως
3490 4709 3580 4763 τὸν
3607 4709 3731 4761 ὄντα
3763 4706 3813 4754 ἐν

2248 4822 2390 4894 λύπῃ
2421 4818 2515 4874 τοῦ
2571 4801 2798 4886 ἀδελφοῦ
2845 4816 2906 4868 οὐ
2937 4812 3318 4882 προσδέχεται,
3365 4807 3440 4869 ὡς
3484 4803 3560 4875 μὴ
3608 4796 3812 4869 ἀληθῶς

2251 4913 2399 4983 αὐτῷ
2438 4911 2749 4983 προσιόντα.

2324 4981 2508 5070 "Agnae
2541 4998 2668 5053 ἐκεῖ
2689 4997 2754 5050 τὸ
2794 4994 2988 5063 δῶρόν
3029 5007 3165 5056 σου,
3203 4989 3542 5059 ἔμπροσθεν
3581 4981 3684 5036 τοῦ
3722 4982 3810 5070 ους

2250 5063 2627 5159 σιαστηρίου,
2664 5088 2762 5144 καὶ
2795 5088 2986 5155 ὕπαγε
3009 5125 3023 5150 ,
3071 5081 3304 5150 πρῶτον
3353 5074 3705 5159 διαλλάγηθι
3741 5063 3811 5159 τῷ

2248 5154 2489 5249 ἀδελφῷ
2525 5195 2663 5243 σου,
2697 5177 2794 5230 καὶ
2823 5154 2955 5238 τότσ
2986 5169 3178 5226 ἐλθὼν
3204 5168 3507 5237 πρόσφερε
3545 5162 3608 5216 τὸ
3638 5154 3811 5225 δῶρόν

2250 5291 2386 5326 σου.

2255 5583 2519 5637 hactenus
2569 5579 2847 5648 legebatur
2897 5573 3085 5648 iisdem
3126 5572 3238 5625 fere
3289 5569 3467 5648 verbis
3502 5567 3552 5620 in
3614 5556 3810 5648 Possim

2258 5633 2707 5713 catellaictetejra
2745 5661 2875 5701 vero
2915 5643 3215 5713 Vaticanus
3241 5640 3420 5713 c_od_e_x_
3443 5651 3586 5691 nunc
3613 5633 3776 5689 addit.

2332 5721 2406 5791 (6)
2444 5708 2753 5790 Τρόπον-
2787 5717 3135 5785 προσιόντα.
3172 5710 3270 5764 Mai
3314 5708 3446 5763 ibid.
