4058 6280
332 366 432 424 3Ὶ7

322 934 469 987 Θεόν.

387 1025 482 1091 Μή
510 1027 659 1082 ποτέ
701 1044 776 1084 σε
823 1033 1065 1101 παραδῷ
1106 1037 1138 1090 ὁ
1190 1037 1490 1108 ἀντίδικος
1539 1042 1618 1109 τῷ
1679 1047 1885 1118 κριτῇ,

318 1133 447 1170 κ.τ.
478 1118 508 1170 λ

387 1205 464 1276 (Ι)
508 1207 855 1301 ᾉΎποκείσθω
890 1231 990 1280 τις,
1016 1217 1199 1286 φησιν,
1232 1222 1316 1291 ἐφ’
1339 1224 1456 1288 ἑνὸς
1483 1227 1589 1282 τῶν
1618 1208 1902 1301 τεταγμέ-³

316 1312 422 1388 νων
471 1299 552 1388 είς
600 1300 794 1370 ἀρχὴν,
840 1305 1140 1375 αἰτιάματά
1191 1328 1314 1364 τινα
1342 1318 1707 1388 ποιησάμενος
1745 1299 1884 1377 κατὰ

316 1387 410 1440 σοῦ
432 1404 446 1419 ο
477 1386 595 1443 εἶτα
618 1396 730 1456 τοῖς
759 1396 1055 1465 ἐπάγουσιν
1087 1401 1180 1454 ἐπὶ
1211 1404 1269 1456 τὸ
1292 1386 1640 1478 δικαστήριον
1673 1413 1885 1466 ὑποδεί-

315 1475 413 1570 ξας
441 1478 812 1570 ἀποφέρεσθαι
847 1489 1010 1540 ποιεῖ.
1044 1489 1187 1554 Ἕως
1212 1493 1412 1559 τοίνυν,
1443 1475 1596 1568 φησὶ,
1625 1503 1746 1570 μετ’
1782 1504 1879 1555 αὑ-

312 1564 409 1619 τοῦ
446 1565 497 1661 εἷ
519 1570 576 1620 ὲν
607 1574 671 1642 τῇ
707 1574 830 1643 ὀδῷ,
862 1577 1136 1631 τουτέστιν
1161 1582 1290 1651 πρὶν
1319 1564 1608 1653 ἀφικέσθαι
1626 1564 1770 1661 ,πρὸς
1791 1594 1882 1646 τὸν

311 1655 523 1726 κριτὴν,
541 1658 628 1720 δὸς
649 1661 926 1731 ἐργασίαν,
949 1667 1067 1720 ἀντὶ
1092 1669 1206 1735 τοῦ,
1223 1673 1406 1726 Πᾶσαν
1434 1676 1619 1732 θέσθαι
1634 1655 1707 1751 μη
1726 1681 1881 1753 ὀκνή-

308 1760 412 1816 σῃς
441 1751 695 1818 σπουδὴν,
733 1753 818 1805 ἵνα
848 1755 1166 1830 ἀπαλλαγῇς
1195 1764 1287 1815 ἀπ’
1323 1767 1489 1820 αὐτοῦ
1512 1787 1524 1799 ·
1558 1772 1606 1822 εί
1635 1771 1692 1824 δὲ
1719 1751 1878 1826 τοῦτο

309 1835 437 1908 [μὴ]
457 1839 700 1911 γένηται,
725 1847 1036 1916 παραδώσει
1063 1869 1120 1904 σε
1137 1853 1212 1923 τῷ
1232 1861 1413 1928 κριτῇο
1436 1855 1553 1914 εἶτα
1571 1863 1647 1914 ὅτ’
1676 1863 1743 1917 ἂν
1767 1865 1881 1919 ἔνο·
1916 1843 1956 1900 Β

306 1945 403 1998 χος
415 1933 528 1993 τοῖς
544 1931 849 2004 ὀφλήμασιν
863 1956 883 1990 ε
894 1939 1110 2010 ὑρεθῇς,
1130 1946 1408 2019 παραδοθή
1419 1967 1482 2020 σῃ
1497 1952 1572 2021 τῷ
1592 1954 1880 2026 πράκτορι,

304 2023 554 2073 τουτέστι
582 2027 693 2086 τοῖς
722 2027 1071 2098 ἀπαιτηταῖς,
1111 2035 1349 2089 κάκεῖνοί
1387 2055 1443 2091 σε
1488 2023 1880 2099 κατακλείσαν-

303 2126 399 2173 τες
447 2113 812 2186 ἀπαιτήσουσι
867 2121 1055 2174 καὶτὸ
1102 2125 1327 2195 ἔσχατον
1387 2130 1603 2186 λεπτόν.
1665 2136 1878 2191 Οὐκοῦν

302 2199 482 2294 ένοχοι
517 2204 616 2273 μὲν
663 2207 1124 2282 πλημμελήμασίν
1170 2219 1338 2289 ἐσμεν
1380 2221 1620 2288 ἅπαντες
1647 2229 1696 2279 oi
1728 2227 1880 2294 ὄντες

301 2289 404 2341 ἐπὶ
543 2295 647 2363 γῆς
672 2316 686 2328 ο
722 2299 952 2352 ἑκάστου
986 2319 1048 2370 γε
1083 2304 1188 2376 μὴν
1227 2309 1494 2375 ἀντίδικος
1527 2316 1620 2367 καὶ
1644 2289 1880 2387 κατήγοζ

301 2398 402 2452 ρος
427 2383 455 2434 ὁ
482 2386 743 2452 Σατανᾶς·
767 2391 956 2461 ἐχθρὸς
981 2396 1087 2466 γάρ
1111 2397 1257 2450 ἐστιν
1275 2403 1368 2453 καὶ
1398 2404 1712 2476 έκδικητής.
1739 2383 1879 2474 Ἕως

298 2478 489 2532 τοίνυν
521 2482 686 2550 ἐσμὲν
737 2485 795 2537 ὲν
822 2489 886 2557 τῇ
921 2489 1044 2558 ὀδῷ,
1086 2493 1368 2548 τουτέστιν
1417 2497 1520 2560 ἕως
1557 2498 1708 2553 οὔπω
1747 2503 1882 2573 πρὸς

295 2571 366 2624 τὸ
395 2571 495 2642 τῆς
521 2574 705 2627 ἐνθάδε
743 2575 889 2646 ζωῆς
914 2584 1336 2654 κατηντήσαμεν
1365 2587 1536 2652 τέλος,
1563 2571 1884 2661 ἀπαλλαγῶ-

298 2679 409 2735 μεν
440 2665 626 2726 αὐτοῦ,
655 2667 906 2737 λύσωμεν
924 2671 1023 2734 τὰς
1049 2674 1170 2726 καθ’
1203 2677 1412 2730 ἑαυτῶν
1439 2682 1638 2749 αἰτίας,
1673 2685 1769 2755 τὴν
1794 2687 1882 2740 διὰ

297 2753 544 2821 Χριστοῦ
580 2756 738 2826 χάριν
781 2759 1117 2827 ἀρπάσωμεν
1151 2763 1539 2835 ἐλευθεροῦσαν
1566 2771 1711 2839 ἡμᾶς
1729 2753 1881 2824 παν-

296 2846 394 2908 τὸς
424 2846 740 2917 ὀφλήματος
775 2869 832 2904 τε
868 2853 958 2905 καὶ
988 2852 1162 2924 δίκης,
1191 2855 1296 2921 ἔξω
1333 2857 1573 2929 τιθείσης
1606 2862 1881 2928 κολάσεὼς

294 2952 359 2987 τε
389 2937 486 2988 καὶ
530 2939 729 3006 φόϐου·
782 2942 854 3010 μὴ
880 2941 984 3010 ἄρα
1016 2962 1132 3007 πως
1172 2946 1538 3002 ἀναπόνιπτον
1589 2952 1882 3021 ἐσχηκότες

291 3030 389 3084 ,τὸν
416 3030 730 3099 μολυσμὸν,
786 3034 1176 3105 ἀπενεχθῶμεν
1225 3038 1364 3106 πρὸς
1416 3039 1505 3092 τὸν
1540 3042 1751 3112 κριτὴν,
1786 3044 1880 3095 κα)⁵

1491 381 1846 442 COMMENT.
1890 388 1956 443 iN
1994 391 2436 455 MAT’I‘HJEUM.

390 479 646 533 Διδάσκει
679 482 826 552 ἡμᾶς
855 484 1088 542 ἐνταῦθα
1112 491 1139 543 ὁ
1165 491 1355 563 Σωτὴρ
1375 495 1475 564 τὴν
1501 501 1771 572 τιμωρίαν
1791 504 1902 558 δια-

324 575 513 639 φυγεῖν
546 574 956 644 ἀμαρτάνοντας
976 597 988 609 ·
1022 582 1054 651 ἡ
1083 582 1260 636 τοίνυν
1288 587 1626 655 μετάγνωσις
1659 594 1750 646 ἐπὶ
1786 599 1898 662 τοῖς

328 663 702 758 ἁμαρτήμασι,
754 667 912 758 καλή
953 670 1088 739 πρὸς
1134 671 1224 726 τὸν
1275 675 1582 750 λυπηθέντα
1625 686 1714 754 ὑφ’
1740 689 1897 758 ήμῶν

325 753 702 848 παράκλησις,
751 757 841 810 καὶ
876 761 906 826 ἡ
935 761 1034 830 τῆς
1069 767 1468 836 συγχωρήσεως
1507 772 1600 825 τοῦ
1645 753 1898 848 ἁμαρτή-

325 859 489 912 ματος
523 843 740 916 αῖτησις
788 849 882 901 καὶ
925 850 1017 903 τὸν
1057 853 1280 923 ἀδελφὸν
1323 856 1616 929 θεραπεύει
1667 843 1777 918 καὶ-
1805 843 1894 920 τδν

3480 383 3584 441 578

1931 513 1978 570 Α
2079 513 2244 570 Docet
2272 531 2371 570 nos
2401 518 2502 572 hoc
2532 517 2654 573 loco
2680 521 2953 588 quomodo
2987 526 3310 594 supplicium
3337 529 3564 600 etfugere

2001 608 2269 672 possimus
2302 607 2352 660 in
2390 618 2672 675 peccatum
2713 609 2872 678 lapsi.
2923 611 3190 670 Nimirum
3243 619 3568 686 ptenitentia

1999 697 2294 763 commissi,
2331 701 2610 768 reparatio
2639 700 2852 768 injuriae
2875 715 2930 760 et
2971 707 3274 762 satisfactio
3308 725 3403 778 per
3428 713 3569 766 ami-

1997 799 2127 839 cam.
2156 789 2623 857 compellationem
2652 790 2771 860 ejus
2807 797 2898 863 qui
2938 812 2967 850 a
3012 799 3170 851 nobis
3210 799 3452 853 molestia
3487 811 3572 858 est

1995 873 2250 942 affectus,
2280 887 2559 945 postremo
2591 883 2789 951 petitio
2823 886 2994 941 venite
3030 897 3086 942 et
3120 886 3344 944 fratrem
3381 890 3569 946 laesum

1994 965 2170 1034 placat
2201 976 2258 1021 et
2296 967 2485 1026 Deum.

2065 1053 2137 1121 V,
2169 1057 2262 1112 25.
2298 1058 2379 1113 Ne
2403 1072 2450 1115 te
2483 1061 2822 1118 adversarius
2855 1066 3029 1135 judici
3063 1073 3262 1138 tradat,
3294 1080 3398 1128 etc.

2060 1239 2194 1295 Puta
2216 1256 2338 1298 esse
2367 1243 2600 1312 aliquem
2655 1246 2706 1299 in
2751 1247 3014 1315 dignitate
3037 1252 3418 1318 constitutum,
3469 1256 3560 1325 qui

1989 1332 2249 1388 adversus
2295 1346 2344 1388 te
2366 1336 2602 1404 qualibet
2647 1339 2713 1392 de
2759 1353 2916 1393 causa
2959 1345 3291 1408 expostulet,
3329 1346 3561 1415 ideoque

1985 1423 2308 1478 satellitibus
2385 1425 2617 1493 imperet
2701 1438 2758 1482 ut.
2828 1430 2896 1484 ad
2959 1433 3192 1486 tribunal
3240 1443 3290 1489 te
3341 1436 3556 1490 ducant.

1984 1513 2254 1579 Quandiu,
2296 1516 2502 1584 inquit,
2535 1518 2584 1570 in
2623 1520 2705 1572 via
2735 1533 2858 1573 cum
2903 1521 2992 1575 illo
3019 1539 3110 1586 es,
3149 1525 3412 1588 videlicet,
3453 1541 3554 1579 au-

1982 1612 2196 1673 teqnam
2228 1605 2292 1659 ad
2337 1605 2575 1674 judicem
2609 1609 2899 1676 devenias,
2954 1614 3018 1667 da
3065 1630 3322 1682 operam,
3371 1617 3420 1669 id
3475 1628 3558 1670 est

1979 1696 2127 1748 omni
2175 1695 2355 1750 studio
2410 1700 2715 1764 contende,
2765 1711 2824 1754 ut
2873 1704 2941 1756 ab
2985 1718 3050 1757 eo
3110 1706 3375 1759 discedas.
3442 1699 3556 1760 Nisi

1983 1785 2126 1837 enim
2185 1785 2258 1838 ita
2315 1788 2634 1858 contingat,
2684 1791 2856 1858 judici
2912 1796 3368 1862 prasentaberis;
3415 1799 3554 1866 apud

1985 1889 2143 1943 quem
2168 1877 2290 1931 teris
2311 1877 2469 1932 alieni
2511 1892 2986 1950 reuscompertus,
3013 1889 3275 1952 quaestori
3303 1889 3553 1952 traderis,

1985 1965 2036 2017 id
2071 1977 2154 2020 est
2180 1968 2523 2036 exigentibus
2581 1972 2862 2036 debitum,
2911 1988 2939 2026 a
2993 1976 3192 2042 quibus
3238 1977 3288 2029 in
3342 1978 3554 2032 vincula

1983 2053 2262 2123 conjectns
2302 2070 2604 2114 extremum
2657 2077 2872 2130 quoque
2921 2067 3278 2132 quadrantem
3332 2069 3557 2122 reddere

1984 2150 2214 2216 cogeris.
2248 2149 2496 2204 Profecto
2523 2163 2790 2221 quotquot
2816 2155 2867 2207 in
2905 2156 3034 2208 orbe
3066 2157 3296 2210 vivimus
3323 2198 3336 2219 ,
3367 2174 3558 2226 pecca-

1986 2238 2053 2292 tis
2075 2239 2476 2293 sumusirretiti
2504 2280 2519 2305 ,
2551 2242 2882 2309 singulorum
2930 2243 3280 2296 adversarius
3309 2254 3362 2297 et
3393 2260 3558 2299 accu-

1983 2339 2133 2383 sator
2163 2331 2429 2384 Satanas:
2488 2341 2569 2385 est
2613 2334 2756 2385 enim
2813 2333 2899 2386 hic
2937 2333 3187 2387 inimicus
3228 2343 3282 2386 et
3337 2335 3551 2392 vindex.

1983 2415 2228 2482 Quandiu
2273 2418 2435 2487 igitur
2478 2419 2534 2472 in
2576 2421 2659 2472 via
2691 2435 2913 2485 sumus,
2949 2421 3000 2475 id
3031 2432 3113 2476 est
3160 2432 3454 2491 antequam
3487 2424 3555 2478 ad

1983 2508 2141 2575 hujus
2171 2509 2290 2562 vitae
2337 2509 2495 2562 linem
2527 2511 2909 2573 deveniamus,
2962 2511 3028 2565 ab
3077 2511 3177 2566 hoc
3208 2526 3306 2565 nos
3336 2513 3554 2566 inimico

1982 2598 2366 2666 expediamus,
2426 2601 2615 2668 culpas
2667 2603 2897 2670 quisque
2962 2611 3178 2656 nostras
3226 2617 3550 2670 purgemus,

1981 2690 2180 2743 Christi
2211 2693 2438 2759 gratiam
2469 2692 2837 2760 adipiscamur
2863 2731 2877 2757 ,
2921 2707 3041 2760 quae
3069 2708 3168 2746 nos
3196 2692 3342 2746 omni
3370 2691 3554 2746 debito

1981 2789 2037 2833 et
2083 2782 2282 2835 ultione
2334 2781 2558 2848 liberet,
2618 2792 2780 2849 atque
2811 2794 2964 2836 extra
3000 2797 3213 2850 poenam
3269 2783 3549 2836 timorem-

1982 2885 2085 2940 que
2112 2873 2343 2926 collocet
2370 2913 2386 2937 ,
2443 2889 2508 2927 ne
2540 2873 2752 2928 scilicet
2791 2875 3014 2929 maculis
3067 2873 3206 2927 haud
3237 2873 3459 2939 ablutis,
3485 2874 3553 2928 ad

1977 2964 2212 3035 judicent
2262 2967 2673 3034 pertrahamur,
2731 2968 3119 3038 tradamurque
3173 2968 3551 3032 exactoribus,

1981 3058 2095 3109 sive
2120 3073 2330 3112 reorum
2356 3058 2664 3111 vindicibus
2688 3097 2702 3120 ,
2731 3074 2959 3127 quorum
2996 3075 3154 3114 nemo
3176 3059 3436 3113 swvitiam
3468 3056 3553 3111 fu-

303 3119 694 3190 παραδοθῶμεν
725 3127 836 3186 τοῖς
864 3125 1219 3195 πράκτορσιν,
1249 3130 1363 3198 ἦτοι
1413 3133 1525 3194 τοῖς
1568 3132 1875 3198 κολασταῖς,

303 3201 367 3230 Ϊη
404 3211 498 3230 -.ιη
548 3210 584 3230 ιν
771 3214 794 3230 ρ.
915 3215 924 3228 ι
1094 3218 1106 3230 ι
1163 3219 1173 3230 .
1315 3221 1325 3230 .
1458 3223 1468 3230 .
1662 3223 1715 3230 --

1982 3145 2132 3211 giet;
2187 3145 2294 3197 imo
2337 3159 2464 3197 vero
2522 3145 2760 3210 cujusvis
2808 3145 3010 3213 culpae,
3069 3149 3244 3200 tennis
3299 3161 3453 3214 teque
3489 3159 3553 3201 ac

295 3201 368 3262 ὧν
397 3211 501 3262 οὐκ
542 3210 606 3263 ἄν
649 3230 733 3276 τις
766 3214 1005 3287 διαφύγῃ
1059 3218 1118 3270 τὸ
1151 3219 1358 3288 ἀπηνές
1385 3237 1398 3248 ’
1446 3223 1880 3294 ἀπαιτηθήσεται

290 3300 346 3354 δὲ
375 3300 585 3370 μᾶλλον
610 3302 709 3366 τὰς
730 3305 820 3358 ἐπὶ
843 3307 1007 3360 παντὶ
1030 3308 1136 3378 πλη
1149 3310 1470 3380 μμελήματι
1494 3313 1668 3378 δίκας,
1702 3314 1881 3386 μικρῷ

290 3393 388 3444 καὶ
423 3393 648 3464 μεγάλῳ
669 3413 682 3426 ·
712 3395 918 3450 τούτων
951 3398 1164 3454 ἔσονται
1188 3402 1404 3472 μακρὰν
1435 3405 1482 3455 οἱ
1507 3403 1592 3455 τὸν
1619 3404 1719 3472 τῆς
1743 3405 1878 3475 Χρι-

290 3485 424 3537 στοῦ
463 3488 767 3556 παρουσίας
820 3492 1012 3562 καιρὸν
1065 3492 1476 3565 δοκιμάζοντες,
1537 3497 1632 3549 καὶ⁴
1677 3495 1738 3550 τὸ
1790 3499 1875 3550 ἐπ’

284 3577 446 3646 αὐτῷ
481 3582 777 3649 μυστήριον
800 3583 898 3634 οὐκ
925 3584 1274 3655 ἠγνοηκότες.

368 3669 556 3737 Ἀμὴν
593 3672 750 3741 λέγω
787 3686 908 3735 σοι,
961 3677 1032 3728 οὐ
1072 3676 1159 3744 μὴ
1207 3677 1464 3746 ἐξέλθῃς
1495 3680 1725 3736 ἐκεῖθεν
1766 3683 1877 3749 ἓως

281 3760 361 3814 ἂν
399 3761 642 3828 ἀποδῷς
677 3763 784 3817 τὸν
813 3764 1076 3834 ἔσχατον
1111 3768 1467 3837 κοδράντην.

359 3854 432 3906 '0
462 3853 518 3906 δὲ
547 3853 694 3922 λέγει
729 3855 967 3910 τοιοῦτόν
993 3858 1106 3909 ἐστι
1126 3875 1140 3889 ·
1171 3864 1429 3929 παραινεῖ
1457 3863 1564 3934 γάρ
1591 3863 1872 3933 εὐγνωμο-

279 3948 418 4008 νεῖν,
458 3945 554 3998 κα“ι
581 3933 669 4018 Δμὴ
711 3948 777 4015 τῇ
821 3948 998 4016 κρίσει
1035 3948 1294 4019 θαρρεῖν·
1328 3953 1374 4002 εἰ
1411 3933 1596 4023 γάρτι
1629 3955 1870 4026 συμϐαίη

278 4036 418 4106 παρ’
451 4035 661 4099 ἐλπίδα,
695 4037 787 4090 καὶ
834 4040 1174 4110 κατασχεθῇς
1219 4042 1325 4094 ὑπὸ
1375 4047 1468 4096 τοῦ
1522 4046 1731 4114 κριτοῦ,
1773 4048 1873 4098 οὐκ

278 4124 608 4196 ἀπολυθήσῃ
633 4126 734 4189 ἕως
756 4120 814 4178 οὗ
838 4128 1104 4200 ἁποτίσῃς
1121 4129 1210 4181 τὸν
1228 4128 1454 4202 ἔσχατον
1479 4132 1662 4186 ὀϐολόν
1681 4150 1693 4162 '
1715 4133 1872 4186 τοῦτο

278 4217 391 4287 γὰρ
422 4215 648 4284 λέγεται
678 4216 995 4288 κοδράντης.

360 4398 423 4450 '0
454 4395 758 4467 κοδράντης
785 4396 841 4450 δὲ
872 4397 1126 4466 σημαίνει
1149 4398 1208 4450 τὸ
1230 4400 1489 4470 τέταρτον
1518 4399 1611 4452 τοῦ
1645 4401 1866 4472 μέτρου.

1986 3248 2190 3302 magna!
2214 3273 2228 3295 ,
2253 3248 2441 3301 ptBllﬂS
2473 3233 2743 3288 dabimus.
2776 3233 2884 3288 Hac
2915 3247 3096 3289 autem
3123 3237 3432 3290 calamitate
3460 3249 3552 3290 ca-

1985 3325 2211 3389 rebunt,
2247 3327 2337 3392 qui
2373 3335 2583 3393 tempus
2609 3326 2954 3380 adventantis
2985 3327 3183 3380 Christi
3220 3336 3367 3380 recte
3402 3327 3551 3382 testi-

1982 3417 2276 3482 maverint,
2302 3426 2355 3471 et
2380 3417 2496 3486 ejus
2521 3419 2842 3488 mysterium
2875 3434 2981 3472 non
3015 3419 3405 3490 ignoraverint.

2049 3675 2117 3743 ν,
2155 3677 2244 3730 9.6.
2286 3679 2447 3730 Amen
2478 3677 2598 3729 dico
2631 3678 2747 3741 tibi,
2780 3693 2881 3730 non
2912 3679 3050 3732 exies
3083 3679 3206 3732 inde
3244 3678 3408 3731 donec
3440 3679 3550 3732 red-

1976 3769 2072 3822 das
2107 3769 2442 3821 novissimum
2469 3768 2839 3837 quadrantem.

2045 3859 2196 3925 Quod
2228 3860 2358 3912 dicit
2406 3860 2544 3912 hanc
2595 3859 2700 3911 vim
2756 3859 2913 3912 habet
2957 3875 2969 3910 :
3005 3859 3199 3913 suadet
3229 3859 3547 3928 placabilem

1975 3962 2095 4001 esse
2127 3963 2190 4000 ac
2229 3947 2602 4001 conciliationi
2650 3946 2861 4000 facilem
2895 3965 2908 4002 :
2954 3963 3127 4016 neque
3169 3948 3330 4001 nimis
3360 3948 3424 4001 de
3460 3947 3547 4016 ju-

1975 4038 2104 4092 dicii
2159 4039 2310 4094 exitu
2366 4053 2616 4092 securum
2669 4052 2812 4094 esse.
2863 4039 2919 4091 Si
2966 4039 3097 4108 quid
3150 4041 3291 4091 enim
3349 4048 3548 4107 praeter

1973 4143 2124 4195 Spem
2149 4127 2478 4179 accideritet
2499 4126 2866 4193 judicisjussu
2897 4128 3404 4193 comprehendaris,
3437 4143 3545 4181 non

1974 4217 2267 4294 dimitteris
2289 4217 2459 4269 donec
2499 4216 2730 4271 solveris
2761 4217 3116 4270 novissimum
3149 4219 3367 4270 obolum
3395 4235 3411 4284 ;
3444 4220 3546 4272 hoc

1973 4291 2115 4360 enim
2145 4305 2344 4358 dicitur
2374 4305 2671 4372 quadrans.

2040 4396 2097 4467 9
2120 4397 2401 4463 Quadrans
2428 4413 2556 4449 vero
2575 4405 2826 4464 quartam
2859 4411 3125 4451 mensura:
3147 4405 3354 4466 partem
3384 4399 3546 4466 signi-

324 4485 456 4550 ὗτος
505 4488 646 4541 κατὰ
676 4489 774 4558 τὴν
807 4489 1070 4559 Ἐϐραίων
1100 4491 1302 4558 φωνὴν,
1336 4492 1428 4543 δύο
1474 4494 1618 4544 ἐστὶν
1664 4493 1863 4558 ὀϐολοὶ,

1978 4487 2094 4540 iical
2123 4504 2135 4538 :
2169 4485 2254 4539 hic
2290 4485 2444 4554 juxta
2471 4485 2820 4538 Hebraeorum
2853 4501 3039 4540 vocem
3075 4489 3208 4541 duos
3247 4488 3377 4541 facit
3409 4491 3544 4544 obo-

272 4585 419 4652 ὅπερ
442 4583 470 4632 ὁ
509 4581 724 4642 Λουκᾶς
753 4577 1074 4650 σαφηνίσας,
1099 4581 1325 4634 λεπτὸν
1346 4582 1650 4650 ὠνόμασεν.
1670 4585 1863 4654 Ἡμεῖς

272 4673 330 4726 δὲ
388 4670 798 4738 ἀπαλλαγῶμεν
849 4670 943 4723 καὶ
991 4671 1084 4724 τοῦ
1134 4672 1326 4742 ἐχθροῦ
1401 4674 1494 4725 καὶ
1557 4675 1864 4747 ἐκδικητοῦ,

272 4764 452 4832 ἤγουν
486 4761 581 4814 τοῦ
613 4761 879 4826 διαϐόλου,
911 4763 1015 4824 ἕως
1048 4765 1213 4831 ἐσμὲν
1244 4765 1300 4816 ὲν
1334 4767 1397 4834 τῇ
1435 4765 1538 4834 ὁδῷ
1563 4766 1867 4838 ταύτῃ,κα“ι

270 4853 387 4906 τῶν
418 4853 522 4920 τῆς
546 4853 770 4922 ἀτιμίας
801 4853 1005 4916 παθῶν,
1039 4855 1192 4908 ἅτινα
1217 4855 1477 4908 ἀντίδικοι
1507 4857 1664 4927 ἡμῶν
1692 4861 1862 4915 ἐστιν.

273 4944 472 5006 Οὐδεὶς
522 4943 632 5014 γὰρ
678 4945 836 5012 ἡμῶν
889 4945 1072 5013 ἕτερος
1123 4947 1409 5013 ἀντίδικος,
1441 4947 1535 5002 ἐὰν
1589 4949 1662 5019 μὴ
1709 4951 1868 5020 ἡμεῖς

274 5034 494 5088 ἑαυτῶν
539 5033 626 5086 διὰ
671 5033 875 5087 τούτων
908 5035 1191 5105 γενώμεθα
1223 5038 1506 5104 ἀντίδικοι,
1538 5041 1631 5092 καὶ
1669 5041 1804 5109 μηδὲ
1833 5042 1866 5109 ἡ

275 5127 594 5195 συνείδησις
642 5127 1101 5194 καταγινωσκέτω
1131 5129 1308 5198 ἡμῶν,
1337 5129 1412 5192 ὡς
1459 5131 1865 5199 καταφρονούν-

273 5235 390 5271 των
437 5217 538 5286 τῆς
586 5217 944 5287 ὑπομνήσεως
988 5219 1177 5287 αὐτῆς,
1219 5220 1426 5288 μήποτε
1472 5221 1865 5289 παραδοθῶμεν

272 5308 357 5378 τῷ
385 5312 544 5381 κριτῇ
579 5310 793 5362 πάντων
820 5309 937 5378 Θεῷ
961 5311 1062 5362 ὑπὸ
1086 5309 1184 5379 τῆς
1217 5312 1566 5380 συνειδήσεως
1587 5311 1864 5381 ἐλεγχθέν-

273 5412 397 5460 τες,
432 5399 460 5447 δ
492 5395 548 5448 δὲ
579 5397 890 5467 παραδώσει
933 5401 1045 5460 τοῖς
1081 5400 1382 5469 πράκτορσι
1416 5402 1528 5461 τοῖς
1576 5402 1864 5463 κολασταῖς

275 5486 561 5553 ἀγγέλοις,
591 5491 682 5541 καὶ
710 5488 1146 5559 ἁπαιτησώμεθα
1175 5491 1273 5552 τὰς
1297 5492 1388 5544 ἐπὶ
1422 5492 1584 5543 παντὶ
1607 5491 1862 5560 πλημμε-

275 5575 488 5646 λήματι
523 5575 698 5645 δίκας,
738 5579 917 5650 μικρῷ
960 5578 1052 5632 καὶ
1096 5579 1335 5650 μεγάλῳ.
1375 5581 1492 5633 Κὶὶν
1537 5580 1644 5650 γὰρ
1683 5581 1861 5650 μωρδν

354 5753 434 5823 (1)
481 5756 848 5811 Ὑποκείσθω
886 5788 945 5798 -—--
968 5760 1075 5811 οὐκ
1107 5758 1489 5828 ἠγνοηκότες.
1524 5756 1651 5808 Ibid.

1972 4576 2072 4640 los,
2101 4577 2243 4644 qnnd
2269 4574 2445 4630 Lucas
2477 4578 2762 4630 declarans
2801 4578 2997 4644 (cptum
3036 4581 3272 4632 vocavit.
3311 4580 3419 4634 Nos
3447 4597 3542 4634 auc

1974 4677 2077 4721 teni
2112 4667 2406 4721 liberemur
2433 4671 2595 4722 etiam
2625 4672 2691 4721 ab
2718 4670 2939 4724 Inimico
2975 4679 3030 4724 et
3062 4673 3402 4735 adversario,
3431 4674 3544 4727 sci-

1970 4761 2094 4815 licet
2122 4760 2355 4828 diabolo,
2389 4762 2511 4813 dum
2541 4776 2727 4813 sumus
2753 4762 2805 4813 in
2835 4763 2934 4816 hac
2966 4763 3073 4824 via,
3111 4773 3163 4816 et
3202 4764 3544 4831 passionibus

1975 4852 2304 4921 ignominiaa,
2339 4867 2460 4920 quae
2484 4851 2811 4905 adversaria:
2839 4852 2993 4906 nobis
3027 4862 3172 4906 sunt.
3203 4851 3371 4906 Nemo
3397 4857 3540 4908 enim

1971 4945 2126 4997 nobis
2159 4943 2296 4996 alius
2317 4943 2686 5006 adversarius,
2705 4941 2996 4995 dummodo
3018 4943 3423 5011 nobismetipsis
3447 4959 3543 5012 per

1969 5033 2084 5086 haec
2119 5034 2415 5087 adversarii
2451 5049 2556 5087 non
2587 5033 2760 5087 simus
2789 5050 2803 5096 ;
2851 5049 3025 5100 neque
3052 5034 3382 5087 conscientia
3411 5051 3542 5090 cono

1968 5125 2188 5179 demnet
2219 5141 2316 5178 nos
2359 5135 2613 5194 tanquam
2646 5126 2792 5180 illius
2825 5125 3251 5180 admonitionem
3298 5137 3539 5180 contem-

1968 5227 2179 5278 nentes,
2223 5229 2290 5268 ne
2342 5232 2575 5284 unquam
2613 5217 2891 5270 tradantur
2935 5216 3104 5286 judici
3152 5217 3393 5269 omnium
3431 5215 3540 5271 Deo

1970 5321 1999 5357 a
2025 5305 2356 5358 conscientia
2400 5307 2737 5373 reprehensi,
2767 5308 2856 5376 qui
2909 5322 3006 5360 nos
3052 5308 3229 5361 tradat
3263 5309 3537 5362 exactori-

1969 5396 2090 5461 bus,
2129 5395 2432 5448 vindicibus
2485 5397 2712 5463 angelis,
2773 5406 2827 5450 et
2877 5396 3145 5466 postulent
3194 5413 3224 5450 a
3271 5398 3426 5453 nobis
3472 5400 3537 5452 de

1970 5486 2220 5542 omnibus
2244 5487 2476 5553 peccatis
2493 5487 2850 5554 expiationem
2881 5499 2989 5543 tum
3015 5490 3250 5560 magnis,
3274 5499 3382 5544 tum
3411 5505 3537 5558 par-

1969 5579 2071 5633 vis.
2109 5577 2166 5633 Si
2202 5576 2344 5631 enim
2373 5577 2596 5633 stultum
2630 5579 2854 5635 fratrem
2882 5581 3202 5649 dixerimus,
3235 5582 3374 5651 quod
3408 5595 3535 5649 parv
