4058 6280
455 346 556 403 583

1491 353 1551 408 S.
1592 352 1866 411 CYRILLI
1905 351 2376 408 ALEXANDRINI
2413 349 2735 407 ARCHIEP.

3599 353 3686 407 581i

463 473 850 546 ponuntjusti,
883 481 942 528 ut
995 475 1097 528 hoc
1139 471 1242 529 sibi
1288 471 1587 540 contingat,
1637 479 1933 543 regnetque
1974 470 2029 524 in
2063 477 2078 530 Α

2179 469 2292 524 >ὖτο
2327 469 2592 542 ὑπάρξειν
2613 485 2626 498 ⁸
2657 467 2738 521 ἔτι
2767 465 2825 519 δὲ
2855 465 2948 518 καὶ
2981 464 3090 528 τοῖς
3119 461 3386 527 ἀπίστοις,
3424 465 3500 518 ἵνα
3524 468 3672 536 ὁρῶν-

464 570 610 637 ipsos
639 565 910 620 Christus.
947 565 1086 632 Quin
1118 573 1173 619 ut
1203 573 1259 620 et
1290 565 1360 619 ad
1405 563 1656 618 inﬁdeles
1700 577 1914 633 quoque
1942 578 2031 618 re-

465 674 626 729 gnum
658 657 981 711 extendatur
1017 656 1156 710 istud
1189 655 1412 724 cupiunt
1461 662 1525 708 ut
1566 655 1771 718 apertis
1813 656 1879 708 ad
1938 668 2032 708 ve-

2139 581 2229 625 τες
2262 565 2356 616 καὶ
2387 561 2733 624 πιστεύοντες
2763 561 2841 624 είς
2869 557 3056 627 αὑτὸν,
3076 558 3275 610 οἰκεῖον
3309 557 3503 611 ἑαυτῶν
3539 559 3679 624 ἓξωσι

2140 654 2385 724 βασιλέα.
2598 701 2603 709 .

466 748 644 802 ritatis
675 748 853 801 lumen
886 747 1056 802 oculis
1080 747 1364 802 credentes
1408 745 1460 800 in
1511 745 1708 814 ipsum,
1744 746 2021 816 preprium
2059 747 2157 817 ipsi
2189 762 2404 817 quoque
2439 745 2691 800 eumdem
2743 741 3022 797 Christum
3094 737 3330 792 habeant
3389 752 3686 808 agnoscant-

467 853 572 908 que
609 853 806 908 regem.

537 927 628 989 VI,
672 928 756 981 M.
798 926 856 980 St
903 944 1042 980 emm
1085 926 1390 979 dimiseritis
1431 925 1731 979 hominibus
1782 934 2033 995 peccata,
2135 925 2140 944 ‘

471 1020 694 1073 dimittet
721 1021 880 1072 etiam
909 1019 1048 1072 vobis
1078 1015 1241 1070 Pater
1279 1026 1448 1071 vester
1471 1016 1718 1071 caelestis.

542 1195 730 1249 Potest
759 1209 969 1262 quoque
1003 1192 1159 1247 Jesns
1202 1202 1258 1244 ut
1306 1192 1444 1244 Deus
1485 1201 1709 1260 peccata
1744 1193 2036 1262 dimittere,

473 1289 568 1342 sed
601 1298 856 1354 tanquam
896 1287 1072 1338 adhuc
1115 1282 1448 1352 imperfectis
1488 1284 1768 1354 discipulis
1802 1287 2042 1341 nondum

474 1380 541 1434 de
574 1393 668 1432 sua
695 1379 893 1432 deitate
925 1376 1156 1429 instituit
1183 1389 1514 1430 sermonem.

549 1468 655 1541 14
699 1469 778 1523 Vl.
807 1468 896 1521 21-.
931 1466 1099 1519 Nemo
1134 1475 1299 1532 potest
1330 1466 1534 1519 duobus
1561 1466 1789 1518 dominis
1815 1467 2046 1534 servire;

2229 925 2370 979 Ἐὰν
2414 922 2522 993 γὰρ
2554 924 2744 992 ἀφῆτε
2779 922 2903 986 τοῖς
2933 918 3264 986 ἀνθρώποις
3300 917 3372 971 τὰ
3407 922 3692 986 παραπτώ-

2141 1033 2319 1086 ματα,
2349 1016 2572 1084 ἀφήσει
2613 1014 2710 1067 καὶ
2751 1012 2893 1083 ὑμῖν
2930 1014 2962 1066 ό
3005 1013 3206 1078 Πατὴρ
3252 1010 3416 1078 ὑμῶν
3463 1013 3494 1064 ό
3537 1011 3691 1079 οὐρά-

2147 1133 2293 1179 νιος.

2222 1202 2453 1256 Δύναται
2487 1202 2580 1254 καὶ
2607 1202 2634 1252 6
2669 1198 2876 1269 Ἰησοῦς
2901 1201 2977 1263 ὡς
3009 1199 3142 1262 θεὸς
3171 1195 3385 1266 ἀφιέναι
3429 1197 3694 1266 nuptm"

2153 1291 2264 1346 ἀλλ’
2291 1292 2367 1353 ὡς
2417 1289 2496 1342 ἔτι
2550 1287 2765 1340 ἀτελέσι
2816 1289 2927 1350 τοῖς
2970 1287 3264 1356 μαθηταῖς,
3294 1283 3444 1337 οὔπω
3471 1285 3556 1337 τὸν
3586 1286 3699 1355 περὶ

2145 1381 2248 1450 τῆς
2281 1379 2415 1440 ἰδίας
2440 1378 2692 1448 Θεότητος
2727 1375 3012 1446 παρέδωκε
3043 1376 3219 1442 λόγον.

2224 1470 2434 1535 Οὐδεὶς
2455 1469 2704 1524 δύναται
2736 1466 2880 1520 δυσὶ
2912 1467 3143 1534 κυρίοις
3172 1466 3514 1519 δουλεύειν·
3547 1465 3579 1530 ἢ
3605 1465 3702 1533 τὰρ

476 1570 568 1614 aut
603 1561 739 1613 enim
764 1575 924 1611 unum
959 1559 1079 1611 odio
1113 1557 1341 1621 habebit,
1377 1566 1424 1608 et
1454 1557 1676 1609 alterum
1710 1557 1926 1626 diliget;
1961 1567 2052 1611 aut

2179 1561 2258 1616 ’ὸν
2292 1562 2402 1616 ἕνα
2437 1560 2710 1630 μισήσει,
2757 1560 2856 1612 καὶ
2907 1559 3014 1611 τὸν
3059 1558 3269 1625 ἕτερον
3305 1556 3628 1626 ἀγαπήσει·
3671 1555 3703 1622 ἢ

475 1667 637 1704 unum
668 1649 968 1714 sustinebit,
1004 1659 1052 1703 et
1077 1652 1304 1702 alterum
1339 1655 1652 1702 contemnet.

2153 1651 2290 1716 ἐνὸς
2323 1648 2653 1713 ἀνθέξεται,
2695 1648 2794 1700 καὶ
2831 1647 2936 1700 τοῦ
2971 1646 3179 1713 ἐτέρου
3213 1643 3660 1714 καταφρονήσει.

547 1737 615 1791 Ει
648 1737 968 1806 simpliciter
1008 1738 1261 1801 dicendo,
1309 1753 1416 1790 non
1462 1745 1640 1805 potest
1682 1739 1806 1808 quis
1853 1755 1975 1794 sese
2023 1756 2050 1793 a

2227 1742 2336 1796 Καὶ
2387 1740 2575 1802 ἁπλῶς
2626 1741 2822 1800 εἰπεῖν,
2852 1737 2913 1790 οὺ
2959 1737 3184 1790 δύναταί
3223 1753 3312 1798 τις
3369 1735 3443 1806 μὴ
3496 1735 3713 1804 χωρίσας

478 1828 847 1882 materialibns
875 1827 1252 1882 aﬂectionibus
1272 1843 1375 1880 non
1407 1841 1724 1897 segregans,
1751 1831 1832 1882 vel
1862 1830 2051 1897 Deum,

478 1919 562 1974 vel
594 1920 898 1988 proximum
946 1919 1160 1972 sincere
1189 1918 1434 1988 diligere.
1474 1917 1652 1971 Bonus
1695 1921 1912 1988 quidem
1957 1924 2054 1977 do-

480 2012 661 2064 minus
710 2010 951 2062 avaritiae
995 2022 1189 2076 expers
1243 2017 1327 2062 est
1388 2009 1636 2073 animus;
1695 2025 1894 2074 pravus
1932 2027 2058 2066 vero

479 2116 668 2156 amans
709 2101 967 2170 pecunias
1005 2118 1018 2155 :
1050 2101 1169 2153 ideo
1217 2101 1309 2154 uni
1345 2101 1619 2153 addictum
1667 2117 1788 2158 esse
1819 2114 2056 2172 oportet.

480 2193 600 2249 Non
629 2192 772 2245 enim
811 2191 924 2245 ﬁeri
955 2199 1152 2259 potest,
1185 2199 1244 2244 ut
1291 2191 1499 2246 duobus
1531 2192 1732 2248 diversi
1771 2196 2063 2250 contrariiv

489 2297 591 2354 que
626 2283 842 2335 habitus
879 2282 1210 2350 placeamus.

563 2372 664 2442 15
699 2371 782 2437 Vl,
819 2372 906 2426 25.
947 2370 1076 2425 Ideo
1100 2374 1217 2425 dico
1255 2372 1421 2436 vobis,
1462 2390 1523 2427 ne
1559 2374 1772 2428 solliciti
1801 2377 1912 2429 sitis
1943 2377 2063 2428 ani-

491 2480 587 2516 mae
625 2475 806 2516 vestrm
843 2464 966 2526 quid
1017 2465 1364 2532 manducetis,
1420 2482 1584 2536 neque
1631 2469 1842 2535 corpori
1894 2476 2064 2522 vestro

492 2555 614 2624 quid
644 2555 960 2609 induamini.

562 2645 758 2699 Anima
806 2645 1156 2715 praestantior
1187 2655 1269 2700 est
1316 2662 1544 2716 corpore
1592 2657 1781 2717 utpote
1811 2648 1988 2716 imago
2014 2659 2070 2706 et

492 2734 702 2792 adlatus
744 2736 860 2792 Dei.
885 2736 1096 2804 Corpus
1121 2752 1282 2806 porro
1307 2739 1725 2792 instrumentum
1746 2739 1914 2808 ipsius
1950 2755 2073 2794 coo-

496 2837 712 2898 peratur
734 2827 833 2895 ipsi
855 2827 920 2880 ad
939 2829 1138 2895 optima
1164 2843 1408 2896 quaeque.
1423 2827 1648 2896 Oportet
1664 2844 1792 2898 ergo
1807 2845 1905 2884 nos
1922 2844 2074 2883 cura-

496 2933 556 2976 re
571 2927 876 2986 utrumque,
911 2933 972 2970 ac
995 2933 1196 2986 corpus
1222 2919 1438 2987 quidem
1461 2931 1723 2988 quantum
1748 2935 1965 2975 necesse
1991 2930 2075 2975 est

495 3007 563 3061 ad
614 3009 886 3062 vitandum
938 3022 1005 3061 ne
1056 3007 1108 3061 id
1164 3008 1549 3078 impedimento
1598 3012 1669 3064 sit
1723 3011 1936 3074 aninne,
1985 3012 2069 3066 cui

2160 1833 2351 1887 ἑαυτὸν
2381 1833 2476 1902 τῆς
2504 1830 2611 1884 τῶν
2645 1827 2843 1882 ὑλικῶν
2879 1828 3277 1898 προσπαθείας,
3311 1825 3433 1878 οὗτε
3463 1825 3549 1877 τὸν
3573 1825 3713 1884 θεὸν,

2158 1922 2282 1976 οὔτε
2332 1921 2424 1976 τὸν
2467 1920 2697 1992 πλησίον
2743 1919 3030 1989 ἀγαπῆσαι
3081 1917 3583 1990 γνησίως.Ἀγαθδς
3631 1917 3718 1984 μὲν

2160 2018 2435 2089 δεσπότης
2478 2018 2506 2070 6
2549 2016 2926 2085 ἀφιλάργυρος
2959 2013 3179 2084 τρόπος,
3218 2011 3425 2081 φαῦλος
3451 2010 3503 2062 δὲ
3537 2012 3562 2062 6
3593 2007 3718 2078 ἐρῶν

2160 2107 2482 2178 χρημάτων,
2508 2106 2589 2159 διδ
2634 2107 2711 2176 τῷ
2760 2107 2840 2159 ἐνὶ
2885 2101 3233 2175 προσθετέον.
3269 2101 3344 2154 Οὐ
3380 2099 3487 2168 γὰρ
3517 2096 3720 2150 δυνατὸν

2161 2205 2272 2265 τοῖς
2298 2201 2449 2254 δυσὶν
2474 2201 2672 2272 ἀρέσαι
2700 2199 2956 2268 διαφόρου
2983 2199 3078 2250 καὶ
3106 2197 3354 2250 ἐναντίου
3379 2190 3525 2248 οὖσιν
3545 2190 3716 2255 ἕξεως.

2236 2381 2339 2456 Διὰ
2371 2383 2546 2436 τοῦτο
2587 2382 2743 2452 λέγω
2783 2381 2945 2451 ὑμῖν,
2993 2380 3079 2450 μὴ
3119 2377 3444 2448 μεριμνᾶτε
3476 2374 3547 2443 τῇ
3573 2370 3730 2442 ψυχῆ

2165 2472 2351 2540 ὑμῶν,
2384 2472 2441 2524 τί
2473 2470 2728 2540 φάγητε,
2766 2471 2861 2524 καὶ
2894 2471 2949 2523 τι
2977 2471 3171 2537 πίητε,
3205 2468 3369 2538 μηδὲ
3405 2466 3485 2531 τῷ
3523 2465 3734 2534 σώματι

2167 2564 2334 2637 ὑμῶν
2366 2565 2422 2618 τί
2448 2565 2812 2630 ἐνδύσησθε.

2252 2657 2314 2708 ἸΙ
2346 2654 2492 2724 ψυχὴ
2520 2656 2618 2722 τῆς
2644 2651 2735 2704 τοῦ
2767 2651 3018 2721 σώματος
3039 2649 3229 2711 οὐσίας
3253 2647 3557 2717 τιμιωτέρα
3583 2645 3736 2708 ἐστὶν,

2169 2749 2244 2812 ὡς
2279 2747 2442 2800 εἰκὼν
2484 2744 2618 2797 Θεοῦ
2662 2746 2754 2798 καὶ
2785 2744 3088 2814 ἐμφύσημα
3111 2758 3124 2772 ’
3157 2742 3217 2795 τὸ
3251 2743 3309 2795 δὲ
3342 2741 3499 2809 σῶμα
3525 2737 3740 2808 ὄργανόν

2171 2839 2320 2890 ἐστιν
2365 2837 2533 2904 αὐτῆς
2582 2835 2675 2887 καὶ
2731 2833 2991 2904 συνεργὸν
3039 2832 3174 2900 πρὸς
3203 2831 3276 2883 τὰ
3311 2829 3594 2882 κάλλιστα.
3628 2825 3742 2896 Χρὴ

2173 2925 2265 2982 οὖν
2315 2928 2462 2996 ἡμᾶς
2513 2923 2841 2995 ἀμφοτέρων
2889 2923 3220 2993 φροντίζειν,
3257 2921 3356 2974 τοῦ
3401 2939 3462 2973 τε
3509 2917 3745 2986 σώματος

2175 3020 2291 3089 ἃμα
2327 3020 2418 3071 καὶ
2461 3017 2561 3086 τῆς
2593 3017 2803 3087 ψυχῆς·
2839 3017 2933 3070 καὶ
2963 3015 3057 3068 τοῦ
3095 3015 3192 3085 μὲν
3232 3014 3492 3084 σώματος
3523 3011 3612 3064 ἐπὶ
3639 3025 3748 3061 τοσ-

497 3101 838 3170 potissimum
912 3099 1296 3171 invigilandum
1365 3111 1483 3168 est,
1557 3118 1881 3173 semperque
1952 3104 2070 3158 eni-

2179 3111 2328 3163 οὖτον
2375 3111 2459 3178 ἐφ’
2493 3110 2615 3162 ὅσον
2665 3108 2844 3161 ἱκανὸν
2877 3106 3058 3176 αὐτῷ,
3092 3107 3187 3160 καὶ
3241 3106 3320 3176 μὴ
3377 3099 3749 3174 ἐμποδίζεσθαι

499 3193 721 3250 tendum
777 3204 836 3248 ut
888 3194 1078 3247 demus
1119 3193 1192 3246 illi
1226 3209 1343 3262 qua:
1378 3195 1550 3263 ipsam
1610 3196 1838 3267 decent;
1876 3194 2077 3247 refcra-

499 3299 727 3354 musque
773 3285 916 3337 illam
968 3299 1063 3353 per
1103 3285 1426 3338 exercitium
1463 3286 1728 3339 virtutum
1763 3287 1828 3339 ad
1855 3299 2076 3339 causam

504 3376 645 3429 unde
675 3377 900 3441 prodiit,
935 3375 1100 3428 Deum
1133 3376 1382 3430 videlicet
1412 3377 1504 3444 qni
1540 3379 1747 3432 creavit
1778 3377 1970 3447 ipsam.

577 3464 684 3534 ιθ
722 3463 809 3527 Vl,
852 3465 940 3518 51.
987 3463 1166 3517 Nolite
1212 3481 1332 3532 ergo
1370 3467 1584 3520 solliciti
1637 3484 1748 3521 esse
1793 3469 2079 3523 dicentes:

507 3555 648 3622 Quid
678 3557 1133 3621 manducabimus,
1153 3565 1244 3609 aut
1278 3557 1406 3626 quid
1439 3557 1694 3625 bibemus,
1723 3566 1816 3612 aut
1841 3575 1942 3628 quo
1971 3575 2080 3628 ope-

505 3649 703 3702 riemur
725 3650 750 3703 ?

575 3738 954 3802 Quaerentibus
999 3755 1119 3808 quae
1174 3741 1239 3794 ad
1295 3740 1532 3794 animam
1586 3741 1881 3808 pertinent,
1941 3739 2083 3793 ultro

507 3828 738 3898 largitur
763 3829 902 3882 Deus
929 3846 1047 3898 qua:
1071 3846 1208 3898 opus
1242 3841 1368 3884 sunt
1395 3833 1632 3898 corpori.
1667 3830 1820 3896 Quod
1855 3830 1995 3883 scire
2021 3845 2085 3885 ac

511 3919 754 3986 cogitare
798 3934 896 3971 nos
935 3920 1116 3981 decet,
1153 3934 1222 3972 ne
1264 3920 1443 3972 nimia:
1487 3919 1673 3972 talium
1721 3935 1902 3973 rerum
1942 3935 2088 3974 cura

511 4009 897 4076 impedimento
930 4008 1037 4062 sint
1069 4008 1222 4062 nobis
1258 4009 1323 4062 ad
1359 4010 1704 4078 operationes
1744 4013 2086 4080 praestantis-

512 4098 702 4155 simas.

587 4190 694 4254 VII,
721 4190 774 4245 2.
817 4189 882 4244 1η
910 4208 1010 4261 quo
1034 4193 1170 4246 enim
1205 4193 1408 4262 judicio
1433 4194 1826 4263 judicaveritis,
1863 4196 2087 4266 judica-

513 4282 714 4346 bimini,
746 4292 794 4336 et
825 4283 880 4336 in
905 4299 1008 4355 qua
1043 4301 1290 4339 mensura
1320 4285 1484 4338 mensi
1517 4284 1752 4353 fueritis,
1790 4289 2090 4340 remetiatur

513 4375 669 4428 vobis.

2175 3203 2273 3273 τὴν
2321 3201 2533 3270 ψυχήνο
2573 3199 2710 3268 αὐτῇ
2755 3198 2812 3251 δὲ
2845 3197 3023 3250 δοτέον
3066 3198 3152 3250 ἀεὶ
3185 3199 3258 3250 τὰ
3291 3199 3472 3249 οἰκεῖα
3521 3193 3610 3246 καὶ
3647 3194 3753 3244 tm.

2182 3293 2439 3364 μελητέον
2473 3289 2770 3352 παντοίωςο
2808 3289 2901 3342 καὶ
2947 3289 3208 3340 ἅνακτέον
3263 3287 3357 3340 διὰ
3402 3285 3513 3352 τῶν
3556 3281 3754 3354 ἀρετῶν

2180 3383 2316 3454 πρὸς
2348 3381 2444 3452 τὴν
2477 3383 2655 3433 αἰτίαν
2694 3380 2863 3449 αὐτῆς
2898 3379 2997 3447 τὴν
3023 3379 3456 3450 δημιουργικὴν.

2248 3474 2346 3539 Μὴ
2373 3471 2486 3527 οὖν
2512 3470 2937 3542 μεριμνήσητε,
2961 3468 3247 3538 λέγοντες
3265 3486 3282 3502 ο
3318 3470 3382 3524 Τί
3405 3469 3698 3540 φάγωμεν,
3722 3463 3756 3531 ἢ

2180 3565 2239 3618 τί
2264 3565 2508 3634 πίωμεν,
2532 3563 2569 3631 ἣ
2600 3565 2657 3616 τί
2681 3561 3158 3631 περιϐαλώμεθα;

2255 3751 2380 3812 Τοῖς
2413 3747 2479 3801 τὰ
2505 3747 2604 3816 τῆς
2631 3745 2808 3816 ψυχῆς
2847 3743 3070 3815 ζητοῦσι
3107 3745 3327 3799 δίδωσιν
3357 3749 3386 3800 6
3427 3745 3560 3807 Θέὸς
3589 3743 3681 3796 καὶ
3702 3742 3763 3793 τὰ

2185 3845 2296 3904 τοῖς
2341 3839 2587 3909 σώμασιν
2616 3838 2918 3908 ἐπιτήδεια·
2963 3838 3049 3890 ἵνα
3085 3837 3159 3906 μὴ
3195 3835 3585 3906 φροντίζοντες
3617 3834 3766 3903 ἡμεῖς

2187 3931 2328 4000 ὑπὲρ
2360 3930 2467 3983 τῶν
2495 3929 2752 3984 τοιοῦτων
2792 3929 2952 3981 πλέον
2977 3927 3071 3981 τοῦ
3100 3928 3339 3991 δέοντος,
3381 3922 3767 3998 ὲμποδισθησό-

2193 4024 2331 4096 μεθα
2362 4023 2498 4096 πρὸς
2536 4023 2604 4076 τὰ
2631 4022 2919 4076 κάλλιστα.

2269 4203 2370 4254 Ἐν
2396 4197 2442 4273 ᾧ
2467 4199 2577 4268 γὰρ
2605 4199 2838 4266 κρίματι
2867 4199 3118 4265 κρίνετε,
3146 4196 3526 4264 κριθήσεσθε
3545 4210 3560 4225 ⁸
3592 4189 3686 4246 καὶ
3713 4191 3776 4242 ἐν

2153 4334 2157 4340 .
2191 4291 2237 4358 ᾧ
2262 4291 2454 4361 μέτρῳ
2477 4289 2762 4360 μετρεῖτε,
2799 4289 3378 4358 ἀντιμετρηθήσεται
3403 4286 3572 4356 ὑμῖν.

587 4465 692 4532 Qui
727 4467 792 4520 ad
828 4465 1142 4535 religionem
1191 4469 1426 4522 instituti
1459 4478 1603 4533 sunt,
1633 4471 1771 4524 bona
1805 4470 2078 4538 prudentia

2267 4467 2329 4519 Οἱ
2359 4463 2494 4534 πρὸς
2542 4461 2826 4516 εὐλάϐειαν
2857 4460 3375 4531 παιδαγωγούμενοι
3423 4462 3521 4515 τὸν
3558 4435 3617 4523 ἐξ
3646 4458 3775 4524 ἀγα-

517 4556 728 4610 frenum
757 4557 1006 4624 injiciunt
1033 4560 1252 4626 linguas,
1283 4570 1341 4612 ut
1365 4561 1455 4613 illa
1489 4561 1660 4614 solum
1696 4561 1842 4628 loqui
1875 4577 2090 4616 assues-

519 4657 668 4710 cant,
689 4663 807 4714 qute
826 4647 1031 4701 nullum
1055 4647 1283 4704 aﬂerant
1313 4659 1692 4704 nocumentum
1715 4665 1729 4714 ;
1769 4651 1869 4704 hoc
1894 4651 2092 4706 docens

521 4751 620 4790 nos
660 4738 966 4804 sapientum
1016 4739 1211 4807 aliquis
1257 4740 1432 4792 dixit:
1472 4757 1491 4790 ι
1529 4737 1658 4803 Fili,
1703 4739 1968 4807 siquidem
2009 4751 2093 4796 est

521 4831 616 4884 tibi
647 4845 826 4884 sermo
855 4831 1180 4898 intellectus,
1201 4831 1496 4900 responde;
1524 4833 1606 4886 sin
1636 4840 1838 4895 autem,
1871 4833 1945 4886 sit
1975 4849 2093 4886 ma-

523 4937 626 4976 nus
664 4933 752 4975 tua
787 4937 951 4990 super
976 4938 1038 4976 os
1077 4933 1250 4988 tuum,
1278 4938 1426 4976 mors
1453 4923 1594 4976 enim
1618 4930 1673 4975 et
1703 4922 1808 4976 vita
1847 4923 1899 4976 in
1930 4938 2094 4976 manu

521 5013 797 5084 linguae“;
836 5033 856 5068 ι
897 5016 946 5068 id
964 5015 1136 5076 est,in
1169 5023 1477 5083 potestate;
1518 5032 1536 5065 ι
1566 5015 1659 5083 qui
1686 5029 1812 5068 vero
1855 5025 2094 5084 potesta-

522 5115 631 5161 tem
655 5107 851 5160 habent
882 5106 1046 5169 illius,
1078 5105 1240 5160 edent
1290 5106 1495 5158 fructus
1527 5105 1688 5158 illius.
1734 5125 1754 5156 ι
1791 5104 1928 5171 Quia
1969 5120 2097 5162 vero

523 5196 718 5265 linguae
748 5207 1068 5264 potestatem
1101 5196 1298 5250 habere
1324 5211 1426 5248 non
1448 5197 1580 5250 adeo
1612 5195 1768 5250 facile
1797 5205 1900 5262 est,
1933 5212 2093 5266 supe-

527 5287 636 5342 rius
656 5290 817 5344 etiam
843 5290 943 5343 hoc
962 5304 1060 5342 nos
1082 5289 1356 5356 postulare
1378 5287 1662 5341 Psalmista
1688 5289 1844 5342 docet
1863 5289 2051 5343 dicens
2075 5306 2088 5342 :

540 5397 558 5429 ι
587 5377 750 5443 Pone,
775 5382 1023 5443 Domine,
1049 5380 1352 5434 custodiam
1393 5381 1473 5432 ori
1502 5379 1662 5434 meo’
1687 5395 1701 5444 ;
1728 5397 1746 5430 ι
1771 5396 1837 5434 ne
1863 5378 2094 5432 invicem

530 5468 774 5522 videlicet
803 5469 1182 5537 obloquamur,
1225 5486 1403 5540 neque
1435 5470 1632 5526 fratres
1659 5481 2093 5526 contemnamus.

527 5561 631 5629 Qui
681 5561 825 5615 enim
866 5562 1140 5616 intellectu
1193 5564 1417 5633 regitur,
1453 5579 1557 5620 non
1601 5564 1828 5620 aliorum
1875 5570 2098 5634 peccata

611 5734 630 5763 ⁸
664 5738 807 5794 Et'cli
869 5753 917 5807 ι’,
951 5738 1046 5795 ii;
1083 5736 1217 5792 Prov
1280 5753 1426 5799 xuii,
1460 5739 1546 5789 cll.
1625 5737 2024 5804 ’Psal.cx1.,'5.

2198 4559 2294 4626 θῆς
2321 4558 2633 4626 φρονήσεως
2661 4554 2873 4625 χαλινὸν
2892 4555 3210 4623 ἐπιφέρουσι
3227 4557 3296 4624 τῇ
3321 4552 3582 4623 γλώσσῃ,
3609 4551 3778 4603 ἐκεῖνα

2203 4651 2337 4720 μόνα
2368 4649 2546 4702 λαλεῖν
2573 4647 2978 4717 ἐπιτρέποντες,
3004 4647 3104 4699 ὅσα
3127 4646 3185 4698 τὸ
3209 4645 3414 4715 βλάϐος,
3439 4644 3596 4698 οὐδὲν
3620 4643 3777 4694 ποιεῖ·

2199 4739 2356 4792 τοῦτο
2381 4737 2646 4792 διδάσκων
2676 4755 2758 4800 τις
2783 4739 2930 4808 ἡμᾶς
2951 4737 3058 4790 τῶν
3090 4737 3272 4806 σοφῶν
3298 4736 3465 4805 ἔλεγε
3488 4752 3500 4765 ο
3538 4733 3780 4791 «Τέκνον,

2198 4832 2246 4883 εἰ
2279 4831 2374 4901 μὲν
2406 4831 2521 4883 ἔστι
2545 4847 2626 4882 σοι
2655 4829 2810 4896 λόγος
2837 4829 3122 4889 συνέσεως,
3148 4828 3517 4898 ἀποκρίθητι,
3543 4828 3592 4878 εί
3615 4825 3669 4878 δὲ
3691 4822 3780 4892 μὴ,

2200 4921 2322 4990 χεὶρ
2353 4919 2491 4971 ἔστω
2518 4919 2608 4971 ἐπὶ
2640 4917 2866 4988 στόματί
2894 4935 2985 4970 σου
3007 4935 3020 4948 ·
3056 4917 3287 4980 θάνατος
3313 4918 3430 4988 γὰρ
3459 4917 3558 4970 καὶ
3594 4914 3704 4984 ζωὴ
3735 4913 3785 4963 ἐν

2201 5012 2348 5082 χειρὶ
2392 5008 2674 5078 γλώσσηςδ
2711 5028 2729 5061 ι
2768 5009 3047 5062 τουτέστιν
3078 5010 3136 5061 ὲν
3161 5009 3413 5077 ἐξουσίᾳ·
3463 5010 3516 5060 οἱ
3550 5008 3609 5060 δὲ
3656 5019 3781 5073 κρα·

2203 5101 2604 5170 τοῦντεςαὺτῆς
2627 5099 2831 5153 ἔδονται
2849 5100 2974 5162 τοὺς
2993 5099 3239 5167 καρποὺς
3261 5098 3470 5166 αὐτῆς.
3503 5116 3521 5148 ι
3559 5094 3710 5148 Ἐπεὶ
3734 5089 3784 5142 δὲ

2197 5195 2260 5248 τὸ
2289 5192 2538 5263 γλώσσης
2571 5191 2846 5259 κρατῆσαι
2870 5188 2932 5242 οὐ
2958 5189 3162 5259 σφόδρα
3192 5189 3345 5240 ἐστὶν
3375 5187 3630 5256 εὐχερὲς,
3655 5183 3787 5237 ἄνω-

2199 5283 2290 5336 θεν
2319 5283 2412 5336 καὶ
2438 5279 2597 5334 τοῦτο
2628 5279 2776 5348 ἡμᾶς
2805 5279 2978 5330 αἰτεῖν
3003 5279 3031 5329 6
3057 5275 3376 5346 Ψαλμῳδὸς
3421 5273 3668 5327 διδάσκει
3709 5267 3788 5320 λέο

2197 5392 2310 5446 γων
2333 5389 2347 5407 ·
2403 5392 2421 5426 ι
2450 5371 2576 5438 Θοῦ,
2623 5371 2816 5441 Κύριε,
2845 5369 3091 5440 φυλακὴν
3115 5367 3193 5439 τῷ
3223 5366 3472 5436 στόματί
3507 5381 3630 5433 μου,
3667 5380 3685 5414 ι
3721 5359 3787 5428 μὴ

2199 5467 2588 5538 καταλαλῶμεν
2608 5462 2895 5534 τοιγαροῦν
2918 5461 3182 5531 ἀλλήλων,
3206 5458 3347 5529 μηδὲ
3369 5454 3788 5527 κατακρίνωμεν

2199 5563 2324 5626 τοὺς
2345 5557 2625 5629 ἀδελφούς.
2641 5557 2699 5610 '0
2729 5555 2828 5628 μὲν
2854 5555 2962 5625 γὰρ
2987 5551 3198 5606 συνέσει
3223 5548 3677 5619 κυδερνὼμενος,
3698 5541 3789 5594 οὐκ
