4058 6280
359 332 460 388 385

1517 293 1871 387 COMMENT.
1910 331 1978 386 IN
2017 332 2452 390 ΜΑττιιλευιι.

3501 342 3603 398 586

356 451 436 510 εἰς
480 445 580 506 τὰς
620 443 820 514 ἑτέρων
855 442 1130 514 ἁμαρτίας
1163 444 1286 515 ὁρᾷ,
1333 443 1467 498 ἀλλὰ
1498 447 1610 508 τοῖς
1665 445 1816 510 ἰδίοις
1850 447 1937 499 ὲν-

2043 447 2281 518 respicil,
2313 447 2407 502 sed
2439 447 2551 504 suis
2580 449 2938 519 ingemiscens
2971 451 3144 516 malis,
3179 454 3347 510 bonas
3391 467 3489 524 pro
3523 457 3607 508 eis

357 535 616 599 ατενίζων
666 538 878 600 κακοῖς,
904 535 1068 589 καλὸν
1107 539 1224 606 μετ’
1260 537 1442 600 αὐτοῖς
1490 537 1823 608 καταστήσει
1872 539 1932 591 τὸ

355 630 606 698 δάκρυον,
639 628 725 680 ἵνα
757 628 1048 698 κομίσηται
1096 627 1194 698 τὴν
1212 629 1405 697 ἄφεσιν
1423 629 1572 700 παρὰ
1592 629 1745 683 Θεοῦ.
1767 630 1934 702 Ἀμή-

357 736 516 789 χανον
545 719 654 788 γὰρ
689 719 848 781 ὄντας
877 717 1219 788 ἀνθρώπους.
1243 720 1336 772 καὶ
1362 718 1535 783 οὕτως
1559 718 1824 784 ἀσθενεῖς,
1856 721 1930 792 μὴ

358 811 570 872 πάντως
607 809 812 876 ὀλίγοις
852 811 1203 878 περιπίπτειν
1239 811 1575 880 ἀτοπήμασι.
1608 810 1679 862 Τὸ
1703 811 1758 863 δὲ
1797 810 1932 880 μηδ’

357 900 490 963 ὅλως
516 902 854 970 περιπεσεῖν,
887 901 1030 970 μόνῳ
1057 900 1312 970 πρόσεστι
1345 899 1484 952 κατὰ
1509 900 1669 968 φύσιν
1693 899 1770 970 τῷ
1793 900 1928 971 Θεῷ.

367 991 543 1059 Ἦμᾶς
582 989 639 1049 δὲ
685 991 982 1059 ἀναγκαῖον
1027 990 1154 1053 τοὺς
1200 990 1358 1053 ὄντας
1403 991 1462 1043 ὲν
1500 991 1819 1062 ἁμαρτίαις,
1857 991 1933 1060 μὴ

358 1083 468 1143 τοῖς
510 1081 810 1151 ἀλλοτρίοις
860 1081 1152 1151 ἐφήδεσθαι
1198 1083 1406 1144 κακοῖς,
1435 1082 1570 1135 ἀλλὰ
1606 1082 1931 1151 φροντίζειν,

360 1172 503 1233 ὅπως
529 1169 595 1224 ἂν
628 1171 782 1224 αὐτοὶ
807 1171 918 1225 τῶν
949 1170 1170 1240 φαύλων
1202 1171 1307 1236 ἔξω
1337 1171 1644 1241 γενώμεθα.

440 1280 776 1349 Ὑποκριτα,
805 1283 1019 1334 ἔκϐαλε
1061 1278 1294 1346 πρῶτον
1339 1279 1453 1346 τὴν
1491 1279 1678 1332 δοκὸν
1713 1279 1783 1332 ἐκ
1826 1279 1934 1332 τοῦ

360 1368 668 1438 ὀφθαλμοῦ
709 1384 845 1431 σου,
883 1368 979 1419 καὶ
1021 1369 1153 1421 τότε
1187 1367 1532 1435 διαϐλέψεις
1562 1367 1839 1422 ἐκϐαλεῖν
1867 1369 1936 1421 τὸ

361 1455 587 1528 κάρφος
621 1460 689 1511 ἐκ
720 1458 825 1512 τοῦ
852 1459 1163 1527 ὀφθαλμοῦ
1203 1458 1307 1511 τοῦ
1339 1457 1606 1526 ἀδελφοῦ
1638 1473 1773 1512 σου.

437 1552 708 1606 «Ἔκϐαλε
735 1552 948 1622 πρῶτον
968 1553 1066 1622 τὴν
1094 1552 1332 1604 δοκὸν
1357 1551 1449 1603 τοῦ
1473 1552 1752 1622 ὀφθαλμοῦ
1783 1569 1927 1615 σου,ι

361 1644 601 1699 τουτέστι
649 1643 846 1697 σαυτὸν
906 1643 1170 1708 ἐπίδειξον
1241 1644 1478 1715 καθαρὸν
1531 1644 1635 1696 τῶν
1685 1645 1935 1713 μεγάλων

361 1736 792 1807 ἁμαρτημάτων,
825 1736 918 1788 καὶ
947 1737 1066 1788 τότε
1096 1735 1394 1805 σύμϐουλος
1422 1735 1520 1808 ἔσῃ
1566 1734 1644 1804 τῷ
1690 1737 1934 1788 πταίοντι

2037 537 2306 610 lacrymas
2360 538 2535 593 fundit
2575 549 2633 593 ut
2681 541 2923 596 obtineat
2966 557 2995 596 a
3042 541 3152 598 Deo
3197 545 3601 601 remissionem.

2034 627 2176 682 Fieri
2202 630 2346 684 enim
2389 646 2493 684 non
2526 641 2726 700 potest,
2769 648 2890 687 cum
2921 632 3172 690 homines
3211 636 3401 700 simus,
3444 637 3607 691 adeo-

2035 733 2140 787 que
2173 719 2394 787 inﬁrmi,
2428 732 2484 775 ut
2520 722 2570 775 in
2606 737 2799 791 parvos
2843 738 3056 778 errores
3100 741 3202 778 non
3243 725 3602 782 incurramus.

2033 808 2201 864 Plane
2239 820 2417 865 autem
2461 827 2570 867 non
2601 829 2786 868 errare
2810 855 2824 880 ,
2863 814 2971 870 Deo
3011 817 3309 870 secundum
3356 828 3605 872 naturam

2033 900 2216 965 adest;
2255 916 2353 956 nos
2374 916 2502 956 vero
2530 903 2582 957 in
2617 907 2853 972 peccatis
2883 909 3226 973 exsistcntes,
3271 909 3463 962 alienis
3499 925 3602 962 non

2035 991 2396 1046 condelectari
2449 993 2605 1046 malis
2648 1008 2869 1048 necesse
2903 1002 2981 1046 esv
3008 1035 3022 1057 ,
3063 994 3164 1063 17
3210 995 3303 1048 sed
3349 995 3607 1050 sollicitos

2035 1096 2158 1137 esse
2195 1093 2252 1137 ut
2285 1099 2508 1138 numero
2543 1099 2828 1153 pravorum
2859 1099 2963 1138 non
2990 1101 3392 1139 accenseamur.

2106 1282 2216 1348 VII,
2251 1281 2302 1336 5.
2338 1280 2629 1351 Hypocrita
2653 1323 2666 1344 ,
2707 1282 2835 1354 ejice
2861 1283 3090 1352 primum
3133 1283 3332 1337 trabem
3363 1285 3425 1338 de
3456 1285 3605 1339 oculo

2035 1387 2143 1439 tuo,
2186 1384 2234 1428 et
2274 1385 2397 1427 tunc
2440 1374 2634 1428 videbis
2669 1374 2858 1443 ejicere
2892 1375 3144 1443 festucam
3192 1377 3254 1430 de
3292 1376 3442 1430 oculo
3487 1376 3604 1444 fra-

2036 1467 2135 1518 tris
2173 1467 2267 1518 tui.

2113 1575 2131 1606 ι
2151 1555 2295 1622 Ejice
2312 1555 2464 1626 prius
2492 1555 2696 1609 trabem
2725 1570 2786 1609 ex
2808 1556 2962 1610 oculo
2987 1564 3096 1621 tuo,
3123 1575 3140 1606 ι
3172 1555 3220 1608 id
3248 1566 3348 1620 est,
3374 1559 3604 1624 teipsum

2039 1641 2294 1701 mundum
2333 1649 2529 1702 exhibe
2559 1663 2587 1700 a
2629 1647 2970 1716 gravioribus
3009 1649 3266 1716 peccatis,
3300 1664 3362 1702 ac
3399 1659 3521 1702 tunc
3554 1653 3606 1702 iu

2041 1738 2244 1792 minora
2287 1739 2544 1792 iucidenti
2592 1740 2864 1794 consules.
2907 1738 3002 1793 Sin
3033 1751 3213 1793 autem
3248 1741 3451 1793 trabem
3499 1757 3606 1794 non

365 1829 578 1899 μικρόν.
615 1829 677 1880 El
709 1829 752 1880 δ’
786 1829 884 1879 οὐκ
913 1826 1196 1888 ἐκϐάλλεις
1235 1826 1332 1896 τὴν
1369 1826 1542 1889 δοκὸν,
1578 1825 1930 1896 κατακρίνεις

2042 1826 2211 1896 ejicis,
2243 1831 2571 1882 condemnas
2617 1844 2743 1883 vero
2771 1828 3030 1883 festucam
3074 1830 3382 1895 habentem,
3416 1833 3610 1884 merito

363 1919 416 1972 δὲ
440 1919 531 1972 τὸν
559 1919 751 1989 ἔχοντα
779 1917 840 1970 τὸ
863 1919 1095 1987 κάρφος,
1127 1917 1366 1983 εὐλόγως
1392 1917 1600 1988 ἀκούσῃ
1623 1917 1680 1968 τὸ
1705 1919 1938 1968 ἀποστο-

363 2011 506 2063 ii.de
531 2026 543 2038 ·
580 2029 597 2061 ι
622 2009 678 2062 '0
707 2008 878 2076 λέγων
931 2009 1002 2078 μὴ
1051 2008 1344 2077 μοιχεύειν,
1382 2006 1676 2076 μοιχεύειςο
1708 2009 1735 2058 ὀ
1763 2005 1936 2073 λέγων

367 2102 436 2171 μὴ
480 2100 754 2164 κλέπτειν,
803 2100 1073 2162 κλέπτεις.
1112 2120 1128 2146 ι
1182 2098 1390 2151 Οὐκοῦν
1424 2098 1600 2169 ἐαυτῷ
1639 2099 1737 2166 μὲν
1785 2099 1936 2150 ἔσται

363 2189 678 2251 διδάσκαλος
732 2188 915 2257 σοφὸς,
945 2187 1133 2258 ἕτερον
1185 2188 1242 2240 δὲ
1291 2189 1350 2240 ού
1397 2191 1737 2257 κατακρινεῖ.
1768 2188 1936 2241 Τοῦτο

363 2283 465 2351 γὰρ
496 2281 590 2332 καὶ
627 2280 655 2331 ὁ
682 2279 846 2348 νόμος
874 2281 901 2331 ὁ
927 2279 1011 2332 διὰ
1045 2279 1288 2341 Μωσέως
1324 2280 1690 2348 παραγγέλλει
1727 2280 1899 2347 λέγων
1920 2296 1934 2308 ·

371 2389 391 2423 ι
416 2370 655 2442 Πρόσεχε
686 2369 912 2439 σεαυτῷ,
947 2388 964 2420 ι
1000 2371 1182 2439 φησιν,
1217 2371 1314 2442 οὐχ
1357 2373 1547 2442 ἑτέρῳ.
1571 2373 1642 2424 Τὸ
1668 2373 1723 2425 δὲ
1750 2373 1938 2440 πρόσ-

366 2479 485 2532 εχε,
513 2462 635 2515 ἀντὶ
660 2461 752 2513 τοῦ
801 2461 1161 2532 Παραϐλέπου
1211 2445 1450 2515 τὰίκατὰ
1511 2464 1704 2517 σαυτόν
1736 2482 1748 2494 ·
1782 2466 1809 2516 ό
1839 2464 1938 2534 μὲν

362 2554 426 2625 δὴ
460 2553 698 2617 συνετὸς,
733 2551 903 2614 οὕτως
939 2553 1126 2604 ἑαυτὸν
1174 2553 1602 2622 παιδαγωγὴσει,
1635 2556 1734 2606 οὐκ
1762 2557 1840 2617 είς
1868 2555 1936 2608 τὰ

363 2645 563 2715 ἐτέρων
596 2643 918 2696 ἀποϐλέπων
949 2644 1283 2713 πταίσματα,
1315 2644 1448 2697 ἀλλὰ
1474 2645 1541 2697 τά
1571 2646 1742 2697 οἰκεῖα
1777 2664 1937 2715 περι-

363 2735 748 2806 εργαζόμενος,
800 2735 892 2785 καὶ
937 2734 1076 2800 ὑπὲρ
1126 2733 1304 2786 αὐτῶν
1340 2733 1758 2802 μεταγινώσκων
1796 2731 1934 2802 Θεῷ.

363 2827 481 2878 Εἰσὶ
527 2825 582 2878 δέ
618 2841 782 2889 τινες,
816 2823 863 2876 οἳ
893 2823 961 2875 τὰ
998 2825 1094 2893 μὲν
1128 2824 1334 2875 ἑαυτῶν
1371 2824 1469 2892 οὐχ
1497 2823 1693 2892 ὁρῶσιν
1720 2821 1938 2892 ὀλισθή-

364 2932 529 2985 ματα,
560 2915 652 2967 ὲπ“ι
685 2913 740 2965 δὲ
767 2914 876 2974 τοῖς
924 2913 1125 2981 ἑτέρων
1157 2913 1545 2982 προσκόμμασι
1578 2911 1774 2980 γελῶσι
1805 2911 1939 2962 πλα-

361 3006 424 3058 τύ
444 3023 458 3036 ’
488 3007 538 3058 οἱ
568 3007 739 3075 χαμαὶ
769 3004 1010 3074 κείμενοι
1046 3004 1168 3066 τοὺς
1197 3003 1437 3066 ἑστῶτας
1469 3003 1936 3074 ἑπιχλευάζουσιν,

365 3096 410 3146 οἱ
438 3095 546 3148 ἀπὸ
579 3094 755 3147 ποδῶν
800 3095 904 3156 ἕως
935 3094 1175 3163 κεφαλῆς
1214 3094 1456 3164 βορϐόρῳ
1500 3095 1935 3164 κατεχρισμένοι,

2039 1921 2223 1973 audies
2258 1920 2386 1972 illud
2413 1920 2651 1987 Apostoli
2683 1937 2696 1972 :
2741 1940 2757 1971 ι
2786 1921 2886 1985 Qui
2919 1921 3055 1976 dicis
3083 1935 3187 1972 non
3226 1923 3609 1974 mmchanduin

2037 2007 2351 2071 mmcharis,
2400 2016 2454 2061 et
2501 2009 2591 2076 qui
2644 2009 2903 2075 praedicas
2960 2024 3064 2062 non
3113 2007 3403 2062 furandum
3458 2008 3608 2061 fura-

2038 2100 2113 2155 ris
2141 2100 2204 2155 ¹⁰.
2255 2119 2274 2151 ι
2326 2097 2494 2168 Igitur
2527 2099 2743 2168 sapiens
2782 2099 2880 2152 sibi
2931 2099 3028 2166 ipsi
3081 2099 3298 2168 quidem
3339 2098 3442 2153 erit
3491 2115 3609 2153 ma-

2038 2191 2227 2266 gister,
2255 2189 2414 2244 alium
2440 2203 2568 2243 vero
2591 2204 2693 2242 non
2720 2189 3120 2242 condemnabit.
3146 2187 3259 2242 Hoc
3281 2189 3424 2242 enim
3444 2188 3608 2243 etiam

2039 2282 2122 2336 lex
2161 2298 2255 2351 per
2290 2281 2488 2336 Mosem
2534 2281 2656 2334 data
2708 2279 2995 2348 praecepit,
3041 2280 3225 2334 dicens
3260 2295 3273 2332 :
3329 2299 3348 2332 ι
3377 2279 3611 2336 Attende

2038 2373 2132 2427 tibi
2161 2373 2280 2442 ipsi,
2320 2390 2338 2424 ι
2367 2372 2542 2441 inquit
2566 2371 2630 2438 “,
2652 2385 2755 2424 non
2790 2371 2979 2437 alteri;
3004 2371 3130 2424 illud
3151 2379 3355 2436 autem,
3376 2372 3606 2436 attende,

2037 2465 2158 2520 loco
2181 2465 2324 2519 illius
2344 2466 2580 2535 ponitur,
2613 2463 2843 2533 Respice
2863 2479 2981 2532 qua:
3000 2473 3087 2516 tua
3111 2473 3236 2517 sunt
3255 2479 3268 2528 ;
3295 2477 3358 2517 ac
3375 2459 3610 2532 prudens

2039 2558 2109 2612 ita
2133 2559 2370 2626 seipsum
2401 2556 2665 2623 instituet,
2694 2570 2798 2610 non
2825 2555 3050 2608 aliorum
3083 2555 3264 2622 lapsus
3293 2553 3609 2621 respiciens,

2038 2651 2130 2704 sed
2155 2649 2385 2718 pr0priis
2422 2649 2692 2712 intentus,
2723 2662 2786 2700 ac
2809 2648 2875 2699 de
2904 2646 2969 2698 iis
2997 2645 3267 2712 pcenitens
3300 2644 3432 2699 Deo.
3471 2642 3611 2698 Sunt

2039 2749 2219 2793 autem
2271 2739 2544 2803 nonnulli,
2585 2739 2676 2807 qui
2721 2753 2848 2792 suos
2897 2736 3111 2804 quidem
3159 2735 3338 2802 lapsus
3377 2747 3485 2788 non
3525 2733 3610 2786 vi-

2041 2831 2188 2894 dent,
2220 2830 2447 2883 aliorum
2483 2845 2610 2884 vero
2643 2828 3022 2898 cespitationes
3056 2826 3224 2881 effuse
3252 2825 3428 2879 rident
3461 2843 3474 2878 :
3516 2825 3610 2894 qui

2040 2937 2161 2974 cum
2187 2922 2333 2974 humi
2359 2922 2592 2990 iaceant,
2623 2921 2872 2976 derident
2900 2928 3138 2984 stantes,
3174 2929 3226 2973 et
3265 2933 3294 2971 a
3325 2927 3502 2986 capite
3541 2918 3612 2971 ad

2039 3012 2240 3068 calcem
2274 3013 2380 3081 18
2409 3012 2518 3066 luto
2551 3013 2774 3076 inuncti,
2817 3013 3025 3066 modica
3079 3010 3254 3079 aliqua
3315 3009 3433 3064 labe
3471 3025 3607 3064 con-

2041 3103 2258 3172 spérsos
2309 3104 2691 3157 condemnant.
2742 3103 3076 3171 Quandoque
3124 3102 3264 3155 enim
3317 3103 3382 3156 de
3429 3100 3610 3171 aliquo

363 3188 485 3251 τοὺς
537 3186 716 3254 ὀλίγον
767 3186 986 3255 ἔχοντας
1039 3186 1206 3255 ῥύπον
1232 3185 1668 3248 καταδικάζουσι.
1706 3185 1936 3250 Λέγουσι

2046 3197 2227 3250 dicere
2281 3195 2501 3251 solent:
2539 3193 2636 3249 Hic
2678 3195 2839 3250 homo
2885 3194 3052 3248 durus
3107 3203 3211 3256 est,
3259 3193 3607 3256 inhumanus,

365 3283 470 3350 γὰρ
504 3280 615 3332 ἔσθ’
642 3282 730 3332 ὅτε
762 3279 888 3350 περί
915 3295 1079 3339 τινος·
1108 3280 1167 3331 '0
1190 3280 1334 3331 δεῖνα
1360 3279 1611 3348 σκληρὸς,
1645 3277 1936 3347 ἀπάνθρω-

367 3388 485 3436 πος,
515 3369 928 3440 αἰσχροκερδὴς,
952 3357 1318 3439 φιλάργυρος,
1348 3369 1515 3437 ὠμὸς,
1550 3370 1642 3421 καὶ
1689 3368 1934 3439 ἀνόητοςο

356 3456 487 3514 εἶτα
512 3460 686 3512 ταῦτα
713 3459 1084 3528 περιτιθέντες
1106 3459 1332 3527 ἑτέροις,
1351 3459 1450 3510 οὐκ
1478 3459 1817 3511 αἰσθάνονται
1849 3458 1938 3510 τὸν

371 3550 578 3604 ἑαυτῶν
626 3549 1038 3619 ζωγραφοῦντες
1079 3550 1480 3620 τρόπον.”οσην
1511 3549 1565 3601 δὲ
1595 3549 1797 3619 ζημίαν
1826 3549 1938 3619 ἔχει

368 3644 444 3698 τὸλ
474 3644 821 3713 κατακρίνειν
865 3643 1102 3713 ἐτέρους,
1138 3643 1227 3694 διὰ
1258 3642 1350 3695 τοῦ
1403 3642 1806 3707 ὲξουθενοῦντος
1847 3642 1938 3695 τὸν

371 3737 621 3807 Τελώνην
635 3736 927 3805 Φαρισαίου
962 3736 1579 3805 μεμαθήκαμεν.Ταῦτα
1607 3733 1697 3788 οὖν
1725 3736 1939 3789 ἅπαντα

371 3825 574 3880 ἀνελὼν
624 3826 711 3879 διὰ
757 3826 855 3895 τῆς
890 3826 1059 3893 καλῆς
1091 3823 1294 3894 ταύτης
1326 3825 1662 3894 νομοθεσίας,
1695 3827 1940 3896 ἐπήγαγε

372 3919 532 3972 πάλιν
560 3918 746 3986 ἓτερον
778 3915 1165 3984 παράγγελμα,
1196 3914 1368 3982 λέγων
1391 3929 1406 3943 ⁸

443 4031 510 4082 Et
532 4024 644 4082 οὖν
670 4027 835 4096 ὑμεῖς
858 4025 1107 4092 πονηροὶ
1133 4025 1301 4090 ὄντες
1329 4025 1530 4078 οἴδατε
1550 4026 1773 4093 δόματα
1800 4027 1937 4094 ἁγα-

375 4124 447 4176 θὰ
477 4119 705 4174 διδόναι
750 4121 873 4183 τοῖς
902 4117 1134 4179 τέκνοις
1183 4115 1370 4183 ὑμῶν,
1419 4116 1589 4176 πόσῳ
1636 4114 1878 4183 μᾶλλον
1907 4118 1940 4169 ό

373 4213 576 4280 Πατὴρ
613 4209 779 4280 ὑμῶν
804 4213 835 4263 ό
857 4211 924 4263 ἐν
953 4208 1076 4273 τοῖς
1102 4207 1377 4274 οὐρανοῖς
1397 4206 1575 4259 δώσει
1602 4207 1792 4274 ἀγαθὰ
1816 4205 1941 4269 τοῖς

370 4305 646 4358 αἰτοῦσιν
665 4303 852 4354 αὐτόν
871 4317 889 4363 ;

445 4396 665 4464 Δόματα
693 4393 770 4462 (1)
803 4390 981 4458 ἀγαθὰ
1010 4390 1164 4443 καλεῖ
1190 4389 1284 4452 τὰς
1312 4389 1684 4459 πνευματικὰς
1711 4387 1937 4457 δωρεάς

372 4490 401 4539 ὁ
451 4485 507 4538 δὲ
540 4485 755 4544 Λουκᾶς
807 4481 1031 4551 Πνεῦμα
1062 4482 1214 4548 άγιον
1265 4477 1414 4533 εἶπεν
1463 4479 1584 4533 ἀντὶ
1615 4478 1709 4530 τοῦ
1745 4478 1939 4540 εἰπεῖν,

374 4578 586 4646 ἀγαθά·
625 4574 719 4628 καὶ
745 4573 895 4625 οὐδὲν
930 4573 992 4625 τὸ
1023 4573 1278 4641 διάφορον
1301 4588 1312 4599 ·
1349 4572 1414 4636 ,τὸ
1451 4571 1558 4640 γὰρ
1591 4569 1741 4637 ἅγιον
1769 4568 1941 4622 ΙΙνεῦ-

374 4687 475 4739 μα,
501 4667 632 4720 αὐτό
660 4669 776 4718 ἐστι
797 4665 856 4718 τὸ
882 4665 1041 4732 φύσει
1076 4663 1278 4730 ἀγαθόν
1304 4677 1315 4690 ⁸
1345 4662 1424 4714 διὸ
1449 4662 1542 4716 καὶ
1562 4664 1672 4723 τοῖς
1698 4660 1946 4730 μετόχοις

370 4759 540 4814 αὑτοῦ
563 4759 778 4812 δίδωσιν
810 4757 1024 4824 ἀγαθά·
1058 4757 1172 4816 τοῖς
1205 4754 1260 4805 δὲ
1291 4753 1430 4820 ἄγαν
1468 4755 1742 4822 πονηροῖς,
1762 4751 1849 4804 διὰ
1882 4753 1943 4804 τὸ

367 4850 666 4911 ἀνενδότως
706 4848 1058 4917 ἁμαρτάνειν,
1099 4844 1296 4915 τρόπον
1339 4842 1462 4895 τινὰ
1493 4842 1651 4910 φύσις
1690 4842 1873 4903 αὐτοῖς
1910 4841 1943 4909 ἡ

371 4941 544 4996 κακία
581 4940 824 5008 γίνεται·
862 4933 970 5000 οἷός
997 4939 1141 4988 ἐστιν
1169 4937 1456 4997 ὁΣατανᾶς
1487 4934 1579 4986 καὶ
1607 4932 1944 5000 οἱδαίμονες·

364 5031 599 5086 δυνατὸν
637 5029 746 5100 γὰρ
794 5030 886 5082 καὶ
936 5030 1157 5089 τούτους
1189 5027 1345 5095 φύσει
1367 5025 1566 5086 κακοὺς
1601 5025 1794 5090 εἰπεῖν,
1821 5023 1947 5075 καί-

447 5213 489 5243 ³⁰
525 5210 685 5264 Rom.
713 5225 774 5274 ιι,
798 5205 891 5261 21.
970 5207 1009 5236 ¹¹
1044 5205 1200 5260 Deut.
1230 5219 1402 5269 xxvu,
1435 5205 1490 5258 9.

445 5367 525 5437 ,(1)
553 5367 788 5437 domus
814 5394 884 5404 —
911 5361 1394 5437 ἀπεσκλη-κριςας.
1419 5355 1706 5437 Hai_ibid.,
1737 5370 1791 5422 p.
1819 5348 1942 5435 11.60.

453 5425 528 5506 (2')
567 5425 790 5506 Plurimi
824 5430 1145 5506 saneﬁrzcci
1173 5429 1304 5506 _libri
1333 5439 1386 5481 et
1413 5427 1657 5506 codices,
1693 5439 1832 5506 quos
1861 5425 1944 5476 in-

366 5491 470 5561 ter‘
490 5491 902 5572 antiquissimus
940 5498 1376 5572 ille»\’atica_n‘us,
1412 5495 1609 5549 habent
1639 5495 1780 5572 apud
1812 5491 1942 5546 Luc.

368 5577 556 5642 ἅγιον,
591 5562 850 5635 sanctum,
891 5570 1089 5642 uthic
1133 5566 1404 5642 Cyrinus;
1453 5579 1614 5642 quam
1658 5562 1946 5642 lectionem

371 5633 682 5714 agnoscunt
717 5633 852 5714 apud
899 5633 1237 5693 Sabateriu'm
1285 5636 1446 5688 etiam
1494 5633 1858 5714 hieronymus
1893 5639 1948 5682 et

373 5705 721 5776 Avmbrosius,
751 5705 842 5777 qui
898 5718 1073 5763 tamen
1101 5715 1406 5775 postremus
1461 5705 1686 5757 alteram
1734 5715 1946 5769 quoque

1573 5203 1616 5232 "
1647 5199 1780 5255 Luc.
1813 5216 1866 5255 ιιι
1926 5199 2012 5252 15.

2044 3286 2185 3354 turpi
2240 3285 2390 3340 lucro
2437 3283 2670 3348 deditus,
2723 3284 2980 3348 crudelis,
3038 3299 3236 3337 avarus
3287 3292 3341 3337 et
3397 3298 3607 3338 amens.

2041 3373 2244 3428 Deinde
2285 3377 2399 3431 haec
2447 3377 2564 3430 aliis
2615 3376 2990 3444 imponentes,
3040 3373 3212 3444 ipsam
3251 3388 3369 3428 sese
3399 3389 3606 3427 morum

2042 3478 2261 3519 suorum
2291 3464 2582 3534 imaginem
2605 3465 2891 3534 depingere
2912 3479 3018 3518 non
3046 3464 3304 3517 sentiunt.
3334 3462 3607 3528 Quantum

2041 3569 2170 3609 vero
2199 3556 2451 3608 damnum
2484 3554 2712 3622 afferat,
2739 3555 2875 3608 alios
2899 3553 3177 3620 judicare,
3209 3566 3272 3606 ex
3312 3550 3610 3604 Publicano

2041 3645 2374 3702 Pharisazum
2445 3655 2822 3702 coutemnente
2891 3643 3198 3697 didicimus.
3267 3643 3393 3697 Hec
3448 3643 3610 3712 igitur

2043 3735 2243 3802 omnia,
2277 3751 2398 3790 cum
2432 3751 2528 3805 per
2567 3737 2759 3790 bonam
2805 3734 2945 3788 banc
2991 3732 3380 3802 legislationem
3430 3741 3611 3786 sustu-

2041 3828 2216 3896 lisset,
2244 3829 2387 3883 aliud
2419 3842 2606 3883 rursus
2637 3826 2877 3894 adjunxit
2910 3831 3237 3894 praeceptum
3267 3821 3453 3877 dicens
3484 3836 3500 3874 :

2117 4023 2206 4078 Vll
2230 4065 2244 4090 ,
2279 4023 2364 4077 11.
2400 4023 2461 4078 Si
2493 4038 2613 4092 ergo
2645 4039 2735 4076 vos
2759 4037 2878 4075 cum
2918 4021 3034 4074 sitia
3071 4019 3232 4085 mali,
3274 4019 3437 4074 nostis
3469 4018 3607 4072 bona

2044 4115 2185 4168 dona
2215 4115 2392 4167 liberis
2415 4115 2597 4167 vestris
2629 4113 2760 4166 dare
2780 4153 2794 4178 ,
2823 4121 3018 4181 quanto
3053 4112 3222 4179 magis
3259 4110 3422 4164 Pater
3444 4123 3610 4165 vester

2046 4203 2265 4257 coelestia
2302 4203 2436 4255 bona
2469 4201 2618 4253 dabit
2647 4200 2950 4268 rogantibus
2977 4201 3076 4254 se?

2121 4385 2261 4440 Bona
2309 4385 2450 4439 dona
2496 4380 2761 4450 appellat,
2808 4378 3071 4448 spiritalia
3116 4392 3366 4436 munera.
3413 4378 3611 4452 Utique

2048 4475 2221 4531 Lucas
2280 4473 2322 4504 “
2407 4472 2666 4542 Spiritum
2714 4478 2960 4525 sanctum
3013 4470 3152 4523 dixit
3201 4485 3298 4538 pro
3351 4472 3613 4526 vocabulo

2056 4585 2074 4618 ς
2109 4566 2246 4620 bona
2274 4563 2405 4634 »(2),
2427 4562 2500 4616 nil
2517 4561 2794 4628 ceteroqui
2812 4559 3153 4628 discrepans;
3175 4560 3374 4615 etenim
3397 4570 3616 4616 sanctus

2051 4655 2306 4726 Spiritus,
2361 4655 2478 4724 ipse
2507 4661 2592 4707 est
2623 4660 2815 4720 suapte
2863 4660 3055 4704 natura
3109 4652 3341 4716 bonum;
3388 4651 3616 4719 ideoque

2052 4756 2104 4801 et
2137 4745 2495 4816 participibus
2535 4742 2617 4798 sui
2665 4740 2878 4796 confert
2921 4741 3080 4795 bona.
3115 4741 3282 4795 Secus
3321 4755 3446 4796 vero
3485 4742 3616 4795 insi-

2048 4840 2227 4908 gniter
2256 4836 2517 4906 improbis
2539 4875 2552 4896 ,
2610 4833 2662 4886 id
2697 4841 2778 4887 est
2807 4831 3066 4886 ell‘renate
3106 4830 3488 4898 peccantibus,
3517 4845 3617 4884 na-

2052 4928 2239 4983 turalis
2271 4922 2668 4994 quodammodo
2715 4922 2774 4975 tit
2805 4920 3038 4984 malitia;
3079 4918 3377 4986 cujusmodi
3406 4927 3490 4971 est
3517 4917 3616 4972 Sa-

2049 5030 2205 5075 tanas
2226 5029 2389 5088 atque
2423 5018 2712 5072 daemones.
2747 5011 2898 5067 Licet
2921 5011 3063 5066 enim
3098 5008 3182 5063 his
3213 5022 3425 5077 quoque
3457 5018 3616 5062 natu-

2052 5353 2199 5409 novit
2224 5351 2449 5420 ἀγαθόν,
2473 5351 2523 5403 id
2548 5344 2856 5420 est__vu|gati
2882 5341 3397 5420 interpretisblonum
3421 5354 3616 5420 ;quam

2052 5439 2231 5485 nemo,
2264 5411 2320 5474 ut
2361 5411 2503 5480 reor,
2547 5411 2824 5470 meliorem
2856 5429 2958 5485 non
3008 5411 3294 5485 reputabit,
3324 5411 3616 5475 praesertim

2053 5496 2177 5563 quia
2206 5479 2345 5563 apud
2374 5479 2732 5563 Ambrosium
2751 5494 2835 5536 est
2869 5483 3030 5563 etiam
3066 5480 3247 5563 datum
3279 5479 3488 5563 bonum,
3520 5494 3616 5531 nec

2053 5549 2156 5618 rion
2194 5549 2332 5630 apud
2385 5551 3365 5630 alios_quosdain._Ca:teroqiiihanc
3413 5549 3615 5604 discre-

2054 5621 2288 5703 pantia'm
2324 5631 2458 5682 mire
2495 5621 2666 5681 elevat
2698 5624 2951 5691 Cyrillus,
2984 5632 3035 5674 ct
3066 5621 3333 5674 conciliat.
