4058 6280
474 321 572 376 537

1493 308 1553 365 S.
1594 309 1864 366 CYRILLI
1905 308 2376 363 ALEXANDRIM
2414 308 2714 364 ARCHIEP

3611 301 3714 358 588

472 436 637 490 ralem
673 430 1073 500 improbitatem
1126 429 1454 491 attribttcre,
1505 441 1810 496 quanquam
1847 438 2038 494 reapse

2157 442 2247 495 περ
2281 424 2356 496 μὴ
2383 425 2542 493 φύσει
2563 425 2768 486 κακοὺς
2793 422 2855 493 δη
2865 419 3314 491 μιουργηθέντας,
3339 413 3456 472 ἀλλ’
3478 415 3538 482 ἑξ
3559 418 3714 470 αὑτο-

470 527 688 579 minitne
717 531 903 574 natura
945 522 1067 574 mali
1110 522 1274 576 creati
1324 519 1546 584 fuerint,
1597 518 1688 572 sed
1746 517 2043 571 voluntaria

472 617 675 670 tnalttia
713 614 1077 666 extabtterint.

543 705 650 769 Vll,
690 706 772 759 15.
816 706 1078 757 Attendite
1109 720 1139 753 a
1183 701 1333 768 falsis
1379 700 1670 768 praphetis,
1709 697 1795 768 qui
1828 697 2036 752 veniunt

470 800 537 848 ar!
570 813 653 848 vos
687 799 737 845 in
769 795 1089 846 vestimentis
1121 793 1310 845 ovium.

544 885 605 938 l-li
639 896 764 938 sunt
810 886 1073 948 haeretici,
1119 883 1268 936 falsis
1305 891 1356 934 et
1389 880 1645 934 coloratis
1691 877 2038 932 sermonibus

476 978 760 1031 n0nnnllos
794 977 1159 1044 dccipientes;
1210 965 1407 1042 quibus
1446 973 1489 1026 si
1534 973 1691 1026 fidem
1725 973 2041 1034 adhibeant,

479 1077 602 1120 tunc
641 1083 734 1121 eos
780 1068 845 1118 ad
889 1082 951 1119 ea
986 1065 1228 1119 facienda
1279 1065 1561 1132 impellunt
1602 1079 1722 1132 qua:
1764 1078 1871 1116 non
1917 1077 2046 1116 con-

474 1160 644 1210 Venit.

553 1247 658 1305 V'll.
687 1245 774 1299 9.6.
817 1243 882 1297 Et
932 1246 1097 1297 omnis
1145 1245 1235 1311 qui
1288 1243 1435 1294 audit
1474 1243 1624 1294 verba
1673 1258 1785 1294 mea
1832 1242 1960 1303 luet,
1995 1251 2043 1294 et

478 1355 578 1391 non
602 1339 724 1402 facit
754 1353 814 1389 ea
838 1377 852 1399 ,
890 1335 1078 1389 similis
1110 1337 1208 1386 erit
1255 1335 1362 1387 viro
1397 1335 1588 1396 stulto,
1633 1334 1720 1402 qui
1769 1333 2043 1399 wdiﬁcavit

477 1433 684 1483 damnor
719 1444 867 1480 sum):
905 1442 1060 1493 super
1087 1442 1321 1478 arenam.

553 1520 656 1589 19
692 1520 790 1585 Qui
845 1519 1180 1571 solummodo
1223 1531 1490 1570 sermonis
1528 1517 1739 1569 auditor
1780 1521 1898 1581 est,
1940 1529 2045 1568 non

477 1614 602 1664 item
641 1613 833 1673 factor,
865 1609 1046 1662 domui
1096 1609 1430 1663 assintilatnr
1463 1607 1514 1661 in
1557 1621 1716 1661 arena
1750 1607 2044 1670 mdificataa,

477 1719 592 1771 qua:
627 1711 865 1770 tempore
893 1700 1203 1753 tentationis
1239 1701 1465 1762 corruit,
1495 1707 1548 1752 et
1571 1699 1848 1759 evertitur,
1881 1696 2046 1765 patri-

478 1769 577 1848 bus
635 1769 937 1860 iniquitatis
987 1791 1341 1860 spirantibus,
1400 1788 1724 1842 turbulentis
1774 1789 1928 1854 aquis
1983 1788 2048 1839 ad
2080 1769 2121 1822 Β

477 1887 709 1938 attimatn
746 1898 916 1949 usque
953 1881 1360 1949 ingruentibus,
1395 1896 1458 1934 ac
1489 1881 1696 1933 turbida
1733 1887 2052 1946 tempestate

479 1975 782 2041 iniquitatis
813 1988 933 2025 eum
967 1981 1365 2031 comtttovente,
1399 1981 1449 2022 et
1484 1971 1534 2022 in
1573 1981 1874 2022 extremum
1905 1970 2052 2037 peri-

482 2063 656 2115 culum
685 2059 1193 2113 addttcettte.1{e0le
1224 2060 1462 2126 quidem,
1489 2077 1506 2108 ι
1533 2058 1854 2111 Assintilalto
1872 2073 2046 2123 eum”

480 2152 545 2205 de
572 2153 814 2218 sapiente
857 2150 1021 2214 dixit;
1051 2149 1116 2200 de
1143 2151 1303 2202 stulto
1324 2165 1472 2211 Vero,
1507 2167 1526 2198 ι
1567 2148 1986 2204 Assitnilabitnr.
2028 2167 2047 2200 ι

479 2243 708 2296 Virtutis
758 2241 1021 2310 siquidem
1069 2252 1318 2308 cperator
1346 2242 1523 2294 omnia
1563 2250 1738 2308 potest
1770 2241 1820 2294 iu
1860 2255 1923 2294 eo
1963 2241 2054 2309 qui

483 2336 756 2388 confortat
797 2348 940 2394 eunt,
972 2331 1212 2394 Christo,
1249 2346 1277 2383 a
1315 2346 1421 2400 quo
1448 2331 1584 2399 apud
1631 2331 1875 2384 homines
1912 2341 2057 2384 recte

486 2421 651 2484 facta,
687 2437 715 2473 a
751 2435 856 2488 quo
886 2421 1174 2487 Sapientia,
1200 2429 1250 2472 et
1282 2420 1635 2488 intelligentia
1656 2460 1668 2484 ,
1700 2429 1756 2473 et
1793 2420 1858 2472 ad
1895 2433 2058 2474 omne

481 2513 678 2564 bonum
721 2510 1060 2562 assimilatio.
1102 2509 1306 2562 Pravus
1357 2524 1485 2562 vero
1529 2508 1696 2562 Deum
1747 2526 1851 2563 tton
1893 2510 2058 2564 habet

481 2601 793 2652 vitiositatis
859 2615 973 2651 suae
1019 2613 1082 2652 ac
1136 2600 1419 2652 dementiae
1464 2609 1737 2653 auctorem
1774 2617 1787 2652 :
1825 2598 1917 2653 sed
1962 2599 2058 2653 de-

483 2693 645 2744 menti
680 2690 1032 2756 assintilatur,
1077 2692 1166 2758 qni
1205 2691 1270 2744 iis
1305 2707 1421 2757 qua:
1468 2693 1763 2745 Secundum
1811 2701 2057 2745 naturam

481 2793 604 2836 sunt
630 2783 893 2846 abstinet;
926 2797 1044 2850 qua}
1075 2791 1264 2835 contra
1286 2821 1299 2847 ,
1332 2782 1483 2836 facit.

555 2979 722 3033 Recte
749 2980 890 3031 hunc
925 2978 1149 3032 stultum
1179 2979 1433 3049 appellat.
1469 2977 1606 3045 Quid
1635 2978 1778 3032 enim
1808 2977 2055 3032 insanius

488 3072 600 3126 fleri
630 3081 835 3138 potest,
865 3087 1026 3140 quam
1061 3072 1281 3124 domum
1312 3072 1364 3124 in
1393 3087 1556 3124 arena
1594 3070 1864 3124 a-dificare
1887 3111 1902 3135 ,
1955 3084 2057 3136 qua

487 3163 539 3215 in
560 3179 614 3214 re
634 3164 781 3214 labor
805 3161 1098 3229 perfertur,
1127 3162 1332 3214 fructus
1355 3172 1530 3214 autem
1551 3161 1830 3213 nullnsant
1847 3160 2058 3227 requies

485 3255 805 3322 aeqniritur,
893 3252 1004 3304 into
1027 3256 1191 3305 etiattt
1224 3253 1603 3305 detrimentum
1641 3252 1874 3320 capitur.
1923 3249 2057 3303 Pro-

488 3343 630 3398 fecto
651 3385 665 3408 ,
701 3342 840 3412 quod
867 3352 920 3395 et
950 3342 1195 3395 homines
1219 3343 1449 3410 improbi
1477 3343 1868 3412 defatigetttur,
1899 3355 2057 3395 nemo

489 3451 594 3488 non
627 3435 801 3496 videt;
858 3447 1032 3500 neque
1074 3443 1253 3485 tamen
1300 3448 1366 3486 ex
1416 3432 1500 3484 his
1538 3432 1817 3486 laboribus
1848 3434 2056 3486 lucrum

490 3527 704 3594 aliquod
760 3525 1174 3588 nanciscuntur,
1227 3525 1424 3592 intoet
1467 3525 1724 3576 damnum
1762 3541 1927 3593 grave
1961 3540 2055 3593 pa—

491 3617 714 3668 tiuntur.
743 3611 811 3668 Ut
839 3614 980 3666 enim
1015 3613 1088 3666 ait
1121 3611 1316 3665 Paulus
1347 3630 1360 3664 :
1396 3630 1413 3661 ‹
1469 3611 1566 3677 Qui
1601 3611 1650 3662 in
1693 3627 1860 3666 carne
1892 3613 2056 3666 semi-

490 3718 602 3770 nat,
635 3708 699 3760 de
725 3723 887 3761 carne
919 3715 1082 3759 metet
1111 3704 1515 3774 corruptionem
1550 3702 1614 3754 ⁸⁸.
1661 3723 1678 3751 ο

565 3880 700 3943 Vili,
736 3882 790 3932 5.
835 3879 986 3942 Volo,
1017 3880 1290 3933 mundare.

562 3972 894 4040 Contingens
955 3970 1223 4038 leprosum
1299 3969 1545 4023 Salvator
1610 3970 1822 4024 curavit
1901 3985 2058 4034 eum,

491 4065 781 4118 ostendens
869 4061 1133 4127 Spiritum
1203 4059 1256 4114 itt
1307 4075 1364 4114 se
1419 4061 1810 4114 inhabitatttem
1870 4076 2062 4116 curare

491 4151 744 4215 nimbos;
799 4165 996 4216 corpus
1047 4163 1172 4202 vero
1214 4149 1386 4218 ipsum
1447 4149 1564 4217 ejus
1636 4159 1892 4226 contactu
1961 4162 2061 4202 suo

490 4242 974 4299 sanctiﬂeationem
999 4240 1421 4296 communicare.

560 4333 669 4403 2ο
684 4334 962 4397 Quodnam
997 4342 1173 4384 autent
1199 4342 1316 4385 erat
1348 4325 1545 4388 ntunus
1578 4349 1607 4386 a
1634 4333 1846 4402 leproso
1869 4347 2060 4387 secun-

2147 518 2472 588 προαιρέτου
2499 515 2694 578 κακίας
2715 512 3152 582 άπεσκληκότας.

2218 695 2546 765 Προσέχετε
2567 695 2630 747 δὲ
2653 693 2771 748 ἀπὸ
2799 692 2918 746 τῶν
2937 689 3472 759 ψευδοπροφητῶν,
3498 692 3713 755 οἵτινες

2142 784 2418 852 ἔρχονται
2457 785 2605 850 πρὸς
2636 781 2788 851 ὑμᾶς
2812 781 2880 833 ἐν
2912 780 3206 849 ἐνδύμασι
3243 780 3574 846 προϐάτων.

2215 870 2372 928 Οὗτοί
2405 876 2480 943 (1)
2535 875 2670 926 εἰσιν
2720 875 2767 925 οἱ
2817 872 3106 942 αἱρετικοὶ,
3142 873 3260 940 ἦτοι
3307 873 3357 924 oi
3408 872 3497 924 διὰ
3545 872 3715 939 λόγων

2145 965 2394 1018 πλαστῶν
2426 965 2522 1019 καὶ
2549 965 2869 1035 άμφιάσεων
2910 962 3290 1027 ἐξαπατῶντες
3320 981 3494 1027 τινας,
3523 967 3619 1018 καὶ
3641 965 3716 1017 ὅτ’

2145 1059 2211 1111 ἂν
2266 1058 2526 1111 πείσωσιν
2549 1099 2564 1123 ,
2590 1058 2712 1112 τότε
2757 1060 2940 1122 αὐτοῖς
2969 1056 3334 1111 ὑποϐάλλουσι
3359 1059 3557 1122 ποιεῖν,
3584 1056 3620 1110 ἃ
3645 1057 3717 1126 μὴ

2145 1149 2301 1220 θέμις

2215 1240 2322 1293 Καὶ
2351 1239 2470 1304 πᾶς
2509 1243 2542 1294 ὀ
2571 1241 2807 1294 ἀκούων
2837 1258 2956 1311 μου
3000 1240 3143 1306 τοὺς
3183 1241 3402 1310 λόγους
3445 1240 3716 1305 τούτους,

2147 1331 2244 1384 καὶ
2273 1332 2360 1400 μὴ
2387 1330 2576 1385 ποιῶν
2607 1333 2846 1398 αὐτοὺς,
2877 1332 3300 1402 ὁμοιωθήσεται
3335 1331 3507 1398 ἀνδρὶ
3525 1331 3718 1399 μωρῷ,

2148 1420 2315 1484 ὅστις
2336 1421 2685 1490 ᾠκοδόμησε
2704 1422 2816 1488 τῂν
2832 1424 3024 1475 οὶκίαν
3041 1424 3117 1476 αὐ
3126 1421 3226 1474 τοῦ
3243 1421 3341 1473 ἐπὶ
3371 1422 3486 1486 τὴν
3503 1420 3720 1488 ἅμμον.

2227 1513 2285 1565 '0
2312 1513 2586 1585 ἀκροατὴς
2616 1514 2771 1584 μόνος
2801 1514 2895 1566 τοῦ
2919 1513 3099 1581 λόγου,
3127 1513 3188 1565 οὐ
3217 1513 3322 1584 μὴν
3349 1513 3443 1566 καὶ
3471 1513 3721 1581 ποιητὴς,

2146 1606 2277 1674 οἴκῳ
2311 1605 2673 1667 ἀπεικάζεται
2705 1606 2795 1657 ἐπὶ
2823 1605 2923 1674 τῆς
2948 1605 3176 1676 ψάμμου
3202 1603 3628 1674 οἰκοδομηθέντι,
3665 1603 3726 1665 ὃς

2149 1695 2205 1747 ὲν
2238 1695 2411 1765 καιρῷ
2448 1694 2755 1765 πειρασμοῦ
2791 1697 3138 1759 καταπίπτει,
3174 1696 3268 1748 καὶ
3303 1695 3588 1766 χὼννυται,
3619 1695 3730 1746 τῶν

2152 1785 2405 1855 πατέρων
2453 1787 2552 1854 τῆς
2597 1787 2860 1856 πονηρίας
2889 1789 3348 1851 ὲπιπνευσάντων,
3382 1787 3489 1839 τῶν
3525 1803 3732 1856 ταρατ-

2151 1875 2391 1944 τομένων
2423 1874 2626 1928 ὑδάτων
2656 1876 2762 1939 ἕως
2785 1877 2961 1946 ψυχῆς
2990 1877 3365 1940 εἰσελθόντων,
3393 1878 3488 1929 καὶ
3516 1877 3608 1928 τοῦ
3639 1875 3732 1928 θο-

2152 1965 2310 2037 λεροῦ
2356 1967 2656 2039 χειμάρρου
2701 1968 2804 2037 τῆς
2845 1970 3072 2039 ἀνομίας
3117 1968 3276 2021 αὑτὸν
3309 1967 3730 2033 ὲκταράξαντος,

2154 2059 2248 2111 καὶ
2300 2060 2391 2111 τὸν
2439 2061 2566 2128 περὶ
2612 2060 2719 2112 τῶν
2769 2060 3011 2129 ἐσχάτων
3059 2061 3433 2123 ὲπισείσαντος
3463 2058 3730 2112 κίνδυνον.

2155 2148 2350 2212 Καλῶς
2379 2149 2433 2202 δὲ
2452 2153 2542 2203 ἐπὶ
2564 2151 2662 2220 μὲν
2691 2151 2782 2203 τοῦ
2809 2153 3093 2222 φρονίμου,
3133 2170 3151 2202 ι
3187 2151 3464 2220 Ὀμοιώσω
3493 2151 3683 2212 αὑτὸν,
3713 2167 3730 2201 ι

2156 2239 2306 2294 εἶπεν
2329 2259 2342 2272 ·
2377 2243 2469 2294 ἐπὶ
2501 2243 2557 2294 δὲ
2582 2243 2679 2296 τοῦ
2711 2242 2892 2314 μωροῦ
2945 2263 2962 2295 ι
3006 2244 3448 2314 Ὀμοιωθήσεται.
3485 2263 3504 2294 ι
3539 2243 3598 2295 Ὀ
3633 2244 3736 2312 μὲν

2156 2330 2264 2400 γὰρ
2293 2332 2390 2400 τῆς
2425 2331 2623 2400 ἀρετῆς
2659 2333 2896 2401 ἐργάτης
2925 2332 3104 2385 πάντα
3135 2331 3306 2401 ἰσχύει
3334 2336 3389 2383 ὲν
3413 2331 3491 2400 τῷ
3517 2333 3738 2385 ἐνδυνα-

2161 2420 2348 2491 μοῦντί
2399 2421 2558 2474 αὑτὸν
2603 2421 2842 2492 Χριστῷ,
2892 2423 3022 2492 παρ’
3055 2418 3114 2476 οὗ
3168 2424 3296 2492 παρ’
3321 2421 3626 2492 ἀνθρώποις
3679 2422 3738 2474 τὺ

2159 2512 2613 2583 κατορθούμενον,
2664 2515 2793 2584 παρ’
2821 2508 2882 2568 οὗ
2916 2512 3077 2576 σοφία
3112 2513 3206 2566 κοιλ⁵
3235 2511 3444 2574 σύνεσις
3474 2512 3566 2563 καὶ
3593 2512 3737 2580 πρὸς

2157 2604 2218 2658 τὸ
2265 2603 2466 2672 ἀγαθὸν
2513 2605 2927 2675 ὲξομοίωσις.’0
2957 2606 3013 2658 δὲ
3043 2605 3242 2673 φαῦλος
3287 2606 3406 2674 οὐχὶ
3445 2604 3575 2657 Θεὸν
3617 2603 3738 2674 ἔχει

2158 2696 2258 2765 τῆς
2286 2695 2480 2749 ἑαυτοῦ
2513 2698 2710 2760 κακίας
2736 2697 2829 2750 καὶ
2867 2697 3178 2767 ἀφροσύνης
3210 2697 3401 2762 αἴτιον,
3433 2696 3545 2749 ἀλλ’
3569 2697 3738 2758 αὐτὸς
3787 2686 3796 2687 ί

2159 2787 2438 2856 ὁμοιοῦται
2481 2788 2558 2859 τῷ
2600 2789 2792 2859 ἄφρονι
2839 2789 2930 2842 τοῦ
2978 2788 3117 2842 κατὰ
3152 2787 3311 2856 φύσιν
3340 2789 3604 2854 ἀποστὰς,
3638 2787 3739 2841 καὶ

2163 2877 2218 2928 ὲν
2249 2876 2324 2946 τῷ
2360 2877 2508 2948 παρὰ
2539 2877 2700 2945 φύσιν
2727 2880 3034 2949 γενόμενος.

2233 2969 2428 3032 Καλῶς
2461 2969 2538 3040 (9.)
2574 2969 2632 3022 δὲ
2677 2971 2856 3042 μωρὸν
2885 2971 3110 3024 ἐκάλεσε
3161 2972 3366 3026 τοῦτον.
3410 2968 3474 3024 Τί
3524 2968 3635 3039 γὰρ
3677 2966 3740 3022 ἂν

2088 3094 2128 3150 C
2163 3056 2373 3125 γένοιτο
2421 3059 2774 3130 ἀνοητότερον
2826 3061 2920 3112 τοῦ
2963 3061 3139 3114 οὶκίαν
3191 3060 3592 3131 οἰκοδομοῦντος
3644 3055 3739 3110 ἐπὶ

2163 3149 2409 3219 ψάμμου,
2433 3151 2527 3202 καὶ
2556 3151 2646 3203 τὸν
2677 3151 2773 3220 μὲν
2803 3152 2962 3204 πόνον
2988 3153 3370 3223 ὑπομένοντος,
3396 3151 3488 3205 τοῦ
3518 3152 3574 3203 δὲ
3599 3167 3742 3221 κάρ-

2164 3239 2263 3291 ποῦ
2298 3239 2392 3292 καὶ
2415 3241 2511 3310 τῆς
2544 3239 2903 3304 ἀναπαύσεως
2946 3244 3438 3314 ἀποστερουμένου,
3475 3243 3569 3295 καὶ
3612 3243 3741 3294 ἀντὶ

2163 3330 2354 3383 τούτου
2378 3331 2599 3386 κόλασιν
2623 3333 3016 3403 ὑπομένοντος;
3047 3336 3129 3388 ὅτι
3175 3335 3283 3406 γὰρ
3333 3335 3429 3388 καὶ
3454 3336 3503 3387 οί
3539 3334 3742 3387 κακίαν

2167 3422 2443 3492 μετιόντες
2496 3423 2789 3493 κάμνουσι,
2846 3425 3008 3479 παντί
3042 3443 3144 3478 που
3193 3409 3350 3495 δῆλόν
3408 3427 3588 3478 ἐστιν·
3618 3424 3772 3477 ἀλλ”

2164 3511 2284 3564 οὐδὲ
2307 3513 2416 3565 ἀπὸ
2438 3514 2545 3565 τῶν
2580 3515 2755 3566 πόνων
2781 3514 2983 3568 τούτων
3008 3515 3343 3586 καρποῦνται
3366 3515 3576 3584 κέρδος,
3600 3513 3740 3567 ἀλλὰ

2165 3605 2261 3656 καὶ
2293 3604 2491 3674 πολλὴν
2526 3606 2856 3674 ὑπομένουσι
2887 3605 2984 3676 τὴν
3012 3605 3243 3677 ζημίαν·
3281 3607 3355 3670 ὡς
3376 3607 3483 3676 γάρ
3519 3624 3689 3676 φησιν
3713 3607 3740 3658 ὁ

2167 3690 2394 3758 Παῦλος,
2445 3713 2462 3744 ι
2486 3693 2542 3745 '0
2575 3693 2810 3765 σπείρων
2844 3699 2899 3748 ὲν
2915 3699 2978 3767 τῇ
3011 3698 3194 3764 σαρκὶ,
3214 3698 3277 3750 ὲκ
3307 3696 3403 3766 τῆς
3421 3697 3622 3766 σαρκὸς
3649 3697 3738 3749 θε-

2169 3787 2307 3857 ρίσει
2338 3785 2562 3856 φθοράν.
2600 3805 2618 3836 ι

2241 3875 2421 3938 Θέλω,
2454 3876 2862 3942 καθαρίσθητι.

2251 3962 2585 4032 Ἀπτόμενος
2611 3964 2703 4016 τοῦ
2732 3964 2933 4036 λεπροῦ
2964 3967 2991 4017 ὁ
3019 3965 3209 4034 Σωτὴρ
3242 3959 3610 4035 ἐθεράπευσεν
3644 3962 3740 4017 αὐ-

2167 4054 2276 4118 τὸν,
2307 4054 2565 4108 δεικνύων
2604 4056 2678 4119 ὡς
2723 4057 2783 4108 τὸ
2825 4056 3049 4126 Πνεῦμα
3077 4056 3138 4108 ’τὸ
3177 4058 3233 4108 ἐν
3265 4057 3413 4127 αὐτῷ
3446 4056 3738 4126 θεραπεύει

2167 4145 2268 4206 τὰς
2295 4146 2500 4208 νόσους.
2531 4147 2573 4198 Τ
2576 4147 2604 4198 ὸ
2633 4148 2688 4200 δὲ
2713 4148 2870 4218 σῶμα
2893 4151 2957 4219 τῇ
2984 4147 3320 4219 προσψαύσει
3346 4148 3438 4201 τὸν
3467 4147 3737 4219 ἁγιασμὸν

2169 4235 2484 4304 παρέχεται.

2239 4325 2303 4378 Τί
2335 4326 2390 4377 δὲ
2424 4321 2491 4393 ἦν
2533 4325 2592 4378 τὸ
2623 4325 2790 4395 δῶρον
2833 4327 2892 4378 τὸ
2929 4327 3077 4397 παρὰ
3111 4326 3204 4380 τοῦ
3237 4325 3434 4400 λεπροῦ
3474 4327 3613 4381 κατὰ
3650 4327 3737 4380 τὸν

491 4426 616 4477 dum
643 4427 807 4490 legent
831 4423 1106 4475 oblatum?
1134 4423 1260 4476 Duae
1281 4439 1407 4478 aves
1429 4440 1655 4491 quarum
1676 4441 1834 4478 unam
1858 4434 2057 4480 tttacta-

2167 4416 2330 4485 νόμον
2362 4416 2800 4486 προσαγόμενον;
2834 4417 2934 4469 Δύο
2973 4417 3201 4488 ὀρνίθια,
3235 4411 3310 4470 ὧν
3342 4419 3404 4470 τὸ
3427 4416 3484 4470 ἓν
3506 4417 3737 4486 ἔσφαξεν

491 4515 586 4566 hat
609 4513 863 4565 sacerdos
889 4527 1050 4579 super
1068 4527 1205 4579 aqua
1231 4512 1369 4577 viva,
1398 4526 1450 4566 et
1471 4515 1740 4580 accipiens
1760 4514 1957 4584 lignum
1979 4529 2068 4568 ce-

495 4601 730 4664 drinutn,
762 4613 1091 4666 coccutnque
1117 4599 1369 4661 fractum,
1392 4609 1446 4653 et
1475 4603 1801 4670 hyssopum;
1829 4619 1890 4656 ac
1908 4604 2065 4656 aliam

493 4701 646 4738 avent
680 4687 878 4749 vivam,
906 4701 1065 4754 quam
1099 4687 1400 4755 intingehat
1436 4690 1487 4742 in
1525 4693 1639 4745 avis
1670 4702 1916 4746 mactatae
1940 4708 2064 4746 san-

493 4778 651 4846 guine
683 4793 844 4847 super
869 4791 1005 4846 aqua
1038 4778 1178 4842 viva,
1210 4780 1562 4851 mundatique
1585 4782 1780 4851 leprosi
1817 4786 2060 4838 dextram

495 4872 784 4938 inuugehat
813 4870 1133 4932 auriculam,
1169 4885 1407 4935 manum,
1441 4882 1496 4925 et
1520 4873 1732 4941 pedem,
1783 4889 1934 4928 avem
1967 4889 2062 4928 an-

494 4968 598 5012 tem
626 4963 802 5013 vivam
841 4970 994 5014 extra
1027 4960 1307 5015 civitatem
1358 4962 1606 5017 mittebat
1652 4965 1702 5017 in
1750 4979 1967 5032 campos
1997 4965 2059 5018 ¹⁶.

492 5049 726 5104 Observa
765 5052 928 5120 igitur
956 5051 1225 5120 quomodo
1255 5053 1338 5114 iis,
1371 5068 1492 5122 qua:
1539 5055 1678 5109 dicta
1724 5066 1870 5119 sunt,
1918 5067 2062 5111 totus

491 5139 739 5195 Christus
768 5143 1105 5213 depingatur.
1145 5144 1248 5198 Per
1279 5160 1432 5197 avem
1468 5146 1614 5198 enim
1647 5148 1847 5210 vivant,
1880 5149 2066 5202 vivens

492 5245 552 5282 ac
589 5233 806 5285 eteieste
854 5231 1082 5286 Verbum
1112 5234 1411 5302 intelliges;
1456 5249 1548 5302 per
1593 5239 1905 5306 sanguinein
1937 5253 2066 5291 vero

493 5331 776 5386 mactatae,
837 5326 1133 5390 pretiosum
1179 5325 1494 5392 sanguinem
1549 5327 1801 5392 patientis
1859 5327 2062 5396 templi.

567 5499 610 5530 ⁸⁸
639 5500 814 5554 Galat.
843 5517 914 5566 vt,
945 5504 1000 5556 8.
1076 5504 1119 5534 “
1148 5504 1318 5558 Levit.
1357 5520 1466 5570 xiv,
1497 5506 1520 5558 i
1554 5522 1705 5575 seqq.

570 5677 644 5746 (Ι)
680 5672 855 5730 Οὗτοι
886 5705 955 5718 -
983 5678 1128 5746 ἆμὴ
1159 5679 1340 5747 θέμις.
1385 5682 1623 5736 Cramer.
1647 5698 1702 5751 ρ.
1737 5683 1824 5737 ΞΗ.

2167 4510 2196 4560 ὀ
2231 4509 2407 4578 ίερεὺς
2433 4507 2517 4575 ἐφ’
2551 4505 2702 4560 ὕδατι
2737 4508 2918 4572 ζῶντι,
2957 4509 3048 4562 καὶ
3081 4507 3259 4563 λαϐὼν
3290 4507 3444 4574 ξύλον
3472 4509 3732 4578 κέδρινον.

2164 4599 2259 4651 καὶ
2306 4597 2671 4668 κεκλασμένον
2699 4599 2970 4664 κόκκινον,
2997 4603 3090 4654 καὶ
3123 4600 3340 4654 ῦσωπον
3361 4617 3374 4630 ·
3413 4603 3505 4654 καὶ
3529 4601 3587 4652 τὸ
3616 4601 3734 4652 ἓτε-

2167 4704 2260 4758 ρον
2307 4689 2540 4760 ὀρνίθιον
2589 4690 2649 4743 τὸ
2693 4690 2822 4757 ζῶν,
2853 4691 3086 4746 ἔδαπτεν
3118 4693 3248 4745 αὐτὸ
3279 4695 3358 4756 εἰς
3395 4693 3454 4745 τὸ
3482 4687 3618 4762 αἷμα
3645 4689 3734 4742 τοῦ

2170 4783 2511 4853 ἐσφαγμένου
2543 4782 2778 4853 ὀρνιθίου
2811 4785 2896 4851 ἐφ’
2924 4783 3076 4836 ὕδατι
3107 4782 3289 4850 ζῶντι,
3317 4783 3412 4836 καὶ
3457 4782 3600 4854 ἔχριε
3643 4779 3733 4832 τοῦ

2170 4874 2597 4944 καθαριζομένου
2646 4874 2846 4946 λεπροῦ
2897 4874 2966 4927 τὰ
3020 4874 3188 4940 δεξιά,
3217 4875 3396 4938 ὠτίον,
3425 4878 3600 4946 χεῖρα,
3641 4873 3734 4924 καὶ

2169 4965 2332 5019 πόδα·
2358 4967 2418 5018 τὸ
2446 4967 2500 5019 δὲ
2537 4966 2770 5038 ὀρνίθιον
2794 4966 2854 5019 τὸ
2885 4965 3014 5032 ζῶν,
3047 4967 3151 5033 ἔξω
3175 4967 3273 5036 τῆς
3308 4967 3515 5030 πόλεως
3559 4967 3637 5028 είς
3677 4964 3735 5015 τὸ

2162 5056 2341 5109 πεδίον
2365 5056 2760 5122 ἐξαπέστειλεν.
2781 5057 3060 5127 Ἐπιτήρει
3088 5053 3179 5110 οὖν
3212 5059 3360 5120 ὅπως
3393 5056 3482 5110 διὰ
3521 5054 3626 5107 τῶν
3657 5056 3734 5104 εί-

2167 5148 2415 5216 ρημένων
2457 5148 2749 5218 ὀλόκληρον
2790 5150 2920 5218 ἡμῖν
2961 5149 3323 5220 ζωγραφῆται
3353 5146 3604 5218 Χριστόν.
3637 5144 3736 5196 Διά

2168 5239 2262 5307 μὲν
2279 5238 2348 5305 γά
2357 5254 2386 5307 ρ
2402 5238 2494 5288 τοῦ
2509 5237 2706 5302 ζῶντος
2723 5239 2954 5308 ὀρνιθίου
2982 5240 3073 5291 τὸν
3097 5239 3275 5303 ζῶντά
3292 5256 3348 5290 τε
3383 5240 3475 5292 καὶ
3488 5236 3734 5304 οὐράνιον

2165 5331 2373 5398 νοήσεις
2403 5330 2572 5398 Λόγον
2592 5346 2605 5360 ⁸
2634 5331 2720 5384 διὰ
2763 5331 2820 5382 δὲ
2869 5330 2962 5382 τοῦ
3001 5331 3228 5400 αἵματος
3257 5331 3350 5383 τοῦ
3393 5325 3732 5397 ἐσφαγμένου

2244 5684 2322 5753 (2)
2351 5684 2560 5750 Καλῶς
2598 5717 2644 5726 -
2688 5689 2905 5756 θερίσει
2933 5686 3178 5757 φθοράν.
3209 5684 3311 5739 Mai
3341 5684 3466 5741 ibid.
