4058 6280
290 312 391 368 389

1457 305 1814 365 COMMENT.
1855 307 1921 360 ΙΝ
1961 306 2406 368 ΜΑΤΤΗᾹΞΕΜ.

3426 329 3538 384 390

289 423 345 474 τὸ
380 421 562 491 τίμιον
589 417 728 490 αῗμα
757 418 850 472 τοῦ
885 419 1147 483 παθόντος
1179 420 1329 474 ναοῦ.
1373 422 1544 492 Σαρκὶ
1569 422 1674 491 γὰρ
1706 419 1857 474 αὐτὸ»

1971 420 2144 478 Carne
2171 425 2314 478 enim
2348 426 2519 492 ipsum
2554 439 2772 494 passum
2799 443 2918 484 esse
2947 431 3174 490 dicimus
3199 438 3242 470 "
3279 447 3530 510 tanquam

292 513 614 568 πεπονθέναι
649 513 849 582 φαμὲν,
891 512 1029 582 πλὴν
1074 511 1149 575 ὡς
1184 513 1240 565 ὲν
1276 511 1389 582 ἰδίῳ
1416 512 1648 580 σώματι.
1681 514 1776 564 Διὰ
1805 511 1863 562 δὲ

288 605 379 658 τοῦ
410 603 652 668 ὑσώπου,
681 605 780 673 τὴν
808 603 899 655 τοῦ
936 603 1246 672 Πνεῦματος
1281 603 1428 667 ζέσιν
1463 603 1660 673 (θερμὴ
1693 603 1799 672 γὰρ
1829 603 1861 672 ή

291 697 413 758 πόα,
439 697 532 748 καὶ
563 695 670 746 τῶν
709 695 770 746 ἐκ
796 694 1130 764 ψυχρότητος
1165 695 1354 747 παθῶν
1388 695 1688 765 σμηκτικὴ)
1709 711 1722 723 ·
1752 711 1862 747 τοι·

289 786 423 857 αὕτη
453 787 509 839 δὲ
542 789 574 856 ὴ
604 785 695 839 τοῦ
730 787 883 853 ἁγίου
919 787 1232 856 Πνεύματος
1264 788 1516 857 ἐνέργειά
1544 805 1602 839 τε
1654 789 1744 840 καὶ
1773 787 1862 839 δύ-

289 883 494 946 ναμις)’
531 877 620 928 διὰ
646 877 702 928 δὲ
719 877 811 929 τοῦ
844 877 1093 930 κοκκίνου
1122 879 1218 946 τῆς
1249 877 1332 944 ἐφ’
1361 877 1552 945 αἵματι
1591 877 1862 945 Διαθήκης

289 966 574 1035 ὁμολογίαν
595 982 606 993 ·
640 965 726 1018 διὰ
754 966 810 1018 δὲ
841 964 934 1017 τοῦ
979 965 1178 1027 ζῶντος
1226 965 1434 1028 ὓδατος,
1465 965 1560 1034 τὴν
1604 965 1863 1028 ζωοποιὸν

288 1057 376 1109 τοῦ
411 1056 786 1126 βαπτίσματος
821 1057 1001 1126 χάριν,
1033 1055 1097 1107 δι’
1127 1049 1187 1107 οῦ
1217 1058 1245 1107 ὁ
1276 1056 1577 1127 λεπρωθεὶς
1601 1059 1665 1126 τῇ
1689 1057 1864 1126 ἁμαρ-

289 1147 377 1217 τίς⁴
407 1147 726 1216 καθαίρεται
749 1165 761 1176 ³
798 1147 884 1200 διὰ
923 1148 980 1200 δὲ
1006 1147 1100 1198 τοῦ
1128 1147 1233 1213 ἔξω
1261 1149 1360 1218 τῆς
1390 1148 1595 1210 πόλεως
1643 1149 1702 1200 τὸ
1753 1147 1863 1211 ζῶν

290 1239 520 1311 ὀρνίθιον
565 1240 1010 1304 ἀποστέλλεσθαι,
1045 1241 1142 1310 τὴν
1171 1241 1278 1293 ἀπὸ
1311 1239 1402 1293 τοῦ
1449 1241 1651 1310 κόσμου
1701 1239 1862 1310 μετά-

293 1349 479 1386 στασιν
510 1333 601 1384 καὶ
632 1333 728 1403 τὴν
781 1334 858 1396 είς
889 1334 1152 1402 οὐρανοὺς
1199 1333 1486 1386 Ἀνάϐασιν
1510 1332 1600 1384 τοῦ
1629 1330 1862 1402 Χριστοῦ

290 1424 682 1493 διδασκόμεθα*
723 1423 958 1492 γεγονὼς
990 1426 1099 1496 γὰρ
1141 1424 1312 1487 οὕτως
1356 1424 1490 1494 πρὸς
1519 1425 1608 1476 τὸν
1645 1425 1864 1491 Πατέρα

291 1520 384 1570 καὶ
414 1519 565 1579 Θεὸν,
595 1519 734 1589 ὑπὲρ
764 1519 918 1588 ἡμῶν
943 1521 1196 1571 ἁπάντων
1230 1519 1590 1582 ὲξιλάσκεται,
1629 1520 1721 1570 καὶ
1766 1536 1864 1572 κα-

293 1603 761 1674 θαρισθησόμεθα·
798 1607 886 1659 διὰ
935 1607 990 1658 δὲ
1043 1607 1136 1660 τοῦ
1189 1609 1433 1677 χρίεσθαι
1468 1609 1533 1660 τὰ
1581 1608 1726 1672 δεξιὰ
1769 1609 1862 1660 τοῦ

289 1693 513 1763 λεπροῦ,
547 1694 722 1758 ὠτίον,
754 1699 845 1748 καὶ
875 1699 1052 1766 χεῖρα,
1091 1699 1180 1748 καὶ
1224 1698 1378 1761 πόδα,
1411 1699 1472 1750 τὸ
1497 1698 1604 1750 δεῖν
1636 1699 1770 1768 πρδς
1794 1701 1858 1768 τῇ

289 1783 491 1855 θεωρίᾳ
527 1787 618 1837 καὶ
647 1790 710 1855 τῇ
741 1788 936 1858 πράξει
973 1789 1065 1841 καὶ
1098 1791 1162 1858 τῇ
1196 1789 1390 1860 πορεία
1436 1791 1496 1842 ὲν
1538 1793 1650 1853 τοῖς
1695 1790 1858 1853 θείοις

287 1877 435 1945 ἡμᾶς
461 1877 731 1944 γενέσθαι.

372 1970 431 2023 Ὀ
459 1971 662 2041 Κύριος
691 1974 744 2025 δὲ
777 1973 861 2026 διὰ
888 1975 988 2043 τῆς
1018 1977 1234 2046 ἐπαφῆς
1259 1978 1356 2047 τῆς
1382 1978 1560 2047 χειρὸς
1585 1977 1682 2048 τὴν
1728 1977 1862 2030 κάθ-

286 2079 448 2131 αρσιν
485 2063 578 2114 τοῦ
619 2063 816 2133 λεπροῦ
857 2066 1042 2119 τούτου
1075 2070 1387 2138 ἐποιήσατο,
1415 2070 1626 2132 δεικνὺς
1657 2070 1737 2123 ὅτι
1768 2071 1861 2122 καὶ

285 2152 319 2218 ἡ
350 2152 483 2218 ἁγία
512 2153 677 2204 αὑτοῦ
709 2154 843 2223 σὰρξ
871 2156 1134 2226 χρειώδης
1165 2160 1281 2210 ἐστὶ
1309 2159 1443 2230 πρὸς
1467 2161 1756 2228 ἁγιασμόν.
1789 2159 1861 2210 Τὸ

287 2240 386 2309 μὲν
423 2246 532 2310 γὰρ
565 2243 785 2313 Πνεῦμα
817 2244 1091 2316 καθαίρει,
1129 2250 1160 2317 ἡ
1187 2247 1244 2302 δὲ
1281 2249 1372 2300 τοῦ
1406 2248 1721 2318 [Ινεύματος
1749 2266 1860 2301 κοι-

285 2331 447 2383 νωνία
487 2334 703 2398 ἐμποιεῖ
729 2334 818 2386 τὸν
851 2338 1140 2405 ἁγιασμόν.

283 2424 593 2491 Κυρίλλου
645 2424 713 2478 ἐκ
761 2423 868 2479 τοῦ
921 2426 1192 2494 πέμπτου
1223 2428 1468 2490 βιϐλίου
1519 2429 1639 2482 τῶν
1688 2429 1861 2483 ’Υπο-

347 2512 677 2580 μνημάτων
726 2513 845 2567 τῶν
875 2518 961 2581 είς
1013 2515 1076 2569 τὸ
1108 2515 1255 2570 κατὰ
1285 2517 1582 2572 Ματθαῐον
1615 2518 1859 2589 Εὐαγγέο

351 2607 514 2671 λιον.

351 2693 515 2746 Μετὰ
561 2694 637 2763 (l)
681 2695 736 2747 δὲ
791 2695 885 2749 τοῦ
935 2698 1261 2768 χαρίσασθαι
1308 2702 1406 2769 τὴν
1442 2702 1504 2754 ἐκ
1560 2702 1860 2772 φιλαγόιθου

282 2783 596 2854 θελήματος
645 2787 838 2858 ῥοπὴν,
880 2791 973 2842 καὶ
1009 2793 1102 2863 τὴν
1152 2793 1238 2845 διὰ
1281 2795 1459 2864 χειρὸς
1497 2796 1636 2867 ἁφὴν
1690 2814 1857 2866 προσ-

280 2876 596 2929 επιδίδωσιν
674 2879 762 2931 ἵνα
800 2881 1057 2951 μάθωμεν
1113 2885 1276 2953 ἡμεῖς
1352 2886 1426 2948 ὡς
1504 2888 1724 2955 ἐνεργὸν
1781 2892 1860 2953 είς

281 2967 554 3036 κάθαρσίν
595 2969 711 3021 ἐστι
755 2971 816 3022 τὸ
877 2974 1028 3039 ὄιγιον
1079 2975 1241 3027 αὑτοῦ
1290 2977 1474 3046 σῶμα,
1504 2979 1596 3030 καὶ
1640 2982 1704 3049 τῇ
1741 2979 1860 3050 θεία

1967 510 2016 562 in
2071 513 2288 580 proprio
2329 530 2575 582 corpore.
2633 517 2735 570 Per
2786 521 3070 590 hyssopum
3129 541 3254 580 vero
3301 531 3533 599 Spiritus

1964 599 2229 654 [crvorem
2283 604 2478 670 (calida
2528 607 2670 660 enim
2721 618 2804 662 est
2853 609 3057 676 herba,
3112 615 3533 692 frigidorumquc

1966 694 2276 748 morborum
2327 696 2662 770 abstersiva)
2719 701 2840 754 talis
2890 715 3068 758 autem
3107 709 3336 774 Spiritus
3359 705 3555 770 sancti-

1966 786 2046 838 vis
2077 798 2180 852 est,
2226 803 2288 841 ac
2339 791 2546 855 virtus;
2589 807 2683 858 per
2731 794 3010 846 coccinum
3044 812 3172 850 vero
3202 801 3530 860 Testamenti

1966 875 2018 928 in
2047 877 2306 945 sanguine
2331 881 2772 948 consensionem;
2803 898 2895 951 per
2927 886 3097 937 vivam
3127 900 3305 942 autem
3333 909 3527 960 aquam

1967 963 2229 1018 viviticam
2262 967 2514 1034 baptismi
2542 973 2794 1037 gratiam,
2831 985 2928 1037 per
2949 987 3109 1034 quam
3135 976 3365 1031 infectus
3389 981 3529 1048 lepra

1965 1057 2169 1121 peccati
2208 1060 2530 1124 inundatur;
2576 1076 2668 1126 per
2701 1061 2826 1114 illud
2862 1076 3065 1129 autem,
3099 1069 3238 1132 quod
3275 1082 3425 1123 extra
3455 1073 3529 1126 ci-

1967 1145 2186 1200 vitatem
2221 1150 2335 1200 viva
2363 1151 2480 1202 avis
2513 1152 2830 1216 dimittatur,
2862 1170 2926 1208 ex
2966 1157 3067 1211 lioc
3105 1161 3303 1213 mundo
3335 1163 3532 1230 migra-

1969 1239 2167 1290 tionem
2207 1249 2259 1292 et
2289 1234 2484 1294 Christi
2523 1243 2572 1294 in
2607 1244 2772 1296 curius
2813 1245 3194 1302 Ascensiouem
3232 1254 3528 1307 docemur:

1967 1328 2039 1381 ita
2075 1331 2216 1382 enim
2250 1332 2387 1396 apud
2413 1330 2578 1384 Deum
2603 1345 2654 1386 et
2687 1332 2898 1388 Patrem
2940 1338 2995 1389 tit
3039 1354 3136 1408 pro
3168 1341 3320 1395 nobis
3350 1346 3530 1414 propi-

1970 1423 2140 1489 tiatio,
2174 1433 2228 1477 et
2255 1426 2669 1491 tnundaliimur;
2706 1444 2802 1496 per
2825 1429 2948 1483 illud
2979 1441 3180 1496 autent,
3209 1434 3348 1501 quod
3377 1436 3532 1486 inun-

1965 1524 2121 1582 gatur
2155 1516 2376 1569 dextera
2405 1517 2602 1584 lcprosi
2631 1519 2899 1582 auricula,
2927 1537 3224 1591 manusque
3253 1539 3314 1578 ac
3341 1527 3526 1592 pedes,

1967 1620 2064 1658 nos
2092 1607 2564 1675 comemplatione.
2597 1611 2812 1665 actione
2843 1619 2897 1666 et
2927 1627 3212 1682 progressu
3247 1615 3302 1670 in
3335 1616 3531 1671 divinis

1966 1698 2168 1750 versari
2201 1699 2415 1752 debere.

2032 1957 2134 2028 21
2197 1959 2449 2012 Dominus
2499 1971 2678 2015 autem
2738 1978 2832 2031 per
2887 1975 3192 2019 contactum
3234 1984 3422 2025 manus
3452 1973 3529 2028 le-

1962 2053 2108 2119 pro.~i
2154 2050 2311 2118 hujus
2351 2051 2756 2106 inundationem
2795 2066 3051 2122 operatus
3091 2066 3202 2122 est,
3239 2063 3529 2116 ostendens

1961 2155 2203 2196 sanetam
2233 2157 2451 2196 carnem
2488 2158 2640 2196 suam
2672 2145 2858 2198 utilem
2901 2159 3023 2201 esse
3055 2148 3118 2200 ad
3153 2152 3531 2206 sanctiﬁcatio-

1963 2247 2106 2284 nem.
2141 2232 2376 2298 Spiritus
2408 2233 2673 2302 siquidem
2699 2238 2946 2302 mundat,
2978 2241 3405 2296 communicntio
3427 2257 3526 2297 au-

1965 2333 2068 2376 tem
2099 2323 2333 2390 Spiritus
2366 2326 2709 2378 sanctitatem
2743 2327 2897 2380 indit.

1963 2421 2153 2491 (ΣυνίΗὶ
2180 2439 2244 2476 ex
2276 2423 2410 2476 libro
2435 2427 2618 2492 quinto
2650 2428 3140 2481 commentariorum
3189 2432 3243 2485 in
3289 2430 3527 2488 Hattltmi

2271 2514 2634 2586 Evangelium.
2677 2517 2906 2588 (Matth.
2941 2535 3068 2587 vm,
3098 2521 3217 2590 15.)

2035 2694 2322 2763 Postquam
2353 2693 2598 2748 benivola
2624 2708 2718 2746 sua
2744 2693 3014 2747 voluntate
3041 2695 3106 2748 be
3122 2695 3372 2750 nelicium
3399 2712 3526 2750 con-

1964 2785 2181 2847 tulerat,
2236 2801 2395 2838 manu
2452 2800 2666 2854 quoque
2721 2787 2952 2854 tetigit,
3010 2796 3066 2839 ut
3109 2801 3206 2840 nos
3257 2790 3528 2844 discamus

1961 2887 2199 2932 sanctum
2231 2879 2370 2933 illius
2400 2893 2596 2944 corpus
2625 2879 2728 2930 vim
2782 2880 3038 2947 purgandi
3090 2880 3309 2947 habere,
3369 2883 3526 2950 idque

1961 2969 2248 3021 utilissime
2289 2984 2410 3020 cum
2443 2969 2623 3021 divina
2661 2971 2936 3023 voluntate
2983 2971 3398 3026 sanctiﬁcationi
3429 2991 3526 3026 no-

287 3057 538 3129 βουλήσει
565 3063 1158 3133 συμπαραλαμϐάνεται
1184 3069 1582 3136 χρειωδέστατα
1613 3072 1747 3140 πρὸς
1771 3073 1857 3123 τὸν

1964 3066 2089 3108 stne
2121 3057 2442 3109 conducere.
2488 3056 2700 3108 Etenim
2737 3076 2762 3108 a
2798 3056 3004 3126 Spiritu
3049 3062 3294 3128 purgatio
3337 3073 3525 3116 nostra

282 3149 358 3211 είς
416 3152 569 3220 ἡμᾶς
627 3154 929 3224 ἁγιασμόν⁸
963 3159 1228 3228 κάθαρσις
1274 3161 1442 3230 γὰρὴ
1497 3163 1553 3213 ἐν
1584 3163 1857 3231 Πνεύματι

277 3241 520 3293 τελεῖται
549 3241 615 3294 δι’
656 3245 946 3315 ἀγιασμοῦ,
972 3248 1029 3300 ὂν
1053 3249 1111 3300 τὸ
1158 3251 1250 3302 τοῦ
1288 3251 1539 3320 Σωτῆρος
1574 3253 1728 3321 ἡμῶν
1769 3255 1858 3305 ἑν-

274 3330 465 3400 τίθησι
520 3333 696 3400 σῶμα,
735 3334 827 3388 τοῦ
882 3339 1212 3403 ἐνοικοῦντος
1248 3341 1395 3411 αὑτῷ
1440 3343 1614 3410 Λόγου
1659 3343 1858 3412 φοροῦν

274 3417 372 3488 τὴν
412 3421 720 3491 ἐνέργειαν.
753 3429 757 3431 ’

676 3517 974 3582 Κυρίλλου
1013 3518 1080 3571 ἐκ
1129 3519 1234 3572 τοῦ
1265 3521 1468 3574 αὐτοῦ.

338 3605 771 3674 Τεθεραπευκεν
812 3610 918 3678 γὰρ
963 3609 1037 3672 ὼς
1063 3610 1192 3671 Θεὸς
1213 3653 1226 3674 ,
1247 3614 1342 3680 τῆς
1380 3612 1512 3674 ἰδίας
1543 3614 1722 3684 χειρὸς
1759 3614 1857 3685 τὴν

269 3697 420 3768 ἁφὴν
455 3700 528 3767 τῇ
553 3700 777 3769 κειμένῃ
808 3699 1166 3771 δωρούμενος.
1205 3703 1311 3754 Καὶ
1339 3703 1425 3755 διὰ
1452 3705 1605 3757 ποίαν
1643 3707 1853 3771 αἰτίαν;

269 3786 393 3840 ἰνα
419 3790 487 3858 τῇ
519 3789 622 3858 ἰδία
647 3789 825 3856 φύσει,
857 3793 922 3860 τῇ
961 3792 1058 3860 τῆς
1087 3792 1335 3863 θεότητος
1362 3794 1519 3862 λέγω,
1553 3797 1856 3853 ὶσοσθενοῦν

264 3879 538 3950 ἀποδείξῃ
569 3879 628 3931 τὸ
658 3880 784 3932 ἴδιον
820 3882 976 3950 σῶμα
1005 3883 1145 3936 κατὰ
1178 3901 1240 3951 γε
1266 3884 1362 3955 τὴν
1383 3889 1440 3938 ἐν
1469 3889 1577 3949 τοῖς
1612 3889 1855 3942 νοσοῦσιν

266 3973 564 4043 ἐνέργειαν
581 3989 592 3999 ·
613 3970 770 4041 σῶμα
801 3971 907 4041 γάρ
933 3973 1080 4024 ἐστιν
1103 3973 1200 4024 οὐκ
1229 3973 1514 4043 ανθρώπου
1545 3977 1686 4038 τινὸς
1703 4017 1716 4041 ,
1740 3977 1854 4030 ἀλλ’

263 4059 438 4113 αὐτοῦ
489 4059 560 4112 τὰ
623 4060 799 4114 πάντα
848 4059 1238 4130 κατορθοῦντος
1291 4063 1382 4114 καὶ
1437 4063 1708 4132 ἰσχύοντος
1754 4065 1855 4117 Λό-

262 4166 364 4218 γου
374 4192 388 4205 .

681 4265 988 4332 Κυρίλλου
1015 4264 1082 4317 ἐκ
1110 4266 1212 4320 τοῦ
1239 4266 1445 4320 αὐτοῦ.

334 4356 508 4424 Λόγῳ
537 4356 824 4424 τοιγαροῦν
862 4357 1088 4426 ἐνεργὴς
1125 4358 1320 4426 ὁρᾶται
1352 4359 1510 4411 πάλιν
1537 4375 1551 4389 ·
1600 4361 1694 4412 καὶ
1721 4360 1851 4412 ποτὲ

262 4443 368 4509 μὲν
416 4432 601 4506 οὗτος,
646 4443 775 4495 ποτὲ
805 4444 859 4496 δὲ
912 4447 1114 4507 ἐκεῖνος
1168 4444 1572 4516 θαυματουργεῖ
1603 4449 1851 4511 ’δεικνὺς

259 4534 345 4585 ὅτι
372 4534 477 4586 καὶ
503 4533 639 4586 αὐτὸ
665 4534 724 4587 τὸ
755 4533 916 4604 σῶμα
940 4535 1000 4589 τὸ
1025 4535 1226 4605 ληφθὲν
1255 4539 1384 4607 παρ’
1413 4537 1577 4591 αὑτοῦ
1603 4538 1667 4590 δι’
1685 4540 1850 4608 ἡμᾶς,

257 4624 504 4694 ἐνεργόν
538 4625 654 4677 ὲστι
693 4624 815 4678 καθ’
846 4627 1024 4691 ἑαυτὸ,
1053 4627 1140 4679 διὰ
1180 4627 1271 4679 τὸν
1309 4627 1619 4682 ἐνοικοῦντα
1643 4629 1814 4697 Λόγον
1841 4645 1852 4660 ⁸

255 4718 356 4768 καὶ
410 4718 442 4768 ὁ
481 4715 656 4782 Λόγος
692 4715 748 4769 δὲ
795 4717 946 4771 οὐδὲν
995 4714 1177 4790 ἦττον,
1211 4719 1306 4771 καὶ
1337 4719 1385 4770 εί
1420 4717 1494 4789 μὴ
1531 4719 1855 4789 σωματικῶς

257 4804 543 4876 ἐπαφῷτό
583 4823 762 4860 τινων.

344 4898 574 4964 Ὀψίας
595 4895 659 4948 δὲ
680 4896 1005 4965 γενομένης
1025 4897 1445 4968 προσήνεγκαν
1466 4898 1624 4963 αὐτῷ
1650 4899 1850 4970 δαιμοσ

251 4983 618 5053 νιζομένους
649 4987 937 5052 πολλούς.

326 5076 439 5128 Διὰ
476 5073 535 5126 τί
563 5075 772 5146 ἡμέρας
804 5077 862 5128 οὑ
901 5079 1278 5153 προσήνεγκαν
1324 5079 1449 5142 τοὺς
1495 5079 1846 5150 ἀρρώστουςς

254 5171 429 5222 Ἤτοι
460 5169 849 5238 εὐλαϐούμενοι
880 5171 1004 5232 τοὺς
1022 5171 1370 5239 Γραμματεῖς
1395 5173 1486 5224 καὶ
1502 5171 1842 5241 Φαρισαίους,

249 5263 284 5332 ἦ
325 5266 398 5316 ἂν
433 5261 606 5314 πάλιν
641 5261 1016 5333 αἰσχυνόμενοι
1049 5263 1139 5313 ἐπὶ
1165 5265 1282 5326 ταῖς
1314 5263 1617 5326 ἀσθενείαις
1643 5261 1844 5326 αὐτῶν,

334 5435 382 5465 ³⁸
420 5434 440 5486 1
483 5434 631 5489 Petr.
666 5451 741 5500 tv,
768 5437 814 5490 l.

328 5613 414 5679 (l)
457 5609 576 5663 Hoc
598 5609 954 5679 fragmentum
982 5623 1100 5663 cum
1129 5609 1335 5663 duobus
1361 5606 1706 5679 sequentibus
1731 5610 1839 5662 edi-

241 5677 346 5742 δη
374 5677 526 5748 Aug.
563 5680 662 5734 Mai
708 5681 759 5732 in
789 5678 854 5732 Β.
881 5679 952 5734 Ν.
989 5689 1131 5735 tomo
1176 5680 1243 5746 ll,
1284 5695 1336 5748 p.
1376 5677 1505 5732 476.
1548 5679 1738 5744 Agitur
1779 5682 1842 5733 de

1965 3147 2042 3212 fit,
2076 3163 2234 3215 quam
2272 3148 2578 3202 Servatoris
2613 3151 2782 3202 nostri
2827 3165 3024 3216 corpus
3053 3152 3268 3205 conlert
3299 3191 3314 3216 ,
3368 3154 3525 3208 inha-

1960 3239 2180 3293 bitantis
2209 3240 2260 3293 in
2301 3240 2414 3308 ipso
2452 3239 2688 3309 Spiritus
2711 3239 3006 3294 elficaciam
3043 3255 3257 3310 gerens.

2409 3517 2599 3589 Cyri/li
2628 3535 2693 3572 ex
2721 3521 2894 3573 eodem
2933 3519 3087 3574 libro.

2029 3611 2326 3665 Sanitatem
2358 3620 2540 3679 utpote
2594 3610 2732 3663 Deus
2760 3612 3008 3674 contulit,
3063 3613 3292 3682 propriae
3333 3629 3526 3670 manus

1958 3710 2266 3753 c0ntactnm
2325 3697 2528 3765 jacenti
2594 3700 2929 3768 gratiﬁcans.
2978 3697 3386 3764 Quamobrem?
3422 3704 3524 3760 ‘Ut

1958 3790 2190 3858 promite
2214 3799 2444 3851 naturze,
2479 3787 2673 3840 divina:
2704 3788 2944 3855 inquam,
2981 3804 3137 3857 pares
3163 3789 3359 3844 habere
3385 3793 3524 3847 vires

1957 3895 2153 3948 corpus
2181 3895 2334 3934 suum
2363 3879 2712 3940 ostenderet,
2769 3889 3029 3946 quantum
3081 3880 3273 3934 attinet
3318 3882 3385 3936 ad
3431 3899 3522 3938 sa-

1957 3975 2260 4024 nandorum
2298 3986 2561 4039 aegrorum
2613 3967 2930 4022 eliicaciam.
2979 3968 3092 4023 Non
3124 3978 3207 4025 est
3237 3973 3381 4026 enim
3421 3975 3522 4028 hoc

1954 4078 2150 4131 corpus
2173 4061 2457 4128 cujuslibet
2482 4060 2716 4128 vulgaris
2736 4061 2990 4124 hominis,
3024 4061 3117 4115 sed
3148 4061 3306 4116 Verbi
3326 4077 3520 4119 cuncta

1959 4155 2186 4222 potentis
2218 4168 2471 4222 prospere
2508 4150 2737 4204 clIicere.

2409 4261 2593 4329 Cyrilli
2619 4277 2683 4313 ex
2701 4264 2880 4313 eodem
2912 4260 3065 4312 libro.

2033 4354 2275 4409 Vicissim
2321 4353 2500 4420 itaque
2530 4366 2660 4405 voce
2707 4365 2827 4404 eum
2881 4350 3124 4404 videmus
3173 4352 3405 4418 operari.
3458 4352 3523 4406 Et

1958 4449 2114 4500 modo
2159 4445 2372 4512 quidem
2430 4457 2582 4505 voce,
2632 4441 2791 4494 modo
2842 4441 3004 4495 etiam
3065 4448 3209 4494 tactu
3264 4441 3519 4496 miraculi

1954 4539 2064 4593 edit
2101 4555 2114 4592 :
2154 4550 2343 4604 nempe
2375 4544 2434 4588 ut
2460 4535 2813 4598 demonstret,
2843 4545 3038 4600 corpus
3061 4530 3227 4586 etiam
3263 4534 3402 4600 quod
3427 4549 3521 4602 pro

1957 4629 2111 4684 nobis
2142 4626 2454 4694 assumpsit,
2490 4639 2584 4692 per
2607 4639 2664 4678 se
2702 4638 2824 4678 esse
2867 4620 3058 4677 elﬁcax
3109 4631 3328 4692 propter
3368 4622 3523 4678 inha-

1960 4722 2137 4774 bitans
2169 4718 2424 4781 Verbum,
2457 4715 2805 4785 Verbumque
2851 4716 2994 4768 haud
3058 4715 3238 4770 secius
3296 4714 3516 4782 pollere,

1960 4813 2171 4866 etiamsi
2204 4809 2383 4863 nullus
2411 4810 2563 4862 licret
2583 4805 2880 4875 corporalis
2910 4815 3217 4861 contactus.

2028 4901 2161 4963 VIII,
2196 4900 2277 4954 l6.
2326 4897 2539 4962 Vespere
2573 4909 2746 4951 autent
2783 4897 2944 4965 facta,
2977 4897 3270 4949 obtulerunt
3304 4898 3353 4950 ei
3381 4900 3520 4953 mul-

1958 5003 2035 5045 tos
2060 4991 2318 5044 daemonia
2345 4986 2608 5040 habentes.

2029 5081 2135 5131 Cur
2183 5078 2247 5130 de
2300 5077 2386 5129 die
2451 5091 2554 5128 non
2609 5075 2884 5127 adducunt
2926 5071 3222 5128 inﬁrmos?
3255 5071 3349 5126 Vel
3397 5077 3517 5142 quia

1957 5169 2175 5220 Scribas
2206 5175 2520 5218 reverentur
2572 5177 2625 5217 et
2668 5165 2994 5226 Pliariszcos,
3028 5171 3114 5215 aut
3157 5178 3345 5218 rursus
3391 5167 3515 5230 quia

1955 5257 2293 5312 inﬁrmitates
2337 5270 2460 5309 suas
2493 5256 2840 5321 erubescunt,
2892 5263 2984 5306 aut
3031 5267 3095 5307 eo
3144 5255 3284 5322 quod
3319 5253 3518 5310 inﬁrmi

1945 5607 2087 5662 Petri
2111 5602 2337 5675 apostoli
2371 5616 2526 5678 socru
2559 5601 2776 5678 (Μαιιὴ.
2806 5619 2923 5678 vni,
2948 5604 3033 5664 Η.
3072 5605 3181 5676 15),
3207 5620 3365 5678 quam
3394 5621 3514 5663 ma-

1952 5694 2051 5740 nus
2090 5674 2334 5732 contactu
2372 5674 2502 5727 l'ebri
2535 5674 2802 5742 erpedivit
2829 5675 3105 5728 Servator.
