4058 6280
546 307 644 364 5.)!
1582 285 1639 342 S.
1680 281 1955 342 CYRILLI
1993 273 2465 334 ALEXANDRINI
2499 271 2821 329 ARCHIEP.
3666 279 3755 334 δίη

547 443 656 482 non
716 424 823 493 22
874 422 1129 477 haberent
1194 415 1283 486 qui
1346 426 1465 467 sese
1522 412 1588 464 ad
1650 408 1833 463 Jesum
1889 403 2123 458 adduce-

2249 400 2259 469 ᾗ
2290 396 2378 451 διὰ
2406 396 2465 449 τὸ
2503 395 2576 466 μὴ
2607 394 2749 465 ἔχειν
2780 392 2905 456 τοὺς
2932 389 3288 451 ἀσθενοῦντας
3323 405 3467 453 τινας
3511 408 3753 462 προσαγα.

2227 492 2343 559 γεῖν
2376 487 2573 549 αὐτοὺς
2600 488 2677 556 τῷ
2714 485 2911 555 Ἰησοῦ.

2314 580 2476 635 Ἰδὼν
2514 578 2583 631 δὲ
2618 574 2857 644 Ἰησοῦς
2882 571 3153 637 πολλοὺς
3180 571 3398 639 ὄχλους
3434 578 3554 640 περὶ
3577 574 3756 643 αὑτὸν,

2228 673 2557 739 ἐκέλευσεν
2604 668 2887 726 ἀπελθεῖν
2937 669 3024 731 εἰς
3060 664 3127 718 τὸ
3172 663 3375 730 πέραν.

2312 764 2615 835 Ὑπεχώρει
2651 763 2725 832 (1)
2760 763 2788 813 ὁ
2812 759 3047 829 Χριστὸς
3092 756 3199 810 ἀπὸ
3228 756 3333 809 τῶν
3366 755 3549 825 δχλων,
3593 759 3671 813 ἵνα
3705 762 3767 834 μὴ

2230 860 2356 931 δόξῃ
2406 875 2490 921 τις
2545 856 2881 926 φιλόκομπος
2921 848 3082 913 εἶναι,
3123 848 3328 920 χαίρων
3373 851 3478 912 τοῖς
3517 851 3652 919 παρὰ
3676 854 3766 906 τῶν

2232 952 2444 1006 πολλῶν
2478 950 2741 1013 ἐπαίνοις,
2779 947 2874 1000 καὶ
2900 944 2993 999 ἵνα
3027 942 3101 1014 μὴ
3135 941 3457 1012 ὀργίζωνται
3488 944 3595 993 κατ’
3628 944 3768 998 αὑτοῦ

2232 1042 2515 1112 Φαρισαῖοι
2562 1040 2771 1111 (ἐλύπει
2801 1039 2908 1108 γὰρ
2939 1036 3134 1097 αὐτοὺς
3172 1032 3458 1103 σφόδρα.τὸ
3498 1033 3770 1087 ἀκολουθεῖν

2234 1136 2382 1204 αὐτῷ
2405 1132 2681 1201 πολλοὺς),
2709 1132 2802 1183 καὶ
2824 1129 2909 1181 ἵνα
2939 1129 3056 1188 ταῖς
3088 1124 3315 1194 πλησίον
3343 1122 3556 1176 πόλεσιν
3583 1125 3773 1195 ἐπιλάμ-

2233 1226 2311 1299 ψῃ
2344 1225 2404 1279 τὸ
2431 1226 2628 1277 οἰκεῖον
2656 1224 2753 1276 καὶ⁴
2791 1220 3058 1291 σωτήριον
3092 1217 3223 1285 φῶς.

2232 1318 2539 1385 Κυρίλλου
2603 1315 2672 1367 ἐκ
2723 1312 2828 1366 τοῦ
2908 1309 3192 1377 δευτέρου
3257 1306 3364 1360 τοῦ
3414 1308 3497 1372 εἰς
3542 1305 3602 1359 τὸ
3652 1307 3775 1362 κατὰ

2630 1394 2935 1449 Ματθιιῖον
2982 1389 3455 1459 Ὑπομνήματος.

2310 1488 2753 1543 Συνεισΰαίνουσι
2788 1488 2867 1557 (2)
2906 1485 3087 1538 τοίνυν
3104 1486 3151 1535 οἱ
3173 1481 3433 1553 μαθηταί·
3466 1480 3554 1532 καὶ
3585 1480 3775 1548 προσδέ-

2240 1601 2399 1654 χεται
2445 1583 2541 1653 μὲν
2573 1582 2663 1636 τὸν
2700 1581 2867 1633 ὕπνον
2894 1578 3076 1644 αὐτὸς,
3113 1574 3473 1643 οἰκονομικῶς
3506 1574 3558 1625 δὲ
3575 1574 3779 1643 μάλιστα

548 529 688 576 rent.

626 608 772 673 VIII,
808 607 889 661 l8.
934 602 1127 656 Videns
1151 611 1324 655 autem
1350 596 1507 651 Iesus
1539 594 1719 647 turbas
1744 590 1937 643 multas
1978 587 2121 641 circa

547 722 625 769 se,
655 701 818 771 jussit
850 700 925 751 ire
957 708 1101 747 trans
1127 694 1343 761 fretum.

622 769 873 847 Retraxit
929 802 988 840 se
1018 786 1274 839 Christus
1307 797 1336 834 a
1365 779 1539 834 turbis
1560 817 1574 842 ,
1605 791 1674 830 ne
1708 774 1978 842 gloriosus
2006 769 2127 838 qni-

549 886 671 939 dam
706 882 985 935 videretur
1012 916 1026 941 ,
1080 875 1170 945 qui
1220 871 1401 943 populi
1435 870 1682 923 laudibus
1727 866 2128 925 delectaretur;

553 986 715 1045 atque
757 985 814 1026 ut
865 988 930 1024 ne
958 972 1324 1023 irascerentur
1355 964 1455 1018 sibi
1493 960 1795 1023 Pharisaei,
1850 956 1940 1025 qui
1990 967 2131 1022 argre

555 1068 845 1122 admodum
914 1062 1161 1116 ferebant
1204 1058 1400 1111 multos
1442 1055 1515 1107 illi
1554 1054 1851 1105 adhaerere.
1909 1047 2133 1113 Insuper

556 1161 774 1215 volebat
798 1155 956 1209 Jesus
991 1153 1282 1206 salutarem
1310 1161 1463 1200 suam
1494 1138 1981 1199 circumstantibus
2003 1149 2133 1203 quo-

557 1267 663 1320 que
694 1249 918 1303 urbibus
948 1246 1123 1297 lucem
1168 1239 1389 1292 inferre.

557 1319 743 1412 Cyrilli
777 1354 840 1393 ea:
865 1335 1091 1390 secundo
1123 1332 1253 1382 libro
1297 1324 1662 1381 commentarii
1708 1324 1763 1375 in
1810 1319 2129 1373 Matthwum

1083 1420 1301 1493 (Matth.
1335 1433 1453 1481 vtu,
1484 1415 1601 1483 ‘25).

627 1520 812 1573 Navim
839 1531 968 1585 ergo
995 1528 1115 1567 cum
1146 1526 1211 1563 eo
1236 1508 1604 1561 conscendunt
1634 1501 1921 1568 discipuli;
1964 1502 2009 1553 is
2034 1514 2130 1553 au-

559 1624 665 1668 tem
682 1621 927 1663 somnum
950 1602 1051 1658 sibi
1073 1600 1427 1667 obrepentem
1455 1594 1715 1654 admittit,
1739 1601 1789 1644 et
1806 1588 2137 1656 dispensati—

558 1716 623 1754 va
657 1698 864 1752 ratione
885 1708 980 1761 per
1007 1692 1058 1743 id
1091 1702 1302 1755 tempus
1347 1698 1565 1738 carnem
1596 1695 1749 1733 suam
1777 1678 1984 1747 perpeti
2019 1692 2137 1744 quae

2249 1677 2362 1729 κατ’
2390 1678 2566 1728 ἐκεῖνο
2598 1673 2790 1744 καιροῦ
2814 1672 2874 1724 τὸ
2895 1671 3083 1722 παθεῖν
3115 1669 3289 1736 ἐφιεὶς
3313 1667 3381 1719 τὰ
3410 1665 3511 1718 ἴδια
3534 1668 3592 1734 τῇ
3622 1666 3779 1734 σαρκὶ,

558 1794 681 1845 huic
755 1757 899 1842 sunt-
949 1781 1165 1852 propria
1229 1779 1392 1840 sinit;
1453 1788 1764 1843 quanquam
1831 1768 2134 1822 divinitatis

2249 1770 2412 1821 καίτοι
2468 1768 2669 1821 διέπων
2718 1765 2879 1828 αὐτὸς
2934 1762 3078 1816 κατά
3130 1779 3194 1830 γε
3262 1759 3360 1830 τὴν
3421 1759 3517 1826 τῆς
3564 1757 3783 1826 θεότητος

559 1881 766 1937 efﬁcaci
789 1879 836 1930 vi
861 1893 923 1930 ac
945 1882 1137 1927 natura
1162 1869 1360 1923 caelum
1384 1876 1689 1933 terramque
1705 1870 1759 1916 ct
1801 1874 2141 1930 quaecunque

2249 1860 2521 1928 ὲνέργειάν
2551 1875 2610 1910 τε
2650 1858 2742 1910 καὶ
2772 1856 2934 1925 φύσιν
2964 1853 3226 1924 οὐρανοὺς
3251 1852 3349 1905 καὶ
3374 1850 3474 1919 γῆν
3509 1848 3596 1901 καὶ
3628 1847 3687 1899 τὰ
3707 1848 3784 1899 ἐπὶ

559 1972 697 2024 ultra
723 1984 784 2021 ea
818 1973 943 2019 sunt
979 1960 1315 2032 pervaderet.
1620 1952 1623 1955 ’

2249 1952 2451 2014 τούτοις
2485 1950 2762 2004 ἐπέκεινα.

632 2058 763 2124 VIII,
792 2057 884 2111 ‘25.
924 2054 1166 2115 Domine,
1197 2049 1339 2102 salva
1369 2062 1483 2106 nos.
1514 2044 1766 2113 perimus.

2311 2043 2510 2109 Κύριε,
2543 2041 2752 2095 σῶσον
2775 2039 2950 2111 ἡμᾶς,
2976 2037 3395 2103 ἀπολλύμεθα.

633 2118 829 2221 Specta
874 2162 995 2201 cum
1042 2145 1144 2197 [ide
1177 2141 1298 2194 Iidei
1335 2139 1675 2207 parvitatem.
1711 2133 1952 2188 Credunt
1981 2132 2144 2201 siqui-

2314 2132 2487 2217 Βλέπε
2522 2132 2660 2201 μετὰ
2687 2131 2921 2192 πίστεως
2954 2126 3348 2196 ὀλιγοπιστίαν.
3378 2121 3681 2176 Πιστεύουσι
3706 2118 3788 2191 μὲν

564 2247 687 2300 dem
725 2241 939 2295 salvare
978 2252 1098 2292 enm
1153 2245 1353 2303 posse:
1404 2235 1465 2282 ut
1515 2238 1690 2282 autem
1745 2225 1967 2279 modicae
2021 2224 2141 2278 [idei

2249 2228 2351 2298 γὰρ
2382 2212 2475 2278 ’ὅτι
2513 2224 2684 2276 σῶσαι
2725 2221 2945 2274 δύναται
2969 2237 2982 2248 ³
3027 2220 3102 2281 ὡς
3146 2217 3202 2269 δὲ
3246 2215 3574 2283 ὀλιγόπιστοι
3600 2212 3789 2279 λέγουσι

565 2333 759 2387 aiunt:
802 2348 820 2381 ι
857 2328 1017 2381 Salva
1052 2338 1185 2387 nos,
1224 2321 1497 2388 perimus;
1538 2335 1556 2368 ι
1599 2330 1770 2384 neque
1804 2314 1944 2367 enim
1995 2314 2142 2383 peri-

2249 2319 2335 2371 τό’
2395 2337 2412 2369 ι
2441 2318 2641 2381 Σῶσον,
2719 2310 3096 2381 ἀπολλύμεθα.
3136 2327 3153 2359 ι
3208 2308 3285 2359 Οὑ
3330 2305 3437 2373 γὰρ
3489 2299 3553 2373 ἦν
3598 2300 3788 2370 ἐφικτὸν

566 2423 743 2478 culum
778 2429 895 2475 erat
928 2415 1185 2488 pereundi
1217 2427 1337 2465 cum
1372 2414 1586 2464 adesset
1620 2408 1729 2464 illis
1768 2407 1812 2462 is
1841 2408 1932 2476 qui
1962 2408 2142 2462 omnia

2249 2410 2540 2464 ἀπολέσθαι
2582 2406 2712 2459 ποτὲ
2768 2405 3014 2466 συνόντος
3048 2401 3234 2460 αὐτοῖς
3266 2396 3362 2449 τοῦ
3396 2396 3571 2449 πάντα
3609 2390 3790 2461 ἰσχύονο

565 2524 797 2586 poterat.
978 2526 981 2527 ⁷
2244 2519 2353 2565 τος.

637 2627 742 2696 23
776 2623 904 2690 V'lll,
936 2623 1025 2677 Q9.
1067 2619 1134 2673 Et
1161 2635 1275 2673 ecce
1304 2617 1658 2671 clamauerunt
1691 2613 1923 2666 dicentes
1950 2626 1968 2664 :
2002 2608 2145 2676 Quid

2319 2613 2426 2668 Καὶ
2472 2611 2598 2665 ἰδοὺ
2633 2611 2896 2679 ἔκραξαν
2923 2608 3243 2678 λέγοντες*
3286 2606 3349 2659 Τί
3390 2602 3530 2674 ἡμῖν
3563 2598 3655 2654 καὶ
3684 2594 3790 2655 σοὶ.

569 2721 714 2773 nobis
740 2729 784 2770 et
820 2717 937 2779 tibi,
975 2713 1133 2780 Jesu,
1156 2710 1267 2765 Fili
1302 2709 1433 2763 Dei?
1464 2707 1646 2761 veniin
1676 2706 1773 2758 huc
1804 2715 1923 2759 ante
1945 2714 2143 2771 tempus

2260 2705 2481 2773 Ἰησοῦ,
2532 2705 2627 2757 Υἱὲ
2668 2703 2774 2757 τοῦ
2829 2701 3009 2756 Θεοῦ’
3036 2693 3253 2764 Ἦλυες
3298 2691 3415 2751 ὧδε
3458 2692 3567 2762 πρὸ
3612 2688 3794 2758 καιροῦ

568 2823 807 2879 torquere
835 2824 927 2860 nos
945 2808 971 2861 .9
1132 2808 1141 2811 “

2249 2798 2581 2863 βασανίσαι
2605 2794 2790 2864 ἡμᾶς

642 2900 698 2952 In
744 2899 1015 2969 regionem
1061 2906 1242 2949 autem
1283 2893 1571 2963 quamdam
1616 2888 1974 2951 abducuntur,
2003 2884 2145 2938 unde

2319 2890 2413 2952 Εἰς
2443 2887 2628 2959 χώραν
2651 2887 2707 2939 δέ
2738 2904 2860 2939 τινα
2887 2885 3210 2953 ἀπάγονται,
3244 2880 3430 2934 οὐκέτι
3458 2875 3635 2945 κύριαι
3661 2868 3797 2926 οὖσαι

573 2991 678 3046 illis
707 3005 812 3043 non
839 2987 1068 3057 amplius
1101 2995 1184 3040 est
1216 2984 1473 3039 redeundi
1506 2989 1765 3050 potestas,
1804 2977 1895 3031 sed
1925 2975 2144 3029 terribi-

2249 2982 2590 3035 ὲπανελθεῖν·
2622 2980 2758 3032 ἀλλὰ
2799 2980 2898 3048 τὴν
2934 2977 3171 3046 φοϐερὰν
3206 2975 3425 3043 ἐκείνην
3454 2970 3657 3042 ἡμέραν
3688 2968 3799 3018 ἀνα-

574 3084 676 3138 Iem
707 3082 854 3135 illum
888 3082 1025 3134 diem
1059 3084 1394 3147 exspectant.
1438 3074 1517 3127 Tu
1558 3087 1685 3126 vero
1714 3070 1843 3123 mihi
1876 3069 2146 3137 perpende

2254 3074 2528 3144 μένουσαι.
2566 3072 2636 3123 Σὺ
2685 3070 2741 3123 δέ
2791 3088 2878 3140 μοι
2923 3070 3024 3139 ὅρα
3056 3068 3115 3120 τὸ
3149 3063 3499 3135 θρασύδειλον
3525 3061 3673 3130 γένος
3709 3055 3798 3109 τῶν

574 3174 833 3227 audacter
877 3168 1253 3223 meticulosum
1298 3166 1603 3219 daemonum
1644 3175 1853 3232 genus:
1889 3158 2146 3228 quemad-

2249 3165 2538 3235 δαιμόνων,
2567 3162 2683 3226 πῶς
2709 3162 2964 3232 ἄρχονται
2996 3160 3094 3229 μὲν
3126 3158 3235 3211 ἀπὸ
3265 3155 3616 3226 θρασύτητος,
3648 3150 3799 3216 λέγονυ

575 3266 792 3319 modum
833 3264 975 3317 enim
1010 3276 1075 3314 ex
1119 3258 1340 3313 audacia
1376 3256 1645 3311 accedunt
1674 3253 1929 3322 quidem,
1960 3252 2147 3305 dicen-

2249 3272 2370 3320 τες’
2434 3275 2451 3307 ι
2491 3256 2555 3307 Τί
2601 3257 2731 3324 ἡμῖν
2779 3254 2871 3306 καὶ
2924 3251 3035 3314 σοῖς
3073 3269 3090 3301 ι
3146 3247 3446 3301 τελευτῶσι
3490 3245 3565 3307 εἰς
3603 3239 3797 3295 δειλίαν.

579 3368 701 3409 tes:
737 3372 756 3405 ι
792 3352 930 3418 Quid
983 3350 1111 3403 mihi
1157 3358 1223 3422 et_
1255 3347 1388 3401 tihi?
1426 3364 1444 3397 ι
1480 3346 1554 3400 ita
1601 3346 1854 3399 desinunt
1886 3343 1938 3395 in
1985 3342 2147 3394 timo-

579 3458 712 3498 rem.
746 3442 880 3507 Quia
922 3441 1102 3495 divina
1134 3438 1410 3505 Unigeniti
1454 3448 1645 3491 natura
1695 3450 1789 3489 eos
1823 3432 2150 3500 incorrupti-

580 3534 702 3591 bilis
734 3536 869 3603 ignis
901 3532 1131 3586 ﬂammis
1164 3530 1403 3595 addixit,
1433 3528 1711 3582 clamant:
1753 3523 2009 3577 (Venisti
2048 3524 2152 3576 huc

580 3637 707 3680 ante
748 3638 957 3694 tempus
994 3634 1243 3692 torquere
1289 3635 1425 3684 nos;
1458 3637 1477 3670 ι
1514 3626 1710 3671 norant
1743 3614 1887 3668 enim
1919 3628 1985 3667 ex
2028 3629 2153 3681 pro-

580 3718 807 3786 pheticis
837 3716 1201 3776 sermonibus,
1237 3722 1520 3766 venturum
1553 3707 1852 3770 Christum,
1886 3720 2050 3773 seque
2085 3704 2152 3758 ab

578 3823 645 3861 eo
665 3807 986 3876 judicandos
1007 3822 1021 3868 ;
1046 3805 1185 3873 quod
1212 3812 1388 3855 autem
1417 3801 1577 3855 etiam
1622 3808 1740 3851 ante
1774 3806 1975 3864 tempus
1998 3797 2151 3850 dixe-

581 3900 712 3962 rint,
760 3907 1017 3963 tanquam
1070 3893 1464 3948 incarnationis
1508 3900 1720 3958 tempus
1753 3888 1915 3941 veluti
1957 3889 2152 3940 intem-

581 3990 847 4059 pestivum
882 3990 1193 4052 increpant;
1224 3983 1354 4036 nihil
1379 3982 1521 4034 enim
1550 3980 1770 4044 mirum,
1797 3993 1917 4032 cum
1943 3993 2153 4046 semper

585 4081 707 4134 mali
743 4079 874 4142 sint,
909 4080 1070 4132 etiam
1116 4078 1219 4131 hoc
1262 4090 1354 4129 eos
1389 4074 1571 4126 dicere
1612 4071 1854 4124 audere:
1908 4080 1961 4125 et
2006 4080 2154 4124 certe

580 4172 814 4226 scientes
860 4184 918 4223 se
968 4169 1299 4238 puniendus,
1334 4176 1589 4233 tanquam
1634 4171 2031 4232 contemptores
2071 4162 2152 4215 di-

580 4270 746 4316 cunt:
783 4278 801 4311 ι
859 4259 1001 4325 Quid
1033 4259 1201 4322 nobis,
1242 4268 1288 4311 et
1329 4256 1469 4309 tibi?
1502 4272 1521 4304 ε
1574 4254 1839 4307 rationem
1872 4253 2015 4307 enim
2057 4252 2157 4305 init

574 4354 735 4420 judex
766 4356 1065 4419 nobiscum,
1095 4353 1245 4418 cujus
1271 4349 1521 4403 mandata
1544 4361 1730 4401 sumus
1759 4345 2149 4416 praetergressi.

652 4444 761 4514 2h
790 4446 878 4510 IX,
913 4444 967 4496 2.
1001 4445 1237 4510 Con/Ide,
1269 4444 1369 4511 ﬁli.

652 4535 845 4587 Filiqu
889 4538 1096 4587 vocavit
1148 4535 1501 4602 paralyticum
1554 4536 1760 4588 ratione
1813 4531 2150 4585 creatiouis:

584 4636 676 4679 aut
719 4625 842 4692 quia
878 4625 924 4675 is
962 4624 1268 4677 crediderat
1307 4627 1357 4676 in
1396 4627 1588 4692 ipsum,
1621 4639 1851 4689 eumque
1885 4633 1938 4675 ut
1973 4621 2155 4674 Domi-

585 4732 714 4771 num
740 4724 796 4769 et
822 4715 1131 4769 Creatorem
1154 4727 1467 4783 agnoverat.

652 4826 743 4892 IX,
779 4825 830 4879 6.
876 4824 1020 4878 Tum:
1070 4827 1144 4878 ait
1189 4827 1480 4895 paralytico
1511 4843 1528 4880 :
1561 4825 1748 4896 Surge,
1800 4822 1925 4877 tolle
1966 4822 2156 4874 lectum

585 4926 754 4981 tuum,
780 4926 827 4970 et
856 4917 982 4970 vade
1017 4917 1071 4969 in
1102 4917 1313 4968 domum
1346 4927 1517 4971 tuam.

655 5008 891 5062 Verbum
932 5009 1137 5072 emisit,
1185 5011 1502 5063 miraculum
1556 5010 1821 5077 sequitur.
1869 5008 1980 5065 Cur
2023 5022 2153 5063 vero

584 5098 779 5151 Filium
807 5099 1039 5151 hominis
1065 5100 1343 5152 remittere
1367 5109 1586 5168 peccata
1615 5099 1771 5165 dixit,
1796 5099 1906 5166 jam
1935 5108 2153 5167 peracta

587 5188 879 5241 divinitatis
910 5190 1383 5243 maniiestatione?
1414 5188 1511 5243 Vel
1559 5202 1617 5244 ut
1655 5200 1987 5244 monstraret
2015 5206 2074 5245 se
2102 5191 2154 5243 in

589 5290 831 5333 naturam
883 5281 1174 5334 humanam
1220 5281 1520 5336 divinitatis
1569 5283 1885 5351 dignitatem
1932 5296 2027 5350 per
2075 5281 2158 5333 in—

671 5456 737 5541 Il)
764 5457 1093 5541 Υθξεχώρει
1134 5489 1224 5541 .—_
1252 5459 1546 5528 σωτήριον
1582 5461 1727 5541 φῷς.
1776 5459 2154 5541 Fragmentum

591 5526 715 5602 hoc,
754 5528 894 5602 quod
928 5532 978 5579 in
1008 5529 1333 5602 Corderiana
1378 5526 1805 5602 cirttena'tlicitnr
1830 5526 2060 5602 Nicetis,
2098 5532 2149 5581 in

593 5594 711 5676 cod.
763 5593 963 5676 'Vatica
1000 5600 1315 5676 nominatim
1349 5601 1600 5676 tribuitur
1652 5599 1904 5669 Κυρίλλῳ
1969 5599 2150 5663 Ἀλεξ-

597 5663 965 5735 ανόρείας,ουὶ
987 5664 1106 5732 jure
1135 5667 1443 5733 postlitninii
1498 5652 1808 5721 restituitur.
1853 5656 1953 5720 Min
1985 5669 2044 5719 Β.
2078 5652 2149 5719 ᾖ.

2264 3348 2480 3418 Ἐπειδὴ
2516 3348 2549 3417 ὴ
2580 3346 2697 3398 θεία
2728 3344 2821 3397 τοῦ
2851 3341 3187 3410 Μονογενοῦς
3214 3339 3380 3408 φύσις
3419 3334 3668 3406 ἀφράστῳ
3690 3330 3800 3399 πυρὶ

2250 3440 2447 3502 αὐτοὺς
2471 3436 2796 3506 κατέφλεγε,
2833 3436 2996 3503 φασίν
3017 3451 3032 3466 ο
3066 3429 3301 3495 (Ἶὶλθες
3332 3425 3434 3483 ὦδε
3472 3427 3577 3499 πρὸ
3631 3420 3798 3493 καιροῦ

2254 3528 2544 3598 βασανίσαι
2572 3527 2755 3595 ἡμᾶς;
2794 3524 3084 3594 ι’ῌδεισαν
3112 3523 3176 3573 ἐκ
3204 3520 3317 3572 τῶν
3345 3514 3685 3590 προφητικῶν
3711 3511 3800 3579 γὰρ

2251 3618 2446 3686 λόγων,
2476 3619 2559 3670 ὅτι
2590 3616 2682 3669 καὶ
2712 3614 2937 3685 ἔμελλεν
2967 3612 3115 3677 ἥξειν
3140 3613 3167 3662 ὁ
3194 3610 3453 3681 Χριστὸς,
3488 3610 3581 3661 καὶ
3614 3607 3688 3658 ὅτι
3717 3602 3799 3654 αὺ-

2250 3710 2343 3772 τὸς
2376 3710 2569 3772 αὐτοὺς
2606 3710 2802 3779 κρινεῖ.
2837 3706 2900 3758 Εἰ
2947 3706 3004 3757 δὲ
3048 3705 3142 3756 καὶ
3186 3703 3248 3755 τὸ
3278 3704 3393 3771 πρὸ
3426 3698 3625 3768 καιροῦ
3653 3694 3798 3752 εἷπον.

2254 3804 2328 3865 ὡς
2364 3801 2741 3861 διαϐάλλοντες
2767 3798 2859 3851 τὸν
2883 3797 2981 3864 τῆς
3016 3794 3489 3865 ὲνανθρωπὴσεως
3518 3788 3713 3858 καιρὸν,
3739 3782 3801 3845 ὡς

2256 3894 2402 3964 παρὰ
2433 3892 2623 3963 καιρὸν
2653 3892 2936 3960 γεγονότα,
2972 3886 3123 3939 οὐδὲν
3155 3886 3493 3956 θαυμαστὸν,
3525 3884 3573 3935 εἰ
3606 3876 3802 3947 πονηροὶ

2252 3985 2427 4049 ὄντες,
2460 3982 2735 4036 καὶτοῦτο
2772 3979 3013 4049 τολμῶσι
3055 3978 3235 4044 λέγειν
3256 3994 3270 4007 ε
3312 3976 3492 4040 καίτοι
3526 3972 3708 4032 ειδότες
3735 3967 3801 4019 ὅτι

2254 4076 2750 4147 τιμωρηθήσονται,
2798 4072 2986 4140 ὥσπερ
3037 4068 3347 4137 ὑπερόπται
3401 4067 3646 4135 λέγουσι·
3706 4055 3802 4111 «Τί

2255 4172 2385 4239 ἡμῖν
2415 4167 2508 4219 καὶ
2543 4166 2658 4230 σοί;
2692 4166 2875 4234 »Ἔχει
2904 4162 3012 4231 γὰρ
3037 4162 3192 4229 λόγον
3224 4160 3252 4211 ὁ
3285 4158 3480 4229 κριτὴς
3518 4156 3628 4228 μεθ’
3648 4150 3799 4223 ἡμῶν,

2256 4262 2347 4329 ἀφ’
2374 4250 2434 4311 οὗ
2462 4256 2783 4328 παρέὸημεν
2811 4254 2908 4318 τὰς
2948 4244 3166 4314 ἐντολὰς
3200 4250 3391 4305 αὐτοῦ.

2331 4442 2564 4509 Θάρσει,
2600 4440 2814 4493 τέκνον

2323 4535 2525 4587 Τέκνον
2557 4532 2782 4585 ἐκάλεσε
2806 4532 2895 4582 τὸν
2927 4528 3317 4599 παραλυτικὸν,
3348 4525 3424 4595 τῷ
3452 4525 3547 4594 τῆς
3576 4522 3796 4591 δημιουρ⁴

2253 4625 2376 4692 γίας
2403 4624 2547 4693 λόγῳ
2568 4639 2580 4651 '
2617 4621 2648 4691 ἥ
2680 4622 2754 4683 ὠς
2788 4620 3159 4673 πιστεύσαντα
3187 4622 3264 4681 εἰς
3300 4619 3485 4683 αὑτὸν,
3518 4617 3608 4670 καὶ
3638 4611 3800 4680 γνόντα

2255 4715 2415 4768 αὐτὸν
2447 4715 2651 4783 Κύριον
2683 4713 2777 4764 καὶ
2802 4713 3162 4782 Δημιουργόν.

2332 4827 2466 4879 Τότε
2533 4823 2692 4893 λέγει
2721 4823 2801 4888 τῷ
2841 4822 3225 4890 παραλυτικῷ
3263 4839 3278 4853 °
3326 4820 3615 4891 Ἐγερθεὶς
3637 4860 3650 4885 ,
3679 4810 3801 4882 ἆρόν

2261 4931 2377 4970 σου
2408 4917 2514 4969 τὸν
2540 4914 2854 4983 πρόϐατον.

2345 5005 2565 5076 Ἐξῆλθε
2593 5005 2669 5074 (5)
2689 5004 2749 5057 τὸ
2774 5004 2947 5074 ῥῆμα,
2971 5004 3064 5055 καὶ
3097 5003 3158 5055 τὸ
3193 5002 3380 5070 θαῦμα
3407 4996 3799 5065 ὲπεκολούθησε·

2261 5096 2349 5149 διὰ
2381 5096 2433 5148 τί
2480 5095 2537 5147 δὲ
2572 5095 2666 5148 καὶ
2716 5094 2844 5147 Υίὸν
2878 5094 3165 5164 ἀνθρώπου
3208 5089 3365 5145 εἶπεν
3404 5090 3615 5161 ἀφιέναι
3654 5088 3801 5159 ἁμαρ·

2260 5188 2416 5251 τίας,
2450 5188 2871 5255 ἐπιτελουμένης
2922 5184 3281 5256 θεοσημείαω
3323 5187 3393 5238 Ἦ
3432 5186 3518 5237 ἵνα
3558 5180 3707 5250 δείξῃ.
3735 5176 3801 5227 ὅτι

2265 5284 2579 5350 κατήγαγεν
2612 5281 2689 5341 εἰς
2736 5277 2832 5349 τὴν
2877 5278 3223 5347 ἀνθρωπίνην
3255 5275 3420 5344 φύσιν
3452 5276 3563 5346 τὴν.
3588 5271 3678 5337 τῆς
3705 5264 3801 5319 θεά·

2254 5458 2931 5652 ἰζζβῖἵὲύνεισόαίνουσι
2962 5556 3028 5567 --
3063 5523 3365 5579 ἐπέκεινα.
3418 5524 3539 5583 Mai,
3574 5519 3632 5573 Β.
3663 5511 3723 5567 Ν.
3749 5505 3801 5573 II,

2327 5602 2402 5737 ίῖέ)
2446 5668 2693 5737 Ἐξῆ-ῑθε
2728 5698 2791 5707 —
2822 5668 2970 5721 κατὰ
3003 5677 3210 5737 φύσιν.
3244 5632 3493 5722 Cramer.
3536 5676 3585 5729 p.
3618 5653 3698 5709 66.
