4058 6280
211 376 300 430 till

1377 373 1732 428 COMMENT.
1778 376 1842 430 IN
1885 376 2321 434 MATTIUEUM.

3351 321 3474 422 rei

207 492 380 552 δόξας.
411 488 691 556 Ἔπρεπεν
733 485 957 556 Ἰωάννῃ
1000 485 1074 549 ὡς
1124 483 1308 558 οἰκέτῃ
1356 487 1445 541 διὰ
1494 487 1596 558 τῆς
1639 489 1777 555 ἄγαν

1899 493 2310 561 :umagebantur
2360 488 2723 559 opinionibus.
2762 489 2990 544 Docebat
3026 469 3308 547 Joauucm,
3336 497 3453 538 tan-

211 579 627 650 σκληραγωγίας
674 576 1088 648 κατανεκρῶσαι
1136 576 1207 629 τὰ
1252 577 1350 649 τῆς
1378 579 1577 650 σαρκὸς
1607 579 1776 650 πάθη,

209 672 279 743 τῷ
325 671 380 722 δὲ
420 667 642 740 Χριστῷ
689 667 764 730 ὡς
816 666 1083 737 ἐλευθέρῳ
1116 667 1341 737 δυνάμει
1385 669 1483 738 τῆς
1529 669 1781 739 θεότητος

1881 598 2040 651 quam
2066 597 2304 643 servum,
2327 596 2422 648 per
2447 582 2634 634 duram
2671 581 2957 632 admodum
3009 579 3129 631 vitae
3183 577 3450 629 rationem

1881 675 2061 728 Cztrttls
2113 671 2429 728 aﬂectioaes
2471 670 3124 724 tuortiiicare:Christum
3174 683 3300 719 vero
3332 677 3454 718 tau-

210 759 628 829 ἐξουσιαστικῶς
659 757 728 810 τὰ
761 758 861 828 τῆς
891 758 1092 828 σαρκὸς
1112 757 1339 828 νεκροῦν
1368 760 1662 828 κινήματα,
1685 759 1781 814 καὶ

1899 781 2041 836 luam
2066 765 2313 830 liberum,
2348 765 2546 817 virtute
2579 763 2898 824 divinitatis,
2929 773 3189 829 tanquam
3216 772 3453 828 potesta-

210 857 292 909 τὸν
325 855 568 925 ἔμφυτον
596 851 696 920 τῆς
729 851 929 919 σαρκὸς
955 850 1137 918 νόμον,
1161 851 1220 902 οὐ
1249 851 1354 921 μὴν
1379 851 1445 904 δι’
1469 851 1782 917 ἀσκητικῶν

214 947 381 1000 πόνων
416 946 494 1002 εἰς
529 943 686 996 τοῦτο
722 941 1129 1011 βοηθεῖσθαι.⁹0
1165 941 1264 1011 μὲν
1305 943 1560 1012 Ἰωάννης
1586 942 1780 1011 βάπτι-

215 1055 318 1107 σμα
365 1033 659 1104 κηρύσσων
713 1030 1020 1102 μετανοίας,
1068 1031 1237 1083 τύπον
1293 1033 1486 1084 ἑαυτὸν
1538 1033 1781 1102 παρέσχε

215 1129 312 1187 τοῖς
339 1124 617 1192 ὀφείλουσι
652 1120 886 1174 πενθεῖν.
906 1123 963 1172 ’0
998 1121 1053 1174 δέ
1081 1121 1283 1192 Κύριος
1319 1121 1599 1192 βασιλείαν
1625 1123 1785 1194 οὐρα-

215 1215 311 1268 νῶν
357 1214 672 1285 κηρύσσων,
701 1213 925 1274 εἰκότως
957 1211 1016 1264 τὸ
1047 1212 1327 1282 ἀνειμένον
1361 1213 1453 1266 καὶ
1479 1211 1699 1283 φαιδρὸν
1729 1215 1786 1265 ἐν

214 1305 383 1375 ἐαυτῷ
412 1304 780 1367 ἐπεδείκνυτο,
813 1301 878 1355 δι’
901 1297 970 1374 ἦς
999 1306 1110 1366 τοῖς
1140 1306 1350 1366 πιστοῖς
1380 1304 1661 1374 ὑπέγραφε
1687 1304 1787 1374 τὴν

213 1397 475 1469 ἐσομένην
506 1398 883 1466 ἀνέκῳραστον
909 1394 1075 1463 ζωὴν,
1121 1395 1216 1449 καὶ
1260 1395 1358 1465 τὴν
1394 1395 1593 1450 ἄπονον
1620 1394 1783 1466 ζωήν.

212 1573 516 1643 Κυριλριου
581 1571 650 1625 ἐκ
693 1570 799 1624 τοῦ
851 1569 1134 1638 δευτέρου
1198 1570 1305 1624 τοῦ
1363 1573 1450 1636 εἰς
1508 1571 1574 1624 τὸ
1638 1570 1789 1624 κατὰ

595 1660 894 1716 Ματθαῖον
933 1661 1366 1730 Ὑπομνήματα.

279 1749 453 1806 Ἦλθε
485 1753 582 1822 μὲν
613 1751 686 1821 (ἰ)
711 1752 819 1824 γὰρ
843 1752 1097 1820 Ἰωάννης
1142 1753 1279 1822 μήτε
1301 1750 1515 1818 ἐσθίων,
1546 1754 1682 1823 μήτε
1698 1753 1790 1806 πί-

205 1865 331 1909 νων,
361 1845 485 1899 καθ’
507 1845 541 1898 ἃ
561 1844 899 1913 γέγραπται·
933 1839 1063 1912 ἦλθε
1093 1842 1147 1894 δέ
1166 1844 1193 1894 ό
1219 1841 1344 1905 Υἱὸς
1372 1841 1466 1896 τοῦ
1501 1841 1790 1913 ἀνθρώπου
1825 1830 1865 1884 Β

201 1938 406 1991 ἐσθίων
432 1938 526 1988 καὶ
557 1935 746 1988 πίνων.
773 1934 880 1988 Καὶ
907 1933 1004 2003 τὴν
1039 1932 1232 1985 τούτου
1260 1933 1563 1998 αἰτίαν,ὼς
1591 1934 1654 1986 ἂν
1681 1929 1792 1987 οἷόν

197 2045 281 2094 τε,
309 2029 410 2081 ὡδὶ
440 2029 612 2080 εἰπεῖν
640 2027 990 2096 πειράσομαι.
1019 2024 1216 2092 Γέγονε
1259 2025 1355 2094 μὲν
1384 2024 1491 2094 γὰρ
1507 2024 1792 2096 ἄνθρωπος

197 2124 226 2175 ὁ
251 2119 355 2173 τοῦ
389 2117 527 2172 Θεοῦ
570 2118 867 2186 Λόγος,καὶ
897 2117 1072 2169 πάντα
1109 2115 1389 2186 πεφόρηκε
1419 2115 1490 2168 τά
1523 2115 1788 2186 ἡμέτερα,

193 2211 328 2280 δίχα
377 2209 547 2278 μόνης
594 2208 903 2278 ἁμαρτίαςο
931 2205 1046 2260 ἀλλ’
1095 2205 1154 2257 ἔν
1187 2221 1250 2273 γε
1294 2208 1416 2268 ταῖς
1443 2207 1584 2260 κατά
1632 2205 1793 2275 σῶμα

192 2306 460 2375 κινήσεσι
498 2301 780 2368 φυσικαῖς,
806 2299 905 2366 τῆς
932 2298 992 2362 ἐξ
1029 2297 1183 2360 ἔθους
1207 2299 1339 2366 ἡμῖν
1367 2297 1788 2367 χαλιναγωγίας,

191 2397 377 2450 πόνου
400 2411 484 2458 τε,
524 2394 685 2462 φημὶ,
719 2392 814 2444 καὶ
837 2391 1108 2460 νηστείας,
1141 2390 1256 2452 πῶς
1287 2389 1352 2442 ἂν
1383 2389 1595 2460 ἐδεήθη,
1615 2389 1790 2442 καίτοι

196 2485 355 2538 κατὰ
387 2482 554 2552 φύσιν
602 2483 862 2551 ὑπάρχων
915 2479 1067 2542 Θεὸς,
1100 2481 1128 2532 ό
1161 2480 1254 2531 καὶ
1312 2479 1576 2548 κρείττων
1617 2480 1791 2549 ἁμαρ-

194 2580 329 2640 τίας
361 2615 379 2639 ,
417 2572 513 2628 καὶ
549 2577 614 2645 τῇ
665 2574 797 2642 παρ’
851 2570 1042 2624 ἐαυτοῦ
1100 2572 1282 2642 χάριτι
1330 2570 1424 2622 καὶ
1461 2569 1529 2624 τὰ
1570 2572 1626 2622 ἐν
1661 2571 1790 2640 ἡμῖν

197 2667 564 2738 καταραῖςων
615 2665 798 2734 πάθη,
833 2663 1034 2733 νεκρὰν
1089 2663 1144 2715 δὲ
1199 2662 1291 2715 καὶ
1329 2661 1608 2733 ἄπρακτον
1653 2663 1788 2714 ἁπο-

201 2763 423 2832 φαίνων
457 2760 550 2813 καὶ
583 2759 680 2829 τὴν
714 2759 771 2811 ἐν
801 2759 931 2826 ἡμῖν
961 2753 1056 2808 τοῦ
1097 2754 1346 2824 σώματος
1376 2754 1576 2825 ὄρεξιν,
1611 2756 1660 2806 εἰ
1699 2753 1793 2806 καὶ

200 2852 486 2908 διακέοιτό
523 2867 634 2912 πως
684 2851 762 2912 εἰς
797 2847 1060 2909 ἐκτύπους
1099 2845 1326 2916 ἡδονάς;
1363 2846 1793 2914 Κατεσκήνωσεν

206 2945 321 3015 γὰρ
350 2946 408 2995 ἐν
438 2943 570 3011 ἡμῖν
596 2943 622 2994 ὁ
647 2939 738 2992 τοῦ
767 2938 901 2991 Θεοῦ
947 2937 1134 3000 Λόγος,
1168 2937 1262 2988 καὶ
1306 2936 1443 2989 ἰδίαν
1499 2936 1796 3004 ἐποιήσατο

212 3037 401 3104 σάρκα
451 3032 548 3103 τὴν
596 3029 960 3100 ἀνθρωπίνην,
986 3029 1049 3080 ἵν’
1073 3028 1368 3097 ἐπειδήπερ
1393 3026 1684 3088 ἀτίΘασσός
1711 3041 1794 3088 τις

214 3125 395 3196 αὐτὴν
431 3125 460 3176 ό
487 3124 588 3194 τῆς
635 3121 908 3192 ἁμαρτίας
951 3116 1300 3187 κατεληῒζετο
1323 3117 1486 3187 νόμος
1518 3116 1795 3187 (τετυράν-

209 3233 354 3287 νηκε
402 3213 513 3284 γὰρ
542 3215 598 3267 ἐν
637 3216 748 3275 τοῖς
792 3211 978 3281 μέλεσι
1024 3209 1125 3279 τῆς
1159 3209 1362 3280 σαρκὸς
1391 3209 1803 3277 ἁντιστρατευό·

214 3324 386 3377 μενος
421 3303 502 3374 τῷ
531 3302 800 3374 νόμῳτοῦ
852 3303 989 3364 νοὸς,
1039 3301 1128 3353 καὶ
1171 3298 1586 3368 αἰχμαλωτίζων
1621 3301 1701 3361 εἰς
1735 3298 1802 3350 τὰ

209 3399 448 3466 οἰκεῖα),
481 3396 819 3465 καταργήσει
838 3393 1023 3447 τοῦτον
1041 3393 1106 3444 δι’
1137 3390 1327 3444 ἐαυτοῦ
1355 3408 1369 3421 ·
1411 3390 1501 3442 καὶ
1524 3392 1581 3442 ἐν
1611 3388 1799 3460 πρώτῃ

213 3489 510 3561 νεκρώσας
530 3491 596 3559 τῇ
621 3487 726 3557 ἰδίᾳ
767 3486 952 3555 σαρκὶ,
984 3483 1332 3555 παραπέμψῃ
1369 3482 1550 3536 λοιπὸν
1581 3483 1680 3552 τῆς
1709 3483 1803 3536 ἐπὶ

211 3581 401 3651 τούτῳ
444 3581 663 3650 χάριτος
703 3579 802 3648 τὴν
858 3577 1138 3648 μετάδοσιν
1176 3577 1253 3638 εἰς
1291 3576 1455 3645 ἡμᾶς,
1483 3575 1577 3628 ἅτε
1603 3573 1666 3642 δὴ
1708 3574 1803 3626 καὶ

213 3675 385 3735 ὄντας
408 3673 688 3740 ὁμογενεῖς
711 3669 850 3724 κατά
892 3685 954 3735 γε
981 3669 1080 3738 τὴν
1104 3670 1203 3736 τῆς
1229 3668 1428 3736 σαρκὸς
1457 3667 1617 3736 φύσιν
1649 3681 1661 3695 ·
1699 3667 1804 3720 ἀπ-

215 3763 370 3834 αρχὴ
399 3762 510 3832 γὰρ
547 3765 578 3830 η
590 3761 704 3830 μῶν
743 3759 978 3830 Χριστὸς
999 3798 1013 3822 ,
1043 3756 1294 3826 δεύτερος
1335 3757 1504 3824 Ἀδὰμ
1535 3755 1805 3826 χρηματξ-

222 3871 325 3918 σας
379 3855 498 3921 μετ’
546 3855 752 3905 ἐκεῖνον
789 3851 882 3905 τὸν
913 3854 970 3904 ἐν
1025 3853 1218 3921 ἀρχαῖς
1253 3866 1267 3880 ο
1301 3849 1396 3903 καὶ
1445 3847 1662 3919 πρῶτος
1713 3847 1805 3901 ἅν-

224 3945 448 4016 Θρωπος
482 3944 721 4013 πέφηνεν
769 3943 860 3995 ἐπὶ
893 3942 1017 4012 γῆς,
1060 3941 1240 4011 χοῖκὸς
1293 3940 1394 4009 μὲν
1432 3939 1638 4004 οὐκέτι,
1664 3939 1804 4001 θεῖος

223 4037 280 4089 δέ
325 4036 529 4106 μᾶλλον
563 4035 658 4088 καὶ
703 4035 1024 4104 ἐπουράνιος
1047 4073 1060 4096 ,
1093 4032 1368 4103 ἁμαρτίαν
1402 4032 1502 4085 οὐκ
1527 4029 1680 4093 εἰδώς
1703 4047 1716 4061 ο
1737 4030 1804 4082 δι’

222 4126 254 4180 ὃ
303 4127 402 4180 καὶ
440 4128 601 4194 μόνος
639 4127 696 4179 ἐν
757 4129 969 4196 νεκροῖς
1017 4124 1318 4194 ἐλεύθερος.
1369 4121 1809 4192 Ἀναμορφουμέ-

1886 867 1990 910 tem
2046 856 2355 917 habentem,
2395 855 2574 908 carnis
2620 861 2798 906 tuotus
2846 853 3120 913 edomare,
3153 865 3215 902 ac
3242 849 3456 900 insitam

1884 945 2064 999 carnis
2119 945 2285 1011 legem
2339 945 2607 1014 subigere,
2652 959 2755 998 nou
2809 952 2989 996 tamen
3041 955 3138 1008 per
3193 939 3458 992 asceticm

1885 1036 2098 1091 labores
2128 1037 2196 1091 ad
2249 1037 2350 1091 hoc
2398 1037 2593 1106 juvari.
2639 1035 2874 1089 Joannes
2923 1033 3139 1103 quidem
3195 1030 3458 1099 baptisma

1887 1128 2184 1196 prardicaus
2237 1128 2585 1196 pmnltentiae,
2641 1126 2865 1196 figuram
2915 1140 2973 1180 se
3008 1127 3180 1192 ipsum
3231 1123 3460 1192 pr:ebuit

1888 1218 2069 1286 lugere
2093 1217 2449 1272 debentibus:
2485 1219 2740 1272 Dominus
2774 1231 2902 1271 vero
2937 1230 3156 1286 regnum
3197 1213 3459 1269 calorum

1889 1311 2209 1380 praedicans,
2268 1313 2464 1364 merito
2541 1308 2916 1364 remissionem
2980 1322 3044 1361 ac
3101 1307 3342 1360 laetitiam
3405 1306 3459 1356 in

1889 1415 2006 1454 sese
2054 1400 2320 1464 exhibuit,
2359 1413 2454 1476 per
2501 1413 2663 1468 quam
2715 1397 2963 1452 ﬁdelibus
3017 1395 3254 1472 futuram
3297 1397 3458 1449 vitatu

1891 1491 2210 1545 ineil'abilem
2239 1491 2547 1558 descripsit,
2578 1490 2743 1544 vitam
2789 1489 2990 1544 laboris
3017 1497 3318 1556 expertem.

1891 1580 2083 1650 Cyrilli
2145 1597 2212 1635 ea:
2276 1580 2408 1633 libro
2466 1595 2503 1634 ll
2577 1578 2951 1634 Commentarit'
3013 1579 3066 1631 in
3128 1574 3456 1631 laniatum.

2428 1669 2646 1737 (Matth.
2675 1684 2754 1734 ιι,
2787 1669 2898 1739 ιε).

1964 1762 2126 1818 Venit
2169 1762 2312 1816 enim
2352 1761 2586 1817 Joannes
2632 1775 2806 1829 neque
2863 1760 3195 1813 manducans
3225 1795 3240 1820 ,
3285 1768 3463 1824 neque

1896 1856 2100 1920 bibens,
2137 1854 2293 1908 sicuti
2326 1855 2584 1920 scriptum
2607 1860 2723 1917 est;
2776 1850 2920 1904 venit
2953 1857 3134 1903 autem
3163 1847 3331 1901 Filius
3363 1847 3459 1899 ho-

1895 1948 2057 2001 minis
2113 1947 2449 1999 utanducans
2489 1955 2543 1999 et
2599 1943 2808 1996 bibens.
2857 1939 3110 1994 Jamvero
3161 1937 3318 2005 hujus
3347 1938 3422 1991 rei
3443 1975 3470 1998 ,_

1868 2039 2051 2104 ’ρτουι
2089 2035 2201 2088 fieri
2236 2035 2452 2103 poterit,
2485 2048 2700 2087 causam
2741 2031 2828 2084 hic
2877 2029 3116 2082 oouabor
3163 2038 3468 2095 exponere.

1899 2127 2138 2182 Factum
2174 2137 2259 2181 est
2300 2127 2464 2181 homo
2513 2125 2606 2180 Dei
2649 2123 2907 2184 Verbum,
2947 2129 3238 2186 nostraque
3282 2117 3461 2172 omnia

1894 2220 2144 2288 gestavit,
2179 2233 2286 2273 uno
2311 2228 2538 2286 excepto
2566 2224 2804 2286 peccato.
2849 2209 2954 2267 Sed
2989 2214 3134 2282 quod
3168 2210 3358 2264 attinet
3394 2207 3461 2261 ad

1893 2310 2144 2381 physicas
2175 2310 2420 2379 corporis
2454 2307 2866 2368 commotiones,
2903 2302 3172 2372 quomodo
3221 2300 3458 2368 eguisset

1894 2410 2154 2456 consueto
2178 2401 2334 2455 nobis
2381 2400 2554 2465 freno,
2611 2398 2793 2453 labore
2823 2397 3077 2450 nimirum
3125 2407 3188 2448 ac
3219 2390 3458 2462 jejunio,

1894 2494 2332 2564 quandoquidem
2369 2493 2512 2547 Deus
2536 2501 2727 2560 suapte
2761 2501 2952 2544 natura
2987 2497 3106 2550 est,
3154 2495 3210 2540 ct
3236 2496 3463 2554 peccato

1894 2588 2143 2656 superior
2177 2627 2194 2652 ,
2255 2601 2460 2655 suaque
2507 2585 2682 2654 gratia
2735 2585 2788 2638 in
2837 2582 2994 2638 nobis
3051 2593 3264 2648 quoque
3307 2578 3461 2632 sedat

1895 2679 2217 2745 passiones,
2283 2674 2456 2730 nostri
2501 2673 2748 2741 corporis
2802 2672 3032 2742 impetus
3082 2667 3354 2726 inhibens,
3386 2663 3458 2718 si-

1895 2769 2110 2838 quando
2135 2770 2200 2822 ad
2235 2767 2502 2823 absurdas
2532 2765 2837 2832 voluptates
2870 2760 3113 2829 rapiatur
3137 2756 3163 2811 ⁴ἰ
3191 2754 3460 2810 Videlicet-

1896 2862 2036 2914 inter
2084 2874 2182 2914 nos
2235 2857 2500 2912 habitavit
2549 2855 2640 2908 Dei
2683 2852 2919 2906 Verbum
2948 2890 2963 2915 ,
3017 2861 3280 2916 suamque
3338 2843 3464 2898 fecit

1895 2965 2116 3004 carnem
2149 2950 2468 3012 humanam,
2501 2954 2559 3000 ut
2589 2945 2717 3014 quia
2758 2944 2898 2998 hanc
2921 2955 3108 3008 aspera
3137 2937 3345 3007 peccati
3375 2935 3459 2989 les

1898 3041 2126 3096 vexabat
2159 3039 2382 3108 (etenim
2423 3037 2635 3108 tyranni
2663 3037 2836 3088 instar
2867 3041 3151 3102 peccatum
3195 3029 3245 3082 in
3279 3027 3462 3082 carnis

1903 3131 2161 3185 membris
2201 3137 2467 3197 repugnat
2516 3126 2715 3180 mentis
2763 3124 2888 3194 legi,
2922 3124 2974 3176 in
3029 3133 3182 3174 suam
3227 3131 3328 3171 nos
3366 3131 3466 3183 po-

1905 3229 2148 3276 testatem
2183 3217 2478 3287 redigeus),
2507 3233 2603 3286 per
2633 3232 2690 3270 se
2717 3214 2892 3283 ipsum
2940 3214 3046 3265 vim
3093 3209 3240 3264 illam
3279 3216 3467 3260 reton-

1902 3312 2092 3374 deret,
2128 3318 2292 3377 atque
2328 3308 2379 3361 in
2413 3321 2510 3360 sua
2537 3305 2781 3374 apprime
2817 3316 2982 3357 carne
3005 3316 3122 3355 eam
3157 3299 3325 3366 legem
3371 3310 3467 3364 pe-

1904 3402 2126 3464 rimens,
2172 3398 2358 3470 gratiae
2383 3395 2543 3465 hujus
2573 3393 3041 3464 participationem
3067 3390 3133 3443 ad
3166 3404 3264 3443 nos
3292 3397 3470 3440 trans-

1906 3493 2191 3554 mitteret,
2249 3488 2339 3557 qni
2393 3486 2634 3557 ejusdem
2694 3499 2816 3540 cum
2865 3498 2930 3538 eo
2973 3479 3190 3552 generis
3237 3488 3465 3540 sumus,

1903 3581 2043 3651 quod
2104 3580 2299 3634 attinet
2363 3578 2431 3633 ad
2480 3577 2664 3632 carnis
2708 3585 2979 3631 naturam.
3032 3571 3163 3626 Nam
3218 3567 3467 3638 primitite

1907 3673 2404 3736 nostraeﬂhristus
2449 3679 2533 3725 est
2599 3669 2668 3734 ",
2748 3681 3025 3735 novusque
3102 3663 3348 3721 Adamus
3389 3669 3472 3716 est

1906 3775 2029 3836 post
2063 3764 2210 3819 illum
2257 3765 2350 3834 qui
2409 3761 2512 3817 fuit
2562 3759 2760 3816 initio:
2802 3766 2858 3814 et
2899 3757 3149 3829 princeps
3195 3753 3356 3812 homo
3417 3751 3470 3804 in

1909 3867 2050 3910 terra
2099 3857 2378 3926 apparuit,
2434 3854 2549 3924 jam
2604 3867 2711 3908 non
2756 3861 3052 3913 terrenus,
3108 3846 3203 3901 sed
3255 3844 3470 3904 divinus

1907 3947 2086 4017 potius
2118 3957 2282 4014 atque
2319 3945 2592 4010 cmlestis,
2625 3943 2834 4016 peccati
2881 3940 3141 4009 nescius;
3189 3945 3479 4008 propterea.

1907 4038 2058 4093 solus
2098 4038 2264 4092 etiam
2299 4038 2442 4091 inter
2481 4045 2725 4091 mortuos
2782 4033 2938 4088 liber.
2994 4029 3311 4085 Reformata
3347 4039 3477 4094 ergo

1910 4129 1962 4182 in
2002 4127 2216 4184 Christo
2248 4128 2422 4197 primo
2453 4126 2518 4180 ad
2557 4125 2932 4196 primigeniam
2978 4120 3323 4174 sanctitatem
3385 4129 3480 4167 na-

223 4234 325 4286 νης
361 4213 651 4284 τοιγαροῦν
684 4215 742 4267 ἐν
766 4214 965 4286 πρώτῳ
997 4213 1216 4284 Χριστῷ
1242 4214 1378 4283 πρὸς
1410 4213 1500 4264 τὸν
1526 4214 1584 4264 ὲν
1615 4212 1797 4282 ἀρχαῖς

1913 4229 2031 4272 tura
2063 4228 2269 4282 nostra,
2300 4230 2456 4269 neuto
2483 4215 2690 4278 dubitet
2711 4214 2838 4282 quin
2869 4211 2936 4272 ad
2967 4209 3274 4263 universum
3305 4203 3477 4256 homi-

225 4306 502 4374 ἁγιασμὸν
542 4308 640 4375 τῆς
673 4308 950 4378 ἡμετέρας
987 4306 1224 4376 φύσεως,
1258 4303 1578 4367 ὲνδοιαζέτω
1619 4303 1797 4374 μηδεὶς

1912 4327 2037 4365 num
2069 4324 2238 4380 genus
2259 4305 2670 4362 reformationis
2698 4304 2872 4371 gratia
2903 4302 3326 4354 fueritextensa.
3364 4292 3478 4346 Non

227 4396 305 4456 ὡς
330 4399 410 4460 εἰς
442 4398 585 4451 ἅπαν
616 4398 715 4468 ἤδη
765 4398 827 4452 τὸ
866 4398 1202 4469 ἀνθρώπινον
1244 4397 1537 4463 ἐξετείνετο
1584 4397 1737 4463 γένος
1773 4398 1797 4466 ἡ

1912 4401 2053 4456 enim
2085 4398 2319 4465 seipsum
2342 4393 2656 4450 reformavit
2690 4391 2944 4457 Verbum,
2984 4404 3105 4444 cum
3135 4387 3277 4441 Deus
3301 4385 3390 4450 sit,
3426 4392 3482 4436 et

224 4489 331 4556 τῆς
353 4487 796 4559 ἀναμοριξώσεως
817 4489 994 4559 χάρις.
1028 4491 1102 4542 Οὐ
1145 4490 1251 4558 γὰρ
1276 4489 1465 4542 ἑαυτὸν
1497 4487 1797 4556 ἀνεμόρφου

1915 4490 2255 4560 proprietatis
2281 4487 2524 4548 Paterna;
2556 4498 2817 4555 germana
2851 4484 3019 4552 figura
3050 4496 3065 4545 ;
3105 4478 3199 4534 sed
3233 4491 3334 4531 nos
3355 4491 3478 4529 cum

229 4580 363 4644 Θεὸς
397 4579 476 4634 ὣν
531 4583 558 4633 ό
588 4579 796 4648 Λόγος,
829 4582 923 4634 καὶ
976 4581 1075 4649 τῆς
1121 4580 1215 4632 τοῦ
1282 4579 1493 4649 ΙΙατρὸς
1551 4579 1808 4646 ἰδιότητος

233 4671 650 4745 ἀπαραποίητος
692 4673 1000 4743 χαρακτὴρ,
1028 4672 1142 4726 ἀλλ’
1172 4674 1330 4742 ἡμεῖς
1362 4667 1504 4742 ἦμεν
1538 4671 1633 4723 σὺν
1660 4669 1806 4740 αὐτῷ

233 4764 370 4834 πρὸς
401 4765 539 4817 Θεὸν
586 4765 1063 4835 ἀναμορφούμενοι
1102 4764 1189 4835 διὰ
1225 4763 1319 4817 τοῦ
1355 4763 1450 4815 καὶ
1477 4762 1616 4832 ὑπὲρ
1645 4761 1804 4829 φύσιν

231 4855 533 4926 ἀγιασμοῦ,
564 4856 926 4926 νεκρουμένου
954 4855 1138 4912 λοιπὸν
1175 4857 1232 4908 ἐν
1259 4857 1369 4918 τοῖς
1403 4852 1620 4922 μέλεσιν
1652 4852 1806 4923 ἡμῶν

232 4947 325 5000 τοῦ
354 4947 522 5017 νόμου
560 4949 658 5016 τῆς
689 4946 980 5017 ἁμαρτίας.
1020 4942 1129 4998 Ἦν
1164 4939 1257 4998 οὖν
1298 4943 1503 5013 σφόδρα
1537 4942 1642 4995 τῶν
1678 4943 1805 4996 ἀτό-

235 5053 350 5090 πων
399 5035 477 5106 μὴ
515 5036 636 5105 οὐχὶ
692 5035 890 5104 μᾶλλον
921 5038 986 5104 τῇ
1039 5033 1138 5100 τῆς
1183 5031 1432 5101 θεότητος
1464 5030 1714 5101 ἐνεργείᾳ.
1738 5031 1805 5083 τὰ

233 5130 289 5179 ἐν
307 5127 386 5198 τῷ
410 5126 626 5198 σώματι
644 5126 738 5179 τοῦ
764 5125 996 5196 Χριστοῦ
1015 5122 1476 5192 κατανεκροῦσθαι
1503 5121 1668 5192 πάθη,
1687 5140 1810 5175 συν-

233 5220 411 5274 αθλεῖν
449 5219 504 5272 δέ
534 5219 725 5288 ὥσπερ
749 5217 897 5288 αὐτῷ
922 5217 1020 5286 τὴν
1053 5214 1323 5285 νηστείαν,
1358 5216 1438 5276 εἰς
1463 5213 1521 5267 τὸ
1559 5213 1808 5281 καθάπερ

230 5326 293 5363 ur.
321 5310 444 5380 βίας
473 5311 569 5364 καὶ
589 5310 837 5378 ἀνάγκης
859 5309 959 5378 τὴν
994 5308 1174 5378 σάρκα
1207 5305 1625 5376 καταξηραίνειν
1656 5321 1670 5336 ο
1707 5301 1809 5355 ποῦ

1917 4583 2004 4638 illo
2034 4583 2100 4638 ad
2134 4582 2298 4637 Deum
2326 4578 2602 4633 reformati
2641 4576 2874 4640 fuimus,
2895 4581 3119 4642 pr0pter
3159 4580 3482 4639 supernatu-

1918 4671 2080 4726 ralem
2123 4666 2632 4730 sanctificationom,
2661 4663 2928 4724 exstincta
2955 4661 3208 4727 deinceps
3239 4658 3292 4712 in
3319 4672 3482 4711 mem-

1916 4763 2025 4817 bris
2050 4759 2254 4826 nostris
2305 4757 2421 4828 lege
2476 4754 2705 4826 peccati.
2755 4752 2923 4808 Valde
2976 4749 3139 4828 igitur
3181 4745 3474 4826 absurdum

1915 4853 2121 4915 fuisset,
2150 4825 2213 4904 si
2237 4825 2569 4917 non‘potius
2607 4841 2903 4898 divinitatis
2939 4825 3137 4892 virtute
3178 4837 3229 4890 in
3279 4825 3479 4890 Christi

1915 4956 2140 5012 corpore
2165 4938 2503 4994 mortificata!
2539 4935 2768 4989 fuissent
2795 4931 3077 5002 passiones
3107 4969 3122 4993 ,
3165 4925 3258 4979 scd
3291 4923 3479 4990 jejunii

1915 5045 2068 5100 opem
2105 5029 2482 5098 implorasset,
2527 5034 2583 5078 ut
2634 5032 2888 5092 tanquam
2941 5020 2990 5072 vi
3049 5034 3111 5071 ac
3155 5015 3477 5068 necessitate

1916 5136 2133 5174 carnem
2153 5119 2476 5173 debilitaret.
2515 5115 2744 5170 Ubinam
2770 5113 2912 5167 enim
2945 5106 3298 5164 inhabitantis
3322 5104 3481 5158 Verbi

1917 5210 2216 5280 passiones,
2257 5207 2304 5262 si
2341 5215 2496 5274 prout
2552 5205 2706 5259 nobis
2752 5201 3038 5263 usuveuit,
3089 5196 3364 5251 laboribus
3416 5211 3475 5246 ac

1916 5299 2122 5369 jejunio
2155 5298 2432 5366 passiones
2457 5297 2702 5350 sedasset
2723 5294 2749 5347 ἳ-

227 5405 337 5479 γὰρ
368 5406 402 5475 ἡ
430 5405 516 5457 τοῦ
540 5403 878 5466 ἐνοικοῦντος
898 5401 1033 5455 Θεοῦ
1058 5402 1232 5470 Λόγου
1264 5400 1511 5468 δύναμις,
1531 5401 1579 5452 εί
1601 5399 1852 5464 καθάπερ
1881 5397 1965 5465 ἐφ’
2003 5396 2034 5463 ἡ
2046 5394 2160 5464 μῶν
2191 5391 2372 5457 πόνοις
2397 5392 2490 5445 καὶ
2546 5389 2768 5459 νηστείᾳ
2800 5388 2868 5440 τά
2905 5383 3051 5456 πάθη
3081 5379 3482 5451 κατηυνᾴζετοί

301 5584 386 5638 ⁸³1
421 5584 546 5641 Cor.
588 5600 679 5647 xv,
709 5584 799 5638 ‘25.

294 5768 374 5840 (ἰ)
414 5765 612 5822 Ἦλθε
656 5761 775 5832 μὲν
805 5791 873 5804 —-
925 5761 1336 5832 κατηυνὰζετο.
1387 5758 1508 5827 Mai,
1563 5759 1625 5815 Β.
1683 5758 1753 5813 Ν.
1798 5757 1859 5829 ll,
1903 5759 2026 5814 477.
