4058 6280
534 342 642 396 607

1556 348 1614 402 S.
1655 346 1696 400 C
1709 346 1930 402 HULLI
1955 346 2435 402 'ALEXANDRINI
2475 346 2794 404 ARCHIEP.

3671 345 3764 403 ιοε

535 462 682 526 quod
738 473 831 514 eos
912 459 1152 516 viderent
1212 461 1488 517 mit-uentis
1557 462 1788 518 illustres
1851 466 2100 520 evadere.

2215 465 2474 535 μαθητὰς,
2509 466 2746 536 ὁρῶντες
2775 469 2970 531 αὐτοὺς
3001 463 3486 537 λαμπρυνομένους
3509 466 3622 526 τοῖς
3641 465 3759 518 θαύο

606 626 794 698 Cyrilli
817 631 1024 685 exlibro
1051 648 1121 688 vn
1160 645 1435 688 comment.
1463 635 1516 689 in
1549 634 1740 690 Matth.
1765 636 2102 705 Evangelium

536 737 688 787 super
739 721 873 774 illud
898 737 917 774 :
943 723 1004 777 Si
1031 741 1122 795 ego
1151 725 1204 778 in
1262 723 1463 795 Spiritu
1494 727 1589 781 Dei
1633 727 1896 782 da'monia
1949 729 2102 797 ejicio

538 812 754 881 (Μαιιιι.
787 830 885 878 xu,
906 815 1022 883 εδ).

607 904 776 958 Nemo
834 907 1234 960 scamlalizetur
1283 909 1497 964 etiamsi
1562 911 1712 963 audit
1761 926 2101 964 communem

542 1005 782 1050 nostrum
818 995 1163 1051 Servatorem
1196 998 1468 1053 Christum
1532 999 1886 1054 aliirmantem
1943 1012 2104 1068 atque

538 1087 806 1140 dicentem
833 1103 892 1141 se
937 1089 986 1141 in
1030 1086 1232 1156 Spiritu
1261 1090 1350 1142 ι)ρὶ
1382 1090 1643 1144 daemonia
1677 1091 1893 1159 ejicere.
1916 1093 1994 1146 Ne
2031 1102 2103 1158 te,

539 1177 780 1246 inquam,
817 1183 1092 1248 perturbet
1125 1181 1290 1235 Filius
1324 1183 1509 1235 dicens
1544 1197 1603 1236 se
1642 1183 1692 1234 in
1730 1183 1930 1252 Spiritu
1971 1201 2102 1252 ope-

541 1269 644 1321 rari
683 1287 698 1334 ;
732 1272 1016 1324 considera
1050 1273 1258 1339 potius,
1299 1274 1421 1341 quis
1464 1283 1518 1328 et
1545 1290 1648 1343 qua
1685 1276 1752 1330 de
1791 1292 1847 1329 re
1885 1285 2010 1328 time
2041 1294 2104 1332 eo

540 1360 698 1414 modo
755 1359 965 1415 loeutus
1001 1363 1091 1415 sit.
1128 1361 1182 1415 In
1239 1379 1404 1418 carne
1438 1376 1554 1418 erat
1607 1379 1828 1435 propter
1880 1384 1976 1423 uos
2007 1412 2019 1423 .
2052 1379 2106 1424 et

539 1449 751 1516 Quidetn
782 1466 934 1518 teque
962 1467 1022 1505 ac
1055 1468 1152 1508 nos
1181 1455 1360 1520 homo,
1412 1456 1552 1508 haud
1593 1457 1760 1526 gloria
1791 1475 1910 1525 qua:
1940 1460 2107 1515 deita-

545 1547 648 1592 tem
697 1541 1015 1594 naturaliter
1071 1544 1336 1604 decebat.
1391 1547 1486 1599 sed
1519 1557 1725 1602 natura:
1775 1562 1974 1603 nostra:
2011 1550 2104 1603 vili

539 1639 591 1680 et
622 1630 808 1683 humili
841 1632 1006 1700 tigura
1033 1634 1270 1688 indutus.
1316 1637 1526 1690 Idcirco
1564 1653 1622 1691 se
1659 1639 1708 1692 in
1768 1639 1971 1710 Spiritu
2016 1641 2105 1696 Dei

539 1720 748 1786 operari
776 1721 874 1774 ait.
912 1721 1118 1793 Reapse
1163 1727 1304 1780 enim
1344 1742 1683 1796 nequaquam
1737 1731 1919 1785 carnis
1951 1741 2110 1784 natu-

544 1809 639 1862 rali
669 1815 1003 1878 operatione,
1051 1831 1224 1882 neque
1277 1819 1627 1874 humanitatis
1681 1822 1880 1876 virtute
1941 1824 2108 1876 vincit
2140 1806 2180 1861 Β

544 1897 798 1953 Satanam
854 1911 909 1956 et
969 1904 1230 1958 adversus
1283 1905 1561 1962 Beelzean
1615 1911 1892 1978 praevalet.
1958 1911 2106 1964 Alio-

543 1988 633 2054 qui
666 1990 856 2044 doceat
883 2008 980 2047 nos
1005 1994 1218 2062 aliquis,
1245 1997 1287 2050 si
1317 1997 1364 2050 ei
1392 1999 1543 2064 libet,
1569 2014 1666 2054 cor
1691 2001 1724 2054 ii
1743 2001 1835 2070 qui
1867 2000 2106 2072 34ml-

555 2079 668 2131 Iont
721 2091 1042 2146 potesmtem
1097 2085 1146 2137 in
1213 2085 1454 2155 impuros
1500 2089 1772 2149 danuones
1815 2107 2106 2157 exercere,

547 2167 926 2236 impediantur,
965 2171 1006 2224 si
1042 2171 1092 2225 id
1125 2188 1333 2229 corneae
1361 2187 1566 2232 naturm
1595 2195 1730 2249 opus
1761 2190 1863 2236 est.
1916 2181 2108 2238 Cuncti

545 2257 686 2309 enim
720 2259 770 2311 in
803 2273 965 2315 carne
991 2277 1195 2326 sumus,
1224 2281 1436 2332 unaque
1471 2268 1525 2320 in
1556 2271 1766 2325 cunctis
1799 2282 1880 2326 est
1920 2273 2111 2326 huma-

548 2348 738 2402 nitatis
784 2350 941 2403 ratio.
997 2349 1104 2406 Sed
1154 2369 1339 2408 revera
1393 2371 1566 2425 neque
1614 2361 1889 2430 proprium
1931 2363 2112 2416 carnis

547 2455 682 2507 opus
710 2448 812 2506 est,
853 2457 1026 2511 neque
1054 2456 1258 2499 naturae
1282 2445 1533 2504 humana:
1579 2451 1841 2506 adversus
1887 2452 2112 2520 spiritus

549 2533 840 2596 prawalere
869 2549 885 2599 ;
922 2535 1040 2588 ideo
1066 2551 1164 2590 nec
1197 2552 1387 2593 omnes
1417 2540 1466 2592 id
1493 2541 1712 2595 efﬁcere
1741 2553 1969 2612 queunt,
2018 2546 2111 2598 sed

547 2635 668 2674 eam
719 2636 829 2676 rem
878 2627 1156 2694 operantis
1202 2628 1381 2696 potius
1429 2628 1660 2698 Spiritus
1706 2632 1954 2688 effectum
1994 2650 2114 2690 esse

548 2712 932 2778 conspicimus.
981 2712 1117 2769 Vere
1148 2716 1330 2784 itaque
1385 2717 1642 2774 Servator
1684 2723 1858 2789 dixit,
1913 2735 2104 2792 quate-

545 2813 650 2854 nus
671 2815 800 2855 caro
832 2810 886 2856 et
921 2803 1081 2856 homo
1111 2805 1226 2874 ipse
1253 2806 1594 2876 intelligitur,
1625 2824 1759 2880 Opus
1796 2812 2106 2880 hujusmodi

547 2906 578 2943 a
618 2891 819 2960 Spiritu
852 2895 989 2958 tieri,
1017 2909 1122 2948 non
1159 2909 1285 2949 vero
1314 2913 1532 2952 carnem
1557 2905 1673 2956 sive
1717 2901 2108 2958 humanitatem

549 2983 806 3036 adversus
834 2987 1101 3039 dtemones
1127 2985 1173 3038 vi
1201 2987 1420 3056 pollere.
1473 2988 1730 3045 Sanctum
1776 2992 1894 3046 sine
1950 2995 2112 3049 dubio

543 3071 750 3128 Christi
785 3089 983 3145 corpus
1016 3084 1120 3140 est,
1149 3093 1472 3149 oumemque
1498 3082 1661 3136 habet
1691 3084 1953 3138 adversus
1990 3102 2110 3138 ont-

551 3181 673 3220 nem
699 3167 942 3221 morbum
967 3177 1305 3237 potestatem,
1347 3172 1440 3226 sed
1479 3181 1597 3227 erat
1621 3183 1810 3243 estque
1845 3185 2112 3241 sanctum,

555 3271 664 3314 non
717 3266 986 3326 quatenus
1034 3269 1316 3328 reputatur
1361 3263 1685 3331 simpliciter
1726 3280 1876 3330 caro,
1921 3266 1976 3322 in
2033 3268 2112 3320 sui

555 3345 750 3402 moduli
779 3347 991 3402 ratione
1020 3350 1366 3416 consistens;
1413 3353 1508 3406 sed
1548 3363 1816 3423 quatenus
1851 3357 2114 3425 templum

553 3437 1000 3492 rstinhabitantis
1017 3439 1067 3492 in
1085 3440 1198 3509 ipsa
1223 3440 1408 3506 Verbi,
1428 3445 1568 3511 quod
1590 3446 1865 3512 propriam
1893 3461 2112 3500 carnem

557 3523 862 3580 sanctiﬁcat
887 3541 981 3594 per
1010 3535 1258 3582 sanctum
1297 3527 1580 3596 Spiritum.
1628 3529 1820 3590 Aiebat
1841 3547 1970 3601 ergo
2008 3533 2121 3601 ipse

557 3615 609 3670 in
635 3627 730 3671 sua
762 3614 827 3667 ad
866 3616 1143 3670 cmlestent
1171 3615 1385 3671 Patrem
1433 3633 1532 3686 pro
1553 3619 1710 3674 nobis
1734 3619 2065 3677 allocutione
2103 3639 2116 3675 :

561 3724 580 3756 ι
614 3704 724 3775 Εεο
745 3706 1026 3764 sanctiﬁco
1043 3722 1126 3764 me
1151 3708 1348 3778 ipsum,
1380 3717 1436 3764 ut
1460 3709 1646 3765 sintet
1669 3710 1770 3782 ipsi
1803 3712 2118 3768 sanctiﬁcati

557 3797 718 3854 simul
749 3798 818 3851 “.
867 3817 887 3854 ι

563 4015 566 4018 ~
627 3989 698 4044 Et
722 4002 835 4058 post
867 3992 997 4048 alia.

626 4081 892 4150 Quoniam
933 4085 1098 4141 ﬁdem
1146 4087 1506 4144 incarnationi
1560 4087 1804 4158 prtebere
1858 4102 1965 4142 non
2024 4104 2123 4142 ex-

562 4173 896 4242 horrescitis,
931 4177 1120 4246 quidni
1179 4179 1528 4234 admiramini
1557 4181 1829 4234 hominem
1873 4195 2028 4250 teque
2058 4196 2122 4235 ac

555 4279 659 4320 eos
685 4265 910 4333 factum,
959 4267 1067 4338 35
1129 4281 1185 4323 ut
1229 4272 1371 4339 quod
1405 4281 1663 4340 tauquam
1694 4271 1836 4326 Deus
1867 4273 2118 4336 habebat,

558 4357 724 4411 nostri
745 4372 910 4413 causa
946 4400 961 4426 ,
987 4369 1253 4428 quatenus
1282 4363 1441 4415 homo
1465 4370 1605 4425 erat,
1655 4363 1944 4430 acciperet,
1987 4360 2120 4429 Spi-

2249 572 2397 610 ασιν.

2249 573 2397 610 ασιν.

2205 573 2244 624 μ
2270 649 2570 714 Κυρίλλου
2612 649 2680 701 ἐκ
2703 647 2808 704 τοῦ
2835 646 2879 707 ζ’
2911 648 3154 711 ,ϐιϐλιου
3190 650 3278 710 εἰς
3308 647 3374 700 τὸ
3410 647 3600 713 ῥητόν
3620 661 3632 674 ·
3703 651 3764 702 Εἰ

2200 736 2268 789 δὲ
2288 737 2355 790 ἐν
2391 740 2685 808 Πνεύματι
2735 739 2883 794 Θεοῦ
2913 736 3029 807 ἐγὼ
3072 736 3344 791 ἐκϐάλλω
3378 736 3452 791 τὰ
3477 736 3763 806 δαιμόνια.

2268 917 2687 974 Σκανδαλιστέον
2721 919 2797 985 (1)
2841 918 3092 987 οὐδαμῶς
3130 918 3179 972 εἰ
3228 916 3322 974 καὶ
3347 915 3664 970 statuamus
3691 935 3770 983 τις

2200 1005 2295 1058 τοῦ
2325 1007 2540 1062 πάντων
2585 1007 2743 1078 ἡμῶν
2776 1009 3029 1078 Σωτῆρος
3075 1006 3310 1077 Χριστοῦ
3357 1006 3772 1075 διαϐεϐαιουμέ-

2203 1115 2293 1150 νου
2317 1100 2410 1152 καὶ
2449 1100 2750 1166 φάσκοντος
2787 1100 3065 1166 Πνεύματι
3096 1099 3230 1154 Θεοῦ
3263 1098 3544 1152 ὲκὸάλλειν
3567 1099 3634 1151 τὰ
3663 1099 3773 1154 δαι-

2207 1190 2398 1260 μόνιαο
2439 1191 2513 1260 μὴ
2538 1191 2646 1259 γὰρ
2675 1191 2739 1260 δή
2779 1208 2838 1242 σε
2874 1189 3171 1260 θορυόείτω
3214 1190 3436 1256 λέγωνό
3473 1189 3600 1253 Υἱὸς
3637 1192 3776 1260 ἐνερ·

2205 1285 2319 1349 γεῖν
2367 1284 2423 1334 ὲν
2473 1281 2789 1349 Πνεύματι·
2825 1282 3182 1348 καταλογίξου
3217 1280 3274 1332 δὲ
3327 1279 3527 1349 μᾶλλον
3576 1281 3659 1343 τίς
3707 1280 3776 1333 ὣν

2205 1374 2314 1442 ἄρα
2348 1371 2442 1424 καὶ
2490 1374 2548 1424 ἐν
2596 1371 2736 1424 τίσιν
2772 1371 2834 1424 τὸ
2885 1370 3139 1441 τηνικάδε
3190 1368 3258 1424 τὰ
3309 1368 3535 1423 τοιαῦτά
3584 1385 3776 1437 φησιν’

2204 1460 2272 1534 ἦν
2306 1463 2403 1531 μὲν
2432 1462 2540 1532 γὰρ
2569 1463 2627 1514 ἐν
2659 1463 2821 1532 σαρκὶ
2857 1463 2924 1515 δι’
2957 1463 3102 1530 ἡμᾶς
3146 1477 3159 1492 ο
3200 1459 3331 1513 αὐτὸ
3369 1460 3432 1530 δὴ
3470 1459 3630 1512 τοῦτο
3663 1459 3779 1512 καθ’

2207 1555 2353 1626 ἡμᾶς
2392 1552 2677 1622 ἄνθρωπος
2705 1553 2806 1605 οὐκ
2839 1554 2896 1604 ὲν
2951 1550 3078 1622 δόξῃ
3111 1552 3178 1620 τῇ
3233 1550 3446 1618 θεότητι
3498 1549 3591 1601 καλ⁵
3637 1547 3782 1617 αὐτῷ

2209 1645 2493 1716 πρεπούσῃ
2553 1643 2822 1713 φυσικῶς,
2873 1644 3007 1696 ἀλλὰ
3051 1643 3151 1710 τῆς
3186 1643 3462 1712 ἡμετέρας
3489 1641 3708 1710 φύσεως
3729 1641 3786 1692 τ’)

2213 1735 2624 1805 σμικροπρεπὲς
2664 1734 2758 1787 καὶ
2801 1734 2862 1785 τὸ
2905 1735 3163 1788 ταπεινὸν
3206 1733 3366 1785 τοῦτο
3405 1731 3788 1802 περικείμενος

2211 1828 2392 1895 σχῆμα
2419 1842 2431 1855 ·
2476 1825 2566 1877 διὰ
2589 1825 2745 1878 τοῦτό
2774 1841 2936 1892 φησιν
2965 1827 3202 1894 ἐνεργεῖν
3228 1825 3285 1876 ὲν
3319 1822 3599 1892 Πνεύματι
3628 1820 3786 1873 Θεοῦ.

2209 1915 2318 1967 Καὶ
2348 1914 2457 1984 γάρ
2491 1931 2572 1967 τοι
2623 1912 2762 1966 κατὰ
2812 1912 2871 1964 τὸ
2917 1912 3114 1980 ἀληθὲς
3175 1911 3235 1963 οὺ
3281 1910 3482 1979 σαρκὸς
3536 1904 3790 1975 ἐνεργείᾳ

2209 2006 2411 2074 φυσικῇ
2459 2003 2554 2056 καὶ
2615 2001 3036 2072 ἀνθρωπότητος
3093 2001 3321 2070 δυνάμει
3377 1995 3648 2068 παραλύει
3702 1996 3790 2047 τὸν

2210 2097 2452 2152 Σατανᾶν
2495 2095 2588 2148 καὶ
2643 2093 2927 2163 κατισχύει
2953 2093 3046 2146 τοῦ
3079 2091 3435 2156 Βεελζεὸούλ*
3477 2089 3602 2141 ἐπεὶ
3645 2087 3791 2139 διδα-

2211 2187 2387 2242 σκέτω
2441 2203 2544 2250 τις,
2577 2187 2624 2238 εἰ
2647 2185 2936 2254 βούλεται,
2971 2185 3022 2237 τί
3063 2184 3124 2236 τὸ
3161 2182 3370 2236 κωλύον
3397 2182 3508 2242 τοῖς
3543 2177 3790 2231 ἐθέλουσι

2211 2275 2533 2345 προκεῖσθαι
2568 2274 2665 2344 τὴν
2697 2274 2949 2337 ἐξουσίαν
2997 2271 3096 2342 τὴν
3150 2271 3289 2324 κατὰ
3338 2268 3666 2338 πνευμάτων
3695 2306 3711 2328 ,
3747 2267 3792 2317 εἰ

2211 2365 2367 2418 τοῦτο
2430 2365 2641 2436 ἐνεργεῖ
2702 2363 2903 2432 σαρκὸς
2960 2361 3139 2430 φύσις.
3191 2360 3398 2423 Πάντες
3459 2357 3564 2429 γάρ
3623 2357 3793 2424 ἐσμεν

2211 2457 2269 2506 ἐν
2305 2455 2490 2525 σαρκὶ,
2520 2455 2614 2506 καὶ
2640 2449 2718 2517 εἷς
2749 2452 2890 2506 κατὰ
2934 2452 3152 2504 πάντων
3181 2452 3209 2502 ὁ
3237 2451 3335 2520 τῆς
3370 2447 3792 2518 ἁνθρωπότητος

2211 2547 2389 2613 λόγος.
2448 2545 2587 2597 Ἀλλ’
2627 2545 2750 2598 οὔτε
2805 2544 3004 2614 σαρκὸς
3041 2544 3198 2614 ἔργον
3245 2543 3456 2605 ἰδικῶς,
3504 2540 3630 2593 οῦτε
3693 2538 3793 2608 μὴν

2212 2634 2625 2706 ἀνθρωπὸτητος
2667 2633 2728 2686 τὸ
2783 2630 3106 2702 κατισχῦσαι
3150 2630 3506 2699 πνευμάτων,
3542 2629 3669 2681 ἐπεὶ
3722 2627 3790 2696 μὴ

2214 2727 2413 2789 πάντες
2442 2725 2734 2795 ἰσχύουσιν,
2777 2725 3055 2794 ἐνεργείας
3096 2723 3153 2776 δὲ
3190 2723 3386 2793 μᾶλλον
3431 2723 3625 2791 ὁρᾶται
3665 2736 3794 2773 κατ-

2212 2817 2435 2889 όρθωμα
2457 2817 2556 2886 τῆς
2585 2817 2672 2870 διὰ
2707 2815 3038 2885 ΙΙνεύματος.
3066 2813 3274 2866 Οὐκοῦν
3296 2811 3492 2882 ἀληθὲς
3514 2809 3741 2880 εἴρηκεν
3768 2811 3795 2862 ὁ

2213 2906 2402 2977 Σωτὴρ
2426 2905 2544 2959 καθ’
2561 2905 2589 2958 ὃ
2610 2908 2807 2957 νοεῖται
2836 2903 2971 2974 σὰρξ
3001 2903 3094 2956 καὶ
3117 2902 3423 2973 ἄνθρωπος,
3444 2903 3525 2954 ὅτι
3544 2901 3795 2967 [Ινεύμα-

2214 3015 2303 3059 τος
2326 2998 2484 3065 ἔργον
2513 2993 2600 3067 ἦν,
2630 2998 2723 3049 καὶ
2745 2995 2866 3065 οὐχὶ
2904 2995 2988 3048 διὰ
3021 2995 3117 3065 τῆς
3146 2994 3366 3064 σαρκὸς,
3393 2994 3563 3065 ἤγουν
3585 2993 3796 3063 ἀνθρω-

2218 3091 2469 3160 πῦτητος,
2502 3091 2536 3159 ἡ
2587 3088 2730 3142 κατὰ
2783 3087 2890 3140 τῶν
2940 3087 3209 3154 δαιμόνων
3250 3085 3422 3154 ἰσχύς.
3469 3085 3664 3151 "AT-20v
3704 3083 3795 3151 μὲν

2221 3183 2330 3252 γὰρ
2360 3180 2805 3251 ὁμολογουμένως
2837 3179 2984 3231 ἐστὶν
3019 3178 3082 3230 τὸ
3115 3177 3272 3245 σῶμα
3299 3176 3393 3229 τοῦ
3419 3174 3684 3247 Χριστοῦ,
3710 3174 3796 3226 καὶ

2221 3272 2401 3324 πᾶσαν
2449 3270 2572 3339 ἕχον
2623 3267 2764 3321 κατὰ
2815 3268 2998 3338 πάσης
3037 3267 3195 3319 νόσου
3243 3266 3342 3336 τὴν
3382 3266 3611 3334 δύναμιν
3642 3282 3654 3292 ·
3685 3261 3794 3316 ἀλλ’

2220 3357 2286 3432 ἦν
2325 3379 2382 3414 τε
2409 3362 2501 3414 καὶ
2533 3361 2680 3413 ἔστιν
2733 3359 2908 3427 ἅγιον,
2951 3359 3050 3411 οὐκ
3089 3359 3320 3428 ἐπεξπερ
3370 3357 3556 3419 ἁπλῶς
3594 3357 3794 3408 νοεῖται

2224 3448 2378 3519 σὰρξ,
2407 3451 2464 3502 ὲν
2499 3451 2677 3519 μόνοις
2711 3445 2846 3502 οὖσα
2877 3452 2989 3511 τοῖς
3014 3449 3164 3510 ἰδίοις
3191 3447 3389 3515 λόγοις,
3423 3446 3536 3498 ἀλλ’
3566 3446 3647 3498 ὅτι
3675 3444 3794 3504 ναός

2221 3542 2338 3594 ἐστι
2366 3541 2459 3595 τοῦ
2485 3539 2866 3604 κατοικοῦντος
2904 3542 2961 3593 ὲν
2988 3540 3124 3609 αὐτῇ
3155 3537 3290 3591 Θεοῦ
3317 3538 3514 3606 Λόγου,
3544 3535 3794 3603 ἁγιάζον-

2221 3631 2312 3694 τός
2356 3647 2416 3683 τε
2468 3631 2564 3700 τὴν
2608 3630 2744 3682 ἰδίαν
2793 3630 2972 3700 σάρκα
3006 3629 3092 3682 διὰ
3137 3629 3233 3682 τοῦ
3269 3629 3425 3698 ἁγίου
3456 3627 3789 3695 Πνεύματος.

2227 3722 2373 3791 Ἔφη
2397 3720 2526 3788 γοῦν
2564 3720 2724 3782 αὐτὸς
2766 3721 2902 3790 πρὸς
2937 3720 3028 3773 τὸν
3071 3723 3127 3773 ὲν
3163 3723 3277 3783 τοῖς
3299 3720 3548 3790 οὐρανοῖς
3579 3718 3792 3784 Πατέρα

2223 3813 2320 3875 τὰς
2339 3812 2606 3879 διαλέξεις
2624 3811 2944 3882 ποιούμενος
2965 3812 3102 3882 ὑπὲρ
3122 3812 3301 3864 αὐτῶν
3328 3829 3341 3841 ο
3367 3829 3384 3861 ι
3421 3808 3565 3878 Ἐγὼ
3586 3809 3791 3877 ἁγιάζω

2224 3902 2489 3973 ἐμαυτὸν,
2534 3903 2619 3955 ἵνα
2660 3896 2761 3955 ὦσι
2789 3903 2884 3955 καὶ
2934 3901 3086 3956 αὐτοὶ
3115 3901 3436 3972 ἡγιασμένοι
3471 3901 3550 3964 εἰς
3572 3900 3652 3953 ἓν.
3700 3917 3719 3949 ι

2296 3993 2403 4048 Καὶ
2425 3993 2554 4062 μεθ’
2582 3993 2772 4062 ἕτερα.
3051 4043 3054 4046 .

2308 4084 2450 4138 ‘AVO‘
2501 4085 2622 4138 ὅτου
2675 4083 2738 4154 δὴ
2781 4082 2920 4154 μετὰ
2963 4083 3164 4154 σαρκὸς
3201 4082 3515 4152 οἰκονομίαν
3541 4081 3602 4134 οὐ
3631 4097 3790 4134 κατα-

2225 4175 2522 4246 πέπληχθε,
2579 4175 2782 4245 φησιν,
2816 4175 2902 4228 διὰ
2956 4174 3010 4227 τί
3057 4175 3131 4246 μὴ
3177 4173 3490 4244 Θαυμὰζετε
3539 4172 3632 4224 τὸν
3676 4169 3789 4223 καθ’

2225 4269 2371 4339 ἡμᾶς
2400 4267 2691 4335 γενόμενον
2737 4265 3021 4336 ἄνθρωπον
3049 4308 3062 4328 ,
3099 4265 3185 4318 ἵνα
3221 4265 3357 4335 ὅπερ
3387 4263 3500 4333 ἔχει
3553 4262 3788 4331 φυσικῶς

2209 4358 2298 4422 ὡς
2331 4356 2482 4422 Θεὸς,
2510 4354 2689 4408 λαϐὼν
2716 4355 2785 4409 δι’
2828 4357 2976 4426 ἡμᾶς
3019 4357 3094 4419 ὡς
3141 4355 3446 4426 ἄνθρωπος,
3482 4357 3626 4424 φημὶ
3655 4353 3702 4405 δὲ
3733 4353 3790 4404 τὸ

559 4449 720 4499 ritm
751 4449 989 4517 inquam,
1019 4450 1172 4516 cujus
1193 4453 1424 4518 gratiam
1455 4451 1519 4504 ad
1561 4466 1658 4506 nos
1693 4451 2113 4506 transmittereti

2230 4449 2474 4519 Πνεῦμα,
2511 4447 2855 4519 παραπέμψῃ
2905 4448 3000 4500 καὶ
3049 4449 3131 4510 εἰς
3171 4449 3318 4518 ἡμᾶς
3348 4446 3446 4518 τὴν
3469 4447 3660 4517 χάριν;
3689 4445 3786 4512 Ζη-

561 4535 769 4592 Etenim
799 4552 923 4591 cum
955 4536 1190 4606 Spiritus
1215 4542 1445 4609 gratiam
1467 4580 1482 4605 ,
1523 4542 1596 4595 ob
1640 4543 1914 4611 antiquam
1943 4552 2121 4598 trans-

559 4629 894 4696 gressionem
953 4638 1143 4684 natura
1176 4633 1484 4698 amisisset,
1546 4648 1732 4687 rursus
1772 4649 1889 4688 eain
1929 4637 2122 4704 adepta

558 4730 642 4773 est
685 4733 780 4788 per
815 4720 1050 4788 primum
1079 4731 1136 4776 et
1159 4722 1210 4775 in
1241 4737 1351 4793 quo
1383 4723 1558 4793 primo
1602 4721 1704 4777 fuit
1739 4723 1979 4778 Christo.
2027 4724 2126 4779 Hic

556 4814 703 4868 enim
744 4814 997 4884 apparuit
1025 4813 1265 4874 emlustis
1299 4816 1458 4869 homo
1481 4855 1496 4880 ,
1539 4814 1778 4868 Adamus
1813 4814 1975 4877 alter,
2018 4815 2112 4884 qui

558 4904 660 4959 sibi
695 4904 982 4960 humanam
1024 4913 1274 4960 naturam
1315 4905 1636 4960 instauravit
1685 4908 1753 4960 ad
1802 4907 1925 4960 vita:
1968 4906 2121 4960 novi-

562 5008 747 5054 tatem.
781 4997 912 5053 Cum
937 5011 1067 5064 ergo
1096 5013 1308 5067 semper
1334 4999 1529 5052 habeat
1551 4998 1827 5066 proprium
1860 4997 2122 5067 Spiritum

563 5090 816 5145 Chrisws
845 5129 861 5154 ,
914 5101 1181 5160 quatenus
1218 5090 1537 5160 intelligitur
1589 5097 1644 5142 et
1683 5097 1766 5142 est
1809 5089 2130 5143 naturaliter

527 5186 720 5242 imus.
762 5181 855 5250 qui
897 5181 1065 5236 etiam
1116 5181 1261 5235 illum
1321 5181 1560 5250 recipere
1599 5181 1798 5236 dicitur
1847 5191 2116 5250 quaternis

563 5280 723 5332 homo
745 5286 850 5342 est,
894 5274 1137 5344 profecto
1182 5275 1429 5345 pervenit
1488 5275 1537 5330 in
1596 5289 1692 5331 nos
1757 5289 1975 5343 regnum
2011 5272 2124 5326 Dei.

632 5451 674 5482 “
703 5447 858 5502 Joan.
897 5465 1026 5513 n’tt,
1059 5449 1142 5504 i9.

2235 4541 2498 4612 μιωθεῖσα
2526 4540 2637 4610 γὰρ
2664 4541 2697 4612 ἡ
2734 4539 2895 4609 φύσις
2919 4540 3015 4611 τὴν
3042 4539 3134 4593 τοῦ
3172 4537 3491 4608 Πνεύματος
3521 4539 3676 4609 χάριν
3705 4533 3789 4588 διὰ

2225 4632 2326 4702 τὴν
2363 4634 2421 4685 ὲν
2458 4632 2601 4702 ἀρχῇ
2656 4630 2990 4700 παράϐασιν,
3043 4628 3389 4696 πεπλούτηκε
3424 4629 3589 4681 πάλιν
3630 4624 3784 4693 αὐτὴν

2223 4721 2312 4776 διὰ
2351 4721 2564 4792 πρώτου
2603 4737 2662 4774 τε
2693 4721 2786 4773 καὶ
2827 4722 2883 4774 ὲν
2929 4719 3132 4791 πρώτῳ
3173 4717 3414 4790 Χριστῷ.
3451 4720 3660 4788 Πέφηνε
3687 4714 3789 4783 γὰρ

2219 4813 2475 4883 οὐράνιος
2527 4811 2810 4882 ἄνθρωπος
2853 4812 2944 4863 καὶ
2972 4809 3219 4881 δεύτερος
3271 4809 3444 4878 Ἀδὰμ
3495 4805 3793 4867 ἀνακτίζων

2227 4903 2404 4974 ἑαυτῷ
2436 4904 2534 4973 τὴν
2567 4902 2728 4970 φύσιν
2755 4903 2836 4964 εἰς
2882 4901 3173 4971 καινότητα
3209 4899 3378 4969 ζωῆς.
3411 4900 3664 4968 Ἔχοντος
3694 4893 3796 4945 τοὶ-

2225 5013 2318 5049 νυν
2344 4995 2430 5048 ἀεὶ
2463 4995 2523 5046 τὸ
2556 4993 2686 5046 ἴδιον
2719 4992 2942 5063 Πνεῦμα
2972 4990 3232 5062 Χριστοῦ,
3266 4989 3388 5044 καθ’
3426 4991 3456 5044 ὃ
3481 4992 3676 5043 νοεῖται
3703 4984 3791 5036 καὶ

2224 5089 2340 5140 ἐστι
2372 5086 2502 5150 Θεὸς
2536 5086 2676 5139 κατὰ
2712 5086 2870 5154 φύσιν
2895 5125 2910 5145 ,
2941 5083 3234 5152 λεγομένου
3267 5100 3326 5136 τε
3357 5081 3543 5134 λαϐεῖν
3637 5079 3787 5146 γέγοο

2225 5195 2311 5233 νεν
2365 5177 2678 5248 ἄνϐρωπος,
2719 5176 2952 5246 ἔφθασεν
3005 5177 3088 5243 ἐφ’
3129 5176 3277 5244 ἡμᾶς
3340 5175 3373 5245 ἡ
3426 5173 3662 5241 βασιλεὶα
3697 5163 3788 5218 τοῦ

2225 5267 2382 5322 Θεοῦ.
2431 5269 2502 5320 Τὸ
2546 5267 2652 5342 γὰρ
2715 5268 2974 5339 μετόχους
3033 5266 3281 5335 γενέσθαι
3328 5263 3422 5318 τοῦ
3461 5263 3783 5332 Πνεύματοςι

629 5612 704 5678 tl)
738 5606 1240 5661 Σκανδαλιστέον.
1269 5608 1644 5677 Fragmentum
1674 5609 1770 5661 hoc
1800 5624 1920 5659 eum
1955 5608 2124 5663 triizns
2169 5605 2516 5674 sequentibus
2548 5605 2712 5657 edidit
2748 5605 2861 5672 Aug
2915 5602 3019 5658 Mai
3047 5604 3096 5656 in
3135 5601 3273 5656 Bibl.
3343 5619 3474 5656 novo
3555 5596 3774 5651 Patrum.

570 5681 634 5745 n,
671 5678 798 5732 ne.
