4058 6280
289 347 390 402 ιιςο

1451 344 1810 402 ΕΟΜΜΕΝΤ.
1851 345 1920 401 ιη
1959 343 2398 400 MATTHASUM.

3436 342 3542 398 διο

287 465 438 520 οὐδὲν
469 463 658 534 ἓτερον
708 461 772 515 ἂν
817 459 904 532 εἴη
930 461 1136 527 λοιπὸν,
1181 462 1216 531 ἢ
1260 466 1556 534 μετασχεῖν
1583 464 1860 535 βασιλείας

1980 465 2096 518 tiam
2123 465 2413 534 participes
2448 477 2544 517 nos
2587 461 2701 514 lieri
2726 461 2991 530 Spiritus,
3040 461 3176 516 nihil
3210 461 3356 514 aliud
3377 475 3542 528 porro

287 556 446 609 θεοῦ.

357 665 661 730 Κυρίλνιου
701 664 771 716 ἐκ
821 663 929 716 τοῦ
979 665 1166 719 αὐτοῦ
1213 667 1299 730 εἰς
1340 666 1407 719 τὸ
1444 667 1637 734 ῥητόν
1663 683 1675 697 ·
1706 686 1721 716 ι
1754 665 1863 720 Kal

291 757 356 820 ὃς
389 754 466 807 ἂν
491 755 632 821 εἴπῃ
663 756 848 822 λόγον
874 755 1024 808 κατὰ
1051 754 1158 808 τοῦ
1209 755 1346 810 Υἱοῦ
1389 757 1496 811 τοῦ
1525 755 1860 826 ἀνθρώπου,

290 843 646 913 ὰρεθήσεται
677 843 854 906 αὐτῷ.
886 865 904 893 ι

360 935 632 1003 Ἀῥρητον
672 931 810 1002 ἔχων
837 934 936 999 τὴν
961 935 1024 987 ὲκ
1059 933 1192 988 Θεοῦ
1225 936 1440 1006 Πατρὸς
1480 935 1862 1005 γέννησιν,διά

290 1043 346 1079 τε
368 1026 524 1078 τοῦτο
554 1027 814 1095 ὑπάρχων
843 1025 975 1090 Θεὸς
1009 1028 1148 1080 κατὰ
1175 1029 1335 1098 φύσιν
1365 1031 1392 1081 ὁ
1412 1028 1860 1100 Μονογενὴς,τὴν

292 1116 632 1187 ἀνθρωπείαν
657 1117 822 1170 ὑπέδυ
858 1119 1096 1188 μορφὴν,
1137 1120 1231 1170 καὶ
1264 1119 1552 1187 γεγένηται
1585 1119 1864 1189 καθ’ήμᾶς

292 1209 353 1259 ἐκ
375 1208 651 1275 γυναικὸς,
683 1209 774 1261 καὶ
820 1208 1044 1276 γέγονεν
1089 1209 1195 1261 ὑπὸ
1242 1211 1424 1280 νόμον,
1454 1210 1630 1262 καίτοι
1660 1209 1754 1264 τοῦ
1781 1211 1866 1262 νό-

296 1315 389 1365 μου
447 1297 651 1367 Κύριος
684 1297 758 1350 ὣν
789 1338 803 1362 ,
836 1299 931 1351 καὶ
962 1300 1368 1368 κεχρημάτικεν
1410 1299 1592 1362 δοῦλος
1618 1302 1645 1351 ὁ
1688 1301 1864 1354 πάντα

293 1387 393 1438 ὑπὸ
433 1387 600 1449 πόδας
656 1388 793 1456 ἔχων
829 1388 924 1439 καὶ
968 1389 1088 1448 ταῖς
1122 1388 1380 1439 ἀνωτάτω
1429 1387 1720 1455 δυνάμεσιν
1766 1390 1863 1440 επ-

291 1478 578 1546 οχούμενος
617 1491 631 1506 ’
663 1479 756 1530 καὶ
812 1477 1068 1530 καθίκετο
1104 1478 1201 1545 μὲν
1248 1479 1306 1528 ὲν
1353 1477 1488 1547 τῷδε
1542 1477 1620 1547 τῷ
1653 1477 1864 1546 κόσμῳ,

291 1567 518 1635 δύναμιν
552 1571 650 1636 μὲν
692 1566 831 1635 ἔχων
867 1566 964 1636 τὴν
993 1565 1143 1635 αὐτῷ
1193 1567 1673 1636 πρεπωδεστάτην,
1698 1583 1862 1620 κατα-

293 1657 549 1727 κρύπτων
577 1657 622 1708 δ’
662 1653 755 1711 οὖν
787 1659 936 1727 ὅμως
964 1660 1064 1727 τῆς
1100 1657 1236 1720 ἰδίας
1275 1657 1489 1724 φύσεως
1512 1659 1726 1725 ἀξίωμα
1746 1659 1863 1720 ταῖς

291 1746 659 1816 ἀνθρωπίναις
715 1748 1232 1818 σμικροπρεπείαις,
1275 1750 1369 1801 καὶ
1405 1751 1471 1817 τῇ
1521 1749 1622 1815 τῆς
1667 1749 1865 1816 σαρκὸς

293 1838 578 1908 περιϐολῇ.
617 1838 915 1902 Κενώσεως
939 1841 1046 1910 γὰρ
1068 1834 1133 1909 ἦν
1157 1839 1365 1908 καιρὸς,
1393 1839 1486 1890 καὶ
1518 1840 1614 1908 τῆς
1635 1837 1728 1890 τοῦ
1753 1838 1873 1890 δού-

292 1929 383 1984 λου
416 1931 632 2000 μορφῆς
660 1932 722 1984 τὸ
757 1931 879 1985 καθ’
911 1933 1060 2000 ἡμᾶς
1090 1931 1262 1983 ἐδεῖτο
1299 1934 1619 2000 μυστήριον,
1663 1933 1748 1983 ἵνα
1778 1931 1871 1982 καὶ

287 2021 379 2072 τὶν
424 2021 607 2089 τίμιον
665 2022 803 2092 ὑπὲρ
839 2022 996 2091 ἡμῶν
1051 2021 1321 2091 ὑπομείνῃ
1375 2023 1628 2090 σταυρὸν,
1665 2021 1757 2073 καὶ
1790 2018 1867 2089 τῷ

291 2109 511 2180 θανάτῳ
546 2111 648 2180 τῆς
679 2111 816 2174 ιδίας
843 2110 1044 2182 σαρκὸς
1081 2111 1171 2163 τὸν
1201 2111 1456 2164 ἁπάντων
1495 2111 1681 2182 κτείνῃ
1707 2110 1867 2162 θάνα-

291 2222 398 2257 τον.
454 2205 754 2272 Ἀναγκαία
800 2203 1090 2273 τοιγαροῦν
1147 2205 1180 2274 ἠ
1241 2204 1507 2267 κένωσις,
1542 2203 1635 2254 καὶ
1691 2203 1720 2254 ὁ
1765 2203 1864 2270 τῆς

288 2295 508 2360 ἀδοξίας
540 2296 728 2365 καιρὸς
756 2296 854 2365 τῆς
893 2297 978 2348 διὰ
1016 2295 1112 2365 τὴν
1136 2297 1330 2366 σάρκα.
1362 2296 1468 2348 Καὶ
1501 2291 1568 2364 ἦν
1599 2293 1687 2347 διὰ
1712 2292 1871 2346 τοῦτο

291 2390 444 2458 παρὰ
479 2388 694 2450 πολλοῖς
727 2385 1045 2458 ἀσυμφανὲς
1084 2389 1144 2439 τὸ
1176 2388 1496 2457 μυστήριον.

367 2494 679 2563 Κυρίλλου
719 2498 788 2550 ἐκ
826 2497 931 2550 τοῦ
969 2496 1175 2550 αὑτοῦ.

365 2583 503 2640 Εἶτα
529 2588 646 2650 πῶς
683 2588 762 2640 ἔτι
798 2587 1016 2658 νοηθείη
1050 2588 1136 2654 ἂν,
1177 2589 1318 2642 κατά
1348 2605 1410 2655 γε
1441 2590 1533 2640 τὸν
1566 2588 1750 2640 εἰκότα
1779 2583 1871 2637 λοι

289 2679 516 2746 γισμὸν,
559 2678 786 2746 φυσικὸν
813 2679 868 2729 ἐν
910 2679 1037 2747 ἡμῖν
1079 2678 1112 2743 ἢ
1146 2679 1206 2729 τὸ
1233 2678 1435 2746 ἀγαθὸν
1476 2679 1508 2747 ἢ
1546 2679 1600 2730 τὸ
1651 2677 1871 2746 φαῦλον,

289 2769 390 2820 καὶ
439 2769 562 2837 οὐχὶ
613 2768 676 2838 δὴ
734 2769 931 2838 μᾶλλον
969 2769 1273 2822 ἐθελούσιον
1310 2769 1405 2823 καὶ
1449 2771 1505 2821 ἐν
1555 2769 1873 2840 προαιρέσει

290 2864 356 2930 τῇ
389 2861 623 2913 ἑκάστου
675 2863 962 2930 κείμενον;
997 2863 1152 2934 εἴπερ
1179 2862 1344 2932 οὔσης
1389 2865 1516 2931 μιᾶς
1541 2862 1638 2931 τῆς
1667 2860 1875 2931 ἀνθρὼο

294 2967 404 3001 που
431 2949 664 3016 φύσεως,
708 2953 801 3004 καὶ
844 2951 941 3005 ἕνα
985 2952 1124 3005 κατὰ
1158 2953 1352 3015 παντὸς
1384 2952 1476 3005 τοῦ
1509 2951 1838 3021 γένουςὲχού
1860 2981 1872 2988 -

298 3055 396 3108 aq;
427 3039 570 3108 ὅρον,
609 3041 656 3090 0i
709 3041 808 3110 μὲν
841 3043 979 3094 εἰσὶν
1005 3043 1200 3110 ἀγαθοὶ
1235 3045 1334 3113 τὴν
1369 3044 1482 3107 ἓξιν
1503 3085 1516 3108 ,
1553 3044 1778 3113 πονηροὶ
1815 3043 1871 3094 δὲ

1965 558 2091 618 erit,
2121 570 2282 624 quam
2312 569 2532 622 regnum
2567 553 2658 607 Dei
2696 552 3046 622 participare.

2025 665 2301 735 Cyrilliex
2343 665 2520 718 eodem
2567 664 2700 716 libro
2739 679 2896 730 super
2944 661 3079 712 illud
3119 675 3136 711 :
3181 679 3199 711 ι
3231 660 3541 730 Quicunque

1965 760 2157 812 dixerit
2193 763 2397 811 verbum
2430 767 2610 810 contra
2653 739 2850 808 Filium
2888 754 3134 817 hominis,
3172 755 3457 805 remittetur
3490 755 3537 806 ei

1967 852 2179 922 (Matth.
2211 867 2320 910 xu.
2357 850 2470 918 δε).
2519 869 2537 901 ι

2037 945 2139 1008 Qui
2186 942 2509 995 iuell'abilem
2558 941 2780 994 sortitus
2817 949 2903 993 est
2949 955 2980 992 a
3022 938 3181 993 Patre
3234 938 3340 990 Deo
3393 937 3538 992 nati-

1967 1035 2210 1098 vitatem,
2246 1033 2469 1099 ideoque
2505 1032 2643 1084 Deus
2676 1033 3040 1099 homogeneus
3076 1031 3400 1082 naturaliter
3425 1039 3534 1094 est,

1967 1125 2255 1178 humanam
2298 1124 2460 1176 subiit
2499 1122 2751 1189 figuram,
2803 1122 2978 1176 factus
3020 1124 3118 1175 sub
3166 1122 3301 1192 lege,
3361 1136 3540 1188 quan-

1968 1231 2127 1282 quam
2175 1215 2303 1282 legis
2343 1212 2599 1267 Dominus
2629 1224 2768 1266 esset
2801 1229 2816 1266 :
2850 1220 2904 1265 et
2949 1213 3013 1264 ad
3057 1211 3311 1265 servilem
3354 1211 3542 1262 condi—

1971 1308 2171 1361 tionem
2223 1320 2283 1360 se
2342 1305 2593 1365 demisit,
2626 1305 2716 1372 qui
2761 1305 2936 1356 omnia
2991 1304 3214 1371 pedibus
3268 1305 3542 1370 supposita

1969 1399 2236 1463 habebat,
2287 1406 2340 1451 et
2407 1413 2438 1449 a
2504 1397 2752 1464 supernis
2809 1395 3094 1449 virtutibus
3157 1396 3475 1464 gestabatur
3525 1412 3538 1446 :

1968 1491 2222 1557 venitque
2286 1489 2338 1541 in
2378 1488 2521 1541 hunc
2559 1489 2854 1547 mundum,
2879 1486 3132 1538 virtutem
3187 1487 3403 1554 quidem
3439 1485 3541 1538 sibi

1968 1579 2539 1633 convenientissimam
2633 1579 2860 1640 habens,
2911 1577 3224 1644 dignitatem
3272 1575 3546 1628 nihilomi-

1973 1688 2072 1725 nus
2117 1682 2324 1724 naturte
2384 1686 2496 1722 sua:
2557 1670 2739 1721 celans
2778 1667 3030 1721 humanis
3084 1667 3436 1734 parvitatibns
3490 1675 3544 1718 et

1974 1763 2155 1816 carnis
2203 1762 2539 1814 indumento.
2599 1760 2727 1812 Erat
2777 1759 2918 1810 enim
2958 1757 3344 1809 exiuanitionis
3405 1767 3541 1808 tem-

1976 1869 2118 1922 pus;
2151 1851 2258 1922 36
2292 1853 2592 1918 egebatque
2635 1849 2776 1902 servi
2837 1847 3015 1914 specie
3057 1847 3366 1915 mysterium
3422 1862 3544 1914 pro—

1969 1955 2089 2012 pter
2136 1959 2232 1996 nos
2286 1943 2684 2012 peragendum,
2718 1948 2774 1990 ut
2814 1947 2867 1990 et
2912 1938 3270 1990 venerandam
3307 1952 3402 2003 pro
3453 1952 3544 1989 uo-

1968 2037 2049 2091 bis
2096 2044 2378 2103 pateretur
2430 2045 2684 2092 erucem,
2735 2040 2788 2083 et
2835 2044 2945 2082 sua:
2981 2029 3163 2081 carnis
3209 2037 3382 2081 morte
3420 2028 3542 2078 uni-

1973 2127 2235 2180 versalem
2295 2132 2524 2178 mortem
2597 2122 2909 2189 perimeret.
2965 2117 3291 2173 Necessaria
3361 2119 3544 2184 itaque

1973 2217 2074 2271 luit
2106 2215 2409 2270 exinanitio
2446 2223 2500 2268 et
2561 2213 2869 2284 ignominiae
2911 2227 3005 2279 per
3048 2224 3266 2264 carnem
3304 2211 3540 2263 occasio.

1975 2306 2337 2374 Quamobrem
2380 2305 2560 2358 multis
2590 2313 2706 2355 erat.
2732 2302 3018 2356 obscurum
3057 2300 3392 2370 nzystcrium.

2044 2499 2229 2568 Cyrilti
2255 2516 2317 2552 ea:
2351 2499 2528 2551 eodem
2556 2497 2708 2549 libro.
2743 2495 2956 2564 (.llultlt.
2989 2510 3084 2552 xu.
3115 2495 3224 2561 55.)

2050 2591 2251 2645 Deinde
2293 2589 2563 2658 quomodo
2603 2587 2752 2652 jusm
2797 2585 2944 2640 certe
2993 2587 3278 2637 ratiocinio
3318 2582 3542 2652 cogitari

1979 2683 2175 2752 poterit
2217 2681 2463 2734 naturale
2498 2694 2620 2732 csse
2655 2677 2808 2730 nobis
2840 2676 3037 2730 bonum
3071 2676 3155 2727 vel
3201 2674 3394 2726 malum
3425 2715 3439 2738 ,
3494 2683 3549 2726 et

1981 2791 2086 2827 non
2106 2773 2466 2825 voluntarimu
2505 2771 2690 2840 potius
2719 2780 2880 2836 atque
2911 2768 2961 2820 in
2997 2767 3254 2834 cujusque
3278 2766 3548 2819 electione

1981 2867 2262 2934 pnsiltllll?
2337 2863 2767 2932 quandoquidem
2811 2877 2912 2913 una
2966 2860 3204 2914 hominis
3253 2859 3549 2912 exsistente

1984 2971 2196 3023 natura,
2233 2973 2505 3024 tunnuque
2540 2957 2591 3008 iu
2631 2956 2883 3008 universo
2913 2967 3109 3022 genere
3143 2951 3414 3004 modulum
3447 2951 3546 3002 lia-

1984 3051 2165 3110 bn-nte,
2197 3047 2284 3099 alii
2321 3046 2532 3114 quidem
2573 3044 2730 3098 bonis
2772 3044 3011 3096 moribus
3041 3050 3185 3104 sunt,
3215 3041 3302 3091 alii
3343 3038 3546 3106 pravis.

296 3130 478 3200 ἕτεροι
503 3145 516 3158 ⁸
550 3129 827 3201 δ.αῳέρειν
851 3132 905 3184 δὲ
936 3133 1186 3203 οὐδαμῶς
1220 3137 1253 3202 ἡ
1289 3133 1573 3206 ανθρώπου
1621 3135 1779 3201 φύσις
1805 3134 1875 3198 ὡς

1985 3137 2166 3206 Neque
2200 3139 2402 3189 idcirco
2445 3134 2676 3186 hominis
2729 3143 2921 3184 natura
2982 3130 3243 3182 adversus
3278 3130 3546 3195 propriam

296 3222 440 3291 πρὸς
478 3221 640 3284 ἰδίους
683 3225 876 3292 ὁρᾶται
917 3225 1125 3292 λόγους,
1149 3227 1269 3278 οὐδὲ
1293 3227 1604 3297 μαχομένην
1625 3225 1736 3295 ἔχει
1766 3228 1878 3288 τοῖς

295 3313 507 3381 ἑαυτῆς
540 3313 792 3383 ἔδιώμασι
828 3317 926 3385 τὴν
961 3319 1330 3386 κατασκευήν.

374 3402 546 3454 Ὅταν
593 3419 678 3466 τις
729 3405 808 3466 εἰς
851 3404 1135 3476 ἄνθρωπον
1177 3407 1499 3476 ἡμάρτανε,
1539 3405 1760 3457 δυνατὸν
1813 3400 1880 3474 ἦν

296 3491 403 3542 ὐπὲ
422 3508 450 3561 ρ
485 3493 648 3546 αὑτοῦ
688 3497 1064 3566 παρακαλέσαι
1085 3496 1174 3548 τὸν
1199 3497 1350 3548 Θεόν·
1371 3497 1500 3548 ὅταν
1525 3495 1581 3547 δὲ
1613 3498 1690 3558 εἰς
1720 3495 1880 3548 αὐτὸν

294 3582 345 3632 οἱ
389 3582 671 3652 ἄνθρωποι
715 3585 1119 3654 ἐϐλασφήμουν,
1163 3587 1264 3639 οὐκ
1325 3585 1448 3656 ἐξῆν
1500 3585 1880 3656 παρακαλέσαι

294 3671 448 3739 ὑπὲρ
478 3669 675 3723 αὐτῶν.
705 3673 848 3743 Πλὴν
881 3673 1067 3743 ἐπειδὴ
1095 3673 1169 3736 ὡς
1201 3674 1487 3744 ἄνθρωπος
1529 3673 1803 3743 ὁρώμενος
1854 3674 1881 3725 ὁ

291 3761 402 3813 τοῦ
452 3761 586 3814 Θεοῦ
623 3764 770 3828 Υἱὸς,
803 3767 852 3817 εἰ
907 3766 998 3818 καὶ
1041 3765 1198 3833 φύσει
1233 3765 1366 3827 Θεὸς
1415 3761 1506 3836 ἦν,
1545 3766 1605 3818 οὐ
1641 3765 1781 3818 πάνυ
1829 3781 1880 3816 τι

293 3855 423 3913 τοῖς
454 3853 734 3918 ἁσυνέτοις
783 3857 1128 3928 ἐγνωρίζετο,
1165 3856 1379 3909 δίδωσιν
1423 3855 1534 3908 ἐσθ’
1563 3858 1649 3908 ὅτε
1683 3858 1794 3917 τοῖς
1824 3855 1881 3920 ἐξ

294 3945 536 4012 ἀγνοίας
567 3945 966 4016 ἁμαρτάνουσιν
999 3950 1076 4010 είς
1105 3949 1267 4001 αὑτὸν
1301 3946 1630 4018 συγγνώμην
1652 3965 1664 3977 ·
1692 3951 1800 4008 τοῖς
1827 3946 1881 3999 δὲ

295 4037 387 4097 εἰς
416 4035 477 4086 to
513 4037 756 4106 Πνεῦμα,
791 4037 1012 4107 διηνεκῆ
1044 4039 1190 4106 λέγει
1218 4041 1315 4108 τὴν
1343 4039 1561 4092 κόλασιν
1586 4038 1881 4107 ἐπάγεσθαι

295 4123 560 4193 (Πνεῦμα
582 4125 754 4194 λέγων
782 4127 972 4197 ὁλόκλη
984 4145 1073 4197 ρον
1095 4128 1190 4198 τὴν
1211 4133 1308 4196 τῆς
1335 4129 1563 4199 Τριάδος
1581 4127 1841 4198 Θεότητα)
1863 4142 1878 4155 ⁸

291 4214 456 4282 πλὴν
485 4214 688 4268 δίδοται
719 4220 829 4280 τοῖς
860 4217 1180 4287 μετανοοῦσι
1204 4218 1291 4270 διὰ
1319 4216 1418 4287 τῆς
1445 4218 1538 4269 τοῦ
1569 4219 1882 4286 Πνεύματος

291 4306 537 4374 χάριτος
565 4306 882 4377 συγγνώμη.
915 4309 1074 4361 Ἀλλὰ
1111 4309 1170 4362 τὸ
1201 4309 1428 4379 μέγεθος
1455 4307 1621 4360 θέλων
1651 4307 1820 4371 δεῖξαι
1852 4308 1880 4358 ὀ

291 4398 339 4448 Χ
353 4397 551 4466 ριστὸς
597 4399 690 4450 τοῦ
720 4401 1133 4472 ἁμαρτήματος,
1177 4401 1350 4463 οὕτως
1385 4398 1536 4453 εἶπεν
1561 4415 1575 4428 ο
1617 4402 1738 4451 ἐπεὶ
1785 4401 1882 4452 οὐκ

289 4487 462 4538 ἔστιν
497 4487 738 4557 ἁμαρτία
763 4490 1148 4561 ἀσυγχώρητος
1177 4490 1329 4561 παρὰ
1362 4489 1480 4559 Θεῷ
1529 4491 1585 4540 ἐν
1622 4491 1733 4549 τοῖς
1762 4505 1885 4558 γνη-

291 4579 447 4638 σίως
493 4579 587 4631 καὶ
616 4579 737 4632 κατ’
761 4579 917 4644 ἀξίαν
943 4579 1284 4650 μετανοοῦσι.

389 4687 461 4741 ⁸0
488 4689 710 4756 ἀγαθὸς
749 4691 1057 4761 ἄνθρωπος
1087 4693 1155 4747 ἐκ
1191 4694 1295 4752 τοῦ
1325 4692 1549 4763 ἀγαθοῦ
1576 4689 1885 4760 θησαυροῦ

1985 3235 2244 3284 rationem
2279 3229 2538 3281 dissidere
2569 3225 2831 3287 cernitur,
2881 3237 3054 3289 neque
3092 3231 3420 3290 pugnantem
3452 3219 3547 3271 ha-

1983 3317 2108 3369 bere
2139 3331 2256 3369 cum
2281 3316 2392 3368 suis
2418 3313 2834 3380 prtqrrictatibus
2868 3309 3329 3363 constitutionem.
3535 3309 3537 3311 ’

2052 3406 2278 3473 Quando
2309 3405 2568 3472 quispiam
2605 3403 2657 3455 in
2687 3401 2952 3455 hominem
2973 3400 3233 3466 peccavit,
3261 3399 3423 3450 Demu
3455 3411 3549 3463 pro

1983 3516 2040 3554 se
2091 3507 2264 3565 potest
2303 3497 2590 3558 invocare;
2619 3510 2739 3546 cum
2792 3508 2918 3544 vero
2950 3491 3001 3543 in
3032 3506 3153 3544 eum
3190 3489 3551 3558 blasphemias

1985 3590 2324 3662 protulerint,
2365 3605 2467 3640 non
2501 3587 2624 3639 licet
2669 3586 2920 3637 invocare
2954 3599 3048 3650 pro
3073 3581 3163 3636 ‘Se.
3211 3582 3341 3634 Cum
3374 3580 3553 3647 itaque

1983 3685 2144 3737 homo
2175 3681 2446 3733 videretur
2479 3679 2565 3731 Dei
2603 3676 2793 3739 Filius,
2828 3675 2926 3727 etsi
2989 3683 3176 3726 natura
3219 3673 3358 3726 Deus
3385 3680 3549 3733 esset,

1985 3789 2086 3826 u0u
2119 3772 2402 3824 admodum
2435 3770 2551 3821 siue
2593 3766 2864 3819 intellectu
2925 3763 3306 3818 exsistentibus
3342 3762 3552 3815 innote—

1983 3866 2187 3925 Srebat,
2221 3861 2429 3914 veniam
2466 3859 2645 3927 itaque
2672 3873 2735 3911 ex
2781 3855 3083 3922 ignorantia
3110 3854 3160 3906 in
3187 3869 3302 3906 sese
3328 3867 3552 3920 peccan-

1984 3955 2125 4008 tibus
2150 3953 2414 4023 largitur;
2453 3965 2545 4004 eos
2574 3964 2726 4012 vero,
2759 3948 2848 4017 qui
2903 3947 2953 4000 in
3004 3945 3265 4014 Spiritum
3301 3950 3548 3997 Sanctum

1982 4053 2226 4114 peccant,
2259 4051 2571 4112 perpetuum
2614 4039 2744 4092 dicit
2783 4053 3000 4090 utanere
3051 4035 3369 4103 supplicium
3404 4031 3550 4102 (Spi-

1985 4137 2141 4189 ritum
2173 4135 2355 4188 dicens
2411 4143 2576 4184 totam
2611 4130 2891 4182 Trinitatis
2922 4126 3245 4192 Deitatem);
3289 4127 3449 4177 datur
3471 4131 3554 4174 ta-

1983 4240 2102 4276 men
2163 4222 2549 4290 pmttiteutibtts
2607 4234 2700 4287 per
2747 4217 2979 4286 Spiritus
3023 4217 3249 4284 gratiam
3286 4211 3550 4265 remissio.

1985 4313 2087 4367 Sed
2115 4314 2220 4382 37
2255 4311 2672 4378 magnitudinem
2719 4309 2908 4362 volens
2969 4307 3217 4362 Christus
3269 4304 3552 4357 ostendere

1985 4405 2210 4472 peccati,
2239 4402 2307 4453 ita
2358 4400 2515 4466 dixit;
2551 4415 2652 4453 non
2683 4398 2827 4452 enim
2851 4405 2935 4452 est
2967 4405 3246 4466 peccatum
3269 4391 3412 4461 quod
3444 4406 3548 4444 non

1989 4493 2225 4546 remittat
2257 4494 2417 4555 Deus,
2461 4492 2505 4547 si
2556 4491 2790 4563 legitime
2819 4501 2871 4545 et
2897 4503 2964 4542 ex
2999 4485 3259 4554 dignitate
3289 4481 3551 4550 paeniten-

1987 4584 2056 4636 tia
2083 4593 2288 4654 agatur.

2059 4693 2172 4759 ΧΠ,
2202 4694 2291 4756 55.
2343 4692 2517 4748 Bonus
2563 4691 2716 4748 homo
2761 4690 2826 4746 de
2885 4691 3017 4746 bono
3083 4690 3330 4744 thesauro
3382 4690 3552 4744 cordis

289 4777 420 4843 τῆς
451 4780 701 4847 καρδίας
737 4781 1012 4836 ἐκϐάλλει
1043 4783 1114 4836 τὰ
1163 4782 1355 4852 ἀγαθά
1379 4798 1391 4811 ·
1427 4781 1522 4836 καὶ
1566 4784 1599 4836 ὁ
1628 4781 1890 4848 πονηρὸς

289 4871 627 4938 ἅνθρωπος
669 4872 738 4925 ἐκ
781 4873 884 4927 τοῦ
936 4875 1205 4944 πονηροῦ
1253 4874 1562 4942 θησαυροῦ
1613 4873 1890 4930 haudet

290 4963 572 5029 πονηρά.

371 5051 564 5106 Ὀταν
591 5055 724 5127 λέγῃ
754 5056 1048 5128 θησαυρὸν,
1088 5056 1147 5109 τὸ
1178 5055 1380 5126 πλῆθος
1417 5057 1749 5112 ἐνδείκνυται
1781 5057 1889 5109 τῶν

290 5149 359 5197 ιν
397 5149 469 5215 τῇ
512 5145 659 5216 ψυχῇ
686 5150 952 5216 κειμένων
975 5167 987 5179 ·
1033 5151 1119 5204 ἵνα
1156 5151 1210 5203 δὲ
1248 5151 1321 5222 μὴ
1360 5149 1554 5204 είπωσί
1593 5167 1736 5212 τινες
1761 5190 1776 5214 ,
1812 5151 1892 5204 ὅτι

291 5236 482 5305 φύσει
509 5237 836 5307 πεφύκαμεν
869 5241 1096 5309 πονηροὶ
1125 5241 1174 5291 oi
1199 5240 1493 5309 ἅνθρωποι,
1525 5241 1617 5293 ἐπὶ
1645 5241 1752 5294 τῶν
1781 5243 1887 5295 Φα-

293 5327 549 5397 ρισαίων
574 5329 729 5382 τοῦτο
759 5331 1047 5400 ἐδήλωσεν,
1078 5333 1159 5384 ὅτι
1192 5331 1413 5384 δυνατὸν
1449 5329 1586 5404 [τὸν]
1607 5332 1769 5384 αὐτὸν
1800 5332 1892 5383 καὶ

287 5420 409 5472 ἕνα
433 5419 721 5490 ἄνθρωπον
750 5425 877 5476 ποτὲ
903 5425 997 5493 μὲν
1023 5424 1226 5492 ἀγαθὸν
1253 5423 1529 5490 γενέσθαι,
1559 5423 1687 5475 ποτὲ
1707 5422 1763 5474 δὲ
1795 5439 1892 5474 κα-

291 5512 412 5563 κὸν
437 5550 451 5572 ,
475 5509 650 5580 λέγων
676 5530 688 5542 ’
731 5513 788 5566 '0
830 5514 1032 5582 ἀγαθὸς
1065 5515 1348 5585 ἄνθρωπος
1371 5516 1435 5567 ὲκ
1477 5513 1568 5590 τοῦ
1607 5511 1894 5583 περισσεύ-

295 5622 492 5676 ματος
529 5606 624 5674 τῆς
649 5608 872 5678 καρδίας
903 5608 1064 5660 αὑτοῦ
1092 5609 1259 5670 λαλεῖ,
1296 5607 1496 5676 ὁμοίως
1529 5606 1620 5658 καὶ
1650 5608 1677 5657 ὁ
1705 5605 1888 5666 κακός.

1987 4785 2181 4858 profert
2211 4787 2367 4852 bona,
2415 4794 2462 4838 et
2493 4785 2662 4836 malus
2692 4782 2845 4834 homo
2877 4781 2942 4836 dc
2985 4779 3126 4837 malo
3153 4781 3396 4834 thesauro
3440 4796 3557 4847 pro-

1991 4876 2089 4946 fert
2119 4878 2286 4932 mala.

2061 5054 2190 5108 Cum
2243 5049 2369 5103 dicit
2427 5047 2762 5107 thesaurum,
2847 5041 3244 5096 multitudinem
3292 5039 3541 5108 designat

1992 5144 2372 5211 cogitationum
2405 5138 2842 5203 voluntatumque
2865 5133 2917 5188 in
2941 5132 3269 5187 conscientia
3302 5131 3553 5187 sitarum.

1996 5235 2071 5287 Ne
2105 5243 2278 5285 autem
2321 5229 2481 5296 aliqui
2527 5229 2784 5290 dicerent,
2819 5234 3004 5276 natura
3036 5221 3201 5274 malos
3243 5236 3362 5274 esse
3388 5221 3555 5274 homi-

1997 5338 2110 5384 nes,
2168 5321 2426 5373 adversus
2477 5317 2776 5369 Pharisa-os
2823 5312 3084 5375 dtclarat,
3114 5311 3229 5366 ﬁeri
3277 5326 3434 5378 posse
3499 5321 3557 5364 ut

1997 5429 2130 5467 unus
2160 5412 2406 5477 idemque
2451 5409 2625 5469 homo,
2655 5404 2766 5473 38
2795 5402 2953 5458 modo
2978 5401 3170 5466 bonus,
3233 5401 3389 5455 modo
3447 5417 3558 5454 ma-

1998 5506 2075 5559 lus
2101 5505 2188 5558 sit.
2222 5502 2354 5556 Cum
2392 5498 2469 5552 sic
2495 5496 2638 5549 dicat
2674 5512 2687 5548 :
2726 5495 2902 5549 Bonus
2931 5493 3092 5550 homo
3119 5509 3185 5548 ex
3228 5491 3555 5547 abundantia

1995 5596 2169 5648 cordis
2188 5594 2270 5648 sui
2304 5590 2557 5659 loquitur,
2583 5586 2830 5642 similiter
2860 5592 2912 5638 et
2944 5584 3134 5637 malus.

399 5719 470 5768 ’0
491 5717 558 5769 δὲ
585 5719 927 5786 ἀποκριθεὶς
957 5715 1120 5772 εἶπεν
1161 5719 1388 5782 αὺτοῖς-ο
1420 5717 1607 5770 Γενεὰ
1663 5731 1875 5779 πονηί(

2066 5706 2278 5774 59.!pse
2296 5711 2464 5756 autem
2481 5699 2788 5768 respondens
2809 5697 2940 5749 dixit
2961 5697 3031 5750 eis
3051 5693 3360 5750 :Ccnemtio
3371 5708 3552 5759 prava,
