4058 6280
447 363 553 420 US

1427 354 1483 407 S.
1527 351 1796 408 CYRILLI
1839 346 2300 403 ALEXANDRINI
2336 344 2658 437 AllCHIEI’.
3604 335 3696 393 M6

447 476 703 548 gnitionis
735 473 837 528 sibi
876 471 1109 541 reponit.
1145 468 1268 525 Ideo
1291 469 1479 524 beatos
1515 469 1646 524 dicit
1665 467 2019 537 comprehen-

2123 459 2373 528 γνώσεως
2396 459 2578 529 ἑαυτῷ
2603 458 2956 528 ἀποθέμενος.
2977 455 3069 509 Διὸ
3102 451 3396 526 μακαρίζει
3424 450 3550 512 τοὺς
3581 468 3695 505 συν-

449 574 637 622 dentes
677 567 728 620 in
771 581 830 620 se
870 564 1094 632 legalem
1135 571 1191 616 et
1235 563 1602 630 evangelieam
1645 561 2016 629 disciplinam,

449 659 521 712 ita
558 669 615 710 ιιι
650 665 900 726 promant
933 671 998 708 ex
1024 655 1281 708 thesauro
1317 669 1415 708 suo
1453 669 1586 708 nova
1617 663 1671 707 et
1704 663 1925 708 vetera:
1963 661 2018 706 ut

451 745 614 796 etiam
655 742 778 795 alibi
821 743 896 796 ait
933 759 946 795 :
991 760 1008 792 ι
1047 741 1252 794 Mittam
1290 741 1443 796 vobis
1482 742 1756 810 sapientes
1791 752 1847 795 et
1885 742 2022 795 scri-

451 833 568 884 bas.
612 850 630 880 »
669 830 897 884 Videsne
929 832 1199 897 quomodo
1235 831 1480 884 Veterem
1519 845 1622 884 nou
1662 831 1890 898 rejiciat,
1926 833 2018 885 sed

448 923 630 978 l-mdet
663 922 854 991 legem,
889 924 1201 975 thesaurum
1233 938 1350 975 eam
1379 922 1612 976 vorans?
1643 923 1787 975 Adeo
1816 931 1871 974 ut
1900 922 2018 990 qui-

452 1029 662 1081 cunque
687 1014 989 1066 divinarum
1021 1013 1424 1078 Scripturarum
1457 1014 1626 1083 ignari
1653 1025 1799 1078 sunt,
1820 1020 2023 1081 patres-

455 1101 684 1158 familias
713 1120 832 1157 esse
863 1121 966 1155 non
991 1104 1233 1171 possint;
1267 1119 1439 1172 neque
1471 1105 1688 1164 divites,
1717 1105 2009 1172 quicunqm

454 1209 627 1261 neque
656 1196 752 1258 ipsi
783 1195 1000 1256 habent,
1029 1210 1126 1248 uec
1153 1197 1216 1248 ab
1246 1194 1366 1248 aliis
1393 1196 1687 1260 accipiunt,
1717 1196 1809 1247 sed
1839 1194 2022 1247 vident

455 1286 661 1354 st-ipsos
693 1285 832 1338 fatue
863 1297 1146 1353 pereuntes
1175 1300 1190 1338 :
1226 1301 1331 1338 non
1366 1294 1572 1340 tantum
1605 1297 1784 1339 autem
1819 1287 1903 1349 bi,
1933 1301 2022 1340 ve-

455 1391 573 1428 rum
602 1376 762 1429 etiam
796 1377 1029 1429 lueretici
1064 1376 1246 1444 procul
1279 1376 1346 1430 ab
1378 1377 1476 1430 hac
1509 1376 1843 1432 beatitudine
1871 1386 2018 1430 sunt.

450 1465 566 1520 Non
617 1471 759 1523 enim
806 1469 1087 1535 proferunt
1145 1484 1281 1522 nova
1337 1477 1389 1523 et
1441 1481 1651 1534 vetera;
1699 1486 1872 1539 neque
1907 1470 2020 1537 jam

449 1564 630 1606 vetera
661 1556 878 1620 habent,
938 1557 1163 1623 ichqne
1217 1573 1392 1626 neque
1451 1573 1607 1613 nova.
1661 1559 2018 1625 Quamobrem

450 1645 614 1715 igitur
644 1647 696 1700 bi
729 1648 818 1717 qui
852 1662 988 1704 nova
1021 1665 1127 1702 non
1167 1651 1386 1714 habent,
1416 1659 1469 1704 et
1497 1647 1692 1714 Judaei,
1725 1666 1900 1718 neque
1929 1665 2021 1704 νει

448 1744 560 1794 tcta
604 1738 824 1804 habent,
861 1741 953 1793 sed
999 1740 1240 1807 utrisque
1287 1741 1483 1810 privati
1531 1750 1679 1804 sunt,
1721 1743 1834 1796 hare
1875 1743 2017 1795 enim

448 1827 548 1882 sibi
590 1828 820 1882 invicem
865 1829 1110 1898 colligata
1153 1844 1280 1886 sunt
1335 1843 1387 1885 et
1429 1848 1690 1886 connexa.
1723 1833 2019 1888 Audiamus

449 1917 634 1986 igitur,
675 1919 982 1986 quicunque
1022 1919 1305 1973 lectionem
1351 1919 1754 1988 Scripturarum
1799 1921 2021 1989 negligi-

451 2023 592 2070 tnus,
613 2007 771 2075 quale
796 2008 1050 2062 damnum
1076 2009 1364 2076 patiamur,
1388 2018 1642 2078 quantam
1669 2012 1978 2079 pauperiem
2003 2029 2016 2065 :

450 2111 557 2150 nou
601 2099 743 2150 enim
793 2112 1014 2166 operum
1062 2099 1506 2166 gubernatiOuem
1551 2101 1882 2168 accipimus,
1928 2101 2020 2169 qui

450 2187 592 2254 ipsas
611 2187 752 2256 leges
780 2189 974 2255 quibus
1004 2188 1335 2255 gubernandi
1367 2205 1552 2245 sumus
1589 2192 1880 2245 nescimus.
1911 2189 2020 2262 45

450 2274 552 2341 Qui
617 2291 744 2331 vero
811 2278 1001 2330 divites
1054 2289 1198 2343 sunt,
1270 2279 1486 2336 assidue
1545 2281 1864 2336 vestimenta
1925 2298 2020 2336 sua

451 2371 755 2434 excutiunt,
785 2384 850 2422 ne
879 2371 1143 2424 tinearum
1162 2385 1299 2425 escae
1329 2373 1486 2437 tiant;
1516 2387 1614 2426 nos
1631 2381 1830 2437 autem,
1863 2375 2019 2429 tineis

452 2459 685 2528 peiorem
740 2461 978 2515 videntes
1005 2463 1200 2517 animm
1227 2473 1422 2518 nostrze
1449 2463 1768 2520 ofﬁcientem
1796 2467 2020 2521 oblivio-

453 2564 600 2614 nem,
629 2566 733 2603 uon
761 2549 1059 2604 insistimus
1087 2551 1259 2619 libris,
1289 2569 1385 2620 per
1409 2569 1543 2623 quos
1568 2555 1748 2610 anima
1776 2565 2018 2616 ornatur.

521 2736 662 2800 Xlll,
699 2738 788 2793 54.
830 2737 901 2792 Et
927 2739 1130 2792 veniens
1159 2740 1211 2792 in
1238 2739 1466 2806 patriam
1499 2753 1672 2790 suam.

518 2829 800 2884 Civitatem
834 2847 984 2884 suam
1025 2831 1344 2884 Nazaretum
1384 2846 1504 2883 esse
1557 2831 1779 2894 fatetur,
1829 2840 2016 2899 quate-

453 2936 554 2975 nus
609 2920 856 2974 videlicet
907 2921 1129 2974 deliuito
1176 2921 1228 2973 in
1277 2935 1504 2989 corpore
1564 2929 1712 2986 erat,
1755 2930 1809 2974 et
1857 2937 2021 2975 carne

454 3012 825 3066 tantummodo
855 3011 1148 3075 limitatus,
1188 3011 1232 3065 is
1283 3012 1374 3079 qui
1412 3013 1611 3080 alioqui
1663 3014 2022 3068 immensum-

452 3101 571 3154 bilis
595 3113 708 3154 erat
739 3101 898 3155 Deus.
925 3100 1055 3156 Nam
1085 3104 1209 3170 quia
1242 3101 1380 3156 Deus
1413 3102 1570 3155 simul
1603 3104 1870 3172 homoque
1905 3112 2010 3167 est,
2047 3139 2097 3207 c

451 3193 609 3246 modo
637 3193 850 3261 quidem
880 3203 1150 3262 quatenus
1182 3191 1416 3247 Verbum
1444 3205 1526 3247 est
1556 3195 1621 3247 de
1661 3194 1822 3249 Patre
1865 3196 2018 3248 etfui-

449 3298 602 3350 gens,
630 3295 778 3337 totus
821 3300 915 3338 ceu
947 3285 1065 3337 talis
1105 3285 1158 3338 in
1213 3300 1378 3339 carne
1423 3300 1639 3354 quoque
1682 3287 2019 3356 intelligitur.

451 3373 704 3428 Vicissim
755 3374 1047 3442 aliquando
1075 3383 1342 3444 quatenus
1380 3392 1506 3431 caro
1531 3388 1653 3440 est,
1691 3380 1900 3432 etiamsi
1935 3397 2024 3433 na.

451 3467 698 3520 turaliter
739 3463 972 3520 Verbum
1000 3476 1121 3529 est,
1181 3476 1235 3519 et
1285 3468 1336 3520 iu
1383 3485 1480 3521 sua
1543 3471 1777 3523 naturali
1823 3473 2020 3526 unione

454 3557 773 3616 consistens,
808 3570 902 3607 ceu
929 3555 974 3608 si
1008 3563 1149 3608 totus
1185 3557 1348 3610 homo
1381 3567 1544 3622 esset,
1578 3560 1804 3629 intelligi
1832 3560 2009 3616 solet:

452 3648 526 3700 ita
559 3655 616 3700 ut
648 3646 943 3700 divinitatis
967 3646 1130 3699 etiam
1179 3648 1438 3702 attributa
1484 3649 1807 3704 naturaliter
1849 3651 2019 3720 appli-

448 3747 639 3791 centur
663 3752 758 3791 ceu
794 3736 912 3792 sine
951 3752 1114 3792 carne
1155 3739 1442 3793 exsistenti
1483 3741 1572 3808 qui
1599 3741 1650 3794 iu
1695 3757 1859 3796 carne
1905 3753 2019 3808 est;

449 3829 794 3895 vicissimque
818 3829 1169 3882 lmu'tanitatis
1204 3833 1468 3886 attributa
1490 3833 1840 3902 assignentur
1865 3835 2019 3902 quasi

449 3919 644 3972 divinae
693 3928 898 3974 naturae
955 3919 1316 3986 proprietates
1351 3935 1459 3974 non
1499 3922 1717 3976 habenti
1745 3963 1760 3986 ,
1805 3925 2020 3978 etiamsi

450 4021 636 4061 revera
661 4005 798 4058 Deus
829 4017 1018 4073 suapte
1045 4016 1231 4062 natura
1247 4019 1350 4062 est.
1371 4009 1817 4080 lgilurquateuns
1884 4015 2024 4070 Deus

450 4099 789 4167 intelligitur,
819 4098 1020 4152 nullum
1065 4101 1416 4168 requietionis
1447 4118 1558 4157 sua:
1590 4103 1766 4159 locum
1817 4106 2020 4173 habet,

447 4191 572 4260 quia
617 4191 772 4254 loco,
831 4192 1338 4262 circumscriptione
1367 4233 1384 4257 ,
1440 4209 1691 4250 mensura
1741 4197 2024 4268 ﬁguraque

447 4287 591 4340 omni
626 4287 892 4343 excelsior
939 4297 1042 4342 est.
1083 4286 1360 4354 Quatenus
1391 4298 1570 4344 autem
1606 4306 1759 4360 inque
1812 4307 1876 4346 ac
1924 4307 2022 4348 nos

448 4376 608 4433 homo
649 4379 995 4448 intelligitur,
1048 4395 1269 4448 prorsus
1324 4396 1445 4434 cum
1499 4396 1663 4436 carne
1718 4399 1814 4437 sua
1867 4394 1922 4438 et
1966 4385 2018 4438 in

448 4469 581 4522 locis
605 4479 711 4530 est,
740 4479 794 4522 et
826 4471 1101 4536 propriam
1126 4471 1405 4527 civitatem
1439 4471 1696 4528 habuisse
1724 4475 1944 4530 dicitur.

519 4556 659 4621 XIV,
693 4558 780 4612 l5.
816 4559 1029 4612 Dimitte
1058 4559 1259 4614 turbas.

515 4649 654 4716 Quid
683 4648 810 4704 illud
839 4649 1042 4702 dimitte
1070 4652 1160 4712 sit,
1188 4652 1473 4722 diligenter
1496 4654 1855 4724 inquiramus.
1885 4656 2016 4722 Qui-

445 4743 569 4793 dam
601 4739 746 4795 enim
780 4755 966 4801 eorum
999 4741 1090 4808 qui
1123 4740 1397 4798 Christum
1431 4748 1797 4811 sequebantur
1825 4759 1877 4802 et
1911 4753 2014 4806 sub

447 4833 811 4903 improborum
851 4843 1133 4902 parentum
1171 4834 1492 4888 tenebantur
1523 4845 1810 4905 potestate,
1847 4839 1914 4893 ab
1951 4840 2014 4895 iis

449 4925 662 4978 liberari
705 4925 998 4994 rogabant;
1036 4923 1124 4979 alii
1177 4939 1304 4980 vero
1343 4924 1412 4980 ab
1447 4928 1569 4985 aliis
1612 4927 2015 4986 inﬁrmitatibus

513 5110 559 5142 "
584 5105 771 5164 Matth.
802 5125 956 5174 χχιιι,
984 5109 1074 5164 54.

516 5264 589 5328 (l)
632 5264 817 5316 Πόλιν
846 5293 914 5303 —
942 5259 1288 5329 ἐσχηκέναι.
1331 5258 1432 5314 Mai
1484 5256 1547 5314 Β.
1592 5257 1662 5311 Ν.
1697 5258 1760 5322 ΙΙ,
1794 5277 1844 5328 p.
1884 5259 2008 5314 480.

517 5336 594 5402 (9.)
621 5333 900 5400 Ταυτότης
927 5332 1029 5384 hoc
1063 5331 1178 5382 loco
1213 5329 1425 5402 nonnisi
1459 5329 1522 5402 de
1571 5330 1797 5402 duarum
1809 5399 1817 5402 Α
1852 5341 2012 5402 natu-

447 5399 627 5456 rarum
661 5405 759 5455 sub
799 5399 956 5454 unica
1016 5415 1242 5466 persona
1279 5399 1606 5452 adunatione
1655 5399 1877 5466 intelligi
1921 5415 2012 5468 po-

449 5480 575 5531 test,
605 5487 724 5524 cum
761 5472 967 5524 centies
989 5469 1113 5521 alibi
1149 5469 1431 5534 utriusque
1462 5470 1514 5521 in
1554 5468 1772 5522 Christo
1807 5480 2014 5522 natura:

449 5541 916 5618 conservat'ioue’t‘n
961 5537 1199 5618 gyrillps
1263 5537 1634 5618 allirtna'verit.
1694 5535 2012 5618 lln‘j-usmodi

450 5610 653 5663 dictqu
682 5608 822 5659 aliud
850 5605 1033 5672 Cyrilli
1071 5605 1282 5659 celebre
1324 5606 1425 5659 fuit
1462 5608 1514 5658 in
1556 5621 1642 5672 ep.
1677 5607 1742 5658 ad
1775 5609 2016 5660 Succen-

453 5695 572 5732 sum
607 5696 618 5731 :
652 5693 756 5729 ima
779 5685 852 5727 est
887 5663 984 5726 Dei
1016 5673 1166 5726 Verbi
1197 5674 1473 5726 incantata
1513 5663 1723 5727 ποῖαι-ο.
1763 5676 2012 5728 Attamen

451 5746 701 5804 vocabuli
727 5743 896 5814 hujus
928 5741 1193 5811 ταυτότης
1222 5758 1407 5802 causa.
1454 5751 1581 5811 puto
1613 5741 2014 5812 Monopbysitas

2122 553 2443 620 ενεγκόντας
2470 553 2528 606 ἑν
2562 553 2773 612 ἑαυτοῖς
2804 547 3033 618 νομικὴν
3066 545 3317 598 παιδείαν
3349 544 3440 596 καὶ
3473 543 3699 611 εὐαγγε-

2121 645 2299 716 λικὴν,
2332 644 2470 696 ὥστε
2513 642 2792 696 ἐκϐάλλειν
2820 642 2884 694 ὲκ
2912 639 3004 692 τοῦ
3033 636 3312 708 θησαυροῦ
3351 636 3448 689 νέα
3475 637 3569 686 καὶ
3603 651 3703 686 πα-

2122 735 2279 788 λαιά·
2327 734 2509 798 καθὼς
2555 734 2648 787 καὶ
2692 731 2923 802 ἀλλαχοῦ
2957 748 3120 801 φησιν
3144 746 3158 760 ·
3201 749 3218 780 ι
3241 727 3551 780 Ἀποστελῶ
3581 728 3702 794 ὑμῖν

2126 829 2321 895 σοφοϋς
2357 828 2450 879 καὶ
2482 825 2868 895 γραμματέας.
2901 842 2918 874 ι
2954 821 3106 883 Εἶδες
3147 821 3263 883 πῶς
3308 821 3406 872 οὑκ
3458 818 3703 871 ἐκῦάλλει

2121 920 2218 988 τὴν
2257 919 2518 982 Παλαιὰν,
2547 917 2680 970 ἀλλά
2712 917 2803 969 καὶ
2834 915 3194 985 ἐγκωμιάζει,
3228 910 3499 982 θησαυρὸν
3539 910 3705 978 αὑτὴν

2122 1009 2335 1075 καλῶν;
2371 1012 2529 1062 Ὥστε
2567 1009 2680 1062 ὅσοι
2707 1008 2815 1060 τῶν
2849 1006 3009 1060 θείων
3042 1005 3177 1058 εἰσὶν
3209 1003 3424 1072 ἄπειροι
3452 1000 3703 1070 Γραφῶν,

2121 1102 2220 1154 οὑκ
2268 1101 2331 1155 ἂν
2375 1098 2485 1153 εἷεν
2526 1099 2922 1160 οἰκοδεσπόται,
2958 1097 3079 1150 οὐδὲ
3123 1095 3389 1156 πλούσιοι,
3420 1095 3534 1147 ὅσοι
3570 1094 3704 1162 μήτε

2123 1193 2276 1245 αὑτοὶ
2324 1191 2504 1260 ἔχουσι
2551 1192 2688 1260 μήτε
2740 1188 2868 1258 παρ’
2899 1189 3101 1258 ἐτέρων
3147 1186 3540 1256 λαμϐάνουσιν,
3572 1185 3706 1238 ἀλλὰ

2122 1283 2448 1354 περιορῶσιν
2487 1283 2707 1344 ἑαυτοὺς
2740 1280 2883 1349 λιμῷ
2915 1278 3329 1349 φθειρομένους·
3363 1277 3459 1346 οὐχ
3486 1271 3629 1330 οὗτοι
3651 1276 3709 1328 δὲ

2125 1375 2306 1444 μόνον,
2339 1372 2475 1425 ἀλλὰ
2510 1373 2602 1424 καὶ
2641 1373 2686 1424 ol
2717 1370 2984 1441 αἱρετικοὶ
3019 1369 3176 1431 ἐκτός
3207 1369 3310 1420 εἰσι
3342 1367 3434 1420 τοῦ
3467 1383 3707 1437 μακαρι-

2123 1463 2260 1532 σμοῦ
2303 1463 2512 1515 τούτου.
2547 1462 2620 1514 Οὑ
2652 1460 2759 1528 γάρ
2791 1459 3109 1512 ἐκϐάλλουσι
3141 1457 3305 1511 καινά
3334 1456 3428 1510 καὶ
3457 1454 3667 1508 παλαιά
3687 1471 3703 1486 ο

2120 1554 2240 1607 οὑδὲ
2284 1554 2393 1624 γὰρ
2447 1551 2629 1621 έχουσι
2678 1551 2747 1603 τά
2792 1549 3020 1612 παλαιά,
3072 1548 3152 1602 διὸ
3204 1549 3299 1602 καὶ
3351 1547 3472 1600 οὑδὲ
3522 1546 3703 1602 καινά.

2125 1646 2333 1714 Ὥσπερ
2370 1640 2462 1697 οὖν
2504 1645 2552 1695 οἱ
2586 1642 2748 1697 καινά
2784 1643 2886 1696 οὑκ
2912 1641 3147 1710 ἔχοντες,
3179 1641 3255 1704 ὼς
3293 1639 3553 1698 Ἰουδαῖοι,
3587 1637 3708 1689 οὑδὲ,

2123 1736 2330 1790 παλαιά
2387 1735 2624 1806 ἔχουσιν,
2674 1734 2788 1788 ἀλλ’
2821 1734 3097 1802 ἑκατέρων
3144 1732 3487 1802 ἐστέρηνται.
3522 1729 3708 1783 Ταῦτα

2125 1827 2233 1898 γὰρ
2263 1826 2511 1894 ἀλλήλοις
2553 1825 2856 1878 συνδέδεται
2895 1824 2989 1877 καὶ
3023 1823 3415 1893 συμπλέκεται.
3435 1821 3704 1875 Ἀκούσιο-

2130 1937 2228 1988 μεν
2270 1920 2448 1973 τοίνυν
2496 1921 2609 1972 ὅσοι
2657 1919 2756 1988 τῆς
2785 1917 3140 1986 ἀναγνώσεως
3168 1916 3275 1969 τῶν
3309 1917 3538 1986 Γραφῶν
3571 1918 3709 1985 ἀμε·

2126 2009 2344 2079 λοῦμεν,
2379 2011 2510 2079 ὅσην
2561 2009 2907 2078 ὑπομένομεν
2959 2007 3184 2078 βλάϐην,
3219 2008 3350 2076 ὅσην
3397 2006 3618 2060 πενίαν·
3643 2006 3706 2058 οὑ

2127 2103 2236 2171 γάρ
2267 2119 2396 2155 ποτε
2425 2101 2524 2171 τῆς
2546 2101 2633 2154 διά
2661 2101 2770 2154 τῶν
2800 2100 2977 2171 ἔργων
3007 2098 3378 2169 ἐπιλαϐόμεθα
3412 2097 3706 2159 πολιτείας.

2127 2195 2176 2247 οἱ
2220 2193 2354 2264 μηδὲ
2401 2195 2598 2257 αὑτοὺς
2634 2195 2762 2257 τοὺς
2793 2193 2991 2263 νόμους
3037 2192 3238 2254 ειδότες
3282 2191 3399 2245 καθ’
3426 2189 3520 2252 οὓς
3558 2189 3708 2243 πολι-

2125 2284 2378 2337 τεύεσθαι
2445 2286 2588 2356 χρὴ’
2639 2283 2754 2337 ἀλλ’
2795 2287 2842 2337 οἱ
2900 2284 2996 2353 μὲν
3055 2282 3411 2345 πλουτοῦντες
3472 2281 3706 2350 συνεχῶς

2126 2375 2466 2429 τινάσσουσιν
2515 2373 2694 2427 αὑτῶν
2741 2374 2808 2426 τὰ
2855 2373 3066 2442 ἱμάτια,
3097 2373 3235 2426 ὥστε
3270 2373 3342 2440 μὴ
3389 2371 3704 2441 σητόϐρωτα

2127 2467 2392 2534 γίνεσθαι.
2412 2467 2601 2535 Ἡμεῖς
2644 2465 2704 2518 δὲ
2751 2465 2914 2536 σητδς
2957 2463 3340 2534 χαλεπώτερον
3377 2464 3610 2533 ὁρῶντες
3640 2465 3701 2531 τῇ

2127 2559 2266 2630 λήθῃ
2295 2557 2697 2627 λυμαινομένην
2738 2557 2894 2626 ἡμῶν
2939 2559 3038 2628 τὴν
3084 2555 3284 2626 ψυχὴν,
3315 2555 3414 2608 οὑκ
3441 2554 3704 2624 ἐντυγχά-

2128 2665 2291 2719 νομεν
2327 2647 2553 2717 βιϐλίοις
2578 2647 2644 2701 δι’
2673 2640 2748 2700 ὧν
2783 2646 3182 2710 καλλωπίζεται
3217 2649 3249 2716 ή
3278 2645 3448 2716 ψυχή.

2197 2737 2309 2791 Καὶ
2337 2737 2530 2792 ἐλθὼν
2570 2741 2657 2804 εὶς
2703 2739 2814 2806 τὴν
2855 2737 3108 2806 πατρίδα
3139 2736 3348 2792 αὑτοῦ.

2199 2831 2359 2884 Πόλιν
2395 2831 2471 2899 (1)
2501 2831 2557 2883 δὲ
2608 2829 2814 2882 οἰκείαν
2858 2829 3110 2899 ὁμολογεῖ
3165 2827 3262 2898 τὴν
3316 2827 3593 2897 Ναζαρὲτ,
3631 2825 3703 2886 ὠς

2082 2982 2094 2992 _
2130 2921 2522 2990 πεποσωμένος
2553 2921 2644 2974 διὰ
2672 2919 2735 2973 τό
2766 2921 3058 2989 stemmati.
3078 2919 3163 2972 διὰ
3199 2919 3364 2989 μόνην
3395 2919 3493 2986 τὴν
3528 2918 3701 2988 σάρκα

2131 3012 2500 3083 μετρούμενος
2532 3052 2546 3074 ,
2577 3011 2755 3066 καίτοι
2803 3011 2941 3064 κατά
2975 3011 3136 3078 φύσιν
3169 3010 3476 3080 ἀμέτρητος
3526 3007 3600 3061 ὢν
3631 3007 3702 3070 ὡς

2129 3105 2286 3167 Θεόςο
2317 3104 2502 3172 ἐπειδὴ
2554 3103 2664 3174 γὰρ
2713 3103 2770 3155 ἐν
2821 3101 3005 3171 ταυτῷ
3056 3101 3190 3164 Θεός
3235 3100 3294 3153 τέ
3327 3104 3442 3154 ἐστι
3485 3101 3578 3152 καὶ
3619 3100 3704 3154 ἀν-

2127 3195 2363 3267 θρωπος,
2397 3195 2527 3248 ποτὲ
2568 3195 2666 3264 μὲν
2705 3188 2737 3265 ᾖ
2771 3194 2941 3261 Λόγος
2974 3194 3120 3246 ἐστὶν
3140 3194 3205 3244 ὲκ
3229 3192 3444 3262 Πατρὸς
3474 3191 3704 3260 άναλάμυ

2125 3287 2250 3356 ψας,
2285 3286 2402 3349 ὅλος
2451 3285 2527 3348 ὡς
2563 3284 2722 3338 τοῦτο
2763 3284 3025 3354 ὑπάρχων
3057 3285 3260 3336 νοεῖται
3291 3282 3428 3352 μετά
3466 3281 3662 3353 σαρκός
3685 3295 3699 3311 ⁸

2125 3379 2256 3432 ποτὲ
2303 3378 2359 3432 δὲ
2407 3370 2636 3448 πάλινῇ
2690 3376 2915 3444 γέγονεν
2951 3375 3108 3444 σὰρξ,
3157 3375 3336 3428 καίτοι
3365 3373 3507 3425 κατά
3546 3372 3701 3440 φύσιν

2125 3469 2386 3537 ὑπάρχων
2413 3467 2605 3534 Λόγος,
2647 3467 2740 3518 καὶ
2766 3467 2822 3516 ὲν
2853 3463 3144 3531 ταυτότητι
3185 3463 3260 3531 (2)
3299 3463 3398 3530 τῆς
3439 3461 3575 3524 ιδίας
3608 3459 3701 3528 φύ-

2125 3578 2262 3623 σεως
2307 3559 2694 3630 ἐρηρεισμένος
2723 3597 2738 3621 ,
2769 3559 2968 3609 νοεῖται
3013 3555 3175 3609 πάλιν
3213 3554 3288 3618 ὡς
3331 3555 3450 3616 ὅλος
3483 3553 3560 3605 ὢν
3610 3554 3698 3606 ἀνι

2125 3650 2342 3722 θρωπος
2364 3669 2376 3680 ·
2407 3650 2481 3713 ὡς
2515 3650 2608 3703 καὶ
2641 3650 2766 3712 τοὺς
2789 3650 2885 3718 τῆς
2916 3648 3168 3716 θεότητος
3202 3646 3349 3716 αὑτῷ
3381 3646 3519 3699 κατά
3546 3645 3699 3714 φύσιν

2123 3742 2517 3813 ἐναρμόζεσθαι
2542 3741 2735 3808 λόγους
2757 3779 2770 3802 ,
2804 3740 2880 3802 ὡς
2913 3740 3146 3810 ἀσάρκῳ
3177 3739 3315 3808 μετά
3347 3738 3581 3809 σαρκός’
3610 3736 3697 3790 καὶ

2122 3834 2249 3896 τοὺς
2281 3834 2380 3902 τῆς
2411 3832 2850 3903 ἀνθρωπότητος,
2899 3830 2974 3892 ὡς
3003 3831 3106 3883 οὑκ
3151 3831 3330 3900 ἔχοντι
3372 3831 3516 3883 κατά
3543 3829 3696 3898 φύσιν

2122 3923 2190 3978 τὰ
2222 3924 2322 3993 τῆς
2357 3923 2608 3993 Θεότητος
2638 3923 2766 3985 ἴδια,
2793 3923 2886 3975 καὶ
2920 3925 2967 3974 εξ
2996 3921 3127 3984 Θεὸς
3155 3924 3298 3975 κατὰ
3326 3920 3488 3990 φύσιν
3516 3921 3658 3974 ἐστίν
3679 3938 3693 3952 ·

2123 4008 2373 4087 οὐκοῦνῇ
2403 4014 2504 4085 μὲν
2535 4017 2736 4068 νοεῖται
2773 4013 2924 4079 Θεὸς,
2955 4013 3145 4067 οὑδένα
3172 4013 3271 4083 τῆς
3301 4013 3694 4077 καταπαύσεως

2123 4107 2234 4177 ἔχει
2261 4107 2426 4160 τόπον
2444 4123 2456 4136 ·
2489 4107 2747 4176 ἀνωτέρω
2772 4106 2878 4175 γὰρ
2909 4105 3077 4159 τόπου
3118 4105 3212 4158 καὶ
3241 4106 3588 4174 περιγραφῆς
3609 4105 3696 4158 καὶ

2126 4201 2324 4271 μέτρου
2371 4201 2462 4252 καὶ
2524 4199 2799 4269 σχήματος
2824 4215 2837 4228 ·
2941 4197 2999 4250 δὲ
3035 4200 3238 4250 νοεῖται
3268 4197 3390 4251 καθ’
3429 4199 3574 4268 ἡμᾶς
3605 4197 3694 4252 ἀν-

2123 4293 2362 4363 θρωπος,
2400 4290 2560 4359 δῆλον
2581 4291 2665 4342 ὅτι
2702 4289 2842 4360 μετά
2901 4289 3104 4360 σαρκὸς
3134 4289 3228 4342 καὶ
3254 4291 3312 4342 ἐν
3341 4289 3529 4352 τόποις
3564 4289 3692 4352 ἐστὶ,

2123 4385 2220 4437 καὶ
2255 4381 2408 4436 πόλιν
2457 4381 2592 4435 ἰδίαν
2629 4381 2922 4451 ἐσχηκέναι
2956 4380 3174 4450 λέγεται
3216 4380 3312 4450 (5).

2203 4565 2538 4619 Ἀπόλυσον
2569 4563 2710 4630 τοὺς
2744 4562 2991 4632 ὄχλους.

2193 4657 2258 4709 Τί
2302 4656 2364 4708 τὸ
2394 4657 2712 4710 ἀπόλυσον
2749 4653 2918 4718 ἐστὶν,
2951 4651 3294 4724 ἐξετάσωμεν
3337 4653 3601 4724 ἀκριϐῶς.
3633 4652 3690 4705 οι

2123 4750 2222 4820 μὲν
2254 4749 2363 4802 τῶν
2389 4747 2822 4802 ἀκολουθούντων
2847 4745 2925 4816 τῷ
2958 4743 3202 4815 Χριστῷ,
3240 4745 3499 4815 πονηρῶν
3538 4744 3691 4798 πατέ-

2124 4858 2231 4912 ρων
2257 4841 2587 4912 συνεχόντων
2614 4841 2828 4904 αὑτοὺς,
2851 4835 3289 4892 ἀπαλλάττεσθαι
3311 4837 3650 4906 παρεκάλουν
3672 4852 3684 4863 ·

2118 4933 2166 4985 ol
2203 4930 2261 4984 δὲ
2294 4932 2388 4985 καὶ
2425 4931 2626 5003 ἑτέρων
2665 4927 3118 5001 ἀρρωστημάτων
3147 4925 3376 4997 ἐζήτουν
3415 4924 3685 4980 ἀπόθεσιν.

2120 5262 2262 5343 inter
2296 5275 2391 5315 sua
2435 5276 2499 5317 ex
2551 5260 2754 5331 Cyrillo
2801 5273 3055 5334 excerpta
3107 5264 3210 5320 hoc
3258 5264 3422 5321 etiam
3470 5263 3683 5321 colloca-

2122 5346 2282 5385 visse.

2191 5401 2271 5474 (5)
2308 5400 2866 5474 Atlmiremtir_adhttc
2907 5403 2960 5458 in
2995 5403 3095 5474 hoc
3127 5404 3344 5474 egregio
3397 5404 3682 5474 fragmento

2122 5471 2358 5539 studium
2394 5469 2578 5539 Cyrilli
2625 5471 2954 5526 allirmandie
2999 5469 3410 5528 Verbi'deitatis
3459 5469 3676 5528 αξιοι-ηαξ.

2121 5537 2267 5610 Tulit
2297 5537 2481 5606 utique
2522 5541 2844 5594 Alexandria
2890 5543 3116 5607 Arium;
3149 5544 3242 5596 sed
3285 5544 3409 5596 huic
3450 5540 3677 5610 opposuit

2123 5609 2302 5679 divina
2339 5610 2678 5679 providentia
2723 5625 2788 5663 ex
2817 5610 2932 5679 ipsa
2965 5613 3098 5664 urbe
3117 5609 3675 5664 Alexandrina’trium-

2123 5677 2309 5744 phales
2325 5677 2699 5739 debellatores,
2729 5677 2941 5734 Pelriun
2973 5691 3285 5749 martyrem.
3306 5681 3669 5749 Alexandrum,

2125 5749 2209 5816 (de
2242 5762 2349 5815 quo
2384 5763 2482 5801 nos
2517 5750 2743 5819 postea),
2780 5747 3163 5814 Athanasium,
3201 5747 3478 5817 Cyriliutn.
