4058 6280
462 309 560 361 Μ’)

1517 300 1571 355 8.
1614 297 1887 354 CYRILU
1927 294 2395 349 ALEXANDRINI
2436 291 2752 347 ARCHIEP.

3597 293 3690 349 ισο

462 427 528 480 ad
572 438 870 495 vesperam,
899 432 955 478 ut
992 422 1242 478 ostendat
1281 435 1386 475 non
1432 418 1588 473 facile
1630 416 1843 470 taedium
1893 413 2034 467 illius

2151 412 2395 480 ἑσπέρας,
2429 411 2513 461 ῐνα
2551 405 2701 477 δείξῃ
2736 407 2816 458 ὅτι
2857 407 2916 460 οὐ
2962 406 3067 477 χρὴ
3099 405 3378 476 ἀψικόρως
3419 404 3554 475 ἔχειν
3582 414 3694 480 περὶ

458 531 563 570 nos
598 516 777 568 subire
837 515 1059 576 debere,
1091 513 1182 567 sed
1216 508 1637 577 exspectandum
1672 520 1810 569 esse,
1841 520 1901 558 ac
1927 503 2033 556 lou-

467 606 829 673 ganimitatem
851 604 1206 657 exhibendam
1234 619 1247 655 :
1279 600 1369 654 hic
1413 599 1629 668 quidem
1666 597 1824 666 igitur
1854 610 2035 649 ascen-

467 697 563 757 .lit,
593 693 774 762 ibique
806 694 1004 746 oravit.
1047 692 1299 760 Discipuli
1354 705 1484 744 vero
1523 689 1718 742 iterum
1762 687 2035 755 jac-tantur

459 783 718 838 ﬂuctibus
748 799 810 837 ac
838 785 1070 837 hiemem
1127 783 1268 835 velut
1310 791 1435 835 ante
1485 781 1768 841 sustinent,
1794 778 1885 831 sed
1913 786 2036 829 tunc

456 875 683 942 quidem
712 888 834 927 cum
860 873 1032 942 ipsum
1068 874 1327 925 haberent
1366 872 1418 924 in
1454 871 1594 932 nari,
1623 870 1672 922 id
1718 869 1860 937 passi
1889 876 2034 926 sunt,

469 980 611 1017 nunc
642 979 827 1018 secum
880 965 1207 1017 eXsisteutes
1239 963 1376 1028 soli;
1406 961 1632 1015 seorsim
1668 959 1811 1012 enim
1851 957 2036 1026 paula—

471 1055 565 1108 tim
593 1055 658 1109 ad
717 1055 920 1124 majora
961 1070 1055 1108 eos
1110 1054 1351 1122 perducit
1403 1053 1715 1119 animatque
1771 1060 1828 1102 ut
1879 1064 2039 1118 gene-

474 1164 595 1203 roso
649 1149 828 1202 animo
879 1148 1056 1201 omnia
1122 1146 1361 1213 perferre
1427 1144 1659 1197 discant.
1727 1138 2036 1207 Pmpterea,

469 1257 589 1295 cum
623 1242 798 1309 primo
833 1240 1048 1308 quidem
1088 1236 1543 1305 periclitarentur,
1576 1233 1763 1283 aderat
1799 1230 2037 1297 quidem,

468 1333 564 1386 sed
619 1330 938 1393 dormiebat,
970 1329 1103 1383 adeo
1152 1337 1208 1379 ut
1256 1335 1474 1394 paratus
1523 1324 1745 1376 minime
1796 1328 1938 1374 esset
1974 1320 2039 1373 ad

473 1423 749 1476 ferendum
785 1421 892 1475 illis
931 1419 1207 1473 solatium.
1247 1415 1397 1469 Nunc
1434 1429 1560 1468 vero
1602 1414 1665 1467 ad
1716 1414 1917 1479 majora
1946 1426 2040 1465 eos

474 1518 698 1572 ducens.
740 1527 804 1566 ne
867 1512 963 1564 hoc
1023 1508 1238 1578 quidem
1299 1517 1537 1575 praestat,
1593 1504 1845 1565 sedabit,
1891 1512 1943 1555 et
1988 1502 2040 1553 in

472 1605 646 1657 medio
675 1604 805 1652 mari
836 1600 1102 1668 permittit
1150 1586 1409 1652 hiemem
1438 1610 1754 1665 exsurgere,
1798 1604 1853 1645 ut
1904 1592 2043 1643 unde

466 1708 616 1762 spem
635 1690 1230 1759 salutisexspectarent,
1253 1688 1359 1757 50
1380 1702 1481 1740 non
1510 1688 1803 1750 haberent;
1842 1698 1904 1735 ac
1934 1691 2044 1734 tota

2140 502 2329 563 αὐτοῦ,
2377 501 2488 554 ἀλλ’
2519 500 2831 569 ὑπομένειν,
2879 499 2973 552 καὶ
3021 495 3397 567 μακροθυμίαν
3452 496 3691 552 ἐνδείκνυ-

2144 592 2266 645 σθαι
2302 591 2473 663 (l).'()
2503 592 2599 660 μὲν
2634 586 2727 643 οὖν
2760 590 3044 642 ἀνέϐαινεν
3094 588 3290 651 ἐκεῖσε,
3335 588 3425 640 καὶ
3479 590 3697 658 προσηῠ-

2142 697 2287 754 χετο·
2315 684 2363 735 oi
2394 682 2449 735 δὲ
2476 681 2715 752 μαθηταὶ
2740 680 3157 743 κλυδωνίζονται
3183 678 3345 730 πάλιν
3366 678 3456 730 καὶ
3472 680 3699 747 χειμῶνα

2146 775 2506 842 ὑπομένουσιν
2532 768 2641 825 οἷον
2669 773 2761 825 καὶ
2794 772 3077 841 πρότερον.
3098 769 3259 823 Ἀλλά
3288 770 3409 821 τότε
3440 770 3532 838 μὲν
3564 769 3699 839 ἕχον-

2143 884 2231 929 τες
2262 866 2424 917 αὑτὸν
2449 867 2507 917 ἐν
2536 864 2612 934 τῷ
2640 863 2811 933 πλοίῳ
2851 862 3010 915 τοῦτο
3054 862 3317 930 ἔπασχον,
3350 856 3466 913 νυνί
3502 861 3555 912 δέ
3582 864 3703 914 καθ’

2145 959 2368 1021 ἑαυτοὺς
2396 959 2546 1020 ὄντες
2577 958 2746 1027 μόνοι.
2770 956 2877 1010 Καὶ
2897 956 3005 1025 γὰρ
3029 956 3214 1025 ἠρέμα
3242 955 3331 1006 καὶ
3358 954 3496 1005 κατὰ
3526 953 3702 1024 μικρὸν

2145 1050 2234 1103 ἐπὶ
2266 1051 2331 1102 τὰ
2365 1050 2585 1119 μείζονα
2615 1050 2812 1111 αὐτοὺς
2844 1048 3055 1115 ἀνάγει,
3094 1049 3187 1099 καὶ
3219 1045 3503 1113 ἐμϐιϐάζει
3544 1047 3617 1108 είς
3652 1045 3705 1096 τὸ

2146 1142 2330 1211 φέρειν
2358 1143 2535 1193 πάντα
2568 1142 2829 1207 γενναίως
2850 1158 2863 1169 '
2898 1140 2984 1191 διὰ
3018 1140 3082 1209 δὴ
3110 1138 3290 1202 τοῦτο,
3315 1140 3400 1190 ὅτε
3439 1136 3536 1206 μὲν
3568 1137 3704 1208 πρῶ-

2146 1250 2234 1283 τον
2266 1231 2596 1283 κινδυνεύειν
2629 1230 2874 1298 ἔμελλον,
2902 1228 3082 1299 παρῆν
3108 1229 3225 1296 μὲν,
3258 1227 3516 1279 ἐκάθευδε
3548 1227 3620 1287 δέ,
3640 1226 3706 1289 ὡς

2151 1323 2225 1392 μὴ
2265 1323 2481 1391 ἕτοιμος
2522 1322 2705 1374 δοῦναι
2747 1322 2845 1390 τὴν
2892 1320 3241 1389 παραμυθίαν
3268 1321 3484 1380 αὐτοῖς·
3523 1320 3633 1371 νυν).
3658 1318 3707 1370 δέ

2149 1416 2238 1466 ἐπὶ
2272 1413 2493 1483 μείζονα
2519 1414 2666 1480 ἄγων
2691 1414 2886 1475 αὐτοὺς
2909 1411 3206 1483 ὑπομονὴν,
3230 1412 3349 1463 οὐδὲ
3378 1410 3562 1462 τοῦτο·
3594 1409 3709 1463 ἀλλ’

2149 1506 2334 1558 ἄπεισι
2367 1504 2460 1556 καὶ
2495 1506 2552 1556 ἐν
2595 1505 2731 1574 μέσῃ
2773 1502 3011 1573 θαλάσσῃ
3044 1504 3317 1572 συγχωρεῖ
3349 1502 3438 1552 τὸν
3482 1501 3709 1569 χειμῶνα

2149 1595 2511 1665 διεγερθῆναι,
2545 1596 2682 1648 ὥστε
2732 1594 2866 1663 μηδὲ
2913 1594 3278 1664 προσδοκῆσαί
3327 1593 3489 1645 ποθεν
3534 1587 3710 1646 ἐλπίδα

2154 1687 2447 1754 σωτηρίας,
2482 1688 2575 1738 καὶ
2619 1686 2748 1754 ὅλην
2776 1686 2873 1755 τὴν
2904 1686 3072 1737 νύκτα
3114 1684 3338 1754 ἀφίησιν
3368 1685 3564 1746 αὐτοὺς
3596 1684 3711 1736 κλυ-

472 1795 627 1839 nocte
675 1798 769 1838 eos
802 1783 996 1852 jactari
1023 1782 1173 1842 sinit,
1204 1789 1558 1841 excaecatum,
1586 1788 1642 1829 nt
1690 1791 1789 1844 ego
1826 1775 2039 1842 quidem

2151 1776 2480 1840 Βωνίζεσθαι,
2512 1776 2792 1845 διεγείρων
2824 1776 3025 1841 αὐτῶν,
3053 1776 3128 1837 ὡς
3169 1770 3343 1845 οἶμαι,
3377 1776 3713 1844 πεπωρωμέ-

471 1875 728 1936 arbitror,
777 1887 964 1926 eorum
1030 1885 1124 1925 cor
1192 1870 1559 1923 excitans:ut
1613 1874 1761 1919 tanto
1831 1865 2039 1922 timore,

469 1980 630 2032 quem
662 1973 715 2016 et
755 1973 966 2031 tempus
1019 1970 1069 2014 et
1122 1968 1413 2029 tempestas
1468 1958 1754 2019 faciebant,
1785 1954 2044 2023 perculsis

469 2055 645 2123 majus
683 2054 763 2108 sui
803 2052 1134 2106 desiderium
1183 2067 1244 2103 ac
1304 2050 1598 2103 ﬁrmiorem
1669 2057 1722 2101 et
1773 2046 2042 2099 assiduam

476 2148 791 2201 memoriam
846 2146 1219 2215 conciperent.
1270 2143 1393 2203 ldeo
1447 2157 1552 2195 non
1582 2140 1762 2196 statim
1818 2141 1897 2193 eis
1945 2140 2041 2191 ad-

474 2241 635 2294 stitit.

543 2327 682 2395 XIV,
722 2329 812 2383 ‘27.
847 2328 1131 2397 Conﬁdite,
1157 2344 1248 2398 ego
1277 2344 1413 2381 sum.

547 2421 764 2483 Diceris,
803 2441 820 2471 ι
854 2419 1138 2485 Cnuﬁdile,
1181 2438 1198 2470 ι
1233 2419 1391 2473 ﬁdem
1419 2417 1614 2485 repetit
1640 2431 1733 2485 per
1753 2430 1913 2484 quam
1940 2414 2045 2467 sal-

478 2521 634 2565 tatur
663 2511 1034 2578 unusquisque
1061 2509 1111 2561 iu
1142 2509 1415 2562 Christum
1441 2508 1652 2561 sincere
1678 2504 2043 2564 credentium;

476 2603 678 2655 addens
724 2616 868 2665 vero,
924 2620 941 2651 ι
974 2600 1081 2668 Ego
1134 2615 1276 2665 sum,
1312 2618 1331 2650 ›
1386 2613 1601 2652 omnem
1645 2598 1892 2649 timorem
1940 2596 2046 2649 sol-

476 2694 550 2748 rit
585 2711 598 2746 :
631 2693 741 2761 Ego
771 2692 914 2747 enim
936 2732 951 2757 ,
987 2691 1179 2758 inquit,
1205 2705 1345 2754 sum,
1374 2704 1473 2758 ego
1508 2689 1599 2758 qui
1623 2688 1800 2742 omnia
1830 2702 2045 2756 possum

475 2784 675 2837 facere.

550 2874 652 2945 51
699 2872 814 2940 XV,
849 2875 903 2928 7.
936 2871 1159 2926 Irritum
1209 2872 1405 2941 fecistis
1452 2869 1756 2923 mandatum
1794 2866 1885 2920 Dei
1921 2884 2045 2935 pro-

472 2976 586 3035 pter
608 2966 943 3017 traditionem
989 2975 1234 3017 vestram.

572 3058 933 3111 Accesserunt
998 3056 1216 3124 quidam
1274 3052 1581 3109 Judaeorum
1628 3062 1684 3107 et
1727 3066 2050 3105 consecrare

477 3152 763 3204 voluerunt
811 3148 1023 3201 animas
1059 3163 1184 3201 suas
1219 3147 1346 3210 Deo,
1373 3157 1626 3213 tanquam
1652 3146 1702 3197 in
1735 3144 1904 3214 ﬁgura
1939 3144 2051 3211 qui-

478 3242 596 3294 dem
656 3237 834 3290 adhuc
856 3246 910 3290 et
941 3237 992 3289 in
1024 3236 1246 3298 umbra;
1276 3234 1573 3287 secundum
1639 3233 1808 3303 legem
1870 3243 2048 3284 tamen

476 3329 1069 3391 contitentes,suornm
1119 3328 1356 3394 ipsorum
1423 3326 1595 3394 pretia
1660 3323 2051 3386 sacerdotibus,

480 3439 544 3475 ac
602 3421 780 3473 divino
842 3419 998 3470 altari
1048 3416 1443 3470 aﬂ'erunt:sed
1500 3417 1785 3485 cupiebant
1835 3416 2050 3484 quidem

484 3510 721 3564 nonnulli
766 3511 906 3563 hanc
931 3507 1177 3577 gloriam,
1219 3508 1415 3567 sancti,
1443 3506 1684 3574 inquam,
1713 3521 1837 3559 esse
1866 3521 1931 3559 ac
1967 3522 2055 3558 sa-

484 3605 586 3667 rri,
637 3603 985 3667 divinumque
1043 3602 1369 3665 anathema;
1428 3599 1603 3667 inopia
1661 3608 1840 3652 autem
1895 3613 2053 3665 pecu-

483 3696 694 3746 niarum
752 3691 1102 3758 cupiditatem
1164 3689 1305 3742 hanc
1358 3688 1809 3757 praescindebant.
1846 3687 2051 3740 Adhor-

483 3786 719 3837 tantibus
749 3793 928 3835 autem
973 3796 1085 3845 eos,
1114 3795 1233 3832 cum
1268 3794 1405 3848 opus
1439 3788 1604 3843 esset,
1628 3780 1693 3830 ad
1728 3780 1826 3831 hoc
1850 3776 2053 3830 Scribis

483 3890 545 3929 ac
577 3871 868 3926 Pharisteis
925 3871 1247 3937 (admodum
1308 3869 1452 3921 enim
1509 3870 1858 3936 pecuniarum
1898 3876 2054 3920 erant

481 3962 787 4032 amantes),
827 3959 1183 4013 reverentiam
1242 3959 1293 4012 iu
1338 3967 1587 4027 parentes
1627 3957 2049 4026 prretendebant,

482 4070 716 4121 vereque
762 4052 1014 4105 dicebant
1061 4052 1150 4104 vix
1196 4064 1354 4119 posse
1397 4064 1456 4102 se
1507 4049 1610 4103 sibi
1668 4048 1797 4116 ipsis
1844 4047 2052 4116 illisque

484 4144 795 4200 necessaria
827 4140 1189 4211 suppeditare.
1232 4140 1293 4194 lli
1358 4154 1486 4194 vero
1516 4155 1546 4193 e
1593 4149 1778 4194 contra
1824 4141 2053 4193 suadere

481 4236 768 4298 audebant,
794 4248 891 4303 pro
943 4233 1110 4287 nihilo
1150 4233 1421 4285 ducendas
1468 4246 1589 4285 esse
1643 4234 1902 4302 pecunias
1931 4245 2050 4298 pro-

482 4340 599 4401 pter
635 4329 827 4391 Deum,
879 4336 933 4380 et
971 4327 1013 4379 si
1057 4325 1379 4380 accederent
1431 4336 1684 4393 parentes
1734 4333 2048 4378 consuetum

2144 1885 2240 1938 νην
2281 1868 2378 1938 τὴν
2408 1868 2651 1938 καρδίαν.
2687 1869 2794 1920 Καὶ
2818 1868 2927 1937 γὰρ
2954 1867 3193 1920 τοιοῦτον
3223 1870 3249 1920 ὀ
3281 1867 3471 1934 φόϐος,
3498 1866 3554 1918 ὃν
3587 1867 3713 1935 μετά

2145 1960 2411 2030 χειμῶνος
2439 1961 2533 2012 καὶ
2557 1960 2584 2010 ὀ
2616 1959 2805 2030 καιρὸς
2833 1961 3006 2012 ἐποίει
3030 1976 3043 1989 ’
3086 1959 3223 2029 μετά
3257 1960 3313 2012 δέ
3344 1962 3447 2028 τῆς
3495 1957 3715 2011 κατανύ-

2146 2050 2279 2117 ξεως
2310 2054 2401 2104 καὶ
2430 2053 2509 2114 είς
2542 2049 2836 2119 ἐπιθυμίαν
2872 2050 3091 2120 μείζονα
3118 2050 3315 2113 αὐτοὺς
3362 2049 3583 2102 ἐνέϐαλε
3622 2050 3714 2118 τὴν

2145 2140 2362 2203 ἑαυτοῦ,
2399 2142 2492 2193 καὶ
2524 2143 2601 2205 εἰς
2643 2142 2862 2210 μνήμην
2902 2140 3146 2211 διηνεκῆ-
3176 2140 3263 2192 διά
3293 2140 3455 2192 τοῦτο
3494 2140 3590 2192 οὐκ
3634 2139 3716 2191 εὐ-

2147 2231 2282 2294 θεὼς
2312 2232 2494 2294 αὐτοῖς
2520 2232 2743 2301 ἐπέστη.

2221 2323 2519 2391 Θαρσεῖτε,
2704 2327 2840 2393 ειμι.

2221 2414 2400 2478 Εᾶπὼν
2433 2415 2534 2486 (9),
2565 2434 2582 2465 ι
2616 2415 2877 2486 Θαρσεῖτε
2902 2455 2917 2480 ,
2962 2436 2980 2468 ›
3024 2417 3121 2487 τὴν
3153 2417 3333 2469 πίστιν
3372 2417 3621 2470 ἀπαιτεῖ·
3657 2417 3713 2469 δι’

2149 2503 2214 2579 ἦς
2246 2508 2476 2569 ἕκαστος
2505 2506 2610 2560 τῶν
2641 2507 2951 2577 εἰλικρινῶς
2995 2511 3073 2572 εἰς
3104 2509 3337 2580 Χριστὸν
3363 2509 3720 2564 πιστευόντων

2152 2594 2419 2657 σώζεται·
2458 2594 2756 2661 ἐπαγαγὼν
2785 2595 2863 2654 δὲ,
2912 2614 2931 2647 ι
2981 2596 3120 2665 Ἐγὼ
3148 2600 3294 2667 εἰμι,
3337 2617 3354 2648 ›
3403 2597 3523 2650 λύει
3558 2598 3721 2651 πάντα

2150 2685 2345 2750 φόϐονο
2388 2682 2528 2751 Ἐγὼ
2562 2682 2688 2753 γὰρ,
2742 2687 2926 2755 φησίν,
2958 2688 3096 2757 εἰμὶ,
3128 2688 3155 2738 ὁ
3210 2689 3391 2741 πάντα
3440 2688 3720 2756 δυνάμενος

2151 2792 2397 2844 ποιησαι.

2232 2867 2599 2935 Ἠκυρώσατε
2648 2868 2762 2937 τὴν
2807 2871 3069 2936 ἐντολὴν
3112 2870 3216 2923 τοῦ
3271 2869 3424 2923 Θεοῦ
3474 2870 3572 2924 διὰ
3618 2869 3723 2936 τὴν

2150 2957 2488 3025 παράδοσιν
2529 2958 2717 3028 ὑμῶν.

2224 3053 2540 3123 Προσῄεσάν
2596 3070 2745 3117 τινες
2798 3052 2908 3105 τῶν
2960 3052 3227 3105 Ἰουδαίων
3287 3052 3384 3105 καὶ
3449 3051 3723 3125 καθιεροῦν

2152 3145 2478 3208 ἐσπούδαζον
2523 3146 2601 3215 τῷ
2647 3144 2763 3215 Θεῷ
2792 3146 2889 3208 τὰς
2918 3144 3127 3198 ἑαυτῶν
3155 3143 3354 3213 ψυχὰς,
3388 3145 3469 3207 ὠς
3499 3145 3553 3196 ἐν
3578 3143 3725 3213 τύπῳ

2155 3239 2254 3308 μὲν
2301 3238 2380 3290 ἐτι
2430 3240 2523 3291 καὶ
2570 3240 2728 3309 σκιιξὶ⁹
2762 3237 2903 3307 πλὴν
2948 3237 3090 3289 κατὰ
3123 3236 3210 3288 τὸν
3251 3236 3419 3305 νόμον
3465 3236 3561 3299 τὰς
3607 3237 3724 3304 περὶ

2155 3326 2301 3396 σφῶν
2346 3328 2526 3381 αὐτῶν
2572 3327 2961 3397 ὁμολογοῦντες
2989 3325 3156 3395 τιμὰς
3198 3328 3310 3388 τοῖς
3355 3325 3606 3396 ἱερᾶσθαι
3642 3326 3726 3376 λα-

2154 3418 2345 3488 χοῦσι,
2404 3420 2497 3471 καὶ
2546 3418 2621 3488 τῷ
2666 3418 2795 3488 θείῳ
2852 3415 3273 3487 προσεδρεύουσι
3320 3415 3724 3484 θυσιαστηρίῳ·

2153 3508 2269 3561 ἀλλ’
2298 3505 2435 3578 ἦσάν
2484 3525 2630 3571 τινες
2674 3509 2950 3577 ἐφιέμενοι
3003 3507 3099 3577 μέη
3145 3508 3242 3577 τῆς
3291 3507 3509 3560 τοιᾶσδε
3541 3507 3724 3572 δόξης,

2154 3599 2247 3651 τοῦ
2270 3600 2602 3668 ἡγιασμένοι
2630 3595 2788 3663 εἶναι,
2819 3599 2981 3668 φημὶ,
3008 3600 3100 3651 καὶ
3125 3601 3279 3667 ἱεροὶ,
3313 3600 3411 3651 καὶ
3439 3599 3579 3651 θεῖον
3607 3599 3726 3650 ἀνά-

2155 3691 2305 3761 θημα
2324 3708 2338 3721 ⁸
2374 3692 2565 3744 σπάνει
2592 3691 2647 3743 δέ
2673 3691 2969 3761 χρημάτων
2997 3691 3392 3753 ἀνακόπτοντες
3423 3691 3519 3761 τὴν
3546 3690 3724 3743 ἐπιθυ-

2158 3782 2303 3852 μίαν.
2340 3783 2762 3851 Προτρεπόντων
2793 3783 2848 3835 δὲ
2878 3782 3071 3844 αὐτοὺς
3096 3782 3187 3833 ἐπὶ
3212 3782 3270 3833 τὸ
3301 3782 3414 3834 δεῖν
3439 3779 3575 3836 εἷναι
3601 3782 3725 3851 πρὶς

2153 3872 2311 3925 τοῦτο
2342 3873 2447 3925 τῶν
2476 3874 2782 3943 Φαρισαίων
2814 3873 2906 3926 καὶ
2928 3873 3306 3943 Γραμματέων
3339 3877 3724 3944 (ἐρασιχρήμα-

2153 3979 2234 4014 τοι
2272 3956 2415 4015 οὗτοι
2444 3962 2621 4031 λίαν),
2668 3961 2763 4030 τὴν
2805 3963 2882 4024 εἱς
2926 3962 3121 4027 γονέας
3164 3961 3294 4013 αίδὼ
3340 3963 3721 4030 προετείνοντο,

2154 4052 2249 4104 καὶ
2280 4050 2631 4120 ἀληθεύοντες
2662 4050 2867 4118 ἔλεγον,
2900 4050 3051 4119 μόλις
3098 4049 3356 4102 δύνασθαι
3389 4050 3605 4112 ἑαυτοῖς
3630 4050 3723 4101 κά·

2154 4143 2352 4205 κείνοις
2374 4143 2439 4195 τὰ
2466 4142 2687 4211 ζωαρκῆ
2718 4141 3054 4211 πορίζεσθαι.
3082 4142 3218 4193 Οἱδέ
3245 4141 3563 4194 ἀναπείθειν
3588 4140 3726 4193 ἐτόλο

2156 4253 2270 4305 μων
2297 4234 2424 4304 παρ’
2457 4232 2607 4285 οὐδὲν
2637 4232 2883 4302 ἡγεῖσθαι
2915 4232 2976 4284 τὸ
3001 4233 3188 4302 χρῆμα
3212 4232 3300 4284 διὰ
3333 4233 3426 4285 τὸν
3457 4233 3605 4297 Θεὸν,
3629 4232 3723 4285 κᾶν

2152 4326 2426 4396 προσίοιεν
2467 4326 2516 4376 οί
2560 4324 2949 4394 γεγεννηκότες
2989 4323 3085 4393 τὴν
3142 4323 3345 4393 συνήθη
3399 4324 3530 4394 παρ’
3560 4324 3722 4376 αὐτῶν

483 4421 553 4475 ab
612 4420 692 4473 eis
750 4416 1115 4470 ministerium
1177 4414 1530 4482 postulantes,
1582 4414 1867 4468 dicendum
1931 4427 2046 4465 ιτεδο

2154 4415 2440 4485 ζητοῦντες
2486 4414 2823 4484 ἐπικουρίαν,
2868 4415 3061 4484 χρῆναι
3107 4414 3284 4483 λέγειν
3332 4415 3610 4469 ἐδίδασκον
3655 4414 3723 4484 τῷ

482 4509 751 4565 docebant
771 4508 906 4574 patri
937 4516 1029 4557 aut
1060 4507 1215 4556 matri
1246 4523 1258 4559 :
1294 4523 1311 4554 ι
1351 4505 1541 4557 Munus
1568 4513 1667 4566 est,
1695 4505 2051 4571 quodcunque

484 4619 549 4655 ex
604 4613 689 4653 me
723 4598 817 4651 tibi
871 4594 1159 4665 profuerit,
1216 4614 1233 4645 ι
1272 4597 1322 4647 id
1358 4604 1459 4657 est,
1498 4594 1865 4661 Quodcunque
1903 4609 1929 4644 a
1963 4608 2048 4646 me

485 4687 780 4756 acceperis,
834 4698 1101 4755 cognosce
1157 4684 1334 4737 divino
1372 4682 1690 4752 derogatum
1746 4698 1869 4737 esse
1922 4698 2052 4735 ana-

487 4780 736 4843 themati,
765 4787 818 4833 et
876 4778 1046 4833 sacris
1095 4778 1337 4845 pecuniis
1395 4790 1581 4827 manus
1631 4789 1748 4828 esse
1804 4773 2048 4842 injectas.

486 4873 808 4930 (Ionsecravi
846 4871 989 4925 enim
1020 4880 1214 4924 memet
1263 4869 1389 4933 Deo,
1424 4876 1476 4920 et
1502 4876 1754 4935 tanquam
1787 4866 1929 4918 dono
1956 4866 2052 4918 ad-

486 4967 617 5020 dixi.
648 4964 905 5019 Parentes
930 4976 1058 5015 vero
1084 4975 1262 5014 rerum
1286 4973 1562 5011 sacrarum
1599 4957 1852 5010 damnum
1871 4956 2049 5021 veriti,

487 5057 800 5128 legibusque
822 5054 885 5107 de
914 5054 997 5107 his
1030 5052 1151 5104 latis
1190 5049 1445 5119 perculsi,
1490 5064 1610 5101 cum
1671 5048 1926 5116 patientia
1954 5048 2054 5101 hoc

488 5147 915 5217 concoqnebant,
966 5159 1029 5197 ac
1082 5142 1189 5212 52
1239 5141 1548 5211 religionem
1600 5141 1652 5193 in
1722 5138 1891 5192 Deum
1950 5138 2053 5192 sibi

489 5239 599 5292 ﬁeri
661 5238 819 5291 lamis
864 5246 1188 5307 prastextum
1230 5232 1609 5302 patiebantur,
1638 5233 2053 5283 obmurmurati-

492 5340 567 5382 tes
596 5327 734 5381 forte
762 5328 926 5380 etiam
957 5328 1137 5381 divino
1174 5334 1439 5395 praecepto
1474 5324 1524 5375 in
1571 5336 1698 5375 suas
1736 5320 2053 5390 opportuni-

561 5482 638 5549 (Ι)
666 5481 866 5535 Catena
895 5481 1137 5549 Cramer!
1168 5497 1220 5549 p.
1250 5482 1350 5535 ll8
1376 5480 1523 5531 addit
1552 5497 1565 5533 :
1595 5479 1923 5534 Διδάσκειδέ
1956 5482 2051 5533 καὶ

485 5545 646 5604 τοῦτο
670 5566 686 5581 ·
732 5550 872 5602 ὥστε
911 5552 967 5602 ἐν
1002 5545 1047 5618 ᾧ
1081 5545 1259 5619 χρεία,
1307 5548 1605 5620 ὀφείλομενΔ
1635 5551 1702 5620 τά
1749 5551 2050 5620 κοινωφελῆ

493 5622 669 5675 λαλεῖν
713 5623 823 5682 τοῖς
880 5618 1296 5689 ἐντυγχάνουσιν
1320 5657 1335 5680 ,
1362 5619 1453 5669 καὶ
1487 5618 1623 5689 μετὰ
1649 5618 1744 5686 τὴν
1795 5618 2049 5689 τοιαύτην

488 5690 720 5756 διάλεξιν
773 5691 864 5740 κατ.
915 5687 1296 5748 διδασκαλίαν,
1326 5688 1416 5739 ἐπὶ
1458 5686 1555 5753 την
1597 5688 1901 5757 προσευχὴν
1948 5686 2056 5757 χω-

2156 4507 2322 4575 πατρῖ¹
2355 4506 2385 4574 ἢ
2420 4508 2483 4575 τῇ
2512 4504 2698 4574 μητρὶ,
2724 4505 2802 4557 ὅτι
2831 4523 2848 4554 ι
2869 4504 3048 4574 Δῶρόν
3070 4506 3240 4569 ἐστιν,
3261 4507 3400 4576 ὅπερ
3429 4507 3495 4560 ἂν
3518 4507 3575 4573 ἐξ
3599 4503 3721 4575 ἐμοῦ

2154 4596 2458 4666 ὠφεληθῇς,
2495 4616 2512 4647 ι
2544 4595 2840 4655 τουτέστιν,
2866 4596 3043 4666 Ὅπερ
3066 4594 3129 4648 ἂν
3151 4597 3209 4661 ἐξ
3247 4595 3381 4666 ἐμοῦ
3413 4596 3617 4658 λάϐοις,
3648 4594 3722 4663 γί-

2155 4705 2329 4741 νωσκε
2355 4688 2415 4739 τὸ
2435 4688 2574 4740 θεῖον
2598 4686 3005 4757 παραϐλάπτων
3036 4686 3313 4755 ἀνάθημα,
3340 4688 3436 4740 καὶ
3458 4689 3722 4758 χρήμασιν

2159 4780 2320 4849 ίεροῖς
2347 4778 2444 4841 τὰς
2485 4781 2673 4849 χεῖρας
2717 4778 2936 4845 ἐπάγων
2961 4794 2974 4808 ·
3009 4777 3333 4830 ἀνατέθεικα
3362 4781 3472 4847 γὰρ
3501 4775 3720 4846 ἐμαυτὸν

2158 4873 2253 4923 καὶ
2296 4871 2370 4933 ὡς
2408 4870 2579 4940 δῶρον
2622 4871 2965 4939 ἐπήγγελμαι
3001 4869 3078 4938 τῷ
3115 4869 3253 4939 Θεῷ.
3285 4871 3347 4923 Οί
3375 4870 3431 4922 δὲ
3462 4872 3637 4937 γονεῖς
3663 4867 3722 4919 τὰ

2159 4964 2222 5014 ἐκ
2251 4963 2347 5032 τῆς
2380 4963 2682 5032 ἱεροσυλίας
2713 4962 2943 5025 δεδιότες
2984 4961 3177 5031 βλάϐη,
3211 4963 3305 5014 καὶ
3335 4962 3460 5023 τοὺς
3486 4960 3576 5013 ἐπὶ
3601 4956 3721 5027 τῷδε

2158 5054 2354 5123 νόμους
2389 5053 2806 5124 διαπεφρικότες
2834 5052 3222 5123 διεκαρτέρουν
3264 5051 3611 5120 οἰμώζοντες,
3639 5049 3722 5101 καὶ

2156 5146 2256 5216 τὴν
2294 5146 2374 5208 εἰς
2418 5143 2550 5199 Θεὸν
2602 5144 2887 5197 εὐσέϐειαν
2932 5145 3207 5215 πρόφασιν
3257 5146 3435 5206 αὐτοῖς
3484 5140 3718 5211 γενέσθαι

2156 5236 2314 5308 λιμοῦ
2350 5235 2681 5299 διετείνοντο,
2722 5236 3200 5307 κατακεκραγότες
3228 5237 3368 5306 τάχα
3394 5252 3498 5288 που
3520 5235 3611 5288 καὶ
3633 5234 3720 5300 τῆς

2158 5324 2309 5388 θείας
2336 5322 2555 5393 ἐντολῆς
2582 5321 2872 5393 ἀδικούσης
2908 5322 3104 5384 αὐτοὺς
3138 5324 3219 5386 είς
3261 5323 3330 5375 τὰ
3374 5320 3715 5392 καιριώτατα.

2157 5484 2533 5619 ρεῖἒ)Είπὼν
2565 5577 2632 5591 -
2678 5546 2947 5619 ποιῆσαιι
3002 5546 3249 5602 Cramer.
3298 5542 3505 5617 p.118.
3555 5542 3714 5619 Ἶρι-[ιη

2154 5609 2386 5700 ὁιτὲάντα
2416 5617 2709 5687 δυνάμενος
2742 5609 2963 5686 ποιῆσαι
2999 5619 3272 5672 adduntur
3292 5609 3357 5671 ex
3394 5625 3585 5670 catena
3618 5609 3708 5664 Va-

2165 5700 2362 5743 ttraua.
