4058 6280
311 305 406 360 421

1473 308 1827 366 ΟΟΜΜΕΝΤ.
1871 310 1935 365 ΙΝ
1979 311 2410 367 ΜΑΤΤΠᾺΕΠΜ.

3459 315 3565 369 ιη

317 446 332 474 ι
369 424 464 478 Διὰ
511 425 562 479 τί
603 427 807 492 τοίνυν,
842 427 1026 498 φησιν,
1059 429 1378 501 ὴκυρώσατι
1407 431 1504 502 τὴν
1540 430 1760 501 ἐντολὴν
1792 430 1884 484 τοῦ

1996 443 2129 488 tates
2189 433 2420 502 injurio:
2456 451 2474 483 ι
2516 431 2642 496 Cur,
2679 433 2843 502 igitur
2899 433 3011 496 ait,
3069 432 3282 486 irritum
3355 429 3562 486 fecistis

311 516 464 579 θεοῦ,
497 516 586 569 διὰ
608 517 708 588 τὴν
736 518 1030 588 παράδοσιν
1063 519 1256 588 ὐμῶνς
1291 539 1308 572 ι
1331 520 1476 574 Ἔδει
1501 519 1630 591 γὰρ,
1666 521 1771 574 ἔδει
1804 539 1886 574 τια

314 609 420 676 οιᾷν
449 608 577 672 τοὺς
611 607 913 676 φύσαντας,
941 609 1002 661 οὐ
1033 611 1134 680 τῆς
1164 611 1242 673 είς
1262 609 1395 663 Θεὸν
1423 609 1701 675 εὐσεϐείας
1725 611 1887 664 ἕνεκα

320 714 398 752 εον
421 699 508 750 ἐπ’
535 700 720 760 αὐτοῖς
748 700 1038 754 καταλύειν
1065 701 1248 772 νόμον.
1280 702 1489 755 Οὐκοῦν
1519 701 1641 756 οὔτε
1671 703 1779 756 τῶν
1810 702 1888 772 τῷ

311 791 426 861 Θεῷ
458 790 778 863 πρεπόντων
808 790 1108 861 ἀμελητέον
1152 791 1240 844 διὰ
1284 792 1352 844 τὰ
1395 791 1729 863 ἀνθρώπινα,
1764 791 1885 845 οῦτε

315 883 415 953 μὴν
442 883 678 936 είσάπαν
705 883 814 937 τῶν
843 882 1144 954 ἀνθρώπων
1176 883 1264 936 διὰ
1287 884 1376 936 τὸν
1409 883 1542 937 Θεὸν
1574 885 1886 955 καταμελη-

311 975 455 1028 τέον·
486 972 858 1042 ἀπονέμοντας
891 976 946 1027 δὲ
979 976 1177 1044 μᾶλλον
1207 975 1269 1028 τὸ
1297 976 1395 1044 τῆς
1424 977 1641 1046 ἀγάπης
1676 977 1886 1045 ἐξαίρε-

311 1082 398 1117 τον
419 1067 483 1134 τῇ
508 1066 728 1118 πάντων
757 1066 920 1134 ἀρχῇ,
941 1065 1187 1118 τουτέστι
1213 1065 1353 1135 Θεῷ,
1381 1067 1629 1137 καθάπερ
1656 1069 1713 1119 ὲν
1737 1068 1888 1132 τάξει

312 1156 538 1228 δευτέρᾳ
561 1157 655 1208 καὶ
676 1157 876 1224 γείτονι
907 1155 1307 1226 παρακομίζειν
1334 1155 1514 1222 εὐθὺς,
1543 1157 1636 1208 καὶ
1661 1158 1739 1218 είς
1765 1159 1888 1220 τοὺς

311 1248 407 1319 τῆς
436 1247 705 1316 γενέσεως
729 1247 1033 1317 ὑπουργοὺς
1057 1247 1154 1311 τὰς
1183 1247 1366 1310 αὐτοῖς
1388 1248 1468 1300 ὅτι
1496 1247 1728 1317 μάλιστα
1759 1264 1885 1318 πρε-

315 1336 413 1391 πού
422 1354 518 1399 σας
537 1354 586 1389 τι
598 1338 724 1407 μὰς.

387 1429 565 1481 Οὔπω
600 1427 811 1482 νοεῖτε.

383 1519 521 1581 Τοὺς
559 1518 807 1589 μαθητὰς
837 1519 965 1586 γοῦν
999 1519 1289 1582 ἀσυνέτους
1320 1522 1348 1573 6
1379 1520 1582 1590 Κύριός
1606 1537 1738 1590 φησι
1763 1521 1888 1591 περὶ

314 1609 372 1662 τὸ
407 1610 563 1679 σῶμα
594 1611 1008 1680 στρεφομένους,
1041 1610 1227 1682 ὥσπερ
1255 1613 1301 1664 οἱ
1331 1613 1634 1682 Φαρισαῖοι,
1662 1612 1757 1663 καὶ
1789 1628 1890 1681 μη-

314 1699 459 1752 δέπω
487 1700 860 1762 διαϐαίνοντας
895 1701 987 1753 ὲπὶ
1021 1700 1110 1753 τὸν
1144 1701 1252 1753 ἔσω
1284 1701 1586 1773 ἄνθρωπον.
1616 1702 1887 1774 Βρὼματα

312 1788 430 1857 οῦν,
482 1792 637 1861 φησι,
682 1791 930 1862 σώματος
967 1792 1077 1863 ἔχει
1127 1792 1427 1862 πλήρωσιν,
1464 1793 1687 1863 καρδίας
1717 1793 1770 1846 δὲ
1797 1796 1892 1863 οὐχ

313 1881 570 1936 ἅπτεται.
611 1882 681 1935 Τὸ
710 1883 765 1934 δὲ
795 1882 1022 1954 καρδίας
1057 1882 1131 1953 μὴ
1163 1883 1558 1952 ἐφαπτόμενον,
1579 1882 1637 1934 οὑ
1671 1880 1891 1935 δύναται

313 1974 574 2028 κοινῶσαι
604 1972 696 2027 τὸν
725 1973 1009 2046 ἄνθρωπον
1036 1975 1126 2027 τὸν
1160 1972 1432 2044 ἀληθινὸν,
1463 1973 1496 2044 ἢ
1533 1974 1604 2043 μὴ
1655 1973 1892 2044 καθαρὸν

311 2067 756 2137 ἀπεργάσασθαι.

387 2158 706 2224 Γενηθήτω
733 2172 830 2211 σοι
866 2158 943 2222 ὡς
982 2158 1196 2223 θέλεις.

385 2244 572 2302 Εἰπὼν
603 2249 677 2318 (1)
707 2249 782 2312 δὲ,
817 2268 834 2298 ι
873 2249 1180 2317 Γενηθήτω,
1209 2267 1226 2300 ι
1251 2247 1542 2318 βασιλικῶς
1573 2247 1888 2315 ἐφθέγξατο·

310 2345 375 2397 οὐ
416 2343 484 2396 δι’
519 2342 682 2412 εὐχῆς
704 2341 764 2392 τὸ
785 2342 967 2410 ὅραμα
994 2340 1216 2404 ἀνύσας,
1247 2340 1381 2394 ἀλλὰ
1409 2341 1495 2393 διὰ
1523 2340 1624 2411 τῆς
1664 2340 1890 2412 θεοπρε-

311 2435 453 2497 ποῦς
489 2433 733 2500 ἐξουσίας
759 2432 855 2503 (‘2).
907 2431 1186 2499 Ῥηθέντος
1223 2432 1315 2484 τοῦ
1345 2432 1525 2499 λόγου,
1553 2431 1611 2484 τὸ
1640 2431 1800 2502 ἔργον
1831 2432 1890 2482 οὐ

312 2527 555 2600 γρονίζει
580 2545 593 2558 ο
627 2527 759 2589 Θεὸς
789 2527 896 2596 γὰρ
931 2525 957 2577 ὁ
987 2525 1182 2592 λέγων,
1215 2525 1309 2577 καὶ
1341 2526 1400 2577 τὸ
1436 2525 1586 2595 ῥῆμα
1611 2524 1888 2593 ὲνεργοῦν,

314 2622 409 2674 καὶ
436 2621 467 2690 ἡ
494 2619 723 2689 δύναμις
753 2617 1050 2686 πανταχοῦ.

390 2712 576 2766 Ὥστε
600 2711 739 2776 τοὺς
774 2711 996 2779 ὄχλους
1029 2709 1348 2778 θαυμάσαι.

387 2803 558 2857 υῦπω
601 2801 662 2855 τὸ
709 2801 802 2854 τοῦ
830 2801 1034 2871 Κυρίου
1067 2801 1378 2870 κατέμαθον
1407 2799 1622 2870 ἀξίωμα
1653 2801 1732 2853 ὅτι
1761 2799 1891 2864 Θεός

312 2895 493 2950 ἔστιν·
526 2894 638 2946 ἀλλ’
673 2893 954 2963 ἄνθρωπον
982 2892 1230 2962 ἐνόμιζον
1267 2892 1429 2945 αὐτὸν
1473 2891 1646 2961 ψιλόν.
1681 2891 1772 2946 Διὸ
1797 2892 1892 2946 καὶ

313 2986 394 3059 τῷ
429 2984 550 3056 Θεῷ
584 2985 800 3055 Ἰσραὴλ
828 2983 923 3055 τὴν
951 2983 1108 3050 δόξαν
1142 2983 1489 3052 ἀπέπεμπον.

393 3172 460 3223 οι
509 3169 576 3221 δὲ
623 3168 930 3234 ἐσθίοντες
977 3164 1138 3239 ἦσαν
1170 3165 1628 3234 τετρακισχίλιοι
1655 3164 1888 3232 ἄνδρες,

310 3260 501 3330 χωρίς
532 3259 831 3329 γυναικῶν
861 3260 960 3313 καὶ
987 3259 1254 3312 παιδίων.

405 3351 502 3403 Ἐκ
529 3349 738 3402 πολλῶν
767 3350 840 3420 (5)
864 3349 1133 3402 δείκνυσιν
1167 3350 1247 3402 ὅτι
1278 3348 1408 3412 Θεὸς
1437 3350 1570 3401 ἐστι.
1611 3348 1720 3400 Καὶ
1746 3345 1894 3400 οὐδὲν

311 3437 483 3513 ἦττον
519 3443 581 3493 ἐκ
609 3441 702 3494 τοῦ
733 3441 950 3510 τρέφειν
980 3444 1036 3494 ὲν
1067 3441 1257 3510 ἐρήμῳ
1283 3440 1372 3492 τὸν
1401 3438 1576 3508 ὄχλον.
1599 3436 1766 3490 Τοῦτο
1788 3436 1896 3506 γὰρ

309 3531 674 3602 παρίστησιν,
700 3531 861 3583 οἱονεί
894 3548 1009 3592 πως
1053 3529 1199 3582 ἄκων
1240 3530 1327 3583 διὰ
1369 3529 1466 3600 τὴν
1505 3529 1769 3598 ἀνάγκην,
1802 3527 1896 3579 καὶ

307 3626 377 3678 τὸ
432 3626 530 3694 τῆς
572 3623 777 3694 τροφῆς
810 3623 1168 3694 δυσπόριστον
1221 3622 1390 3674 ποιῶν
1440 3621 1496 3673 τὸ
1555 3620 1663 3673 τῶν
1715 3621 1896 3691 ἄρτων

310 3719 547 3787 σημεῖον
576 3733 588 3744 ·
620 3718 754 3785 ὅπερ
786 3716 884 3768 οὐκ
920 3717 983 3768 ἃν
1021 3714 1274 3784 ἐποίησεν
1310 3717 1368 3766 ἐν
1406 3713 1577 3776 πόλει,
1609 3715 1742 3766 ὅπου
1788 3711 1896 3762 τῶν

307 3808 498 3861 ὠνίων
529 3809 564 3877 ἡ
591 3807 840 3876 ἀφθονία.
875 3807 1018 3876 Πλὴν
1058 3807 1350 3876 δυνάμενος
1383 3805 1526 3876 λόγῳ
1558 3804 1894 3876 κραταιῶσαι

304 3901 446 3964 τοὺς
480 3899 690 3969 ὀχλους,
716 3899 875 3951 τοῦτο
923 3900 984 3951 οὐ
1038 3901 1197 3960 ποιεῖ,
1226 3898 1312 3951 διὰ
1360 3897 1419 3949 τὸ
1465 3897 1668 3967 ἀφανές
1694 3914 1706 3928 ·
1743 3898 1803 3950 τὸ
1842 3896 1897 3948 δὲ

305 3991 430 4044 τῶν
461 3989 638 4056 ἄρτων
660 3988 734 4050 ὼς
760 3988 1002 4058 ἐναργῶς
1028 3989 1284 4041 δεικνύων
1306 3989 1407 4059 τὴν
1431 3989 1592 4040 αὑτοῦ
1623 3988 1895 4057 θεοπρεπῆ

305 4080 481 4144 δόξαν
508 4079 752 4148 ἐποίησε.

402 4229 773 4318 Ἀποκριθεὶς
814 4248 880 4301 δὲ
922 4251 1113 4319 Σίμων
1165 4251 1403 4317 Πέτρος,
1448 4247 1608 4303 εἴπεο
1651 4249 1732 4302 Σὺ
1773 4245 1827 4301 εἴ
1865 4255 1894 4304 ὀ

299 4341 578 4410 Χριστὸς
610 4343 642 4394 ό
692 4340 824 4404 Υἱὸς
856 4340 959 4392 τοῦ
993 4341 1138 4393 Θεοῦ
1179 4342 1281 4394 τοῦ
1310 4340 1542 4406 ζῶντος.

1989 533 2314 592 pra-ceptum
2377 521 2491 588 Dei,
2541 535 2762 592 propter
2812 521 3158 576 traditionem
3227 522 3498 576 vestram?
3537 537 3562 574 ι

1991 611 2288 681 Oportebat
2318 613 2484 678 enim,
2523 612 2808 682 Oportebat
2846 614 3115 666 honorare
3159 623 3426 681 parentes.
3459 629 3562 666 ItOu

1991 713 2214 772 propter
2249 703 2561 772 religionem
2591 704 2642 756 iu
2683 705 2846 757 Deum
2874 702 3044 770 legem
3080 704 3146 756 de
3173 702 3305 771 ipsis
3331 703 3562 758 solvere.

1989 794 2107 849 Non
2151 797 2332 863 igitur,
2387 810 2506 865 qua:
2561 795 2670 848 Deo
2703 786 3031 849 conveniunt
3065 806 3286 863 propter
3326 796 3561 849 humana

1989 885 2303 955 negligenda
2365 897 2527 948 sunt,
2562 901 2738 955 neque
2783 887 3009 941 omnino
3060 886 3310 940 homines
3350 895 3568 955 prepter

1993 977 2157 1031 Deum
2204 978 2532 1044 despiciendi
2576 996 2588 1031 :
2631 979 3001 1032 distribuenda
3057 992 3187 1030 vero
3250 979 3429 1046 potius
3483 989 3565 1032 est

1993 1068 2232 1120 charitas
2252 1069 2446 1121 eximia
2469 1069 2518 1120 in
2535 1069 2774 1120 omnium
2803 1069 3146 1135 principium.
3167 1069 3215 1119 id
3239 1076 3340 1130 est,
3372 1067 3561 1130 Deum,

1992 1159 2133 1212 sicut
2165 1169 2216 1212 et
2248 1161 2486 1213 secundo
2526 1160 2716 1212 ordine
2753 1160 2804 1212 iu
2857 1161 3162 1228 proximum
3207 1160 3392 1213 statim
3446 1174 3562 1212 eam

1991 1248 2257 1312 conferre,
2290 1261 2343 1302 et
2378 1250 2458 1302 vel
2490 1251 2722 1303 maxime
2762 1252 2814 1302 in
2851 1252 2971 1304 vita:
3003 1263 3260 1304 auctores
3290 1264 3564 1319 congruos

1990 1343 2070 1395 eis
2103 1342 2353 1394 honores.

2066 1432 2170 1502 53
2200 1431 2316 1493 XV,
2352 1433 2434 1486 i7.
2465 1430 2710 1484 Nondum
2752 1433 3061 1502 intelligi/is.

2068 1524 2372 1591 Discipulos
2433 1524 2599 1591 igitur
2658 1526 2775 1579 sine
2839 1525 3112 1578 intellecttt
3177 1525 3434 1579 Dominus
3489 1526 3563 1577 ait

1993 1614 2138 1667 circa
2164 1629 2360 1680 corpus
2388 1624 2677 1682 oetatpatos
2702 1655 2716 1678 ,
2750 1615 2886 1666 sicut
2926 1613 3205 1678 Pharisaei,
3235 1632 3297 1669 ac
3332 1615 3567 1668 nondum

1994 1703 2060 1756 ad
2105 1705 2419 1757 interiorem
2479 1704 2750 1758 hominem
2811 1705 3188 1759 ascendentes.
3217 1705 3332 1760 Cibi
3379 1705 3564 1773 igitur,

1925 1771 1966 1828 Β
2001 1797 2098 1861 ait,
2127 1809 2325 1862 corpus
2359 1793 2603 1862 implent,
2633 1810 2727 1847 cor
2780 1811 2904 1848 vero
2947 1811 3048 1848 non
3089 1796 3378 1861 attingunt.
3401 1771 3564 1860 ‘Quod

1996 1893 2177 1937 autem
2232 1899 2326 1936 cor
2372 1899 2476 1936 non
2511 1883 2748 1951 attingit,
2777 1900 2881 1936 nou
2934 1894 3112 1953 potest
3158 1885 3568 1938 communicare

1996 1989 2184 2028 verum
2217 1974 2514 2042 hominem,
2545 1984 2638 2027 aut
2687 1990 2789 2027 non
2825 1977 3081 2029 mundum
3122 1975 3354 2029 edicere.

2062 2150 2179 2215 XV,
2211 2151 2303 2206 28.
2347 2150 2472 2204 Fiat
2501 2152 2596 2204 tibi
2632 2154 2764 2206 sicut
2802 2153 2894 2207 vis.

2069 2243 2204 2298 Cum
2239 2244 2392 2309 dicit,
2428 2265 2446 2295 ι
2479 2243 2621 2311 Fiat,
2652 2266 2670 2296 ι
2702 2248 2846 2313 regie
2875 2245 3135 2315 loquitur,
3162 2260 3264 2299 non
3294 2247 3564 2315 precibus.

1995 2338 2090 2390 sed
2115 2337 2442 2390 auctoritate
2470 2338 2648 2390 divina
2679 2337 2994 2392 miraculum
3029 2339 3332 2408 perliciens.
3357 2340 3564 2394 Emissa

1994 2443 2147 2490 voce,
2212 2429 2391 2481 statim
2445 2445 2580 2498 opus
2630 2433 2879 2500 sequitur
2918 2429 3106 2485 :Deus
3151 2442 3235 2485 est
3283 2433 3426 2486 enim
3476 2432 3566 2501 qui

1995 2519 2253 2587 loquitur,
2321 2521 2653 2590 verbumque
2704 2521 2916 2586 eﬂicax,
2969 2533 3023 2576 et
3072 2524 3310 2592 potentia
3369 2525 3568 2594 ubique

1993 2627 2250 2681 praesens.

2067 2697 2179 2765 XV,
2210 2701 2298 2756 51.
2322 2701 2402 2754 Ita
2441 2712 2492 2754 ut
2518 2703 2681 2755 turba'
2705 2704 3038 2756 mirarentur.

2088 2790 2333 2844 Nondum
2387 2792 2596 2846 Domini
2667 2795 2978 2862 dignitatem
3039 2807 3342 2862 noverant;
3398 2795 3566 2851 Deum

1991 2899 2112 2938 esse
2148 2885 2322 2951 ipsum
2359 2885 2580 2938 ntinime
2627 2887 2804 2939 adhuc
2850 2887 3115 2953 persuasi,
3158 2889 3252 2942 sed
3299 2891 3570 2944 Ιιοιιιὶι.ι-ιιι

1994 2989 2186 3044 purum
2211 2989 2273 3027 ac
2293 2975 2590 3043 simplicem
2624 2977 2964 3042 reputabant.
2988 2976 3279 3046 Propterea
3307 2980 3372 3033 ad
3401 2980 3570 3033 Deum

1917 3087 1960 3142 ε
1992 3061 2152 3117 Israel
2187 3063 2412 3128 gloriam
2465 3062 2789 3117 referebant.

2065 3149 2172 3222 54
2201 3150 2312 3213 XV,
2341 3153 2427 3206 38.
2455 3151 2620 3204 Erant
2655 3155 2955 3224 autem,qui
2981 3157 3569 3229 manducaverunlqua-

1994 3251 2114 3293 tuor
2145 3243 2310 3293 millia
2337 3243 2603 3293 hominum
2640 3256 2787 3296 extra
2819 3247 3063 3312 parrulos
3081 3257 3127 3298 et
3162 3247 3421 3304 mulieres.

2068 3332 2108 3385 E
2145 3331 2327 3384 multis
2369 3334 2603 3385 ostendit
2660 3334 2823 3386 Deum
2874 3351 2932 3389 se
2979 3351 3118 3400 esse,
3164 3341 3464 3405 praesertim
3503 3355 3565 3393 ex

1994 3442 2059 3481 eo
2081 3427 2223 3494 quod
2255 3426 2464 3478 turbam
2501 3435 2747 3493 pasceret
2789 3428 2838 3480 in
2867 3429 3100 3484 deserto.
3133 3429 3241 3484 Hoc
3265 3433 3406 3484 enint
3444 3447 3566 3500 pro-

1997 3519 2166 3586 ponit,
2201 3517 2353 3584 quasi
2385 3518 2781 3586 quodammodo
2824 3519 3040 3584 invitus,
3077 3533 3296 3590 propter
3329 3525 3566 3576 necessi-

1999 3619 2160 3662 tatem
2184 3619 2236 3661 et
2261 3609 2504 3663 alimenti
2551 3611 2829 3678 penuriam
2862 3626 2925 3664 ac
2964 3613 3328 3668 diﬂicultatem
3373 3631 3568 3682 panum

1999 3699 2318 3752 miraculum
2355 3702 2577 3754 ederet:
2608 3701 2749 3768 quod
2793 3702 2843 3753 in
2882 3703 3101 3756 civitate
3148 3721 3250 3756 non
3303 3705 3444 3766 fecit,
3483 3707 3569 3757 ubi

1999 3789 2264 3842 venalium
2319 3804 2500 3842 rerum
2533 3792 2706 3857 copia.
2749 3784 2878 3843 Curii
2909 3801 3084 3844 tamen
3121 3797 3280 3847 verbo
3319 3797 3569 3847 corrobo-

1999 3896 2120 3935 rare
2157 3891 2340 3949 posset
2394 3883 2599 3945 turbas,
2633 3883 2682 3933 id
2728 3897 2830 3934 non
2872 3883 3018 3947 facit,
3059 3887 3181 3952 uitia
3222 3887 3269 3937 id
3313 3888 3568 3939 observa-

2001 3984 2110 4026 lt'Im
2149 3989 2252 4026 non
2303 3982 2481 4026 esset:
2516 3973 2644 4024 illud
2684 3989 2809 4026 \cro
2846 3975 2911 4026 tie
2952 3976 3178 4042 panibus
3222 3987 3470 4044 tanquam
3508 3982 3571 4031 ad

1999 4065 2210 4117 oculum
2246 4065 2558 4128 ostendens,
2592 4063 2700 4117 Deo
2740 4067 3151 4119 convenientem
3195 4068 3259 4119 de
3297 4083 3354 4120 se
3391 4071 3571 4121 conci-

2001 4157 2138 4208 tavit
2167 4156 2496 4223 Opinionem.

2072 4244 2211 4305 XVI.
2251 4244 2334 4296 16.
2379 4243 2712 4310 Respondeas
2749 4254 2919 4296 autem
2951 4243 3130 4297 Simon
3163 4245 3346 4299 Petrus
3394 4249 3573 4303 dixit:

2004 4335 2080 4389 Tu
2103 4352 2153 4389 es
2180 4333 2422 4388 Christus
2459 4332 2628 4384 Filius
2663 4333 2757 4386 Dei
2781 4337 2900 4390 vivi.

379 4432 505 4484 Οὐκ
534 4426 687 4483 εἶπεν
724 4432 752 4483 6
788 4431 990 4500 Πέτρος
1014 4447 1026 4459 ·
1082 4431 1154 4482 Σὺ
1193 4427 1244 4483 εἷ
1275 4432 1527 4501 Χριστὸς,
1570 4432 1602 4500 ἢ
1651 4432 1773 4493 Υἱὸς
1807 4430 1892 4483 τοῦ

2079 4427 2189 4480 Non
2219 4426 2354 4478 dixit
2391 4425 2597 4487 Petrus,
2637 4423 2715 4478 Tu
2743 4442 2800 4480 es
2840 4428 3084 4482 Christus
3121 4428 3199 4481 vel
3247 4428 3412 4482 Filius
3461 4431 3573 4496 Dei,

296 4523 450 4576 Θεοῦ
475 4537 488 4550 ·
526 4521 690 4574 ἀλλά·
734 4522 786 4573 Ὀ
817 4521 1066 4588 Χριστὸς
1087 4561 1102 4584 ,
1144 4520 1173 4573 ὁ
1210 4523 1339 4585 Υἱὸς
1373 4521 1477 4574 τοῦ
1508 4520 1675 4576 Θεοῦ,
1705 4522 1894 4572 Πολλοὶ

302 4617 416 4686 μὲν
445 4614 559 4684 γὰρ
590 4616 798 4682 χριστο“.
835 4613 976 4665 κατὰ
1004 4614 1162 4683 χάριν
1186 4654 1200 4678 ,
1237 4614 1328 4665 καὶ
1373 4612 1643 4675 υἱοθεσίας
1677 4612 1895 4677 ἀξίωμα

295 4709 556 4777 ἔχοντες,
599 4705 732 4757 ἀλλὰ
766 4705 924 4773 μόνος
968 4699 1097 4766 εἷςὸ
1123 4705 1281 4772 φύσει
1318 4704 1438 4766 Υἱὸς
1469 4705 1562 4757 τοῦ
1601 4706 1757 4759 Θεοῦ.
1808 4706 1898 4758 Διὸ

299 4797 462 4870 μετά
479 4795 685 4867 ἄρθρου
707 4795 830 4866 ἔφη·
858 4814 876 4846 ι
901 4795 956 4847 ’0
975 4795 1246 4865 Χριστδςδ
1264 4795 1387 4858 Υἱὸς
1400 4793 1490 4846 τοῦ
1505 4795 1658 4848 Θεοῦ.
1681 4815 1698 4846 ›
1720 4794 1900 4848 Εἰπὼν

292 4891 360 4943 δὲ
393 4889 568 4943 αὐτὸν
598 4887 726 4942 Υίδν
763 4886 852 4940 τοῦ
881 4887 1018 4940 Θεοῦ
1055 4886 1146 4942 τοῦ
1174 4887 1675 4952 ζῶντος,δείκνυσιν
1699 4888 1778 4940 ὅτι
1804 4888 1899 4940 αὐο

291 4983 402 5045 τὸς
441 4981 559 5050 ζωὴ
609 4976 697 5050 ἦν,
733 4982 825 5032 καὶ
872 4980 1100 5042 θάνατος
1145 4979 1308 5032 αὑτοῦ
1357 4980 1419 5031 οὐ
1474 4980 1738 5050 κυριεύει.
1782 4979 1902 5032 Κᾶν

293 5079 428 5144 γὰρ
458 5073 595 5143 πρὸς
620 5073 802 5139 ὀλίγον
833 5075 864 5143 ἡ
898 5074 1032 5143 σὰρξ
1062 5072 1357 5142 ἠσθένησεν
1393 5072 1768 5136 ἀποθανοῦσα,
1791 5074 1905 5126 ἀλλ’

292 5165 546 5231 ἀνέστη.
590 5163 663 5232 μὴ
696 5161 992 5230 δυναμένου
1017 5161 1109 5214 τοῦ
1147 5162 1202 5212 ἐν
1237 5161 1371 5231 αὐτῇ
1405 5161 1574 5228 Λόγου
1602 5161 1704 5212 ὑπδ
1736 5161 1906 5225 δεσμὰ

295 5257 557 5312 θανάτου
590 5255 927 5325 κρατεῖσθαι.

383 5347 503 5402 Καὶ
533 5346 720 5398 πύλαι
749 5345 898 5411 ᾅδου
927 5347 999 5398 οὐ
1029 5346 1516 5414 κατισχύσουσιν
1550 5345 1760 5413 αὐτῆς.

387 5589 478 5647 (il
517 5583 716 5640 Ειπὼν
739 5615 806 5627 -
843 5582 1172 5651 πανταχοῦ.
1209 5583 1453 5634 Cramer.
1488 5596 1538 5647 p.
1574 5580 1693 5634 {'25.

384 5651 477 5721 t9)
535 5655 822 5723 ﬂuensque
881 5654 1236 5722 fraguteutum
1277 5652 1416 5720 apud
1471 5651 1900 5722 Corderium_p.

295 5732 380 5784 5.")
397 5731 424 5779 ’Ξ
437 5767 452 5778 .

2004 4521 2094 4573 sed
2117 4518 2375 4581 Christus,
2401 4515 2569 4569 Filius
2595 4516 2731 4572 Dei:
2758 4519 2907 4573 multi
2939 4521 3198 4590 siquidem
3238 4522 3422 4576 chrisli
3454 4536 3575 4576 sunt

2005 4609 2171 4679 gratia
2206 4608 2295 4677 qui
2332 4619 2383 4662 ct
2412 4609 2728 4677 dignitatem
2761 4612 3066 4680 adeptiouis
3107 4614 3336 4666 ﬁliorum
3386 4629 3570 4668 conse-

2006 4702 2134 4762 cuti,
2197 4700 2289 4751 sed
2351 4708 2558 4751 tantum
2624 4716 2762 4754 unus
2817 4713 3005 4755 natura
3064 4701 3154 4755 Dei
3213 4703 3578 4758 Filiusrideo

2007 4789 2377 4844 cumarticulo
2421 4791 2557 4843 dixit
2595 4808 2607 4844 :
2647 4790 2745 4845 llic
2792 4792 3057 4856 Christus,
3088 4795 3175 4847 hic
3237 4793 3405 4847 Filius
3461 4795 3572 4848 Dei.

2011 4882 2243 4937 Dicendo
2277 4893 2457 4936 autem
2518 4883 2692 4950 ipsum
2733 4898 2854 4938 esse
2888 4881 3078 4936 Filium
3112 4883 3200 4936 Dei
3239 4884 3368 4950 vivi,
3397 4894 3576 4938 osten-

2009 4975 2087 5027 dit
2130 4974 2300 5042 ipsutn
2330 4973 2492 5026 vitam
2519 4988 2660 5039 esse,
2706 4974 3131 5043 tuortemqueilli
3154 4990 3256 5026 non
3289 4975 3576 5033 dominari.

2011 5059 2160 5116 Licet
2188 5064 2332 5115 enim
2369 5062 2438 5113 ad
2465 5064 2717 5129 exiguum
2767 5071 2977 5128 tempus
3023 5077 3150 5115 caro
3181 5075 3388 5115 mortua
3419 5060 3580 5114 fuerit

2012 5153 2303 5218 infirmata,
2352 5153 2448 5204 sed
2481 5155 2804 5213 resurrexit,
2841 5151 3017 5204 Verbo
3047 5152 3188 5219 quod
3239 5152 3290 5204 in
3343 5168 3404 5206 ea
3462 5162 3578 5205 erat

2014 5244 2236 5298 minime
2262 5243 2470 5296 valente
2499 5245 2686 5295 mortis
2710 5245 2968 5310 compede
3010 5243 3257 5298 detineri.

2065 5332 2206 5398 XVI,
2233 5336 2318 5386 18.
2348 5331 2421 5386 Et
2452 5345 2619 5402 porta:
2651 5332 2808 5400 inferi
2839 5349 2940 5385 non
2962 5332 3308 5400 priet-Metium
3332 5339 3579 5388 adverqu

2001 5439 2135 5476 rant.

2085 5579 2161 5648 (3)
2195 5578 2302 5630 Hoc
2336 5575 2690 5648 fragmentum
2721 5577 3008 5631 Cramerus
3037 5577 3205 5632 edidit
3229 5595 3280 5648 p.
3334 5581 3452 5639 1'27.
3486 5583 3579 5632 sed

2013 5646 2322 5715 corruptum
2356 5656 2408 5697 et
2443 5646 2706 5710 mutilum,
2750 5665 2868 5702 euut
2900 5660 3075 5701 tamen
3104 5664 3167 5700 ex
3193 5646 3450 5705 Cut‘tierio
3480 5650 3576 5702 ha—

2015 5720 2157 5770 iu't'et
2196 5717 2332 5768 unde
2363 5724 2601 5766 sanaret.
