4058 6280
540 321 646 376 1‘23

611 434 1074 504 Quicntadmodum
1108 431 1380 487 additioue
1426 426 1666 481 materiae
1700 430 1925 478 accens‘a
1961 420 2107 474 ﬂam-
2136 427 2181 481 Α

543 545 651 595 ma,
684 530 738 582 in
768 525 941 591 majus
988 523 1278 587 excrescit,
1308 520 1380 573 ita
1433 518 1597 572 etiam
1644 513 2111 586 persecutionibus

543 619 745 675 Christi
804 616 1100 672 Ecclesiam
1152 614 1332 667 delere
1392 611 1688 669 studentes.
1732 607 1798 660 ad
1855 604 2110 671 majorem

544 712 770 781 gloriam
796 724 858 762 ac
892 711 1148 761 virtutem
1179 720 1296 759 eam
1321 715 1640 772 provexere.
1678 697 1734 752 Si
1772 711 1900 749 vero
1937 694 2115 748 Eccle-

545 804 657 868 siae,
695 801 892 869 inquit,
918 815 1022 853 non
1053 798 1472 865 praevaluernnt,
1511 791 1676 845 multo
1726 789 1903 842 minus
1946 785 2110 839 mihi:

547 894 728 961 itaque
752 907 817 944 ne
847 889 1105 951 turberis,
1138 887 1315 948 Petre,
1343 899 1464 939 cum
1502 882 1785 935 auditurus
1824 894 1884 932 es
1908 877 2116 930 traden-

547 983 671 1036 dum
707 996 790 1035 tne
827 981 1083 1048 crucique
1128 977 1467 1046 aliigendum.
1531 972 1660 1025 Dein
1712 971 1870 1023 alium
1905 981 2117 1035 quoque

551 1074 809 1127 honorem
848 1071 1074 1137 profert.

623 1177 727 1247 55
750 1176 892 1238 XVI,
928 1178 1011 1230 18.
1050 1175 1221 1243 Super
1246 1173 1380 1227 hanc
1404 1182 1600 1241 petram
1629 1170 1901 1238 mdiﬁcabo
1939 1166 2118 1220 Eccle-

551 1272 680 1325 siam
707 1287 892 1323 meam.
939 1269 1003 1321 Et
1034 1268 1167 1319 dabo
1197 1266 1290 1318 tibi
1318 1266 1482 1317 claves
1511 1262 1653 1331 regni
1683 1260 1951 1314 caelorum.

618 1468 1003 1525 Animadverte
1055 1462 1327 1534 quomodo
1376 1460 1660 1513 Dominum
1710 1473 1768 1512 se
1804 1457 2114 1511 summatim

554 1562 675 1617 cmli
717 1569 982 1627 terraeque
1016 1558 1275 1611 declarat.
1319 1552 1591 1607 Promittit
1640 1551 1924 1618 enimqure
1956 1564 2114 1615 supra

553 1664 789 1705 nostram
852 1661 1100 1701 naturam
1157 1653 1318 1709 sunt,
1374 1644 1479 1695 imo
1510 1651 1561 1693 et
1611 1656 1768 1709 supra
1821 1640 2118 1708 angelicam

1532 311 1590 364 Β.
1633 305 1904 364 CYBILLI
1946 299 2416 358 ALEXANDle
2455 294 2774 353 ARCIIIIEJ’.
3649 297 3735 351 ηε

2286 417 2500 484 Ὥσπερ
2537 413 2587 465 oi
2628 413 2694 481 τῇ
2742 406 3026 479 προσθήκῃ
3065 405 3163 476 τῆς
3200 404 3332 474 ὕλης
3364 406 3636 477 καιομένης
3660 412 3739 465 ἑτι

2211 507 2272 560 τὺ
2305 505 2493 576 μεῖξον
2520 504 2764 572 αἴροντες
2790 500 2889 569 τὴν
2918 497 3112 565 φλόγα,
3147 494 3321 555 οὕτως
3349 494 3437 546 καὶ
3461 498 3502 547 οί
3526 497 3737 552 καθελεῖν

2211 599 2311 668 τὴν
2344 595 2439 649 τοῦ
2486 592 2721 663 Χριστοῦ
2763 589 3089 657 Ἐκκλησίαν
3131 584 3519 648 σπουδάσαντες
3556 589 3633 641 διὰ
3666 592 3741 643 τὸν

2214 688 2449 758 διωγμὸν
2476 685 2643 754 αὐτὴν
2679 685 2757 745 είς
2791 679 2975 751 μεῖζον
3011 677 3169 747 δόξης
3211 675 3515 744 προήγαγον
3556 677 3641 729 καὶ
3664 678 3742 730 δυ.

2214 781 2446 849 νάμεως.
2468 777 2529 829 Εἰ
2554 776 2610 827 δὲ
2628 774 2728 843 τῆς
2744 771 3087 840 Ἐκκλησίας,
3104 767 3288 838 φησὶν,
3307 767 3365 817 οὑ
3379 766 3742 836 κατισχύσουσι,

2216 870 2391 939 πολλῷ
2445 868 2644 939 μᾶλλον
2696 864 3020 934 ὲμοῦ.”οστε
3059 861 3131 931 μὴ
3183 860 3249 912 σὺ
3300 858 3549 930 φοϐηθῇς,
3576 860 3741 931 Πέτρε,

2215 962 2432 1014 ἐπειδὰν
2486 959 2701 1029 μέλλεις
2750 954 3004 1016 ἀκούειν,
3067 955 3147 1005 ὅτι
3198 950 3628 1021 παραδοθήσομαι
3670 954 3749 1004 καὶ

2218 1052 2698 1124 σταυρωθήσομαι.
2729 1044 2861 1101 Εἶτα
2893 1047 2985 1099 καὶ
3013 1045 3207 1115 ἑτέραν
3239 1044 3391 1109 λέγει
3423 1046 3595 1112 τιμήν.

2299 1163 2423 1215 Ἐπί
2445 1162 2626 1227 ταύτῃ
2666 1158 2740 1222 τῇ
2775 1157 2961 1226 πέτρᾳ
2986 1153 3361 1223 οἰκοδομήσω
3380 1171 3494 1221 μου
3524 1154 3628 1221 τὴν
3646 1154 3745 1208 Ἑκ-

2219 1255 2505 1322 κλησίαν.
2558 1250 2663 1305 Καὶ
2709 1250 2878 1303 δώσω
2942 1265 3041 1302 σοι
3093 1246 3199 1311 τὰς
3245 1244 3408 1310 κλεῖς
3451 1243 3551 1311 τῆς
3596 1246 3753 1308 ,ϐασι-

2211 1343 2387 1410 λείας
2412 1343 2529 1396 τῶν
2566 1339 2855 1409 οὐρανῶν.

2295 1459 2393 1510 Ἀθ
2404 1475 2482 1526 ρει
2502 1457 2574 1526 (9.)
2596 1457 2743 1517 ὅπως
2764 1453 2963 1522 Κύριον
2984 1450 3171 1502 ἑαυτὸν
3189 1446 3471 1516 ἀποφαίνει
3495 1445 3758 1515 συλλήϐδην

2217 1547 2449 1615 ούρανοῦ
2480 1546 2574 1599 καὶ
2606 1546 2705 1613 γῆς
2728 1561 2740 1573 ο
2767 1543 3106 1611 ὑπισχνεῖται
3131 1538 3237 1608 γὰρ
3263 1540 3329 1590 τὰ
3357 1537 3490 1606 ὑπὲρ
3516 1536 3660 1604 φύσιν
3679 1538 3761 1605 τὴν

2224 1640 2344 1692 καθ’
2378 1638 2546 1708 ἡμᾶς,
2576 1637 2774 1706 μᾶλλον
2794 1633 2850 1686 δὲ
2884 1633 2977 1685 καὶ
3008 1632 3213 1694 τάξεως
3236 1629 3334 1699 τῆς
3366 1628 3663 1694 ἁγγελικῆς,
3682 1627 3762 1678 καὶ

553 1742 915 1795 tonditioncm
941 1778 955 1801 ,
984 1753 1101 1805 qua:
1133 1735 1363 1802 denique
1395 1732 1482 1784 uni
1520 1742 1574 1785 et
1620 1729 1897 1783 excedenti
1930 1744 2118 1782 omnes

2230 1733 2322 1784 ὅσα
2354 1730 2486 1801 μόνῃ
2524 1729 2721 1798 πρέπει
2752 1723 3073 1796 χαρίζεσθαι
3097 1724 3160 1793 τῇ
3192 1721 3454 1775 ἀνωτάτω
3479 1718 3652 1769 πασῶν
3676 1718 3763 1784 φύ-

555 1844 760 1884 natura:
790 1839 841 1883 et
875 1827 1141 1894 majestnti
1192 1825 1488 1876 attribuere
1526 1821 1703 1873 decet.
1758 1818 1942 1873 Primo
1996 1818 2119 1886 qui-

555 1924 674 1975 dem
728 1934 849 1974 esse
891 1916 1189 1971 Ecclesiam
1240 1914 1292 1965 in
1326 1918 1590 1980 potestate
1628 1924 1726 1962 sua
1760 1910 1929 1972 dicit,
1956 1923 2117 1976 quam

557 2012 753 2079 alioqui
782 2024 950 2063 sacra:
986 2006 1204 2060 Litterae
1232 2005 1338 2056 Deo
1367 2003 1546 2069 potius
1587 2017 1745 2068 quam
1787 2001 1881 2053 ulli
1917 2000 2119 2053 homini

558 2102 853 2169 subiectam
907 2098 1194 2151 aﬂirmant.
1238 2096 1327 2147 Ait
1361 2095 1558 2161 quippe
1592 2091 1811 2155 Paulus,
1850 2091 2122 2143 Christum

558 2192 658 2245 sibi
691 2192 833 2244 illam
860 2201 1203 2256 comparasse
1226 2184 1415 2254 quavis
1446 2183 1651 2236 macula
1686 2195 1921 2252 rugaque
1938 2198 2125 2235 caren-

568 2293 675 2339 tem
705 2284 749 2315 “
777 2302 790 2336 :
818 2298 972 2351 quant
1009 2280 1168 2333 etiam
1196 2279 1448 2330 fundasse
1471 2275 1627 2341 dicit,
1664 2275 1917 2328 firmitate
1953 2275 2124 2327 eidem

562 2373 837 2433 attributa,
876 2383 1032 2424 euum
1066 2369 1139 2422 sit
1188 2366 1301 2435 ipse
1346 2366 1599 2417 virtutum
1662 2363 1936 2425 Dominus,
1967 2372 2129 2429 atque

562 2467 684 2519 huic
716 2462 928 2515 Pclrntn
961 2467 1230 2528 pastorem
1263 2450 1895 2525 prmposuit(i).-—Tum
1917 2453 2123 2506 subdit:

566 2575 586 2608 ι
607 2556 673 2608 Ει
702 2555 792 2608 tibi
824 2554 960 2606 dabo
996 2550 1170 2603 claves
1202 2550 1349 2619 regni
1391 2546 1671 2601 caelorum.
1694 2544 1878 2598 iHanc
1894 2557 2017 2595 vero
2034 2557 2127 2596 vo-

560 2663 673 2699 cem
712 2660 813 2698 ιιοη
839 2642 1078 2710 angelus,
1110 2656 1211 2693 non
1243 2642 1345 2693 alia
1372 2638 1576 2707 quaevis
1600 2635 1877 2689 rationalis
1893 2645 2129 2703 potestas

558 2737 801 2806 proferre
831 2742 1026 2802 potest.
1066 2735 1228 2787 Decet
1272 2739 1449 2785 autem
1482 2730 1658 2797 potius
1681 2727 1920 2781 onmium
1955 2724 2128 2778 domi-

556 2836 802 2879 natorem
842 2825 1005 2878 Deum
1029 2862 1044 2888 ,
1082 2823 1172 2891 qui
1232 2821 1354 2875 coeli
1396 2830 1659 2888 terraeque
1711 2827 1853 2871 tenet
1889 2827 2128 2885 potesta-

561 2926 695 2974 tem.
721 2915 955 2982 Tempus
980 2923 1156 2967 tamen
1188 2913 1312 2965 doni
1353 2909 1769 2964 resurrectionis
1816 2908 1945 2961 hora
1982 2906 2125 2972 fuit,

560 3024 681 3063 cum
718 3009 885 3061 dixit:
920 3024 939 3057 ι
974 3007 1214 3074 Accipite
1252 3004 1511 3073 Spiritum
1549 3014 1820 3057 sanctum.
1850 3001 2121 3067 Quorum-

2226 1841 2306 1876 σει
2330 1840 2390 1875 τε
2430 1822 2526 1874 καὶ
2563 1820 2719 1890 δόξῃ·
2753 1816 2966 1889 πρῶτον
2996 1815 3095 1886 μὲν
3137 1815 3243 1883 γάρ
3273 1829 3441 1881 φησιν
3477 1811 3556 1877 ἐφ’
3597 1808 3764 1861 ἑαυτοῦ

2224 1911 2361 1967 εἶναι
2387 1914 2484 1982 τὴν
2526 1910 2852 1978 Ἐκκλησίαν
2878 1924 2889 1936 ·
2924 1907 3100 1961 καίτοι
3131 1906 3236 1958 τῶν
3263 1905 3425 1974 ἱερῶν
3454 1901 3766 1972 Γραμμάτων

2225 2005 2342 2073 Θεῷ
2369 2003 2567 2073 μᾶλλον
2595 2000 2689 2055 καὶ
2717 2002 2892 2054 οὐδενὶ
2935 2000 3043 2052 τῶν
3088 1996 3392 2069 ἀνθρώπων
3438 1993 3766 2065 άφιερούντων

2225 2097 2397 2165 αὐτήν
2414 2110 2426 2122 ·
2454 2094 2556 2165 ἔφη
2588 2093 2697 2163 γάρ
2722 2095 2749 2145 ὁ
2770 2090 2999 2153 Παῦλος,
3022 2092 3102 2143 ὅτι
3134 2091 3302 2158 αὐτὴν
3334 2087 3505 2156 ἐαυτῷ
3528 2086 3769 2155 παρέστη-

2228 2205 2318 2239 σεν
2358 2190 2386 2239 ὁ
2432 2185 2664 2256 Χριστὸς
2712 2183 2786 2254 μὴ
2826 2184 3052 2252 ἔχουσαν
3086 2181 3274 2233 σπῖλον
3309 2180 3345 2249 ἢ
3397 2178 3603 2249 ρυτίδα’
3637 2176 3768 2245 ἠνδὴ

2227 2279 2323 2330 καὶ
2347 2276 2630 2347 θεμελιοῦν
2661 2275 3071 2344 ἐπαγγέλλεται,
3122 2273 3183 2325 τὸ
3224 2274 3609 2324 ἀκατάσειστον
3651 2268 3768 2337 αὐτῇ

2228 2366 2570 2439 προσνέμων,
2594 2366 2666 2429 ὡς
2691 2366 2851 2428 αὐτὸς
2871 2366 3129 2434 ὑπάρχων
3150 2363 3255 2415 τῶν
3276 2362 3551 2430 δυνάμεων
3572 2357 3769 2429 Κύριος

2230 2459 2321 2510 καὶ
2348 2456 2551 2524 ταύτης
2579 2458 2812 2525 ποιμένα
2856 2456 2945 2507 τὸν
2992 2456 3197 2523 Πέτρον
3232 2454 3540 2521 ἐφίστησιν.
3564 2480 3627 2490 -
3656 2443 3771 2500 Εἶτα

2230 2550 2361 2621 ἔφη’
2399 2540 2435 2601 ι’
2464 2551 2573 2603 Καὶ
2604 2550 2759 2602 δώσω
2789 2566 2871 2601 σοι
2925 2550 3021 2610 τὰς
3056 2548 3202 2609 κλεῖς
3241 2547 3343 2615 τῆς
3386 2543 3649 2613 βασιλείας
3683 2540 3773 2593 τῶν

2230 2640 2489 2711 οὐρανῶν.
2536 2658 2554 2691 s
2599 2638 2818 2710 Ταύτην
2841 2638 2898 2690 δὲ
2931 2638 3112 2706 φωνὴν
3142 2637 3242 2688 οὐκ
3270 2634 3522 2703 ἄγγελος,
3549 2633 3640 2685 οὐκ
3660 2629 3773 2697 ἄλλη

2230 2747 2311 2791 τις
2341 2729 2529 2799 λογικὴ
2565 2729 2790 2798 δύναμις
2836 2728 3170 2796 φθέγξασθαι
3204 2725 3452 2779 δύναται.
3504 2722 3693 2793 Πρέπει
3728 2720 3776 2772 δὲ

2236 2820 2433 2890 μᾶλλον
2481 2818 2558 2889 τῷ
2614 2813 2845 2871 πάντων
2880 2819 3168 2888 κρατοῦντι
3223 2814 3346 2884 Θεῷ
3371 2856 3385 2880 ,
3422 2814 3515 2866 καὶ
3557 2808 3775 2877 ἐξουσίαν

2232 2911 2408 2981 ἔχοντι
2428 2911 2529 2980 γῆς
2557 2911 2647 2962 καὶ
2676 2906 2926 2978 ούρανοῦ,
2964 2908 3101 2975 πλὴν
3130 2905 3157 2955 ὁ
3191 2904 3283 2956 τοῦ
3315 2904 3489 2973 δώρου
3528 2899 3700 2969 καιρὸς
3720 2891 3777 2966 ἦν

2233 3003 2267 3072 ἡ
2300 3000 2397 3071 τῆς
2425 2999 2771 3058 ἀναστάσεως
2801 2996 2939 3067 ὥρα,
2968 2996 3053 3047 ὅτε
3086 2989 3205 3046 εἶπε
3230 3009 3244 3025 ·
3289 3011 3308 3043 ι
3355 2992 3557 3045 Λάϐετε
3581 2986 3778 3055 Πνεῦμα

554 3114 770 3168 cunque
842 3099 1154 3153 dimiseritis
1229 3106 1471 3166 peccata,
1534 3095 1881 3148 remittuntur
1928 3092 2038 3156 eis,
2082 3100 2126 3146 el

2239 3092 2391 3159 ἆγιον
2411 3106 2424 3119 ’
2456 3090 2520 3143 ἄν
2546 3106 2705 3141 τινων
2751 3089 2922 3156 ἀφῆτε
2972 3089 3067 3149 τὰς
3104 3085 3401 3156 ἁμαρτίας,
3435 3082 3671 3151 ἀφίενται
3696 3078 3780 3131 αὐ·

560 3205 787 3259 quorum
824 3188 1184 3250 retinueritis,
1226 3197 1426 3242 retenta
1463 3196 1585 3242 sunt
1617 3186 1681 3238 ³⁰.
1713 3202 1731 3235 ι

634 3303 790 3365 XVI,
829 3302 921 3357 ‘27.
959 3301 1134 3355 Filius
1178 3304 1315 3355 enim
1351 3302 1579 3354 hominis
1628 3309 1872 3353 uenturus
1902 3307 1978 3351 est
2012 3313 2128 3351 cum

566 3394 736 3464 gloria
765 3395 933 3463 patris
973 3394 1074 3446 sui.

636 3484 874 3540 Gloriam
902 3485 1029 3539 dicit
1058 3483 1582 3552 transtigurationem
1611 3481 2129 3536 commutationem-

564 3593 667 3646 que
697 3588 901 3630 natura:
934 3585 1164 3640 nostra,
1221 3590 1340 3645 quae
1378 3575 1604 3644 gloriam
1650 3571 2125 3641 incomparabilem

567 3667 807 3734 habt-bit,
840 3682 947 3737 pra:
978 3666 1216 3735 qualibet
1252 3667 1434 3735 Specie
1456 3665 1507 3719 in
1534 3664 1944 3733 praesentiarum
1975 3678 2128 3731 spec-

567 3760 735 3814 tuliili.

634 3850 741 3920 56
774 3849 910 3902 XVI.
940 3850 1030 3913 ‘24,
1069 3849 1160 3911 25,
1199 3846 1289 3901 28.
1324 3847 1546 3914 Abneget
1580 3845 2001 3911 semetipsum....
2029 3842 2135 3907 Qui

567 3942 703 3991 enim
755 3938 971 3990 ro!uerit
1011 3937 1240 3987 animum
1289 3950 1437 3987 suam
1484 3932 1682 3985 salvam
1717 3932 1908 3998 facere,
1958 3933 2133 3997 perdet

563 4045 679 4080 eam
704 4043 723 4090 ;
754 4028 841 4093 qui
874 4037 1050 4078 autent
1071 4024 1351 4091 perdiderit
1375 4023 1603 4075 animam
1627 4037 1776 4073 suam
1804 4031 2011 4088 propter
2031 4037 2132 4086 me,

566 4118 781 4171 inveniet
815 4134 1025 4170 eam....
1051 4113 1183 4168 Sunt
1216 4114 1427 4183 quidam
1444 4113 1507 4165 de
1530 4111 1613 4164 hic
1644 4112 1899 4164 stantibus
1920 4113 2006 4180 qui
2034 4127 2136 4165 non

563 4211 840 4278 gustabunt
874 4224 955 4260 mo
970 4218 1117 4259 rtem.

630 4301 762 4355 Cum
810 4301 1044 4353 nondum
1080 4312 1143 4350 ex
1186 4294 1291 4350 alto
1321 4294 1571 4347 virtutem
1600 4293 1935 4362 accepissent
1968 4291 2135 4346 disci-

563 4392 693 4459 puli,
713 4406 808 4459 par
836 4399 1063 4443 erateus
1090 4388 1227 4441 forte
1256 4386 1305 4439 in
1348 4387 1609 4439 humanas
1648 4385 1880 4437 incidere
1909 4383 2137 4436 inlirmi-

569 4491 745 4544 tates,
787 4494 850 4532 ac
896 4479 1074 4532 simile
1129 4477 1255 4543 quid
1284 4476 1580 4544 cogitantes
1614 4476 1793 4527 dicere
1822 4493 1835 4528 :
1860 4474 2137 4540 Quomodo

564 4568 851 4638 abnegabit
891 4568 1012 4635 quis
1039 4565 1311 4634 seipsum?
1338 4575 1428 4617 aut
1451 4565 1739 4632 quomodo,
1774 4567 1862 4631 qui
1895 4564 2139 4631 perdide-

569 4661 636 4712 rit
682 4657 918 4710 animam
951 4671 1125 4720 suam,
1172 4656 1409 4708 inveniet
1456 4653 1609 4707 earn?
1658 4653 1923 4720 quodnam
1958 4665 2135 4706 autem

567 4749 669 4803 iiiis
693 4752 805 4801 inec
827 4746 1153 4817 patientibus
1182 4760 1278 4815 par
1303 4742 1617 4813 praemium?
1646 4741 1936 4809 Propterea
1969 4752 2024 4796 ut
2043 4759 2137 4797 eos

565 4842 631 4894 ab
654 4837 916 4909 ejusmodi
951 4836 1363 4905 cogitationibus
1397 4842 1627 4899 avertat,
1657 4838 1711 4884 ct
1741 4832 2135 4899 quodammodo

564 4939 736 4984 nrtttcl
764 4930 827 4982 ad
857 4927 1224 4983 fortitudinem
1249 4964 1264 4991 ,
1299 4925 1490 4977 futura:
1517 4924 1623 4976 illis
1655 4922 1837 4994 gloria:
1867 4921 2133 4988 Cupidita-

567 5029 671 5073 tem
699 5020 966 5080 excitans,
990 5018 1065 5069 ait
1096 5032 1110 5069 :
1148 5032 1166 5065 ι
1196 5013 1561 5081 Snntquidam
1585 5012 1652 5065 de
1679 5011 1763 5065 hic
1785 5010 2071 5073 stantibus,
2109 5027 2130 5061 ι

563 5118 668 5160 etc.
693 5149 708 5173 ,
743 5105 958 5162 Petrum
994 5104 1274 5159 insinuans
1308 5117 1371 5156 ac
1402 5101 1538 5155 lilios
1570 5100 1812 5155 Zebedazi
1856 5124 1869 5155 -.
1908 5101 1958 5154 hi
1990 5101 2133 5154 enim

564 5199 615 5252 in
647 5196 1127 5253 transformatione
1163 5191 1321 5250 simul
1355 5192 1614 5259 assumpti
1644 5200 1800 5256 sunt,
1833 5205 1991 5260 quam
2023 5188 2128 5260 57

628 5370 671 5403 π
707 5371 899 5438 Epltes.
941 5385 990 5432 ι’,
1022 5368 1111 5421 27.
1190 5367 1235 5399 ³⁸
1265 5365 1423 5419 Joan.
1460 5382 1550 5427 xx,
1580 5364 1670 5417 25.

636 5527 712 5592 (Ι)
752 5524 1133 5577 Animadverte
1202 5520 1564 5574 testimonium
1634 5532 1732 5586 pro
1800 5518 1939 5571 Petri
2015 5518 2123 5586 pri-

568 5603 935 5732 might)”.
958 5690 1026 5699 --
1049 5660 1151 5711 τὸν
1182 5659 1402 5724 Πέτρον
1434 5656 1777 5725 ἐφίστησιν.
1814 5656 1913 5709 Mai
1946 5655 2008 5708 Β.
2049 5654 2117 5711 Ν.

2234 3182 2366 3244 τοῖς,
2399 3178 2463 3232 ἄν
2492 3195 2650 3231 τινων
2679 3177 2940 3249 κρατῆτε,
2979 3176 3369 3246 κεκράτηνται.
3402 3192 3421 3226 ι

2299 3292 2522 3346 Μέλλει
2560 3290 2668 3360 γὰρ
2693 3293 2724 3343 ό
2773 3287 2903 3355 Υἱὸς
2934 3286 3040 3341 τοῦ
3071 3286 3389 3355 ἀνθρώπου
3422 3285 3686 3353 ἔρχεσθαι
3721 3279 3780 3331 ἐν

2230 3382 2305 3452 τῇ
2328 3382 2475 3451 δόξῃ
2500 3382 2603 3435 τοῦ
2634 3380 2862 3448 Πατρός
2887 3379 3097 3434 αὑτοῦ.

2303 3474 2469 3539 Δόξαν
2510 3475 2586 3544 (5)
2619 3474 2754 3543 φησὶ
2783 3472 2873 3524 τὸν
2920 3468 3446 3541 μετασχηματισμὺν
3477 3466 3570 3520 καὶ
3607 3462 3777 3535 μετα).-

2232 3567 2439 3636 λαγμὸν
2486 3566 2583 3633 τῆς
2631 3564 2910 3634 ἡμετέρας
2945 3562 3179 3632 φύςεως,
3227 3561 3562 3632 ἀσύγκριτον
3606 3557 3778 3628 ἔχοντα

2233 3654 2389 3722 δόξαν
2420 3655 2569 3727 παρὰ
2595 3655 2655 3706 τὸ
2691 3655 2784 3709 νῦν
2816 3653 3088 3726 ὁρώμενον
3126 3653 3334 3723 σχῆμα.

2318 3833 2791 3901 Ἀπιιρνησάσθω
2840 3833 3057 3884 ἑαυτόν
3098 3869 3112 3883 .
3153 3869 3167 3884 .
3207 3870 3220 3883 .
3269 3834 3382 3896 "Oc
3424 3830 3530 3899 γὰρ
3556 3825 3627 3880 ἂν
3656 3824 3778 3887 θέλῃ

2234 3922 2349 3989 τὴν
2372 3922 2584 3989 ψυχὴν
2612 3920 2797 3974 αὑτοῦ
2826 3919 3041 3984 σῶσαι,
3074 3918 3367 3972 ἀπολέσει
3400 3916 3614 3981 αὐτήν·
3654 3912 3711 3977 ὃς
3733 3908 3777 3961 δ’

2237 4012 2314 4065 ἂν
2366 4013 2641 4077 ἀπολέσῃ
2688 4010 2804 4078 τὴν
2856 4011 3068 4078 ψυχὴν
3110 4009 3339 4072 αὑτοῦ,
3393 4010 3595 4063 ἕνεκεν
3635 4000 3777 4072 ἐμοῦ,

2236 4104 2479 4171 εὑρήσει
2508 4102 2720 4166 αὑτήν.
2763 4143 2777 4156 .
2810 4140 2824 4153 .
2858 4103 2997 4154 Εἰσί
3032 4118 3193 4166 τινες
3237 4100 3359 4153 τῶν
3384 4097 3500 4153 ὧδε
3538 4095 3780 4150 ἑστώτων

2237 4196 2455 4258 οἵτινες
2483 4194 2554 4246 οὺ
2579 4192 2663 4261 μὴ
2696 4192 3023 4260 γεύσωνται
3059 4192 3346 4246 θανάτου.

2320 4283 2471 4334 Ἐπεὶ
2498 4281 2648 4334 οὔπω
2676 4284 2770 4352 τὴν
2800 4282 2858 4348 ἐξ
2896 4282 3060 4351 ὕψους
3095 4283 3326 4352 δύναμιν
3356 4281 3645 4352 ἐσχηκότας
3676 4275 3780 4333 τοὺὶ

2244 4374 2509 4443 μαθητὰς,
2543 4374 2687 4436 εἰκὸς
2729 4369 2796 4442 ἦν
2836 4374 2975 4443 τάχα
3001 4391 3104 4426 που
3136 4375 3231 4427 καὶ
3259 4375 3627 4444 ἀνθρωπίναις
3656 4384 3779 4435 περι-

2246 4467 2432 4517 πεσεῖν
2459 4465 2781 4529 ὰσθενείαις,
2812 4466 2904 4518 καί
2934 4482 2988 4517 τι
3021 4465 3260 4517 τοιοῦτον
3291 4463 3683 4533 ἐννενοηκόταςν
3714 4458 3779 4507 εἶ’

2246 4560 2366 4609 πεῖν
2388 4573 2402 4586 °
2452 4556 2575 4619 Πῶς
2609 4556 2905 4627 ἀρνήσεται
2938 4574 3019 4619 τις
3047 4557 3272 4623 ἑαυτόνς
3306 4557 3341 4627 ἢ
3371 4557 3488 4619 πῶς
3526 4549 3779 4607 άπωλέσας

2244 4646 2340 4717 τὴν
2372 4645 2563 4699 ἑαυτοῦ
2600 4646 2798 4715 ψυχὴν,
2835 4647 3057 4717 εὑρήσει
3090 4648 3300 4717 αὐτήν;
3332 4647 3397 4698 Τί
3435 4645 3491 4697 δὲ
3523 4646 3629 4704 τοῖς
3648 4636 3779 4691 τοῦτο

2244 4736 2505 4790 παθοῦσιν
2542 4737 2816 4806 ίσοτιμοῠν
2860 4739 3063 4807 γέρας;
3113 4739 3213 4791 Διὰ
3240 4739 3419 4801 τοῦτο,
3450 4737 3534 4788 ἵνα
3566 4733 3665 4785 τῶν
3691 4744 3780 4780 τοιο

2240 4828 2410 4882 ούτων
2427 4831 2621 4892 αὐτοὺς
2642 4829 2929 4901 ἀποστήσῃ
2953 4829 3251 4898 λογισμῶν,
3279 4829 3375 4882 καὶ
3402 4825 3513 4879 οἷον
3545 4817 3780 4893 μεταχα-λο

2240 4922 2413 4993 κεύσῃ
2440 4921 2572 4990 πρὸς
2602 4921 2888 4993 εὐανδρίαν
2912 4921 3012 4991 τῆς
3046 4922 3308 4993 ἐσομένης
3337 4922 3520 4982 αὐτοῖς
3541 4911 3779 4971 εὐκλείας.

2241 5010 2540 5079 ἐπιθυμίαν
2588 5009 2851 5077 ὲντεκὼν,
2900 5013 3095 5081 φησίν⁶
3146 5031 3163 5062 ι
3198 5011 3317 5064 Είσί
3368 5027 3511 5072 τινες
3561 5007 3659 5058 τῶν
3697 4994 3779 5052 ὧδε

2240 5100 2569 5168 ἑστηκότων,
2604 5119 2621 5151 ι
2655 5101 2749 5154 καὶ
2779 5101 2845 5154 τά
2874 5100 3018 5170 ἑξῆς,
3052 5101 3257 5172 Πέτρον
3290 5101 3676 5167 αἰνιττόμενος,
3700 5087 3778 5141 καὶ

2241 5190 2367 5252 τοὺς
2396 5190 2544 5252 υἱοὺς
2576 5190 2859 5244 Ζεϐεδαίου
2881 5207 2894 5222 ο
2929 5184 3073 5243 οὗτοι
3106 5191 3211 5261 γὰρ
3241 5192 3297 5244 ὲν
3335 5192 3402 5259 τῇ
3450 5175 3777 5258 μεταμορφώ-

2234 5517 2320 5575 Ill.
2362 5520 2479 5572 151.
2516 5516 2741 5588 Reliqua
2792 5537 2853 5574 ex
2908 5522 3166 5575 Cnnlerio
3200 5523 3284 5591 qui
3340 5522 3391 5572 iu
3439 5511 3773 5586 superioribus

2240 5590 2489 5641 nennulla
2536 5592 2754 5644 ()llltliii.

2305 5659 2381 5727 (ὃ)
2412 5658 2605 5720 Δόξαν
2631 5659 2943 5728 -σχῆμοη
2988 5660 3085 5714 Μιιί
3122 5660 3180 5713 Β.
3226 5660 3289 5713 Ν.
3322 5656 3408 5723 HI,
3439 5656 3555 5709 131.
