4058 6280
301 283 398 338 ιῖὄ

1448 287 1804 343 COMMENT.
1848 286 1909 340 IN
1952 286 2385 343 MATTllrEUM.

3421 302 3526 358 £26

299 418 380 455 σει
429 400 993 471 συμπαρελήφθησαν,
1026 403 1090 473 ἢν
1124 402 1278 455 καλεί
1319 402 1615 472 βασιλείαν,
1647 404 1721 467 ὡς
1766 404 1855 457 ὲκ-

1964 419 2179 473 regnum
2221 414 2377 460 vocat
2403 415 2652 475 tanquam
2688 406 3009 465 indicantem
3060 413 3381 473 ineffabilem
3429 436 3526 489 po-

300 493 540 563 φήνασαν
581 492 680 561 τῆς
726 493 973 559 ἐξουσίας
1014 493 1075 546 τὸ
1110 494 1334 562 ἄφατον,
1364 494 1456 547 καὶ
1478 494 1581 564 τῆς
1608 496 1745 566 πρὸς
1772 495 1863 548 τὸν

299 582 516 654 Πατέρα
548 584 899 655 γνησιότητος
926 585 989 638 τὺ
1016 585 1452 656 ἀπαράλλακτον.
1471 586 1561 638 Ἐν
1600 586 1736 656 αὐτῇ
1783 585 1859 650 δὲ,

299 674 390 728 καὶ
443 676 543 745 τῆς
597 675 854 741 δευτέρας
901 678 1198 749 παρουσίας
1249 679 1311 730 τὸ
1358 678 1595 749 ἀξίωμα,
1648 679 1743 732 καὶ
1800 678 1862 731 τὸ

299 764 523 836 φρικτὸν
554 765 868 835 ὑπεδήλωσε
905 770 1212 839 προοίμιον,
1255 769 1460 840 ταύτην
1498 769 1736 839 ἐκείνης,
1767 772 1862 823 καὶ

295 853 401 909 οἷον
430 855 720 925 βεδαίωσιν
750 857 1151 929 ἐνδειξάμενοςο
1189 859 1309 930 ἥξει
1343 860 1450 930 γὰρ
1494 861 1552 913 ἐν
1595 859 1724 933 δόξῃ
1767 860 1859 914 τοῦ

296 946 427 999 Θεοῦ
474 947 568 999 καὶ
618 948 866 1017 Πατρὺς,
908 950 1006 1003 οὐκ
1058 951 1117 1002 ὲν
1170 952 1574 1022 μικροπρεπεία
1617 955 1680 1021 τῇ
1728 953 1861 1007 καθ’

296 1038 457 1107 ἡμᾶς.

357 1130 467 1195 Εἰς,
485 1128 618 1197 ὄρος
656 1130 917 1196 ὑψηλόν.

361 1221 456 1284 Εἰς
499 1220 561 1272 τὸ
600 1220 729 1290 ὄρος
755 1218 952 1284 ἄνεισι,
984 1220 1223 1285 δεικνὺς,
1264 1222 1347 1275 ὅτι
1373 1222 1648 1293 χθαμαλὸς
1677 1224 1707 1276 ό
1734 1224 1858 1288 νοῦς

292 1311 390 1362 οὐκ
417 1308 485 1361 ἂν
510 1307 721 1376 γένοιτο
748 1307 880 1378 πρὸς
910 1308 1140 1378 θεωρίαν
1174 1309 1494 1380 ἐπιτήδειος,
1526 1309 1641 1363 ἀλλ’
1669 1310 1697 1362 ό
1728 1313 1857 1365 κατ’

297 1401 427 1453 ἰδίαν
464 1399 724 1467 γεγονὼς,
755 1398 851 1452 καὶ
881 1398 988 1465 ἔξω
1016 1399 1310 1469 φροντίδων
1341 1398 1609 1468 βιωτικῶν
1638 1402 1695 1454 ἐν
1724 1403 1855 1471 ησυ-

293 1508 404 1560 xta.

362 1580 469 1632 Kal
500 1580 922 1651 μετεμορφώθη
956 1584 1299 1651 ἔμπροσθεν
1327 1585 1543 1639 αὐτῶν.

361 1673 684 1743 Πεπράχθαι
728 1675 786 1728 δέ
828 1692 1009 1744 φαμεν
1035 1674 1132 1746 τὴν
1163 1677 1603 1747 μεταμόρφωσιν,
1630 1677 1752 1748 οὐχὶ
1779 1678 1865 1749 δή·

1963 502 2235 558 testatem,
2275 504 2329 551 et
2357 496 2647 565 genuinum
2678 513 2799 551 eum
2831 515 2951 554 esse
2979 501 3154 559 Patris
3188 505 3407 563 Filium.
3464 510 3525 564 In

1961 584 2073 653 ipsa
2114 600 2239 641 vero
2267 601 2479 656 quoque
2509 590 2753 644 secundae
2781 594 3077 659 prmsentiae
3106 598 3443 667 dignitatem,
3467 613 3529 657 et

1962 675 2197 731 terribile
2224 676 2580 732 subindicavit
2613 678 2820 733 initium
2867 683 3031 748 illius,
3056 701 3120 740 ac
3148 690 3302 756 quasi
3326 693 3524 747 conﬁr-

1962 766 2249 821 mationem
2300 769 2569 835 ostendit;
2599 771 2779 826 veniet
2819 774 2961 828 enim
3012 776 3063 829 in
3112 776 3280 845 gloria
3337 780 3429 835 Dei
3471 794 3525 836 et

1960 856 2156 923 Patris,
2185 873 2288 914 non
2315 860 2367 914 in
2394 871 2574 918 nostra
2604 867 2889 920 tenuitate.

2034 1124 2192 1195 XVII,
2224 1133 2274 1187 1.
2308 1130 2374 1186 In
2401 1141 2623 1188 montem
2648 1136 2928 1192 excelsum.

2029 1220 2087 1276 In
2114 1229 2351 1276 montem
2374 1225 2636 1290 ascendit,
2663 1229 2955 1283 ostendens
2986 1237 3256 1288 terrenam
3287 1244 3521 1291 mentem

1957 1311 2023 1365 ad
2074 1310 2583 1381 contemplationem
2636 1316 2857 1371 minime
2917 1318 3162 1375 idoneam
3212 1337 3371 1391 esse,
3425 1329 3522 1382 sed

1955 1399 2278 1464 solitariam,
2308 1407 2362 1453 et
2380 1408 2532 1455 extra
2557 1403 2878 1471 temporales
2907 1420 3070 1463 curas
3099 1409 3151 1463 in
3177 1412 3360 1479 quiete
3389 1427 3520 1467 con-

1953 1494 2221 1548 stitutam.

2043 1588 2206 1653 XVII,
2235 1589 2289 1644 2.
2332 1589 2402 1643 Et
2429 1590 2837 1660 transﬁguratus
2866 1598 2943 1644 est
2978 1600 3101 1645 ante
3123 1607 3230 1647 eos.

2042 1676 2261 1732 Factam
2308 1688 2485 1733 autem
2533 1679 3064 1749 transﬁgurationem
3109 1696 3231 1737 esse
3270 1682 3537 1748 dicimus,

292 1776 391 1812 που
424 1763 487 1815 τὸ
522 1765 683 1834 σῶμα
724 1765 785 1818 τὸ
829 1765 1169 1838 ἀνθρώπινον
1200 1766 1597 1837 μεταϐαλόντος
1622 1768 1719 1822 τοῦ
1752 1770 1857 1823 σώ-

1968 1785 2074 1825 non
2110 1770 2253 1841 quod
2301 1786 2496 1841 corpus
2542 1771 2833 1826 humanum
2884 1773 2990 1827 alio
3018 1788 3246 1842 corpore
3292 1777 3536 1839 mutarit,

294 1867 481 1918 ματος,
518 1855 658 1909 ἀλλὰ
685 1855 844 1926 δόξης
877 1857 1022 1920 τινὸς
1052 1857 1376 1925 φωτοειδοῦς
1403 1859 1860 1931 περιστελλούσης

289 1944 418 1997 αὐτό
437 1962 448 1974 ·
491 1946 768 2016 μείναντος
790 1948 899 2019 γάρ
920 1949 1013 2003 τοῦ
1038 1948 1288 2019 σώματος
1318 1951 1411 2004 ἐπὶ
1436 1949 1531 2003 τοῦ
1561 1952 1858 2023 σχήματος,

288 2036 381 2088 ἐπὶ
422 2036 487 2089 τὸ
535 2038 872 2111 ἐνδοξότερον
914 2041 965 2093 oi
1017 2042 1365 2114 χαρακτῆρες
1414 2041 1501 2096 διὰ
1541 2043 1864 2111 φωτωιδοῦς

288 2125 580 2196 χρώματος
607 2128 1013 2201 διεχρώννυντο.

375 2235 739 2304 ’Δποκριθείς
769 2234 837 2287 δὲ
865 2237 900 2288 d
928 2234 1147 2303 Πέτρος
1174 2230 1303 2288 εἶπε
1346 2234 1426 2299 τῷ
1465 2233 1657 2303 Ἰησοῦ
1683 2250 1696 2264 ³
1741 2234 1857 2288 Κύ-

286 2342 401 2393 ριε,
432 2327 627 2380 καλόν
648 2326 818 2379 ἐστιν
849 2323 1000 2393 ἡμᾶς
1014 2318 1129 2378 ὧδε
1145 2322 1296 2379 εἶναι
1315 2340 1328 2355 °
1362 2328 1413 2378 εὶ
1446 2324 1660 2389 θέλεις,
1687 2322 1857 2389 ποιή-

290 2432 497 2486 σωμεν
526 2412 642 2471 ὧδε
678 2420 834 2486 τρεῖς
859 2419 1114 2487 σκηνὰς,
1158 2418 1258 2471 σοὶ
1285 2418 1453 2488 μίαν,
1490 2417 1587 2470 καὶ
1633 2415 1858 2485 Μωῦσῇ

285 2509 453 2576 μίαν,
483 2509 579 2562 καὶ
613 2511 755 2577 μίαν
790 2510 982 2577 Ἠλίᾳ.

360 2601 480 2653 Οὐκ
513 2601 629 2671 ᾔδει
655 2600 710 2653 τί
740 2601 936 2655 ἐλάλει.
972 2601 1083 2672 Πρὸ
1110 2600 1218 2671 γὰρ
1255 2599 1346 2653 τοῦ
1381 2600 1584 2663 πάθους
1631 2601 1724 2653 καὶ
1759 2601 1857 2671 τῆς

289 2692 639 2755 ἀναστάσεως
680 2692 774 2745 τοῦ
820 2692 1092 2761 Σωτῆρος,
1128 2692 1223 2745 καὶ
1248 2692 1348 2762 τῆς
1373 2692 1726 2756 καταλύσεως
1762 2692 1857 2745 τοῦ

290 2781 550 2843 θανάτου,
572 2784 667 2836 καὶ
694 2784 791 2853 τῆς
820 2785 1022 2854 φθορᾶς
1046 2782 1153 2835 τῶν
1174 2784 1440 2852 σωμάτων
1466 2782 1642 2853 ἡμῶν,
1668 2783 1861 2837 ἀδύνα-

288 2888 380 2925 τον
412 2869 482 2944 ἦν
510 2873 602 2926 τὸν
635 2874 840 2944 Πέτρον
878 2876 1113 2927 συνεῖναι
1156 2873 1396 2943 Χριστῷ,
1427 2874 1520 2926 καὶ
1565 2873 1674 2925 τῶν
1724 2890 1859 2943 σκη-

292 2962 399 3014 νῶν
438 2964 685 3031 ἐφίεσθαι
720 2966 794 3037 (1)
823 2966 932 3019 τῶν
962 2968 1019 3018 ὲν
1052 2965 1286 3036 οὐρανῷ.
1316 2966 1359 3017 Τ
1362 2965 1500 3019 αὕτα
1526 2965 1637 3037 γὰρ
1666 2967 1747 3019 δεῖ
1772 2983 1859 3035 γε·

293 3050 478 3103 νέσθαι
535 3052 674 3121 μετὰ
724 3053 823 3124 τὴν
872 3053 964 3106 τοῦ
1004 3055 1250 3125 Σωτῆρος
1282 3057 1581 3111 ἀνάστασιν
1633 3058 1730 3110 καὶ
1778 3060 1927 3129 εἰςο

293 3141 517 3213 οὐρανὸν
544 3143 829 3199 ἀνάὅασιν.

360 3234 475 3287 Καὶ
511 3236 883 3303 ἀκούσαντες
924 3241 975 3292 οὶ
1004 3240 1258 3308 μαθηταὶ
1290 3240 1515 3294 ἔπεσον
1541 3242 1638 3294 ἐπὶ
1675 3242 1861 3309 πρόσ-

288 3341 456 3379 ωπον
482 3326 679 3379 αὐτῶν
714 3329 809 3381 καὶ
833 3330 1219 3398 ἐφοϐήθησαν
1242 3332 1495 3401 σφόδρα.

374 3417 441 3468 Ἥ
477 3417 575 3487 μὲν
607 3417 703 3471 τοῦ
745 3418 879 3472 Θεοῦ
929 3422 1022 3474 καὶ
1056 3423 1267 3492 Πατρὸς
1298 3422 1447 3495 φωνὴ
1484 3423 1622 3494 καλή
1665 3441 1723 3476 τε
1767 3425 1861 3477 καὶ

288 3508 647 3575 ἁξιάγαστος·
680 3508 902 3577 ἀκράτῳ
933 3510 989 3563 δὲ
1022 3512 1122 3582 ἤδη
1155 3514 1503 3583 κατεχόμενοι
1538 3514 1751 3583 δείματι
1778 3515 1863 3566 πί-

288 3615 521 3652 πτουσιν
571 3603 620 3653 οἱ
672 3605 927 3674 μαθηταὶ,
959 3604 1044 3656 ἵνα
1077 3603 1141 3676 δὴ
1182 3605 1346 3658 πάλιν
1393 3604 1487 3658 καὶ⁸
1538 3606 1624 3659 διὰ
1672 3605 1861 3659 τούτου

288 3689 578 3760 μάθωμεν,
614 3692 689 3754 ὡς
719 3695 1120 3765 ἀναγκαιοτάτη
1159 3699 1272 3758 τοῖς
1301 3697 1390 3749 ἐπὶ
1416 3698 1518 3766 γῆς
1548 3699 1580 3769 ἡ
1611 3697 1705 3750 τοῦ
1750 3699 1861 3751 Σωα

283 3783 455 3851 τῆρος
484 3782 638 3851 ἡμῶν
664 3784 1037 3852 ἀναπέφανται
1069 3784 1333 3854 μεσιτεία,
1366 3786 1627 3858 νοουμένη
1659 3786 1859 3857 δηλαδὴ

283 3872 435 3924 κατά
480 3873 571 3924 τὸν
614 3874 714 3944 τῆς
764 3876 1229 3947 ὲνανθρωπήσεως
1260 3875 1492 3945 τρόπον·
1541 3878 1590 3929 εί
1641 3876 1715 3947 μὴ
1754 3878 1861 3949 γὰρ

281 3962 483 4029 γέγονε
533 3963 656 4016 καθ’
684 3965 851 4033 ἡμᾶς,
890 3964 972 4028 τίς
1006 3964 1071 4017 ἂν
1099 3965 1259 4035 ἡμῶν
1291 3966 1523 4035 ἤνεγκεν
1555 3966 1667 4018 ἄνω
1694 3982 1862 4036 προσ-

279 4050 557 4103 ϐάλλοντα
582 4052 733 4115 Θεὸν,
770 4054 863 4105 καὶ
908 4052 1006 4123 τὴν
1054 4055 1260 4122 ἄφατον
1292 4054 1461 4108 αὐτοῦ
1499 4053 1660 4117 δόξαν
1686 4055 1862 4107 οὐδενὶ

276 4143 427 4212 τάχα
472 4142 582 4194 τῶν
616 4144 889 4213 γεννητῶν
941 4146 1184 4217 φορητὴν
1214 4146 1568 4215 ἑμφαίνοντα;
1605 4144 1725 4207 Φῶς
1754 4146 1863 4213 γὰρ

276 4235 459 4287 οίκεῖν
486 4233 647 4286 αὐτὸν
675 4236 968 4306 ἀπρόσιτον
1002 4239 1093 4288 καὶ
1124 4238 1152 4289 ὁ
1201 4236 1470 4308 μακάριος
1513 4236 1682 4307 ἔφησε
1712 4236 1861 4289 Παῦ-

275 4325 393 4388 λος.

1966 1861 2061 1917 sed
2094 1862 2263 1932 gloria
2306 1863 2536 1932 quadam
2574 1866 2749 1920 instar
2774 1865 2911 1921 lucis
2941 1865 3069 1920 illud
3113 1866 3278 1919 fuerit
3305 1868 3539 1922 circum-

1968 1954 2173 2009 datum.
2224 1952 2481 2022 Corporis
2518 1955 2660 2009 enim
2691 1967 3044 2023 permanente
3080 1956 3273 2027 ﬁgura,
3321 1958 3439 2026 ejus
3470 1957 3538 2012 Ii-

1969 2050 2254 2097 neamenta
2274 2043 2565 2113 gloriosius
2582 2044 2855 2100 Iucil'ormi
2873 2047 3107 2114 quodam
3130 2046 3309 2101 colore
3333 2048 3534 2103 imbuta

1971 2132 2211 2189 luerunt.

2032 2231 2141 2302 58
2171 2230 2334 2302 XVII,
2376 2234 2430 2290 ι.
2474 2233 2810 2302 Respondens
2842 2242 3015 2289 autem
3056 2233 3249 2289 Petrus
3282 2237 3417 2289 dixit
3459 2237 3527 2290 ad

1960 2322 2139 2378 Iesum
2166 2339 2185 2377 :
2225 2324 2464 2391 Domine,
2494 2326 2685 2380 bonum
2720 2338 2794 2381 est
2822 2343 2914 2383 nos
2948 2328 3032 2381 hic
3056 2346 3165 2383 esse
3195 2346 3213 2384 :
3243 2333 3289 2384 si
3318 2331 3409 2393 vis,
3443 2331 3528 2399 fn-

1960 2416 2157 2469 ciamus
2212 2416 2296 2469 hic
2324 2417 2427 2469 tria
2472 2418 2832 2485 tabernacula,
2885 2419 2982 2471 tibi
3037 2436 3218 2487 unum,
3253 2431 3304 2475 et
3355 2422 3529 2492 Moysi

1961 2521 2144 2569 unum,
2168 2516 2213 2559 et
2243 2504 2380 2560 Elite
2409 2523 2589 2560 unum.

2033 2594 2318 2650 Nesciebat
2347 2597 2477 2666 quid
2514 2597 2735 2652 diceret.
2788 2599 2928 2654 Ante
2961 2600 3265 2668 passionem
3295 2600 3438 2655 enim
3476 2611 3532 2653 et

1964 2688 2416 2744 resurrectionem
2445 2687 2746 2745 Salvatoris
2774 2691 3302 2761 destructionemque
3330 2693 3521 2746 mortis

1960 2786 2016 2832 et
2072 2781 2468 2849 corruptionem
2550 2796 2835 2851 corporum
2891 2792 3195 2837 nostrorum
3258 2783 3371 2837 ﬁeri
3424 2800 3527 2838 non

1960 2874 2173 2935 poterat
2193 2878 2250 2921 ut
2280 2868 2468 2947 Petrus
2493 2880 2636 2925 esset
2665 2885 2786 2925 cum
2811 2870 3027 2926 Christo
3060 2881 3115 2925 et
3171 2873 3530 2927 tabernaculis

1961 2957 2272 3013 coelestibus
2300 2958 2591 3016 frueretur.
2648 2961 2772 3017 Hrec
2803 2963 2945 3016 enim
2985 2962 3246 3017 duntaxat
3288 2964 3401 3017 ﬁeri
3448 2963 3530 3017 fas

1960 3056 2044 3100 est
2081 3056 2200 3116 post
2232 3049 2686 3105 resurrectionem
2732 3049 3032 3108 Salvatoris
3072 3062 3125 3107 et
3156 3056 3526 3108 ascensionem

1964 3135 2015 3188 in
2043 3137 2257 3191 caelum.

2033 3227 2142 3297 59
2175 3228 2337 3294 XVII,
2374 3228 2426 3284 6.
2468 3229 2538 3284 Et
2562 3232 2827 3286 audientes
2860 3234 3102 3303 discipuli
3132 3236 3425 3290 ceciderunt
3474 3238 3528 3289 in

1964 3318 2149 3385 faciem
2183 3336 2333 3373 suam
2358 3328 2406 3375 et
2437 3322 2722 3375 timuerunt
2748 3322 2914 3378 valde.

2033 3411 2127 3466 Dei
2162 3412 2373 3480 quidem
2400 3423 2450 3467 et
2474 3412 2650 3468 Patris
2681 3429 2783 3469 vox
2828 3416 2963 3469 bona
3003 3424 3053 3470 ct
3086 3431 3270 3471 amore
3324 3418 3521 3487 digna:

1964 3502 2057 3557 sed
2098 3516 2247 3557 mero
2282 3513 2425 3558 metu
2463 3503 2573 3571 jam
2625 3504 2859 3574 perculsi
2909 3507 3108 3560 cadunt
3159 3506 3428 3577 discipuli,
3474 3518 3533 3561 ut

1967 3606 2157 3648 rursus
2189 3605 2285 3662 per
2316 3595 2418 3649 hoc
2462 3596 2623 3649 etiam
2666 3596 2960 3663 discamus,
2986 3614 3146 3667 quam
3176 3602 3407 3654 maxime
3438 3616 3532 3654 nec

1964 3681 2255 3737 cessarium
2296 3697 2435 3748 esse,
2484 3694 2539 3737 ut
2574 3685 2639 3739 iis
2679 3686 2771 3755 qui
2822 3686 2873 3739 in
2908 3696 3049 3740 terra
3085 3696 3229 3753 sunt,
3278 3689 3531 3743 mediatio

1964 3772 2274 3842 apparuerit
2303 3772 2623 3839 Salvatoris,
2672 3776 2941 3831 intellecta
2979 3778 3188 3832 scilicet
3221 3793 3315 3848 per
3347 3780 3528 3833 incar-

1966 3865 2200 3918 nationis
2258 3866 2495 3919 modum.
2529 3865 2640 3921 Nisi
2699 3867 2842 3921 enim
2888 3869 3041 3921 nobis
3106 3868 3297 3923 similis
3355 3869 3528 3924 factus

1966 3955 2179 4021 ruisset,
2213 3958 2335 4025 quis
2375 3959 2560 4027 utique
2603 3974 2835 4028 superne
2878 3960 3289 4016 descendentem
3336 3976 3533 4032 capere

1966 4050 2246 4115 potuisset,
2278 4065 2340 4104 ac
2377 4049 2699 4105 ineﬂ‘ahilem
2734 4052 2875 4106 illius
2912 4052 3136 4123 gloriam
3167 4068 3327 4123 quam
3375 4070 3534 4110 nemo

1968 4139 2192 4194 fortasse
2222 4156 2406 4195 eorum
2441 4143 2531 4211 qui
2561 4144 2669 4196 nati
2703 4153 2826 4198 sunt
2866 4143 3005 4198 ferre
3036 4154 3230 4214 potest,
3271 4160 3533 4216 apparen-

1966 4230 2120 4281 tem?
2180 4230 2374 4283 Lucem
2406 4231 2548 4284 enim
2582 4245 2701 4284 eum
2751 4233 3052 4286 inhabitare
3102 4233 3527 4292 inaccessibilem

1969 4320 2158 4373 beatus
2187 4319 2382 4373 Paulus
2415 4321 2548 4373 dixit
2572 4321 2636 4373 ²¹.

356 4418 501 4470 Τότε
550 4417 832 4486 συνῆκαν
868 4422 921 4473 οι
964 4420 1218 4489 μαθηταὶ
1268 4420 1357 4475 ὅτι
1404 4422 1534 4490 περὶ
1577 4423 1859 4477 Ἰωάννου

2042 4408 2201 4474 XVII,
2246 4411 2330 4465 I3.
2399 4409 2543 4464 Tunc
2585 4410 2952 4466 intellexerunt
2998 4413 3246 4483 discipuli
3296 4416 3421 4486 quia
3469 4417 3534 4470 de

274 4508 389 4562 τοῦ
418 4510 762 4563 Βαπτιστοῦ
793 4507 962 4564 εἶπεν
987 4512 1209 4579 αὐτοῖς.

348 4602 641 4657 Δείκνυσιν
670 4604 697 4655 ὀ
722 4603 952 4672 Χριστὸς
980 4604 1105 4667 τοὺς
1144 4604 1430 4667 Ἰουδαίους
1458 4604 1576 4657 λίαν
1604 4606 1860 4673 ἀγνοοῦν-

269 4708 383 4753 τας
418 4691 519 4753 τὰς
563 4692 603 4745 Γ
606 4693 782 4770 ραφὰς
803 4734 816 4754 ,
850 4694 909 4757 ἐξ
937 4687 1011 4749 ὧν
1041 4695 1131 4746 τὸν
1168 4695 1419 4765 Ἰωάννην
1445 4695 1543 4747 οὐκ
1573 4696 1815 4763 ἔγνωσαν
1840 4714 1852 4727 ’

268 4781 537 4833 τουτέστι
579 4781 670 4834 τὸν
717 4782 934 4851 πρῶτον
968 4783 1189 4846 Ἠλίαν,
1234 4783 1324 4834 τὸν
1361 4781 1459 4852 τὴν
1486 4782 1602 4833 ὁδὸν
1640 4784 1859 4852 ἑτοιμά-

268 4891 456 4927 σαντα
486 4874 581 4927 τοῦ
609 4875 816 4945 Κυρίου
837 4893 849 4906 ·
882 4874 941 4927 ὃν
969 4874 1286 4943 ἀγνοοῦντες
1319 4874 1412 4927 καὶ
1441 4874 1859 4938 ἀποκτείναντες

264 4966 365 5018 τὸν
392 4966 493 5018 τοῦ
535 4963 769 5036 Χριστοῦ
801 4966 1121 5038 πρόδρομον,
1154 4965 1248 5018 καὶ
1279 4965 1439 5018 αὐτὸν
1468 4965 1739 5036 ἠγνόησαν
1768 4966 1858 5019 τὸν

266 5058 494 5128 Κύριον
529 5058 623 5110 καὶ
656 5058 979 5114 ἀπέκτειναν
1013 5058 1196 5111 αὐτόν.

341 5145 426 5204 Ὦ
465 5151 645 5217 γενεὰ
672 5149 923 5217 ἄπιστος
954 5151 1051 5204 καὶ
1084 5151 1538 5221 διεστραμμένη,
1579 5152 1687 5216 ἕως
1716 5153 1859 5205 πότε

263 5242 498 5308 ἔσομαι
521 5239 650 5306 μεθ’
675 5240 870 5307 wither;
898 5241 1009 5304 ἕως
1041 5242 1185 5293 πότε
1211 5241 1493 5309 ἀνέξομαι
1531 5242 1696 5310 ὑμῶν
1712 5258 1731 5305 ;

345 5332 507 5393 Ἕως
559 5330 713 5396 πότε,
749 5333 902 5402 φησὶ,
939 5333 1324 5402 συνδιαιτῶμαι
1350 5334 1480 5402 ὑμῖν
1514 5336 1626 5395 τοῖς
1679 5333 1855 5395 οὕτως

340 5509 389 5540 ⁸¹
428 5507 449 5561 l
484 5507 801 5574 Timotlm'l,
834 5509 922 5564 16.

355 5666 442 5734 (λι)
472 5663 578 5719 Pro
610 5667 855 5734 ἐφίεσθαι
885 5666 1126 5735 suspicor
1163 5667 1442 5734 legendum
1472 5663 1780 5733 ἐφικέσθαι.

616 5756 884 5816 ΡΑτιιοι..
933 5758 1049 5817 Gn.
1099 5758 1197 5815 LX
1216 5760 1259 5815 Χ
1277 5758 1350 5816 II.

1968 4505 2171 4558 Joanne
2206 4503 2445 4571 Baptista
2470 4505 2685 4557 dixisset
2709 4507 2804 4558 eis.

2036 4592 2512 4650 Ostenditludaeos
2538 4596 2588 4649 in
2612 4610 2794 4651 crassa
2826 4606 2881 4651 et
2910 4596 3099 4664 supina
3129 4595 3529 4668 Scripturarum

1969 4686 2305 4759 ignoratione
2340 4686 2543 4755 jacere,
2575 4703 2637 4742 ex
2669 4704 2733 4743 eo
2768 4693 2906 4757 quod
2945 4690 3155 4744 illarum
3200 4691 3398 4745 indicio
3429 4708 3532 4745 non

1972 4782 2283 4850 agnoverint
2331 4778 2610 4843 Joannem,
2644 4781 2744 4835 hoc
2780 4792 2859 4836 est
2910 4783 3142 4851 primum
3190 4783 3382 4845 Etiam,
3412 4797 3533 4836 eum

1971 4871 2059 4939 qui
2090 4871 2227 4925 viam
2259 4870 2466 4925 Domini
2497 4871 2818 4939 prmparavit
2855 4887 2867 4923 :
2901 4886 3007 4941 quo
3052 4872 3161 4942 60
3205 4873 3452 4941 ignorata
3484 4881 3537 4923 et

1970 4962 2253 5016 interfecto
2300 4961 2503 5015 Christi
2558 4976 2922 5029 prmcursore,
2981 4978 3046 5016 nc
3093 4963 3264 5028 ipsum
3314 4963 3530 5031 quidem

1968 5062 2296 5121 agnoverunt
2327 5053 2628 5116 Dominum,
2653 5068 2810 5122 quem
2843 5055 3053 5106 tandem
3078 5050 3413 5105 occiderunt.

2038 5140 2198 5209 XVII,
2233 5144 2315 5197 l7.
2344 5142 2387 5197 0
2412 5144 2673 5213 generatio
2698 5144 2967 5197 incredula
2990 5152 3035 5194 ct
3055 5158 3314 5211 perversa,
3338 5158 3535 5210 quous-

1964 5250 2062 5302 que
2090 5250 2178 5287 ero
2207 5234 2513 5287 vobiscum?
2541 5250 2800 5303 usquequo
2828 5235 2998 5297 patiar
3024 5234 3151 5287 vos?

2024 5324 2290 5390 Quandiu,
2310 5325 2499 5393 inquit,
2519 5325 2773 5378 versabor
2790 5323 3057 5376 vobiscum
3071 5362 3083 5386 ,
3103 5321 3171 5375 ita
3191 5318 3541 5389 contumello_

3138 5752 3209 5813 14
