4058 6280
548 290 653 345 ιῖῚ

1532 281 1588 338 S.
1639 277 1905 337 CYRILLI
1949 270 2407 332 ALEXANDRINI
2445 268 2760 324 ARCIIIEP.

3639 268 3733 325 423

550 410 690 465 siset
712 403 1044 464 incredulis?
1083 406 1370 461 ostendens
1399 402 1514 473 cogi
1557 415 1615 455 se
1644 414 1742 470 per
1775 395 2111 468 praesentiam

2222 388 2491 457 SGsttaic
2518 386 2611 440 καὶ
2631 384 2880 447 ἀπίστοις
2902 401 2915 447 ;
2948 380 3205 435 δεικνύων
3236 380 3321 437 ὅτι
3344 380 3377 452 ἡ
3403 382 3530 452 μετὰ
3556 389 3736 455 σαρκὸς

548 502 601 554 in
636 514 798 555 carne
824 498 1132 554 conversari
1166 510 1286 552 cum
1322 510 1428 550 non
1454 492 1627 558 bonis,
1670 500 1729 545 ut
1758 492 1903 561 ipsos
1939 486 2111 543 corri-

546 601 715 661 geret.
1229 655 1236 661 ,

618 684 850 739 lnﬁdelis
874 681 1269 754 quodammodo
1294 678 1455 733 etiam
1489 688 1774 748 perversus
1799 682 1903 737 est,
1938 670 2111 725 nullo-

547 791 651 844 que
702 775 860 830 modo
904 783 1051 829 recte
1100 785 1259 841 agere
1288 769 1457 825 novit.
1511 768 1643 824 Cum
1676 766 1944 822 similibus
1982 775 2111 816 vero

547 865 795 921 Christus
823 879 943 920 esse
983 864 1321 935 dedignatur,
1366 869 1419 916 et
1448 860 1490 914 si
1521 857 1652 928 quid
1699 858 1936 911 humano
1965 866 2115 908 more

548 958 831 1013 dicendum
872 966 976 1021 est,
1010 954 1340 1018 contemnit;
1394 967 1499 1007 non
1528 959 1706 1004 tamen
1740 948 1842 1002 hoc
1867 946 1933 1000 ad
1974 944 2114 999 illius

550 1063 837 1120 personam
871 1056 1076 1103 tantum
1108 1060 1167 1101 se
1191 1043 1451 1107 extendit,
1483 1050 1540 1095 ut
1568 1055 1636 1094 ne
1679 1038 1950 1093 hominem
1994 1048 2113 1090 esse

549 1142 782 1207 dubites,
833 1140 925 1195 sed
980 1139 1046 1193 ad
1096 1150 1285 1193 omnes
1330 1135 1493 1190 etiam
1544 1131 1778 1186 Judaeos.
1831 1126 2115 1183 Probabile

549 1232 692 1286 enim
721 1238 841 1287 erat
866 1227 1061 1283 multos
1085 1225 1425 1296 praesentium
1462 1219 1816 1278 scandalizari
1841 1232 1903 1273 ac
1923 1218 2114 1272 incon-

548 1323 815 1378 venientia
845 1320 1081 1390 cogitare
1100 1319 1164 1372 de
1190 1319 1275 1373 iis.
1308 1316 1440 1373 Cum
1465 1326 1593 1369 vero
1612 1312 1769 1378 dixit,
1796 1311 2116 1379 «Quousque

549 1412 923 1469 commorabor
969 1407 1284 1465 vobiscum?
1325 1426 1343 1460 ι
1380 1407 1449 1461 ita
1483 1404 1712 1475 injurias
1760 1400 2117 1457 inferentibus

552 1513 606 1559 et
676 1501 982 1558 inﬁdelibus
1037 1499 1269 1555 ostendit
1334 1509 1608 1565 corporeae
1655 1508 1768 1548 suae
1818 1488 2117 1563 praesentiae

552 1604 759 1664 tempus
788 1591 1062 1661 postulare
1091 1599 1151 1646 ut
1183 1604 1304 1645 cum
1329 1590 1408 1644 eis
1443 1592 1829 1651 commoretur,
1857 1597 1978 1637 eum
1997 1580 2114 1637 cle-

551 1682 747 1738 mentia
779 1680 943 1736 Deum
971 1679 1183 1735 decenti
1214 1692 1339 1749 erga
1365 1690 1459 1732 eos
1481 1675 1573 1746 qui
1600 1673 1725 1729 boni
1760 1685 1864 1726 non
1886 1678 2035 1739 sunt,
2060 1676 2117 1721 ut

2209 476 2477 549 παρουσία
2507 473 2672 528 αὐτοῦ
2699 472 3007 543 ἠνάγκασεν
3053 470 3213 524 αὐτὸν
3243 471 3738 540 συναναστρέφεσθαι

2206 569 2319 629 τοῖς
2349 566 2450 617 οὐκ
2478 562 2720 633 ἀγαθοῖς,
2754 562 2841 617 ἴνα
2869 560 3230 632 διορθώσηται
3259 558 3471 623 αὐτούς.

2288 659 2348 711 '0
2373 656 2596 719 ἄπιστος
2621 654 2771 708 ἔσται
2800 670 2903 706 που
2930 652 3022 706 καὶ
3048 650 3494 721 διεστραμμένος,
3520 653 3608 706 καὶ
3625 655 3743 706 κατ’

2207 749 2396 803 οὐδένα
2422 747 2620 817 τρόπον
2642 744 2949 815 ὀρθοποδεῖν
2974 742 3147 806 εἰδώς.
3166 743 3291 804 Τοῖς
3311 742 3367 795 δὲ
3388 742 3636 807 τοιούτοις
3658 746 3748 800 οὐκ

2209 838 2351 903 ἀξιοῖ
2376 838 2611 890 συνεῖναι
2640 835 2669 886 ὁ
2702 833 2954 905 Χριστὸς,
2987 832 3102 885 ἀλλ’
3132 833 3181 884 εἰ
3208 832 3314 902 χρή
3343 848 3395 885 τι
3426 832 3531 884 τῶν
3556 832 3749 903 ἀνθρω-

2212 929 2380 983 πίνων
2433 928 2625 991 είπεῖν,
2676 926 2961 995 ὀλιγωρεῖο
3014 922 3154 993 πλὴν
3202 922 3303 976 οὐκ
3354 924 3433 985 είς
3474 923 3533 975 τὸ
3579 924 3751 978 τούτου

2212 1019 2501 1090 πρόσωπον
2535 1011 2674 1071 εἶναι
2718 1017 2877 1086 μόνον
2912 1013 3275 1077 ἀποτείνεται,
3308 1013 3392 1065 ἵνα
3424 1014 3497 1083 μὴ
3523 1014 3755 1086 ἀπορήσῃ

2208 1110 2299 1162 τὸν
2339 1108 2644 1178 ἄνθρωπον,
2679 1104 2794 1159 ἀλλ’
2821 1107 2900 1167 είς
2932 1103 3143 1167 πάντας
3178 1102 3486 1167 Ἰουδαίους.
3527 1104 3628 1157 Καὶ
3653 1106 3749 1175 γὰρ

2208 1200 2354 1263 εἰκὸς
2379 1198 2605 1262 πολλοὺς
2631 1196 2740 1250 τῶν
2771 1195 3053 1266 παρόντων
3079 1194 3552 1264 σηνδαλισθῆναι,
3578 1197 3665 1249 καὶ
3691 1197 3750 1249 τὰ

2215 1291 2289 1362 μὴ
2315 1290 2659 1361 προσήκοντα
2685 1286 2932 1355 ἐννοῆσαι
2970 1286 3100 1357 περὶ
3135 1285 3512 1340 αὐτῶν.”οταν
3538 1286 3592 1339 δὲ
3622 1289 3753 1359 εἴπῃ,

2208 1383 2292 1436 δτι
2342 1380 2515 1444 «Ἕως
2562 1379 2692 1433 πότε
2739 1377 3126 1448 συνδιαιτῶμαι
3169 1378 3338 1449 ὑμῖνς
3384 1395 3405 1429 ι
3454 1380 3563 1441 τοῖς
3607 1378 3759 1444 οὕτως

2213 1474 2491 1543 ὑϐρίζουσι
2519 1472 2611 1525 καὶ
2644 1471 2891 1533 ἀπίστοις
2913 1470 3183 1524 δείκνυσιν
3215 1471 3298 1524 ὃτι
3324 1471 3353 1523 ό
3388 1468 3489 1539 τῆς
3517 1471 3758 1541 ἐνσάρκου

2213 1563 2513 1636 παρουσίας
2556 1561 2746 1634 καιρὸς
2780 1561 2978 1632 ἀπῄτει
3008 1560 3171 1616 αὑτὸν
3201 1558 3606 1615 συνδιαιτᾶσθαι
3640 1563 3759 1631 μετὰ

2214 1651 2547 1725 θεοπρεποῦς
2573 1652 2910 1722 ἡμερότητος
2933 1653 3048 1715 τοῖς
3074 1652 3173 1705 οὐκ
3193 1651 3443 1719 ἀγαθοῖς,
3473 1652 3557 1706 ἴνα
3581 1653 3760 1715 αὐτοὺς

550 1788 646 1830 eos
676 1788 773 1843 per
796 1787 859 1827 ea
889 1786 1009 1841 quae
1048 1770 1177 1825 facit
1218 1732 1455 1839 corrigat
1484 1732 1515 1821 τ’
1532 1764 1767 1820 ostendit
1793 1762 1897 1833 61
1937 1770 2114 1815 autem

2222 1746 2281 1800 δι’
2308 1739 2382 1800 ὧν
2414 1746 2558 1797 ποιεῖ
2592 1742 2950 1815 διορθώσηται
2972 1759 2987 1775 ο
3017 1742 3257 1801 δείκνυσι
3286 1742 3343 1798 δὲ
3386 1745 3481 1797 καὶ
3512 1744 3764 1798 ἀσπαστὸν

548 1874 824 1935 acceptam
848 1864 949 1919 sibi
973 1865 1137 1919 etiam
1162 1875 1282 1917 esse
1308 1868 1559 1924 mortem,
1583 1867 1636 1914 et
1657 1872 1716 1914 se
1736 1856 1876 1913 hanc
1896 1869 2116 1925 cupere,

550 1958 961 2025 discessumque
1012 1952 1356 2018 desiderare;
1396 1964 1569 2019 neque
1614 1957 1721 2003 tam
1770 1946 1917 2002 cruci
1951 1944 2115 2016 amgi,

548 2058 852 2112 quamcum
883 2043 964 2098 eis
987 2039 1194 2096 versari
1222 2038 1324 2094 sibi
1360 2051 1481 2092 esse
1506 2049 1668 2105 grave
1691 2049 1705 2086 :
1726 2047 1830 2089 non
1859 2041 2035 2085 tamen
2066 2030 2117 2084 in

549 2134 699 2189 hisce
716 2131 1035 2187 criminibus
1054 2130 1195 2186 stitit
1209 2142 1531 2184 sermonem.
1557 2126 1626 2179 At
1642 2123 1769 2194 quid
1786 2121 1897 2177 ait?
1918 2139 1936 2173 ι
1960 2120 2120 2176 Ferte

549 2223 681 2279 mihi
711 2222 888 2293 ipsum
918 2221 1042 2277 huc.
1076 2240 1097 2275 ι

622 2310 787 2379 XVII,
825 2312 911 2367 18.
948 2311 1017 2366 Et
1042 2310 1334 2381 increpavit
1391 2308 1541 2362 illum
1588 2304 1767 2366 Iesus,
1793 2313 1840 2357 et
1878 2301 2008 2356 exiit
2052 2299 2117 2354 ab

554 2424 609 2460 eo
639 2408 984 2470 da’mom'um,
1013 2417 1061 2460 et
1091 2414 1306 2458 curatus
1336 2413 1412 2458 ut
1442 2416 1570 2471 puer
1598 2414 1662 2453 ex
1692 2395 1787 2450 illa
1817 2396 1968 2448 hora.

635 2553 746 2608 Etsi
784 2561 1055 2620 oporteret
1106 2552 1417 2610 daemoniaci
1443 2563 1648 2623 patrem
1694 2554 1901 2607 tristem
1940 2554 2117 2616 abire,

567 2656 665 2695 nec
682 2638 790 2695 voti
814 2651 1115 2711 compotem
1137 2651 1193 2697 ut
1220 2640 1310 2711 qui
1340 2657 1444 2696 non
1467 2640 1585 2696 sine
1609 2640 1763 2711 culpa
1793 2648 2119 2706 accesserat,

563 2735 659 2788 sed
691 2733 912 2790 chorum
947 2734 1309 2803 apostolorum
1343 2732 1639 2797 incusarat,
1666 2732 1986 2789 criminatus
2015 2745 2120 2786 non

568 2825 803 2894 potuisse
834 2838 926 2881 eos
960 2825 1242 2892 increpare
1269 2823 1586 2887 daemonem,
1616 2821 1744 2892 quin
1778 2822 1950 2897 ipsum
1980 2836 2121 2893 quo-

566 2932 671 2988 que
718 2917 1079 2973 calumniatus
1135 2925 1251 2970 erat
1297 2924 1619 2985 potestatum
1671 2915 1975 2977 Dominum.
2018 2914 2120 2985 Qui

565 3010 707 3065 enim
744 3009 953 3063 dicebat
987 3023 1079 3064 eos
1122 3008 1364 3062 inﬁrmos
1391 3022 1517 3071 esse
1539 3016 1593 3063 et
1622 3008 1945 3078 impotentes
1987 3023 2120 3063 con-

566 3104 648 3149 tra
681 3096 988 3151 immundos
1045 3096 1307 3167 spiritus,
1349 3096 1439 3165 qui
1495 3111 1524 3151 a
1576 3096 1794 3151 Christo
1843 3097 1987 3167 ipsos
2027 3097 2126 3167 eji-
2152 3090 2190 3108 “

564 3189 739 3245 ciendi
797 3196 1118 3259 acceperant
1163 3195 1483 3258 potestatem
1515 3228 1530 3253 ,
1576 3188 1623 3243 is
1666 3188 1845 3258 potius
1895 3189 2124 3260 gratiam

564 3290 799 3346 accusat,
832 3295 989 3350 quam
1020 3294 1112 3335 eos
1147 3281 1236 3348 qui
1263 3281 1411 3335 illam
1438 3280 1547 3353 62
1575 3290 1901 3350 acceperunt
1933 3298 1946 3335 :
1980 3296 2115 3349 qua-

566 3377 785 3438 pr0pter
812 3367 1081 3422 inﬁdelem
1108 3368 1253 3422 illum
1274 3377 1504 3437 patrem,
1535 3369 1765 3438 ideoque
1786 3384 2123 3440 perversum,

567 3473 791 3513 vacuum
826 3458 1154 3527 oportuisset
1182 3458 1404 3514 dimitti.
1463 3459 1568 3514 Sed
1596 3474 1662 3514 ne
1694 3461 1815 3531 quis
1849 3470 2000 3530 putet
2048 3461 2127 3529 ip-

567 3550 982 3604 summetctiam
1013 3548 1285 3604 Christum
1317 3549 1382 3604 ad
1424 3549 1727 3604 mirabilem
1778 3552 1921 3606 hanc
1962 3565 2126 3608 cura-

569 3641 766 3694 tionem
800 3641 1069 3696 inﬁrmum
1109 3654 1232 3696 esse
1257 3682 1274 3708 ,
1321 3642 1618 3711 increpavit
1652 3641 1985 3698 immundum
2020 3642 2128 3712 spi-

568 3734 748 3798 ritum,
785 3742 838 3789 et
865 3732 1150 3789 confestim
1197 3732 1338 3789 ﬁlius
1395 3748 1424 3787 a
1473 3733 1661 3789 morbo
1714 3733 1974 3790 liberatus
2000 3743 2125 3799 est,

566 3836 621 3880 et
653 3825 885 3880 reddidit
940 3840 1061 3881 eum
1103 3825 1244 3893 patri
1294 3840 1424 3891 suo;
1459 3834 1745 3895 antequam
1774 3824 1920 3880 enim
1965 3840 2127 3880 cura-

566 3924 738 3980 retur,
774 3927 877 3969 uou
906 3914 1077 3982 patris
1123 3921 1265 3975 erat,
1319 3914 1412 3967 sed
1448 3912 1671 3982 spiritus
1724 3912 1801 3968 illi
1840 3913 2124 3971 dominan-

569 4003 655 4057 tis.

964 4180 1071 4254 63
1104 4180 1255 4254 (Car.
1285 4181 1444 4250 XVII,
1469 4182 1711 4254 passim.)

633 4276 819 4348 Itaque
861 4276 1084 4331 deduxit
1139 4275 1353 4344 quidem
1415 4292 1600 4333 secum
1643 4278 1695 4332 in
1741 4286 1979 4333 montem
2016 4278 2127 4349 pri-

2217 1835 2345 1892 δντα
2369 1834 2461 1888 τὸν
2489 1833 2712 1888 θάνατον
2743 1832 2910 1904 αὐτῷ,
2943 1834 3039 1886 καὶ
3083 1833 3371 1903 ἐπιθυμεῖν
3414 1833 3476 1887 τὸ
3524 1836 3761 1904 πρᾶγμα,

2218 1929 2312 1984 καὶ
2340 1927 2523 1982 ποθεῖν
2554 1927 2654 1996 τὴν
2692 1926 3022 1995 ἀποδημίαν,
3058 1927 3154 1979 καὶ
3172 1927 3255 1979 ὄτι
3283 1925 3346 1979 οὐ
3389 1926 3450 1978 τδ
3475 1927 3764 1997 σταυρωθῆ-

2217 2035 2327 2083 ναι,
2356 2016 2494 2071 ἀλλά
2535 2016 2595 2068 τὸ
2638 2012 2776 2069 εἶναι
2812 2015 2930 2085 μετ’
2962 2016 3143 2075 αὐτῶν
3183 2016 3321 2087 βαρύ
3348 2033 3363 2048 ·
3400 2017 3461 2071 οὐ
3511 2020 3613 2089 μὴν
3648 2018 3764 2089 ἔστη

2222 2108 2381 2179 μέχρι
2407 2108 2515 2161 τῶν
2547 2106 2926 2177 ἐγκλημάτων.
2946 2108 3108 2162 Ἀλλὰ
3131 2109 3183 2162 τί
3215 2125 3387 2181 φησις
3425 2127 3443 2160 ι
3471 2110 3655 2181 Φέρετέ
3688 2128 3766 2182 μοι

2219 2196 2381 2252 αὐτὸν
2408 2190 2533 2252 ὧδε.
2567 2215 2585 2248 ι

2290 2288 2398 2343 Καὶ
2434 2288 2793 2357 ἐπετίμησεν
2837 2286 2997 2352 αὐτῷ
3032 2290 3066 2342 ὀ
3104 2288 3367 2356 Ἰησοῦς,
3399 2292 3496 2343 καὶ
3532 2290 3770 2359 ἐξῆλθεν

2219 2380 2319 2436 ἀπ’
2352 2380 2536 2435 αὑτοῦ
2579 2380 2644 2434 τὸ
2682 2379 3011 2448 δαιμόνιον,
3044 2381 3141 2434 καὶ
3178 2380 3543 2449 ἐθεραπεύθη
3586 2387 3616 2436 ὀ
3644 2382 3770 2447 παῖς

2223 2472 2338 2527 ἀπὸ
2366 2470 2477 2540 τῆς
2503 2471 2657 2541 ὥρας
2683 2471 2941 2537 ἐκείνης.

2294 2562 2357 2615 Εἰ
2381 2563 2474 2615 καὶ
2508 2561 2613 2615 ἔδει
2642 2562 2732 2615 τὸν
2766 2562 2861 2616 τοῦ
2890 2562 3254 2632 δαιμονῶντος
3288 2563 3506 2635 πατέρα
3523 2562 3772 2634 λυπούμε-

2224 2669 2312 2711 νον
2344 2652 2616 2719 ἀπελθεῖν,
2647 2655 2708 2715 οὐ
2740 2655 3075 2725 τετυχηκότα
3100 2655 3198 2724 τῆς
3224 2654 3556 2725 φιλοτιμίας,
3577 2657 3664 2710 ἆτε
3683 2657 3773 2710 οὐκ

2222 2742 2521 2814 ἀμώμητον
2544 2746 2909 2816 ποιησάμενον
2933 2745 3028 2815 τὴν
3051 2746 3333 2817 πρόσοδον,
3352 2746 3491 2801 ἀλλά
3510 2748 3601 2803 τοῦ
3628 2747 3773 2817 χοροῦ

2221 2836 2329 2889 τῶν
2369 2836 2682 2897 ἀποστόλων
2721 2837 3154 2908 μεταϐοήσαντα,
3182 2840 3430 2903 εἰπόντα,
3470 2840 3544 2909 μὴ
3575 2839 3774 2909 ἰσχύσαι

2222 2924 2418 2988 αὐτοὺς
2443 2925 2763 2995 ἐπιτιμῆσαι
2789 2924 2868 2996 τῷ
2896 2924 3112 2995 δαίμονι
3132 2940 3145 2953 ⁸
3181 2925 3384 2995 μᾶλλον
3415 2925 3472 2980 δὲ
3498 2924 3654 2979 αὐτὸν
3674 2924 3775 2977 δια-

2225 3016 2485 3071 ϐάλλοντα
2517 3016 2607 3069 τὸν
2649 3015 2756 3069 τῶν
2791 3015 3074 3087 δυνάμεων
3126 3016 3429 3086 Κύριον.⁹0
3474 3016 3579 3087 γὰρ
3618 3015 3775 3082 λέγων

2226 3106 2520 3176 ἀσθενῆσαι
2549 3106 2683 3176 πρὸς
2711 3106 2989 3175 ἐνέργειαν
3017 3105 3113 3175 τὴν
3137 3106 3277 3158 κατὰ
3308 3106 3629 3175 πνευμάτων
3654 3107 3774 3158 ἀκα-

2227 3197 2440 3267 θάρτων
2468 3198 2594 3260 τοὺς
2624 3196 2773 3267 παρὰ
2809 3196 3047 3268 Χριστοῦ
3093 3197 3344 3264 ἐξουσίαν
3390 3197 3667 3260 λαθόντας,
3695 3197 3773 3247 ἐκ·

2227 3289 2442 3344 ϐάλλειν
2473 3289 2633 3354 αὐτὰ,
2672 3288 2770 3359 τῆς
2815 3291 3036 3361 χάριτος
3085 3289 3280 3361 μᾶλλον
3328 3292 3640 3361 κατηγορεῖ,
3669 3288 3774 3357 οὐχὶ

2225 3382 2333 3438 τῶν
2360 3382 2630 3436 λαϐόντων
2663 3382 2860 3452 αὑτήν
2889 3381 2977 3436 διὰ
3012 3381 3186 3436 ταῦτα
3231 3381 3417 3434 τοίνυν
3452 3381 3541 3434 τὸν
3567 3380 3773 3434 ἄπιστον

2226 3475 2431 3528 ἐκεῖνον
2464 3472 2697 3541 πατέρα,
2717 3472 2809 3527 καὶ
2839 3472 2928 3526 διά
2957 3473 3117 3526 τοῦτο
3146 3472 3597 3544 διεστραμμένον,
3626 3470 3771 3541 ἐχρῆν

2227 3565 2381 3619 κενὸν
2430 3563 2873 3633 ἀποπεμφθῆναι.
2904 3562 3042 3615 Ἀλλ’
3079 3563 3165 3616 ἵνα
3219 3564 3293 3633 μή
3346 3580 3431 3626 τις
3473 3562 3643 3631 οἴηται
3690 3557 3772 3611 καὶ

2227 3656 2387 3713 αὐτὸν
2414 3654 2672 3725 ἀτονῆσαι
2701 3654 2791 3707 τὸν
2817 3653 3048 3724 Χριστὸν
3075 3654 3209 3725 πρὸς
3231 3654 3332 3725 τὴν
3364 3654 3460 3707 τοῦ
3493 3649 3771 3724 παραδόξου

2228 3747 2586 3818 κατόρθωσιν,
2617 3744 2915 3816 ἐπετίμησε
2942 3745 3018 3815 τῷ
3050 3744 3353 3816 ἀκαθάρτῳ
3385 3745 3664 3815 πνεύματι,
3691 3740 3771 3793 καὶ

2229 3839 2570 3908 παραχρῆμα
2598 3834 2694 3895 τοῦ
2724 3838 2898 3897 νοσεῖν
2926 3838 2954 3895 ό
2980 3839 3105 3900 παῖς
3137 3836 3534 3906 ἀπηλλάττετο,
3569 3833 3660 3889 καὶ
3684 3833 3773 3885 ἀπ-

2229 3926 2426 3980 έδωκεν
2455 3926 2617 3981 αὐτὸν
2659 3926 2739 3996 τῷ
2780 3928 2948 3997 πατρὶ
2987 3924 3188 3983 αὐτοῦ’
3237 3925 3349 3996 πρὸ
3372 3926 3483 3997 γὰρ
3505 3924 3597 3978 τοῦ
3633 3922 3768 3991 θερα-

2230 4016 2511 4087 πευθῆναι,
2550 4018 2651 4070 οὐκ
2692 4010 2760 4085 ἦν
2794 4014 2889 4069 τοῦ
2929 4015 3153 4087 πατρὸς,
3183 4012 3324 4069 ἀλλὰ
3351 4011 3445 4067 τοῦ
3476 4008 3772 4084 κρατοῦντος

2229 4105 2555 4176 πνεύματος.

2297 4196 2502 4249 Οὐκοῦν
2522 4195 2812 4264 ἀνεκόμισε
2843 4195 2942 4265 μὲν
2970 4197 3048 4259 εἰς
3068 4194 3128 4247 τὸ
3148 4194 3273 4265 ὅρος
3294 4194 3423 4255 τοὺς
3446 4187 3769 4263 κορυφαίους.

2228 4286 2323 4340 καὶ
2350 4286 2547 4352 ἔδειξεν
2576 4286 2760 4349 αὐτοῖς
2805 4285 2903 4355 τὴν
2951 4285 3105 4349 δόξαν
3140 4285 3257 4354 μεθ’
3284 4281 3353 4356 ἧς
3401 4280 3682 4351 ἐπιλάμψει
3707 4274 3772 4343 τῷ

565 4373 788 4438 marios,
817 4368 1164 4439 ostenditque
1199 4368 1303 4425 illis
1330 4369 1559 4440 gloriam
1585 4412 1603 4436 ,
1640 4384 1745 4440 qua
1774 4369 1887 4426 suis
1914 4378 2123 4441 tempo-

2225 4377 2415 4448 κόσμῳ
2440 4374 2581 4428 κατά
2611 4375 2857 4446 καιρούς.
2896 4372 3046 4440 Εἶτα,
3077 4374 3354 4428 κατελθὼν
3398 4375 3463 4427 ἐκ
3490 4371 3581 4425 τοῦ
3608 4370 3768 4438 ὅρους.

566 4463 716 4515 ribus
749 4459 846 4514 toti
870 4459 1069 4514 mundo
1106 4457 1459 4528 praefulgebit.
1492 4458 2040 4517 Deindedescendens
2063 4461 2130 4515 de

566 4560 769 4615 monte,
798 4563 1056 4618 perverso
1089 4558 1144 4604 et
1181 4549 1388 4605 crudeli
1414 4549 1608 4618 spiritu
1655 4555 1944 4620 quemdam
1992 4553 2126 4609 libe-

568 4642 730 4698 ravit.
761 4638 868 4695 Sed
904 4639 1193 4709 oportebat
1251 4654 1372 4695 eum
1410 4641 1633 4699 omnino
1684 4642 1978 4697 salutarem
2030 4657 2128 4714 pro

566 4732 725 4790 nobis
758 4730 1027 4787 sustinere
1050 4730 1381 4801 passionem,
1440 4745 1503 4787 ac
1556 4730 1861 4789 Judmorum
1888 4733 2131 4804 perferre

565 4821 977 4894 perversitatem
1012 4839 1026 4875 :
1057 4834 1166 4888 quo
1195 4818 1340 4874 facto
1371 4858 1385 4885 ,
1445 4837 1620 4893 neque
1655 4824 2007 4891 improbabile
2048 4832 2131 4879 est

567 4913 863 4970 turbandos
892 4910 1059 4965 fuisse
1088 4908 1402 4983 discipulos,
1439 4914 1678 4984 illudque
1712 4912 1851 4969 forte
1896 4914 2036 4968 intra
2072 4929 2131 4969 se

566 5009 899 5078 cogitaturos
942 5002 1291 5073 dicturosque
1330 5023 1343 5060 :
1377 5006 1477 5073 Qui
1532 5014 1609 5062 tot
1653 5016 1895 5062 mortuos
1945 5021 2126 5062 resus—

568 5100 699 5154 citat
727 5111 851 5151 cum
898 5095 1078 5154 divlna
1100 5098 1330 5168 quadam
1364 5105 1665 5166 potestate,
1713 5097 1804 5167 qui
1848 5111 1995 5153 mare
2043 5097 2129 5152 in-

566 5198 754 5258 crepat
812 5206 877 5246 ac
919 5199 1139 5255 ventos,
1191 5188 1297 5259 qui'
1344 5189 1509 5244 verbo
1562 5189 1795 5244 conterit
1846 5188 2128 5252 Satanam,

568 5285 835 5355 quomodo
867 5296 1009 5339 nunc
1037 5281 1250 5352 capitur
1282 5287 1336 5335 et
1380 5280 1435 5334 in
1480 5279 1701 5351 laqueos
1735 5280 1923 5335 incidit
1953 5281 2128 5337 homi-

568 5375 856 5429 cidarum?
885 5374 1093 5443 decepti
1141 5386 1331 5428 sumus
1384 5372 1549 5441 igitur
1586 5372 1754 5427 Deum
1789 5372 1963 5443 ipsum
2012 5387 2130 5428 esse

569 5474 839 5535 putantes.
878 5464 947 5519 Ut
982 5464 1143 5533 igitur
1168 5472 1497 5534 cognoscant
1533 5479 1755 5534 prorsus
1808 5473 1863 5518 et
1906 5465 2127 5519 omnino

571 5558 829 5617 futurum,
868 5556 1101 5609 insinuat
1128 5557 1207 5610 eis
1240 5557 1553 5626 mysterium
1586 5555 1880 5624 passionis.

640 5643 804 5710 XVII,
826 5645 917 5698 24.
954 5644 1289 5698 Venierm'bus
1316 5658 1485 5700 autem
1510 5646 1618 5701 illis
1645 5648 1700 5699 in
1722 5646 2123 5715 Caphamaum,

2231 4467 2467 4539 πονηροῦ
2492 4484 2552 4520 τε
2578 4467 2673 4519 καὶ
2700 4467 2939 4537 ἀπηνοῦς
2963 4467 3271 4537 πνεύματος
3291 4462 3629 4536 ἠλευθέρωσέ
3646 4474 3767 4511 τινα.

2242 4559 2377 4613 Ἀλλ’
2403 4559 2511 4613 ἔδει
2559 4558 2774 4622 πάντως
2826 4556 2988 4612 αὐτὸν
3033 4557 3094 4611 τὸ
3139 4559 3403 4627 σωτήριον
3454 4555 3590 4623 ὑπὲρ
3632 4547 3767 4620 ἡμῶν

2229 4653 2515 4723 ὑπομεῖναι
2576 4650 2746 4714 πάθος
2771 4690 2788 4715 ,
2856 4651 2950 4703 καὶ
3008 4650 3106 4719 τῆς
3151 4649 3418 4702 Ἰουδαίων
3466 4640 3769 4715 ἀνασχέσθαι

2230 4741 2545 4812 σκαιότητος
2568 4756 2582 4772 ⁸
2612 4734 2672 4794 οὗ
2700 4741 2763 4811 δὴ
2792 4741 3095 4808 γεγονότος,
3128 4739 3247 4793 οὐδὲ
3276 4737 3504 4801 ἀπεικὸς
3548 4737 3602 4788 ἐν
3632 4727 3769 4801 θορύ-

2228 4831 2343 4895 ϐοις
2374 4830 2590 4884 ἔσεσθαι
2619 4832 2743 4894 τοὺς
2782 4829 3053 4901 μαθητὰς,
3099 4829 3317 4885 κάκεῖνό
3352 4845 3455 4880 που
3483 4826 3619 4896 τάχα
3658 4816 3770 4875 καθ’

2229 4925 2449 4987 ἑαυτοὺς
2496 4927 2697 4979 ἐννοεῖν
2754 4922 2850 4977 καὶ
2898 4923 3097 4990 λέγειν.
3133 4922 3193 4975 '0
3235 4920 3522 4982 τοσούτους
3568 4913 3767 4983 νεκροὺς

2230 5017 2557 5087 ἀναστήσας,
2586 5017 2641 5068 ἐν
2675 5014 2890 5085 ἐξουσίᾳ
2916 5015 3208 5085 θεοπρεπεῖ
3232 5013 3324 5065 καὶ
3350 5011 3640 5070 θαλάσσαις
3663 5008 3767 5056 ἐπι-

2228 5107 2400 5177 τιμῶν
2429 5108 2522 5162 καὶ
2548 5107 2912 5178 πνεύμασιν,ὀ
2932 5106 3075 5176 λόγῳ
3094 5103 3392 5176 συντρίϐων
3420 5102 3511 5157 τὸν
3529 5096 3763 5155 Σατανᾶν,

2229 5195 2344 5259 πῶς
2391 5194 2505 5267 ἥλω
2552 5197 2688 5262 νυνὶ,
2715 5196 2810 5249 καὶ
2844 5198 2955 5260 τοῖς
3005 5197 3112 5250 τῶν
3146 5193 3431 5263 φονώντων
3465 5190 3767 5261 ἐμπέπτωκε

2230 5288 2481 5361 βρόχοιςς
2529 5289 2671 5358 'Apa
2700 5288 3058 5358 ἠπατήθημεν
3110 5287 3242 5341 Θεὸν
3292 5281 3435 5357 εἶναι
3486 5278 3766 5351 νομίζοντες

2228 5378 2529 5432 αὐτόν.⁹Ίνα
2560 5377 2739 5430 τοίνυν
2769 5378 2957 5432 εἰδεῖεν
3006 5377 3068 5429 τὸ
3114 5378 3287 5444 πάντη
3330 5391 3392 5427 τε
3448 5373 3539 5426 καὶ
3576 5368 3765 5421 πάντως

2226 5470 2501 5537 ἐσόμενον,
2532 5468 2833 5539 προμηνύει
2863 5470 3044 5533 αὐτοῖς
3090 5467 3185 5522 τοῦ
3234 5465 3439 5528 πάθους
3478 5463 3539 5518 τὸ
3583 5454 3764 5528 μυστή·

2230 5576 2363 5631 ριον.

2309 5651 2651 5711 Ἐλθόντων,
2683 5650 2751 5703 δὲ
2792 5652 2989 5705 αὐτῶν
3031 5653 3118 5717 εὶς
3162 5645 3566 5715 Καπερνασὺμ,
3598 5652 3758 5708 προσ·
