4058 6280
290 345 389 399 4⁸29

1437 328 1791 388 C(IMMENT.
1830 326 1895 382 IN
1935 323 2367 381 MA'ITHJEUM.

3403 321 3505 377 470

290 456 474 522 ἦλθον
511 451 566 504 οι
612 447 683 502 τὰ
731 447 1022 516 δίδραχμα
1068 440 1471 512 λαμϐάνοντες
1519 439 1599 505 τῷ
1648 438 1844 505 Πέτρῳ

1957 442 2284 488 accesserunt
2312 427 2733 502 quididrachma
2781 425 3099 496 accipiebant
3145 428 3214 480 ad
3263 426 3502 492 Petrum,

288 541 380 595 καὶ
408 540 614 593 εἷπον·
653 537 715 590 '0
742 535 1102 599 διδάσκαλος
1128 531 1292 600 ὑμῶν
1335 532 1405 584 οὐ
1453 529 1614 582 τελεῖ
1653 529 1724 582 τὰ
1761 526 1844 581 δί-

287 631 553 700 δραχμα;
581 625 749 696 Λέγει
769 641 782 655 ·
809 625 940 678 Ναί.

367 719 520 789 Ἐμοὶ
556 719 722 779 δοκεῖ,
753 717 834 770 ὅτι
869 714 1008 768 κατὰ
1044 712 1200 766 πόλιν
1233 711 1470 780 ἑκάστην
1511 708 1751 778 ἀπῄτουν
1779 706 1848 760 τὰ

287 814 574 883 δίδραχμα,
610 812 689 864 διὸ
736 811 830 864 καὶ
863 812 920 862 ὲν
950 809 1321 878 Καπερναοὺμ
1351 806 1617 875 είσῆλθον,
1663 803 1849 873 ἐπειδὴ

287 905 483 976 πατρὶς
509 901 743 973 Χριστοῦ
779 901 1054 971 ἐνομίζετο
1073 913 1086 927 ⁸
1120 901 1215 952 καὶ
1254 897 1575 968 πανούργως
1602 895 1848 966 ἐρωτῶσι

286 997 373 1049 τὸν
399 995 605 1067 Πέτρον
629 1011 642 1025 ·
670 991 914 1062 Ἐπειδὴ,
940 989 1124 1060 φησὶν,
1155 988 1275 1052 ἔθος
1311 988 1423 1057 ἔχει
1454 988 1563 1050 τοῖς
1602 985 1694 1038 τοῦ
1726 986 1850 1039 Mco-

288 1087 421 1151 σέως
445 1085 902 1157 ἀντιπράττεσθαι
919 1083 1124 1154 νόμοις.
1143 1082 1261 1135 οὐδὲ
1284 1080 1343 1133 τὺ
1361 1079 1652 1149 δίδραχμον
1675 1077 1845 1129 τελεῖ·

283 1178 438 1244 είδὼς
465 1179 548 1232 ὅτι
574 1177 668 1231 καὶ
696 1177 724 1228 6
750 1176 982 1246 Χριστὸς
1007 1170 1074 1245 ἦν
1100 1173 1269 1227 είπών
1289 1189 1303 1203 ·
1355 1188 1372 1222 ι
1406 1171 1518 1223 Οὐκ
1555 1163 1716 1239 ἦλθον
1764 1185 1852 1220 κα·

283 1273 514 1328 ταλῦσαι
546 1271 638 1326 τὸν
683 1270 866 1340 νόμον,
900 1267 1036 1322 ἀλλὰ
1084 1265 1390 1336 πληρῶσαι,
1419 1283 1437 1315 ι
1489 1263 1584 1315 καὶ
1631 1263 1712 1314 ὅτι
1754 1261 1851 1332 τῆς

285 1363 594 1434 οἰκονομίας
628 1363 656 1414 6
683 1361 880 1432 τρόπος
910 1359 1066 1412 τοῦτο
1090 1358 1329 1411 ἀπαιτεῖ.
1364 1355 1588 1416 Τούτοις
1617 1352 1713 1422 μὲν
1761 1347 1852 1405 οὖν

285 1452 435 1509 εἶπεν
468 1457 496 1507 6
525 1453 750 1524 Πέτρος,
774 1453 856 1505 δτι
885 1452 1054 1503 celei"
1105 1447 1180 1518 τῷ
1208 1447 1263 1499 δὲ
1288 1444 1509 1516 Χριστῷ
1539 1444 1638 1497 οὐκ
1671 1439 1846 1507 εἶπεν,

287 1548 412 1609 ἴσως
443 1543 710 1617 ἐρυθριῶν
736 1543 875 1612 ὑπὲρ
902 1544 1104 1594 τούτων
1135 1536 1496 1606 διαλεχθῆναι.

353 1638 486 1691 Ἵνα
514 1636 582 1687 δὲ
613 1635 697 1702 μὴ
738 1631 1238 1698 σκανδαλίσωμεν
1264 1627 1503 1692 αὐτοὺς,
1544 1624 1854 1700 ,πορευθεὶς

284 1728 369 1790 εἷς
397 1724 512 1793 τὴν
533 1724 871 1786 θάλασσαν,
893 1719 1052 1785 ,βάλε
1087 1720 1428 1787 ἄγκιστρον,
1449 1717 1545 1769 καί
1578 1717 1683 1769 τὸν
1707 1715 1852 1768 ἁνα-

1948 532 1995 577 st
2031 524 2274 576 dixerunt
2301 538 2318 578 :
2347 519 2595 589 Magister
2633 524 2799 568 uester
2830 531 2929 568 non
2959 516 3108 571 solvit
3158 516 3491 573 didraclmm.

1949 613 2034 664 Ait
2067 627 2085 664 :
2113 611 2314 664 Etiam.
2945 628 2978 666 ο

2016 699 2126 771 ϐἀ.
2153 700 2278 753 Mihi
2305 699 2554 752 videntur
2593 710 2688 764 per
2713 691 2956 762 singulas
2990 692 3233 748 civitates
3261 695 3508 750 didrach-

1949 809 2033 847 ma
2059 791 2322 858 exegisse,
2346 790 2571 858 ideoque
2603 791 2654 844 in
2689 788 3066 859 Capharnaum
3101 785 3328 854 ingressi
3356 797 3501 851 sunt,

1949 883 2074 950 quia
2105 881 2276 949 patria
2308 879 2508 934 Christi
2533 878 2856 947 putabatur;
2883 883 2936 928 et
2962 883 3138 928 astute
3171 877 3506 946 interrogant

1948 972 2167 1028 Petrum
2194 987 2208 1026 :
2231 971 2388 1038 Quia,
2408 972 2600 1040 inquit,
2625 969 2761 1025 solet
2784 969 2988 1039 legibus
3016 966 3180 1021 Mosis
3207 967 3506 1033 adversari,

1951 1075 2124 1130 neque
2179 1061 2495 1114 didrachma
2554 1057 2755 1113 solvit?
2803 1073 2906 1110 non
2963 1055 3179 1110 nescius
3230 1055 3507 1110 Christum

1951 1151 2193 1206 dixisse:
2225 1169 2244 1202 ι
2278 1147 2396 1204 Non
2427 1149 2548 1204 veni
2577 1149 2788 1202 solvere
2809 1149 3004 1218 legem,
3037 1147 3130 1200 sed
3155 1146 3506 1216 adimplere,»

1951 1251 2007 1297 et
2051 1241 2473 1312 dispensationis
2529 1241 2747 1321 modum
2807 1240 2911 1293 hoc
2959 1238 3266 1307 postulare;
3308 1238 3513 1292 idcirco

1954 1332 2229 1402 reSpoudit
2262 1331 2328 1386 iis
2375 1330 2586 1392 Petrus,
2638 1343 2762 1383 eum
2807 1329 3020 1385 solvere
3047 1369 3063 1393 ,
3115 1329 3336 1384 Christo
3383 1343 3512 1383 vero

1954 1439 2058 1478 non
2092 1425 2246 1489 dixit,
2281 1424 2609 1480 erubescens
2643 1423 2872 1477 fortasse
2899 1421 2965 1476 de
2999 1422 3147 1476 hisee
3170 1421 3337 1490 loqui.

2025 1615 2190 1681 XVII,
2221 1615 2315 1672 27.
2349 1615 2420 1670 Ut
2449 1629 2624 1671 autem
2654 1635 2756 1672 non
2787 1617 3210 1672 scandalizemus
3237 1634 3345 1683 eos,
3387 1619 3517 1673 vade

1955 1711 2023 1762 ad
2054 1723 2218 1772 mare,
2252 1717 2302 1760 et
2338 1707 2482 1760 mitte
2508 1708 2745 1774 hamum,
2772 1719 2820 1763 et
2851 1724 2967 1760 eum
2986 1708 3178 1774 piscem
3201 1710 3290 1778 qui
3314 1709 3515 1777 primus

283 1813 466 1866 σαντα
498 1811 729 1880 πρῶτον
753 1811 926 1880 ἰχθὺν
958 1803 1130 1876 ἆρον·
1160 1807 1256 1860 καὶ
1285 1806 1531 1871 ἀνοίξας
1555 1808 1624 1858 τὸ
1656 1807 1850 1872 στόμα

1957 1799 2274 1862 ascenderit,
2299 1798 2423 1853 tolle
2455 1815 2474 1853 :
2504 1809 2553 1852 et
2581 1809 2758 1866 aperto
2791 1813 2878 1855 ore
2902 1797 3036 1871 ejus,
3078 1799 3312 1857 invenies
3345 1814 3512 1859 state-

281 1904 467 1958 αὑτοῦ
501 1902 778 1971 εὑρήσεις
800 1899 1084 1967 στατῆρα.
1103 1897 1370 1952 Ἐκεῖνον
1389 1896 1586 1952 λαϐὼν
1606 1895 1710 1961 δὸς
1738 1897 1846 1949 αὑ-

282 1995 408 2060 τοῖς
433 1994 565 2048 ἀντί
594 1994 737 2064 ἐμοῦ
770 1994 868 2048 καὶ
906 1991 1043 2047 σοῦ.

361 2086 622 2139 Ἦδὺνατο
649 2087 676 2139 6
709 2084 899 2154 Σωτὴρ
926 2083 1017 2136 καὶ
1043 2083 1105 2134 ὲκ
1136 2083 1233 2153 τῆς
1263 2081 1364 2150 γῆς
1391 2080 1732 2149 παραγαγεῖν
1761 2078 1848 2129 τὸν

283 2179 528 2248 στατῆρα
548 2194 562 2208 ’
609 2178 709 2230 οὐκ
752 2176 971 2244 ἐποίησε
1001 2173 1056 2225 δὲ
1085 2174 1260 2235 τοῦτο,
1288 2172 1403 2226 ἀλλ’
1431 2174 1494 2225 ὲκ
1524 2171 1622 2239 τῆς
1652 2170 1850 2223 θαλάσα

282 2287 383 2339 οης
407 2269 468 2322 τὸ
502 2272 722 2339 σημεῖον
749 2266 1061 2338 εἰργάσατο,
1092 2267 1178 2320 ἵνα
1209 2265 1358 2336 δείξῃ
1390 2263 1683 2334 μυστήριον
1717 2263 1848 2332 ἡμῖν

278 2359 518 2430 θεωρίας
548 2359 818 2429 ἔμπλεων.
836 2358 1027 2428 Ἡμεῖς
1057 2358 1163 2427 γάρ
1191 2357 1356 2427 ἐσμεν
1377 2356 1425 2407 oi
1453 2354 1630 2424 ἰχθύες
1655 2352 1851 2422 θηρευ-

280 2449 468 2512 θέντες
489 2453 553 2503 ὲκ
575 2450 680 2502 τῶν
707 2447 799 2501 τοῦ
825 2448 936 2519 βίον
959 2447 1211 2518 ταραχῶν
1238 2447 1326 2500 διὰ
1347 2446 1454 2498 τῶν
1479 2442 1850 2498 ἀποστολικῶν

281 2543 891 2613 διδαγμάτων.Ἐχομεν
939 2543 996 2595 δὲ
1045 2543 1102 2594 ἐν
1152 2544 1264 2604 τοῖς
1296 2542 1552 2611 στόμασιν
1579 2538 1734 2610 ήμῶν
1759 2539 1849 2591 τὸν

281 2635 548 2707 στατῆρα,
575 2634 822 2686 τουτέστι
848 2633 938 2686 τὸν
969 2633 1221 2703 Χριστόν,

287 2747 398 2802 Τοῦ
427 2747 600 2814 ἁγίου
625 2747 924 2813 Κυρίλλου
952 2746 1283 2798 ἐπισκόπου
1323 2741 1764 2814 Ἀλεξανδρείας
1784 2742 1852 2796 ἐκ

442 2813 561 2868 τῶν
581 2818 667 2881 είς
704 2815 772 2867 τὸ
807 2815 957 2867 κατὰ
983 2814 1281 2867 διιλτθαῖον
1310 2813 1691 2881 Εὑαγγέλιον.

376 2927 433 2978 Ὁ
462 2925 665 2996 στατὴρ
697 2923 772 2993 (I)
799 2925 825 2977 6
846 2923 1093 2993 ἀληθινός
1118 2941 1174 2975 τε
1203 2925 1291 2975 καὶ
1336 2923 1544 2994 νοητὸς,
1581 2923 1672 2976 καὶ
1696 2922 1770 2985 ὡς
1796 2923 1851 2973 ἐν

281 3017 437 3085 τύπῳ
471 3016 546 3086 τῷ
589 3016 646 3081 ἐξ
686 3015 815 3086 ὕλης
842 3015 1187 3086 δηλούμενος,
1225 3015 1382 3076 αὑτός
1415 3017 1558 3065 ἐστιν
1589 3015 1616 3064 6
1650 3013 1850 3082 Κύριος

285 3108 439 3179 ἡμῶν
495 3107 697 3178 Ἰησοῦς
731 3107 981 3178 Χριστὸς,
1013 3109 1040 3159 6
1075 3104 1291 3167 διπλοῦς
1320 3104 1626 3175 χαρακτήρ.

349 3201 514 3253 ὀσα
536 3198 644 3252 ἐὰν
669 3196 896 3264 δήσητε
924 3197 1017 3250 ἐπὶ
1052 3195 1158 3263 τῆς
1189 3196 1317 3266 γῆς,
1349 3214 1400 3247 κ.
1434 3213 1484 3250 τ.
1517 3195 1565 3248 λ.

355 3380 578 3452 Ἐπειδὴ
595 3381 900 3442 δίδωσιτοῖς
934 3379 991 3431 τὸ
1015 3378 1282 3432 διδάσκειν
1305 3375 1580 3446 λαχοῦσιν,
1604 3376 1852 3442 ἐξουσίαν

279 3472 381 3525 τοῦ
404 3471 552 3523 λύειν
580 3475 675 3524 καὶ
695 3471 932 3540 δεσμεῖν,
963 3472 991 3522 6
1013 3468 1264 3541 Χριστὸς,
1296 3467 1369 3539 μὴ
1405 3465 1850 3538 μεταφοιτὼντων

277 3564 397 3616 τῶν
425 3560 573 3627 ἅπαξ
601 3560 962 3615 ἐκκλινάντων
994 3561 1129 3631 πρὸς
1160 3558 1343 3628 ἐτεσιν
1373 3557 1593 3628 ἀρετῆς,
1627 3558 1731 3629 χρὴ
1766 3557 1853 3610 δε-

275 3656 459 3708 διέναι
492 3653 589 3715 τὰς
622 3651 728 3705 τῶν
756 3651 924 3720 ἁγίων
955 3651 1156 3721 φωνὰς,
1206 3651 1309 3704 κᾶν
1361 3648 1434 3720 μὴ
1486 3649 1669 3702 πολλοί
1715 3666 1855 3712 τινες

277 3744 402 3800 εἷεν
437 3745 854 3814 οἱδιορίζοντες.
891 3742 1352 3812 Πεπληροφόρηκε
1399 3741 1507 3813 γὰρ
1557 3741 1649 3794 καὶ
1696 3740 1856 3793 τοῦτο

276 3839 440 3908 ἡμᾶς
461 3837 492 3888 6
516 3835 766 3905 Χριστὸς,
800 3834 921 3904 οὐχὶ
948 3835 1119 3904 δήπου
1151 3834 1388 3898 πάντως,
1430 3835 1512 3887 ὅτι
1554 3835 1619 3887 ἐκ
1646 3832 1855 3886 πολλῶν

278 3933 445 3982 ἔσται
489 3925 702 3996 βέϐαιον
741 3925 930 3990 εἰπὼν,
971 3925 1084 3978 ἀλλ’
1124 3926 1172 3976 εί
1217 3926 1311 3978 καὶ
1356 3925 1447 3978 δύο
1489 3926 1578 3978 τὸν
1628 3923 1855 3994 ἀριθμὸν

281 4017 598 4092 συμφώνως
634 4017 726 4070 καὶ
761 4017 1241 4086 περιεσκεμμένως
1275 4018 1537 4087 ὀρίσειαν,
1567 4019 1646 4080 εἰς
1685 4016 1858 4085 πέρας

277 4113 440 4182 ἥξειν
486 4107 966 4178 ἐπαγγειλάμενος.
1021 4108 1318 4177 Συνέσομαι
1367 4108 1496 4177 γὰρ,
1548 4107 1718 4176 φησὶ,
1763 4107 1858 4158 καὶ

280 4200 609 4272 συνοριῶ,εί
634 4199 783 4268 μόνοι
806 4199 898 4251 δύο
928 4198 1239 4269 συναχθεῖεν
1261 4199 1327 4251 δι’
1347 4199 1445 4268 ἐμὲ
1464 4215 1477 4228 ·
1507 4199 1564 4249 οὺ
1587 4197 1694 4267 γὰρ
1721 4195 1858 4266 [τὸν]

277 4295 391 4349 τῶν
417 4292 710 4346 συνιόντων
741 4289 993 4361 ἀριθμὸν,
1023 4290 1158 4342 ἀλλὰ
1190 4289 1285 4360 τὴν
1319 4289 1418 4358 τῆς
1451 4289 1732 4351 εὐσεϐείας
1766 4288 1859 4340 καὶ

275 4384 565 4454 φιλοθεῖας
596 4381 822 4452 δύναμιν
858 4382 1076 4452 ἐνεργὸν
1113 4380 1434 4452 γενήσεσθαί
1474 4397 1624 4449 φησι.

361 4555 694 4612 Ἐκέλευσε
738 4555 1033 4623 πραθῆναι
1073 4555 1274 4618 αὐτὸν,
1320 4555 1417 4606 καὶ
1465 4554 1579 4621 τὴν
1603 4553 1853 4622 γυναῖκα

271 4647 495 4711 αὐτοῦ,
526 4645 625 4699 καὶ
655 4645 725 4698 τὰ
748 4646 949 4698 τέκνα.

343 4739 458 4792 Διὰ
490 4737 587 4806 τῆς
635 4737 890 4806 πράσεως
917 4735 1018 4803 τῆς
1049 4731 1322 4801 γυναικὸς,
1359 4733 1450 4784 καὶ
1483 4733 1590 4784 τῶν
1632 4732 1852 4797 λοιπῶν,

271 4829 614 4899 σημαίνεται
658 4827 765 4880 τῶν
794 4827 944 4896 παρὰ
975 4825 1108 4878 Θεοῦ
1131 4823 1377 4894 τερπνῶν
1403 4825 1434 4892 ἡ
1462 4825 1540 4886 εἰς
1571 4823 1712 4876 ἆπαν
1753 4827 1857 4892 ἀφ-

268 4923 520 4991 αίρεσις,
544 4919 638 4970 καὶ
662 4918 980 4979 ἀπόπτωσις
1015 4916 1302 4985 παντελής.
1321 4916 1382 4967 Ἠ
1409 4916 1514 4986 γὰρ
1539 4917 1739 4986 πρᾶσις
1759 4916 1856 4986 τὴν

267 5011 384 5064 ἀπὸ
415 5009 560 5062 Θεοῦ
593 5008 744 5078 δηλοῖ
765 5008 1138 5077 ἀλλοτρίωσιν.

343 5097 790 5164 Εὑκοπώτερόν
838 5098 968 5150 ἐστι
1012 5097 1287 5165 κάμηλον
1335 5095 1430 5148 διὰ
1480 5097 1847 5165 τρυπήματος

263 5189 539 5260 ῥαφίδος
565 5188 838 5242 διελθεῖν.

345 5279 624 5350 Κάμηλον
649 5277 878 5332 ἐνταῦθα
911 5294 1094 5348 φησιν,
1123 5277 1182 5328 οὗ
1209 5275 1267 5330 τὸ
1291 5275 1424 5339 ζῶον
1450 5275 1508 5328 τὸ
1536 5278 1852 5346 ἁχθοφόρον,

268 5370 422 5422 ἀλλὰ
449 5368 522 5420 τὸ
548 5369 692 5437 παχὺ
718 5367 946 5438 σχοινίον
978 5370 1036 5421 ὲν
1067 5361 1110 5435 ᾧ
1139 5366 1456 5435 δεσμεύουσι
1489 5366 1584 5427 τὰς
1615 5368 1857 5434 ἀγκύρας

266 5463 321 5514 oi
360 5459 738 5528 ναῦται.Ἦδη
772 5476 887 5522 πως
923 5461 1088 5527 ἐγγὺς
1117 5459 1211 5511 καὶ
1240 5456 1534 5526 ἀγχίθυρον
1585 5457 1680 5507 τοῦ
1731 5457 1858 5509 ἁδυ-

269 5551 450 5606 νὰτου
471 5549 535 5602 ἰδ
561 5549 746 5620 χρῆμα
768 5549 960 5614 τιθεὶς,
989 5551 1262 5603 δείκνυται
1287 5550 1382 5616 οὐχ
1409 5551 1435 5600 6
1461 5546 1640 5616 τυχὼν
1672 5549 1860 5617 μισθὸς

350 5729 438 5798 (1)
491 5726 547 5777 Ὀ
586 5729 808 5795 στατὶιρ
840 5757 908 5767 -
941 5725 1258 5794 χαρακτήρ.
1290 5724 1390 5778 Mai
1432 5724 1492 5777 Β.
1527 5724 1596 5778 Ν.
1634 5724 1697 5791 ll,
1735 5726 1855 5779 481.

1955 1907 2061 1944 rem
2089 1908 2107 1956 ;
2138 1891 2287 1945 illum
2301 1908 2526 1960 sumens,
2553 1891 2622 1947 da
2651 1897 2722 1948 eis
2740 1911 2833 1963 pro
2864 1912 2941 1948 me
2963 1905 3008 1948 et
3033 1903 3098 1949 te.

2024 2066 2295 2123 Potuisset
2335 2069 2518 2140 utique
2567 2067 2817 2124 Salvator
2859 2068 3020 2124 etiam
3080 2083 3148 2124 ex
3200 2079 3341 2125 terra
3401 2080 3511 2126 sta—

1958 2170 2124 2213 terem
2168 2159 2424 2222 effodere,
2475 2159 2644 2214 noluit
2694 2170 2898 2223 autem,
2935 2160 3029 2215 sed
3058 2175 3088 2215 e
3119 2161 3254 2215 mari
3304 2162 3517 2232 signum

1957 2250 2262 2315 arcessivit,
2326 2259 2384 2304 ut
2432 2255 2748 2322 mysterium
2809 2251 2965 2306 nobis
3015 2251 3266 2307 innueret
3319 2268 3517 2308 arcana

1960 2341 2310 2409 intelligentia
2342 2341 2733 2410 plenissimum.
2783 2341 2890 2397 Nos
2930 2342 3072 2396 enim
3120 2344 3297 2413 pisces
3327 2359 3518 2399 sumus

1957 2443 2023 2484 ex
2053 2431 2178 2485 vitae
2214 2445 2278 2484 ac
2331 2430 2512 2486 surculi
2560 2434 2973 2501 tempestatibus
3033 2433 3340 2502 apostolicae
3385 2450 3518 2504 prte-

1959 2520 2254 2574 dicationis
2283 2522 2488 2588 piscatu
2534 2524 2768 2591 quodam
2801 2525 3056 2578 extrasti.
3117 2521 3390 2580 Habemus
3416 2541 3517 2578 au-

1960 2619 2064 2663 tem
2095 2611 2145 2664 in
2176 2625 2269 2666 ore
2293 2610 2400 2682 65
2423 2621 2698 2678 staterem,
2729 2612 2932 2668 scilicet
2963 2612 3262 2668 Christum.

1959 2727 2139 2784 Sancti
2179 2728 2365 2800 Cyrilli
2407 2731 2634 2800 episcopi
2664 2729 2999 2800 Alexandria
3041 2745 3105 2781 ea:
3148 2730 3517 2783 commentario

2363 2800 2419 2852 in
2450 2798 2691 2852 Matthwi
2724 2799 3079 2867 Evangelium.

2029 2911 2208 2968 Stater
2233 2928 2393 2968 verus
2421 2929 2484 2968 ac
2516 2910 2916 2974 intellectualis,
2964 2910 3016 2962 in
3052 2920 3176 2980 typo
3207 2908 3370 2964 veluti
3404 2925 3519 2963 ma-

1959 3005 2133 3059 teriali
2197 3005 2488 3068 exhibitas,
2537 3005 2649 3073 ipse
2702 3012 2784 3057 est
2837 3001 3092 3055 Dominus
3141 3009 3321 3056 noster
3362 2999 3521 3056 Iesus

1956 3093 2225 3158 Christus,
2258 3095 2449 3162 duplex
2481 3096 2778 3149 character.
3598 3155 3602 3158 γ

2027 3183 2138 3254 66
2190 3183 2394 3249 XVIII,
2453 3185 2540 3240 18.
2597 3182 2934 3251 Quaecunque
2987 3181 3330 3251 alligaveritis
3367 3197 3524 3250 super

1952 3285 2163 3339 terram,
2191 3284 2296 3329 etc.

1977 3395 1987 3410 α
2027 3365 2159 3430 Quia
2187 3364 2335 3418 dedit
2368 3364 2456 3426 iis,
2486 3365 2576 3434 qui
2623 3362 2851 3417 docendi
2904 3377 3100 3416 munus
3145 3363 3323 3415 sortiti
3351 3372 3476 3416 sunt
3502 3401 3519 3426 ,

1955 3462 2279 3524 potestatem
2336 3453 2534 3523 ligandi
2590 3463 2752 3522 atque
2789 3455 3033 3508 solvendi
3071 3454 3318 3508 Christus
3349 3495 3365 3519 ,
3412 3471 3516 3509 non

1955 3560 2245 3601 conversos
2277 3559 2392 3608 eos,
2441 3544 2529 3613 qui
2559 3545 2724 3598 semel
2780 3545 2847 3598 ad
2901 3545 3212 3599 sectandam
3265 3545 3519 3598 virtutem

1956 3636 2105 3690 luere
2156 3634 2404 3704 propensi
2460 3643 2774 3688 sanctorum
2831 3647 2992 3688 voces
3046 3633 3238 3688 timere
3284 3643 3518 3702 oportet,

1957 3726 2060 3779 etsi
2091 3739 2196 3778 non
2227 3723 2375 3777 multi
2407 3724 2514 3778 sint
2536 3725 2625 3790 qui
2657 3724 2881 3777 delinire
2903 3725 2954 3776 id
2982 3725 3521 3792 possuntmertiores

1957 3817 2100 3870 enim
2135 3816 2200 3868 de
2232 3814 2336 3867 hoc
2359 3827 2458 3868 nos
2492 3813 2742 3868 Christus
2769 3812 2915 3877 fecit,
2943 3828 3048 3867 non
3084 3815 3270 3883 utique
3296 3816 3520 3870 omnino

1958 3921 2021 3960 ex
2059 3905 2241 3960 multis
2265 3904 2736 3959 conﬁrmationem
2771 3904 2888 3959 lore
2910 3904 3116 3967 dicens,
3150 3905 3244 3959 sed
3278 3906 3381 3961 etsi
3405 3908 3515 3962 duo

1958 4011 2206 4060 numero,
2263 3997 2656 4051 consentiendo
2689 4003 2743 4051 et
2776 3997 3165 4064 circumspecte
3189 3996 3521 4065 dellnierint,

1961 4084 2118 4138 linem
2144 4085 2412 4149 promittit
2437 4094 2806 4139 assecuturos.
2852 4083 3024 4136 Simul
3070 4086 3214 4137 enim
3241 4124 3258 4149 ,
3299 4085 3517 4153 inquit,

1959 4187 2075 4236 ero,
2131 4174 2400 4241 simulque
2449 4174 2728 4236 definiam,
2765 4175 2865 4226 etsi
2897 4176 3005 4227 duo
3054 4173 3154 4226 soli
3204 4179 3517 4244 congregati

1962 4262 2159 4316 fuerint
2185 4273 2404 4330 propter
2434 4276 2558 4328 me;
2617 4278 2722 4315 non
2758 4265 2901 4315 enim
2946 4263 3107 4316 simul
3145 4263 3522 4318 exsistentiutn

1965 4368 2271 4413 numerum,
2299 4353 2394 4408 sed
2441 4353 2695 4422 pietatem
2743 4352 2947 4422 Deique
2975 4367 3212 4408 amorem
3247 4353 3522 4411 ellicacem

1963 4444 2076 4497 fore
2101 4443 2197 4498 ait.

2027 4556 2134 4626 67
2175 4553 2357 4620 XVIII,
2381 4554 2470 4610 25.
2501 4556 2666 4610 Iussit
2707 4573 2821 4610 eum
2865 4555 3194 4622 venundari,
3229 4566 3278 4610 et
3305 4571 3520 4614 uxorem

1959 4645 2090 4715 ejus,
2117 4655 2162 4698 et
2193 4645 2353 4714 ﬁlios.

2031 4737 2134 4790 Per
2201 4737 2565 4792 venditionem
2602 4740 2788 4792 uxoris
2819 4753 2881 4794 ac
2912 4743 3243 4811 reliquorum
3281 4741 3524 4794 innuitur

1961 4828 2357 4883 delectabilium
2393 4832 2631 4884 omnium
2685 4845 2713 4882 a
2774 4829 2881 4885 Deo
2920 4833 3074 4900 plena
3121 4831 3388 4892 sublatio,
3453 4844 3518 4882 ac

1961 4921 2266 4972 omnimoda
2305 4920 2553 4987 privatio.
2591 4917 2714 4972 Haec
2766 4920 2908 4974 enim
2965 4921 3201 4974 venditio
3245 4920 3520 4974 alienatio~

1962 5026 2082 5063 nem
2118 5028 2143 5062 ιι
2175 5011 2284 5064 Deo
2315 5010 2576 5065 declarat.

2032 5099 2176 5163 XIX,
2209 5099 2300 5151 24.
2347 5099 2586 5154 Facilius
2613 5112 2686 5154 est
2721 5101 2977 5155 camelum
3015 5117 3106 5167 per
3135 5101 3372 5169 foramen
3397 5117 3520 5156 acus

1962 5191 2298 5258 pertransit-e.

2034 5280 2309 5332 Camelum
2338 5280 2426 5334 hic
2449 5281 2603 5346 dicit,
2627 5297 2730 5334 non
2760 5281 2960 5335 animal
2990 5281 3247 5336 oneribus
3287 5263 3526 5338 ferendis

1961 5367 2305 5431 destinatum,
2327 5369 2420 5424 sed
2435 5383 2672 5423 crassum
2694 5370 2891 5435 funem,
2919 5371 3002 5423 cui
3034 5371 3529 5443 anchorasalligant

1963 5471 2157 5512 nautae.
2185 5457 2301 5513 Jam
2320 5459 2718 5528 quodammodo
2740 5475 2851 5512 rem
2883 5461 3263 5528 impossibilem
3299 5477 3418 5519 esse
3448 5466 3531 5520 di-

1965 5564 2091 5605 cens
2111 5551 2344 5604 ostendit
2370 5564 2473 5604 non
2514 5549 2809 5618 quamlibet
2843 5552 3145 5606 mercedem
3187 5555 3442 5610 divitibus
3473 5564 3528 5610 et
