4058 6280
541 299 637 354 451

1574 286 1630 344 S.
1669 284 1941 341 CYRILLI
1984 281 2449 340 ALEXANDRINI
2488 281 2810 337 ΛΚΕ-1111321⁵.

3644 295 3738 354 ὂῖιῖ

543 413 846 493 potentibus
876 406 1428 477 convenire.ldeoque
1460 406 1949 477 Deiopnsidipsum
1980 418 2100 460 esse

2203 404 2315 465 τοῖς
2349 400 2624 464 πλουσίοις
2676 400 2771 452 καὶ
2820 396 3133 468 δυναμένοις
3187 398 3520 469 φιλοσοφεῖν·
3549 405 3618 460 διὸ
3659 415 3734 467 καὶ

541 515 640 579 ait,
677 520 734 566 ut
761 507 1013 564 ostendat
1061 519 1254 575 magna
1287 502 1463 574 gratia
1502 517 1638 573 opus
1690 515 1836 569 esse,
1876 508 1936 554 ιιι
1976 498 2098 569 quis

539 607 592 661 in
625 603 861 658 futurum
886 599 985 654 hoc
1011 606 1159 652 recte
1190 594 1374 652 faciat.

607 797 749 866 XIX,
782 797 870 852 29.
902 794 1215 862 Cenluplum
1257 792 1493 859 accipiet.

620 907 1138 977 Subinlelligendum
1168 912 1287 967 est,
1315 904 1442 957 licet
1479 917 1583 957 non
1614 901 1800 955 eadem
1836 914 1959 955 cum
1989 898 2099 953 dis-

536 1001 733 1070 cipulis
765 998 855 1051 alii
885 995 1070 1050 ﬁdeles
1116 1002 1518 1062 consequantur
1539 1030 1553 1053 ,
1602 990 1882 1045 habituros
1914 999 2091 1043 tamen

537 1108 636 1162 pro
671 1089 980 1145 carnalibus
1011 1086 1228 1154 quidem
1277 1084 1523 1151 cognatis
1562 1095 1682 1149 cum
1716 1078 1827 1133 Deo
1865 1079 2095 1133 familia-

538 1186 776 1245 ritatetn,
808 1178 1307 1242 fraternitatemque
1343 1183 1532 1227 sancta
1574 1172 1795 1225 civitate
1828 1170 2099 1239 primoge-

536 1276 770 1329 nitorum
797 1279 987 1334 matre,
1029 1268 1097 1322 ad
1144 1266 1306 1319 vitam
1350 1264 1468 1318 sine
1526 1262 1631 1316 line
1681 1262 2050 1330 accipiendam
2078 1300 2095 1324 ,

533 1381 654 1436 qua:
680 1373 764 1420 est
792 1364 845 1418 in
900 1359 1153 1415 fruitione
1196 1356 1547 1425 sempiterna,
1583 1365 1639 1408 et
1680 1354 1732 1407 in
1783 1352 1992 1409 deliciis
2035 1367 2097 1407 ac

533 1456 678 1511 nulla
710 1466 944 1523 unquam
970 1450 1234 1505 bonorum
1270 1447 1577 1517 privatione
1604 1462 1619 1511 ;
1656 1445 1761 1499 hoc
1790 1445 1934 1499 enim
1966 1459 2095 1500 vera

530 1550 640 1603 vita
673 1556 773 1611 est,
811 1559 935 1598 nam
967 1541 1173 1610 alioqui
1224 1551 1280 1595 et
1328 1549 1641 1610 peccatores
1685 1538 1883 1592 victuri
1942 1548 2091 1593 sunt.

537 1637 742 1695 Omnes
773 1634 915 1690 enim
951 1645 1317 1702 resurgemus,
1349 1629 1442 1685 sed
1491 1642 1613 1683 eum
1673 1627 1722 1681 in
1754 1627 1927 1698 poenis
1978 1626 2096 1682 sine

527 1724 833 1781 cessatione
876 1720 1042 1775 futuri
1086 1721 1231 1784 sint,
1299 1718 1351 1772 in
1404 1726 1578 1772 morte
1623 1730 1747 1772 esse
1790 1717 2091 1771 dicuntur:

2203 492 2339 545 Θεοῦ
2379 491 2538 560 ἔργον
2567 491 2701 544 αὐτὸ
2741 490 2940 560 ἔφησεν
2967 484 3130 555 εἶναι,
3165 489 3251 542 ἵνα
3278 489 3419 562 δείξῃ
3452 495 3523 547 ὅτι
3553 497 3623 551 δεῖ
3646 503 3728 566 τῆς

2205 580 2427 652 χάριτος
2458 579 2537 650 τῷ
2574 579 2822 651 μέλλοντι
2852 579 3009 632 τοῦτο
3038 578 3357 650 κατορθοῦν.

2293 781 2921 836 Ἑκατονταπλασίονα
2954 780 3233 849 λήψεται.

2287 894 2733 965 Ἐπισημαντέον,
2765 894 2847 947 ὅτι
2874 892 2975 947 κᾶν
3003 893 3079 963 μὴ
3103 887 3210 945 τῶν
3238 890 3414 946 αὐτῶν
3438 896 3543 961 τοῖς
3584 902 3737 973 paen.

2201 990 2321 1052 ταῖς
2352 989 2403 1041 οἱ
2434 989 2612 1042 λοιποὶ
2657 989 3011 1059 ἐπιτύχωσιν,
3057 986 3171 1039 ἀλλ’
3205 987 3354 1055 ὅμως
3398 989 3595 1054 ἕξουσιν
3636 997 3738 1051 ἀντὶ

2204 1078 2304 1149 μὲν
2330 1078 2436 1132 τῶν
2457 1079 2601 1132 κατὰ
2623 1081 2801 1149 σάρκα
2820 1077 3118 1148 συγγενῶν,
3139 1076 3275 1147 πρὸς
3296 1076 3424 1129 Θεὸν
3447 1083 3737 1155 οἰκειότητα,

2201 1170 2296 1225 καὶ
2337 1169 2436 1240 τὴν
2482 1170 2820 1241 ἀδελφότητα
2850 1170 2950 1241 τὴν
2995 1167 3134 1239 πρὸς
3162 1167 3325 1235 ἁγίαν
3358 1170 3505 1235 πόλιν
3535 1175 3623 1245 τὴν
3650 1179 3741 1230 τῶν

2201 1263 2564 1333 πρωτοτόκων
2617 1261 2851 1332 μητέρα,
2901 1263 3038 1333 πρὸς
3079 1267 3141 1319 τὸ
3190 1266 3539 1337 ἀτελεύτητον
3586 1266 3739 1321 λαϐεῖν

2202 1352 2368 1421 ζωὴν,
2399 1354 2426 1406 ὃ
2452 1355 2600 1405 ἐστιν
2628 1354 2686 1406 ὲν
2712 1352 3009 1407 ἀπολαύσει
3039 1351 3177 1411 εἶναι
3207 1358 3314 1423 ἀεὶ,
3344 1359 3437 1411 καὶ
3475 1358 3529 1411 ιν
3565 1362 3739 1428 τρυφῇ,

2201 1446 2296 1498 καὶ
2343 1444 2451 1497 τῶν
2493 1443 2715 1513 ἀγαθῶν
2768 1446 3036 1516 μηδέποτε
3063 1451 3154 1503 στέ
3166 1450 3376 1521 ρεσθαι.
3405 1448 3567 1503 Τοῦτο
3593 1452 3685 1520 γὰρ
3714 1454 3742 1520 ἡ

2199 1532 2406 1604 ἀληθὴς
2429 1533 2564 1604 ζωὴ,
2590 1534 2711 1587 ἐπεὶ
2734 1534 2828 1588 καὶ
2854 1536 2902 1586 οἱ
2925 1536 3239 1607 ἁμαρτωλοὶ
3271 1538 3637 1601 ζῶσι.ῐ1ἀντες
3655 1538 3743 1609 γὰρ

2199 1624 2554 1696 ἀνιστάμεθα,
2586 1624 2700 1677 ἀλλ’
2735 1626 2921 1696 ἐπειδὴ
2949 1630 3007 1681 ὲν
3036 1628 3294 1700 ἀλήκτοις
3339 1630 3581 1699 βασάνοις
3612 1631 3744 1683 ἔσον-

2200 1732 2311 1779 ται,
2345 1717 2401 1768 ὲν
2434 1715 2688 1780 θανάτοις
2717 1716 2965 1786 λέγονται
2996 1715 3134 1773 εἶναι
3155 1736 3168 1749 ·
3218 1717 3302 1784 οἷς
3349 1721 3524 1791 πολλῷ
3552 1722 3747 1790 βελτίων

529 1818 725 1887 quibus
773 1813 943 1867 multo
982 1810 1177 1865 melior
1239 1824 1386 1864 mors
1420 1808 1524 1863 hoc
1555 1816 1698 1864 statu
1748 1817 1849 1863 est.
1901 1808 2095 1862 Verum

2203 1807 2225 1859 ό
2256 1805 2484 1870 θάνατος
2512 1809 2610 1877 τῆς
2633 1808 2888 1880 τοιαύτης
2930 1811 3343 1876 καταστάσεως.
3375 1814 3516 1884 Πλὴν
3546 1814 3747 1882 ἐπείπερ

529 1925 653 1963 cum
708 1907 919 1961 Marcus
964 1904 1009 1936 "
1039 1904 1185 1958 dicat
1227 1902 1395 1957 multo
1439 1900 1590 1970 plura
1647 1902 1699 1955 in
1747 1901 1848 1955 hoc
1900 1899 2097 1955 saeculo

533 2008 877 2068 accepturos,
907 2010 1097 2051 rursus
1128 1996 1195 2051 de
1226 1994 1599 2063 spiritualibus
1640 1992 1831 2064 gratiis
1871 1991 2096 2047 multum

535 2091 687 2146 hisce
751 2087 979 2143 terrenis
1023 2084 1456 2156 praecellentibus
1506 2099 1519 2134 :
1584 2098 1703 2153 quae
1749 2091 1876 2136 sunt
1922 2081 2098 2136 arrha:

534 2182 777 2249 quaedam
824 2178 1131 2233 futurorum
1168 2178 1429 2231 bonorum
1457 2190 1591 2245 quas
1640 2174 1732 2244 qui
1792 2174 1993 2228 habent
2042 2173 2096 2227 in

535 2269 785 2325 maximis
813 2277 934 2323 sunt
971 2267 1326 2338 dignitatibus
1350 2306 1365 2328 .
1409 2266 1661 2320 omnibus
1702 2263 2097 2334 quodammodo

535 2361 841 2417 hominibus
866 2360 935 2415 ad
965 2368 1182 2415 sanctos
1203 2358 1630 2423 aceurrentibus,
1670 2367 1727 2411 ut
1758 2370 1852 2424 per
1883 2369 1978 2410 eos
2018 2356 2098 2409 di-

534 2456 658 2508 vina
686 2452 855 2523 gratia
888 2450 1160 2506 fruantur.
1221 2449 1334 2503 Non
1388 2452 1586 2504 multos
1637 2449 1804 2519 igitur
1846 2461 1944 2517 pro
1990 2461 2096 2500 uno

536 2557 709 2615 patre,
753 2552 846 2599 aut
884 2543 1082 2598 multas
1117 2557 1213 2611 pro
1240 2555 1347 2594 una
1395 2550 1588 2607 matre,
1639 2550 1733 2595 aut
1787 2554 1946 2608 agros
2000 2553 2096 2609 pro

536 2638 721 2708 paucis
747 2637 942 2692 multos
968 2636 1255 2705 accipient,
1279 2633 1582 2704 inquit,sed
1609 2632 1890 2687 terrestria
1917 2631 2095 2685 omnia

537 2730 655 2783 sine
690 2726 1067 2783 controversia
1112 2726 1429 2781 excedentia
1483 2724 1723 2778 caelestia
1755 2735 2096 2791 consequen-

536 2830 644 2887 tur,
673 2819 784 2892 69
808 2820 880 2873 ita
911 2828 966 2872 ut
991 2818 1058 2873 iis
1088 2833 1207 2887 quas
1239 2814 1623 2887 impenduntur
1648 2813 1803 2884 longe
1840 2819 2097 2881 praastan-

537 2914 674 2967 tiora
709 2927 829 2981 qua:
859 2910 1159 2965 restabunt.

606 3024 762 3092 XXI,
795 3024 882 3077 12.
926 3022 994 3076 Et
1038 3021 1257 3077 intravit
1293 3019 1449 3074 Jesus
1483 3019 1537 3073 in
1586 3016 1831 3087 temptant
1872 3015 2000 3080 Dei,
2048 3024 2097 3069 et

2197 1900 2225 1952 ὁ
2253 1898 2481 1970 Μάρκος
2528 1898 2680 1967 λέγει
2727 1901 2808 1954 ὅτι
2850 1903 2909 1957 ὲν
2955 1903 3111 1957 αἰῶνι
3136 1904 3312 1975 τούτῳ
3343 1906 3749 1961 πολλαπλασίονα

2197 1989 2479 2062 λήψονται,
2516 1991 2735 2045 λεκτέον
2762 1993 2923 2046 πάλιν
2954 1994 3083 2064 περὶ
3111 1995 3219 2049 τῶν
3248 1998 3626 2066 πνευματικῶν
3661 2015 3747 2067 χα-

2200 2083 2481 2153 ρισμάτων
2534 2083 2669 2138 πολὺ
2717 2085 2787 2138 τά
2834 2085 3053 2154 ἐπίγεια
3096 2078 3576 2160 παρατρεχόντων·
3627 2089 3751 2157 ἀπερ

2196 2176 2333 2228 εἰσὶν
2355 2175 2670 2245 άρῤαὸῶνές
2697 2193 2840 2240 τινες
2860 2177 2966 2230 τῶν
2990 2178 3294 2248 μελλόντων
3318 2179 3531 2248 ἀγαθῶν
3554 2197 3566 2210 ·
3586 2179 3752 2249 ὥσπερ

2196 2266 2244 2319 oi
2280 2265 2494 2336 ἔχοντες
2538 2268 2596 2320 ἐν
2637 2268 2921 2337 μεγίσταις
2954 2268 3063 2321 εἰσὶ
3091 2271 3301 2339 τιμαῖς,
3337 2270 3549 2322 πάντων
3591 2269 3754 2338 σχεδὸν

2196 2356 2499 2429 ἀνθρώπων
2528 2360 2972 2429 προστρεχόντων
3001 2363 3113 2424 τοῖς
3154 2362 3355 2429 ἁγίοις,
3389 2363 3472 2414 ἵνα
3502 2360 3565 2412 δι’
3594 2360 3753 2412 αὐτῶν

2198 2447 2550 2501 ἀπολαύσωσι
2581 2451 2675 2515 τῆς
2709 2449 2860 2513 θείας
2890 2451 3131 2522 χάριτος.
3160 2453 3232 2504 Ού
3265 2451 3495 2515 πολλοῦς
3523 2448 3611 2504 οὖν
3642 2449 3753 2503 ἀνθ’

2199 2538 2314 2600 ἐνὸς
2336 2538 2597 2607 πατέρας,
2622 2538 2655 2608 ἢ
2682 2539 2881 2603 πολλὰς
2900 2541 3022 2594 ἀντὶ
3051 2543 3180 2612 μιᾶς
3204 2541 3473 2611 μητέρας,
3497 2541 3529 2609 ἢ
3552 2540 3753 2609 ἀγροὺς,

2197 2630 2320 2683 ἀντὶ
2340 2628 2536 2697 ὀλίγων
2563 2630 2789 2694 πολλοὺς
2813 2631 3186 2702 ἀπολήψεσθαί
3218 2650 3410 2701 φησιν,
3432 2630 3543 2685 ἀλλ’
3567 2632 3644 2683 ὅτι
3660 2630 3755 2682 τῶν

2198 2721 2455 2789 ἐπιγείων
2489 2720 2743 2775 ἁπάντων
2779 2722 3131 2793 ἀσυγκρίτοις
3176 2724 3479 2795 ὑπεροχαῖς
3517 2722 3758 2792 ὑπερκεί-

2199 2829 2350 2866 σεται
2377 2811 2447 2864 τά
2477 2812 2726 2883 οὐράνια,
2748 2814 2841 2866 καὶ
2858 2812 2964 2867 τῶν
2988 2814 3385 2885 ἀπολλυμένων
3414 2814 3759 2886 προτιμότερα

2198 2900 2350 2955 ἔσται
2379 2899 2449 2953 τὰ
2481 2901 2784 2971 σωζόμενα.

2266 3012 2375 3066 Καὶ
2404 3012 2690 3082 εἰσῆλθεν
2716 3016 2749 3067 ὀ
2781 3015 3014 3083 Ἰησοῦς
3055 3018 3143 3083 εὶς
3169 3017 3234 3070 τὸ
3268 3016 3434 3085 ἱερὸν
3464 3014 3567 3070 τοῦ
3604 3013 3758 3078 Θεοῦ,

535 3121 688 3190 ejecit
738 3134 917 3173 omnes
969 3115 1280 3178 uendentes,
1329 3121 1377 3166 et
1414 3121 1644 3166 ementes
1694 3112 1747 3162 in
1783 3108 1990 3175 teniplo,
2043 3117 2092 3161 et

2203 3102 2295 3156 καὶ
2328 3102 2574 3167 ἐξέϐαλε
2612 3103 2840 3171 πάντας
2874 3109 3016 3173 τοὺς
3042 3107 3405 3174 πωλοῦντας
3434 3109 3536 3160 καὶ
3564 3106 3761 3175 ἀγορὰ-

536 3229 741 3267 mensas
816 3208 1295 3264 nummulariorum
1319 3206 1502 3260 evertit
1523 3243 1538 3269 ,
1595 3213 1641 3257 et
1670 3202 1952 3257 cathedras
1981 3216 2096 3256 ven-

536 3302 767 3356 dentium
796 3298 1083 3353 columbas.

607 3495 739 3550 Erat
782 3490 1001 3563 quidem
1046 3489 1100 3544 in
1154 3488 1352 3558 templo
1395 3486 1680 3541 multitudo
1713 3482 2098 3544 vendentium,

542 3586 801 3657 pecunias
831 3591 1198 3645 commutans,
1233 3595 1327 3635 seu
1356 3577 1725 3644 uummularii,
1755 3586 1810 3632 et
1834 3592 1955 3632 eum
2022 3577 2101 3631 eis

541 3681 702 3733 boum
732 3677 1023 3744 oviumque
1060 3672 1402 3737 venditores,
1434 3678 1780 3740 turturesque
1809 3669 2102 3723 vendentes

540 3784 604 3824 ac
648 3767 947 3822 columbas.
1005 3764 1129 3820 Haec
1172 3773 1351 3816 autem
1401 3759 1556 3814 utilia
1585 3757 1881 3814 sacriﬁciis
1928 3755 2103 3810 cultus

541 3860 759 3926 legalis;
792 3858 886 3912 sed
912 3856 1025 3925 jam
1062 3864 1272 3924 tempus
1301 3861 1419 3905 erat
1451 3849 1671 3905 dissolvi
1705 3848 1952 3903 umbram
1980 3888 1996 3914 ,
2040 3862 2103 3901 ac

542 3951 891 4021 resplendere
928 3950 981 4003 in
1014 3946 1234 4002 Christo
1257 3943 1541 3999 veritatem
1568 3956 1582 3996 :
1611 3940 1862 3996 videlicet
1893 3948 1951 3993 ut
1979 3955 2103 3995 cum

544 4041 707 4098 Patre
763 4056 864 4096 suo
896 4039 947 4093 in
980 4052 1109 4093 vero
1145 4035 1342 4105 templo
1372 4036 1751 4089 honoraretur.
1797 4031 1905 4101 7o
1937 4029 2104 4097 Bejici

545 4133 763 4206 quidem
795 4130 987 4201 legalia
1022 4128 1293 4184 sacrilicia
1342 4124 1627 4194 fumosque
1668 4124 1951 4192 praecepit,
2009 4124 2105 4176 do-

543 4239 688 4279 mum
716 4231 894 4277 autem
925 4217 1185 4275 orationis
1219 4215 1472 4284 templum
1504 4212 1716 4268 ostendi
1752 4231 1766 4266 :
1818 4220 2103 4280 percutere

541 4318 685 4371 enim
733 4312 1057 4374 vendentes,
1110 4324 1172 4363 ac
1221 4308 1393 4363 sacris
1423 4304 1717 4360 ambitibus
1746 4316 1839 4357 eos
1880 4316 2105 4365 arcere,

2200 3194 2405 3260 ζον-τας
2442 3195 2514 3249 ἐν
2544 3194 2624 3261 τῷ
2656 3197 2808 3264 ἱερῷ,
2832 3197 2929 3251 καὶ
2963 3200 3069 3265 τὰς
3092 3200 3386 3267 τραπέζας
3414 3201 3529 3255 τῶν
3561 3202 3762 3254 κολλυ-

2200 3285 2420 3339 ϐιστῶν
2449 3285 2845 3356 κατέστρεψε,
2890 3290 2989 3343 καί
3025 3290 3132 3357 τὰς
3172 3293 3472 3361 καθέδρας
3509 3292 3626 3345 τῶν
3657 3307 3764 3343 πω-

2201 3377 2473 3432 λούντων
2500 3378 2606 3443 τὰς
2640 3380 3011 3448 περιστεράς.

2268 3484 2377 3542 Ἦν
2409 3491 2505 3560 μὲν
2532 3492 2588 3543 ἐν
2618 3490 2694 3561 τῷ
2727 3492 2854 3561 ἱερῷ
2882 3492 3090 3563 πληθὺς
3116 3495 3404 3565 ἐμπόρων,
3447 3496 3765 3565 ἀργυραμῆι·

2204 3581 2307 3647 ϐοὶ,
2341 3582 2459 3651 ἦτοι
2489 3581 2866 3648 κολλυϐισταὶ,
2892 3584 2987 3638 καὶ
3025 3587 3142 3655 μετ’
3174 3587 3405 3640 ἐκείνων
3440 3586 3576 3657 βοῶν
3604 3603 3660 3638 τε
3686 3585 3765 3637 καλ

2204 3672 2489 3745 προϐάτων
2541 3674 2791 3744 ἔμποροι,
2821 3676 3085 3748 τρυγόνας
3126 3694 3184 3731 τε
3228 3678 3639 3750 πιπράσκοντες
3686 3677 3766 3728 καὶ

2204 3766 2552 3837 περιστεράς.
2576 3765 2759 3821 Ταῦτα
2782 3768 2839 3821 δὲ
2874 3771 3118 3839 χρήσιμα
3142 3772 3266 3833 ταῖς
3289 3771 3507 3833 θυσίαις
3526 3768 3623 3839 τῆς
3646 3766 3766 3819 κατὰ

2203 3856 2366 3927 νόμον
2409 3858 2694 3929 λατρείας·
2732 3858 2846 3911 ἀλλ’
2884 3854 2951 3929 ἦν
2990 3860 3090 3931 ήδη
3123 3862 3151 3913 ὁ
3184 3862 3386 3933 καιρὸς
3427 3861 3522 3915 τοῦ
3552 3860 3767 3927 καταλῆ-

2207 3946 2292 4012 ξαι
2342 3947 2440 4018 τὴν
2488 3949 2669 4014 σκιάν,
2702 3950 2796 4002 καὶ
2831 3950 3147 4020 ἀναλάμψαι
3179 3951 3282 4023 τὴν
3316 3954 3376 4007 ὲν
3406 3951 3625 4023 Χριστῷ
3650 3949 3765 4018 ἀλή·
3789 3940 3802 3952 ’

2206 4037 2373 4101 θειαν,
2410 4039 2504 4092 ἅτε
2532 4039 2596 4108 δὴ
2632 4039 2769 4109 μετὰ
2792 4040 2886 4092 τοῦ
2919 4040 3049 4093 ίδίου
3083 4041 3299 4111 Πατρὸς
3329 4044 3388 4095 ὲν
3419 4042 3499 4113 τῷ
3524 4042 3650 4111 παρ’
3680 4039 3767 4093 αὖε

2205 4128 2299 4180 τοῦ
2346 4127 2457 4181 ὄντι
2497 4128 2608 4198 ναῷ
2646 4128 2969 4200 τιμώμενος.
3014 4132 3415 4186 Συστέλλεσθαι
3453 4134 3550 4202 μὲν
3588 4130 3680 4191 τὰς
3718 4128 3767 4177 ἐν

2208 4218 2357 4288 νόμῳ
2390 4221 2721 4290 προστέταχε
2750 4221 2957 4288 θυσίας,
2983 4222 3077 4274 καὶ¹
3106 4224 3232 4285 τοὺς
3263 4223 3541 4285 καπνούς·
3565 4217 3702 4274 οἷκον
3722 4217 3770 4269 δὲ

2209 4312 2515 4381 προσευχῆς
2543 4312 2960 4366 ἀναδείκνυσθαι
2986 4314 3077 4367 τὸν
3109 4315 3256 4368 ναόν.
3289 4316 3367 4368 Τὸ
3390 4316 3501 4384 γὰρ
3531 4310 3769 4378 ὲπιϊιλήτ⁸

541 4408 634 4477 qui
670 4406 735 4459 ad
768 4404 1093 4460 sacrilicium
1125 4401 1274 4454 utilia
1296 4398 1566 4468 aliquibus
1589 4393 1974 4455 diveudebant,
2006 4392 2100 4445 hoc

2209 4419 2321 4455 τειν
2346 4404 2456 4466 τοῖς
2487 4404 2750 4473 ἐμπόροις
2783 4406 2878 4458 καὶ
2908 4407 3015 4459 τῶν
3054 4407 3215 4477 ἱερῶν
3246 4408 3562 4477 περιϐόλων
3598 4406 3771 4457 ἀποσο·

542 4476 765 4551 otunino
795 4500 878 4545 est
902 4531 918 4555 ,
945 4489 1186 4556 nihilque
1220 4488 1386 4540 aliud.
1416 4486 1567 4538 Alius
1596 4498 1724 4537 vero
1750 4481 2100 4550 evangelista-

2208 4494 2322 4547 6εῖν
2349 4495 2542 4558 αὐτοὺς
2582 4495 2650 4547 τὰ
2676 4496 2757 4558 εἰς
2787 4495 2976 4549 θυσίαν
3004 4476 3248 4568 χρήσιμα
3282 4476 3769 4567 διαπιπράσκοντάς

545 4599 664 4638 rum
694 4581 858 4635 etiam
891 4578 1159 4647 ﬂagellum
1192 4591 1258 4631 ex
1291 4574 1548 4628 funiculis
1606 4574 1803 4628 fecisse
1844 4573 1973 4627 dicit
2015 4570 2104 4628 Je-

546 4687 692 4737 sum,
729 4671 1021 4740 plagasque
1041 4670 1121 4722 eis
1150 4666 1447 4720 intentasse
1475 4663 1541 4716 ".
1596 4662 1748 4719 Scire
1776 4663 1917 4718 enim
1945 4678 2107 4731 opor-

549 4768 694 4820 tebat
748 4760 971 4831 legalem
1021 4758 1222 4813 cultum
1281 4756 1641 4819 honorantes,
1699 4762 1818 4823 post
1866 4754 2109 4808 veritatis

546 4854 915 4911 ostensionem
956 4849 1202 4919 spiritum
1238 4846 1518 4900 servitutis
1552 4844 1848 4906 habentes,
1887 4858 1950 4896 ac
1977 4842 2104 4896 lihe-

550 4949 655 5002 rari
689 4945 1067 5016 postulantes,
1119 4940 1219 4994 sub
1276 4938 1497 5009 flagellis
1548 4936 1776 5000 futuros,
1817 4934 2107 5003 subjicien-

545 5041 751 5108 dosque
796 5034 1058 5106 supplicio
1103 5046 1289 5086 servos
1335 5028 1564 5084 decenti.
1614 5028 1918 5082 Confirmat
1945 5026 2106 5081 etiam

544 5144 732 5184 eorum
764 5125 1167 5181 accusationem
1206 5136 1275 5176 ex
1321 5120 1456 5175 Isaia
1493 5121 1722 5175 dicens:
1771 5138 1789 5169 ι
1830 5119 2105 5188 Scriptura

544 5231 662 5286 est,
717 5217 918 5273 Domus
974 5230 1090 5270 mea
1158 5214 1350 5267 domus
1421 5212 1683 5267 orationis
1727 5211 2050 5276 vocabitur;
2084 5228 2103 5261 ι

547 5309 852 5365 adorandus
907 5309 1070 5375 igitur
1117 5315 1236 5360 erat
1284 5304 1430 5358 velut
1475 5301 1656 5373 templi
1712 5303 2019 5358 Dominus:
2054 5301 2111 5355 bi

550 5416 675 5455 vero
725 5416 832 5454 non
887 5409 1092 5454 tantum
1150 5399 1253 5453 hoc
1313 5410 1419 5451 non
1459 5394 1730 5460 fecerunt,
1777 5394 1873 5450 sed
1939 5393 2104 5447 etiam

547 5489 820 5560 indignati
856 5501 1001 5544 sunt.
1040 5488 1155 5543 Non
1192 5497 1398 5543 tantum
1426 5496 1610 5542 autem
1642 5486 1744 5541 hoc
1788 5486 1932 5541 illius
1961 5493 2113 5555 pote-

608 5671 661 5703 ³²
692 5662 857 5721 Marc.
888 5678 941 5729 κ,
980 5663 1069 5715 50.
1149 5661 1191 5690 ³³
1225 5658 1378 5714 Jnan.
1422 5661 1595 5728 11,13.

2212 4600 2341 4649 τισι,
2373 4582 2529 4636 τοῦτο
2577 4584 2793 4649 πάντως
2845 4587 2982 4650 ἐστὶ,
3013 4589 3107 4639 καὶ
3150 4589 3341 4657 ἕτερον
3377 4588 3770 4652 ούδέν.Ἔτερος

2213 4671 2269 4723 δὲ
2310 4674 2417 4727 τῶν
2466 4675 2866 4743 εὑαγγελιστῶν
2912 4678 3005 4731 καὶ
3057 4679 3389 4749 φραγέλλιον
3430 4681 3495 4732 ὲκ
3547 4675 3769 4747 σχοινίων

2210 4765 2433 4834 ποιῆσαι
2464 4766 2609 4834 λέγει
2649 4768 2740 4821 τὸν
2772 4768 3002 4837 Ἰησοῦν,
3036 4772 3129 4823 καὶ
3167 4771 3387 4839 πληγὰς
3419 4767 3771 4823 ἐπανατείνειν

2208 4854 2419 4916 αὐτοῖς·
2456 4854 2563 4908 ἔδει
2592 4856 2700 4927 γάρ
2735 4857 2933 4909 εἰδέναι
2963 4859 3090 4922 τοὺς
3121 4862 3355 4931 νομικὴν
3389 4860 3665 4930 τιμῶντας
3688 4856 3771 4906 λα·

2208 4942 2414 5011 τρείαν,
2448 4946 2583 5014 μετά
2608 4948 2706 5017 τὴν
2732 4948 2831 5017 τῆς
2854 4949 3111 5017 ἀληθείας
3137 4951 3436 5015 ἀνάδειξιν,
3467 4952 3551 5004 ὅτι
3577 4945 3772 5014 πνεῦμα

2209 5034 2453 5097 δουλείας
2485 5037 2721 5107 ἔχοντες,
2754 5041 2849 5093 καὶ
2877 5041 2937 5093 τὸ
2965 5042 3388 5114 ὲλευθεροῦσθαι
3424 5040 3772 5115 παραιτούμε-

2211 5141 2314 5187 νοι,
2349 5127 2453 5179 ὑπὸ
2481 5130 2748 5198 μάστιγας
2770 5132 3005 5200 ἔσονται,
3033 5136 3129 5188 καλ⁵
3155 5137 3547 5190 ὑποκείσονται
3577 5132 3773 5188 κολάσει

2210 5216 2584 5289 δουλοπρεπεῖ.
2634 5222 2981 5293 Ἐπιτειχίζει
3040 5226 3221 5289 αὐτοῖς
3266 5229 3367 5280 καὶ
3436 5226 3526 5279 τὸν
3573 5223 3774 5276 Ἡσαΐαν

2212 5309 2536 5380 κατήγορον,
2569 5309 2762 5379 λέγων·
2794 5332 2812 5363 ι
2843 5314 3188 5385 Γέγραπται·
3231 5314 3291 5367 '0
3319 5312 3477 5378 οἶκός
3503 5330 3624 5385 μου,
3648 5306 3773 5368 οἶκος

2215 5401 2519 5470 προσευχῆς
2560 5402 2934 5474 κληθήσεται·
2965 5424 2984 5457 ι
3028 5406 3133 5460 ἔδει
3166 5401 3254 5459 οὖν
3291 5406 3449 5475 αὐτῷ
3484 5398 3774 5475 προσκυνῆ-

2215 5506 2304 5544 σαι
2335 5491 2409 5555 ὡς
2441 5491 2753 5556 δεσπόζοντι
2794 5495 2889 5549 τοῦ
2926 5498 3075 5551 ναοῦ.
3106 5499 3168 5551 Οἱ
3204 5495 3257 5549 δὲ
3288 5496 3455 5550 τοῦτο
3482 5495 3580 5565 μὲν
3604 5492 3662 5546 οὐ
3693 5502 3774 5540 πε·
