4058 6280
300 349 403 405 ιὸὂ

1458 339 1812 398 εοΜΜΕΝτ.
1854 337 1923 394 IN
1962 333 2147 392 ΜᾹἝΤ
2157 332 2401 389 ΗᾹῑυΜ.

3372 396 3378 401 ,
3426 322 3533 379 ist

298 464 591 537 πράχασιν,
638 457 1008 529 ἀγανακτοῦσι
1056 458 1113 512 δὲ
1162 458 1360 529 μᾶλλον
1406 460 1526 512 κατ’
1553 457 1741 512 αὐτοῦ.
1786 456 1855 509 Uti

1968 460 2162 507 statem
2209 446 2487 514 ostendit,
2509 460 2694 501 verum
2731 448 2892 501 etiam
2927 445 3069 515 quod
3100 443 3282 504 varios
3313 445 3533 500 morbos

297 554 451 609 τοῦτο
478 552 535 606 δὲ
567 553 723 623 μόνον
756 551 1026 604 δείκνυσιν
1070 549 1232 604 αὑτοῦ
1278 549 1375 620 τὴν
1421 548 1694 616 ἐξουσίαν,
1726 546 1863 602 ἀλλά

300 648 389 700 καὶ
436 646 499 698 τὸ
543 642 879 714 θεραπεῦσαι
914 642 1132 696 ποικίλα
1178 644 1480 714 νοσήματα.
1511 642 1650 711 Φησὶ
1696 642 1804 712 γὰρ
1834 641 1863 693 6

299 737 714 806 εὐαγγελιστήςο

364 854 475 907 Καὶ
505 850 857 921 προσῆλθον
880 849 1038 915 αὐτῷ
1064 848 1277 917 τυφλοὶ
1303 847 1401 901 καὶ
1437 846 1617 916 χωλοὶ
1668 846 1736 898 ἐν
1782 841 1862 908 τῷ

298 942 447 1011 ἱερῷ,
477 941 577 995 καὶ
603 939 1011 1007 ἐθεράπευσεν
1043 940 1285 1002 αὐτούς.

366 1057 605 1125 Αίνιγμα
650 1049 718 1124 ἦν
758 1053 823 1106 τὸ
861 1052 1110 1121 γεγονὸς,
1132 1052 1212 1104 ὅτι
1240 1050 1347 1104 τῶν
1380 1048 1646 1103 Ἰουδαίων
1669 1046 1866 1115 ἐκϐλη-

300 1148 500 1199 Θὲντων
533 1147 603 1197 ἐκ
628 1143 722 1196 τοῦ
757 1142 885 1197 ναοῦ
940 1143 1037 1196 σὺν
1080 1144 1200 1205 ταῖς
1243 1143 1498 1203 τυπικαῖς
1549 1138 1779 1202 θυσίαις,
1815 1137 1865 1189 oi

296 1232 487 1299 τυφλοὶ
515 1232 610 1284 καὶ
631 1230 796 1300 χωλοὶ
817 1229 1232 1301 θεραπεύονται,
1251 1230 1300 1281 οἱ
1326 1230 1495 1282 τύπον
1522 1227 1734 1297 ἔχοντες
1754 1226 1864 1280 τῶν

296 1322 487 1375 ἐθνῶν.
516 1322 853 1375 Μαθέτωσαν
891 1323 1073 1390 μέντοι
1105 1321 1201 1374 καὶ
1230 1321 1278 1373 οἱ
1309 1318 1611 1381 πωλοῦντες
1653 1317 1746 1371 καὶ
1796 1315 1865 1369 τά

294 1412 389 1466 τοῦ
439 1412 756 1482 Πνεύματος
790 1413 1110 1483 χαρίσματα
1154 1412 1248 1464 καὶ
1288 1411 1386 1481 τὴν
1432 1408 1751 1478 ἱερωσύνην,
1782 1407 1864 1460 ὅτι

293 1502 419 1565 τοὺς
472 1501 784 1567 πωλοῦντας
825 1503 923 1566 τάς
968 1502 1297 1573 περιστερὰς
1333 1500 1584 1564 ὲξέῦαλεν
1633 1497 1739 1550 ἀπὸ
1767 1496 1862 1550 τοῦ

294 1594 426 1647 ναοῦ
474 1595 737 1664 μαστίξας
778 1596 805 1647 6
848 1594 1071 1664 Κύριος,
1112 1594 1204 1648 καὶ
1235 1592 1637 1647 παυσάσθωσαν
1663 1589 1864 1662 πόρους

293 1684 507 1747 ἑαυτοῖς
534 1685 641 1739 ἀπὸ
672 1685 1015 1755 χειροτονιῶν
1042 1685 1413 1756 ἀθροίζοντες.

1966 540 2136 598 curet.
2168 540 2256 594 Ait
2280 538 2424 593 enim
2452 536 2803 607 evangelista:

2047 845 2184 911 XXI,
2225 846 2311 899 Π.
2348 843 2414 897 Et
2440 851 2763 897 accesserunt
2794 841 2861 894 ad
2892 856 3005 894 eum
3034 838 3159 894 ειεσί
3185 847 3230 893 et
3255 837 3431 891 claudi
3466 838 3523 892 in

1964 939 2151 1009 templo
2172 982 2187 1006 ,
2220 948 2265 993 et
2298 937 2501 992 curavit
2529 952 2636 991 eos.
3378 943 3383 955 ‘

2036 1040 2288 1122 IEnigma
2327 1058 2442 1105 erat
2465 1049 2605 1118 quod
2638 1047 2832 1103 factum
2866 1054 2950 1101 est
2987 1064 3001 1100 :
3037 1041 3234 1100 Iudaeis
3272 1056 3301 1095 e
3336 1041 3533 1111 templo

1966 1157 2087 1197 cum
2119 1141 2312 1212 typicis
2341 1140 2621 1196 sacriﬁciis
2643 1138 2829 1206 ejectis
2848 1178 2863 1204 ,
2899 1138 3029 1192 caeci
3052 1144 3106 1191 et
3133 1135 3309 1190 claudi
3336 1149 3533 1188 curan-

1970 1244 2099 1301 tur,
2146 1233 2239 1303 qui
2287 1232 2516 1302 ﬁguram
2571 1232 2769 1285 habent
2820 1229 3080 1297 gentium.
3135 1227 3350 1281 Discant
3385 1236 3533 1280 certe

1967 1325 2261 1379 vendentes
2302 1324 2463 1377 etiam
2494 1322 2730 1391 Spiritus
2782 1321 3106 1375 charismata
3166 1334 3226 1372 ac
3278 1319 3532 1371 sacerdo—

1967 1415 2137 1478 tium,
2168 1413 2458 1468 Dominum
2513 1411 2739 1483 ﬂagellis
2772 1411 3047 1466 columbas
3081 1411 3131 1464 in
3172 1410 3368 1479 templo
3405 1422 3531 1460 ven-

1972 1506 2164 1562 dentes
2198 1505 2461 1576 eiecisse,
2502 1516 2822 1575 cessentque
2877 1519 3075 1560 census
3118 1503 3217 1559 sibi
3257 1518 3299 1557 a.
3341 1516 3530 1557 conse-

1965 1596 2306 1653 crationibus
2328 1611 2666 1667 comparare.

366 1798 437 1851 Τὸ
466 1797 535 1850 δὲ
560 1798 798 1853 καθίσαι
831 1798 900 1851 ἐκ
923 1796 1136 1861 δεξιῶν
1164 1813 1284 1865 μου
1322 1792 1422 1847 καὶ
1452 1792 1520 1856 ἐξ
1544 1793 1855 1863 εὐωνύμων

2040 1793 2142 1863 '71
2174 1792 2272 1846 XX
2292 1833 2309 1859 ,
2341 1793 2434 1851 35.
2465 1794 2658 1848 Sedere
2688 1802 2859 1847 autem
2880 1795 2949 1847 ad
2960 1794 3245 1847 dexteram
3284 1807 3451 1845 meam
3480 1799 3549 1847 at

288 1905 428 1958 μου,
453 1890 563 1942 οὐκ
596 1888 766 1942 ἐστιν
801 1888 949 1958 ἐμὸν
974 1888 1211 1942 δοῦναι.

378 2002 618 2071 Ἐρωτᾷς
648 2002 729 2054 ὅτι
774 2000 958 2053 λοιπὸν
1000 1999 1146 2062 τίνες
1201 1998 1453 2068 μέλλουσι
1503 1999 1858 2069 καθεσθῆναι.

294 2090 449 2144 Μάθε
499 2091 582 2144 ὃτι
629 2089 821 2153 οὐδεὶς.
846 2089 1032 2160 Μάνης
1061 2090 1168 2162 γὰρ
1194 2091 1295 2161 τῆς
1323 2090 1551 2162 πρώτης
1583 2090 1769 2153 οὐσίας
1797 2088 1859 2142 τὸ

296 2181 538 2235 τοιοῦτόν
568 2184 705 2246 ἐστι,
739 2183 833 2236 καὶ
877 2182 977 2236 οὐκ
1023 2183 1400 2253 ἀνθρωπίνης,
1442 2183 1535 2252 Μὴ
1568 2184 1857 2252 νοήσαντες

296 2267 402 2339 γὰρ
427 2269 475 2320 οἱ
498 2268 781 2321 ἀπόστολοι
810 2269 863 2323 τί
880 2270 996 2322 ἐστι
1016 2270 1096 2336 τὸ,
1133 2289 1152 2322 ι
1175 2270 1521 2342 Καθεσθῆναι
1543 2272 1636 2324 ἐπὶ
1655 2270 1861 2326 δώδεκα

297 2358 537 2428 θρόνους·
568 2361 690 2413 »καὶ
722 2361 804 2413 ὃτι
832 2361 891 2414 τὸ
913 2361 1236 2433 ὼξασθῆναι
1263 2364 1382 2417 τότε
1403 2363 1572 2434 δηλοῖ·
1606 2362 1860 2434 τοιαύτην

294 2447 519 2519 ἐζήτουν
552 2449 845 2523 καθέδραν.

374 2646 478 2698 Ἐν
503 2646 645 2713 ποίᾳ
676 2644 929 2714 ἐξουσίᾳ
958 2645 1146 2701 ταῦτα
1174 2648 1362 2715 ποιεῖς
1379 2665 1400 2713 ;

361 2760 423 2811 Εἰ
479 2758 578 2821 τὰς
623 2756 1013 2823 θεοπνεύστους
1065 2760 1210 2831 ᾔδεις
1265 2760 1505 2830 Γραφάς,
1552 2754 1596 2814 ὦ
1636 2761 1860 2815 ἀσύνετε

291 2852 571 2921 Φαρισαῖε,
593 2851 687 2904 καὶ
712 2850 809 2914 τὰς
832 2852 940 2904 τῶν
966 2851 1136 2921 ἁγίων
1160 2853 1453 2923 προφητῶν
1475 2854 1675 2922 φωνάς,
1696 2854 1861 2923 ἐμνή-

291 2944 424 3012 σθης
463 2942 529 2996 ἂν
575 2943 825 3011 λέγοντος
852 2946 945 2997 τοῦ
980 2945 1250 3016 μακαρίου
1275 2946 1439 2997 Δαϐὶδ
1471 2946 1606 3016 πρὸς
1634 2945 1726 2998 τὸν
1752 2944 1861 2997 τῶν

288 3034 422 3087 ὅλων
453 3035 682 3104 Σωτῆρα
710 3035 945 3105 Χριστόν
967 3052 981 3067 ·
1018 3054 1037 3088 t
1072 3036 1271 3106 Ὠμοσε
1306 3034 1528 3106 Κύριος,
1562 3037 1655 3088 καὶ
1687 3036 1746 3088 ού
1768 3050 1861 3105 με·

1964 1890 2273 1952 sinistram,
2307 1901 2415 1940 non
2438 1894 2513 1938 est
2549 1901 2719 1939 meant
2749 1887 2875 1939 dare
2906 1886 3068 1939 vobis.

2034 1997 2244 2065 Quaeris
2268 1996 2551 2066 ecquinam
2578 1998 2797 2052 tandem
2829 1998 3031 2053 sessuri
3069 1997 3198 2051 sint.
3229 1996 3319 2052 Sic
3351 1998 3523 2053 habe:

1966 2088 2236 2143 neminem
2265 2101 2559 2142 sessurum.
2593 2086 2774 2142 Solius
2833 2086 2976 2143 enim
3027 2086 3288 2156 principis
3327 2095 3529 2141 natura:

1966 2178 2088 2233 talis
2110 2177 2404 2232 auctoritas
2431 2185 2539 2243 est,
2566 2191 2672 2231 non
2694 2188 2871 2231 autem
2903 2178 3170 2231 humanae.
3198 2175 3362 2231 Istam
3384 2178 3525 2231 enim

1964 2270 2260 2326 sessionem
2315 2267 2623 2322 ambierant
2675 2267 2937 2338 apostoli,
2991 2267 3194 2323 idcirco
3234 2269 3376 2336 quod
3419 2281 3526 2321 non

1964 2362 2357 2432 intelligerent,
2405 2359 2534 2429 quid
2580 2368 2745 2423 esset,
2799 2378 2819 2410 ι
2858 2358 3059 2414 Sedere
3104 2372 3265 2429 super
3299 2360 3526 2413 thronos

1962 2454 2267 2518 duodecim,
2297 2471 2317 2505 s
2350 2461 2406 2507 et
2438 2452 2851 2521 ignorarenthis
2878 2452 3060 2506 verbis
3096 2450 3389 2520 signiﬁcari
3414 2451 3527 2521 glo-

1963 2542 2319 2598 riﬁcationem
2348 2556 2509 2611 quam
2546 2550 2674 2596 tunc
2702 2548 3121 2610 consequentur.

2034 2657 2161 2727 72.
2198 2653 2321 2709 XXI
2342 2695 2355 2721 ,
2385 2654 2474 2711 25.
2504 2653 2570 2709 In
2607 2671 2708 2725 qua
2731 2664 2986 2725 potestate
3010 2654 3120 2706 [nec
3148 2653 3320 2721 facis?

2034 2772 2092 2827 Si
2122 2773 2289 2828 Deum
2326 2772 2596 2842 spirantes
2627 2769 2935 2837 Scripturas
2966 2780 3153 2821 nosses
3174 2780 3239 2831 ,ο
3268 2763 3526 2833 insipiens

1965 2862 2264 2930 Phariszee,
2293 2878 2358 2918 ac
2383 2871 2693 2917 sanctorum
2737 2861 3128 2931 prephetarutn
3173 2873 3368 2921 voces,
3411 2875 3525 2913 tne-

1966 2971 2085 3010 mor
2108 2970 2257 3010 esses
2287 2955 2518 3009 dicentis
2545 2950 2762 3006 Davidis
2796 2952 2861 3005 de
2913 2950 3286 3005 universorum
3330 2949 3529 3002 Serva-

1964 3058 2080 3102 tore
2108 3045 2327 3101 Christo
2362 3063 2376 3100 :
2411 3064 2428 3097 t
2470 3044 2676 3098 Juravit
2706 3044 2984 3109 Dominus,
3018 3054 3072 3099 et
3104 3059 3209 3098 non
3246 3043 3529 3112 pmnitehit

284 3126 747 3197 ταμεληθήσεται,
782 3128 845 3179 σὺ
876 3122 926 3178 εἴ
955 3128 1132 3198 ἱερεὺς
1165 3127 1242 3190 εἰς
1274 3126 1364 3179 τὸν
1394 3126 1563 3179 αἰῶνα
1593 3128 1732 3181 κατά
1762 3125 1855 3194 τὴν

1961 3153 2083 3192 eum
2105 3177 2119 3202 ,
2153 3146 2205 3190 tu
2237 3152 2295 3191 es
2339 3134 2593 3190 sacerdos
2638 3134 2688 3187 in
2724 3140 2984 3187 mternum
3007 3172 3021 3197 ,
3048 3134 3340 3188 secundum
3374 3133 3525 3186 ordi~

284 3218 439 3283 τάξιν
466 3218 820 3288 Μελχισεδέκ.
852 3238 870 3270 ›
911 3219 1087 3289 Φράζε
1117 3218 1181 3289 δὴ
1213 3214 1306 3271 οὖν
1344 3219 1426 3281 τίς
1457 3220 1521 3271 ἐκ
1544 3219 1652 3271 τῶν
1678 3219 1861 3289 Γραμ-

287 3313 507 3380 ματέων
558 3313 591 3382 ἢ
640 3311 946 3382 Φαρισαίων
995 3310 1410 3381 λελειτούργηκε
1454 3310 1531 3381 τῷ
1574 3310 1691 3381 Θεῷ
1720 3310 1860 3364 κατὰ

281 3401 383 3471 τὴν
412 3401 566 3465 τάξιν
600 3400 952 3471 Μελχισεδέκ.
971 3396 1048 3453 Ἦ
1078 3401 1293 3462 πάντως
1327 3399 1516 3462 οὐδείς·
1555 3399 1690 3453 ἀλλά
1715 3403 1809 3453 καὶ
1831 3404 1859 3453 6

283 3494 588 3562 προπάτωρ
627 3492 958 3562 Ἀὁραάμ,ή
1010 3491 1136 3561 ῥίζα
1187 3491 1285 3558 τῆς
1339 3492 1605 3560 γενέσεως
1659 3492 1770 3545 τῶν
1801 3492 1859 3557 ἐξ

295 3583 537 3653 Ἰσραὴλ,
579 3584 683 3636 ὑπὸ
706 3585 800 3653 τῆς
837 3582 1170 3651 Μελχισεδὲκ
1203 3582 1502 3653 ἱερωσύνης
1533 3584 1853 3654 ηὑλόγηται.

280 3675 471 3739 Τύπος
518 3676 573 3728 δὲ
602 3672 668 3745 ἦν
712 3678 739 3727 ὁ
768 3675 1123 3744 Μελχισεδὲκ,
1150 3675 1243 3727 καὶ⁵
1290 3676 1322 3743 ή
1359 3677 1479 3727 κατ’
1510 3676 1670 3728 αὑτὸν
1704 3678 1857 3747 ἱερω-

282 3768 423 3836 σύνη
456 3767 548 3820 τοῦ
577 3768 792 3819 πάντων
823 3768 1069 3837 Σωτῆρος
1101 3765 1336 3836 Χριστοῦ
1366 3766 1423 3829 ὃς
1446 3766 1671 3836 γέγονεν
1702 3768 1856 3838 ήμῶν

278 3860 575 3929 ἀρχιερεὺς
600 3858 888 3929 προσάγων
908 3858 983 3927 τῷ
1015 3857 1133 3928 Θεῷ
1166 3858 1261 3911 καὶ
1288 3858 1462 3928 Πατρλ⁸
1492 3858 1698 3921 πάντας
1732 3860 1856 3922 τοὺς

277 3949 717 4011 πεπιστευκότας
741 3950 819 4011 εἰς
842 3948 1001 4001 αὐτὸν
1024 3948 1113 4000 διά
1133 3948 1232 4018 τῆς
1253 3948 1392 4018 ὑπὲρ
1415 3948 1576 4017 νόμον
1600 3949 1854 4018 λατρείας

276 4039 506 4093 τελειῶν
534 4042 614 4103 είς
649 4041 935 4110 ἁγιασμόν.
958 4042 999 4093 Τ
1007 4042 1021 4092 ί
1046 4035 1139 4093 οῦν
1166 4042 1474 4111 ἀσχάλλεις,
1493 4036 1536 4093 ὧ
1557 4042 1815 4108 Φαρισαῖε
1837 4060 1851 4108 ;

277 4133 556 4202 ἐγκαλεῖς,
593 4134 713 4186 εἰπέ
747 4151 858 4202 μοι,
889 4130 966 4202 τῷ
995 4132 1259 4204 νομοθέτῃ
1292 4132 1386 4184 τοῦ
1426 4133 1589 4202 νόμου
1621 4132 1721 4202 τὴν
1758 4132 1854 4183 λύ-

279 4243 387 4289 σιν,
418 4225 517 4277 καὶ
560 4226 641 4277 ὅτι
690 4225 764 4294 μὴ
791 4226 912 4287 ταῖς
959 4223 1118 4286 ἰδίαις
1167 4222 1533 4294 ἠκολούθησεν
1574 4222 1849 4288 ὲντολαϊςς

211 4354 215 4357 -
288 4316 455 4369 Ἀλλά
482 4316 647 4385 νόμου
679 4316 896 4369 πάντων
934 4315 1188 4367 ἐπέκεινα
1220 4314 1383 4376 Θεόςο
1419 4317 1446 4367 6
1472 4314 1579 4385 γάρ
1608 4316 1734 4378 τοὺς
1762 4314 1851 4367 νό-

279 4425 418 4478 μους
445 4408 543 4476 οὺχ
570 4404 746 4475 ἐαυτῷ
781 4405 1000 4475 μᾶλλον,
1032 4404 1145 4457 ἀλλ’
1172 4407 1303 4475 ἡμῖν
1333 4407 1677 4477 ὁρισάμενος,
1714 4406 1846 4476 μεθο

278 4502 466 4569 ίστησι
502 4499 641 4551 κατά
672 4497 858 4567 καιρὸν
898 4498 980 4565 ἐφ’
1013 4498 1150 4567 ὅπερ
1197 4497 1262 4549 ἂν
1304 4497 1478 4550 ’ἑλοιτο
1510 4497 1576 4549 τά
1603 4498 1851 4550 διατετα-

273 4591 477 4661 γμένα,
505 4589 599 4643 καὶ
630 4588 887 4658 ἀναφέρει
918 4588 996 4650 είς
1026 4582 1401 4656 βελτίονα.’Ἦν
1423 4583 1514 4640 οῦν
1537 4588 1726 4660 καιρὸς
1751 4587 1844 4640 τοῦ

271 4680 591 4735 παύσασθαι
620 4679 713 4731 τὸν
746 4679 802 4730 ὲν
829 4679 1043 4743 τύποις,
1079 4678 1459 4747 ἀναδειχθῆναι
1485 4679 1541 4731 δὲ
1566 4680 1632 4731 τὰ
1661 4680 1846 4750 κρείτη

269 4789 421 4826 τονα.
454 4770 545 4822 Διὸ
578 4769 679 4837 ἔφη
713 4785 814 4821 που
848 4768 936 4821 διὰ
971 4769 1152 4839 φωνῆς
1193 4768 1442 4820 Ἡσαΐαν
1476 4788 1494 4819 s
1520 4769 1846 4842 Ἀφανισθή..

271 4880 427 4917 σεται
451 4862 657 4931 νόμιμα
689 4859 1175 4929 λαοῦ.›Ἥργησαν
1205 4859 1313 4929 γάρ
1343 4860 1443 4930 τῆς
1472 4862 1600 4925 νέας
1626 4861 1847 4931 ἐντολῆς

268 4954 734 5023 ἀναδεδειγμένης
788 4954 853 5022 ἢν
917 4951 982 5004 δι’
1026 4952 1219 5004 ἑαυτοῦ
1278 4952 1569 5023 λελάληκεν
1631 4957 1763 5024 ἡμῖν
1818 4957 1845 5007 6

266 5044 419 5108 Υἱός.

345 5159 423 5213 Τὸ
447 5159 762 5226 βάπτισμα
796 5157 1077 5210 Ἰωάννου
1106 5157 1292 5209 πόθεν
1314 5154 1420 5226 ﬁt";

304 5274 512 5339 Ἤρετο
558 5271 587 5322 ό
633 5271 866 5341 Χριστὸς
906 5272 1099 5324 ὁποίαν
1130 5270 1256 5341 περὶ
1282 5270 1373 5322 τοῦ
1406 5270 1708 5322 Βαπτιστοῦ
1749 5269 1845 5336 τὴν

261 5363 425 5427 δόξαν
457 5364 775 5431 ἐσχήκασιν,
798 5360 987 5430 ἐπειδὴ
1007 5360 1123 5423 ἔθος
1154 5355 1221 5429 ἦν
1249 5362 1360 5421 τοῖς
1395 5359 1664 5420 Ἰουδαίοις
1686 5358 1846 5425 ψευδ-

264 5457 501 5524 ηγόρους
534 5454 824 5506 ἀποκαλεῖν
856 5454 980 5513 τοὺς
1010 5451 1222 5518 ἁγίους,
1255 5451 1349 5502 καὶ
1380 5449 1581 5515 λέγειν,
1621 5449 1700 5499 ὅτι
1735 5448 1841 5499 ἀπὸ

265 5545 495 5613 γνώμης
549 5545 684 5606 ἰδίας
736 5544 834 5613 τὴν
878 5541 1218 5612 ’προφητείαν
1258 5539 1712 5603 ὑποπλάττονται,
1749 5539 1846 5590 οὐκ

344 5722 391 5753 ³³
418 5722 557 5776 I‘snl.
592 5737 700 5787 crx,
740 5724 786 5775 Ξ.
869 5723 909 5752 ³⁵
948 5721 1048 5775 lsa.
1087 5738 1157 5787 νι,
1196 5723 1275 5775 10.

1961 3244 2080 3283 nem
2104 3227 2497 3283 Melchisedech
2520 3226 2584 3280 ³⁸.
2605 3246 2623 3279 ›
2646 3225 2741 3280 Dic
2762 3226 2912 3290 mihi,
2927 3240 3129 3296 quaeso,
3152 3226 3272 3295 quis
3289 3239 3353 3279 ex
3374 3225 3519 3280 Scri-

1960 3319 2043 3375 bis
2071 3328 2162 3373 aut
2190 3318 2480 3372 Phariszcis
2523 3318 2849 3371 sacriﬁcavit
2888 3318 2994 3371 Deo
3036 3317 3330 3371 secundum
3369 3315 3515 3371 ordi-

1960 3425 2078 3463 nem
2112 3407 2544 3463 Melchisedech?
2573 3405 2806 3463 Omnino
2834 3407 3049 3474 nullus;
3103 3416 3156 3460 at
3201 3408 3364 3461 etiam
3398 3421 3520 3476 pro-

1961 3500 2173 3568 genitor
2207 3500 2476 3552 Abraham
2501 3540 2515 3564 ,
2554 3507 2606 3553 et
2652 3498 2805 3553 radix
2844 3498 3206 3569 generationis
3243 3498 3443 3562 Israel,
3492 3514 3524 3552 a

1964 3589 2380 3644 Melcltisetlechi
2424 3590 2735 3644 sacerdotio
2803 3590 3007 3659 recepit
3064 3590 3519 3644 benedictionem.

1958 3683 2136 3755 Typus
2162 3694 2337 3737 autem
2374 3694 2493 3737 erat
2529 3682 2950 3746 Melchisedech,
2979 3682 3227 3750 illiusque
3266 3686 3521 3736 sacerdo-

1957 3776 2087 3829 tium
2118 3774 2355 3828 omnium
2386 3773 2682 3827 Salvatoris
2705 3770 2944 3836 Christi,
2986 3772 3078 3842 qui
3108 3772 3283 3826 factus
3314 3784 3395 3825 est
3424 3787 3523 3825 no-

1955 3867 2039 3921 bis
2085 3865 2344 3935 Princeps
2402 3866 2782 3928 sacerdotum,
2838 3864 3107 3918 adducens
3136 3863 3244 3918 Deo
3274 3878 3337 3919 ac
3378 3861 3521 3916 Patri

1954 3973 2143 4013 omnes
2194 3960 2245 4012 in
2302 3972 2360 4012 se
2406 3959 2690 4012 credentes
2741 3971 2837 4026 per
2886 3955 3086 4010 cultum
3150 3972 3310 4025 supra
3351 3958 3522 4025 legent

1955 4050 2244 4118 perﬁciens
2268 4050 2334 4103 ad
2368 4048 2870 4104 sanctiﬁcationem.
2904 4046 3110 4117 Ecquid
3135 4048 3295 4117 igitur
3318 4048 3522 4101 calum-

1954 4141 2144 4207 niaris,
2163 4156 2195 4194 o
2216 4140 2524 4194 Pharisaee?
2547 4140 2658 4203 Dic,
2683 4154 2886 4209 quaeso,
2914 4139 3234 4208 increpasne
3263 4139 3523 4208 legislatu-

1956 4243 2069 4281 rem
2100 4228 2243 4297 quod
2274 4228 2442 4296 legem
2472 4226 2648 4279 solvat
2678 4266 2692 4291 ,
2740 4230 2950 4295 etquod
2975 4228 3088 4281 suis
3118 4242 3220 4279 non
3250 4228 3521 4280 adluereat

1956 4316 2248 4372 mandatis?
2270 4317 2336 4368 At
2368 4316 2534 4383 legem
2570 4329 2783 4369 omnem
2812 4324 3031 4385 superat
3057 4316 3219 4370 Deus.
3257 4314 3353 4370 Hic
3376 4317 3519 4371 enim

1955 4405 2100 4475 leges
2138 4419 2243 4459 non
2272 4414 2379 4459 tam
2413 4404 2516 4459 sibi
2546 4404 2679 4473 ipsi,
2707 4420 2864 4473 quam
2900 4406 3054 4460 nobis
3088 4405 3369 4471 deﬁniens,
3410 4420 3519 4461 sta-

1885 4477 1929 4532 D
1961 4497 2063 4551 tuit
2092 4497 2391 4550 secundum
2424 4504 2665 4564 tempus,
2698 4496 2749 4548 in
2778 4509 2884 4565 quo
2915 4496 3098 4565 utique
3119 4537 3133 4555 .
3164 4513 3283 4566 qua:
3304 4498 3523 4553 ordina-

1954 4589 2062 4653 vit,
2116 4586 2294 4656 elegit,
2347 4587 2708 4656 transfertque
2759 4588 2823 4641 ad
2872 4588 3113 4643 meliora.
3174 4589 3303 4643 Erat
3362 4591 3523 4658 igitur

1960 4689 2171 4748 tempus
2201 4686 2257 4732 ut
2294 4687 2533 4733 cessaret
2566 4676 2652 4731 lex
2677 4717 2692 4742 ,
2721 4693 2841 4747 quae
2873 4678 2927 4731 in
2960 4679 3145 4749 ﬁguris
3192 4679 3397 4747 fuerat,
3430 4696 3519 4735 os-

1957 4771 2414 4837 tenderenturque
2469 4768 2713 4821 meliora.
2759 4767 2989 4837 Ideoque
3030 4772 3157 4826 alibi
3206 4786 3303 4840 per
3336 4788 3517 4826 vocem

1955 4863 2107 4917 Isaiae
2126 4861 2230 4931 73
2249 4859 2381 4914 dixit
2408 4878 2421 4911 :
2445 4877 2463 4911 ι
2490 4859 2953 4915 Exlerminabitur
2983 4878 3173 4916 sensus
3192 4863 3367 4930 populi
3384 4863 3429 4893 ³⁸
3452 4880 3466 4928 ;
3492 4884 3509 4914 s

1952 4968 2180 5008 vacuum
2207 4950 2348 5005 enim
2376 4948 2617 5004 fecerunt
2644 4966 2838 5005 novum
2874 4952 3217 5018 mandatum,
3246 4953 3384 5021 quod
3425 4969 3519 5022 per

1952 5044 2298 5112 semetipsum
2328 5042 2486 5098 nobis
2520 5042 2731 5097 locutus
2750 5052 2832 5095 est
2861 5041 3044 5095 Filius.

2022 5156 2140 5208 XXI
2164 5196 2176 5220 ,
2212 5156 2303 5211 25.
2346 5157 2649 5225 Baptismus
2684 5155 2907 5207 Joannis
2938 5156 3072 5206 unde
3102 5159 3253 5208 erat."

2021 5267 2378 5335 Interrogavit
2409 5266 2658 5321 Christus
2685 5280 2972 5333 qnamnnm
3008 5263 3073 5317 de
3107 5261 3312 5317 Joanne
3341 5263 3510 5317 habe-

1952 5368 2069 5411 rent
2111 5358 2457 5426 opinionem,
2503 5358 2627 5424 quin
2680 5372 2794 5409 mos
2829 5362 2946 5408 erat
2983 5353 3183 5408 .lndzeis
3229 5355 3514 5409 mendaces

1951 5462 2081 5500 voca
2095 5463 2151 5501 re
2182 5457 2398 5501 sam-tos
2420 5488 2434 5512 ,
2466 5462 2528 5499 ac
2561 5447 2743 5499 dicere
2772 5460 2869 5499 eos
2894 5459 2997 5497 non
3024 5445 3217 5499 missos
3246 5460 3277 5497 a
3312 5446 3417 5499 Deo
3442 5460 3508 5499 ex

1954 5557 2047 5594 sua
2086 5550 2265 5595 mente
2300 5538 2636 5608 prophetiam
2665 5540 2889 5609 ﬁngere.
2924 5539 3177 5594 Phariszci
3213 5546 3393 5594 autem
3425 5554 3514 5593 ve-
