4058 6280
530 358 637 414 435

1508 355 1565 408 S.
1605 351 1875 409 CYRILLI
1918 349 2378 406 ALEXANDRINI
2416 349 2720 407 ARCIIIEP.
3658 342 3749 394 ltiti

531 488 722 532 rentur
752 475 966 545 quidem
995 488 1179 528 verum
1217 472 1416 535 dicere,
1459 487 1525 525 ne
1571 472 1826 526 audiant:
1863 470 2092 540 Propter

2209 468 2595 535 ίιπεσταλμένοι
2641 452 2791 535 παρὰ
2837 461 2994 516 Θεοῦ.
3026 461 3086 513 Oi
3134 458 3192 512 δὲ
3242 457 3529 528 Φαρισαῖοι
3561 455 3750 511 δεδίασι

533 570 659 639 quid
692 584 795 623 non
817 566 1159 621 credidistis?

601 743 710 814 74
746 741 897 807 XXI,
932 742 1022 794 28.
1067 740 1300 808 Operare
1323 742 1374 793 in
1402 741 1543 794 vinea
1578 757 1712 795 mea.

600 837 681 890 Ac
709 834 864 888 vinea
910 832 1125 903 quidem
1171 841 1252 886 est
1289 832 1484 897 lsrael,
1548 843 1606 885 ut
1655 833 1728 887 ait
1769 833 2091 887 Psalmista:

540 949 558 979 ι
597 927 823 981 Vineam
868 941 933 979 ex
978 923 1213 993 Egypto
1267 924 1585 977 transtulisti
1625 923 1689 975 ³⁸.
1722 942 1739 973 ι
1783 924 1859 977 Ac
1891 924 2093 977 Isaias:

510 1024 559 1070 ἰ
604 1016 807 1081 Vinea,
863 1014 1066 1083 inquit,
1118 1013 1256 1069 facta
1307 1023 1388 1067 est
1432 1012 1624 1067 dilecta
1660 1014 1726 1069 ³⁷.
1762 1032 1781 1065 ι
1831 1014 2098 1068 Plantavit

534 1117 714 1161 autem
784 1119 901 1159 eam
944 1103 1123 1170 Deus,
1161 1118 1223 1157 ac
1250 1103 1409 1173 longo
1440 1114 1680 1172 tempore
1706 1118 1930 1173 peregre
1969 1120 2095 1173 pro-

532 1191 711 1246 fectus
749 1198 861 1253 est,
893 1191 1010 1244 sive
1048 1190 1509 1259 longanimitatem
1557 1192 1836 1246 exercuit:
1889 1192 2099 1247 videtur

536 1292 715 1336 tamen
743 1297 928 1336 curam
960 1281 1193 1350 gessisse
1224 1281 1489 1348 regionis,
1524 1290 1578 1336 et
1612 1297 1727 1335 eam
1762 1283 2013 1337 habuisse
2046 1284 2094 1336 in

537 1383 738 1427 mente.
766 1370 975 1425 Nullum
1011 1370 1153 1423 enim
1189 1382 1397 1439 tempus
1445 1373 1823 1427 intermedium
1859 1373 1958 1427 fuit
1993 1390 2098 1443 quo

547 1478 653 1515 non
689 1480 715 1516 a
745 1463 851 1517 Deo
884 1464 1028 1516 missi
1066 1462 1555 1530 fuerintpropltette
1584 1462 1821 1531 justique
1869 1466 2098 1519 instruc-

538 1565 701 1608 tores.
734 1552 794 1605 lli
821 1567 951 1606 vero
979 1552 1233 1606 increduli
1268 1552 1506 1615 luerunt,
1538 1568 1769 1621 eosque,
1824 1555 1914 1621 qui
1953 1556 2098 1609 missi

535 1651 691 1697 erant
712 1685 727 1710 ,
754 1643 974 1697 allectos
1008 1643 1301 1711 ignominia
1331 1658 1530 1696 vacuos
1554 1644 1896 1706 dimiserunt,
1923 1645 1974 1697 id
1996 1654 2098 1709 est,

537 1732 669 1786 nihil
717 1733 979 1787 habentes
1026 1733 1148 1787 boni
1196 1736 1340 1801 quod
1383 1733 1448 1787 de
1493 1733 1556 1786 iis
1587 1733 1830 1787 dicerent
1870 1734 2098 1787 mittenti

536 1824 665 1878 Deo.

608 1914 758 1980 XXI,
791 1914 881 1971 38.
912 1913 1012 1967 llic
1042 1924 1115 1968 est
1146 1916 1331 1967 hceres.
1382 1912 1561 1967 Venite
1582 1955 1597 1981 ,
1628 1915 1929 1968 occidamus
1957 1931 2094 1969 eum.

610 2088 752 2157 Ergo
794 2087 954 2141 etiam
1010 2100 1107 2140 vos
1141 2085 1233 2140 lilii
1262 2084 1353 2140 Dei
1385 2100 1448 2139 ac
1480 2084 1691 2139 Patris?
1722 2099 1852 2155 ergo
1878 2097 2100 2142 natura-

540 2180 607 2233 lis
635 2179 921 2232 haereditas
974 2178 1126 2232 vobis
1168 2176 1438 2245 obtingit,
1477 2176 1521 2231 si
1558 2192 1589 2230 e
1626 2177 1802 2233 medio
1834 2178 2101 2235 haeredem

541 2269 905 2325 sustuleritis?
954 2269 1222 2337 quomodo
1293 2268 1433 2324 lictis
1486 2269 1688 2323 domini
1741 2285 1928 2325 eorum
1986 2285 2105 2341 quae

540 2360 778 2417 matis?
809 2375 872 2414 ac
901 2360 1029 2414 illud
1060 2361 1329 2429 quomodo
1354 2375 1460 2414 non
1492 2361 1603 2415 risu
1635 2361 1898 2429 dignum?
1946 2363 2105 2418 Chri-

542 2462 657 2507 stus
707 2451 970 2520 siquidem
1019 2460 1079 2505 ut
1119 2450 1286 2504 Filius
1335 2450 1428 2505 Dei
1475 2465 1538 2504 ac
1584 2449 1761 2508 Patris
1786 2452 2103 2523 dignitatum

544 2541 1075 2597 eonsubstantialiter
1102 2541 1276 2595 [neres
1311 2541 1579 2596 exsistens
1607 2542 1769 2596 homo
1793 2541 1970 2598 factus
1993 2581 2011 2607 ,
2050 2544 2102 2601 iu

544 2633 973 2686 communionem
1008 2632 1155 2700 regni
1220 2633 1299 2687 sui
1326 2634 1537 2686 vocavit
1566 2634 1847 2687 credentes
1873 2635 1928 2688 in
1960 2649 2101 2689 eum.

540 2722 709 2776 Judaei
760 2736 888 2777 vero
944 2722 1041 2776 soli
1096 2738 1317 2793 regnum
1367 2723 1567 2777 habere
1618 2723 1912 2789 volebant,
1956 2728 2098 2793 quod

546 2813 660 2868 fieri
707 2829 811 2866 non
848 2821 1090 2881 poterat,
1127 2828 1190 2868 ac
1218 2813 1438 2867 omnino
1465 2821 1583 2867 erat
1616 2827 1644 2866 a
1675 2813 1956 2884 disciplina
1983 2816 2108 2873 alie-

545 2922 693 2959 num.
744 2902 982 2959 Observa
1040 2914 1218 2959 autem
1272 2904 1325 2958 in
1374 2906 1520 2960 hisce
1579 2904 1743 2959 ﬁlium
1773 2916 1893 2976 post
1922 2921 2107 2962 servos

546 2996 721 3061 mitti,
764 3004 821 3049 ut
864 3010 984 3050 eum
1012 2996 1099 3063 qui
1134 2996 1275 3048 inter
1304 3010 1489 3050 servos
1516 3010 1618 3049 non
1657 2995 1755 3060 sit,
1795 2997 1888 3050 sed
1920 3004 1976 3050 ut
2010 3011 2101 3051 ve~

546 3102 662 3141 rum
697 3086 860 3141 lilium
898 3102 961 3141 ac
997 3098 1272 3156 propterea
1304 3085 1620 3153 Dominum;
1652 3087 1751 3142 etsi
1799 3088 1939 3141 enim
1966 3089 2106 3143 servi

548 3176 774 3233 formam
816 3192 909 3247 per
949 3176 1400 3245 dispensationem
1435 3178 1804 3246 assumpserit,
1838 3176 2000 3231 etiam
2030 3179 2109 3231 sic

546 3274 703 3323 verus
739 3268 828 3321 Dei
859 3266 1143 3337 Patrisque
1168 3267 1334 3322 Filius
1362 3276 1464 3330 est,
1493 3282 1556 3322 ac
1580 3267 1876 3322 naturalem
1906 3268 2111 3322 habens

546 3367 888 3426 potestatem.

619 3469 725 3539 75
753 3466 907 3529 XXI,
935 3467 1025 3521 42.
1062 3466 1316 3533 Lapidem
1344 3485 1495 3536 quem
1522 3472 1925 3537 reprobaverunt
1977 3474 2108 3525 ardi-

548 3560 768 3627 ﬁcautes
792 3598 807 3623 ,
835 3558 919 3611 hic
944 3559 1117 3625 [actus
1149 3568 1220 3609 est
1240 3604 1241 3607 η
1261 3560 1314 3610 in
1343 3571 1494 3627 caput
1519 3561 1723 3631 anguli.

618 3673 931 3729 Admiratus
964 3682 1049 3727 est
1080 3672 1337 3741 angulum
1371 3673 1524 3729 illum
1550 3714 1566 3740 ,
1598 3678 1713 3731 sive
1744 3678 1973 3734 duorum
2014 3694 2111 3747 po-

550 3765 798 3833 pulorum
822 3764 873 3819 in
904 3764 1235 3819 identitatem
1265 3780 1629 3833 concursum,
1678 3767 1867 3823 beatus
1903 3770 2072 3823 David
2093 3807 2109 3831 ,

549 3857 733 3911 dicens
759 3874 772 3909 :
810 3873 826 3905 t
862 3857 905 3908 A
942 3854 1166 3909 Domino
1196 3854 1398 3910 factum
1426 3867 1510 3909 est
1539 3857 1680 3910 istud
1703 3898 1719 3921 ,
1755 3869 1809 3911 et
1837 3868 1920 3914 est
1951 3861 2114 3913 mira-

553 3948 662 4000 bile
690 3947 743 3999 in
780 3946 953 4000 oculis
988 3945 1190 3999 nostris
1211 3946 1276 4000 ³⁸.
1316 3965 1335 3997 ι
1386 3946 1571 4014 Itaque
1605 3949 1857 4003 salutaris
1899 3951 2112 4017 quidem

551 4039 641 4092 hic
671 4038 808 4105 lapis
834 4037 1028 4108 angulo
1054 4038 1122 4091 ab
1151 4052 1216 4091 eo
1243 4037 1385 4093 facto
1405 4056 1421 4105 ;
1445 4041 1710 4093 contritus
1748 4050 1830 4095 est
1851 4051 2029 4096 autem
2048 4045 2115 4099 ab

554 4128 620 4182 iis
653 4127 749 4196 qui
769 4136 924 4182 extra
960 4126 1380 4182 intellectualem
1418 4142 1482 4182 ac
1516 4127 1853 4196 spiritualem
1901 4146 2116 4187 manse-

553 4227 678 4272 runt
706 4232 1027 4271 concursum
1058 4234 1070 4271 :
1107 4216 1238 4286 ipsis
1277 4217 1421 4271 enim
1464 4215 1713 4274 Christus
1745 4228 1896 4288 petra
1944 4217 2116 4275 oﬂ‘en-

550 4308 720 4362 sionis
748 4318 861 4371 est,
893 4319 947 4361 et
968 4307 1104 4377 lapis
1131 4308 1395 4362 scandali.

619 4397 783 4463 XXII,
813 4399 869 4454 8.
914 4396 1130 4465 Nupliw
1155 4398 1359 4468 quidem
1396 4411 1594 4465 parata
1618 4411 1760 4453 sunt.

2200 559 2296 628 μὲν
2322 559 2499 610 εἰπεῖν
2526 557 2585 609 τὸ
2626 555 2821 624 ἀληθὲς
2843 592 2860 617 ,
2900 552 2989 606 ἵνα
3022 550 3097 621 μὴ
3124 548 3403 604 ἀκούσωσι
3423 562 3437 576 ⁸
3476 545 3577 600 Διά
3602 549 3652 600 τί
3685 548 3751 618 μὴ

2195 647 2548 701 ἐπιστεύσατε
2570 662 2585 711 ;

2282 737 2557 807 Ἐργὰζου
2587 737 2656 789 ἐν
2682 734 2761 799 τῷ
2786 731 3091 801 ἀμπελῶνί
3112 748 3253 799 μου.

2270 830 2381 882 Καὶ
2430 828 2577 880 ἐστιν
2633 824 2893 895 ἀμπελὼν
2942 822 3039 892 μὲν
3094 824 3121 873 6
3162 820 3403 889 Ἰσραὴλ,
3435 819 3509 880 ὣς
3550 822 3757 886 φησιπιὸ

2198 920 2518 990 Ψαλμῳδός·
2558 937 2575 968 ι
2600 914 2921 986 ’Λμπελῶνα
2950 911 3296 980 ὲξΑἱγύπτου
3327 910 3588 980 μετῆρας.
3620 929 3638 959 ι
3664 910 3760 961 Καὶ

2210 1014 2433 1074 Ἡσαΐας
2456 1034 2471 1051 ο
2514 1029 2531 1061 ι
2555 1006 2861 1078 Ἀμπελὼν,
2895 1004 3081 1075 φησιν,
3112 1002 3344 1075 ἐγενήθη
3376 1000 3452 1071 τῷ
3477 1001 3759 1069 ἠγαπημέ-

2199 1122 2291 1174 νῳ.
2321 1101 2688 1171 »Ἐφύτευσεν
2740 1097 2796 1149 δὲ
2844 1096 3006 1149 αὐτὸν
3054 1097 3081 1147 6
3124 1092 3276 1157 Θεὸς,
3310 1092 3403 1145 καὶ
3446 1091 3760 1158 ἀπεδήμησε

2200 1196 2387 1267 χρόνον
2434 1190 2663 1263 μακρὸν,
2698 1190 2875 1241 εἴτουν
2922 1182 3368 1256 ἐμακροθύμησε.
3402 1182 3548 1251 Πλὴν
3577 1184 3761 1248 ὁρᾶται

2202 1284 2573 1355 πεφροντικὼς
2626 1281 2717 1335 τοῦ
2769 1278 2991 1349 χωρίου,
3028 1277 3121 1328 καὶ
3156 1278 3235 1337 είς
3276 1273 3400 1327 νοῦν
3444 1274 3582 1342 ἔχων
3616 1273 3758 1325 αὐτό.

2201 1378 2389 1439 Οὐδεὶς
2412 1374 2519 1445 γὰρ
2548 1374 2735 1442 γέγονε
2763 1368 2848 1422 διά
2879 1368 3040 1438 μέσου
3076 1367 3284 1439 καιρὸς,
3316 1365 3440 1418 καθ’
3465 1365 3524 1418 ὃν
3549 1366 3651 1417 οὐκ
3676 1365 3763 1416 ἀπ-

2202 1465 2508 1518 εστέλλοντο
2536 1463 2685 1533 παρὰ
2713 1459 2804 1513 τοῦ
2837 1456 2972 1509 Θεοῦ
3001 1456 3277 1526 προφῆται
3318 1456 3411 1507 καὶ
3436 1455 3631 1507 δίκαιοι
3661 1472 3764 1507 νου-

2202 1555 2580 1618 θετοῦντες.οἱ
2603 1554 2659 1606 δὲ
2688 1553 2971 1622 γεγόνασιν
2995 1548 3260 1610 ἀπειθεῖς,
3281 1547 3375 1598 καὶ
3402 1544 3766 1615 ἀτιμάσαντες

2202 1648 2322 1708 τοὺς
2360 1644 2800 1713 ἀπεσταλμένους
2844 1641 3167 1695 ἀπέστειλαν
3213 1637 3434 1700 κενούς*
3490 1636 3767 1690 τουτέστιν

2203 1737 2354 1789 οὐδὲν
2387 1735 2605 1804 ἔχοντας
2634 1736 2806 1787 εἰπεῖν
2839 1732 2965 1802 περὶ
2995 1729 3172 1784 αὐτῶν
3204 1728 3409 1798 ἀγαθὸν
3442 1727 3519 1797 τῷ
3555 1745 3768 1799 πεπομ-

2135 1808 2176 1861 Β
2207 1829 2327 1897 φότι
2354 1826 2494 1896 Θεῷ.

2275 1914 2462 1982 Οὗτός
2499 1918 2670 1969 ἐστιν
2704 1918 2736 1969 ό
2771 1915 3162 1982 κληρονόμος.
3189 1913 3385 1976 Δεῦτε,
3419 1912 3771 1966 ἀποκτείνω

2196 2025 2313 2077 μεν
2338 2010 2543 2060 αὐτόν.

2268 2093 2421 2169 Ἆρα
2462 2098 2556 2151 καὶ
2594 2098 2750 2167 ὑμεῖς
2793 2097 2898 2149 υῖοὶ
2941 2093 3037 2149 τοῦ
3068 2092 3204 2148 Θεοῦ
3239 2093 3333 2151 καὶ
3363 2092 3614 2165 Πατρόςς
3675 2087 3773 2165 ἆρα

2204 2191 2446 2259 φυσικῶς
2472 2191 2499 2242 6
2526 2190 2724 2259 κλῆρος
2750 2190 2831 2252 εἰς
2862 2189 3003 2258 ὑμᾶς
3036 2185 3375 2251 καταϐαίνει,
3406 2186 3471 2241 ἂν
3503 2186 3570 2238 ὲκ
3603 2184 3774 2255 μέσου

2205 2284 2464 2352 ποιήσητε
2493 2282 2583 2333 τὸν
2614 2281 2950 2350 κληρονόμον
2974 2297 2989 2345 ;
3020 2279 3137 2342 πῶς
3160 2276 3455 2347 γενήσεσθε
3485 2276 3673 2344 κύριοι
3706 2269 3776 2330 ὦν

2206 2374 2399 2443 spata;
2434 2372 2657 2424 κάκεῖνο
2703 2369 2819 2434 πῶς
2853 2370 2911 2423 οὐ
2942 2369 3178 2437 γέλωτος
3219 2367 3402 2433 ἀξιον;
3448 2368 3507 2422 '0
3542 2367 3646 2437 μὲν
3675 2368 3776 2438 γὰρ

2205 2460 2457 2530 Χριστὸς.
2488 2458 2562 2521 ὼς
2611 2457 2737 2519 Υἱὸς
2794 2458 2887 2510 καὶ
2940 2456 3049 2508 τῶν
3084 2455 3178 2508 τοῦ
3229 2453 3366 2508 Θεοῦ
3420 2455 3513 2508 καὶ
3563 2455 3777 2525 Harpe;

2208 2548 2530 2618 ἀξιωμάτων
2543 2548 2601 2599 οὐ
2612 2545 2814 2609 σιωδῶς
2828 2546 2929 2615 κλη
2937 2545 3056 2615 ρονό
3063 2562 3178 2615 μος,
3188 2560 3387 2613 γεγενη
3396 2544 3553 2613 μένος
3568 2544 3671 2596 ἀνθ
3680 2562 3775 2613 ρω-

2208 2658 2328 2706 πος,
2364 2642 2442 2702 εἰς
2476 2637 2757 2691 κοινωνίαν
2784 2636 2883 2703 τῆς
2913 2636 3103 2690 ἑαυτοῦ
3138 2635 3413 2706 βασιλείας
3444 2636 3634 2689 ἐκάλει
3657 2636 3775 2699 τοὺς

2208 2729 2562 2792 πιστεύοντας
2591 2729 2669 2790 εἰς
2695 2727 2878 2780 αὐτόν.
2912 2728 2972 2779 Oi
3008 2726 3064 2778 δὲ
3108 2724 3344 2795 Ἑϐραῖοι
3375 2725 3523 2795 μόνοι
3556 2725 3660 2794 τὴν
3688 2724 3776 2795 βα-

2209 2819 2411 2873 σιλείαν
2438 2818 2582 2889 ἐχειν
2609 2816 2820 2887 ἤθελον,
2849 2815 2986 2885 ὅπερ
3016 2811 3084 2885 ἦν
3121 2815 3400 2885 ἀμήχανόν
3424 2831 3480 2866 τε
3506 2816 3597 2867 καὶ
3633 2815 3773 2883 ἀμα-

2210 2910 2318 2975 θές.
2338 2909 2701 2979 Ἐπιτήρησον
2723 2907 2779 2958 δὲ
2810 2908 2866 2959 ἐν
2892 2906 3100 2968 τούτοις
3133 2905 3213 2957 ὅτι
3246 2905 3383 2975 μετὰ
3409 2906 3534 2966 τοὺς
3560 2905 3780 2968 οἰκέτας

2208 3001 2236 3053 ὁ
2269 2999 2396 3061 Υἱὸς
2442 3000 2741 3067 πέμπεται,
2774 2995 2848 3059 ὡς
2878 2996 2938 3048 οὐ
2971 2995 3143 3047 τελῶν
3177 2998 3236 3048 ὲν
3276 2994 3533 3056 οἰκέταις,
3563 2994 3684 3046 ἀλλ’
3708 2994 3779 3056 ὡς

2210 3090 2335 3152 Υἱὸς
2364 3088 2636 3158 ἀληθινὸς,
2657 3086 2749 3139 καὶ
2777 3085 2864 3139 διὰ
2889 3084 3045 3137 τοῦτο
3084 3084 3285 3155 Κύριος
3306 3102 3321 3119 ο
3349 3086 3397 3138 εἰ
3431 3085 3524 3137 καὶ
3552 3085 3776 3153 ἐφόρεσε

2211 3179 2319 3249 γὰρ
2362 3178 2546 3230 δούλου
2594 3176 2807 3248 μορφὴν
2836 3175 3213 3245 οἰκονομικῶς,
3250 3174 3363 3226 ἀλλ’
3396 3171 3464 3245 ἦν
3510 3176 3603 3227 καὶ
3642 3174 3778 3227 οὕτω

2212 3270 2363 3332 Θεὸς,
2394 3270 2486 3322 καὶ
2517 3268 2642 3330 Υἱὸς
2676 3267 2928 3337 ἀληθινὸς
2971 3265 3063 3318 τοῦ
3110 3264 3246 3319 Θεοῦ
3287 3266 3381 3320 καὶ
3423 3263 3661 3337 Πατρὸς,
3691 3264 3777 3317 καὶ

2213 3360 2445 3429 φυσικὴν
2479 3359 2616 3428 ἔχων
2645 3357 2741 3428 τὴν
2775 3357 3089 3429 κυριότητα.

2285 3471 2466 3525 Λίθον
2531 3470 2603 3522 ὃν
2660 3468 3114 3538 ἀπεδοκίμασαν
3175 3470 3229 3521 οἱ
3288 3466 3775 3537 οἰκοδομοῦντες.

2221 3556 2401 3625 οὗτος
2425 3557 2676 3627 ἐγενήθη
2711 3560 2797 3623 εὶς
2830 3558 3105 3627 κεφαλὴν
3135 3558 3372 3626 γωνίας.

2284 3670 2498 3741 Ταύτην
2527 3670 2839 3740 τεθαύμακε
2870 3670 2965 3740 τὴν
3000 3670 3224 3739 γωνίαν,
3260 3669 3377 3740 ἦτοι
3401 3668 3508 3721 τῶν
3528 3667 3622 3720 δύο
3639 3667 3777 3722 λαῶν

2214 3764 2312 3834 τὴν
2334 3764 2411 3826 είς
2432 3763 2735 3831 ταύτότητα
2764 3762 2979 3816 σύνοδον
3006 3764 3034 3815 ὁ
3068 3761 3335 3833 μακάριος
3361 3759 3546 3824 Δασῖδ,
3575 3758 3771 3828 λέγων’

2222 3874 2239 3904 ι
2270 3854 2427 3925 Παρά
2456 3854 2658 3924 Κυρίου
2691 3853 2906 3922 ἐγένετο
2938 3852 3098 3922 αῦτη,
3134 3852 3229 3905 καὶ
3264 3850 3379 3905 ἔστι
3412 3850 3698 3922 θαυμαστὴ
3723 3851 3775 3902 ὲν

2216 3947 2511 4016 ὀφθαλμοῖς
2549 3946 2724 4017 ἡμῶν.
2756 3965 2776 3998 ι
2817 3945 3027 3999 Οὐκοῦν
3063 3945 3325 4014 σωτήριον
3361 3942 3459 4013 μὲν
3490 3944 3519 3994 ὁ
3548 3941 3689 4004 λίθος
3712 3942 3773 4010 τῇ

2216 4040 2388 4109 γωνίᾳ
2416 4041 2481 4109 τῇ
2510 4039 2637 4107 παρ’
2664 4036 2830 4090 αὐτοῦ
2854 4035 3143 4105 γενομένη,
3171 4032 3431 4104 συντριϐὴ
3460 4032 3517 4085 δὲ
3540 4033 3648 4094 τοῖς
3672 4030 3772 4096 ἔξω

2221 4127 2553 4198 μεμενηκόσι
2573 4130 2670 4197 τῆς
2688 4130 2883 4195 νοητῆς
2908 4125 3000 4179 καὶ
3027 4124 3402 4195 πνευματικῆς
3424 4122 3629 4190 ταύτης
3656 4135 3774 4172 συν-

2215 4220 2422 4290 δρομῆς
2442 4235 2454 4247 ·
2485 4219 2665 4280 αὐτοῖς
2688 4218 2796 4288 γάρ
2820 4217 2965 4269 ἐστιν
2992 4219 3018 4269 6
3048 4216 3280 4287 Χριστὸς
3315 4215 3490 4286 πέτρα
3509 4209 3772 4285 προσκόμ-

2221 4327 2410 4379 ματος,
2446 4309 2540 4361 xui.
2573 4308 2718 4372 λίθος
2750 4308 3073 4364 σκανδάλου.

2302 4401 2363 4453 '0
2391 4399 2508 4470 μὲν
2537 4399 2720 4469 γάμος
2748 4398 2981 4466 ἕτοιμός
3000 4398 3196 4453 ἐστιν.

615 4488 844 4557 Nuptias
888 4489 1017 4542 dicit
1065 4466 1317 4544 unionem
1368 4489 1604 4543 ﬁdelium
1654 4506 1772 4543 cum
1823 4490 1997 4554 Filio;
2047 4489 2105 4543 ad

2288 4466 2469 4557 Γάμον
2498 4466 2571 4557 (ly)
2599 4466 2746 4553 λέγει
2778 4485 2876 4555 τὴν
2926 4484 3060 4555 πρὸς
3110 4485 3201 4537 τὸν
3240 4484 3366 4539 Υίὸν
3417 4485 3529 4538 τῶν
3578 4479 3772 4536 πιστῶν

555 4579 782 4644 illasque
825 4578 1038 4645 nuptias
1073 4579 1284 4633 vocavit
1320 4577 1557 4642 Judteos,
1598 4578 1725 4632 olim
1759 4581 1973 4648 quidem
2020 4595 2114 4649 per

553 4667 870 4738 prophetas,
928 4668 1219 4722 novissime
1267 4677 1443 4721 autem
1490 4682 1583 4736 per
1638 4668 1947 4737 discipulos,
1991 4679 2117 4724 ante

555 4761 864 4831 passionem
886 4768 941 4813 et
975 4759 1449 4815 resurrectionem.

627 4849 771 4905 XXII
797 4891 813 4915 ,
844 4850 929 4904 I5.
970 4849 1171 4919 Ligan's
1201 4846 1440 4904 manibus
1472 4859 1519 4904 et
1553 4849 1769 4917 pedibus
1799 4850 1933 4918 ejus.

626 4941 747 4995 Alio
772 4956 983 5011 quoque
1010 4941 1169 4996 modo
1218 4955 1407 4995 manus
1466 4940 1733 5009 pedesque
1775 4940 1930 5009 ligari
1980 4941 2115 4995 dici-

555 5039 678 5093 tur,
714 5030 866 5099 qnasi
929 5029 1131 5084 nullum
1192 5028 1443 5098 deinceps
1502 5030 1573 5084 ibi
1600 5044 1734 5098 opus
1752 5029 1944 5085 bonum
1977 5047 2115 5101 prte-

565 5132 708 5177 stare
729 5123 973 5190 valeant;
1008 5123 1131 5177 boni
1160 5123 1302 5177 enim
1323 5122 1563 5193 operatio
1604 5138 1707 5177 non
1737 5122 1837 5177 nisi
1887 5124 1951 5179 ad
1979 5140 2115 5194 pra:-

556 5229 679 5268 sens
708 5224 917 5284 tempus
950 5216 1273 5269 extenditur.

626 5304 801 5369 XXII,
840 5307 923 5360 I7.
958 5306 1100 5362 Licet
1127 5324 1334 5361 censum
1375 5309 1503 5361 dare
1534 5307 1768 5371 (Tmsari,
1808 5326 1874 5362 an
1911 5310 2051 5363 non?

629 5395 807 5449 Voluit
849 5397 1063 5467 quidem
1111 5399 1486 5453 universorum
1541 5399 1678 5453 Deus
1737 5400 1803 5454 ab
1838 5401 2112 5453 hominum

631 5572 673 5603 "
702 5572 844 5628 Psal.
881 5590 1067 5644 Lxstx,
1097 5579 1143 5632 9.
1227 5578 1269 5609 ³⁷
1298 5578 1398 5631 lsa.
1441 5594 1491 5641 v,
1520 5579 1569 5632 I.

632 5731 705 5799 (Ι)
743 5730 946 5800 Γάμον
986 5761 1049 5771 ——
1076 5732 1485 5797 ἀναστάσεως.
1525 5736 1765 5789 Cramer.
1806 5752 1854 5804 ιι.
1900 5736 2013 5789 I79.

1648 5581 1688 5610 3“
1718 5577 1859 5632 Psal.
1893 5596 2059 5646 (ξυμ,
2088 5578 2178 5632 ‘25.

2222 4581 2541 4649 συνάφειαν,
2573 4577 2752 4632 καλῶν
2783 4578 2864 4639 εἰς
2899 4577 3084 4630 τοῦτον
3124 4576 3249 4640 τοὺς
3292 4576 3597 4640 Ἰουδαίους,
3621 4572 3771 4626 πάλαι

2225 4672 2321 4742 μὲν
2352 4672 2439 4725 διὰ
2496 4671 2605 4723 τῶν
2643 4669 2955 4740 προφητῶν,
2985 4667 3211 4739 ὕστερον
3258 4668 3313 4720 δὲ
3361 4668 3447 4720 διὰ
3477 4667 3584 4721 τῶν
3612 4666 3772 4735 μαθη-

2222 4766 2347 4827 τῶν,
2370 4763 2474 4833 πρὸ
2498 4763 2591 4815 τοῦ
2626 4762 2827 4825 πάθους
2865 4763 2957 4814 καὶ
2984 4761 3082 4831 τῆς
3105 4760 3471 4824 ἀναστάσεως.

2292 4856 2594 4923 Δήσαντες
2617 4854 2803 4908 αὑτοῦ
2833 4854 3021 4919 πόδας
3053 4852 3149 4906 καὶ
3182 4851 3401 4921 χεῖρας.

2294 4949 2402 5000 Καὶ
2427 4947 2599 5009 ἄλλως
2628 4946 2868 4998 δεδέσθαι
2900 4948 3085 5013 χεῖρας
3115 4943 3209 4997 καὶ
3243 4943 3407 5005 πόδας
3437 4941 3677 5009 λέγεται,
3703 4935 3773 4996 ὡς

2226 5038 2451 5107 μηδενὸς
2484 5037 2667 5089 λοιπὸν
2707 5039 2941 5106 χρηστὸν
2970 5034 3192 5103 ποιῆσαι
3233 5035 3413 5085 ἐκεῖσε
3452 5029 3733 5099 δυναμένου
3754 5040 3768 5053 ·

2222 5132 2254 5199 ἡ
2289 5128 2397 5199 γὰρ
2423 5128 2515 5181 τοῦ
2550 5126 2716 5181 καλοῦ
2747 5126 2980 5197 ἐργασία
3012 5125 3175 5196 μέχρι
3204 5122 3294 5177 τοῦ
3328 5122 3589 5194 παρόντος
3612 5114 3767 5171 ἐκτεί-

2224 5236 2393 5273 νεται.

2294 5307 2536 5373 Ἔξεστι
2565 5307 2773 5361 δοῦναι
2804 5306 3039 5375 κῆνσον
3068 5306 3339 5373 Καίσαρι,
3375 5304 3414 5373 ἢ
3444 5304 3543 5367 οὐ;

2297 5400 2492 5455 Ἤθελε
2517 5401 2613 5471 μὲν
2636 5401 2662 5452 6
2679 5398 2784 5453 τῶν
2806 5399 2941 5453 ὅλων
2964 5397 3094 5462 Θεὸς
3115 5395 3459 5468 ἀνθρωπίνης
3473 5388 3763 5450 δυναστείας
