4058 6280
276 406 372 463 ιδτ

1433 413 1792 472 COMIIENT.
1834 413 1901 471 IN
1941 415 2383 475 IIA'I‘THIEUII.

3406 417 3508 476 ιδε

270 519 552 592 ιλεύοερον
579 517 718 578 εἶναι
744 523 834 578 τδν
866 524 1109 598 Ἰσραὴλ·
1153 527 1340 602 ἐπειδὴ
1383 525 1442 585 δὲ
1490 534 1618 598 τοὺς
1666 533 1842 598 θείους

1945 533 2219 589 dominatu
2250 534 2478 590 liberum
2510 545 2630 589 esse
2653 533 2906 591 Israelem
2939 552 2954 590 :
2988 545 3110 590 eum
3143 543 3274 591 vero
3305 536 3512 594 divinas

270 614 619 685 πεπατήκασι
657 615 877 687 νόμους,
904 619 1194 686 γεγόνασιν
1220 620 1326 674 ὑπὸ
1356 625 1515 694 χεῖρα
1547 623 1655 678 τῶν
1691 641 1842 694 τηνι-

272 705 398 759 κάδε
430 707 872 778 κεκρατηκότων,
910 707 1008 763 καὶ
1042 711 1286 782 δασμοὺς
1329 713 1604 785 ἐπέθηκαν
1633 717 1837 782 αὐτοῖς,

271 795 361 848 καὶ
407 797 576 866 φόρου
623 795 808 850 λοιπὸν
851 794 992 868 ἦσαν
1032 800 1332 869 ὑποτελεῖς,
1357 802 1466 856 τῶν
1497 805 1839 876 πραγμάτων

269 889 450 952 αὐτοῖς
477 889 560 952 είς
587 883 687 961 τὴν
719 889 1010 961 Ῥωμαίων
1047 895 1464 963 μεταπεσόντων
1497 898 1688 970 ἀρχήν.

337 979 444 1034 Καὶ
487 979 686 1044 οὐδεὶς
725 980 980 1037 ἐδύνατο
1007 983 1170 1049 αὐτῷ
1206 986 1601 1058 ἀποκριθῆναι
1630 989 1836 1059 λόγον,

267 1068 408 1122 οὐδὲ
444 1068 749 1139 ἐτόλμησέ
794 1087 886 1138 τις
929 1073 1030 1128 ἀπ’
1049 1073 1292 1145 ἐκείνης
1331 1076 1440 1148 τῆς
1475 1078 1694 1149 ἡμέρας
1737 1081 1839 1134 ἐπ-

266 1158 559 1227 ερωτῆσαι
588 1159 778 1214 αὐτὸν
801 1163 1026 1219 οὐκέτι.

346 1251 573 1324 Ἐπειδὴ
617 1255 1126 1325 καταισχυνθέντων
1173 1258 1280 1312 τῶν
1324 1259 1695 1315 Σαδδουκαίων
1743 1263 1838 1317 καὶ

265 1343 745 1414 ἀποχωρησάντων
773 1347 1030 1417 ἐπῃνεῖτο
1059 1351 1088 1402 ό
1125 1348 1350 1420 Κύριος,
1393 1351 1836 1424 διαφθονούμενοι

262 1433 310 1488 οἱ
351 1435 641 1505 ⁴βαρισαῖοι
685 1433 853 1508 ἦλθον
906 1441 988 1502 είς
1040 1440 1224 1512 μέσον,
1259 1441 1354 1495 καί
1399 1459 1481 1506 τις
1524 1443 1839 1516 νομομαθὴς

261 1522 401 1592 ἄγαν
431 1527 564 1596 παρ’
590 1525 774 1590 αὐτοῖς
797 1525 1172 1597 νομιζόμενος,
1206 1531 1456 1602 ἠρώτησε
1484 1533 1615 1585 ποία
1650 1534 1836 1606 ἐντολὴ

263 1615 477 1686 μεγάλη
506 1617 568 1668 ὲν
598 1617 675 1688 τῷ
699 1619 852 1688 νόμῳ
875 1635 890 1650 ο
917 1620 1121 1690 οἰηθεὶς
1151 1622 1232 1675 ὅτι
1261 1622 1443 1693 μέλλει
1476 1625 1574 1696 μὲν
1612 1627 1678 1681 τὰ
1702 1628 1836 1681 Μω-

262 1705 400 1770 σέως
432 1709 899 1778 παραγράφεσθαι
928 1712 957 1764 ό
982 1712 1238 1781 Χριστὸς,
1268 1714 1632 1784 παρατιθέναι
1660 1716 1716 1769 δὲ
1739 1717 1838 1788 τὴν

258 1795 423 1850 αὑτοῦ
452 1797 824 1865 διδασκαλίαν,
857 1798 889 1870 ἢ
920 1802 1094 1854 είπεῖν
1112 1818 1124 1831 ·
1164 1803 1497 1875 Ἀγαπήσεις
1523 1806 1727 1878 Κύριον
1745 1809 1836 1862 τὸν

1946 623 2090 694 leges
2119 625 2525 680 conculcassent
2547 659 2564 691 ,
2601 633 2712 679 tum
2743 634 2905 679 etiam
2941 625 3352 694 praevalentium
3385 642 3500 682 ma-

1943 729 2045 771 nus
2076 731 2139 771 ac
2173 715 2385 771 vincula
2411 716 2492 770 eis
2517 717 2807 786 imposuit,
2855 729 2918 769 ac
2959 715 3090 770 iacti
3128 727 3256 774 sunt
3293 721 3510 776 obnoxii

1943 803 2226 876 pendendn
2253 807 2477 874 tributo,
2523 807 2682 863 rebus
2708 817 2895 864 eorum
2926 813 2990 865 ad
3021 810 3385 868 Romanorum
3411 813 3511 866 im-

1941 897 2147 966 perium
2208 897 2496 954 devolutis.

2013 987 2122 1058 7o
2148 986 2318 1051 XXII,
2349 989 2439 1043 ιε.
2482 989 2551 1043 Et
2577 1003 2724 1045 nemo
2744 999 2947 1058 poterat
2977 993 3293 1062 respondere
3315 992 3364 1046 ei
3394 1007 3506 1046 ver-

1941 1076 2100 1141 bum,
2159 1093 2322 1147 neque
2369 1095 2534 1134 ausus
2581 1079 2682 1146 fuit
2727 1081 3001 1151 quisquam
3051 1081 3235 1136 exilia
3265 1081 3350 1137 die
3392 1097 3511 1137 eum

1938 1167 2166 1235 amplius
2199 1169 2548 1240 interrogare.

2009 1258 2142 1313 Cum
2165 1260 2378 1314 confusi
2395 1271 2576 1316 essent
2599 1275 2661 1316 ac
2675 1270 3029 1319 secessrssent
3054 1263 3337 1321 Sadducaei
3356 1307 3372 1334 ,
3400 1264 3512 1321 lau-

1937 1349 2275 1419 dabatnrqne
2305 1351 2584 1418 Dominus,
2615 1353 2670 1407 in
2700 1355 2936 1408 medium
2992 1357 3306 1425 prodierunt
3346 1355 3511 1411 invidi

1937 1439 2228 1506 Pharisaei,
2250 1454 2315 1495 ac
2341 1441 2677 1511 legisperitus
2705 1443 2920 1513 quidam
2953 1460 3143 1516 magna
3175 1448 3311 1517 apud
3340 1460 3432 1502 eos
3457 1448 3512 1502 in

1937 1531 2295 1586 aestimatione
2335 1530 2662 1601 interrogat,
2705 1535 2978 1602 quodnam
3025 1537 3321 1591 maximum
3368 1547 3517 1593 esset

1939 1621 2249 1675 mandatum
2279 1621 2332 1675 in
2359 1622 2507 1692 lege,
2535 1624 2831 1679 arbitratus
2854 1625 2990 1690 fore,
3011 1636 3067 1679 ut
3090 1642 3150 1681 ea
3171 1642 3290 1696 qua:
3309 1626 3510 1699 Moysi:

1937 1718 2094 1764 erant
2117 1712 2366 1767 Christus
2391 1715 2795 1783 proscriberet,
2823 1731 2974 1772 suam
2999 1725 3178 1772 autem
3210 1720 3508 1774 doctrinam

1938 1813 2308 1871 przeponcret,
2363 1812 2455 1857 aut
2485 1803 2692 1860 diceret
2726 1825 2740 1861 :
2796 1807 2998 1876 Diliges
3030 1808 3311 1862 Dominum
3343 1809 3510 1863 Deum

257 1890 393 1944 Θεόν
427 1907 524 1945 σου
546 1892 644 1946 καὶ
667 1892 768 1963 ὲμέ
787 1908 803 1924 ο
836 1895 1222 1963 παραξευγνὺς
1252 1895 1447 1949 ἑαυτοῦ
1468 1897 1566 1968 τὴν
1591 1897 1749 1962 δόξαν
1769 1903 1834 1971 τῇ

1941 1901 2088 1947 tuum
2119 1902 2174 1947 et
2200 1909 2316 1960 me,
2346 1894 2720 1966 coniungendo
2749 1896 2974 1967 gloriam
2997 1915 3151 1954 suam
3179 1915 3304 1955 cum
3339 1900 3510 1968 gloria

255 1978 384 2053 δόξῃ
419 1981 514 2035 τοῦ
558 1983 798 2054 Πατρός·
845 1984 937 2037 καὶ
971 1985 1144 2048 οὕτως
1177 1986 1401 2057 εὑρήσει
1441 1989 1715 2059 πρόφασιν
1739 1989 1835 2044 τοῦ

255 2074 522 2144 ὲμσαλεῖν
549 2075 713 2128 αὑτὸν
744 2077 824 2138 είς
850 2073 1114 2139 κίνδυνον,
1147 2077 1223 2140 ὡς
1249 2079 1439 2132 ἑαυτὸν
1465 2079 1833 2135 Θεοποιοῦντα·

253 2166 309 2238 ἢ,
338 2168 390 2220 εί
418 2166 578 2222 τοῦτο
605 2169 1052 2240 παρασιιινπήσει,
1077 2169 1256 2239 λέγειν
1279 2186 1294 2203 ο
1327 2172 1538 2226 Οὐκοῦν
1570 2175 1632 2226 οὐ
1666 2193 1838 2245 προσ-

251 2258 488 2328 δέχομαί
542 2275 601 2311 σε
648 2259 722 2324 ὡς
771 2259 904 2313 Θεόν
948 2259 1123 2332 (I).'0
1151 2253 1208 2314 δὲ
1235 2262 1438 2333 Κύριος
1471 2263 1622 2317 οὐδὲν
1647 2265 1834 2319 καινὸν

254 2348 451 2416 εἰπὼν,
502 2351 638 2404 ἀλλά
676 2353 742 2406 τὰ
769 2352 862 2406 τοῦ
894 2353 1081 2424 νόμου.
1129 2353 1222 2408 καί⁹
1256 2355 1428 2426 ταύτῃ
1478 2357 1836 2427 ἐπιστομίσας

255 2443 385 2506 τοὺς
406 2443 760 2514 Φαρισαίους.

327 2538 499 2607 Μηδέ
523 2541 785 2610 κληθῆτε
814 2545 1163 2613 καθηγηταί.
1657 2611 1670 2624 ¹

346 2629 570 2702 Ἐπειδὴ
597 2633 719 2696 τοὺς
756 2634 921 2688 καινά
948 2634 1197 2707 δόγματα
1231 2635 1585 2704 διδάσκοντας
1613 2638 1688 2704 ὡς
1718 2640 1837 2694 ἐπί-

259 2738 371 2774 παν
398 2723 528 2775 ἰδεῖν
569 2719 683 2778 ἐστι
720 2726 1028 2793 κενοδοξίας
1061 2729 1156 2782 καὶ
1201 2727 1522 2794 ἀλαζονείας
1563 2729 1725 2802 ἔρωτι
1755 2735 1834 2797 είς

258 2811 320 2863 τὸ
347 2811 449 2882 τῆς
476 2812 826 2878 διδασκαλίας
856 2815 1072 2888 ἀξίωμα
1095 2821 1596 2890 παραγενομένους,
1623 2823 1837 2894 ἀναιρεῖ

257 2907 286 2957 ὁ
314 2897 517 2974 Κύριος
537 2905 739 2977 ταύτην
758 2906 856 2977 τὴν
879 2907 1156 2974 ὑπόνοιαν,
1179 2912 1272 2964 καὶ
1304 2910 1400 2981 τὴν
1432 2912 1551 2964 ὁδὸν
1577 2914 1834 2966 ἐκκόπτει

258 2995 333 3060 ὡς
369 2997 459 3048 ἐπ’
488 2995 710 3068 ὄλεθρον
743 2998 1007 3066 ἄγουσαν.
1036 3001 1099 3052 Εἰ
1141 3002 1338 3066 τοίνυν,
1390 3005 1544 3073 φησὶ,
1576 3003 1733 3075 δόξης
1773 3019 1834 3057 τε

261 3089 353 3139 καὶ
379 3088 663 3159 πρωτείων
693 3090 845 3160 ἐρᾷς,
874 3090 972 3161 τὴν
1010 3091 1115 3144 τῶν
1155 3092 1418 3146 διακόνων
1461 3095 1557 3146 καὶ
1596 3093 1838 3166 ὑστέρων

256 3178 418 3244 τάξιν
449 3178 699 3250 ἐπιζήτει
729 3181 823 3233 καὶ
851 3183 1357 3254 ταπεινοφροσύνην
1378 3183 1556 3237 ἄσκει.

1939 1983 2149 2049 Patris,
2189 1993 2351 2054 atque
2381 1986 2450 2038 ita
2484 1987 2831 2042 inventurum
2861 2003 2983 2044 sese
3011 1993 3376 2056 occasionem,
3405 2005 3508 2059 qua

1941 2075 1994 2129 in
2024 2076 2320 2146 periculum
2352 2089 2472 2132 eum
2504 2078 2831 2146 adduceret,
2885 2087 3140 2149 tanquam
3193 2094 3312 2136 sese
3341 2080 3509 2135 Deum

1941 2166 2228 2221 facientem
2250 2209 2265 2234 ,
2300 2175 2392 2222 aut
2427 2167 2474 2222 si
2503 2170 2572 2223 ab
2608 2169 2708 2224 hoc
2738 2169 2969 2225 dicendo
2992 2170 3323 2235 abstineret,
3366 2170 3516 2225 inse-

1941 2265 2082 2310 reret
2122 2275 2136 2311 :
2175 2257 2344 2327 Igitur
2388 2271 2498 2312 non
2555 2259 2884 2330 suscipimus
2937 2267 2990 2313 te
3034 2267 3285 2328 tauquam
3317 2258 3516 2314 Deum.

1940 2345 2196 2402 Dominus
2244 2361 2372 2402 vero
2417 2347 2492 2401 nil
2536 2348 2657 2402 novi
2691 2349 2954 2414 dicendo,
3016 2350 3109 2402 sed
3143 2363 3204 2400 ea
3228 2363 3346 2416 quin
3379 2349 3513 2418 legis

1938 2437 2046 2507 77
2084 2447 2239 2502 sunt,
2273 2439 2437 2492 etiam
2468 2439 2568 2494 hac
2601 2438 2813 2494 ratione
2838 2453 2900 2493 es
2930 2439 3162 2493 obstruit
3199 2438 3510 2494 Pharisteis.

2009 2526 2198 2595 XXIII,
2237 2529 2322 2584 I0.
2369 2527 2482 2584 Nec
2512 2532 2762 2586 vocemini
2787 2532 3049 2602 magistri.

2007 2641 2270 2709 Quoniam
2298 2646 2388 2712 qui
2412 2657 2546 2698 nova
2564 2646 2812 2714 dogmata
2836 2643 3198 2714 promulgant,
3221 2657 3314 2698 eos
3343 2645 3514 2697 i'erme

1935 2732 2118 2787 videre
2159 2742 2243 2787 est
2283 2734 2460 2788 studio
2503 2733 2677 2790 inanis
2712 2733 2896 2802 gloriae
2936 2747 2990 2788 et
3032 2735 3339 2804 arrogantia
3393 2747 3514 2789 sese

1936 2824 2077 2878 ultro
2128 2825 2427 2894 provehere
2472 2825 2526 2879 in
2575 2827 2952 2894 magistrorum
3015 2825 3347 2893 dignitatem,
3392 2839 3512 2878 eam

1935 2915 2320 2983 suspicionem,
2372 2929 2440 2969 ne
2486 2917 2552 2969 ad
2592 2929 2650 2970 se
2697 2929 2911 2984 quoque
2956 2917 3285 2984 perveniret,
3331 2924 3514 2984 utpote

1937 3005 2344 3075 praedicatorem
2403 3021 2555 3060 novae
2607 3007 2886 3071 doctrinae,
2913 3006 3064 3060 elidit
3109 3006 3513 3074 exstinguitque

1936 3095 2217 3151 Dominus.
2245 3097 2414 3151 Simul
2443 3097 2748 3152 auditorum
2781 3113 2943 3153 causa
2979 3099 3226 3152 humanm
3283 3098 3512 3151 inﬁrmi-

1939 3187 2034 3240 tati
2068 3203 2289 3257 pronam
2320 3190 2461 3242 viam
2494 3189 2558 3241 ad
2597 3189 2828 3244 honores
2864 3205 2958 3260 per
2980 3189 3327 3244 ambitionem
3364 3189 3510 3256 aspi-

254 3272 412 3325 randi
474 3273 744 3342 abrumpit
792 3274 1200 3344 exscinditqne,
1241 3276 1437 3344 quippe
1469 3274 1536 3329 ad
1597 3276 1872 3329 interitum
1913 3276 2215 3346 ferentem;
2262 3279 2342 3333 sic
2388 3280 2706 3349 praecipiens
2745 3299 2758 3335 :
2797 3279 2853 3334 Si
2888 3281 3010 3350 quis
3068 3280 3247 3352 gloriae
3306 3281 3509 3350 prima-

253 3373 415 3418 tusve
453 3363 744 3433 cupiditate
779 3373 1046 3433 teneatur,
1086 3367 1130 3421 is
1169 3365 1223 3420 in
1272 3367 1694 3420 ministrantium
1735 3377 1788 3421 et
1829 3371 2225 3438 postremorum
2278 3371 2418 3426 ultro
2460 3372 2704 3427 ordinem
2755 3372 3067 3442 descendat,
3115 3371 3512 3444 bumiiitatique

252 3456 528 3524 imprimis
557 3458 789 3514 studeat.

333 3549 482 3602 Οὐαί
519 3548 585 3602 δὲ
610 3550 771 3620 ὑμῖν.

332 3641 472 3695 Οὐαὶ
504 3642 683 3696 τοίνυν
711 3644 861 3715 ὑμῖν,
895 3642 938 3702 ὦ
968 3644 1204 3716 νομικοὶ,
1239 3644 1322 3698 ὄτι
1361 3645 1614 3716 φορτικὸν
1641 3647 1834 3716 ὁμολο-

253 3733 548 3804 γουμένως
566 3733 696 3789 ὄντα
724 3736 816 3789 τὸν
836 3738 1022 3807 νόμον,
1039 3737 1154 3799 τοῖς
1186 3737 1285 3807 μὲν
1312 3736 1492 3801 ἄλλοις
1513 3736 1743 3791 ἀπαιτοῦ
1753 3753 1836 3791 σιν

253 3825 449 3889 αὐτὸν,
490 3824 723 3880 θανάτου
756 3827 912 3899 δίκην
969 3828 1224 3896 ἐπάγετε,
1263 3827 1417 3881 αὐτοὶ
1459 3828 1514 3880 δὲ
1546 3827 1638 3882 τοῦ
1670 3829 1835 3899 νόμου

251 3917 386 3972 οὐδὲ
418 3919 787 3988 προσψαύετε.

342 4010 449 4062 Καὶ
475 4011 704 4078 ὀμόσας
723 4011 792 4064 ἐν
819 4009 897 4076 τῷ
922 4009 1174 4078 οὐρανῷ,
1204 4011 1409 4079 ὀμνύει
1436 4011 1506 4064 ἐν
1539 4009 1617 4074 τῷ
1651 4013 1840 4078 θρόνῳ

251 4103 372 4158 τοῦ
395 4103 565 4167 Θεοῦ,
593 4105 693 4158 καί
719 4103 884 4169 ἐντῷ
909 4104 1227 4174 καθημένῳ
1253 4104 1453 4157 ἐπάνω
1483 4103 1694 4158 αὑτοῦ.

335 4195 437 4249 Διά
465 4195 626 4249 τοῦτο
646 4195 704 4250 δὲ
731 4196 918 4267 θρόνον
952 4195 1088 4249 Θεοῦ
1110 4196 1203 4248 τὸν
1225 4194 1453 4265 οὐρανὸν
1481 4193 1839 4264 ὀνομάζουσιν

252 4289 316 4342 αἱ
342 4287 581 4359 Γραφαὶ,
605 4287 686 4339 ὅτι
730 4289 847 4349 ταῖς
883 4286 994 4339 ἀνω
1037 4285 1302 4357 δυνάμεσι
1331 4284 1464 4348 Θεὸς
1497 4283 1839 4337 ὲναναπαύε-

253 4397 377 4434 ται.
424 4379 510 4431 Ἐν
551 4376 768 4448 οὐρανῷ
801 4378 908 4447 γάρ
952 4379 1087 4430 εἰσιν
1127 4379 1176 4429 οἱ
1219 4375 1499 4440 ποιοῦντες
1532 4375 1591 4429 τὸ
1628 4375 1840 4445 θέλημα

249 4468 432 4524 αὐτοῦ
457 4467 702 4536 ἄγγελοι,
730 4469 824 4521 καὶ
864 4468 951 4520 ἀεὶ
976 4466 1292 4532 δοξάζοντες
1323 4466 1488 4520 αὐτόν
1509 4481 1523 4494 ·
1555 4463 1696 4534 αὕτη
1729 4463 1839 4534 γὰρ

257 4560 418 4631 αὐτῷ
451 4561 775 4622 ἀνάπαυσις.
814 4558 882 4610 Ἡ
925 4559 982 4612 δὲ
1033 4557 1109 4627 γῆ
1163 4556 1457 4610 ὑποπόδιον
1508 4553 1616 4607 τῶν
1664 4553 1843 4606 ποδῶν

257 4652 437 4708 αὐτοῦ
460 4667 474 4683 ’
509 4654 568 4706 ὲν
595 4652 733 4722 αὐτῇ
760 4651 869 4720 γὰρ
893 4649 982 4703 διὰ
1013 4648 1216 4719 σαρκὸς
1239 4649 1352 4712 τοῖς
1374 4643 1683 4716 ἀνθρώποις
1719 4661 1843 4696 συν-

259 4744 605 4814 ανεστράφη.
639 4741 780 4805 Ποῦς
821 4741 875 4795 δὲ
909 4739 1046 4794 Θεοῦ
1106 4741 1139 4810 ἡ
1179 4738 1310 4807 ἁγία
1364 4737 1528 4791 αὐτοῦ
1569 4735 1708 4807 σὰρξ
1746 4736 1842 4790 καλ⁸

256 4833 540 4904 διαφόρως
563 4830 912 4903 ὀνομάζεται.

1865 3565 1907 3624 C
2013 3557 2214 3628 XXIII,
2244 3561 2328 3616 I3.
2358 3562 2443 3618 Va:
2468 3573 2641 3617 autem
2669 3563 2834 3617 vobis.

2010 3649 2102 3708 Va:
2136 3654 2297 3725 igitur
2321 3657 2471 3710 vobis
2494 3654 2804 3726 legisperiti,
2835 3669 2899 3711 eo
2932 3656 3091 3724 quod,
3132 3669 3252 3710 cum
3291 3671 3508 3726 gravem

1940 3761 2064 3803 esse
2114 3746 2390 3802 fateamini
2425 3747 2618 3818 legem,
2665 3747 2784 3802 aliis
2823 3747 3040 3816 quidem
3071 3763 3190 3802 eam
3239 3748 3513 3817 postulan-

1942 3839 2083 3892 tibus
2124 3821 2317 3894 mortis
2343 3839 2664 3908 supplicium
2693 3839 2986 3894 inducitis:
3019 3838 3121 3909 ipsi
3160 3854 3285 3894 vero
3320 3854 3387 3893 ne
3430 3839 3510 3893 Ie-

1943 3944 2060 4000 gem
2093 3932 2304 3998 quidem
2341 3930 2632 4002 attingitis.

2011 4021 2204 4086 XXIII,
2236 4022 2324 4077 22.
2371 4022 2439 4075 Et
2481 4024 2569 4094 qui
2594 4022 2747 4093 jurat
2785 4022 2840 4076 in
2883 4021 3036 4088 caelo,
3059 4022 3215 4092 jurat
3240 4023 3296 4077 in
3325 4022 3510 4076 throno

1941 4112 2058 4177 Dei,
2087 4121 2137 4166 et
2164 4113 2216 4166 in
2241 4129 2298 4168 eo
2326 4115 2414 4184 qui
2439 4115 2578 4167 sedet
2612 4130 2770 4177 super
2791 4130 2928 4167 eum.

2012 4203 2122 4274 78
2155 4203 2440 4271 Propterea
2487 4214 2663 4257 autem
2710 4205 2891 4257 sedem
2941 4203 3030 4257 Dei
3071 4202 3267 4256 coelum
3317 4211 3513 4256 vocant

1944 4289 2255 4360 Scripturae,
2287 4307 2349 4345 eo
2381 4291 2524 4361 quod
2578 4292 2630 4343 in
2670 4293 2920 4360 supernis
2961 4292 3320 4360 potestatibus
3370 4291 3511 4346 Deus

1945 4383 2264 4452 requiescat.
2317 4380 2373 4434 In
2398 4381 2534 4436 caelo
2559 4381 2702 4436 enim
2729 4389 2875 4445 sunt,
2907 4381 2999 4450 qui
3029 4380 3233 4435 faciunt
3263 4381 3511 4435 volunta-

1944 4486 2049 4531 tem
2088 4476 2226 4545 ejus,
2258 4473 2452 4544 angeii,
2491 4487 2811 4542 semperque
2857 4486 2978 4526 eum
3025 4471 3345 4540 glorillcant,
3399 4475 3514 4526 luet:

1941 4568 2084 4621 enim
2111 4567 2159 4621 ei
2187 4565 2417 4636 requies.
2442 4563 2606 4618 Terra
2630 4574 2808 4618 autem
2830 4563 3122 4619 scabellum
3149 4564 3340 4632 pedum
3361 4561 3507 4634 ejus:

1945 4657 1997 4711 in
2032 4671 2094 4710 ea
2128 4656 2272 4712 enim
2304 4672 2426 4710 cum
2454 4656 2762 4711 hominibus
2793 4669 3040 4711 versatus
3070 4662 3174 4709 est.
3209 4654 3309 4710 Pes
3335 4665 3514 4710 autem

1943 4748 2038 4804 Dei
2067 4760 2254 4804 sancta
2277 4747 2420 4804 illius
2455 4763 2584 4804 caro
2618 4749 2888 4818 praecipue
2925 4756 3284 4817 nuncupatur.

327 4902 481 4981 οὺάι
515 4902 669 4995 ὑμῖν
699 4927 749 4980 Γ
743 4927 1074 4995 ραμματεῖς
1103 4923 1201 4977 καί
1246 4920 1559 4990 Φαρισαῖοι
1596 4922 1842 4989 ὐποκρι-

2019 4909 2209 4976 XXIII,
2239 4911 2331 4966 23.
2396 4908 2488 4963 Vat
2523 4909 2684 4971 vobis,
2721 4905 2920 4961 Scriba:
2957 4914 3007 4960 et
3058 4905 3317 4958 Phariswi
3351 4906 3514 4974 hypo—

259 5021 388 5088 ταὶ,
422 5019 513 5073 ὅτι
541 5019 983 5074 ἀποδεκατοῦτε
1014 5015 1080 5070 τὸ
1105 5015 1418 5084 ἡδύοσμον
1444 5012 1543 5067 καὶ
1584 5012 1649 5066 τὸ
1692 5010 1841 5080 ἄνη-

263 5117 402 5176 θον,
433 5109 533 5163 καὶ
562 5109 830 5178 ἀφήκατε
868 5108 939 5161 τὰ
968 5107 1163 5175 ,βαρέα
1199 5106 1303 5160 τοῦ
1332 5105 1542 5175 νόμου,
1567 5104 1680 5172 τὴν
1717 5103 1842 5170 κρί-

259 5217 397 5265 σιν,
414 5199 516 5252 καὶ
540 5200 650 5252 τὸν
680 5199 874 5261 ἔλεον,
916 5197 1016 5250 καὶ
1055 5196 1164 5263 τὴν
1213 5196 1454 5250 πίστινο
1489 5195 1676 5249 ταῦτα
1719 5192 1841 5247 ἔδει

262 5288 547 5358 ποιῆσαι,
582 5289 830 5343 κάκεῖνα
850 5287 936 5356 μὴ
967 5286 1226 5355 ἀφιέναι.

345 5386 492 5454 ’Ὀρα
525 5382 624 5453 τὴν
665 5379 959 5451 ἐπίπληξιν
980 5395 992 5408 ⁸
1029 5399 1046 5431 ι
1081 5378 1627 5447 Ἀπαιτεῖτε,ιρησὶν,
1655 5369 1700 5428 ὦ
1737 5377 1836 5426 Φαο

268 5478 502 5547 ρισαῖοι,
529 5474 629 5537 τάς
659 5473 891 5533 δεκάτας
921 5472 1057 5541 τάχα
1084 5487 1185 5537 που
1216 5469 1310 5521 καὶ
1332 5469 1580 5538 λαχάνων
1610 5464 1844 5532 λεπτῶν,

265 5569 546 5637 παρέντες
570 5567 670 5629 τὰς
716 5565 954 5628 ἐντολὰς,
979 5564 1060 5633 ἐφ’
1101 5555 1189 5626 αἷς
1227 5565 1344 5615 ἐστι
1376 5560 1576 5630 μείζων
1608 5559 1641 5627 ἡ
1671 5557 1846 5626 παρά-

267 5662 456 5722 ϐασις.
495 5660 650 5712 Ποῖαι
675 5652 836 5711 αὗται
869 5659 923 5712 αἱ
970 5655 1212 5720 ἐντολαίς
1256 5654 1321 5707 'II
1365 5652 1568 5723 κρίσις,
1604 5647 1847 5700 τουτέστι

1947 5005 2092 5058 critaz
2125 5005 2215 5073 qui
2243 5001 2514 5056 decimatis
2543 5001 2807 5053 ment/tam
2846 5007 2891 5052 et
2928 4998 3193 5060 anethum,
3229 5006 3278 5048 et
3304 4997 3515 5065 reliqui-

1947 5094 2042 5148 stis
2089 5109 2204 5162 qua:
2252 5093 2493 5162 graviora
2540 5100 2658 5142 sunt
2709 5087 2872 5157 legis,
2911 5086 3173 5154 judicium
3213 5094 3259 5136 et
3309 5087 3513 5138 miseri-

1947 5183 2180 5236 cordiam
2208 5190 2257 5236 et
2296 5181 2488 5249 ﬁdem;
2519 5181 2628 5233 Itwc
2659 5176 2926 5247 oportebat
2974 5175 3166 5242 facere,
3197 5183 3242 5227 et
3277 5173 3370 5225 illa
3414 5190 3517 5226 nou

1947 5276 2204 5329 omittere.

2020 5365 2155 5420 Vide
2182 5365 2452 5434 quomodo
2486 5377 2581 5417 eos
2610 5359 2924 5430 percellata
2959 5356 3207 5425 Exigitis,
3249 5357 3454 5426 inquit,
3485 5372 3517 5410 ο

1950 5458 2231 5522 ΡΙιενίετι-ἰ,
2259 5455 2496 5510 decimas
2531 5450 2927 5521 quodammodo
2957 5449 3121 5503 etiam
3161 5449 3365 5502 olerum
3413 5449 3520 5501 mi-

1952 5550 2251 5612 nimorum,
2286 5551 2673 5616 praetereuntes
2716 5551 2983 5611 praecepta
3023 5540 3074 5593 in
3105 5539 3301 5609 quibus
3347 5537 3519 5606 major

1953 5641 2109 5709 culpa
2136 5647 2237 5695 cst.
2269 5637 2456 5705 Qualia
2499 5643 2675 5690 autem
2705 5634 2818 5690 lucc
2861 5641 2984 5689 sunt
3030 5628 3340 5702 praecepta?
3370 5626 3519 5684 Iudi-

356 5811 566 5880 (Illluc
621 5825 788 5882 nsque
842 5811 1203 5881 iragtncntum
1258 5806 1686 5877 ap.t.'.ramerum
1750 5818 1797 5871 p.
1867 5799 1984 5853 185.
