4058 6280
557 366 663 425 439

1550 366 1605 422 S.
1647 368 1921 425 CYRILLI
1958 369 2429 426 ALEXANDRINI
2468 371 2789 429 ARCHIEP.
2822 418 2825 419 ν

3684 372 3782 428 MU

562 486 727 548 cium,
764 482 816 537 id
849 491 931 538 est
957 483 1199 553 judicare
1230 499 1349 553 quas
1378 495 1522 541 recta
1553 500 1699 556 sunt,
1737 502 1793 546 et
1823 492 2125 548 misericor-

2228 486 2285 539 τὸ
2322 488 2527 557 κρίνειν
2548 488 2705 558 ὀρθὰ,
2730 490 2824 543 καὶ
2853 489 2882 541 6
2918 488 3088 551 ἕλεος,
3120 488 3215 542 xui.
3246 488 3279 556 ὴ
3318 488 3499 550 πίστις
3531 486 3611 548 εἰς
3638 485 3782 540 Θεόν.

564 577 674 643 dia,
702 585 757 632 et
788 576 920 632 ﬁdes
947 577 998 630 in
1032 577 1219 631 Deum.
1275 578 1398 633 Haec
1428 579 1572 635 enim
1605 582 1829 637 decimis
1862 598 1925 637 ac
1946 583 2131 652 primi-

567 666 656 718 tiis
687 664 909 719 meliora
953 674 1101 720 sunt.
1147 665 1378 736 Indeque
1411 684 1507 734 per
1539 670 1850 739 prOpbetam
1898 672 1972 725 ait
2013 673 2130 727 uni-

570 770 843 810 rersorum
866 752 1154 808 Dominus:
1184 756 1279 810 «Et
1303 773 1465 821 nunc,
1493 759 1677 827 Israel,
1712 761 1841 830 quid
1875 762 2132 818 Dominus

566 844 708 899 Deus
746 845 973 914 requirit
1001 861 1028 898 a
1060 854 1129 910 te,
1165 846 1485 903 nisi.facere
1512 850 1795 920 judicium,
1830 860 1884 905 et
1912 852 2134 921 diligere

565 950 630 988 ac
687 950 927 1003 quaerere
982 937 1442 1004 misericordiam,
1493 950 1845 1010 paratumque
1891 956 2014 998 esse
2072 952 2133 997 ut

564 1023 808 1078 ambules
836 1039 955 1078 cum
994 1025 1100 1080 Deo
1134 1034 1224 1080 tuo
1252 1028 1340 1080 ”?
1376 1047 1395 1079 ι

638 1112 825 1176 XXIII,
864 1113 954 1167 ‘26.
986 1113 1256 1169 Pharismc
1285 1133 1437 1181 ca'ce,
1471 1121 1663 1173 munda
1694 1122 1841 1186 prius
1881 1123 2019 1192 quod
2048 1124 2132 1176 in-

566 1217 650 1257 tus
688 1218 763 1259 est
798 1207 977 1260 colicis
1009 1218 1056 1259 et
1094 1208 1406 1275 paropsidis,
1444 1219 1497 1262 ut
1539 1210 1632 1277 ﬁat
1678 1211 1732 1263 id
1764 1213 1900 1282 quod
1937 1214 2132 1282 deforis

562 1304 637 1347 est
662 1296 935 1349 mundum.

638 1386 747 1456 79
774 1385 888 1440 Non
932 1388 996 1441 de
1027 1385 1192 1441 calice
1230 1400 1294 1441 ac
1330 1390 1615 1458 paropside
1648 1392 1797 1459 dicit,
1833 1410 1925 1451 seu
1958 1396 2131 1463 lance,

567 1482 660 1537 sed
691 1483 757 1537 de
804 1482 983 1560 anima
1018 1499 1081 1537 ac
1110 1499 1338 1554 corpore
1378 1486 1616 1552 disserit,
1679 1505 1874 1558 corpus
1916 1492 2131 1560 quidem

568 1586 765 1628 vocans
803 1559 944 1640 quod
975 1572 1171 1629 deforis
1204 1584 1309 1640 est,
1338 1579 1478 1645 quod
1521 1594 1651 1633 vero
1685 1582 1849 1645 intus,
1872 1559 2128 1636 animam.

2228 577 2413 631 Ταῦτα
2439 578 2546 650 γὰρ
2590 580 2798 649 ἀμείνω
2829 581 3062 650 δεκάτης
3102 580 3195 633 καὶ
3239 578 3525 650 ἀπαρχῶν.
3574 576 3666 629 ius
3696 578 3787 631 καὶ

2226 667 2315 720 διὰ
2342 668 2436 720 τοῦ
2459 672 2737 742 προφήτου
2770 671 2935 743 φησὶν
2963 672 2991 723 6
3012 669 3121 723 τῶν
3144 671 3284 723 ὅλων
3304 670 3463 731 Θεός·
3501 685 3521 718 ι
3542 668 3651 721 Καὶ⁸
3674 667 3785 732 νῦν,

2239 758 2471 829 Ἰσραὴλ,
2511 761 2565 812 τί
2595 761 2797 832 Κύριος
2826 762 2855 813 6
2904 761 3033 824 Θεὸς
3062 760 3218 830 ζητεῖ
3260 759 3414 830 παρὰ
3448 759 3566 821 σοῦ,
3615 758 3786 828 ἀλλ’ἢ

2227 847 2319 899 τοῦ
2356 853 2527 902 ποιεῖν
2558 853 2754 922 κρῖμα,
2788 852 2883 904 καὶ
2909 851 3130 920 ἀγαπᾷν
3164 849 3259 903 καὶ
3288 849 3473 919 ζητεῖν
3497 850 3667 917 ἔλεον,
3696 852 3789 903 καὶ

2225 938 2442 1012 ἕτοιμον
2472 938 2611 996 εἶναι
2643 942 2738 996 τοῦ
2770 942 3098 1013 πορεύεσθαι
3131 940 3269 1010 μετὰ
3297 940 3391 994 τοῦ
3425 940 3562 994 Θεοῦ
3592 958 3718 1002 σου;
3770 960 3787 991 ι

2306 1117 2587 1186 Φαρισαῖε
2620 1117 2830 1186 τυφλέ,
2871 1115 3198 1185 καθάρισον
3245 1112 3479 1181 πρῶτον
3509 1112 3575 1167 τὸ
3631 1112 3799 1175 ἐντὸς

2231 1207 2340 1261 τοῦ
2387 1207 2699 1274 ποτηρίου,
2745 1206 2841 1259 καὶ
2872 1204 2981 1272 τῆς
3019 1202 3375 1272 παροψίδος,
3410 1203 3511 1256 ἵνα
3559 1202 3797 1269 γένηται

2234 1297 2335 1351 καὶ
2364 1299 2430 1352 τὸ
2452 1297 2626 1363 ἐκτὸς
2652 1295 2849 1350 αὐτῶν
2873 1296 3155 1363 καθαρόν.

2303 1390 2379 1443 Οὐ
2412 1391 2541 1461 περὶ
2591 1388 2853 1458 ποτηρίου
2896 1387 2991 1441 καὶ
3028 1384 3325 1457 παροψίδος
3362 1384 3528 1451 λέγει,
3564 1384 3680 1453 ἦτοι
3707 1383 3772 1433 πί

2234 1499 2418 1545 νάκος,
2457 1481 2592 1534 ἀλλὰ
2633 1481 2763 1551 περὶ
2803 1479 2979 1549 ψυχῆς
3026 1478 3120 1531 καὶ
3172 1474 3421 1547 σώματος
3451 1475 3760 1542 διαλέγεται
3784 1490 3796 1503 ·

2232 1575 2293 1625 τὸ
2321 1574 2418 1643 μὲν
2442 1572 2547 1637 ἔξω
2583 1570 2763 1623 καλῶν
2795 1569 2855 1622 τὸ
2890 1569 3068 1639 σῶμα,
3107 1567 3168 1619 τὸ
3207 1566 3263 1619 δὲ
3310 1566 3456 1619 ἔνδον
3477 1565 3576 1635 τὴν
3602 1565 3800 1635 ψυχῄν.

563 1665 619 1718 Si
641 1679 766 1718 vero
791 1664 918 1719 illud
942 1666 1083 1733 quod
1110 1666 1160 1718 in
1189 1668 1472 1736 paropside
1490 1669 1633 1724 intus
1660 1681 1763 1735 est,
1788 1676 2125 1731 inundatione

2236 1668 2295 1719 Εἰ
2341 1665 2397 1717 δὲ
2445 1664 2538 1715 ἐπὶ
2587 1663 2685 1731 τῆς
2721 1660 3015 1731 παροψίδος
3059 1657 3153 1711 τοῦ
3192 1658 3339 1711 ἔνδον
3392 1656 3572 1726 χρεία,
3624 1654 3803 1724 πολλῷ

559 1767 693 1820 opus
726 1751 906 1817 habet,
942 1754 1108 1807 multo
1138 1754 1305 1823 magis
1330 1757 1471 1824 quod
1495 1757 1548 1810 in
1582 1769 1631 1812 te
1651 1769 1733 1814 est
1765 1779 1778 1815 :
1822 1776 1915 1816 vos
1945 1773 2121 1817 autem

2236 1755 2435 1824 μᾶλλον
2463 1754 2554 1805 ἐπὶ
2579 1752 2695 1806 σοῦ.
2736 1753 2924 1821 Ὑμεῖς
2947 1750 3003 1804 δὲ
3031 1749 3343 1803 τούναντίον
3392 1752 3613 1811 ποιεῖτε,
3646 1748 3803 1818 φησι,

561 1843 925 1906 contrarium,
992 1841 1196 1909 inquit,
1257 1844 1437 1900 facitis
1504 1846 1693 1914 exigua
1750 1857 1805 1902 et
1855 1850 2121 1904 exteriora

2237 1822 2301 1898 τὰ
2334 1845 2507 1914 μικρὰ
2550 1845 2645 1897 καὶ
2677 1843 2782 1909 ἔξω
2830 1842 3208 1911 φυλάττοντες,
3252 1840 3361 1893 τῶν
3412 1840 3660 1910 μεγάλων
3711 1839 3805 1891 xu".

559 1934 947 1995 observantes;
982 1931 1185 1998 majora
1235 1942 1290 1987 et
1333 1934 1587 1988 interiora
1647 1938 1935 2006 negligitis,
1987 1941 2129 1995 unde

560 2022 856 2076 niaximum
882 2022 1057 2076 oritur
1082 2023 1485 2078 detrimentum.
1539 2024 1699 2080 Ilisce
1731 2026 2131 2083 Pharisaeorum

562 2112 726 2165 vitam
757 2114 1015 2182 depingit,
1046 2116 1339 2171 exhortans
1361 2130 1476 2182 eos,
1509 2125 1566 2170 ut
1593 2132 1699 2171 non
1729 2120 1981 2173 exteriori
2006 2136 2128 2189 spe-

563 2201 645 2254 cie
687 2211 889 2256 tantum
922 2204 1027 2257 ﬁcti
1074 2204 1202 2271 sint,
1231 2205 1323 2259 sed
1354 2205 1611 2260 interiora
1641 2209 1836 2262 munda
1869 2210 2122 2277 habeant,

561 2304 795 2347 tuentem
825 2295 1185 2364 animumque.

638 2384 823 2449 XXIII,
852 2386 941 2440 52.
982 2384 1051 2440 Et
1084 2404 1169 2441 vos
1200 2388 1404 2455 implete
1447 2406 1747 2445 mensuram
1782 2399 1993 2460 patrum
2036 2409 2121 2449 ve-

561 2487 810 2530 strorum.

634 2568 897 2634 Quidnam
930 2584 1059 2636 ergo
1103 2569 1241 2623 dicat
1290 2570 1555 2633 Salvator,
1587 2572 1870 2642 diligenter
1902 2576 2123 2647 indage-

563 2675 701 2712 mus.
743 2657 928 2712 Patres
954 2659 1167 2727 qnidem
1206 2658 1508 2714 Iudaeorum
1542 2661 1767 2717 diversis
1799 2666 2125 2732 temporibus

562 2757 777 2801 sanctos
806 2749 1092 2816 prophetas
1114 2749 1346 2803 divinam
1382 2749 1550 2821 legem
1576 2753 1950 2807 annuntiantes
1976 2755 2121 2809 occi-

558 2836 788 2901 derunt;
825 2837 913 2904 qui
941 2846 1117 2891 tamen
1145 2854 1208 2893 ex
1240 2841 1305 2894 iis
1333 2843 1441 2893 uati
1471 2852 1615 2906 sunt,
1644 2844 1961 2899 conﬁtentes
2002 2860 2124 2913 pro-

558 2927 748 2995 phetas
778 2928 1110 2983 venerandos
1141 2930 1305 2989 fuisse
1331 2946 1393 2984 ac
1421 2931 1783 2999 honorandos,
1810 2950 2038 2989 coronas
2061 2936 2124 2989 iis

560 3020 916 3085 adaptarunt,
986 3035 1079 3073 seu
1156 3032 1532 3085 monumenta,
1594 3024 1849 3077 honorem
1917 3026 2120 3080 sanctis

560 3110 793 3164 maxime
844 3111 1247 3165 convenientem
1292 3114 1372 3167 eis
1425 3115 1741 3179 tribuentes,
1795 3115 1890 3182 ipsi
1942 3125 2119 3169 autem

2235 1936 2383 1988 ἔνδον
2432 1933 2717 2005 ἁμελεῖτε’
2764 1932 2888 1986 ὅθεν
2943 1931 3176 2001 μεγίστη
3243 1930 3452 1999 γίνεται
3495 1929 3666 1999 βλάϐη
3699 1930 3801 1998 (ι).

2234 2027 2333 2079 Διὰ
2354 2024 2558 2078 τούτων
2588 2023 2679 2077 τὸν
2706 2022 2816 2076 τῶν
2847 2022 3159 2093 Φαρισαίων
3191 2020 3484 2089 διαγράφει
3503 2018 3636 2088 βίον,
3660 2036 3803 2089 παρ·

2234 2115 2399 2170 αινῶν
2427 2113 2501 2183 μὴ
2530 2115 2641 2175 τοῖς
2673 2112 2871 2177 ἔξωθεν
2907 2112 3308 2181 σχηματισμοῖς
3339 2109 3669 2162 πλάττεσθαι
3703 2108 3803 2176 μὸ-

2233 2224 2344 2271 νον,
2370 2204 2507 2258 ἀλλὰ
2537 2202 2681 2274 ἔχειν
2716 2203 2810 2256 κα)⁸
2842 2201 2907 2254 τὰ
2939 2200 3144 2254 ἔσωθεν
3185 2197 3423 2269 καθαρὰ,
3455 2197 3525 2251 τὰ
3570 2198 3650 2260 εἰς
3677 2195 3809 2249 νοῦν

2234 2296 2326 2349 καὶ
2359 2295 2604 2365 καρδίαν.

2301 2384 2411 2437 Καὶ
2440 2384 2610 2454 ὑμεῖς
2642 2382 3000 2452 πληρώσατε
3028 2382 3096 2437 τὸ
3130 2382 3352 2452 μέτρον
3380 2378 3497 2433 τῶν
3532 2378 3809 2447 πατέρων

2232 2473 2416 2543 ὑμῶν.

2301 2564 2365 2615 Τί
2392 2564 2456 2633 δὴ
2487 2563 2595 2631 ἄρα
2617 2562 2782 2632 φησὶν
2812 2563 2841 2613 6
2882 2563 3094 2633 Σωτὴρ,
3128 2559 3372 2633 ἀκριϐῶς
3398 2561 3801 2630 ὲρευνήσωμεν.

2231 2654 2294 2705 Οἱ
2334 2653 2429 2720 μὲν
2452 2652 2561 2704 τῶν
2590 2652 2857 2706 Ἰουδαίων
2887 2652 3125 2723 πατέρες
3153 2652 3479 2705 ἀπέκτειναν
3518 2650 3657 2703 κατὰ
3680 2667 3803 2700 και-

2235 2745 2358 2813 ροὺς
2387 2742 2513 2805 τοὺς
2546 2741 2734 2809 ἁγίους
2786 2744 3069 2811 προφήτας
3090 2783 3105 2807 ,
3139 2740 3229 2793 τὸν
3263 2740 3405 2793 θεῖον
3449 2740 3633 2801 αὐτοῖς
3687 2738 3805 2790 δια-

2230 2832 2641 2903 πορθμεύοντας
2674 2832 2831 2899 λόγον
2858 2849 2872 2862 ο
2913 2833 3027 2899 οἵγε
3063 2832 3168 2901 μὴν
3207 2830 3263 2896 ἐξ
3293 2828 3471 2882 αὐτῶν
3496 2827 3802 2897 γεγονότες,

2229 2924 2617 2995 ὁμολογοῦντες
2658 2925 2739 2976 ὅτι
2768 2924 2816 2974 oi
2871 2924 3149 2993 προφῆται
3198 2922 3454 2989 γεγόνασι
3492 2920 3679 2973 σεπτοὶ
3709 2920 3803 2971 καὶ

2229 3015 2419 3084 τίμιοι,
2449 3015 2829 3084 περιήρμοσαν
2861 3015 3044 3078 αὐτοῖς
3074 3014 3199 3075 τοὺς
3235 3012 3553 3080 στεφάνους,
3584 3012 3705 3081 ἦτοι
3734 3012 3800 3063 τὰ

2234 3105 2492 3173 μνημεῖα,
2524 3102 2688 3172 τιμὴν
2730 3102 3129 3171 ἀπονείμαντες
3176 3103 3274 3171 τὴν
3308 3104 3416 3163 τοῖς
3446 3101 3623 3169 ἁγίοις
3666 3117 3799 3169 πρε-

560 3199 850 3265 prOpIietas
886 3214 1005 3253 esse
1037 3200 1319 3255 credentes
1360 3218 1421 3256 ac
1458 3204 1599 3257 viros
1632 3214 1869 3267 sanctos,
1916 3204 2125 3273 judiccs

2232 3192 2600 3262 πωδεστάτην,
2625 3192 2778 3244 αὐτοὶ
2810 3191 2867 3243 δὲ
2907 3194 3192 3261 προφήτας
3238 3186 3375 3243 εἶναι
3412 3190 3797 3252 πιστεύσαντες

558 3289 683 3343 facti
711 3300 835 3343 sunt
866 3306 1048 3345 eorum
1077 3294 1164 3360 qui
1196 3309 1288 3348 eos
1316 3294 1631 3349 occiderunt
1666 3311 1679 3346 :
1710 3311 1803 3365 per
1833 3312 1951 3360 qua:
1974 3297 2115 3351 enim

560 3379 823 3433 honorare
847 3380 1224 3434 existimarunt
1245 3398 1359 3446 eos,
1408 3385 1496 3451 qui
1526 3386 1697 3437 necati
1726 3385 1958 3449 fuerant,
1980 3385 2127 3439 hisce

557 3468 828 3520 occisores
848 3477 1096 3537 tanquam
1126 3472 1215 3538 qui
1242 3472 1402 3541 impie
1435 3476 1660 3541 egerint,
1692 3486 1965 3531 accusant.
2020 3479 2122 3531 Sed

558 3556 652 3623 qui
686 3558 799 3610 suis
820 3560 1059 3626 patribus
1091 3561 1140 3613 in
1179 3562 1324 3615 hisce
1352 3566 1484 3617 adeo
1506 3563 1749 3619 nefandis
1764 3568 1995 3620 caedibus
2012 3568 2125 3622 saf-

561 3646 863 3715 fragantur,
913 3649 1209 3717 aaqualibus
1261 3652 1413 3706 malis
1462 3654 1677 3708 obnoxii
1729 3667 1881 3709 erant
1932 3657 2119 3723 futuri,

560 3743 668 3795 imo
715 3740 827 3810 80
873 3757 1001 3797 vero
1049 3744 1208 3796 etiam
1256 3744 1547 3813 peioribus.
1603 3745 1927 3801 Occideruut
1980 3749 2121 3802 enim

556 3832 678 3884 vita:
728 3842 1032 3896 auctorem;
1063 3836 1423 3903 adjunxeruut
1472 3847 1647 3889 autem
1696 3840 2037 3894 exsecrandis
2070 3842 2121 3894 in

556 3934 677 3971 eum
707 3920 999 3973 sceleribus
1028 3921 1130 3974 alia
1166 3938 1381 3991 quoque
1419 3936 1605 3978 contra
1642 3925 1852 3982 divinos
1889 3929 2007 3997 ejus
2041 3931 2122 3984 di-

556 4008 789 4076 scipulos
823 4027 837 4063 :
871 4011 1134 4078 siquidem
1190 4029 1468 4083 quousque
1498 4015 1691 4085 aliquis
1737 4019 1964 4074 aliorum
2015 4022 2120 4075 itii-

553 4100 788 4168 quitates
838 4104 1064 4157 naturali
1119 4107 1329 4158 ratione
1363 4106 1633 4173 judiCans,
1690 4110 1926 4177 inquirit,
1978 4112 2121 4166 videt

552 4193 693 4260 quod
749 4192 944 4247 malum
995 4206 1097 4260 est,
1134 4206 1186 4250 et
1228 4199 1436 4267 arguit;
1479 4198 1591 4267 ipse
1626 4216 1752 4254 vero
1800 4203 1864 4255 ad
1903 4204 2117 4259 eosdem

551 4283 809 4336 adductus
839 4282 1079 4349 aﬂ’ectus,
1112 4286 1263 4354 quasi
1292 4303 1468 4343 CiBClIS
1496 4289 1561 4342 ad
1594 4290 1695 4344 ista
1726 4292 1913 4347 fertur.

621 4456 813 4521 XXIII,
846 4458 934 4510 57.
980 4458 1429 4522 Quemadmodum
1462 4462 1661 4530 gallina
1685 4478 1958 4537 congregat
1989 4469 2109 4535 pul-
2146 4514 2191 4568 Β

550 4546 627 4601 los
655 4562 775 4599 suos
806 4546 900 4599 sub
925 4548 1059 4601 alas.

622 4635 734 4690 Hoc
764 4636 949 4690 dicens
975 4638 1343 4695 characterem
1395 4642 1693 4698 divinitatis
1729 4644 1779 4697 in
1828 4661 1885 4699 se
1931 4657 2113 4701 osten-

548 4731 646 4793 dit,
689 4728 938 4796 quamvis
978 4728 1032 4781 in
1069 4730 1241 4785 lorma
1293 4732 1527 4786 humana
1573 4734 1662 4786 sit.
1713 4734 1786 4788 De
1818 4734 1925 4789 Deo
1969 4738 2113 4790 enim

543 4820 679 4872 dixit
700 4819 763 4850 ’9‘
788 4820 1004 4889 Moyses
1051 4837 1063 4871 :
1102 4838 1119 4870 ι
1154 4820 1472 4889 Expandens
1494 4822 1607 4877 alas
1656 4840 1780 4877 suas
1826 4827 2116 4893 assumpsit

544 4925 667 4974 eos;
702 4928 718 4958 ι
744 4920 796 4962 οι
824 4908 1131 4963 Duritia“:
1166 4928 1182 4960 ι
1205 4908 1326 4963 Filii
1362 4912 1634 4966 hominum
1656 4913 1706 4967 in
1740 4915 1969 4981 tegmine
2005 4915 2114 4968 ala-

543 5016 662 5053 runi
696 5008 908 5053 tuarqu
942 5002 1254 5069 sperabunt.
1290 5022 1309 5052 ι

613 5090 801 5159 XXIV,
833 5092 881 5144 5.
929 5090 1085 5145 Multi
1105 5094 1239 5146 enim
1274 5096 1468 5147 venient
1495 5096 1547 5148 in
1576 5098 1779 5149 nomine
1806 5112 1914 5149 meo
1936 5097 2112 5151 dicen-

545 5192 637 5245 tes,
667 5180 776 5249 Ego
804 5199 917 5234 sum
952 5181 1211 5247 Christus,
1240 5193 1287 5236 et
1323 5186 1510 5239 mnltos
1533 5187 1796 5239 sedacent.

612 5357 786 5426 Scopo
808 5358 1241 5430 interrogationis
1286 5362 1699 5429 przccedentiuiu
1751 5365 2001 5418 Dominus
2026 5367 2107 5418 in-

612 5508 656 5539 ”
697 5509 855 5563 Micli.
880 5526 953 5575 vt,
987 5511 1040 5565 8.
1114 5513 1176 5542 ³³⁸
1214 5514 1367 5567 Deut.
1404 5529 1573 5579 xuii,
1614 5517 1695 5569 II.

543 5659 839 5787 Ρι’ἷᾶίιιὶο
913 5663 1094 5731 incipit
1158 5668 1507 5735 fragmentum
1588 5671 1724 5737 apud
1795 5672 2103 5725 Cranicrum

2230 3283 2323 3335 καὶ
2348 3281 2549 3351 ἄνδρας
2584 3282 2796 3349 ἁγίους,
2830 3283 3012 3351 κριταὶ
3031 3282 3288 3349 γεγόνασι
3310 3280 3418 3332 τῶν
3446 3281 3796 3332 ἀποκτεινάν-

2226 3393 2335 3428 των
2385 3375 2601 3439 αὑτούς.
2649 3377 2728 3428 Δι’
2762 3370 2837 3429 ὧν
2870 3375 2977 3446 γὰρ
3014 3376 3180 3445 τιμᾷν
3216 3374 3488 3443 ἐγνώκασι
3530 3374 3658 3435 τοὺς
3703 3374 3795 3425 ἀν·-

2228 3485 2333 3538 ῃρη
2346 3467 2556 3537 μένους,
2596 3466 2683 3519 διὰ
2709 3465 2913 3518 τούτων
2943 3465 3124 3518 αὐτῶν
3152 3465 3550 3536 κατηγοροῦσιν
3576 3464 3649 3525 ὡς
3678 3464 3793 3531 ἠσε-

2229 3558 2499 3625 ϐηκότων.
2545 3556 2685 3608 Ἀλλ’
2707 3558 2754 3609 οἱ
2783 3557 2893 3609 τῶν
2918 3556 3065 3609 ἰδίων
3092 3557 3348 3627 πατέρων
3389 3556 3480 3607 ἐπὶ
3505 3558 3625 3617 ταῖς
3655 3555 3793 3606 οὕτω

2225 3648 2423 3709 δειναῖς
2497 3646 2831 3718 μιαιφονίαις
2901 3646 3447 3716 καταψηφισάμενοι,
3497 3648 3610 3705 τοῖς
3664 3644 3789 3704 ἴσοις

2226 3740 2450 3809 ἔμελλον
2473 3738 2675 3793 ἁλῶναι
2711 3740 2918 3802 κακοῖς,
2958 3738 3158 3807 μᾶλλον
3189 3737 3246 3789 δὲ
3277 3740 3391 3799 τοῖς
3423 3736 3502 3789 ἔτι
3534 3735 3782 3806 χείροσιν.

2239 3834 2587 3888 Ἀπέκτειναν
2617 3833 2716 3903 μὲν
2749 3834 2856 3902 γὰρ
2888 3833 2979 3885 τὸν
3019 3833 3116 3901 τῆς
3161 3832 3305 3901 ζωῆς
3336 3832 3599 3902 ἀρχηγόν.
3627 3832 3785 3901 Προσ-

2225 3924 2501 3977 τεθείκασι
2551 3924 2608 3976 δὲ
2651 3926 2765 3986 ταῖς
2800 3924 2919 3976 κατ’
2952 3920 3115 3975 αὐτοῦ
3168 3922 3527 3984 δυσσεϐείαις,
3574 3938 3781 3989 μιαιφο-

2223 4016 2343 4078 νίας
2379 4016 2571 4085 ὲτέρας
2619 4014 2760 4068 κατὰ
2800 4015 2908 4067 τῶν
2953 4013 3256 4067 θεσπεσίων
3300 4014 3465 4066 αὐτοῦ
3499 4013 3776 4082 μαθητῶν·

2223 4108 2328 4169 ἕως
2363 4107 2461 4175 μὲν
2492 4106 2600 4176 γάρ
2628 4123 2710 4168 τις
2749 4104 2849 4164 τὰς
2877 4104 3076 4174 ἑτέρων
3100 4103 3309 4166 ἀδικίας
3333 4103 3559 4174 ἐξετάζῃ
3582 4101 3779 4170 φυσικῷ

2222 4194 2464 4265 λογισμῷ
2494 4194 2716 4265 κρίνων,
2759 4195 2862 4263 ὁρᾷ
2892 4193 2950 4244 τὸ
2986 4192 3187 4261 φαῦλον
3218 4193 3312 4245 καὶ
3346 4191 3656 4261 μέμφεται·
3698 4191 3779 4241 αὐ·

2220 4284 2311 4345 τὸς
2340 4284 2396 4335 δὲ
2429 4284 2509 4345 είς
2545 4281 2612 4335 τὰ
2648 4281 2736 4335 ἴσα
2788 4281 2935 4351 πάθη
2966 4282 3362 4351 προαγόμενος,
3399 4282 3562 4334 οἱονεὶ
3594 4279 3775 4349 τυφλὸς

2222 4374 2312 4425 ἐπὶ
2336 4374 2507 4427 ταῦτα
2542 4372 2783 4443 φέρεται.

2297 4467 2399 4517 Ὃν
2442 4463 2665 4532 τρόπον
2702 4464 3053 4533 ἐπισυνάγει
3083 4464 3244 4531 ὅρνις
3278 4464 3350 4517 τὰ
3389 4465 3611 4517 νοσσία
3647 4464 3769 4515 ἑαυ-

2221 4552 2329 4621 τῆς
2352 4554 2470 4607 ὐπὸ
2497 4551 2605 4614 τὰς
2633 4552 2948 4620 πτέρυγας.

2292 4643 2478 4695 Εἰπὼν
2513 4644 2588 4711 (2)
2624 4643 2780 4695 τοῦτο
2812 4643 3084 4695 δείκνυσιν
3120 4643 3313 4695 ἑαυτοῦ
3358 4646 3420 4696 τὸ
3466 4644 3761 4713 θεοπρεπὲς,

2226 4734 2315 4786 καὶ
2347 4734 2402 4785 ὲν
2430 4732 2741 4803 ἀνθρωπίνῃ
2777 4736 2953 4802 μορφῇ
2983 4733 3078 4787 ὥν.
3115 4733 3221 4786 Καὶ
3249 4734 3354 4805 γὰρ
3381 4736 3507 4806 περὶ
3535 4734 3624 4787 τοῦ
3649 4731 3762 4785 Θεοῦ

2214 4822 2367 4877 εἶπεν
2407 4825 2645 4893 Μωῦσῆς
2668 4840 2680 4854 ο
2713 4844 2729 4875 ι
2760 4825 2899 4887 Διεὶς
2941 4825 3039 4887 τὰς
3072 4826 3348 4896 πτέρυγας
3382 4827 3547 4879 αὑτοῦ
3573 4825 3761 4888 ἐδέξατο

2215 4916 2409 4978 αὐτούς
2432 4934 2444 4945 ·
2479 4935 2496 4965 i
2536 4915 2628 4968 καὶ
2660 4915 2820 4967 πάλιν
2867 4915 3029 4968 Δαὸίδ
3049 4930 3062 4943 ⁸
3098 4934 3115 4967 ι
3146 4918 3207 4968 Oi
3231 4917 3285 4969 δὲ
3314 4918 3420 4969 υἱοὶ
3447 4918 3555 4970 τῶν
3576 4914 3759 4985 ἀνθρώο

2215 5022 2332 5058 πων
2364 5008 2420 5058 ὲν
2447 5006 2622 5076 σκέπη
2652 5006 2759 5059 τῶν
2772 5004 3057 5075 πτερύγων
3083 5024 3175 5059 σου
3210 5008 3506 5060 ἐλπιοῦσιν.
3560 5030 3577 5060 ι

2284 5097 2512 5151 Πολλοὶ
2553 5099 2662 5166 γὰρ
2698 5097 3056 5150 ἐλεύσονται
3104 5098 3201 5150 ἐπὶ
3248 5098 3325 5162 τῷ
3358 5101 3601 5169 ὀνόματί
3632 5115 3753 5167 μου,

2220 5189 2527 5255 λέγοντες·
2589 5187 2727 5255 Ἐγώ
2776 5189 2893 5255 εἰμι
2944 5191 2977 5241 ό
3028 5191 3302 5256 Χριστὸς,
3358 5192 3454 5243 καὶ
3512 5187 3755 5249 πολλοὺς

2217 5278 2665 5345 πλανήσουσιν.
3773 5286 3790 5348 ξ

2289 5367 2522 5421 "Enecat
2550 5369 2624 5437 τῷ
2652 5367 2839 5437 σκοπῴ
2884 5370 2989 5421 τῶν
3028 5372 3407 5437 προσαγόντων
3452 5372 3546 5441 τὴν
3585 5368 3750 5421 πεῦσιν

1775 5514 1861 5547 ³⁹·⁶
1899 5512 2041 5571 Psal.
2086 5530 2245 5582 xxxv,
2280 5518 2329 5570 8.

2284 5674 2358 5741 (2)
2390 5673 2587 5726 Εἰπὼν
2618 5706 2685 5713 --
2724 5676 3058 5730 ἐλπιοῦσιν.
3090 5676 3331 5730 Cramer.
3364 5691 3412 5744 p.
3465 5675 3572 5729 ΙΜ-
