4058 6280
292 420 385 475 ιιι

1449 420 1800 478 COMMENT.
1838 424 1904 479 IN
1951 428 2040 484 MA
2053 428 2308 491 TTHASU
2321 433 2388 491 Μ.

3417 449 3522 502 «ΗΞ

291 538 318 589 ὁ
345 532 569 605 Κύριος,
608 535 703 588 καὶ
738 536 864 607 περὶ
905 537 1209 600 συντελείας
1239 538 1374 602 τέως
1412 542 1545 608 φησὶ
1582 540 1674 593 τοῦ
1708 557 1849 611 παρ-

1952 546 2113 612 sistit,
2160 564 2225 604 ac
2265 552 2330 605 de
2362 556 2823 611 consummatione
2864 558 3034 615 adhuc
3085 560 3195 630 agit
3241 563 3518 627 pnesentis

289 624 438 688 ὄντος
458 624 673 688 αἰῶνος.
703 628 837 697 Πρὶν
860 626 967 697 γὰρ
995 627 1092 697 τὴν
1116 627 1174 692 ἐξ
1210 629 1454 699 οὐρανῶν
1471 632 1721 699 γενέσθαι
1751 634 1847 685 αὑ-

288 715 382 767 τοῦ
425 715 671 779 κάθοδον,
708 717 1008 786 πρόδρομοί
1040 734 1185 779 τινες
1211 718 1634 786 ἀναφανοῦνται,
1665 723 1850 791 ψευδό-

291 822 501 875 χριστοι
558 806 653 857 καὶ
696 805 1172 875 ψευδοπροφῆται,
1228 807 1289 858 τὸ
1328 808 1493 860 αὑτοῦ
1554 810 1847 879 πρόσωπον

290 896 500 956 ἑαυτοῖς
572 895 1050 963 περιπλάττοντες.
1095 894 1257 949 Ἀλλά
1302 896 1377 968 μὴ
1422 899 1845 970 ἀκολουθήσητε,

290 986 473 1055 φησὶν,
499 987 703 1049 αὐτοῖς.

358 1077 777 1146 Προσεύχεσθε
800 1077 891 1143 δὲ,
920 1078 1120 1148 ἵναμὴ
1148 1076 1390 1148 γένηται
1420 1080 1457 1147 ή
1492 1081 1654 1150 φυγὴ
1683 1081 1851 1151 ὑμῶν

290 1165 591 1235 χειμῶνος,
609 1168 766 1236 μηδὲ
794 1169 864 1221 ἐν
887 1168 1181 1234 Σαϐϐάτῳ.

358 1257 529 1311 Τοῦτο
558 1260 850 1311 αἰνίττεται
879 1260 906 1311 ὁ
927 1258 1181 1327 Χριστός·
1204 1256 1460 1328 εὔχεσθαι
1485 1261 1635 1329 ἡμᾶς
1663 1261 1736 1331 μὴ
1765 1279 1848 1329 γε·

292 1345 475 1399 νέσθαι
507 1348 565 1399 ἐν
596 1347 829 1418 ὲκδημίᾳ
845 1347 937 1399 τοῦ
960 1346 1232 1417 σώματος,
1265 1349 1401 1417 μήτε
1418 1350 1474 1402 ὲν
1499 1350 1665 1419 ἀργίᾳ
1688 1351 1848 1414 ὄντας

288 1435 396 1488 τῶν
434 1437 531 1505 τῆς
574 1436 776 1505 ἀρετῆς
828 1435 1038 1506 ἔργων,
1068 1435 1097 1488 δ
1143 1437 1507 1506 ὑποσημαίνει
1546 1439 1606 1490 τὸ
1643 1440 1849 1493 Σάϐϐα·

292 1540 381 1576 τον
401 1540 414 1553 ’
452 1526 588 1594 μήτε
629 1513 1044 1592 ἐνοχλουμένους
1072 1526 1127 1576 ὲν
1155 1526 1274 1587 ταῖς
1308 1525 1588 1595 βιωτικαῖς
1619 1527 1847 1597 τύρὸαις

290 1632 350 1666 τε
384 1615 478 1667 καὶ
508 1617 807 1685 ταραχαίςο
838 1614 972 1685 ὅπερ
996 1614 1146 1684 δηλοί
1177 1614 1205 1665 ὁ
1231 1614 1460 1686 χειμών.

1955 642 2155 695 saeculi.
2210 644 2524 713 Priusquam
2567 649 2709 702 enim
2742 650 3033 704 descensus
3066 652 3206 705 illius
3243 654 3353 718 iiut,
3383 668 3520 720 prre-
3560 676 3567 683 -

1955 745 2202 786 cursores
2257 735 2469 802 quidam
2534 739 2920 793 annuntiantur
2987 743 3399 810 pseudochristi,
3453 759 3516 796 ac

1955 822 2427 893 pseudopmphetaa
2469 844 2483 879 :
2520 828 2662 883 illius
2710 844 2989 898 personam
3031 832 3129 886 sibi
3184 832 3516 903 allingentes,

1955 915 2048 967 sed
2077 928 2142 969 ne
2163 918 2483 985 sequamini,
2522 919 2715 987 inquit,
2754 936 2868 976 eos.

2023 1090 2128 1158 81
2156 1090 2342 1158 XXIV,
2362 1092 2451 1146 30.
2477 1091 2641 1147 Orate
2668 1104 2841 1148 autem
2869 1103 2924 1149 ut
2949 1112 3050 1149 non
3082 1095 3176 1166 ﬁat
3207 1096 3331 1166 fuga
3353 1108 3517 1151 vestra

1955 1178 2009 1233 in
2044 1182 2229 1247 hieme,
2258 1182 2335 1234 vel
2356 1181 2607 1239 Sabbato.

2025 1272 2139 1325 Hoc
2164 1273 2429 1341 signiﬁcat
2465 1274 2712 1329 Christus
2741 1278 2821 1330 his
2850 1278 3029 1332 verbis
3064 1294 3077 1331 :
3114 1279 3375 1334 orandum
3414 1294 3512 1331 no-

1956 1361 2038 1414 bis
2060 1377 2197 1427 esse,
2236 1378 2301 1416 ne
2330 1365 2596 1421 discessus
2630 1377 2813 1421 noster
2839 1384 2868 1421 e
2889 1384 3115 1438 corpore
3158 1372 3427 1439 contingat
3455 1386 3518 1425 eo

1958 1461 2195 1522 tempore
2220 1471 2327 1523 quo
2350 1458 2580 1511 cessatio
2619 1460 2758 1526 apud
2786 1475 2881 1512 nos
2906 1461 3006 1514 erit
3030 1476 3250 1538 operum
3282 1463 3514 1514 virtutis.

1954 1544 2105 1600 Hanc
2141 1546 2281 1599 enim
2328 1549 2680 1603 cessationem
2728 1551 2929 1605 indicat
2977 1552 3289 1606 Sabbatum.
3337 1550 3519 1620 Neque
3576 1575 3578 1577 >

1956 1649 2141 1691 rursus
2191 1647 2314 1691 tunc
2364 1653 2461 1691 nos
2499 1638 2766 1706 Opprimat
2815 1654 2960 1693 mors
3000 1654 3120 1693 cum
3170 1640 3517 1694 saecularibus

1959 1724 2127 1778 turbis
2159 1732 2215 1779 et
2252 1725 2747 1794 perturbationibus
2790 1726 3131 1796 jactabimur,
3167 1742 3299 1796 quas
3344 1728 3518 1781 hiems

1957 1815 2216 1885 designat.

364 1892 519 1953 Ἴσως
574 1890 667 1944 καὶ
715 1890 947 1959 αἴνιγμα
993 1889 1105 1959 ἔχει
1149 1892 1177 1943 ὁ
1208 1890 1384 1957 λόγος,
1416 1889 1554 1942 ὥστε
1597 1890 1849 1961 εὑχεσθαι

2019 1906 2128 1975 82
2166 1906 2416 1962 Fortasse
2452 1910 2613 1962 etiam
2644 1910 2869 1978 aenigma
2914 1910 3074 1964 habet
3104 1909 3188 1963 hic
3231 1921 3428 1971 sermo,
3461 1916 3518 1960 ut

288 1982 431 2051 ἡμᾶς
474 1979 550 2051 μὴ
596 1980 904 2050 ἐκδημῆσαι
948 1980 1056 2033 ἀπὸ
1106 1979 1198 2033 τοῦ
1248 1977 1517 2048 σώματος,
1559 1982 1619 2032 ἐν
1680 1982 1848 2053 ἀργίᾳ.

288 2071 446 2134 ὄντας
475 2070 639 2141 ἔργου
682 2071 910 2138 ἀγαθοῦ,
955 2071 982 2124 ὃ
1023 2072 1382 2141 ὑποσημαίνει
1434 2073 1497 2125 τὸ
1537 2073 1842 2129 Σάὁϐατον·

291 2164 428 2233 μήτε
461 2164 520 2216 ἐν
563 2162 830 2233 ἀκαρπίᾳ,
866 2162 895 2214 ὃ
925 2163 1075 2232 δηλοῖ
1106 2163 1333 2233 χειμών.
1371 2164 1713 2234 Σημειωτέον
1739 2164 1848 2234 γὰρ

288 2258 369 2308 ὅτι
407 2255 651 2325 χειμῶνα
695 2254 931 2308 κακῶνὸ
970 2255 1103 2318 Θεὸς
1144 2255 1244 2308 οὑκ
1282 2255 1556 2325 ἐποίησεν.
1605 2257 1693 2308 Ἐν
1740 2272 1849 2325 χει-

291 2347 429 2416 μῶνι
449 2347 506 2399 δέ
532 2348 721 2416 ἐσμεν,
751 2347 878 2399 ὅταν
907 2345 975 2399 τά
1006 2346 1155 2417 πάθη
1184 2346 1281 2416 τῆς
1320 2347 1520 2418 σαρκὸς
1553 2347 1851 2419 δυναστεύῃ

290 2441 345 2490 ὲν
372 2439 522 2507 ἡμῖν.

358 2528 593 2595 Εὐθέως
614 2528 682 2582 δὲ
713 2530 860 2599 μετὰ
892 2528 1007 2598 τὴν
1039 2530 1251 2600 θλῖψιν
1282 2534 1401 2587 τῶν
1434 2533 1669 2603 ἡμερῶν
1696 2534 1849 2587 ἐκεί-

287 2636 406 2673 νων
453 2622 485 2672 ό
522 2619 694 2686 ἥλιος
729 2620 1213 2688 σκοτισθήσεται,
1271 2623 1368 2677 καὶ
1419 2624 1458 2691 ή
1498 2624 1729 2692 σελήνη
1778 2626 1848 2677 οὐ

287 2711 464 2763 δώσει
492 2709 559 2763 τὸ
588 2708 804 2779 φέγγος
833 2710 1043 2779 αὐτῆς,
1088 2712 1185 2765 καὶ
1214 2716 1266 2767 οί
1305 2714 1553 2782 ἀστέρες
1589 2714 1849 2768 πεσοῦν-

288 2818 377 2855 ται
400 2802 519 2855 ὰπό
549 2801 655 2855 τοῦ
694 2802 976 2870 οὐρανοῦ,
1005 2803 1102 2856 καὶ
1132 2807 1189 2858 al
1220 2804 1502 2874 δυνάμεις
1534 2805 1652 2859 τῶν
1677 2808 1849 2874 οὐρα-

287 2893 405 2946 νῶν
427 2891 933 2957 σαλευθήσονται.

355 2984 481 3046 Πῶς
513 2984 577 3036 οὑ
617 2982 896 3053 φρίξουσιν
924 2982 1475 3055 ἀναστοιχειουμένων
1497 2985 1724 3056 οὑρανοῦ
1754 2988 1849 3040 καὶ

293 3075 386 3144 γῆς
410 3074 549 3143 πρὸς
571 3073 633 3125 τὸ
656 3072 847 3127 δοκοῦν
879 3074 954 3143 τῷ
987 3074 1140 3145 Θεῷ;
1182 3077 1429 3147 Ἀκριϐὲς
1457 3078 1563 3146 γάρ
1584 3094 1637 3129 τι
1668 3077 1848 3145 λέγειν

289 3165 341 3213 ὲν
368 3164 476 3224 τοῖς
505 3161 769 3225 τοιούτοις
797 3162 896 3214 οὑκ
929 3162 1030 3215 ἔνι.
1071 3164 1129 3216 '0
1158 3165 1256 3233 μὲν
1277 3166 1428 3234 ἥλιος
1458 3168 1549 3218 καὶ
1579 3168 1611 3235 ἡ
1650 3168 1846 3238 σελήνη

289 3251 780 3323 ἀμαυρωθήσονται
805 3269 819 3282 ·
872 3251 939 3304 τὰ
970 3251 1026 3303 δὲ
1066 3250 1241 3323 ἄστρα
1281 3253 1358 3316 ὡς
1407 3254 1541 3324 ἄνθη
1580 3258 1845 3323 πεσεῖται,

288 3343 379 3396 τοῦ
408 3346 925 3414 Δημιουργήσαντος
946 3343 1085 3396 αὑτὰ
1107 3344 1267 3395 πάλιν
1303 3345 1850 3414 μεταστοιχειοῦντος,

290 3435 466 3497 καθὼς
496 3435 674 3487 θέλει·
708 3435 1175 3505 θορυϐηθήσονται
1208 3435 1301 3488 καὶ
1332 3434 1469 3487 αὑτά
1501 3435 1569 3488 τὰ
1593 3439 1848 3505 στοιχεῖα.

298 3523 812 3595 Ἀνακαινιζομὲνης
838 3526 944 3595 γὰρ
984 3528 1081 3596 τῆς
1119 3526 1553 3596 ἀνθρωπότητος,
1576 3526 1851 3595 ἀνακεφα-

283 3618 535 3671 λαιοῦται
564 3617 660 3669 καὶ
688 3616 1137 3679 συνανακτίζεται
1167 3618 1261 3672 καὶ
1289 3619 1321 3687 ἡ
1349 3616 1435 3669 διὰ
1453 3616 1543 3668 τὺν
1564 3615 1851 3686 ἄνθρωπον

281 3711 347 3781 δη
358 3710 755 3780 μιουργηθεῖσα
788 3708 983 3771 κτίσις.

356 3801 499 3868 Περὶ
555 3798 623 3851 δὲ
672 3797 780 3867 τῆς
826 3799 1050 3869 ἡμέρας
1095 3801 1330 3868 ἐκείνης
1370 3800 1407 3869 ἢ
1447 3799 1600 3869 ὥρας
1652 3799 1853 3865 οὐδεὶς

282 3891 469 3945 οἶδεν.

364 3978 589 4047 Ἐπειδὴ
632 3978 701 4031 τὰ
754 3978 893 4048 ὑπὲρ
948 3979 1174 4041 ἑαυτοὺς
1230 3980 1419 4049 ἤθελον
1462 3980 1749 4049 μανθάνειν
1802 3982 1850 4032 οί

281 4071 548 4141 μαθηταὶ,
573 4070 827 4139 ἀφορμὴν
861 4069 1103 4139 εὑρίσκει
1126 4069 1220 4121 τοῦ
1260 4069 1486 4122 κωλύειν
1512 4070 1708 4130 αὑτοὺς
1740 4070 1851 4121 τῶν

276 4162 542 4214 τοιούτων
562 4202 576 4227 ,
603 4160 665 4212 τὸ
696 4161 772 4230 μὴ
794 4160 1012 4223 εἰδέναι,
1040 4161 1174 4212 καθὸ
1200 4161 1502 4234 ἅνθρωπος.
1528 4162 1636 4213 Καί
1664 4179 1848 4230 φησιν,

283 4251 425 4321 μηδὲ
458 4251 584 4311 τοὺς
617 4252 736 4301 κατ’
790 4250 1017 4319 οὐρανὸν
1050 4250 1237 4317 ἁγίους
1285 4250 1551 4319 ἀγγέλους
1594 4251 1851 4304 δύνασθαι

276 4341 458 4394 ταῦτα
486 4340 706 4393 εἰδέναι.

277 4457 588 4523 Κυρίλλου
625 4454 695 4508 ἐν
723 4455 945 4523 Ὁμιλίᾳ
978 4455 1442 4523 ἐπιγεγραμμένη
1467 4460 1552 4520 εἰς
1583 4457 1667 4518 τὸ,
1703 4475 1720 4505 ι
1745 4457 1853 4508 Eb-

349 4526 499 4588 θέως
529 4524 597 4577 δὲ
630 4525 781 4593 μετὰ
810 4524 924 4589 τὴν
951 4524 1159 4591 θλῖψιν
1187 4526 1305 4577 τῶν
1337 4526 1572 4592 ἡμερῶν
1607 4526 1853 4577 ἐκείνων

348 4599 383 4648 o'
426 4594 594 4659 ἣλιος
623 4593 1121 4659 σκοτισθήσεται,
1164 4595 1261 4647 καί
1306 4597 1537 4659 σελήνη
1579 4596 1647 4646 οὐ
1673 4594 1851 4646 δώσει

346 4664 417 4717 τὸ
443 4663 660 4731 φέγγος
691 4663 893 4729 αὐτῆς,
931 4662 1028 4716 καὶ
1055 4667 1109 4715 οὶ
1151 4663 1400 4729 ἀστέρες
1428 4663 1752 4716 πεσοῦνται
1782 4664 1850 4715 ἐκ

346 4734 457 4786 τοῦ
486 4732 763 4799 οὐρανοῦ.
788 4733 925 4801 Περὶ
946 4733 1011 4784 δὲ
1038 4731 1146 4801 τῆς
1174 4732 1395 4801 ἡμέρας
1424 4733 1663 4799 ἐκείνης
1684 4732 1721 4801 ἣ
1746 4731 1853 4799 τῆς

346 4803 509 4870 ὥρας
534 4798 730 4867 οὐδεὶς
749 4798 912 4855 οἶδέν
942 4803 1037 4872 (1).
1055 4822 1072 4853 ι

362 4906 515 4959 Ἀλλ’
540 4907 666 4959 ὅταν
695 4906 786 4957 καὶ
815 4904 969 4957 τοῦτο
1008 4904 1164 4976 λέγῃ.
1197 4905 1256 4955 οὐ
1291 4903 1507 4966 πάντως
1532 4903 1724 4957 ἑαυτὸν
1757 4921 1852 4971 ση-

277 4997 485 5068 μαίνει.
521 4994 657 5047 Οΰτε
684 4995 790 5063 γὰρ
820 4994 1162 5063 προσέθηκεν
1193 4994 1456 5065 ἀκριϐῶς,
1490 4995 1623 5046 Οὐδὲ
1649 4997 1676 5047 ὀ
1725 4996 1849 5059 Υἱὸς

283 5090 385 5143 τοῦ
445 5086 579 5141 Θεοῦ
606 5126 619 5151 ,
660 5085 773 5138 ἀλλ’
832 5084 1248 5154 ἀπολελυμὲνως
1273 5126 1286 5148 ,
1343 5106 1359 5137 ι
1401 5086 1535 5139 Οὐδὲ
1580 5089 1607 5139 ὁ
1658 5086 1803 5151 Υίδς,
1828 5104 1846 5138 ι

275 5183 452 5254 φησίν
470 5199 483 5211 ι
510 5182 598 5234 ἵνα
625 5180 864 5233 τοιοῦτόν
887 5196 938 5232 τι
962 5181 1086 5247 νοῇς
1103 5194 1115 5207 ·
1149 5178 1510 5244 Ἐσπούδαζον
1535 5180 1673 5233 κατὰ
1706 5179 1855 5250 ἀκρί-

272 5276 434 5331 ϐειαν
471 5274 647 5327 πάντα
683 5270 973 5342 μανθάνειν
1005 5272 1051 5320 οἱ
1090 5269 1348 5339 μαθηταὶ,
1382 5273 1474 5323 καὶ
1514 5271 1851 5341 ἐπεχείρουν,

276 5366 367 5417 ἵνα
410 5364 583 5426 οὑτως
604 5364 762 5423 εἴπω,
809 5361 900 5413 καὶ
943 5359 1083 5411 αὑτά
1115 5360 1568 5431 περιεργάζεσθαι
1608 5362 1677 5412 τὰ
1716 5361 1864 5430 βάθη·

273 5454 370 5509 τοῦ
412 5454 639 5523 Κυρίου.
680 5452 837 5505 Ἀλλά
873 5447 938 5520 ἧν
968 5449 1030 5500 τὸ
1062 5451 1289 5519 πρᾶγμα
1314 5450 1433 5502 λίαν
1462 5451 1598 5518 ὑπὲρ
1632 5451 1850 5514 αὑτούς.

277 5547 371 5598 ἵνα
428 5544 608 5595 τοίνυν
635 5543 708 5612 μὴ
742 5540 1126 5610 ἀπαγορεύσας
1168 5539 1265 5610 τὴν
1292 5540 1547 5610 ἐξήγησιν
1574 5541 1647 5603 ὡς
1688 5541 1850 5610 ὴϐού-

1950 2011 2164 2052 oremus
2185 2013 2214 2051 e
2241 2013 2468 2068 corpore
2490 2015 2594 2054 non
2617 2001 2878 2055 excedere
2910 2013 2939 2052 a
2960 1999 3099 2053 bono
3127 2012 3287 2065 opere
3309 1996 3512 2060 feriati,

1950 2088 2088 2158 quod
2131 2087 2422 2143 Sabbatum
2470 2090 2706 2155 indicat,
2733 2103 2905 2158 neque
2943 2090 2996 2143 in
3041 2088 3340 2151 sterilitate,
3375 2089 3515 2154 quod

1951 2180 2141 2236 hiems.
2170 2180 2469 2236 Notandum
2497 2191 2580 2236 est
2617 2179 2760 2236 enim
2794 2182 3024 2235 hiemem
3051 2179 3312 2233 malorum
3348 2179 3512 2231 Deum

1950 2287 2054 2325 non
2092 2271 2299 2327 fecisse.
2335 2271 2391 2327 In
2427 2273 2600 2328 hieme
2633 2284 3038 2339 autemsutnus,
3077 2285 3200 2326 cum
3238 2271 3514 2341 passiones

1950 2364 2127 2419 carnis
2158 2365 2504 2419 dominantur
2532 2365 2583 2419 in
2611 2364 2786 2420 nobis.

2018 2539 2206 2608 XXIV,
2225 2541 2312 2596 29.
2342 2538 2535 2594 Statim
2562 2551 2732 2593 autem
2752 2548 2867 2609 post
2893 2539 3280 2592 tribulationem
3305 2537 3509 2591 dierum

1948 2632 2180 2694 illorum,
2213 2632 2293 2685 sol
2329 2632 2715 2699 obscurabitur,
2749 2644 2794 2687 et
2826 2631 2952 2685 luna
3000 2648 3105 2684 non
3145 2631 3289 2683 dabit
3336 2629 3511 2684 lumen

1947 2741 2120 2786 suum,
2141 2732 2188 2777 et
2220 2724 2382 2778 stella:
2432 2725 2613 2778 cadent
2659 2724 2723 2777 de
2754 2723 2902 2789 cwlo,
2938 2731 2985 2776 et
3016 2722 3227 2776 virtutes
3262 2720 3507 2774 caelorum

1947 2818 2417 2871 commovebuntur.

2019 2994 2300 3061 Quomodo
2335 3010 2439 3051 non
2470 2997 2855 3051 exhorrescent
2884 2997 3155 3050 renovatis
3190 2997 3255 3050 ad
3287 2995 3378 3049 Dei
3415 2996 3511 3049 be-

1950 3085 2269 3155 neplacitum
2294 3086 2416 3142 coeli
2445 3096 2709 3156 terraeque
2733 3088 3049 3143 elementis?
3074 3086 3332 3141 Exactum
3363 3086 3505 3139 enim

1953 3178 2151 3246 aliquid
2191 3179 2257 3233 de
2287 3179 2435 3233 hisce
2467 3179 2647 3233 dicere
2677 3194 2781 3233 non
2816 3194 3122 3248 possumus.
3176 3178 3265 3233 Sol
3296 3177 3509 3245 quidem

1952 3274 2006 3321 et
2028 3267 2151 3321 luna
2166 3267 2633 3333 obscurabuntur;
2672 3267 2837 3322 stellae
2871 3276 3047 3322 autem
3077 3276 3326 3335 tanquam
3354 3266 3513 3323 ﬂores

1952 3359 2219 3425 decident,
2250 3359 2505 3414 Creatore
2546 3374 2639 3415 eas
2671 3369 2828 3430 prout
2867 3360 3114 3426 voluerit,
3149 3360 3506 3413 immutante:

1955 3449 2313 3503 turbabuntur
2356 3451 2517 3504 etiam
2567 3450 2678 3507 [nec
2723 3451 2833 3519 ipsa
2885 3448 3171 3504 elementa.
3227 3450 3513 3503 llominum

1955 3541 2094 3596 enim
2119 3557 2315 3612 genere
2339 3542 2938 3631 innovatonsummatim
2977 3550 3310 3606 recensetur,
3329 3539 3514 3593 simul-

1956 3648 2059 3701 que
2114 3643 2448 3689 restauratur
2494 3635 2656 3689 etiam
2708 3641 2923 3703 propter
2972 3632 3245 3688 hominem
3298 3631 3514 3686 condita

1952 3736 2220 3779 creatura.

2026 3814 2210 3882 XXIV,
2247 3816 2333 3871 56.
2377 3816 2452 3872 De
2482 3817 2565 3872 die
2594 3827 2766 3871 autem
2796 3816 2890 3873 illa
2916 3826 2961 3873 et
2996 3816 3123 3873 liora
3154 3832 3299 3871 nemo
3322 3816 3440 3870 scit.

2025 3980 2287 4046 Quoniam
2321 3995 2441 4051 qua:
2471 3994 2633 4051 supra
2676 3982 2820 4051 ipsos
2849 3989 3008 4036 erant
3051 3980 3239 4035 audire
3268 3976 3518 4047 discipuli

1953 4069 2238 4135 volebant,
2297 4072 2543 4127 idoneam
2606 4074 2866 4128 rationem
2942 4072 3145 4126 invenit
3210 4070 3520 4126 coercenda:

1953 4161 2191 4227 ipsorum
2240 4162 2592 4227 curiositatis,
2652 4164 2837 4215 dicens
2885 4176 2943 4215 se
2994 4162 3225 4223 nescire,
3255 4170 3520 4228 quatenus

1953 4253 2113 4304 homo
2158 4261 2276 4305 erat
2327 4252 2594 4305 videlicet.
2629 4253 2768 4317 Quin
2813 4251 2959 4303 addit
3000 4266 3067 4305 ne
3118 4252 3263 4318 ipsos
3302 4252 3518 4318 quidem

1953 4342 2042 4410 qui
2080 4344 2133 4395 in
2167 4341 2323 4395 cmlis
2356 4342 2554 4408 degunt
2580 4349 2793 4394 sanctos
2822 4340 3040 4408 angelos
3075 4353 3237 4408 posse
3266 4338 3316 4391 id
3352 4338 3514 4392 scire.

1954 4454 2140 4525 Cyrilli
2164 4471 2226 4507 ea:
2256 4454 2486 4509 llomilia
2520 4455 2574 4506 in
2601 4455 2708 4507 haec
2728 4453 2916 4525 verba:
2943 4471 2959 4503 ι
2990 4452 3179 4525 Statim
3214 4460 3386 4525 autem
3408 4458 3520 4518 post

2030 4524 2417 4579 tribulationem
2464 4525 2666 4577 dierum
2698 4524 2912 4577 illorum
2949 4522 3028 4577 sol
3057 4522 3435 4582 obscurabitur,
3471 4528 3520 4571 et

1890 4565 1932 4619 D
2030 4594 2158 4648 luna
2200 4612 2300 4648 non
2343 4596 2485 4648 dabit
2532 4593 2707 4647 lumen
2753 4610 2929 4657 suum,
2955 4601 3003 4646 et
3038 4590 3205 4645 stellle
3242 4590 3429 4644 cadent
3458 4589 3521 4641 de

2026 4664 2168 4719 c0210.
2194 4665 2269 4718 De
2288 4667 2370 4720 die
2398 4673 2571 4719 autem
2606 4664 2701 4719 illa
2724 4672 2772 4717 et
2804 4666 2934 4717 liora
2964 4678 3114 4717 nemo
3145 4663 3262 4715 scit.
3302 4680 3320 4712 ›

2027 4908 2411 4963 Verumtamen
2449 4909 2556 4978 83
2590 4925 2713 4964 cum
2733 4910 2837 4965 hoc
2854 4910 3006 4974 dicit,
3026 4907 3173 4962 haud
3195 4906 3418 4961 omnino
3436 4918 3521 4957 se-

1960 4997 2135 5067 ipsum
2153 4999 2394 5054 denotat.
2430 5000 2549 5054 Non
2566 5000 2712 5053 enim
2730 5000 2931 5055 diserte
2950 4999 3182 5061 addidit,
3214 5012 3389 5065 neque
3434 4995 3521 5049 Fi-

1958 5088 2063 5142 lius
2079 5088 2195 5153 Dei,
2220 5089 2314 5143 sed
2333 5092 2630 5159 generatim
2652 5110 2667 5141 ι
2700 5106 2875 5160 neque
2895 5091 3057 5155 illius,
3080 5108 3097 5139 ›
3128 5088 3284 5142 dixit.
3313 5087 3521 5155 Nempe

1960 5186 2019 5231 ut
2040 5178 2349 5247 hujusmodi
2373 5180 2577 5248 aliquid
2610 5181 2878 5251 intelligas
2903 5199 2913 5233 :
2939 5180 3231 5249 cupiebant
3260 5176 3521 5231 nimirum

1952 5269 2205 5338 discipuli
2228 5280 2423 5324 cuncta
2447 5280 2701 5325 accurate
2737 5272 2969 5335 rescire;
3000 5273 3335 5333 nitebantur,
3364 5278 3422 5322 ut
3444 5268 3519 5322 ita

1952 5360 2161 5422 dicam,
2208 5360 2477 5428 profunda
2520 5376 2735 5429 quoque
2773 5362 2985 5415 Domini
3018 5378 3217 5417 arcana
3262 5360 3515 5416 scrutari.

1953 5452 2152 5505 Verum
2195 5468 2257 5505 ea
2286 5468 2389 5519 .res
2429 5453 2670 5520 ipsorum
2696 5454 2976 5507 modulum
3006 5455 3163 5508 valde
3197 5454 3515 5509 excedebat.

1952 5543 2027 5596 Ne
2066 5543 2228 5611 igitur
2260 5542 2339 5597 rei
2372 5543 2808 5612 explanationem
2843 5546 3195 5615 dcnegaudo,
3231 5562 3392 5615 quam
3437 5545 3517 5599 illi

353 5720 429 5787 (ι)
460 5719 646 5771 Exstat
681 5716 823 5787 inter
867 5715 1164 5787 fragmenta
1196 5714 1383 5785 Cyriili
1422 5715 1475 5768 in
1520 5715 1829 5769 Matthtcutn
1873 5734 1988 5786 qua)
2029 5735 2092 5771 ex
2130 5718 2411 5772 Anastasio
2456 5719 2709 5772 Vaticano
2753 5721 2920 5776 edidit
2968 5721 3066 5775 Mai
3096 5724 3147 5776 in
3182 5721 3519 5781 Bibliotheca,

269 5785 385 5858 jam
423 5790 588 5841 citato
616 5797 761 5840 totno
788 5786 849 5849 ll,
887 5801 938 5853 [ι.
972 5785 1090 5839 481.
