  <div class='ocr_page' id='page_1' title='image "/cluster/home/n/w/nwhite01/storage/ocr_20150623/72/mdp.39015019355984/237.png"; bbox 0 0 4058 6280; ppageno 0'>
   <div class='ocr_carea' id='block_1_1' title="bbox 552 362 659 418">
    <p class='ocr_par' dir='ltr' id='par_1_1' title="bbox 552 362 659 418">
     <span class='ocr_line' id='line_1_1' title="bbox 552 362 659 418; baseline 0.009 -1"><span class='ocrx_word' id='word_1_1' title='bbox 552 362 659 418; x_wconf 67' lang='grc' dir='ltr'><strong>ΗΞ</strong></span> 
     </span>
    </p>
   </div>
   <div class='ocr_carea' id='block_1_2' title="bbox 1532 373 2757 434">
    <p class='ocr_par' dir='ltr' id='par_1_2' title="bbox 1532 373 2757 434">
     <span class='ocr_line' id='line_1_2' title="bbox 1532 373 2757 434; baseline 0.004 -5"><span class='ocrx_word' id='word_1_2' title='bbox 1532 373 1588 429; x_wconf 82' lang='grc'><strong>5.</strong></span> <span class='ocrx_word' id='word_1_3' title='bbox 1630 373 1897 431; x_wconf 80' lang='lat' dir='ltr'><strong>CYRILLI</strong></span> <span class='ocrx_word' id='word_1_4' title='bbox 1937 373 2402 429; x_wconf 76' lang='lat' dir='ltr'><strong>ALEXANDRINI</strong></span> <span class='ocrx_word' id='word_1_5' title='bbox 2442 376 2757 434; x_wconf 78' lang='lat' dir='ltr'><strong>ARCHIEP.</strong></span> 
     </span>
    </p>
   </div>
   <div class='ocr_carea' id='block_1_3' title="bbox 3677 380 3770 435">
    <p class='ocr_par' dir='ltr' id='par_1_3' title="bbox 3677 380 3770 435">
     <span class='ocr_line' id='line_1_3' title="bbox 3677 380 3770 435; baseline 0.011 -1"><span class='ocrx_word' id='word_1_6' title='bbox 3677 380 3770 435; x_wconf 66' lang='lat' dir='ltr'><strong>Mi</strong></span> 
     </span>
    </p>
   </div>
   <div class='ocr_carea' id='block_1_4' title="bbox 554 486 2129 569">
    <p class='ocr_par' dir='ltr' id='par_1_4' title="bbox 554 486 2127 550">
     <span class='ocr_line' id='line_1_4' title="bbox 554 486 2127 550; baseline 0.011 -19"><span class='ocrx_word' id='word_1_7' title='bbox 554 495 887 550; x_wconf 81' lang='lat' dir='ltr'><strong>cognoscere</strong></span> <span class='ocrx_word' id='word_1_8' title='bbox 918 486 1172 550; x_wconf 88' lang='lat' dir='ltr'><strong>avebant,</strong></span> <span class='ocrx_word' id='word_1_9' title='bbox 1208 487 1406 543; x_wconf 88' lang='lat' dir='ltr'><strong>charos</strong></span> <span class='ocrx_word' id='word_1_10' title='bbox 1443 504 1573 546; x_wconf 90' lang='lat' dir='ltr'><strong>suos</strong></span> <span class='ocrx_word' id='word_1_11' title='bbox 1599 493 1884 549; x_wconf 78' lang='lat' dir='ltr'><strong>videretur</strong></span> <span class='ocrx_word' id='word_1_12' title='bbox 1918 494 2127 548; x_wconf 89' lang='lat' dir='ltr'><strong>contri-</strong></span> 
     </span>
    </p>
   </div>
   <div class='ocr_carea' id='block_1_5' title="bbox 2230 486 3771 569">
    <p class='ocr_par' dir='ltr' id='par_1_5' title="bbox 2230 493 3771 569">
     <span class='ocr_line' id='line_1_5' title="bbox 2230 493 3771 569; baseline 0.001 -23"><span class='ocrx_word' id='word_1_13' title='bbox 2230 493 2382 548; x_wconf 88' lang='grc' dir='ltr'>λοντο</span> <span class='ocrx_word' id='word_1_14' title='bbox 2410 495 2620 565; x_wconf 69' lang='grc' dir='ltr'>μαθεῖν,</span> <span class='ocrx_word' id='word_1_15' title='bbox 2666 497 2793 569; x_wconf 82' lang='grc' dir='ltr'>δόξῃ</span> <span class='ocrx_word' id='word_1_16' title='bbox 2825 514 2943 562; x_wconf 85' lang='grc' dir='ltr'><strong>πως</strong></span> <span class='ocrx_word' id='word_1_17' title='bbox 2976 496 3166 551; x_wconf 78' lang='grc' dir='ltr'>λυπεῖν</span> <span class='ocrx_word' id='word_1_18' title='bbox 3210 496 3334 559; x_wconf 83' lang='grc' dir='ltr'>τοὺς</span> <span class='ocrx_word' id='word_1_19' title='bbox 3372 496 3739 566; x_wconf 78' lang='grc' dir='ltr'>γνησιεύοντσς</span> <span class='ocrx_word' id='word_1_20' title='bbox 3758 539 3771 561; x_wconf 85' lang='grc'><strong>,</strong></span> 
     </span>
    </p>
   </div>
   <div class='ocr_carea' id='block_1_6' title="bbox 554 574 2126 642">
    <p class='ocr_par' dir='ltr' id='par_1_6' title="bbox 554 574 2126 642">
     <span class='ocr_line' id='line_1_6' title="bbox 554 574 2126 642; baseline 0.012 -19"><span class='ocrx_word' id='word_1_21' title='bbox 554 578 721 637; x_wconf 87' lang='lat' dir='ltr'><strong>stare,</strong></span> <span class='ocrx_word' id='word_1_22' title='bbox 749 574 981 631; x_wconf 83' lang='lat' dir='ltr'><strong>obscure</strong></span> <span class='ocrx_word' id='word_1_23' title='bbox 1014 576 1184 633; x_wconf 90' lang='lat' dir='ltr'><strong>dicit:</strong></span> <span class='ocrx_word' id='word_1_24' title='bbox 1220 598 1237 630; x_wconf 79' lang='grc' dir='ltr'><strong>ι</strong></span> <span class='ocrx_word' id='word_1_25' title='bbox 1284 579 1361 634; x_wconf 91' lang='lat' dir='ltr'><strong>De</strong></span> <span class='ocrx_word' id='word_1_26' title='bbox 1388 580 1478 636; x_wconf 90' lang='lat' dir='ltr'><strong>die</strong></span> <span class='ocrx_word' id='word_1_27' title='bbox 1516 592 1701 638; x_wconf 89' lang='lat' dir='ltr'><strong>autem</strong></span> <span class='ocrx_word' id='word_1_28' title='bbox 1745 586 1837 641; x_wconf 85' lang='lat' dir='ltr'><strong>illa</strong></span> <span class='ocrx_word' id='word_1_29' title='bbox 1881 594 1937 641; x_wconf 90' lang='lat' dir='ltr'><strong>et</strong></span> <span class='ocrx_word' id='word_1_30' title='bbox 1991 587 2126 642; x_wconf 90' lang='lat' dir='ltr'><strong>hora</strong></span> 
     </span>
    </p>
   </div>
   <div class='ocr_carea' id='block_1_7' title="bbox 556 667 2128 743">
    <p class='ocr_par' dir='ltr' id='par_1_7' title="bbox 556 667 2128 743">
     <span class='ocr_line' id='line_1_7' title="bbox 556 667 2128 743; baseline 0.013 -29"><span class='ocrx_word' id='word_1_31' title='bbox 556 677 719 718; x_wconf 88' lang='lat' dir='ltr'><strong>nemo</strong></span> <span class='ocrx_word' id='word_1_32' title='bbox 759 667 883 731; x_wconf 90' lang='lat' dir='ltr'><strong>scit,</strong></span> <span class='ocrx_word' id='word_1_33' title='bbox 915 684 1093 738; x_wconf 90' lang='lat' dir='ltr'><strong>neque</strong></span> <span class='ocrx_word' id='word_1_34' title='bbox 1125 670 1332 741; x_wconf 80' lang='lat' dir='ltr'><strong>angeli,</strong></span> <span class='ocrx_word' id='word_1_35' title='bbox 1372 688 1551 743; x_wconf 90' lang='lat' dir='ltr'><strong>neque</strong></span> <span class='ocrx_word' id='word_1_36' title='bbox 1603 674 1796 741; x_wconf 86' lang='lat' dir='ltr'><strong>Filius,</strong></span> <span class='ocrx_word' id='word_1_37' title='bbox 1833 679 1941 733; x_wconf 84' lang='lat' dir='ltr'><strong>nisi</strong></span> <span class='ocrx_word' id='word_1_38' title='bbox 1977 674 2128 733; x_wconf 89' lang='lat' dir='ltr'><strong>solus</strong></span> 
     </span>
    </p>
   </div>
   <div class='ocr_carea' id='block_1_8' title="bbox 556 750 2129 835">
    <p class='ocr_par' dir='ltr' id='par_1_8' title="bbox 556 750 2129 835">
     <span class='ocr_line' id='line_1_8' title="bbox 556 750 2129 835; baseline 0.011 -29"><span class='ocrx_word' id='word_1_39' title='bbox 556 750 737 807; x_wconf 81' lang='lat' dir='ltr'><strong>Pater.</strong></span> <span class='ocrx_word' id='word_1_40' title='bbox 772 775 791 806; x_wconf 77' lang='grc' dir='ltr'><strong>ι</strong></span> <span class='ocrx_word' id='word_1_41' title='bbox 846 756 916 811; x_wconf 93' lang='lat' dir='ltr'><strong>Ut</strong></span> <span class='ocrx_word' id='word_1_42' title='bbox 968 759 1134 814; x_wconf 89' lang='lat' dir='ltr'><strong>verba</strong></span> <span class='ocrx_word' id='word_1_43' title='bbox 1179 761 1259 815; x_wconf 90' lang='lat' dir='ltr'><strong>sic</strong></span> <span class='ocrx_word' id='word_1_44' title='bbox 1319 761 1640 835; x_wconf 77' lang='lat' dir='ltr'><strong>intelligas:</strong></span> <span class='ocrx_word' id='word_1_45' title='bbox 1695 767 1922 823; x_wconf 82' lang='lat' dir='ltr'><strong>Etiamsi</strong></span> <span class='ocrx_word' id='word_1_46' title='bbox 1964 769 2129 824; x_wconf 89' lang='lat' dir='ltr'><strong>homo</strong></span> 
     </span>
    </p>
   </div>
   <div class='ocr_carea' id='block_1_9' title="bbox 558 842 2127 926">
    <p class='ocr_par' dir='ltr' id='par_1_9' title="bbox 558 842 2127 926">
     <span class='ocr_line' id='line_1_9' title="bbox 558 842 2127 926; baseline 0.013 -30"><span class='ocrx_word' id='word_1_47' title='bbox 558 842 625 897; x_wconf 92' lang='lat' dir='ltr'><strong>ad</strong></span> <span class='ocrx_word' id='word_1_48' title='bbox 651 846 1002 915; x_wconf 81' lang='lat' dir='ltr'><strong>adoptionem</strong></span> <span class='ocrx_word' id='word_1_49' title='bbox 1044 861 1271 907; x_wconf 88' lang='lat' dir='ltr'><strong>vocatus</strong></span> <span class='ocrx_word' id='word_1_50' title='bbox 1309 862 1413 919; x_wconf 91' lang='lat' dir='ltr'><strong>est,</strong></span> <span class='ocrx_word' id='word_1_51' title='bbox 1457 855 1711 926; x_wconf 84' lang='lat' dir='ltr'><strong>ﬁliusque</strong></span> <span class='ocrx_word' id='word_1_52' title='bbox 1746 873 1924 913; x_wconf 86' lang='lat' dir='ltr'><strong>novus</strong></span> <span class='ocrx_word' id='word_1_53' title='bbox 1945 860 2127 915; x_wconf 90' lang='lat' dir='ltr'><strong>decla-</strong></span> 
     </span>
    </p>
   </div>
   <div class='ocr_carea' id='block_1_10' title="bbox 559 937 2129 1022">
    <p class='ocr_par' dir='ltr' id='par_1_10' title="bbox 559 937 2129 1022">
     <span class='ocr_line' id='line_1_10' title="bbox 559 937 2129 1022; baseline 0.013 -35"><span class='ocrx_word' id='word_1_54' title='bbox 559 942 731 999; x_wconf 84' lang='lat' dir='ltr'><strong>ratus,</strong></span> <span class='ocrx_word' id='word_1_55' title='bbox 767 937 912 994; x_wconf 91' lang='lat' dir='ltr'><strong>baud</strong></span> <span class='ocrx_word' id='word_1_56' title='bbox 937 940 1142 997; x_wconf 87' lang='lat' dir='ltr'><strong>idcirco</strong></span> <span class='ocrx_word' id='word_1_57' title='bbox 1167 960 1288 1014; x_wconf 69' lang='lat' dir='ltr'><strong>quae</strong></span> <span class='ocrx_word' id='word_1_58' title='bbox 1310 962 1474 1016; x_wconf 87' lang='lat' dir='ltr'><strong>supra</strong></span> <span class='ocrx_word' id='word_1_59' title='bbox 1517 956 1768 1003; x_wconf 89' lang='lat' dir='ltr'><strong>naturam</strong></span> <span class='ocrx_word' id='word_1_60' title='bbox 1792 959 1918 1005; x_wconf 89' lang='lat' dir='ltr'><strong>sunt</strong></span> <span class='ocrx_word' id='word_1_61' title='bbox 1944 951 2129 1022; x_wconf 89' lang='lat' dir='ltr'><strong>inqui-</strong></span> 
     </span>
    </p>
   </div>
   <div class='ocr_carea' id='block_1_11' title="bbox 560 1032 2129 1111">
    <p class='ocr_par' dir='ltr' id='par_1_11' title="bbox 560 1032 2129 1111">
     <span class='ocr_line' id='line_1_11' title="bbox 560 1032 2129 1111; baseline 0.012 -31"><span class='ocrx_word' id='word_1_62' title='bbox 560 1036 666 1092; x_wconf 92' lang='lat' dir='ltr'><strong>rat,</strong></span> <span class='ocrx_word' id='word_1_63' title='bbox 697 1044 875 1099; x_wconf 88' lang='lat' dir='ltr'><strong>neque</strong></span> <span class='ocrx_word' id='word_1_64' title='bbox 901 1047 960 1087; x_wconf 90' lang='lat' dir='ltr'><strong>se</strong></span> <span class='ocrx_word' id='word_1_65' title='bbox 999 1032 1224 1105; x_wconf 88' lang='lat' dir='ltr'><strong>dignum</strong></span> <span class='ocrx_word' id='word_1_66' title='bbox 1254 1052 1317 1092; x_wconf 87' lang='lat' dir='ltr'><strong>ea</strong></span> <span class='ocrx_word' id='word_1_67' title='bbox 1361 1054 1689 1108; x_wconf 81' lang='lat' dir='ltr'><strong>cognoscere</strong></span> <span class='ocrx_word' id='word_1_68' title='bbox 1722 1050 1878 1110; x_wconf 87' lang='lat' dir='ltr'><strong>putet</strong></span> <span class='ocrx_word' id='word_1_69' title='bbox 1906 1054 2028 1111; x_wconf 60' lang='lat' dir='ltr'><strong>qua</strong></span> <span class='ocrx_word' id='word_1_70' title='bbox 2060 1060 2129 1099; x_wconf 91' lang='lat' dir='ltr'><strong>ne</strong></span> 
     </span>
    </p>
   </div>
   <div class='ocr_carea' id='block_1_12' title="bbox 562 1119 2129 1203">
    <p class='ocr_par' dir='ltr' id='par_1_12' title="bbox 562 1119 2129 1203">
     <span class='ocr_line' id='line_1_12' title="bbox 562 1119 2129 1203; baseline 0.012 -33"><span class='ocrx_word' id='word_1_71' title='bbox 562 1119 767 1188; x_wconf 77' lang='lat' dir='ltr'><strong>angelis</strong></span> <span class='ocrx_word' id='word_1_72' title='bbox 806 1123 1029 1191; x_wconf 86' lang='lat' dir='ltr'><strong>quidem</strong></span> <span class='ocrx_word' id='word_1_73' title='bbox 1095 1128 1359 1182; x_wconf 85' lang='lat' dir='ltr'><strong>revelavil</strong></span> <span class='ocrx_word' id='word_1_74' title='bbox 1408 1129 1586 1184; x_wconf 85' lang='lat' dir='ltr'><strong>Pater.</strong></span> <span class='ocrx_word' id='word_1_75' title='bbox 1630 1129 1749 1185; x_wconf 83' lang='lat' dir='ltr'><strong>Jam</strong></span> <span class='ocrx_word' id='word_1_76' title='bbox 1811 1133 1857 1186; x_wconf 87' lang='lat' dir='ltr'><strong>si</strong></span> <span class='ocrx_word' id='word_1_77' title='bbox 1904 1134 2129 1203; x_wconf 80' lang='lat' dir='ltr'><strong>angelus</strong></span> 
     </span>
    </p>
   </div>
   <div class='ocr_carea' id='block_1_13' title="bbox 564 1211 2128 1292">
    <p class='ocr_par' dir='ltr' id='par_1_13' title="bbox 564 1211 2128 1292">
     <span class='ocr_line' id='line_1_13' title="bbox 564 1211 2128 1292; baseline 0.011 -31"><span class='ocrx_word' id='word_1_78' title='bbox 564 1211 753 1275; x_wconf 84' lang='lat' dir='ltr'><strong>nescit,</strong></span> <span class='ocrx_word' id='word_1_79' title='bbox 783 1228 853 1267; x_wconf 90' lang='lat' dir='ltr'><strong>ne</strong></span> <span class='ocrx_word' id='word_1_80' title='bbox 894 1213 1058 1270; x_wconf 87' lang='lat' dir='ltr'><strong>homo</strong></span> <span class='ocrx_word' id='word_1_81' title='bbox 1086 1216 1309 1285; x_wconf 86' lang='lat' dir='ltr'><strong>quidem</strong></span> <span class='ocrx_word' id='word_1_82' title='bbox 1350 1219 1509 1284; x_wconf 88' lang='lat' dir='ltr'><strong>sciet,</strong></span> <span class='ocrx_word' id='word_1_83' title='bbox 1542 1220 1757 1275; x_wconf 84' lang='lat' dir='ltr'><strong>etiamsi</strong></span> <span class='ocrx_word' id='word_1_84' title='bbox 1782 1222 1849 1276; x_wconf 84' lang='lat' dir='ltr'><strong>ad</strong></span> <span class='ocrx_word' id='word_1_85' title='bbox 1878 1223 2128 1292; x_wconf 82' lang='lat' dir='ltr'><strong>adoptio—</strong></span> 
     </span>
    </p>
   </div>
   <div class='ocr_carea' id='block_1_14' title="bbox 561 1305 1061 1358">
    <p class='ocr_par' dir='ltr' id='par_1_14' title="bbox 561 1305 1061 1358">
     <span class='ocr_line' id='line_1_14' title="bbox 561 1305 1061 1358; baseline 0.01 -5"><span class='ocrx_word' id='word_1_86' title='bbox 561 1315 686 1354; x_wconf 90' lang='lat' dir='ltr'><strong>nem</strong></span> <span class='ocrx_word' id='word_1_87' title='bbox 711 1313 938 1358; x_wconf 81' lang='lat' dir='ltr'><strong>vocatus</strong></span> <span class='ocrx_word' id='word_1_88' title='bbox 968 1305 1061 1358; x_wconf 86' lang='lat' dir='ltr'><strong>sit.</strong></span> 
     </span>
    </p>
   </div>
   <div class='ocr_carea' id='block_1_15' title="bbox 630 1390 2131 1471">
    <p class='ocr_par' dir='ltr' id='par_1_15' title="bbox 630 1390 2131 1471">
     <span class='ocr_line' id='line_1_15' title="bbox 630 1390 2131 1471; baseline 0.006 -25"><span class='ocrx_word' id='word_1_89' title='bbox 630 1390 743 1463; x_wconf 66' lang='grc'><strong>84</strong></span> <span class='ocrx_word' id='word_1_90' title='bbox 766 1392 877 1449; x_wconf 82' lang='lat' dir='ltr'><strong>Mos</strong></span> <span class='ocrx_word' id='word_1_91' title='bbox 910 1405 1027 1449; x_wconf 90' lang='lat' dir='ltr'><strong>erat</strong></span> <span class='ocrx_word' id='word_1_92' title='bbox 1054 1395 1273 1453; x_wconf 84' lang='lat' dir='ltr'><strong>Christo</strong></span> <span class='ocrx_word' id='word_1_93' title='bbox 1311 1398 1593 1454; x_wconf 87' lang='lat' dir='ltr'><strong>Servatori</strong></span> <span class='ocrx_word' id='word_1_94' title='bbox 1649 1398 1957 1467; x_wconf 75' lang='lat' dir='ltr'><strong>huiusmodi</strong></span> <span class='ocrx_word' id='word_1_95' title='bbox 2002 1404 2131 1471; x_wconf 84' lang='lat' dir='ltr'><strong>quid</strong></span> 
     </span>
    </p>
   </div>
   <div class='ocr_carea' id='block_1_16' title="bbox 476 1480 2132 1558">
    <p class='ocr_par' dir='ltr' id='par_1_16' title="bbox 476 1480 2132 1558">
     <span class='ocr_line' id='line_1_16' title="bbox 476 1480 2132 1558; baseline 0.01 -28"><span class='ocrx_word' id='word_1_96' title='bbox 476 1518 479 1521; x_wconf 40' lang='grc' dir='ltr'><strong>γ</strong></span> <span class='ocrx_word' id='word_1_97' title='bbox 550 1480 723 1548; x_wconf 85' lang='lat' dir='ltr'><strong>&#39;agere</strong></span> <span class='ocrx_word' id='word_1_98' title='bbox 765 1482 999 1538; x_wconf 84' lang='lat' dir='ltr'><strong>maxime</strong></span> <span class='ocrx_word' id='word_1_99' title='bbox 1034 1485 1085 1538; x_wconf 90' lang='lat' dir='ltr'><strong>in</strong></span> <span class='ocrx_word' id='word_1_100' title='bbox 1113 1487 1316 1542; x_wconf 85' lang='lat' dir='ltr'><strong>sanctis</strong></span> <span class='ocrx_word' id='word_1_101' title='bbox 1356 1488 1472 1543; x_wconf 85' lang='lat' dir='ltr'><strong>suis</strong></span> <span class='ocrx_word' id='word_1_102' title='bbox 1498 1488 1801 1558; x_wconf 86' lang='lat' dir='ltr'><strong>discipulis,</strong></span> <span class='ocrx_word' id='word_1_103' title='bbox 1828 1490 1874 1546; x_wconf 87' lang='lat' dir='ltr'><strong>si</strong></span> <span class='ocrx_word' id='word_1_104' title='bbox 1901 1493 2132 1546; x_wconf 88' lang='lat' dir='ltr'><strong>interro-</strong></span> 
     </span>
    </p>
   </div>
   <div class='ocr_carea' id='block_1_17' title="bbox 562 1572 2129 1648">
    <p class='ocr_par' dir='ltr' id='par_1_17' title="bbox 562 1572 2129 1648">
     <span class='ocr_line' id='line_1_17' title="bbox 562 1572 2129 1648; baseline 0.008 -25"><span class='ocrx_word' id='word_1_105' title='bbox 562 1580 752 1637; x_wconf 84' lang='lat' dir='ltr'><strong>garent</strong></span> <span class='ocrx_word' id='word_1_106' title='bbox 778 1572 980 1643; x_wconf 86' lang='lat' dir='ltr'><strong>aliquid</strong></span> <span class='ocrx_word' id='word_1_107' title='bbox 1006 1591 1219 1643; x_wconf 91' lang='lat' dir='ltr'><strong>eorum,</strong></span> <span class='ocrx_word' id='word_1_108' title='bbox 1250 1593 1371 1647; x_wconf 60' lang='lat' dir='ltr'><strong>quae</strong></span> <span class='ocrx_word' id='word_1_109' title='bbox 1395 1580 1631 1648; x_wconf 85' lang='lat' dir='ltr'><strong>speciem</strong></span> <span class='ocrx_word' id='word_1_110' title='bbox 1662 1581 1857 1637; x_wconf 86' lang='lat' dir='ltr'><strong>habent</strong></span> <span class='ocrx_word' id='word_1_111' title='bbox 1891 1582 2129 1638; x_wconf 72' lang='lat' dir='ltr'><strong>discendi</strong></span> 
     </span>
    </p>
   </div>
   <div class='ocr_carea' id='block_1_18' title="bbox 562 1664 2128 1744">
    <p class='ocr_par' dir='ltr' id='par_1_18' title="bbox 562 1664 2128 1744">
     <span class='ocr_line' id='line_1_18' title="bbox 562 1664 2128 1744; baseline 0.008 -30"><span class='ocrx_word' id='word_1_112' title='bbox 562 1664 891 1732; x_wconf 78' lang='lat' dir='ltr'><strong>cupiditatis,</strong></span> <span class='ocrx_word' id='word_1_113' title='bbox 927 1667 1105 1721; x_wconf 87' lang='lat' dir='ltr'><strong>altiori</strong></span> <span class='ocrx_word' id='word_1_114' title='bbox 1145 1679 1323 1724; x_wconf 85' lang='lat' dir='ltr'><strong>tamen</strong></span> <span class='ocrx_word' id='word_1_115' title='bbox 1358 1673 1692 1728; x_wconf 82' lang='lat' dir='ltr'><strong>scrutatione</strong></span> <span class='ocrx_word' id='word_1_116' title='bbox 1726 1681 1934 1738; x_wconf 86' lang='lat' dir='ltr'><strong>carent,</strong></span> <span class='ocrx_word' id='word_1_117' title='bbox 1956 1675 2128 1744; x_wconf 82' lang='lat' dir='ltr'><strong>expli-</strong></span> 
     </span>
    </p>
   </div>
   <div class='ocr_carea' id='block_1_19' title="bbox 562 1754 2132 1827">
    <p class='ocr_par' dir='ltr' id='par_1_19' title="bbox 562 1754 2132 1827">
     <span class='ocr_line' id='line_1_19' title="bbox 562 1754 2132 1827; baseline 0.008 -23"><span class='ocrx_word' id='word_1_118' title='bbox 562 1754 830 1808; x_wconf 87' lang='lat' dir='ltr'><strong>cationem</strong></span> <span class='ocrx_word' id='word_1_119' title='bbox 885 1756 1165 1827; x_wconf 85' lang='lat' dir='ltr'><strong>indulgere</strong></span> <span class='ocrx_word' id='word_1_120' title='bbox 1238 1768 1293 1813; x_wconf 91' lang='lat' dir='ltr'><strong>et</strong></span> <span class='ocrx_word' id='word_1_121' title='bbox 1351 1771 1540 1815; x_wconf 80' lang='lat' dir='ltr'><strong>exacte</strong></span> <span class='ocrx_word' id='word_1_122' title='bbox 1594 1763 1755 1817; x_wconf 89' lang='lat' dir='ltr'><strong>etiam</strong></span> <span class='ocrx_word' id='word_1_123' title='bbox 1806 1765 1991 1819; x_wconf 88' lang='lat' dir='ltr'><strong>conari</strong></span> <span class='ocrx_word' id='word_1_124' title='bbox 2047 1763 2132 1819; x_wconf 89' lang='lat' dir='ltr'><strong>vel</strong></span> 
     </span>
    </p>
   </div>
   <div class='ocr_carea' id='block_1_20' title="bbox 564 1844 2130 1924">
    <p class='ocr_par' dir='ltr' id='par_1_20' title="bbox 564 1844 2130 1924">
     <span class='ocr_line' id='line_1_20' title="bbox 564 1844 2130 1924; baseline 0.01 -29"><span class='ocrx_word' id='word_1_125' title='bbox 564 1844 798 1901; x_wconf 79' lang='lat' dir='ltr'><strong>maxime</strong></span> <span class='ocrx_word' id='word_1_126' title='bbox 845 1847 1048 1902; x_wconf 88' lang='lat' dir='ltr'><strong>minuta</strong></span> <span class='ocrx_word' id='word_1_127' title='bbox 1092 1865 1410 1919; x_wconf 82' lang='lat' dir='ltr'><strong>exponere;</strong></span> <span class='ocrx_word' id='word_1_128' title='bbox 1460 1853 1545 1907; x_wconf 87' lang='lat' dir='ltr'><strong>sin</strong></span> <span class='ocrx_word' id='word_1_129' title='bbox 1590 1863 1768 1909; x_wconf 85' lang='lat' dir='ltr'><strong>autem</strong></span> <span class='ocrx_word' id='word_1_130' title='bbox 1818 1856 2023 1924; x_wconf 86' lang='lat' dir='ltr'><strong>aliquid</strong></span> <span class='ocrx_word' id='word_1_131' title='bbox 2065 1871 2130 1910; x_wconf 79' lang='lat' dir='ltr'><strong>ex</strong></span> 
     </span>
    </p>
   </div>
   <div class='ocr_carea' id='block_1_21' title="bbox 2229 587 3775 661">
    <p class='ocr_par' dir='ltr' id='par_1_21' title="bbox 2229 587 3775 661">
     <span class='ocr_line' id='line_1_21' title="bbox 2229 587 3775 661; baseline 0.003 -22"><span class='ocrx_word' id='word_1_132' title='bbox 2229 587 2675 659; x_wconf 69' lang='grc' dir='ltr'>ἱπεσκιασμένως</span> <span class='ocrx_word' id='word_1_133' title='bbox 2706 591 2859 660; x_wconf 76' lang='grc' dir='ltr'>φησὶ,</span> <span class='ocrx_word' id='word_1_134' title='bbox 2897 610 2915 642; x_wconf 75' lang='grc' dir='ltr'><strong>ι</strong></span> <span class='ocrx_word' id='word_1_135' title='bbox 2948 592 3084 661; x_wconf 69' lang='grc' dir='ltr'>Περὶ</span> <span class='ocrx_word' id='word_1_136' title='bbox 3108 591 3165 644; x_wconf 79' lang='grc' dir='ltr'>δὲ</span> <span class='ocrx_word' id='word_1_137' title='bbox 3199 594 3298 659; x_wconf 76' lang='grc' dir='ltr'>τῆς</span> <span class='ocrx_word' id='word_1_138' title='bbox 3334 590 3542 660; x_wconf 79' lang='grc' dir='ltr'>ἡμέρας</span> <span class='ocrx_word' id='word_1_139' title='bbox 3580 590 3775 660; x_wconf 75' lang='grc' dir='ltr'><strong>ἐκείνης</strong></span> 
     </span>
    </p>
   </div>
   <div class='ocr_carea' id='block_1_22' title="bbox 2228 678 3773 753">
    <p class='ocr_par' dir='ltr' id='par_1_22' title="bbox 2228 678 3773 753">
     <span class='ocr_line' id='line_1_22' title="bbox 2228 678 3773 753; baseline -0.001 -22"><span class='ocrx_word' id='word_1_140' title='bbox 2228 678 2262 749; x_wconf 78' lang='grc' dir='ltr'><strong>ἢ</strong></span> <span class='ocrx_word' id='word_1_141' title='bbox 2286 679 2384 749; x_wconf 86' lang='grc' dir='ltr'>τῆς</span> <span class='ocrx_word' id='word_1_142' title='bbox 2408 678 2554 753; x_wconf 83' lang='grc' dir='ltr'>ὥρας</span> <span class='ocrx_word' id='word_1_143' title='bbox 2573 681 2747 745; x_wconf 76' lang='grc' dir='ltr'>οὐδεὶς</span> <span class='ocrx_word' id='word_1_144' title='bbox 2774 678 2937 746; x_wconf 77' lang='grc' dir='ltr'>οἶδεν,</span> <span class='ocrx_word' id='word_1_145' title='bbox 2966 681 3087 734; x_wconf 79' lang='grc' dir='ltr'>οὐδὲ</span> <span class='ocrx_word' id='word_1_146' title='bbox 3108 683 3157 734; x_wconf 82' lang='lat' dir='ltr'><strong>oi</strong></span> <span class='ocrx_word' id='word_1_147' title='bbox 3182 680 3421 748; x_wconf 76' lang='grc' dir='ltr'>ἄγγελοι,</span> <span class='ocrx_word' id='word_1_148' title='bbox 3446 678 3565 732; x_wconf 73' lang='grc' dir='ltr'>οὐδὲ</span> <span class='ocrx_word' id='word_1_149' title='bbox 3590 681 3617 730; x_wconf 85' lang='grc' dir='ltr'>ὁ</span> <span class='ocrx_word' id='word_1_150' title='bbox 3640 679 3773 744; x_wconf 75' lang='grc' dir='ltr'>Υἱὸς,</span> 
     </span>
    </p>
   </div>
   <div class='ocr_carea' id='block_1_23' title="bbox 2228 769 3778 843">
    <p class='ocr_par' dir='ltr' id='par_1_23' title="bbox 2228 769 3778 843">
     <span class='ocr_line' id='line_1_23' title="bbox 2228 769 3778 843; baseline 0.003 -22"><span class='ocrx_word' id='word_1_151' title='bbox 2228 772 2277 822; x_wconf 82' lang='lat' dir='ltr'><strong>si</strong></span> <span class='ocrx_word' id='word_1_152' title='bbox 2307 771 2380 840; x_wconf 86' lang='grc' dir='ltr'>μὴ</span> <span class='ocrx_word' id='word_1_153' title='bbox 2406 772 2433 823; x_wconf 88' lang='grc' dir='ltr'><strong>ό</strong></span> <span class='ocrx_word' id='word_1_154' title='bbox 2458 773 2667 843; x_wconf 88' lang='grc' dir='ltr'>Πατήρ.</span> <span class='ocrx_word' id='word_1_155' title='bbox 2700 786 2720 823; x_wconf 69' lang='grc' dir='ltr'><strong>ι</strong></span> <span class='ocrx_word' id='word_1_156' title='bbox 2753 773 2869 825; x_wconf 85' lang='grc' dir='ltr'>Ἵνα</span> <span class='ocrx_word' id='word_1_157' title='bbox 2893 773 3090 843; x_wconf 79' lang='grc' dir='ltr'><strong>νοήσῃς</strong></span> <span class='ocrx_word' id='word_1_158' title='bbox 3114 772 3307 836; x_wconf 72' lang='grc' dir='ltr'>οὕτως’</span> <span class='ocrx_word' id='word_1_159' title='bbox 3336 769 3395 823; x_wconf 76' lang='grc' dir='ltr'><strong>ΕΞ</strong></span> <span class='ocrx_word' id='word_1_160' title='bbox 3419 772 3512 824; x_wconf 71' lang='grc' dir='ltr'><strong>καὶ</strong></span> <span class='ocrx_word' id='word_1_161' title='bbox 3536 772 3778 843; x_wconf 82' lang='grc' dir='ltr'>κέκληται</span> 
     </span>
    </p>
   </div>
   <div class='ocr_carea' id='block_1_24' title="bbox 2230 860 3775 933">
    <p class='ocr_par' dir='ltr' id='par_1_24' title="bbox 2230 860 3775 933">
     <span class='ocr_line' id='line_1_24' title="bbox 2230 860 3775 933; baseline 0.002 -21"><span class='ocrx_word' id='word_1_162' title='bbox 2230 860 2366 931; x_wconf 81' lang='grc' dir='ltr'>πρὸς</span> <span class='ocrx_word' id='word_1_163' title='bbox 2392 862 2660 915; x_wconf 75' lang='grc' dir='ltr'><strong>υἱοθεσίαν</strong></span> <span class='ocrx_word' id='word_1_164' title='bbox 2688 863 2716 915; x_wconf 88' lang='grc' dir='ltr'><strong>ό</strong></span> <span class='ocrx_word' id='word_1_165' title='bbox 2755 863 3040 933; x_wconf 80' lang='grc' dir='ltr'>ἄνθρωπος</span> <span class='ocrx_word' id='word_1_166' title='bbox 3065 864 3157 917; x_wconf 74' lang='grc' dir='ltr'><strong>καὶ</strong></span> <span class='ocrx_word' id='word_1_167' title='bbox 3186 863 3299 926; x_wconf 71' lang='grc' dir='ltr'>υἱὸς</span> <span class='ocrx_word' id='word_1_168' title='bbox 3329 863 3601 931; x_wconf 79' lang='grc' dir='ltr'><strong>ἀνεδείχθη</strong></span> <span class='ocrx_word' id='word_1_169' title='bbox 3644 863 3775 927; x_wconf 84' lang='grc' dir='ltr'>νέος,</span> 
     </span>
    </p>
   </div>
   <div class='ocr_carea' id='block_1_25' title="bbox 2229 950 3776 1026">
    <p class='ocr_par' dir='ltr' id='par_1_25' title="bbox 2229 950 3776 1026">
     <span class='ocr_line' id='line_1_25' title="bbox 2229 950 3776 1026; baseline 0.003 -24"><span class='ocrx_word' id='word_1_170' title='bbox 2229 950 2364 1003; x_wconf 89' lang='grc' dir='ltr'><strong>ἀλλά</strong></span> <span class='ocrx_word' id='word_1_171' title='bbox 2403 952 2476 1023; x_wconf 84' lang='grc' dir='ltr'>μὴ</span> <span class='ocrx_word' id='word_1_172' title='bbox 2510 953 2738 1024; x_wconf 80' lang='grc' dir='ltr'><strong>ζητείτω</strong></span> <span class='ocrx_word' id='word_1_173' title='bbox 2778 953 2847 1007; x_wconf 87' lang='grc' dir='ltr'><strong>τά</strong></span> <span class='ocrx_word' id='word_1_174' title='bbox 2878 954 3019 1025; x_wconf 82' lang='grc' dir='ltr'>ὑπὲρ</span> <span class='ocrx_word' id='word_1_175' title='bbox 3062 954 3158 1026; x_wconf 84' lang='grc' dir='ltr'>τὴν</span> <span class='ocrx_word' id='word_1_176' title='bbox 3192 955 3373 1024; x_wconf 83' lang='grc' dir='ltr'>φύσιν,</span> <span class='ocrx_word' id='word_1_177' title='bbox 3408 953 3541 1023; x_wconf 83' lang='grc' dir='ltr'>μηδὲ</span> <span class='ocrx_word' id='word_1_178' title='bbox 3565 951 3776 1018; x_wconf 80' lang='grc' dir='ltr'><strong>ἀξιούτω</strong></span> 
     </span>
    </p>
   </div>
   <div class='ocr_carea' id='block_1_26' title="bbox 2232 1043 3776 1115">
    <p class='ocr_par' dir='ltr' id='par_1_26' title="bbox 2232 1043 3776 1115">
     <span class='ocr_line' id='line_1_26' title="bbox 2232 1043 3776 1115; baseline 0.001 -20"><span class='ocrx_word' id='word_1_179' title='bbox 2232 1043 2424 1111; x_wconf 78' lang='grc' dir='ltr'><strong>μαθεῖν</strong></span> <span class='ocrx_word' id='word_1_180' title='bbox 2453 1044 2596 1115; x_wconf 77' lang='grc' dir='ltr'>ἀπερ</span> <span class='ocrx_word' id='word_1_181' title='bbox 2628 1045 2761 1115; x_wconf 80' lang='grc' dir='ltr'>μηδὲ</span> <span class='ocrx_word' id='word_1_182' title='bbox 2785 1047 2897 1109; x_wconf 88' lang='grc' dir='ltr'>τοῖς</span> <span class='ocrx_word' id='word_1_183' title='bbox 2934 1046 3190 1114; x_wconf 79' lang='grc' dir='ltr'><strong>ἀγγέλοις</strong></span> <span class='ocrx_word' id='word_1_184' title='bbox 3232 1043 3584 1114; x_wconf 79' lang='grc' dir='ltr'>ἀπεκάλυψεν</span> <span class='ocrx_word' id='word_1_185' title='bbox 3622 1046 3649 1097; x_wconf 87' lang='grc' dir='ltr'><strong>ό</strong></span> <span class='ocrx_word' id='word_1_186' title='bbox 3683 1045 3776 1097; x_wconf 87' lang='grc' dir='ltr'><strong>Πα-</strong></span> 
     </span>
    </p>
   </div>
   <div class='ocr_carea' id='block_1_27' title="bbox 2228 1133 3773 1205">
    <p class='ocr_par' dir='ltr' id='par_1_27' title="bbox 2228 1133 3773 1205">
     <span class='ocr_line' id='line_1_27' title="bbox 2228 1133 3773 1205; baseline 0.002 -20"><span class='ocrx_word' id='word_1_187' title='bbox 2228 1135 2353 1204; x_wconf 85' lang='grc' dir='ltr'>τήρ.</span> <span class='ocrx_word' id='word_1_188' title='bbox 2386 1135 2448 1187; x_wconf 85' lang='grc' dir='ltr'>Εἰ</span> <span class='ocrx_word' id='word_1_189' title='bbox 2469 1135 2525 1188; x_wconf 86' lang='grc' dir='ltr'>δὲ</span> <span class='ocrx_word' id='word_1_190' title='bbox 2548 1135 2775 1205; x_wconf 76' lang='grc' dir='ltr'>ἄγγελος</span> <span class='ocrx_word' id='word_1_191' title='bbox 2795 1137 2893 1190; x_wconf 84' lang='grc' dir='ltr'><strong>οὐκ</strong></span> <span class='ocrx_word' id='word_1_192' title='bbox 2917 1133 3079 1201; x_wconf 74' lang='grc' dir='ltr'>οἶδεν,</span> <span class='ocrx_word' id='word_1_193' title='bbox 3109 1136 3229 1190; x_wconf 78' lang='grc' dir='ltr'>οὐδὲ</span> <span class='ocrx_word' id='word_1_194' title='bbox 3256 1137 3541 1202; x_wconf 79' lang='grc' dir='ltr'>ἄνθρωπος</span> <span class='ocrx_word' id='word_1_195' title='bbox 3572 1136 3773 1200; x_wconf 73' lang='grc' dir='ltr'>εἵσεται,</span> 
     </span>
    </p>
   </div>
   <div class='ocr_carea' id='block_1_28' title="bbox 2230 1222 3188 1298">
    <p class='ocr_par' dir='ltr' id='par_1_28' title="bbox 2230 1222 3188 1298">
     <span class='ocr_line' id='line_1_28' title="bbox 2230 1222 3188 1298; baseline 0.005 -22"><span class='ocrx_word' id='word_1_196' title='bbox 2230 1223 2335 1277; x_wconf 76' lang='grc' dir='ltr'><strong>κᾶν</strong></span> <span class='ocrx_word' id='word_1_197' title='bbox 2366 1226 2414 1279; x_wconf 83' lang='grc' dir='ltr'><strong>εί</strong></span> <span class='ocrx_word' id='word_1_198' title='bbox 2443 1222 2700 1295; x_wconf 84' lang='grc' dir='ltr'>κέκληται</span> <span class='ocrx_word' id='word_1_199' title='bbox 2731 1225 2867 1298; x_wconf 77' lang='grc' dir='ltr'>πρὸς</span> <span class='ocrx_word' id='word_1_200' title='bbox 2895 1227 3188 1281; x_wconf 74' lang='grc' dir='ltr'><strong>υἱοθεσίαν.</strong></span> 
     </span>
    </p>
   </div>
   <div class='ocr_carea' id='block_1_29' title="bbox 2308 1396 3776 1473">
    <p class='ocr_par' dir='ltr' id='par_1_29' title="bbox 2308 1396 3776 1473">
     <span class='ocr_line' id='line_1_29' title="bbox 2308 1396 3776 1473; baseline 0.001 -21"><span class='ocrx_word' id='word_1_201' title='bbox 2308 1400 2467 1464; x_wconf 84' lang='grc' dir='ltr'>Ἕθος</span> <span class='ocrx_word' id='word_1_202' title='bbox 2493 1396 2560 1471; x_wconf 80' lang='grc' dir='ltr'>ἦν</span> <span class='ocrx_word' id='word_1_203' title='bbox 2587 1397 2668 1471; x_wconf 85' lang='grc' dir='ltr'>τῷ</span> <span class='ocrx_word' id='word_1_204' title='bbox 2701 1401 2912 1472; x_wconf 83' lang='grc' dir='ltr'>Σωτῆρι</span> <span class='ocrx_word' id='word_1_205' title='bbox 2946 1401 3168 1473; x_wconf 80' lang='grc' dir='ltr'>Χριστῷ</span> <span class='ocrx_word' id='word_1_206' title='bbox 3199 1400 3447 1454; x_wconf 81' lang='grc' dir='ltr'>τοιοῦτόν</span> <span class='ocrx_word' id='word_1_207' title='bbox 3472 1416 3525 1453; x_wconf 91' lang='grc' dir='ltr'><strong>τι</strong></span> <span class='ocrx_word' id='word_1_208' title='bbox 3554 1400 3677 1471; x_wconf 81' lang='grc' dir='ltr'>δρᾷν</span> <span class='ocrx_word' id='word_1_209' title='bbox 3700 1402 3776 1455; x_wconf 71' lang='grc' dir='ltr'><strong>ἐπὶ</strong></span> 
     </span>
    </p>
   </div>
   <div class='ocr_carea' id='block_1_30' title="bbox 2231 1490 3776 1563">
    <p class='ocr_par' dir='ltr' id='par_1_30' title="bbox 2231 1490 3776 1563">
     <span class='ocr_line' id='line_1_30' title="bbox 2231 1490 3776 1563; baseline 0.002 -21"><span class='ocrx_word' id='word_1_210' title='bbox 2231 1491 2341 1553; x_wconf 87' lang='grc' dir='ltr'>τοῖς</span> <span class='ocrx_word' id='word_1_211' title='bbox 2372 1490 2551 1558; x_wconf 78' lang='grc' dir='ltr'><strong>ἁγίοις</strong></span> <span class='ocrx_word' id='word_1_212' title='bbox 2584 1492 2819 1562; x_wconf 78' lang='grc' dir='ltr'>μάλιστα</span> <span class='ocrx_word' id='word_1_213' title='bbox 2852 1492 3141 1563; x_wconf 79' lang='grc' dir='ltr'><strong>μαθηταῖς,</strong></span> <span class='ocrx_word' id='word_1_214' title='bbox 3172 1494 3220 1545; x_wconf 85' lang='grc' dir='ltr'><strong>εί</strong></span> <span class='ocrx_word' id='word_1_215' title='bbox 3257 1491 3691 1545; x_wconf 83' lang='grc' dir='ltr'>διαπυνθάνοιντό</span> <span class='ocrx_word' id='word_1_216' title='bbox 3729 1510 3776 1545; x_wconf 87' lang='grc' dir='ltr'><strong>τι</strong></span> 
     </span>
    </p>
   </div>
   <div class='ocr_carea' id='block_1_31' title="bbox 2232 1576 3779 1652">
    <p class='ocr_par' dir='ltr' id='par_1_31' title="bbox 2232 1576 3779 1652">
     <span class='ocr_line' id='line_1_31' title="bbox 2232 1576 3779 1652; baseline 0.003 -23"><span class='ocrx_word' id='word_1_217' title='bbox 2232 1579 2339 1631; x_wconf 81' lang='grc' dir='ltr'><strong>τῶν</strong></span> <span class='ocrx_word' id='word_1_218' title='bbox 2371 1580 2472 1633; x_wconf 81' lang='grc' dir='ltr'><strong>ὅσα</strong></span> <span class='ocrx_word' id='word_1_219' title='bbox 2498 1576 2566 1650; x_wconf 83' lang='grc' dir='ltr'>ἦν</span> <span class='ocrx_word' id='word_1_220' title='bbox 2594 1580 2951 1650; x_wconf 78' lang='grc' dir='ltr'><strong>φιλομαθείας</strong></span> <span class='ocrx_word' id='word_1_221' title='bbox 2983 1581 3079 1650; x_wconf 82' lang='grc' dir='ltr'>μὲν</span> <span class='ocrx_word' id='word_1_222' title='bbox 3108 1580 3303 1652; x_wconf 80' lang='grc' dir='ltr'>ἔχοντα</span> <span class='ocrx_word' id='word_1_223' title='bbox 3331 1580 3513 1644; x_wconf 84' lang='grc' dir='ltr'>δόξαν,</span> <span class='ocrx_word' id='word_1_224' title='bbox 3545 1581 3779 1651; x_wconf 72' lang='grc' dir='ltr'>ὑψηλοτέ-</span> 
     </span>
    </p>
   </div>
   <div class='ocr_carea' id='block_1_32' title="bbox 2236 1668 3782 1742">
    <p class='ocr_par' dir='ltr' id='par_1_32' title="bbox 2236 1668 3782 1742">
     <span class='ocr_line' id='line_1_32' title="bbox 2236 1668 3782 1742; baseline 0.003 -24"><span class='ocrx_word' id='word_1_225' title='bbox 2236 1684 2334 1735; x_wconf 86' lang='grc' dir='ltr'><strong>ρας</strong></span> <span class='ocrx_word' id='word_1_226' title='bbox 2358 1684 2421 1735; x_wconf 85' lang='grc' dir='ltr'><strong>γε</strong></span> <span class='ocrx_word' id='word_1_227' title='bbox 2464 1668 2571 1739; x_wconf 80' lang='grc' dir='ltr'><strong>μὴν</strong></span> <span class='ocrx_word' id='word_1_228' title='bbox 2605 1670 2834 1739; x_wconf 78' lang='grc' dir='ltr'>ἐρεύνης</span> <span class='ocrx_word' id='word_1_229' title='bbox 2880 1670 3297 1740; x_wconf 80' lang='grc' dir='ltr'><strong>ἀπηλλαγμένα,</strong></span> <span class='ocrx_word' id='word_1_230' title='bbox 3353 1670 3669 1740; x_wconf 78' lang='grc' dir='ltr'>χαρίζεσθαι</span> <span class='ocrx_word' id='word_1_231' title='bbox 3698 1671 3782 1742; x_wconf 80' lang='grc' dir='ltr'>τὴν</span> 
     </span>
    </p>
   </div>
   <div class='ocr_carea' id='block_1_33' title="bbox 2182 1756 3782 1834">
    <p class='ocr_par' dir='ltr' id='par_1_33' title="bbox 2182 1756 3782 1834">
     <span class='ocr_line' id='line_1_33' title="bbox 2182 1756 3782 1834; baseline 0.005 -27"><span class='ocrx_word' id='word_1_232' title='bbox 2182 1828 2199 1834; x_wconf 16' lang='grc' dir='ltr'><strong>Δ-</strong></span> <span class='ocrx_word' id='word_1_233' title='bbox 2234 1756 2530 1827; x_wconf 81' lang='grc' dir='ltr'>ἀφήγησιν,</span> <span class='ocrx_word' id='word_1_234' title='bbox 2595 1760 2689 1812; x_wconf 77' lang='grc' dir='ltr'><strong>καὶ</strong></span> <span class='ocrx_word' id='word_1_235' title='bbox 2735 1758 3059 1830; x_wconf 77' lang='grc' dir='ltr'>ἐξακριϐοῦν</span> <span class='ocrx_word' id='word_1_236' title='bbox 3105 1763 3187 1815; x_wconf 84' lang='grc' dir='ltr'><strong>ὅτι</strong></span> <span class='ocrx_word' id='word_1_237' title='bbox 3234 1762 3476 1832; x_wconf 81' lang='grc' dir='ltr'>μάλιστα</span> <span class='ocrx_word' id='word_1_238' title='bbox 3516 1764 3782 1834; x_wconf 74' lang='grc' dir='ltr'>πειρᾶσθαι</span> 
     </span>
    </p>
   </div>
   <div class='ocr_carea' id='block_1_34' title="bbox 2236 1845 3782 1924">
    <p class='ocr_par' dir='ltr' id='par_1_34' title="bbox 2236 1845 3782 1924">
     <span class='ocr_line' id='line_1_34' title="bbox 2236 1845 3782 1924; baseline 0.005 -27"><span class='ocrx_word' id='word_1_239' title='bbox 2236 1845 2448 1908; x_wconf 83' lang='grc' dir='ltr'><strong>λεπτῶς</strong></span> <span class='ocrx_word' id='word_1_240' title='bbox 2471 1861 2485 1874; x_wconf 87' lang='lat'>&#39;</span> <span class='ocrx_word' id='word_1_241' title='bbox 2515 1848 2563 1899; x_wconf 88' lang='grc' dir='ltr'>εἰ</span> <span class='ocrx_word' id='word_1_242' title='bbox 2592 1847 2649 1900; x_wconf 76' lang='grc' dir='ltr'>δὲ</span> <span class='ocrx_word' id='word_1_243' title='bbox 2679 1849 2741 1917; x_wconf 79' lang='grc' dir='ltr'>δή</span> <span class='ocrx_word' id='word_1_244' title='bbox 2772 1866 2825 1901; x_wconf 93' lang='grc' dir='ltr'><strong>τι</strong></span> <span class='ocrx_word' id='word_1_245' title='bbox 2867 1849 3141 1919; x_wconf 80' lang='grc' dir='ltr'>βούλοιντο</span> <span class='ocrx_word' id='word_1_246' title='bbox 3163 1850 3273 1905; x_wconf 85' lang='grc' dir='ltr'>τῶν</span> <span class='ocrx_word' id='word_1_247' title='bbox 3302 1851 3564 1905; x_wconf 76' lang='grc' dir='ltr'>ἐπέκεινα</span> <span class='ocrx_word' id='word_1_248' title='bbox 3601 1852 3782 1924; x_wconf 81' lang='grc' dir='ltr'><strong>μέτρου</strong></span> 
     </span>
    </p>
   </div>
   <div class='ocr_carea' id='block_1_35' title="bbox 561 1934 2129 2016">
    <p class='ocr_par' dir='ltr' id='par_1_35' title="bbox 561 1936 2129 2016">
     <span class='ocr_line' id='line_1_35' title="bbox 561 1936 2129 2016; baseline 0.01 -28"><span class='ocrx_word' id='word_1_249' title='bbox 561 1936 934 2003; x_wconf 72' lang='lat' dir='ltr'><strong>superioribus</strong></span> <span class='ocrx_word' id='word_1_250' title='bbox 998 1954 1405 2009; x_wconf 85' lang='lat' dir='ltr'><strong>supervacanee</strong></span> <span class='ocrx_word' id='word_1_251' title='bbox 1456 1943 1665 1998; x_wconf 87' lang='lat' dir='ltr'><strong>discere</strong></span> <span class='ocrx_word' id='word_1_252' title='bbox 1724 1946 1944 2014; x_wconf 89' lang='lat' dir='ltr'><strong>cupiant</strong></span> <span class='ocrx_word' id='word_1_253' title='bbox 1992 1948 2129 2016; x_wconf 89' lang='lat' dir='ltr'><strong>quod</strong></span> 
     </span>
    </p>
   </div>
   <div class='ocr_carea' id='block_1_36' title="bbox 2230 1934 3783 2016">
    <p class='ocr_par' dir='ltr' id='par_1_36' title="bbox 2235 1934 3783 2013">
     <span class='ocr_line' id='line_1_36' title="bbox 2235 1934 3783 2013; baseline 0.003 -24"><span class='ocrx_word' id='word_1_254' title='bbox 2235 1934 2330 1989; x_wconf 82' lang='grc' dir='ltr'>τοῦ</span> <span class='ocrx_word' id='word_1_255' title='bbox 2384 1938 2523 1992; x_wconf 84' lang='grc' dir='ltr'>κατὰ</span> <span class='ocrx_word' id='word_1_256' title='bbox 2556 1941 2697 2006; x_wconf 81' lang='grc' dir='ltr'>σφᾶς</span> <span class='ocrx_word' id='word_1_257' title='bbox 2741 1941 2937 2003; x_wconf 78' lang='grc' dir='ltr'>αὐτοὺς</span> <span class='ocrx_word' id='word_1_258' title='bbox 2991 1941 3258 2013; x_wconf 76' lang='grc' dir='ltr'><strong>περιττῶς</strong></span> <span class='ocrx_word' id='word_1_259' title='bbox 3294 1942 3596 2012; x_wconf 78' lang='grc' dir='ltr'>ἀναμαθεῖν</span> <span class='ocrx_word' id='word_1_260' title='bbox 3646 1959 3783 2012; x_wconf 85' lang='grc' dir='ltr'>περι-</span> 
     </span>
    </p>
   </div>
   <div class='ocr_carea' id='block_1_37' title="bbox 563 2022 2133 2103">
    <p class='ocr_par' dir='ltr' id='par_1_37' title="bbox 563 2022 2133 2103">
     <span class='ocr_line' id='line_1_37' title="bbox 563 2022 2133 2103; baseline 0.009 -27"><span class='ocrx_word' id='word_1_261' title='bbox 563 2022 780 2077; x_wconf 87' lang='lat' dir='ltr'><strong>modum</strong></span> <span class='ocrx_word' id='word_1_262' title='bbox 829 2023 1038 2079; x_wconf 86' lang='lat' dir='ltr'><strong>illorum</strong></span> <span class='ocrx_word' id='word_1_263' title='bbox 1094 2029 1358 2095; x_wconf 81' lang='lat' dir='ltr'><strong>excedat,</strong></span> <span class='ocrx_word' id='word_1_264' title='bbox 1405 2030 1756 2101; x_wconf 83' lang='lat' dir='ltr'><strong>acquiescere</strong></span> <span class='ocrx_word' id='word_1_265' title='bbox 1777 2032 1963 2100; x_wconf 81' lang='lat' dir='ltr'><strong>jubet,</strong></span> <span class='ocrx_word' id='word_1_266' title='bbox 2009 2050 2133 2103; x_wconf 88' lang='lat' dir='ltr'><strong>per-</strong></span> 
     </span>
    </p>
   </div>
   <div class='ocr_carea' id='block_1_38' title="bbox 562 2117 2130 2192">
    <p class='ocr_par' dir='ltr' id='par_1_38' title="bbox 562 2117 2130 2192">
     <span class='ocr_line' id='line_1_38' title="bbox 562 2117 2130 2192; baseline 0.007 -23"><span class='ocrx_word' id='word_1_267' title='bbox 562 2117 865 2186; x_wconf 87' lang='lat' dir='ltr'><strong>suadetque</strong></span> <span class='ocrx_word' id='word_1_268' title='bbox 898 2131 1091 2173; x_wconf 87' lang='lat' dir='ltr'><strong>curare</strong></span> <span class='ocrx_word' id='word_1_269' title='bbox 1124 2119 1304 2189; x_wconf 88' lang='lat' dir='ltr'><strong>potius</strong></span> <span class='ocrx_word' id='word_1_270' title='bbox 1324 2135 1387 2175; x_wconf 89' lang='lat' dir='ltr'><strong>ea</strong></span> <span class='ocrx_word' id='word_1_271' title='bbox 1417 2136 1537 2191; x_wconf 69' lang='lat' dir='ltr'><strong>qua:</strong></span> <span class='ocrx_word' id='word_1_272' title='bbox 1567 2121 1783 2178; x_wconf 89' lang='lat' dir='ltr'><strong>utiliora</strong></span> <span class='ocrx_word' id='word_1_273' title='bbox 1824 2124 1954 2192; x_wconf 84' lang='lat' dir='ltr'><strong>ipsis</strong></span> <span class='ocrx_word' id='word_1_274' title='bbox 1986 2136 2130 2182; x_wconf 87' lang='lat' dir='ltr'><strong>sunt.</strong></span> 
     </span>
    </p>
   </div>
   <div class='ocr_carea' id='block_1_39' title="bbox 562 2205 2135 2280">
    <p class='ocr_par' dir='ltr' id='par_1_39' title="bbox 562 2205 2135 2280">
     <span class='ocr_line' id='line_1_39' title="bbox 562 2205 2135 2280; baseline 0.008 -21"><span class='ocrx_word' id='word_1_275' title='bbox 562 2205 697 2261; x_wconf 89' lang='lat' dir='ltr'><strong>Cum</strong></span> <span class='ocrx_word' id='word_1_276' title='bbox 752 2207 932 2276; x_wconf 89' lang='lat' dir='ltr'><strong>itaque</strong></span> <span class='ocrx_word' id='word_1_277' title='bbox 971 2224 1092 2278; x_wconf 73' lang='lat' dir='ltr'><strong>qua:</strong></span> <span class='ocrx_word' id='word_1_278' title='bbox 1130 2225 1290 2280; x_wconf 87' lang='lat' dir='ltr'><strong>supra</strong></span> <span class='ocrx_word' id='word_1_279' title='bbox 1341 2226 1401 2267; x_wconf 87' lang='lat' dir='ltr'><strong>se</strong></span> <span class='ocrx_word' id='word_1_280' title='bbox 1448 2221 1604 2267; x_wconf 87' lang='lat' dir='ltr'><strong>erant</strong></span> <span class='ocrx_word' id='word_1_281' title='bbox 1640 2214 1851 2269; x_wconf 88' lang='lat' dir='ltr'><strong>discere</strong></span> <span class='ocrx_word' id='word_1_282' title='bbox 1882 2216 2135 2272; x_wconf 87' lang='lat' dir='ltr'><strong>volebant</strong></span> 
     </span>
    </p>
   </div>
   <div class='ocr_carea' id='block_1_40' title="bbox 562 2299 2131 2377">
    <p class='ocr_par' dir='ltr' id='par_1_40' title="bbox 562 2299 2131 2377">
     <span class='ocr_line' id='line_1_40' title="bbox 562 2299 2131 2377; baseline 0.007 -24"><span class='ocrx_word' id='word_1_283' title='bbox 562 2299 832 2368; x_wconf 81' lang='lat' dir='ltr'><strong>discipuli,</strong></span> <span class='ocrx_word' id='word_1_284' title='bbox 877 2301 1084 2357; x_wconf 91' lang='lat' dir='ltr'><strong>utiliter</strong></span> <span class='ocrx_word' id='word_1_285' title='bbox 1124 2304 1426 2359; x_wconf 85' lang='lat' dir='ltr'><strong>dissimulat</strong></span> <span class='ocrx_word' id='word_1_286' title='bbox 1458 2320 1518 2361; x_wconf 89' lang='lat' dir='ltr'><strong>se</strong></span> <span class='ocrx_word' id='word_1_287' title='bbox 1553 2314 1805 2377; x_wconf 86' lang='lat' dir='ltr'><strong>tanquam</strong></span> <span class='ocrx_word' id='word_1_288' title='bbox 1859 2309 2131 2365; x_wconf 88' lang='lat' dir='ltr'><strong>hominem</strong></span> 
     </span>
    </p>
   </div>
   <div class='ocr_carea' id='block_1_41' title="bbox 562 2388 2132 2467">
    <p class='ocr_par' dir='ltr' id='par_1_41' title="bbox 562 2388 2132 2467">
     <span class='ocr_line' id='line_1_41' title="bbox 562 2388 2132 2467; baseline 0.008 -25"><span class='ocrx_word' id='word_1_289' title='bbox 562 2388 723 2452; x_wconf 88' lang='lat' dir='ltr'><strong>scire,</strong></span> <span class='ocrx_word' id='word_1_290' title='bbox 754 2402 819 2443; x_wconf 91' lang='lat' dir='ltr'><strong>ac</strong></span> <span class='ocrx_word' id='word_1_291' title='bbox 845 2404 913 2445; x_wconf 91' lang='lat' dir='ltr'><strong>ne</strong></span> <span class='ocrx_word' id='word_1_292' title='bbox 943 2391 1090 2460; x_wconf 88' lang='lat' dir='ltr'><strong>ipsos</strong></span> <span class='ocrx_word' id='word_1_293' title='bbox 1131 2392 1346 2461; x_wconf 89' lang='lat' dir='ltr'><strong>quidem</strong></span> <span class='ocrx_word' id='word_1_294' title='bbox 1377 2402 1594 2450; x_wconf 87' lang='lat' dir='ltr'><strong>sanctos</strong></span> <span class='ocrx_word' id='word_1_295' title='bbox 1625 2395 1848 2467; x_wconf 76' lang='lat' dir='ltr'><strong>angelos</strong></span> <span class='ocrx_word' id='word_1_296' title='bbox 1882 2398 1935 2452; x_wconf 93' lang='lat' dir='ltr'><strong>in</strong></span> <span class='ocrx_word' id='word_1_297' title='bbox 1979 2400 2132 2455; x_wconf 83' lang='lat' dir='ltr'><strong>caelis</strong></span> 
     </span>
    </p>
   </div>
   <div class='ocr_carea' id='block_1_42' title="bbox 562 2480 2130 2558">
    <p class='ocr_par' dir='ltr' id='par_1_42' title="bbox 562 2480 2130 2558">
     <span class='ocr_line' id='line_1_42' title="bbox 562 2480 2130 2558; baseline 0.008 -26"><span class='ocrx_word' id='word_1_298' title='bbox 562 2480 705 2533; x_wconf 90' lang='lat' dir='ltr'><strong>scire</strong></span> <span class='ocrx_word' id='word_1_299' title='bbox 743 2480 838 2547; x_wconf 87' lang='lat' dir='ltr'><strong>ait,</strong></span> <span class='ocrx_word' id='word_1_300' title='bbox 874 2497 945 2537; x_wconf 91' lang='lat' dir='ltr'><strong>ne</strong></span> <span class='ocrx_word' id='word_1_301' title='bbox 970 2483 1384 2550; x_wconf 88' lang='lat' dir='ltr'><strong>contristentur,</strong></span> <span class='ocrx_word' id='word_1_302' title='bbox 1418 2494 1672 2555; x_wconf 83' lang='lat' dir='ltr'><strong>tanquam</strong></span> <span class='ocrx_word' id='word_1_303' title='bbox 1706 2503 1867 2558; x_wconf 84' lang='lat' dir='ltr'><strong>supra</strong></span> <span class='ocrx_word' id='word_1_304' title='bbox 1913 2491 2130 2545; x_wconf 89' lang='lat' dir='ltr'><strong>modum</strong></span> 
     </span>
    </p>
   </div>
   <div class='ocr_carea' id='block_1_43' title="bbox 563 2569 2133 2643">
    <p class='ocr_par' dir='ltr' id='par_1_43' title="bbox 563 2569 2133 2643">
     <span class='ocr_line' id='line_1_43' title="bbox 563 2569 2133 2643; baseline 0.007 -18"><span class='ocrx_word' id='word_1_305' title='bbox 563 2569 889 2627; x_wconf 78' lang='lat' dir='ltr'><strong>diﬂidentes.</strong></span> <span class='ocrx_word' id='word_1_306' title='bbox 929 2573 1009 2628; x_wconf 82' lang='lat' dir='ltr'><strong>Ac</strong></span> <span class='ocrx_word' id='word_1_307' title='bbox 1038 2574 1164 2630; x_wconf 84' lang='lat' dir='ltr'><strong>vide</strong></span> <span class='ocrx_word' id='word_1_308' title='bbox 1196 2590 1355 2643; x_wconf 85' lang='lat' dir='ltr'><strong>quam</strong></span> <span class='ocrx_word' id='word_1_309' title='bbox 1392 2579 1814 2633; x_wconf 81' lang='lat' dir='ltr'><strong>accommodatis</strong></span> <span class='ocrx_word' id='word_1_310' title='bbox 1835 2581 2133 2636; x_wconf 88' lang='lat' dir='ltr'><strong>rationibus</strong></span> 
     </span>
    </p>
   </div>
   <div class='ocr_carea' id='block_1_44' title="bbox 563 2663 2132 2739">
    <p class='ocr_par' dir='ltr' id='par_1_44' title="bbox 563 2663 2132 2739">
     <span class='ocr_line' id='line_1_44' title="bbox 563 2663 2132 2739; baseline 0.007 -22"><span class='ocrx_word' id='word_1_311' title='bbox 563 2663 790 2717; x_wconf 88' lang='lat' dir='ltr'><strong>suadeat</strong></span> <span class='ocrx_word' id='word_1_312' title='bbox 818 2665 903 2720; x_wconf 83' lang='lat' dir='ltr'><strong>eis</strong></span> <span class='ocrx_word' id='word_1_313' title='bbox 930 2674 997 2719; x_wconf 90' lang='lat' dir='ltr'><strong>ut</strong></span> <span class='ocrx_word' id='word_1_314' title='bbox 1031 2666 1101 2721; x_wconf 86' lang='lat' dir='ltr'><strong>ab</strong></span> <span class='ocrx_word' id='word_1_315' title='bbox 1133 2668 1233 2721; x_wconf 91' lang='lat' dir='ltr'><strong>ista</strong></span> <span class='ocrx_word' id='word_1_316' title='bbox 1270 2669 1621 2737; x_wconf 87' lang='lat' dir='ltr'><strong>inquisitione</strong></span> <span class='ocrx_word' id='word_1_317' title='bbox 1646 2670 1947 2739; x_wconf 88' lang='lat' dir='ltr'><strong>quiescant,</strong></span> <span class='ocrx_word' id='word_1_318' title='bbox 1977 2686 2132 2728; x_wconf 85' lang='lat' dir='ltr'><strong>vere-</strong></span> 
     </span>
    </p>
   </div>
   <div class='ocr_carea' id='block_1_45' title="bbox 562 2755 2127 2832">
    <p class='ocr_par' dir='ltr' id='par_1_45' title="bbox 562 2755 2127 2832">
     <span class='ocr_line' id='line_1_45' title="bbox 562 2755 2127 2832; baseline 0.008 -25"><span class='ocrx_word' id='word_1_319' title='bbox 562 2755 919 2824; x_wconf 88' lang='lat' dir='ltr'><strong>cundiamque</strong></span> <span class='ocrx_word' id='word_1_320' title='bbox 951 2759 1017 2811; x_wconf 92' lang='lat' dir='ltr'><strong>iis</strong></span> <span class='ocrx_word' id='word_1_321' title='bbox 1053 2758 1238 2822; x_wconf 84' lang='lat' dir='ltr'><strong>faciat,</strong></span> <span class='ocrx_word' id='word_1_322' title='bbox 1269 2760 1422 2827; x_wconf 85' lang='lat' dir='ltr'><strong>quasi</strong></span> <span class='ocrx_word' id='word_1_323' title='bbox 1450 2760 1589 2814; x_wconf 90' lang='lat' dir='ltr'><strong>scire</strong></span> <span class='ocrx_word' id='word_1_324' title='bbox 1623 2761 1877 2816; x_wconf 76' lang='lat' dir='ltr'><strong>aﬂecteut</strong></span> <span class='ocrx_word' id='word_1_325' title='bbox 1908 2762 1960 2816; x_wconf 90' lang='lat' dir='ltr'><strong>id</strong></span> <span class='ocrx_word' id='word_1_326' title='bbox 1989 2765 2127 2832; x_wconf 88' lang='lat' dir='ltr'><strong>quod</strong></span> 
     </span>
    </p>
   </div>
   <div class='ocr_carea' id='block_1_46' title="bbox 562 2847 2131 2922">
    <p class='ocr_par' dir='ltr' id='par_1_46' title="bbox 562 2847 2131 2922">
     <span class='ocr_line' id='line_1_46' title="bbox 562 2847 2131 2922; baseline 0.007 -22"><span class='ocrx_word' id='word_1_327' title='bbox 562 2860 631 2900; x_wconf 87' lang='lat' dir='ltr'><strong>ne</strong></span> <span class='ocrx_word' id='word_1_328' title='bbox 657 2847 860 2917; x_wconf 75' lang='lat' dir='ltr'><strong>angelis</strong></span> <span class='ocrx_word' id='word_1_329' title='bbox 895 2848 1111 2916; x_wconf 86' lang='lat' dir='ltr'><strong>quidem</strong></span> <span class='ocrx_word' id='word_1_330' title='bbox 1160 2848 1421 2904; x_wconf 85' lang='lat' dir='ltr'><strong>revelavit</strong></span> <span class='ocrx_word' id='word_1_331' title='bbox 1465 2849 1644 2918; x_wconf 86' lang='lat' dir='ltr'><strong>Pater,</strong></span> <span class='ocrx_word' id='word_1_332' title='bbox 1705 2866 1803 2906; x_wconf 91' lang='lat' dir='ltr'><strong>nec</strong></span> <span class='ocrx_word' id='word_1_333' title='bbox 1848 2853 1951 2922; x_wconf 87' lang='lat' dir='ltr'><strong>ipsi</strong></span> <span class='ocrx_word' id='word_1_334' title='bbox 1994 2854 2131 2911; x_wconf 88' lang='lat' dir='ltr'><strong>Filio</strong></span> 
     </span>
    </p>
   </div>
   <div class='ocr_carea' id='block_1_47' title="bbox 562 2939 984 2992">
    <p class='ocr_par' dir='ltr' id='par_1_47' title="bbox 562 2939 984 2992">
     <span class='ocr_line' id='line_1_47' title="bbox 562 2939 984 2992; baseline 0.002 -1"><span class='ocrx_word' id='word_1_335' title='bbox 562 2947 746 2992; x_wconf 85' lang='lat' dir='ltr'><strong>notum</strong></span> <span class='ocrx_word' id='word_1_336' title='bbox 773 2939 984 2992; x_wconf 82' lang='lat' dir='ltr'><strong>fecerit.</strong></span> 
     </span>
    </p>
   </div>
   <div class='ocr_carea' id='block_1_48' title="bbox 776 3026 1895 3096">
    <p class='ocr_par' dir='ltr' id='par_1_48' title="bbox 776 3026 1895 3096">
     <span class='ocr_line' id='line_1_48' title="bbox 776 3026 1895 3096; baseline 0.005 -17"><span class='ocrx_word' id='word_1_337' title='bbox 776 3026 962 3096; x_wconf 78' lang='lat' dir='ltr'><strong>Cyrilli</strong></span> <span class='ocrx_word' id='word_1_338' title='bbox 981 3043 1046 3081; x_wconf 79' lang='lat' dir='ltr'><strong>ea:</strong></span> <span class='ocrx_word' id='word_1_339' title='bbox 1073 3026 1456 3083; x_wconf 74' lang='lat' dir='ltr'><strong>Commentario</strong></span> <span class='ocrx_word' id='word_1_340' title='bbox 1484 3028 1539 3082; x_wconf 83' lang='lat' dir='ltr'><strong>in</strong></span> <span class='ocrx_word' id='word_1_341' title='bbox 1563 3028 1895 3085; x_wconf 71' lang='lat' dir='ltr'><strong>Matthaum.</strong></span> 
     </span>
    </p>
   </div>
   <div class='ocr_carea' id='block_1_49' title="bbox 630 3199 2125 3275">
    <p class='ocr_par' dir='ltr' id='par_1_49' title="bbox 630 3199 2125 3275">
     <span class='ocr_line' id='line_1_49' title="bbox 630 3199 2125 3275; baseline 0.003 -17"><span class='ocrx_word' id='word_1_342' title='bbox 630 3205 918 3275; x_wconf 89' lang='lat' dir='ltr'><strong>Ignorasse</strong></span> <span class='ocrx_word' id='word_1_343' title='bbox 968 3206 1066 3269; x_wconf 91' lang='lat' dir='ltr'><strong>ait,</strong></span> <span class='ocrx_word' id='word_1_344' title='bbox 1100 3199 1250 3275; x_wconf 89' lang='lat' dir='ltr'><strong>atqui</strong></span> <span class='ocrx_word' id='word_1_345' title='bbox 1288 3219 1394 3259; x_wconf 91' lang='lat' dir='ltr'><strong>non</strong></span> <span class='ocrx_word' id='word_1_346' title='bbox 1437 3204 1703 3275; x_wconf 80' lang='lat' dir='ltr'><strong>ignoravit</strong></span> <span class='ocrx_word' id='word_1_347' title='bbox 1732 3206 1894 3263; x_wconf 84' lang='lat' dir='ltr'><strong>Deus.</strong></span> <span class='ocrx_word' id='word_1_348' title='bbox 1934 3206 2041 3264; x_wconf 88' lang='lat' dir='ltr'><strong>Sed</strong></span> <span class='ocrx_word' id='word_1_349' title='bbox 2069 3220 2125 3263; x_wconf 90' lang='lat' dir='ltr'><strong>et</strong></span> 
     </span>
    </p>
   </div>
   <div class='ocr_carea' id='block_1_50' title="bbox 561 3297 2125 3366">
    <p class='ocr_par' dir='ltr' id='par_1_50' title="bbox 561 3297 2125 3366">
     <span class='ocr_line' id='line_1_50' title="bbox 561 3297 2125 3366; baseline 0.003 -14"><span class='ocrx_word' id='word_1_350' title='bbox 561 3298 695 3366; x_wconf 86' lang='lat' dir='ltr'><strong>ipse,</strong></span> <span class='ocrx_word' id='word_1_351' title='bbox 726 3313 1031 3366; x_wconf 87' lang='lat' dir='ltr'><strong>quanquam</strong></span> <span class='ocrx_word' id='word_1_352' title='bbox 1078 3306 1221 3352; x_wconf 87' lang='lat' dir='ltr'><strong>esset</strong></span> <span class='ocrx_word' id='word_1_353' title='bbox 1262 3297 1400 3351; x_wconf 90' lang='lat' dir='ltr'><strong>Deus</strong></span> <span class='ocrx_word' id='word_1_354' title='bbox 1451 3297 1707 3366; x_wconf 85' lang='lat' dir='ltr'><strong>Verbum,</strong></span> <span class='ocrx_word' id='word_1_355' title='bbox 1741 3307 1917 3354; x_wconf 82' lang='lat' dir='ltr'><strong>tamen</strong></span> <span class='ocrx_word' id='word_1_356' title='bbox 1952 3298 2125 3357; x_wconf 81' lang='lat' dir='ltr'><strong>factus</strong></span> 
     </span>
    </p>
   </div>
   <div class='ocr_carea' id='block_1_51' title="bbox 560 3388 2124 3458">
    <p class='ocr_par' dir='ltr' id='par_1_51' title="bbox 560 3388 2124 3458">
     <span class='ocr_line' id='line_1_51' title="bbox 560 3388 2124 3458; baseline 0.001 -14"><span class='ocrx_word' id='word_1_357' title='bbox 560 3398 729 3444; x_wconf 80' lang='lat' dir='ltr'><strong>estet</strong></span> <span class='ocrx_word' id='word_1_358' title='bbox 776 3398 894 3442; x_wconf 90' lang='lat' dir='ltr'><strong>erat</strong></span> <span class='ocrx_word' id='word_1_359' title='bbox 941 3389 1121 3451; x_wconf 91' lang='lat' dir='ltr'><strong>homo,</strong></span> <span class='ocrx_word' id='word_1_360' title='bbox 1158 3388 1246 3456; x_wconf 90' lang='lat' dir='ltr'><strong>qui</strong></span> <span class='ocrx_word' id='word_1_361' title='bbox 1295 3390 1507 3458; x_wconf 89' lang='lat' dir='ltr'><strong>quidem</strong></span> <span class='ocrx_word' id='word_1_362' title='bbox 1562 3391 1628 3446; x_wconf 89' lang='lat' dir='ltr'><strong>ad</strong></span> <span class='ocrx_word' id='word_1_363' title='bbox 1675 3405 1825 3445; x_wconf 86' lang='lat' dir='ltr'><strong>suam</strong></span> <span class='ocrx_word' id='word_1_364' title='bbox 1880 3400 2124 3446; x_wconf 88' lang='lat' dir='ltr'><strong>naturam</strong></span> 
     </span>
    </p>
   </div>
   <div class='ocr_carea' id='block_1_52' title="bbox 560 3478 2129 3548">
    <p class='ocr_par' dir='ltr' id='par_1_52' title="bbox 560 3478 2129 3548">
     <span class='ocr_line' id='line_1_52' title="bbox 560 3478 2129 3548; baseline 0.004 -19"><span class='ocrx_word' id='word_1_365' title='bbox 560 3478 704 3548; x_wconf 89' lang='lat' dir='ltr'><strong>quod</strong></span> <span class='ocrx_word' id='word_1_366' title='bbox 735 3478 927 3532; x_wconf 91' lang='lat' dir='ltr'><strong>attinet</strong></span> <span class='ocrx_word' id='word_1_367' title='bbox 965 3486 1016 3531; x_wconf 90' lang='lat' dir='ltr'><strong>et</strong></span> <span class='ocrx_word' id='word_1_368' title='bbox 1050 3478 1398 3532; x_wconf 88' lang='lat' dir='ltr'><strong>humanitatis</strong></span> <span class='ocrx_word' id='word_1_369' title='bbox 1428 3494 1757 3546; x_wconf 86' lang='lat' dir='ltr'><strong>mensuram,</strong></span> <span class='ocrx_word' id='word_1_370' title='bbox 1797 3495 1882 3535; x_wconf 87' lang='lat' dir='ltr'><strong>res</strong></span> <span class='ocrx_word' id='word_1_371' title='bbox 1918 3479 2129 3535; x_wconf 81' lang='lat' dir='ltr'><strong>futuras</strong></span> 
     </span>
    </p>
   </div>
   <div class='ocr_carea' id='block_1_53' title="bbox 564 3568 2125 3640">
    <p class='ocr_par' dir='ltr' id='par_1_53' title="bbox 564 3568 2125 3640">
     <span class='ocr_line' id='line_1_53' title="bbox 564 3568 2125 3640; baseline 0.004 -19"><span class='ocrx_word' id='word_1_372' title='bbox 564 3571 814 3637; x_wconf 76' lang='lat' dir='ltr'><strong>ignorat,</strong></span> <span class='ocrx_word' id='word_1_373' title='bbox 852 3568 943 3623; x_wconf 89' lang='lat' dir='ltr'><strong>sed</strong></span> <span class='ocrx_word' id='word_1_374' title='bbox 987 3582 1050 3623; x_wconf 82' lang='lat' dir='ltr'><strong>ex</strong></span> <span class='ocrx_word' id='word_1_375' title='bbox 1107 3568 1202 3623; x_wconf 91' lang='lat' dir='ltr'><strong>Dei</strong></span> <span class='ocrx_word' id='word_1_376' title='bbox 1257 3568 1583 3625; x_wconf 89' lang='lat' dir='ltr'><strong>revelatione</strong></span> <span class='ocrx_word' id='word_1_377' title='bbox 1637 3584 1778 3637; x_wconf 66' lang='lat' dir='ltr'><strong>saepe</strong></span> <span class='ocrx_word' id='word_1_378' title='bbox 1833 3573 2125 3640; x_wconf 85' lang='lat' dir='ltr'><strong>cegnoscit.</strong></span> 
     </span>
    </p>
   </div>
   <div class='ocr_carea' id='block_1_54' title="bbox 560 3660 2131 3731">
    <p class='ocr_par' dir='ltr' id='par_1_54' title="bbox 560 3660 2131 3731">
     <span class='ocr_line' id='line_1_54' title="bbox 560 3660 2131 3731; baseline 0.001 -15"><span class='ocrx_word' id='word_1_379' title='bbox 560 3660 745 3731; x_wconf 84' lang='lat' dir='ltr'><strong>Neque</strong></span> <span class='ocrx_word' id='word_1_380' title='bbox 778 3675 907 3716; x_wconf 88' lang='lat' dir='ltr'><strong>vero</strong></span> <span class='ocrx_word' id='word_1_381' title='bbox 937 3660 1147 3716; x_wconf 89' lang='lat' dir='ltr'><strong>mireris</strong></span> <span class='ocrx_word' id='word_1_382' title='bbox 1169 3700 1184 3726; x_wconf 93' lang='lat'><strong>,</strong></span> <span class='ocrx_word' id='word_1_383' title='bbox 1214 3662 1258 3716; x_wconf 90' lang='lat' dir='ltr'><strong>si</strong></span> <span class='ocrx_word' id='word_1_384' title='bbox 1287 3660 1603 3731; x_wconf 78' lang='lat' dir='ltr'><strong>ignorantiae</strong></span> <span class='ocrx_word' id='word_1_385' title='bbox 1648 3661 2003 3716; x_wconf 83' lang='lat' dir='ltr'><strong>humilitatem</strong></span> <span class='ocrx_word' id='word_1_386' title='bbox 2034 3665 2131 3718; x_wconf 88' lang='lat' dir='ltr'><strong>ad-</strong></span> 
     </span>
    </p>
   </div>
   <div class='ocr_carea' id='block_1_55' title="bbox 560 3750 2126 3821">
    <p class='ocr_par' dir='ltr' id='par_1_55' title="bbox 560 3750 2126 3821">
     <span class='ocr_line' id='line_1_55' title="bbox 560 3750 2126 3821; baseline -0.001 -15"><span class='ocrx_word' id='word_1_387' title='bbox 560 3753 747 3807; x_wconf 83' lang='lat' dir='ltr'><strong>mittit.</strong></span> <span class='ocrx_word' id='word_1_388' title='bbox 804 3750 938 3805; x_wconf 85' lang='lat' dir='ltr'><strong>Nam</strong></span> <span class='ocrx_word' id='word_1_389' title='bbox 991 3753 1035 3806; x_wconf 90' lang='lat' dir='ltr'><strong>si</strong></span> <span class='ocrx_word' id='word_1_390' title='bbox 1086 3755 1248 3808; x_wconf 86' lang='lat' dir='ltr'><strong>herus</strong></span> <span class='ocrx_word' id='word_1_391' title='bbox 1284 3766 1404 3807; x_wconf 88' lang='lat' dir='ltr'><strong>cum</strong></span> <span class='ocrx_word' id='word_1_392' title='bbox 1464 3751 1539 3805; x_wconf 90' lang='lat' dir='ltr'><strong>sit</strong></span> <span class='ocrx_word' id='word_1_393' title='bbox 1583 3760 1801 3821; x_wconf 86' lang='lat' dir='ltr'><strong>propter</strong></span> <span class='ocrx_word' id='word_1_394' title='bbox 1858 3753 2126 3806; x_wconf 86' lang='lat' dir='ltr'><strong>hominem</strong></span> 
     </span>
    </p>
   </div>
   <div class='ocr_carea' id='block_1_56' title="bbox 560 3842 2128 3910">
    <p class='ocr_par' dir='ltr' id='par_1_56' title="bbox 560 3842 2128 3910">
     <span class='ocr_line' id='line_1_56' title="bbox 560 3842 2128 3910; baseline -0.001 -13"><span class='ocrx_word' id='word_1_395' title='bbox 560 3858 748 3897; x_wconf 83' lang='lat' dir='ltr'><strong>servus</strong></span> <span class='ocrx_word' id='word_1_396' title='bbox 798 3842 1134 3910; x_wconf 87' lang='lat' dir='ltr'><strong>appellatur;</strong></span> <span class='ocrx_word' id='word_1_397' title='bbox 1188 3851 1242 3897; x_wconf 93' lang='lat' dir='ltr'><strong>et</strong></span> <span class='ocrx_word' id='word_1_398' title='bbox 1297 3858 1418 3896; x_wconf 92' lang='lat' dir='ltr'><strong>cum</strong></span> <span class='ocrx_word' id='word_1_399' title='bbox 1468 3843 1539 3896; x_wconf 86' lang='lat' dir='ltr'><strong>sit</strong></span> <span class='ocrx_word' id='word_1_400' title='bbox 1592 3842 1775 3909; x_wconf 61' lang='lat' dir='ltr'><strong>gloriae</strong></span> <span class='ocrx_word' id='word_1_401' title='bbox 1831 3842 2128 3906; x_wconf 90' lang='lat' dir='ltr'><strong>Dominus,</strong></span> 
     </span>
    </p>
   </div>
   <div class='ocr_carea' id='block_1_57' title="bbox 559 3929 2129 4001">
    <p class='ocr_par' dir='ltr' id='par_1_57' title="bbox 559 3929 2129 4001">
     <span class='ocr_line' id='line_1_57' title="bbox 559 3929 2129 4001; baseline 0.003 -19"><span class='ocrx_word' id='word_1_402' title='bbox 559 3929 671 4001; x_wconf 73' lang='lat'><strong>85</strong></span> <span class='ocrx_word' id='word_1_403' title='bbox 693 3930 916 3999; x_wconf 83' lang='lat' dir='ltr'><strong>gloriam</strong></span> <span class='ocrx_word' id='word_1_404' title='bbox 941 3945 1036 3985; x_wconf 83' lang='lat' dir='ltr'><strong>ceu</strong></span> <span class='ocrx_word' id='word_1_405' title='bbox 1067 3944 1173 3983; x_wconf 83' lang='lat' dir='ltr'><strong>non</strong></span> <span class='ocrx_word' id='word_1_406' title='bbox 1196 3930 1417 3984; x_wconf 85' lang='lat' dir='ltr'><strong>haberet</strong></span> <span class='ocrx_word' id='word_1_407' title='bbox 1449 3945 1477 3983; x_wconf 90' lang='lat' dir='ltr'><strong>a</strong></span> <span class='ocrx_word' id='word_1_408' title='bbox 1500 3931 1657 3985; x_wconf 83' lang='lat' dir='ltr'><strong>Patre</strong></span> <span class='ocrx_word' id='word_1_409' title='bbox 1688 3931 1855 3999; x_wconf 78' lang='lat' dir='ltr'><strong>petit;</strong></span> <span class='ocrx_word' id='word_1_410' title='bbox 1877 3945 2129 3999; x_wconf 73' lang='lat' dir='ltr'><strong>praeterea</strong></span> 
     </span>
    </p>
   </div>
   <div class='ocr_carea' id='block_1_58' title="bbox 561 4020 2129 4090">
    <p class='ocr_par' dir='ltr' id='par_1_58' title="bbox 561 4020 2129 4090">
     <span class='ocr_line' id='line_1_58' title="bbox 561 4020 2129 4090; baseline 0.001 -15"><span class='ocrx_word' id='word_1_411' title='bbox 561 4024 607 4076; x_wconf 87' lang='lat' dir='ltr'><strong>si</strong></span> <span class='ocrx_word' id='word_1_412' title='bbox 636 4036 760 4075; x_wconf 85' lang='lat' dir='ltr'><strong>cum</strong></span> <span class='ocrx_word' id='word_1_413' title='bbox 799 4023 915 4090; x_wconf 81' lang='lat' dir='ltr'><strong>ipse</strong></span> <span class='ocrx_word' id='word_1_414' title='bbox 942 4035 1069 4075; x_wconf 88' lang='lat' dir='ltr'><strong>vere</strong></span> <span class='ocrx_word' id='word_1_415' title='bbox 1089 4021 1159 4076; x_wconf 88' lang='lat' dir='ltr'><strong>sit</strong></span> <span class='ocrx_word' id='word_1_416' title='bbox 1192 4021 1298 4075; x_wconf 90' lang='lat' dir='ltr'><strong>vita</strong></span> <span class='ocrx_word' id='word_1_417' title='bbox 1331 4029 1387 4075; x_wconf 91' lang='lat' dir='ltr'><strong>et</strong></span> <span class='ocrx_word' id='word_1_418' title='bbox 1409 4021 1585 4076; x_wconf 89' lang='lat' dir='ltr'><strong>omnia</strong></span> <span class='ocrx_word' id='word_1_419' title='bbox 1619 4020 1916 4088; x_wconf 81' lang='lat' dir='ltr'><strong>viviﬁcans,</strong></span> <span class='ocrx_word' id='word_1_420' title='bbox 1954 4031 2129 4077; x_wconf 70' lang='lat' dir='ltr'><strong>tamen</strong></span> 
     </span>
    </p>
   </div>
   <div class='ocr_carea' id='block_1_59' title="bbox 561 4112 2132 4185">
    <p class='ocr_par' dir='ltr' id='par_1_59' title="bbox 561 4112 2132 4185">
     <span class='ocr_line' id='line_1_59' title="bbox 561 4112 2132 4185; baseline 0.001 -18"><span class='ocrx_word' id='word_1_421' title='bbox 561 4113 793 4181; x_wconf 85' lang='lat' dir='ltr'><strong>potentia</strong></span> <span class='ocrx_word' id='word_1_422' title='bbox 850 4112 1084 4181; x_wconf 87' lang='lat' dir='ltr'><strong>Spiritus</strong></span> <span class='ocrx_word' id='word_1_423' title='bbox 1131 4113 1495 4168; x_wconf 81' lang='lat' dir='ltr'><strong>resurrexisse</strong></span> <span class='ocrx_word' id='word_1_424' title='bbox 1548 4112 1781 4181; x_wconf 90' lang='lat' dir='ltr'><strong>dicitur;</strong></span> <span class='ocrx_word' id='word_1_425' title='bbox 1818 4115 1862 4169; x_wconf 89' lang='lat' dir='ltr'><strong>si</strong></span> <span class='ocrx_word' id='word_1_426' title='bbox 1900 4114 2132 4185; x_wconf 88' lang='lat' dir='ltr'><strong>denique</strong></span> 
     </span>
    </p>
   </div>
   <div class='ocr_carea' id='block_1_60' title="bbox 558 4204 2131 4275">
    <p class='ocr_par' dir='ltr' id='par_1_60' title="bbox 558 4204 2131 4275">
     <span class='ocr_line' id='line_1_60' title="bbox 558 4204 2131 4275; baseline 0 -14"><span class='ocrx_word' id='word_1_427' title='bbox 558 4221 679 4261; x_wconf 89' lang='lat' dir='ltr'><strong>cum</strong></span> <span class='ocrx_word' id='word_1_428' title='bbox 711 4205 779 4261; x_wconf 90' lang='lat' dir='ltr'><strong>sit</strong></span> <span class='ocrx_word' id='word_1_429' title='bbox 808 4205 953 4260; x_wconf 81' lang='lat' dir='ltr'><strong>Patri</strong></span> <span class='ocrx_word' id='word_1_430' title='bbox 1012 4214 1341 4268; x_wconf 64' lang='lat' dir='ltr'><strong>coaeternus,</strong></span> <span class='ocrx_word' id='word_1_431' title='bbox 1378 4204 1728 4260; x_wconf 87' lang='lat' dir='ltr'><strong>nihilominus</strong></span> <span class='ocrx_word' id='word_1_432' title='bbox 1775 4206 1927 4275; x_wconf 86' lang='lat' dir='ltr'><strong>quasi</strong></span> <span class='ocrx_word' id='word_1_433' title='bbox 1957 4210 2131 4275; x_wconf 83' lang='lat' dir='ltr'><strong>primo</strong></span> 
     </span>
    </p>
   </div>
   <div class='ocr_carea' id='block_1_61' title="bbox 557 4299 2131 4368">
    <p class='ocr_par' dir='ltr' id='par_1_61' title="bbox 557 4299 2131 4368">
     <span class='ocr_line' id='line_1_61' title="bbox 557 4299 2131 4368; baseline 0.002 -16"><span class='ocrx_word' id='word_1_434' title='bbox 557 4300 625 4352; x_wconf 87' lang='lat' dir='ltr'><strong>ad</strong></span> <span class='ocrx_word' id='word_1_435' title='bbox 664 4299 1026 4353; x_wconf 72' lang='lat' dir='ltr'><strong>exsisteudum</strong></span> <span class='ocrx_word' id='word_1_436' title='bbox 1050 4307 1354 4362; x_wconf 85' lang='lat' dir='ltr'><strong>vocaretur,</strong></span> <span class='ocrx_word' id='word_1_437' title='bbox 1384 4313 1493 4367; x_wconf 90' lang='lat' dir='ltr'><strong>quo</strong></span> <span class='ocrx_word' id='word_1_438' title='bbox 1528 4305 1768 4368; x_wconf 90' lang='lat' dir='ltr'><strong>tempore</strong></span> <span class='ocrx_word' id='word_1_439' title='bbox 1816 4299 1994 4355; x_wconf 80' lang='lat' dir='ltr'><strong>factus</strong></span> <span class='ocrx_word' id='word_1_440' title='bbox 2047 4311 2131 4355; x_wconf 89' lang='lat' dir='ltr'><strong>est</strong></span> 
     </span>
    </p>
   </div>
   <div class='ocr_carea' id='block_1_62' title="bbox 558 4388 2127 4456">
    <p class='ocr_par' dir='ltr' id='par_1_62' title="bbox 558 4388 2127 4456">
     <span class='ocr_line' id='line_1_62' title="bbox 558 4388 2127 4456; baseline -0.001 -14"><span class='ocrx_word' id='word_1_441' title='bbox 558 4389 736 4450; x_wconf 84' lang='lat' dir='ltr'><strong>homo,</strong></span> <span class='ocrx_word' id='word_1_442' title='bbox 765 4389 917 4442; x_wconf 89' lang='lat' dir='ltr'><strong>audis</strong></span> <span class='ocrx_word' id='word_1_443' title='bbox 943 4389 1204 4443; x_wconf 81' lang='lat' dir='ltr'><strong>dicentem</strong></span> <span class='ocrx_word' id='word_1_444' title='bbox 1231 4388 1443 4443; x_wconf 77' lang='lat' dir='ltr'><strong>Patrem</strong></span> <span class='ocrx_word' id='word_1_445' title='bbox 1478 4404 1493 4442; x_wconf 91' lang='lat'><strong>:</strong></span> <span class='ocrx_word' id='word_1_446' title='bbox 1536 4407 1555 4440; x_wconf 77' lang='grc' dir='ltr'><strong>ι</strong></span> <span class='ocrx_word' id='word_1_447' title='bbox 1595 4388 1763 4445; x_wconf 86' lang='lat' dir='ltr'><strong>Filius</strong></span> <span class='ocrx_word' id='word_1_448' title='bbox 1789 4404 1937 4444; x_wconf 87' lang='lat' dir='ltr'><strong>meus</strong></span> <span class='ocrx_word' id='word_1_449' title='bbox 1961 4405 2020 4445; x_wconf 88' lang='lat' dir='ltr'><strong>es</strong></span> <span class='ocrx_word' id='word_1_450' title='bbox 2051 4399 2127 4456; x_wconf 91' lang='lat' dir='ltr'><strong>tu,</strong></span> 
     </span>
    </p>
   </div>
   <div class='ocr_carea' id='block_1_63' title="bbox 2238 2027 3782 2103">
    <p class='ocr_par' dir='ltr' id='par_1_63' title="bbox 2238 2027 3782 2103">
     <span class='ocr_line' id='line_1_63' title="bbox 2238 2027 3782 2103; baseline 0.004 -24"><span class='ocrx_word' id='word_1_451' title='bbox 2238 2027 2478 2081; x_wconf 78' lang='grc' dir='ltr'>στέλλειν</span> <span class='ocrx_word' id='word_1_452' title='bbox 2506 2031 2704 2100; x_wconf 81' lang='grc' dir='ltr'>ἡσυχῆ,</span> <span class='ocrx_word' id='word_1_453' title='bbox 2736 2033 2831 2084; x_wconf 73' lang='grc' dir='ltr'><strong>καὶ</strong></span> <span class='ocrx_word' id='word_1_454' title='bbox 2870 2030 3217 2101; x_wconf 80' lang='grc' dir='ltr'>μεταπείθειν</span> <span class='ocrx_word' id='word_1_455' title='bbox 3248 2029 3307 2085; x_wconf 82' lang='grc' dir='ltr'><strong>εὖ</strong></span> <span class='ocrx_word' id='word_1_456' title='bbox 3346 2033 3501 2102; x_wconf 77' lang='grc' dir='ltr'>μάλα</span> <span class='ocrx_word' id='word_1_457' title='bbox 3530 2032 3782 2103; x_wconf 84' lang='grc' dir='ltr'>πολυπρα-</span> 
     </span>
    </p>
   </div>
   <div class='ocr_carea' id='block_1_64' title="bbox 2236 2118 3784 2193">
    <p class='ocr_par' dir='ltr' id='par_1_64' title="bbox 2236 2118 3784 2193">
     <span class='ocr_line' id='line_1_64' title="bbox 2236 2118 3784 2193; baseline 0.002 -21"><span class='ocrx_word' id='word_1_458' title='bbox 2236 2121 2458 2188; x_wconf 84' lang='grc' dir='ltr'>γμονεῖν</span> <span class='ocrx_word' id='word_1_459' title='bbox 2504 2121 2720 2175; x_wconf 77' lang='grc' dir='ltr'>ἑλέσθαι</span> <span class='ocrx_word' id='word_1_460' title='bbox 2760 2122 2830 2175; x_wconf 87' lang='grc' dir='ltr'><strong>τά</strong></span> <span class='ocrx_word' id='word_1_461' title='bbox 2873 2122 3322 2193; x_wconf 79' lang='grc' dir='ltr'>πρεπωδέστερα.</span> <span class='ocrx_word' id='word_1_462' title='bbox 3358 2122 3583 2192; x_wconf 80' lang='grc' dir='ltr'>Ἐπειδὴ</span> <span class='ocrx_word' id='word_1_463' title='bbox 3615 2118 3699 2176; x_wconf 81' lang='grc' dir='ltr'><strong>οὖν</strong></span> <span class='ocrx_word' id='word_1_464' title='bbox 3726 2122 3784 2175; x_wconf 81' lang='grc' dir='ltr'>τὰ</span> 
     </span>
    </p>
   </div>
   <div class='ocr_carea' id='block_1_65' title="bbox 2237 2210 3783 2284">
    <p class='ocr_par' dir='ltr' id='par_1_65' title="bbox 2237 2210 3783 2284">
     <span class='ocr_line' id='line_1_65' title="bbox 2237 2210 3783 2284; baseline 0.003 -24"><span class='ocrx_word' id='word_1_465' title='bbox 2237 2210 2373 2279; x_wconf 83' lang='grc' dir='ltr'>ὑπὲρ</span> <span class='ocrx_word' id='word_1_466' title='bbox 2404 2211 2601 2272; x_wconf 82' lang='grc' dir='ltr'>αὐτοὺς</span> <span class='ocrx_word' id='word_1_467' title='bbox 2636 2210 2828 2282; x_wconf 72' lang='grc' dir='ltr'>ἤθελον</span> <span class='ocrx_word' id='word_1_468' title='bbox 2859 2212 3153 2282; x_wconf 82' lang='grc' dir='ltr'>μανθάνειν</span> <span class='ocrx_word' id='word_1_469' title='bbox 3185 2215 3233 2268; x_wconf 88' lang='grc' dir='ltr'>οἱ</span> <span class='ocrx_word' id='word_1_470' title='bbox 3265 2213 3537 2284; x_wconf 71' lang='grc' dir='ltr'>μαθηταὶ,</span> <span class='ocrx_word' id='word_1_471' title='bbox 3565 2216 3783 2283; x_wconf 84' lang='grc' dir='ltr'>σκήπτε-</span> 
     </span>
    </p>
   </div>
   <div class='ocr_carea' id='block_1_66' title="bbox 2234 2300 3782 2372">
    <p class='ocr_par' dir='ltr' id='par_1_66' title="bbox 2234 2300 3782 2372">
     <span class='ocr_line' id='line_1_66' title="bbox 2234 2300 3782 2372; baseline 0.001 -20"><span class='ocrx_word' id='word_1_472' title='bbox 2234 2316 2323 2353; x_wconf 88' lang='grc' dir='ltr'><strong>ται</strong></span> <span class='ocrx_word' id='word_1_473' title='bbox 2346 2300 2629 2371; x_wconf 83' lang='grc' dir='ltr'>χρησίμως</span> <span class='ocrx_word' id='word_1_474' title='bbox 2661 2301 2724 2353; x_wconf 82' lang='grc' dir='ltr'><strong>τὸ</strong></span> <span class='ocrx_word' id='word_1_475' title='bbox 2746 2300 2820 2372; x_wconf 83' lang='grc' dir='ltr'>μὴ</span> <span class='ocrx_word' id='word_1_476' title='bbox 2848 2301 3049 2355; x_wconf 80' lang='grc' dir='ltr'>εἰδέναι</span> <span class='ocrx_word' id='word_1_477' title='bbox 3071 2301 3206 2354; x_wconf 81' lang='grc' dir='ltr'>καθὸ</span> <span class='ocrx_word' id='word_1_478' title='bbox 3228 2301 3541 2372; x_wconf 83' lang='grc' dir='ltr'>ἄνθρωπος,</span> <span class='ocrx_word' id='word_1_479' title='bbox 3559 2302 3645 2354; x_wconf 89' lang='grc' dir='ltr'><strong>καί</strong></span> <span class='ocrx_word' id='word_1_480' title='bbox 3667 2317 3782 2369; x_wconf 78' lang='grc' dir='ltr'>φησι</span> 
     </span>
    </p>
   </div>
   <div class='ocr_carea' id='block_1_67' title="bbox 2238 2390 3781 2462">
    <p class='ocr_par' dir='ltr' id='par_1_67' title="bbox 2238 2390 3781 2462">
     <span class='ocr_line' id='line_1_67' title="bbox 2238 2390 3781 2462; baseline 0 -20"><span class='ocrx_word' id='word_1_481' title='bbox 2238 2390 2371 2459; x_wconf 85' lang='grc' dir='ltr'>μηδὲ</span> <span class='ocrx_word' id='word_1_482' title='bbox 2403 2391 2598 2452; x_wconf 86' lang='grc' dir='ltr'>αὐτοὺς</span> <span class='ocrx_word' id='word_1_483' title='bbox 2634 2391 2830 2444; x_wconf 86' lang='grc' dir='ltr'>εἰδέναι</span> <span class='ocrx_word' id='word_1_484' title='bbox 2866 2393 2991 2454; x_wconf 78' lang='grc' dir='ltr'>τοὺς</span> <span class='ocrx_word' id='word_1_485' title='bbox 3031 2391 3172 2444; x_wconf 78' lang='grc' dir='ltr'>κατὰ</span> <span class='ocrx_word' id='word_1_486' title='bbox 3206 2391 3299 2445; x_wconf 82' lang='grc' dir='ltr'><strong>τὸν</strong></span> <span class='ocrx_word' id='word_1_487' title='bbox 3342 2392 3580 2462; x_wconf 80' lang='grc' dir='ltr'>οὐρανὸν</span> <span class='ocrx_word' id='word_1_488' title='bbox 3614 2391 3781 2458; x_wconf 85' lang='grc' dir='ltr'>ἁγίους</span> 
     </span>
    </p>
   </div>
   <div class='ocr_carea' id='block_1_68' title="bbox 2234 2481 3782 2554">
    <p class='ocr_par' dir='ltr' id='par_1_68' title="bbox 2234 2481 3782 2554">
     <span class='ocr_line' id='line_1_68' title="bbox 2234 2481 3782 2554; baseline -0.001 -20"><span class='ocrx_word' id='word_1_489' title='bbox 2234 2481 2514 2549; x_wconf 80' lang='grc' dir='ltr'>ἀγγέλους,</span> <span class='ocrx_word' id='word_1_490' title='bbox 2572 2482 2659 2535; x_wconf 79' lang='grc' dir='ltr'>ἵνα</span> <span class='ocrx_word' id='word_1_491' title='bbox 2695 2482 2777 2553; x_wconf 73' lang='grc' dir='ltr'>μὴ</span> <span class='ocrx_word' id='word_1_492' title='bbox 2805 2482 3083 2535; x_wconf 82' lang='grc' dir='ltr'>λυπῶνται</span> <span class='ocrx_word' id='word_1_493' title='bbox 3116 2483 3191 2545; x_wconf 84' lang='grc' dir='ltr'>ὡς</span> <span class='ocrx_word' id='word_1_494' title='bbox 3227 2483 3301 2554; x_wconf 77' lang='grc' dir='ltr'>μὴ</span> <span class='ocrx_word' id='word_1_495' title='bbox 3338 2483 3698 2553; x_wconf 77' lang='grc' dir='ltr'>θαρῤηθέντες</span> <span class='ocrx_word' id='word_1_496' title='bbox 3730 2482 3782 2534; x_wconf 78' lang='grc' dir='ltr'><strong>τὸ</strong></span> 
     </span>
    </p>
   </div>
   <div class='ocr_carea' id='block_1_69' title="bbox 2236 2570 3782 2644">
    <p class='ocr_par' dir='ltr' id='par_1_69' title="bbox 2236 2570 3782 2644">
     <span class='ocr_line' id='line_1_69' title="bbox 2236 2570 3782 2644; baseline 0.003 -23"><span class='ocrx_word' id='word_1_497' title='bbox 2236 2570 2476 2641; x_wconf 88' lang='grc' dir='ltr'>μέτριον.</span> <span class='ocrx_word' id='word_1_498' title='bbox 2510 2571 2621 2623; x_wconf 77' lang='grc' dir='ltr'>Καὶ</span> <span class='ocrx_word' id='word_1_499' title='bbox 2647 2572 2748 2641; x_wconf 84' lang='grc' dir='ltr'><strong>δρα</strong></span> <span class='ocrx_word' id='word_1_500' title='bbox 2782 2570 2898 2634; x_wconf 79' lang='grc' dir='ltr'>πῶς</span> <span class='ocrx_word' id='word_1_501' title='bbox 2946 2573 3178 2644; x_wconf 76' lang='grc' dir='ltr'>ἠρεμεῖν</span> <span class='ocrx_word' id='word_1_502' title='bbox 3207 2573 3500 2626; x_wconf 83' lang='grc' dir='ltr'>ἀναπείθει</span> <span class='ocrx_word' id='word_1_503' title='bbox 3532 2572 3782 2642; x_wconf 74' lang='grc' dir='ltr'>λογισμοῖς</span> 
     </span>
    </p>
   </div>
   <div class='ocr_carea' id='block_1_70' title="bbox 2231 2662 3781 2734">
    <p class='ocr_par' dir='ltr' id='par_1_70' title="bbox 2231 2662 3781 2734">
     <span class='ocr_line' id='line_1_70' title="bbox 2231 2662 3781 2734; baseline 0 -19"><span class='ocrx_word' id='word_1_504' title='bbox 2231 2662 2484 2727; x_wconf 76' lang='grc' dir='ltr'>οἰκείοις,</span> <span class='ocrx_word' id='word_1_505' title='bbox 2515 2663 2609 2715; x_wconf 80' lang='grc' dir='ltr'>καὶ</span> <span class='ocrx_word' id='word_1_506' title='bbox 2640 2662 2965 2729; x_wconf 59' lang='grc' dir='ltr'>ἐκδυσωτίεῖ,</span> <span class='ocrx_word' id='word_1_507' title='bbox 3004 2665 3085 2717; x_wconf 84' lang='grc' dir='ltr'><strong>ὅτι</strong></span> <span class='ocrx_word' id='word_1_508' title='bbox 3125 2663 3260 2734; x_wconf 86' lang='grc' dir='ltr'>μηδὲ</span> <span class='ocrx_word' id='word_1_509' title='bbox 3302 2664 3562 2733; x_wconf 79' lang='grc' dir='ltr'>ἀγγέλοις</span> <span class='ocrx_word' id='word_1_510' title='bbox 3598 2663 3781 2717; x_wconf 80' lang='grc' dir='ltr'>ἀπεκά-</span> 
     </span>
    </p>
   </div>
   <div class='ocr_carea' id='block_1_71' title="bbox 2231 2750 3775 2824">
    <p class='ocr_par' dir='ltr' id='par_1_71' title="bbox 2231 2750 3775 2824">
     <span class='ocr_line' id='line_1_71' title="bbox 2231 2750 3775 2824; baseline 0.001 -20"><span class='ocrx_word' id='word_1_511' title='bbox 2231 2750 2396 2822; x_wconf 78' lang='grc' dir='ltr'>λυψεν</span> <span class='ocrx_word' id='word_1_512' title='bbox 2422 2752 2451 2804; x_wconf 88' lang='grc' dir='ltr'><strong>ὀ</strong></span> <span class='ocrx_word' id='word_1_513' title='bbox 2484 2753 2695 2823; x_wconf 85' lang='grc' dir='ltr'>Πατὴρ,</span> <span class='ocrx_word' id='word_1_514' title='bbox 2730 2752 2865 2823; x_wconf 76' lang='grc' dir='ltr'>μηδὲ</span> <span class='ocrx_word' id='word_1_515' title='bbox 2908 2751 3059 2823; x_wconf 84' lang='grc' dir='ltr'>αὑτῷ</span> <span class='ocrx_word' id='word_1_516' title='bbox 3087 2752 3165 2822; x_wconf 84' lang='grc' dir='ltr'>τῷ</span> <span class='ocrx_word' id='word_1_517' title='bbox 3201 2752 3315 2824; x_wconf 84' lang='grc' dir='ltr'><strong>Υίῷ</strong></span> <span class='ocrx_word' id='word_1_518' title='bbox 3340 2752 3633 2807; x_wconf 76' lang='grc' dir='ltr'>καθίστατο</span> <span class='ocrx_word' id='word_1_519' title='bbox 3655 2757 3775 2820; x_wconf 78' lang='grc' dir='ltr'>γνῶ-</span> 
     </span>
    </p>
   </div>
   <div class='ocr_carea' id='block_1_72' title="bbox 2237 2859 2415 2912">
    <p class='ocr_par' dir='ltr' id='par_1_72' title="bbox 2237 2859 2415 2912">
     <span class='ocr_line' id='line_1_72' title="bbox 2237 2859 2415 2912; baseline 0.017 -19"><span class='ocrx_word' id='word_1_520' title='bbox 2237 2859 2415 2912; x_wconf 84' lang='grc' dir='ltr'>ριμον.</span> 
     </span>
    </p>
   </div>
   <div class='ocr_carea' id='block_1_73' title="bbox 2231 3020 3782 3089">
    <p class='ocr_par' dir='ltr' id='par_1_73' title="bbox 2231 3020 3782 3089">
     <span class='ocr_line' id='line_1_73' title="bbox 2231 3020 3782 3089; baseline 0.001 -15"><span class='ocrx_word' id='word_1_521' title='bbox 2231 3020 2532 3089; x_wconf 74' lang='grc' dir='ltr'>Κυρίλλου</span> <span class='ocrx_word' id='word_1_522' title='bbox 2571 3021 2639 3074; x_wconf 74' lang='grc' dir='ltr'>ἐκ</span> <span class='ocrx_word' id='word_1_523' title='bbox 2683 3020 2786 3075; x_wconf 79' lang='grc' dir='ltr'>τοῦ</span> <span class='ocrx_word' id='word_1_524' title='bbox 2852 3023 2941 3087; x_wconf 82' lang='grc' dir='ltr'>εἰς</span> <span class='ocrx_word' id='word_1_525' title='bbox 2992 3023 3057 3075; x_wconf 85' lang='grc' dir='ltr'>τὸ</span> <span class='ocrx_word' id='word_1_526' title='bbox 3124 3022 3277 3077; x_wconf 81' lang='grc' dir='ltr'>κατὰ</span> <span class='ocrx_word' id='word_1_527' title='bbox 3312 3021 3614 3079; x_wconf 75' lang='grc' dir='ltr'>Ματθαῖον</span> <span class='ocrx_word' id='word_1_528' title='bbox 3654 3024 3782 3077; x_wconf 80' lang='grc' dir='ltr'>ὑπσ-</span> 
     </span>
    </p>
   </div>
   <div class='ocr_carea' id='block_1_74' title="bbox 2846 3112 3175 3182">
    <p class='ocr_par' dir='ltr' id='par_1_74' title="bbox 2846 3112 3175 3182">
     <span class='ocr_line' id='line_1_74' title="bbox 2846 3112 3175 3182; baseline -0.009 -1"><span class='ocrx_word' id='word_1_529' title='bbox 2846 3112 3175 3182; x_wconf 77' lang='grc' dir='ltr'><strong>μνήματος.</strong></span> 
     </span>
    </p>
   </div>
   <div class='ocr_carea' id='block_1_75' title="bbox 2313 3202 3783 3274">
    <p class='ocr_par' dir='ltr' id='par_1_75' title="bbox 2313 3202 3783 3274">
     <span class='ocr_line' id='line_1_75' title="bbox 2313 3202 3783 3274; baseline -0.001 -17"><span class='ocrx_word' id='word_1_530' title='bbox 2313 3204 2663 3274; x_wconf 84' lang='grc' dir='ltr'>Ἦγνοηκέναι</span> <span class='ocrx_word' id='word_1_531' title='bbox 2682 3203 2758 3272; x_wconf 82' lang='grc'><strong>(1)</strong></span> <span class='ocrx_word' id='word_1_532' title='bbox 2776 3202 2834 3256; x_wconf 82' lang='grc' dir='ltr'><strong>δέ</strong></span> <span class='ocrx_word' id='word_1_533' title='bbox 2858 3220 2930 3272; x_wconf 83' lang='grc' dir='ltr'>φη</span> <span class='ocrx_word' id='word_1_534' title='bbox 2940 3220 3021 3255; x_wconf 86' lang='grc' dir='ltr'><strong>σιν</strong></span> <span class='ocrx_word' id='word_1_535' title='bbox 3043 3219 3057 3231; x_wconf 90' lang='grc'><strong>·</strong></span> <span class='ocrx_word' id='word_1_536' title='bbox 3080 3204 3180 3256; x_wconf 84' lang='grc' dir='ltr'><strong>οὐκ</strong></span> <span class='ocrx_word' id='word_1_537' title='bbox 3207 3203 3450 3274; x_wconf 77' lang='grc' dir='ltr'>ἠγνόηκε</span> <span class='ocrx_word' id='word_1_538' title='bbox 3478 3203 3623 3268; x_wconf 84' lang='grc' dir='ltr'>Θεός.</span> <span class='ocrx_word' id='word_1_539' title='bbox 3662 3203 3783 3257; x_wconf 79' lang='grc' dir='ltr'>Ἀλλ’</span> 
     </span>
    </p>
   </div>
   <div class='ocr_carea' id='block_1_76' title="bbox 2229 3293 3783 3364">
    <p class='ocr_par' dir='ltr' id='par_1_76' title="bbox 2229 3293 3783 3364">
     <span class='ocr_line' id='line_1_76' title="bbox 2229 3293 3783 3364; baseline -0.003 -15"><span class='ocrx_word' id='word_1_540' title='bbox 2229 3296 2278 3349; x_wconf 81' lang='grc' dir='ltr'>εἰ</span> <span class='ocrx_word' id='word_1_541' title='bbox 2333 3295 2427 3348; x_wconf 71' lang='grc' dir='ltr'><strong>καὶ</strong></span> <span class='ocrx_word' id='word_1_542' title='bbox 2470 3295 2631 3357; x_wconf 85' lang='grc' dir='ltr'>αὐτὸς</span> <span class='ocrx_word' id='word_1_543' title='bbox 2662 3293 2840 3346; x_wconf 86' lang='grc' dir='ltr'>καίτοι</span> <span class='ocrx_word' id='word_1_544' title='bbox 2871 3294 3003 3355; x_wconf 79' lang='grc' dir='ltr'>Θεὸς</span> <span class='ocrx_word' id='word_1_545' title='bbox 3035 3293 3111 3346; x_wconf 87' lang='grc' dir='ltr'>ὣν</span> <span class='ocrx_word' id='word_1_546' title='bbox 3144 3294 3335 3363; x_wconf 89' lang='grc' dir='ltr'>Λόγος,</span> <span class='ocrx_word' id='word_1_547' title='bbox 3375 3295 3562 3364; x_wconf 82' lang='grc' dir='ltr'>γέγονέ</span> <span class='ocrx_word' id='word_1_548' title='bbox 3609 3312 3663 3347; x_wconf 82' lang='grc' dir='ltr'><strong>τε</strong></span> <span class='ocrx_word' id='word_1_549' title='bbox 3702 3296 3783 3349; x_wconf 72' lang='grc' dir='ltr'><strong>καὶ</strong></span> 
     </span>
    </p>
   </div>
   <div class='ocr_carea' id='block_1_77' title="bbox 2230 3384 3783 3457">
    <p class='ocr_par' dir='ltr' id='par_1_77' title="bbox 2230 3384 3783 3457">
     <span class='ocr_line' id='line_1_77' title="bbox 2230 3384 3783 3457; baseline -0.002 -17"><span class='ocrx_word' id='word_1_550' title='bbox 2230 3386 2634 3457; x_wconf 84' lang='grc' dir='ltr'>κεχρημάτικεν</span> <span class='ocrx_word' id='word_1_551' title='bbox 2668 3386 2974 3456; x_wconf 79' lang='grc' dir='ltr'>ἄνθρωπος,</span> <span class='ocrx_word' id='word_1_552' title='bbox 3013 3384 3073 3448; x_wconf 81' lang='grc' dir='ltr'>ὃς</span> <span class='ocrx_word' id='word_1_553' title='bbox 3108 3386 3292 3453; x_wconf 82' lang='grc' dir='ltr'>ἀγνοεῖ</span> <span class='ocrx_word' id='word_1_554' title='bbox 3318 3386 3392 3439; x_wconf 83' lang='grc' dir='ltr'>τὰ</span> <span class='ocrx_word' id='word_1_555' title='bbox 3417 3387 3641 3457; x_wconf 78' lang='grc' dir='ltr'>ἐσόμενα</span> <span class='ocrx_word' id='word_1_556' title='bbox 3663 3386 3783 3438; x_wconf 72' lang='grc' dir='ltr'>κατά</span> 
     </span>
    </p>
   </div>
   <div class='ocr_carea' id='block_1_78' title="bbox 2228 3475 3779 3549">
    <p class='ocr_par' dir='ltr' id='par_1_78' title="bbox 2228 3475 3779 3549">
     <span class='ocr_line' id='line_1_78' title="bbox 2228 3475 3779 3549; baseline -0.001 -20"><span class='ocrx_word' id='word_1_557' title='bbox 2228 3493 2293 3544; x_wconf 87' lang='grc' dir='ltr'><strong>γε</strong></span> <span class='ocrx_word' id='word_1_558' title='bbox 2323 3477 2422 3546; x_wconf 84' lang='grc' dir='ltr'>τὴν</span> <span class='ocrx_word' id='word_1_559' title='bbox 2448 3476 2584 3529; x_wconf 78' lang='grc' dir='ltr'>ἰδίαν</span> <span class='ocrx_word' id='word_1_560' title='bbox 2609 3475 2770 3545; x_wconf 85' lang='grc' dir='ltr'>φύσιν</span> <span class='ocrx_word' id='word_1_561' title='bbox 2799 3476 2893 3529; x_wconf 78' lang='grc' dir='ltr'><strong>καὶ</strong></span> <span class='ocrx_word' id='word_1_562' title='bbox 2922 3475 2982 3529; x_wconf 82' lang='grc' dir='ltr'><strong>τὸ</strong></span> <span class='ocrx_word' id='word_1_563' title='bbox 3013 3476 3110 3545; x_wconf 83' lang='grc' dir='ltr'><strong>τῆς</strong></span> <span class='ocrx_word' id='word_1_564' title='bbox 3139 3476 3561 3549; x_wconf 82' lang='grc' dir='ltr'>ἀνθρωπότητος</span> <span class='ocrx_word' id='word_1_565' title='bbox 3588 3478 3779 3548; x_wconf 83' lang='grc' dir='ltr'>μέτρον,</span> 
     </span>
    </p>
   </div>
   <div class='ocr_carea' id='block_1_79' title="bbox 2228 3566 3779 3637">
    <p class='ocr_par' dir='ltr' id='par_1_79' title="bbox 2228 3566 3779 3637">
     <span class='ocr_line' id='line_1_79' title="bbox 2228 3566 3779 3637; baseline -0.001 -18"><span class='ocrx_word' id='word_1_566' title='bbox 2228 3568 2439 3637; x_wconf 80' lang='grc' dir='ltr'>δέχεται</span> <span class='ocrx_word' id='word_1_567' title='bbox 2477 3566 2535 3619; x_wconf 81' lang='grc' dir='ltr'>δὲ</span> <span class='ocrx_word' id='word_1_568' title='bbox 2566 3567 2823 3629; x_wconf 80' lang='grc' dir='ltr'>πολλάκις</span> <span class='ocrx_word' id='word_1_569' title='bbox 2858 3567 2915 3632; x_wconf 75' lang='grc' dir='ltr'>ἐξ</span> <span class='ocrx_word' id='word_1_570' title='bbox 2958 3566 3359 3636; x_wconf 75' lang='grc' dir='ltr'>ἀποκαλύψεως</span> <span class='ocrx_word' id='word_1_571' title='bbox 3398 3567 3551 3622; x_wconf 78' lang='grc' dir='ltr'>Θεοῦ.</span> <span class='ocrx_word' id='word_1_572' title='bbox 3586 3568 3687 3620; x_wconf 78' lang='grc' dir='ltr'>Καὶ</span> <span class='ocrx_word' id='word_1_573' title='bbox 3717 3566 3779 3637; x_wconf 88' lang='grc' dir='ltr'>μή</span> 
     </span>
    </p>
   </div>
   <div class='ocr_carea' id='block_1_80' title="bbox 2229 3659 3783 3731">
    <p class='ocr_par' dir='ltr' id='par_1_80' title="bbox 2229 3659 3783 3731">
     <span class='ocr_line' id='line_1_80' title="bbox 2229 3659 3783 3731; baseline -0.003 -18"><span class='ocrx_word' id='word_1_574' title='bbox 2229 3678 2309 3713; x_wconf 87' lang='grc' dir='ltr'><strong>τοι</strong></span> <span class='ocrx_word' id='word_1_575' title='bbox 2348 3660 2633 3729; x_wconf 73' lang='grc' dir='ltr'>θαυμάσῃς</span> <span class='ocrx_word' id='word_1_576' title='bbox 2664 3660 2713 3711; x_wconf 80' lang='grc' dir='ltr'>εἰ</span> <span class='ocrx_word' id='word_1_577' title='bbox 2751 3660 2811 3711; x_wconf 73' lang='grc' dir='ltr'>τὸ</span> <span class='ocrx_word' id='word_1_578' title='bbox 2837 3659 2935 3729; x_wconf 85' lang='grc' dir='ltr'>τῆς</span> <span class='ocrx_word' id='word_1_579' title='bbox 2962 3659 3184 3728; x_wconf 82' lang='grc' dir='ltr'>ἀγνοίας</span> <span class='ocrx_word' id='word_1_580' title='bbox 3218 3661 3584 3731; x_wconf 81' lang='grc' dir='ltr'>καταδέχεται</span> <span class='ocrx_word' id='word_1_581' title='bbox 3614 3675 3783 3729; x_wconf 85' lang='grc' dir='ltr'>μικρο-</span> 
     </span>
    </p>
   </div>
   <div class='ocr_carea' id='block_1_81' title="bbox 2232 3750 3780 3823">
    <p class='ocr_par' dir='ltr' id='par_1_81' title="bbox 2232 3750 3780 3823">
     <span class='ocr_line' id='line_1_81' title="bbox 2232 3750 3780 3823; baseline -0.003 -20"><span class='ocrx_word' id='word_1_582' title='bbox 2232 3753 2438 3823; x_wconf 69' lang='grc' dir='ltr'>πρεπὲς</span> <span class='ocrx_word' id='word_1_583' title='bbox 2480 3750 2555 3823; x_wconf 72' lang='grc'><strong>(2)</strong></span> <span class='ocrx_word' id='word_1_584' title='bbox 2581 3768 2595 3781; x_wconf 85' lang='grc'><strong>·</strong></span> <span class='ocrx_word' id='word_1_585' title='bbox 2636 3753 2684 3804; x_wconf 85' lang='grc' dir='ltr'><strong>εί</strong></span> <span class='ocrx_word' id='word_1_586' title='bbox 2729 3751 2839 3821; x_wconf 82' lang='grc' dir='ltr'><strong>γὰρ</strong></span> <span class='ocrx_word' id='word_1_587' title='bbox 2888 3751 3163 3820; x_wconf 84' lang='grc' dir='ltr'>Δεσπότης</span> <span class='ocrx_word' id='word_1_588' title='bbox 3214 3751 3499 3823; x_wconf 81' lang='grc' dir='ltr'>ὑπάρχων,</span> <span class='ocrx_word' id='word_1_589' title='bbox 3548 3752 3780 3820; x_wconf 79' lang='grc' dir='ltr'>κέκληται</span> 
     </span>
    </p>
   </div>
   <div class='ocr_carea' id='block_1_82' title="bbox 2230 3841 3779 3914">
    <p class='ocr_par' dir='ltr' id='par_1_82' title="bbox 2230 3841 3779 3914">
     <span class='ocr_line' id='line_1_82' title="bbox 2230 3841 3779 3914; baseline -0.003 -17"><span class='ocrx_word' id='word_1_590' title='bbox 2230 3844 2413 3906; x_wconf 85' lang='grc' dir='ltr'>δοῦλος</span> <span class='ocrx_word' id='word_1_591' title='bbox 2444 3843 2531 3896; x_wconf 80' lang='grc' dir='ltr'>διὰ</span> <span class='ocrx_word' id='word_1_592' title='bbox 2558 3843 2647 3897; x_wconf 88' lang='grc' dir='ltr'><strong>τδν</strong></span> <span class='ocrx_word' id='word_1_593' title='bbox 2671 3842 2975 3914; x_wconf 83' lang='grc' dir='ltr'>ἄνθρωπον,</span> <span class='ocrx_word' id='word_1_594' title='bbox 3006 3844 3101 3895; x_wconf 80' lang='grc' dir='ltr'><strong>καὶ</strong></span> <span class='ocrx_word' id='word_1_595' title='bbox 3133 3843 3333 3913; x_wconf 82' lang='grc' dir='ltr'>Κύριος</span> <span class='ocrx_word' id='word_1_596' title='bbox 3372 3843 3449 3896; x_wconf 84' lang='grc' dir='ltr'><strong>ὢν</strong></span> <span class='ocrx_word' id='word_1_597' title='bbox 3489 3844 3583 3912; x_wconf 81' lang='grc' dir='ltr'>τῆς</span> <span class='ocrx_word' id='word_1_598' title='bbox 3618 3841 3779 3907; x_wconf 82' lang='grc' dir='ltr'>δόξης,</span> 
     </span>
    </p>
   </div>
   <div class='ocr_carea' id='block_1_83' title="bbox 2230 3928 3780 4005">
    <p class='ocr_par' dir='ltr' id='par_1_83' title="bbox 2230 3928 3780 4005">
     <span class='ocr_line' id='line_1_83' title="bbox 2230 3928 3780 4005; baseline -0.005 -18"><span class='ocrx_word' id='word_1_599' title='bbox 2230 3935 2385 3999; x_wconf 78' lang='grc' dir='ltr'>δόξαν</span> <span class='ocrx_word' id='word_1_600' title='bbox 2408 3934 2483 3999; x_wconf 86' lang='grc' dir='ltr'>ὡς</span> <span class='ocrx_word' id='word_1_601' title='bbox 2514 3936 2615 3988; x_wconf 80' lang='grc' dir='ltr'><strong>οὐκ</strong></span> <span class='ocrx_word' id='word_1_602' title='bbox 2638 3933 2777 4005; x_wconf 76' lang='grc' dir='ltr'>ἔχων</span> <span class='ocrx_word' id='word_1_603' title='bbox 2808 3935 2951 3987; x_wconf 82' lang='grc' dir='ltr'>αἰτεῖ</span> <span class='ocrx_word' id='word_1_604' title='bbox 2982 3933 3134 4004; x_wconf 87' lang='grc' dir='ltr'><strong>παρά</strong></span> <span class='ocrx_word' id='word_1_605' title='bbox 3162 3933 3404 4003; x_wconf 81' lang='grc' dir='ltr'>Πατρὸς,</span> <span class='ocrx_word' id='word_1_606' title='bbox 3432 3934 3525 3986; x_wconf 82' lang='grc' dir='ltr'>καὶ</span> <span class='ocrx_word' id='word_1_607' title='bbox 3547 3932 3693 3992; x_wconf 84' lang='grc' dir='ltr'>αὐτὸς</span> <span class='ocrx_word' id='word_1_608' title='bbox 3715 3928 3780 3980; x_wconf 83' lang='grc' dir='ltr'>ὣν</span> 
     </span>
    </p>
   </div>
   <div class='ocr_carea' id='block_1_84' title="bbox 2232 4020 3780 4094">
    <p class='ocr_par' dir='ltr' id='par_1_84' title="bbox 2232 4020 3780 4094">
     <span class='ocr_line' id='line_1_84' title="bbox 2232 4020 3780 4094; baseline -0.006 -16"><span class='ocrx_word' id='word_1_609' title='bbox 2232 4025 2374 4078; x_wconf 86' lang='grc' dir='ltr'><strong>κατά</strong></span> <span class='ocrx_word' id='word_1_610' title='bbox 2404 4024 2660 4094; x_wconf 84' lang='grc' dir='ltr'>ἀλήθειαν</span> <span class='ocrx_word' id='word_1_611' title='bbox 2691 4025 2729 4094; x_wconf 81' lang='grc' dir='ltr'>ή</span> <span class='ocrx_word' id='word_1_612' title='bbox 2773 4023 2886 4094; x_wconf 77' lang='grc' dir='ltr'>ζωὴ</span> <span class='ocrx_word' id='word_1_613' title='bbox 2924 4023 3019 4076; x_wconf 79' lang='grc' dir='ltr'>καὶ</span> <span class='ocrx_word' id='word_1_614' title='bbox 3065 4024 3241 4077; x_wconf 84' lang='grc' dir='ltr'>πάντα</span> <span class='ocrx_word' id='word_1_615' title='bbox 3276 4023 3579 4092; x_wconf 65' lang='grc' dir='ltr'>ζωογονιῖω,</span> <span class='ocrx_word' id='word_1_616' title='bbox 3617 4022 3669 4074; x_wconf 85' lang='grc' dir='ltr'>ἐν</span> <span class='ocrx_word' id='word_1_617' title='bbox 3701 4020 3780 4071; x_wconf 87' lang='grc' dir='ltr'>δυ-</span> 
     </span>
    </p>
   </div>
   <div class='ocr_carea' id='block_1_85' title="bbox 2231 4110 3775 4186">
    <p class='ocr_par' dir='ltr' id='par_1_85' title="bbox 2231 4110 3775 4186">
     <span class='ocr_line' id='line_1_85' title="bbox 2231 4110 3775 4186; baseline -0.005 -17"><span class='ocrx_word' id='word_1_618' title='bbox 2231 4116 2392 4186; x_wconf 81' lang='grc' dir='ltr'>νάμει</span> <span class='ocrx_word' id='word_1_619' title='bbox 2417 4116 2512 4169; x_wconf 83' lang='grc' dir='ltr'>τοῦ</span> <span class='ocrx_word' id='word_1_620' title='bbox 2540 4115 2855 4185; x_wconf 85' lang='grc' dir='ltr'>Πνεύματος</span> <span class='ocrx_word' id='word_1_621' title='bbox 2884 4114 3185 4185; x_wconf 79' lang='grc' dir='ltr'>ὲγηγέρθαι</span> <span class='ocrx_word' id='word_1_622' title='bbox 3217 4114 3462 4182; x_wconf 82' lang='grc' dir='ltr'>λέγεται,</span> <span class='ocrx_word' id='word_1_623' title='bbox 3492 4115 3582 4167; x_wconf 72' lang='lat' dir='ltr'><strong>xui.</strong></span> <span class='ocrx_word' id='word_1_624' title='bbox 3614 4110 3775 4164; x_wconf 83' lang='grc' dir='ltr'>συναΐ-</span> 
     </span>
    </p>
   </div>
   <div class='ocr_carea' id='block_1_86' title="bbox 2230 4201 3779 4278">
    <p class='ocr_par' dir='ltr' id='par_1_86' title="bbox 2230 4201 3779 4278">
     <span class='ocr_line' id='line_1_86' title="bbox 2230 4201 3779 4278; baseline -0.002 -19"><span class='ocrx_word' id='word_1_625' title='bbox 2230 4207 2338 4271; x_wconf 87' lang='grc' dir='ltr'>διος</span> <span class='ocrx_word' id='word_1_626' title='bbox 2374 4207 2449 4261; x_wconf 86' lang='grc' dir='ltr'>ὣν</span> <span class='ocrx_word' id='word_1_627' title='bbox 2476 4205 2554 4277; x_wconf 85' lang='grc' dir='ltr'>τῷ</span> <span class='ocrx_word' id='word_1_628' title='bbox 2582 4206 2873 4278; x_wconf 70' lang='grc' dir='ltr'>Πατρὶ,’ὠς</span> <span class='ocrx_word' id='word_1_629' title='bbox 2907 4208 2987 4269; x_wconf 79' lang='grc' dir='ltr'>εἰς</span> <span class='ocrx_word' id='word_1_630' title='bbox 3019 4205 3193 4276; x_wconf 81' lang='grc' dir='ltr'>ἀρχὰς</span> <span class='ocrx_word' id='word_1_631' title='bbox 3225 4205 3317 4258; x_wconf 76' lang='grc' dir='ltr'>τοῦ</span> <span class='ocrx_word' id='word_1_632' title='bbox 3360 4201 3500 4258; x_wconf 85' lang='grc' dir='ltr'>εἶναι</span> <span class='ocrx_word' id='word_1_633' title='bbox 3535 4201 3779 4272; x_wconf 85' lang='grc' dir='ltr'>κεκλημέ-</span> 
     </span>
    </p>
   </div>
   <div class='ocr_carea' id='block_1_87' title="bbox 2232 4294 3778 4366">
    <p class='ocr_par' dir='ltr' id='par_1_87' title="bbox 2232 4294 3778 4366">
     <span class='ocr_line' id='line_1_87' title="bbox 2232 4294 3778 4366; baseline -0.006 -15"><span class='ocrx_word' id='word_1_634' title='bbox 2232 4315 2341 4362; x_wconf 85' lang='grc' dir='ltr'>νος,</span> <span class='ocrx_word' id='word_1_635' title='bbox 2391 4298 2481 4350; x_wconf 84' lang='grc' dir='ltr'>ὂτε</span> <span class='ocrx_word' id='word_1_636' title='bbox 2530 4298 2623 4349; x_wconf 78' lang='grc' dir='ltr'><strong>καὶ</strong></span> <span class='ocrx_word' id='word_1_637' title='bbox 2670 4296 2792 4349; x_wconf 86' lang='grc' dir='ltr'>καθ’</span> <span class='ocrx_word' id='word_1_638' title='bbox 2823 4297 2970 4365; x_wconf 81' lang='grc' dir='ltr'>ἡμᾶς</span> <span class='ocrx_word' id='word_1_639' title='bbox 3007 4296 3227 4364; x_wconf 84' lang='grc' dir='ltr'>γέγονεν</span> <span class='ocrx_word' id='word_1_640' title='bbox 3278 4296 3583 4366; x_wconf 80' lang='grc' dir='ltr'>ἄνθρωπος,</span> <span class='ocrx_word' id='word_1_641' title='bbox 3638 4294 3778 4345; x_wconf 76' lang='grc' dir='ltr'>ἄκουε</span> 
     </span>
    </p>
   </div>
   <div class='ocr_carea' id='block_1_88' title="bbox 2233 4382 3780 4458">
    <p class='ocr_par' dir='ltr' id='par_1_88' title="bbox 2233 4382 3780 4458">
     <span class='ocr_line' id='line_1_88' title="bbox 2233 4382 3780 4458; baseline -0.004 -18"><span class='ocrx_word' id='word_1_642' title='bbox 2233 4388 2477 4457; x_wconf 81' lang='grc' dir='ltr'>λέγοντος</span> <span class='ocrx_word' id='word_1_643' title='bbox 2516 4386 2681 4441; x_wconf 76' lang='grc' dir='ltr'>αὐτοῦ</span> <span class='ocrx_word' id='word_1_644' title='bbox 2706 4404 2719 4417; x_wconf 73' lang='grc' dir='ltr'><strong>ο</strong></span> <span class='ocrx_word' id='word_1_645' title='bbox 2760 4407 2777 4438; x_wconf 77' lang='grc' dir='ltr'><strong>ι</strong></span> <span class='ocrx_word' id='word_1_646' title='bbox 2820 4387 2946 4451; x_wconf 84' lang='grc' dir='ltr'>Υἱός</span> <span class='ocrx_word' id='word_1_647' title='bbox 2975 4406 3075 4458; x_wconf 92' lang='grc' dir='ltr'><strong>μου</strong></span> <span class='ocrx_word' id='word_1_648' title='bbox 3099 4382 3151 4439; x_wconf 81' lang='grc' dir='ltr'>εἷ</span> <span class='ocrx_word' id='word_1_649' title='bbox 3183 4388 3269 4450; x_wconf 76' lang='grc' dir='ltr'><strong>σὺ,</strong></span> <span class='ocrx_word' id='word_1_650' title='bbox 3304 4386 3418 4454; x_wconf 70' lang='grc' dir='ltr'>ἐγὼ</span> <span class='ocrx_word' id='word_1_651' title='bbox 3456 4389 3679 4457; x_wconf 82' lang='grc' dir='ltr'>σήμερον</span> <span class='ocrx_word' id='word_1_652' title='bbox 3705 4399 3780 4450; x_wconf 83' lang='grc' dir='ltr'>γε-</span> 
     </span>
    </p>
   </div>
   <div class='ocr_carea' id='block_1_89' title="bbox 557 4471 2129 4551">
    <p class='ocr_par' dir='ltr' id='par_1_89' title="bbox 557 4479 2125 4548">
     <span class='ocr_line' id='line_1_89' title="bbox 557 4479 2125 4548; baseline 0.003 -17"><span class='ocrx_word' id='word_1_653' title='bbox 557 4494 661 4548; x_wconf 83' lang='lat' dir='ltr'><strong>ego</strong></span> <span class='ocrx_word' id='word_1_654' title='bbox 695 4479 854 4533; x_wconf 89' lang='lat' dir='ltr'><strong>hodie</strong></span> <span class='ocrx_word' id='word_1_655' title='bbox 890 4480 1049 4548; x_wconf 86' lang='lat' dir='ltr'><strong>genui</strong></span> <span class='ocrx_word' id='word_1_656' title='bbox 1091 4489 1143 4533; x_wconf 89' lang='lat' dir='ltr'><strong>te</strong></span> <span class='ocrx_word' id='word_1_657' title='bbox 1170 4479 1238 4543; x_wconf 58' lang='grc' dir='ltr'><strong>ιο,</strong></span> <span class='ocrx_word' id='word_1_658' title='bbox 1279 4498 1299 4532; x_wconf 71' lang='grc' dir='ltr'><strong>ι</strong></span> <span class='ocrx_word' id='word_1_659' title='bbox 1345 4481 1556 4535; x_wconf 83' lang='lat' dir='ltr'><strong>etiamsi</strong></span> <span class='ocrx_word' id='word_1_660' title='bbox 1603 4481 1920 4535; x_wconf 88' lang='lat' dir='ltr'><strong>vocabulum</strong></span> <span class='ocrx_word' id='word_1_661' title='bbox 1970 4482 2125 4535; x_wconf 78' lang='lat' dir='ltr'><strong>hodie</strong></span> 
     </span>
    </p>
   </div>
   <div class='ocr_carea' id='block_1_90' title="bbox 2230 4471 3779 4551">
    <p class='ocr_par' dir='ltr' id='par_1_90' title="bbox 2230 4471 3779 4551">
     <span class='ocr_line' id='line_1_90' title="bbox 2230 4471 3779 4551; baseline -0.007 -18"><span class='ocrx_word' id='word_1_662' title='bbox 2230 4479 2469 4551; x_wconf 82' lang='grc' dir='ltr'>γέννηκά</span> <span class='ocrx_word' id='word_1_663' title='bbox 2501 4495 2582 4545; x_wconf 88' lang='grc' dir='ltr'><strong>σε,</strong></span> <span class='ocrx_word' id='word_1_664' title='bbox 2623 4496 2643 4530; x_wconf 73' lang='grc' dir='ltr'><strong>ι</strong></span> <span class='ocrx_word' id='word_1_665' title='bbox 2680 4476 2856 4531; x_wconf 83' lang='grc' dir='ltr'>καίτοι</span> <span class='ocrx_word' id='word_1_666' title='bbox 2890 4476 2984 4530; x_wconf 82' lang='grc' dir='ltr'>τοῦ</span> <span class='ocrx_word' id='word_1_667' title='bbox 3042 4477 3313 4545; x_wconf 70' lang='grc' dir='ltr'>σήμερον</span> <span class='ocrx_word' id='word_1_668' title='bbox 3360 4478 3453 4530; x_wconf 84' lang='grc' dir='ltr'><strong>τὸν</strong></span> <span class='ocrx_word' id='word_1_669' title='bbox 3485 4471 3779 4540; x_wconf 82' lang='grc' dir='ltr'>ἐνεστηκότα</span> 
     </span>
    </p>
   </div>
   <div class='ocr_carea' id='block_1_91' title="bbox 560 4567 2127 4639">
    <p class='ocr_par' dir='ltr' id='par_1_91' title="bbox 560 4567 2127 4639">
     <span class='ocr_line' id='line_1_91' title="bbox 560 4567 2127 4639; baseline 0.003 -18"><span class='ocrx_word' id='word_1_670' title='bbox 560 4581 799 4636; x_wconf 68' lang='lat' dir='ltr'><strong>praesens</strong></span> <span class='ocrx_word' id='word_1_671' title='bbox 837 4576 1047 4635; x_wconf 85' lang='lat' dir='ltr'><strong>tempus</strong></span> <span class='ocrx_word' id='word_1_672' title='bbox 1085 4567 1397 4636; x_wconf 82' lang='lat' dir='ltr'><strong>signiﬁcat;</strong></span> <span class='ocrx_word' id='word_1_673' title='bbox 1432 4582 1530 4621; x_wconf 90' lang='lat' dir='ltr'><strong>cur</strong></span> <span class='ocrx_word' id='word_1_674' title='bbox 1559 4568 1752 4623; x_wconf 91' lang='lat' dir='ltr'><strong>mirum</strong></span> <span class='ocrx_word' id='word_1_675' title='bbox 1784 4570 1875 4634; x_wconf 87' lang='lat' dir='ltr'><strong>sit,</strong></span> <span class='ocrx_word' id='word_1_676' title='bbox 1911 4571 1956 4625; x_wconf 89' lang='lat' dir='ltr'><strong>si</strong></span> <span class='ocrx_word' id='word_1_677' title='bbox 1985 4573 2127 4639; x_wconf 87' lang='lat' dir='ltr'><strong>quod</strong></span> 
     </span>
    </p>
   </div>
   <div class='ocr_carea' id='block_1_92' title="bbox 564 4655 2129 4729">
    <p class='ocr_par' dir='ltr' id='par_1_92' title="bbox 564 4655 2129 4729">
     <span class='ocr_line' id='line_1_92' title="bbox 564 4655 2129 4729; baseline 0.004 -20"><span class='ocrx_word' id='word_1_678' title='bbox 564 4670 754 4723; x_wconf 87' lang='lat' dir='ltr'><strong>reapse</strong></span> <span class='ocrx_word' id='word_1_679' title='bbox 812 4655 1011 4710; x_wconf 88' lang='lat' dir='ltr'><strong>homini</strong></span> <span class='ocrx_word' id='word_1_680' title='bbox 1074 4658 1391 4713; x_wconf 84' lang='lat' dir='ltr'><strong>naturaliter</strong></span> <span class='ocrx_word' id='word_1_681' title='bbox 1456 4659 1616 4725; x_wconf 89' lang='lat' dir='ltr'><strong>inest,</strong></span> <span class='ocrx_word' id='word_1_682' title='bbox 1673 4675 1867 4729; x_wconf 87' lang='lat' dir='ltr'><strong>nempe</strong></span> <span class='ocrx_word' id='word_1_683' title='bbox 1915 4670 1974 4715; x_wconf 94' lang='lat' dir='ltr'><strong>ut</strong></span> <span class='ocrx_word' id='word_1_684' title='bbox 2030 4663 2129 4716; x_wconf 80' lang='lat' dir='ltr'><strong>ali-</strong></span> 
     </span>
    </p>
   </div>
   <div class='ocr_carea' id='block_1_93' title="bbox 558 4747 2125 4816">
    <p class='ocr_par' dir='ltr' id='par_1_93' title="bbox 558 4747 2125 4816">
     <span class='ocr_line' id='line_1_93' title="bbox 558 4747 2125 4816; baseline 0.005 -19"><span class='ocrx_word' id='word_1_685' title='bbox 558 4762 725 4816; x_wconf 91' lang='lat' dir='ltr'><strong>quam</strong></span> <span class='ocrx_word' id='word_1_686' title='bbox 775 4747 1124 4802; x_wconf 78' lang='lat' dir='ltr'><strong>exsistentem</strong></span> <span class='ocrx_word' id='word_1_687' title='bbox 1171 4764 1282 4803; x_wconf 91' lang='lat' dir='ltr'><strong>rem</strong></span> <span class='ocrx_word' id='word_1_688' title='bbox 1335 4749 1560 4815; x_wconf 90' lang='lat' dir='ltr'><strong>nesciat,</strong></span> <span class='ocrx_word' id='word_1_689' title='bbox 1608 4750 1748 4806; x_wconf 90' lang='lat' dir='ltr'><strong>hanc</strong></span> <span class='ocrx_word' id='word_1_690' title='bbox 1797 4752 1960 4805; x_wconf 83' lang='lat' dir='ltr'><strong>etiam</strong></span> <span class='ocrx_word' id='word_1_691' title='bbox 2005 4768 2125 4805; x_wconf 90' lang='lat' dir='ltr'><strong>cum</strong></span> 
     </span>
    </p>
   </div>
   <div class='ocr_carea' id='block_1_94' title="bbox 560 4837 2129 4913">
    <p class='ocr_par' dir='ltr' id='par_1_94' title="bbox 560 4837 2129 4913">
     <span class='ocr_line' id='line_1_94' title="bbox 560 4837 2129 4913; baseline 0.005 -22"><span class='ocrx_word' id='word_1_692' title='bbox 560 4837 773 4892; x_wconf 73' lang='lat' dir='ltr'><strong>caeteris</strong></span> <span class='ocrx_word' id='word_1_693' title='bbox 805 4839 1220 4907; x_wconf 84' lang='lat' dir='ltr'><strong>proprietatibus</strong></span> <span class='ocrx_word' id='word_1_694' title='bbox 1252 4841 1353 4897; x_wconf 89' lang='lat' dir='ltr'><strong>sibi</strong></span> <span class='ocrx_word' id='word_1_695' title='bbox 1386 4856 1603 4897; x_wconf 89' lang='lat' dir='ltr'><strong>sumere</strong></span> <span class='ocrx_word' id='word_1_696' title='bbox 1647 4844 1901 4913; x_wconf 87' lang='lat' dir='ltr'><strong>dignatus</strong></span> <span class='ocrx_word' id='word_1_697' title='bbox 1930 4842 2129 4900; x_wconf 81' lang='lat' dir='ltr'><strong>fuerit?</strong></span> 
     </span>
    </p>
   </div>
   <div class='ocr_carea' id='block_1_95' title="bbox 559 4929 2129 5004">
    <p class='ocr_par' dir='ltr' id='par_1_95' title="bbox 559 4929 2129 5004">
     <span class='ocr_line' id='line_1_95' title="bbox 559 4929 2129 5004; baseline 0.003 -22"><span class='ocrx_word' id='word_1_698' title='bbox 559 4929 720 4983; x_wconf 82' lang='lat' dir='ltr'><strong>Certe</strong></span> <span class='ocrx_word' id='word_1_699' title='bbox 750 4929 793 4984; x_wconf 83' lang='lat' dir='ltr'><strong>si</strong></span> <span class='ocrx_word' id='word_1_700' title='bbox 830 4930 883 4984; x_wconf 93' lang='lat' dir='ltr'><strong>in</strong></span> <span class='ocrx_word' id='word_1_701' title='bbox 909 4930 1099 4985; x_wconf 83' lang='lat' dir='ltr'><strong>harum</strong></span> <span class='ocrx_word' id='word_1_702' title='bbox 1130 4946 1239 4987; x_wconf 88' lang='lat' dir='ltr'><strong>una</strong></span> <span class='ocrx_word' id='word_1_703' title='bbox 1264 4932 1713 4999; x_wconf 79' lang='lat' dir='ltr'><strong>scandalizentur,</strong></span> <span class='ocrx_word' id='word_1_704' title='bbox 1756 4943 1963 4988; x_wconf 69' lang='lat' dir='ltr'><strong>caetera:</strong></span> <span class='ocrx_word' id='word_1_705' title='bbox 1993 4950 2129 5004; x_wconf 83' lang='lat' dir='ltr'><strong>quo-</strong></span> 
     </span>
    </p>
   </div>
   <div class='ocr_carea' id='block_1_96' title="bbox 562 5022 2131 5092">
    <p class='ocr_par' dir='ltr' id='par_1_96' title="bbox 562 5022 2131 5092">
     <span class='ocr_line' id='line_1_96' title="bbox 562 5022 2131 5092; baseline 0.004 -16"><span class='ocrx_word' id='word_1_706' title='bbox 562 5037 666 5091; x_wconf 87' lang='lat' dir='ltr'><strong>que</strong></span> <span class='ocrx_word' id='word_1_707' title='bbox 711 5022 828 5092; x_wconf 84' lang='lat' dir='ltr'><strong>pari</strong></span> <span class='ocrx_word' id='word_1_708' title='bbox 881 5024 1043 5079; x_wconf 92' lang='lat' dir='ltr'><strong>modo</strong></span> <span class='ocrx_word' id='word_1_709' title='bbox 1086 5024 1353 5080; x_wconf 79' lang='lat' dir='ltr'><strong>excident.</strong></span> <span class='ocrx_word' id='word_1_710' title='bbox 1413 5025 1551 5092; x_wconf 85' lang='lat' dir='ltr'><strong>Quid</strong></span> <span class='ocrx_word' id='word_1_711' title='bbox 1604 5026 1762 5081; x_wconf 87' lang='lat' dir='ltr'><strong>inde?</strong></span> <span class='ocrx_word' id='word_1_712' title='bbox 1814 5026 2131 5081; x_wconf 84' lang='lat' dir='ltr'><strong>Destruetur</strong></span> 
     </span>
    </p>
   </div>
   <div class='ocr_carea' id='block_1_97' title="bbox 563 5114 2132 5188">
    <p class='ocr_par' dir='ltr' id='par_1_97' title="bbox 563 5114 2132 5188">
     <span class='ocr_line' id='line_1_97' title="bbox 563 5114 2132 5188; baseline 0.003 -21"><span class='ocrx_word' id='word_1_713' title='bbox 563 5114 814 5184; x_wconf 83' lang='lat' dir='ltr'><strong>deinceps</strong></span> <span class='ocrx_word' id='word_1_714' title='bbox 843 5115 1228 5170; x_wconf 78' lang='lat' dir='ltr'><strong>incarnationis</strong></span> <span class='ocrx_word' id='word_1_715' title='bbox 1271 5116 1431 5183; x_wconf 87' lang='lat' dir='ltr'><strong>ratio,</strong></span> <span class='ocrx_word' id='word_1_716' title='bbox 1453 5127 1505 5171; x_wconf 91' lang='lat' dir='ltr'><strong>et</strong></span> <span class='ocrx_word' id='word_1_717' title='bbox 1532 5118 1840 5187; x_wconf 88' lang='lat' dir='ltr'><strong>mysterium</strong></span> <span class='ocrx_word' id='word_1_718' title='bbox 1867 5133 1973 5188; x_wconf 90' lang='lat' dir='ltr'><strong>quo</strong></span> <span class='ocrx_word' id='word_1_719' title='bbox 1998 5116 2132 5172; x_wconf 86' lang='lat' dir='ltr'><strong>salvi</strong></span> 
     </span>
    </p>
   </div>
   <div class='ocr_carea' id='block_1_98' title="bbox 566 5204 2129 5272">
    <p class='ocr_par' dir='ltr' id='par_1_98' title="bbox 566 5204 2129 5272">
     <span class='ocr_line' id='line_1_98' title="bbox 566 5204 2129 5272; baseline 0.003 -15"><span class='ocrx_word' id='word_1_720' title='bbox 566 5220 753 5260; x_wconf 87' lang='lat' dir='ltr'><strong>sumus</strong></span> <span class='ocrx_word' id='word_1_721' title='bbox 774 5214 1063 5270; x_wconf 79' lang='lat' dir='ltr'><strong>evertetur.</strong></span> <span class='ocrx_word' id='word_1_722' title='bbox 1097 5204 1307 5262; x_wconf 75' lang='lat' dir='ltr'><strong>Etenim</strong></span> <span class='ocrx_word' id='word_1_723' title='bbox 1332 5221 1430 5263; x_wconf 90' lang='lat' dir='ltr'><strong>nos</strong></span> <span class='ocrx_word' id='word_1_724' title='bbox 1458 5206 1586 5263; x_wconf 80' lang='lat' dir='ltr'><strong>facti</strong></span> <span class='ocrx_word' id='word_1_725' title='bbox 1614 5222 1801 5264; x_wconf 88' lang='lat' dir='ltr'><strong>sumus</strong></span> <span class='ocrx_word' id='word_1_726' title='bbox 1824 5208 1873 5263; x_wconf 91' lang='lat' dir='ltr'><strong>ei</strong></span> <span class='ocrx_word' id='word_1_727' title='bbox 1898 5208 2129 5272; x_wconf 86' lang='lat' dir='ltr'><strong>similes,</strong></span> 
     </span>
    </p>
   </div>
   <div class='ocr_carea' id='block_1_99' title="bbox 640 5380 1025 5449">
    <p class='ocr_par' dir='ltr' id='par_1_99' title="bbox 640 5380 1025 5449">
     <span class='ocr_line' id='line_1_99' title="bbox 640 5380 1025 5449; baseline 0.01 -15"><span class='ocrx_word' id='word_1_728' title='bbox 640 5383 685 5413; x_wconf 75' lang='grc' dir='ltr'><strong>⁵ο</strong></span> <span class='ocrx_word' id='word_1_729' title='bbox 713 5380 854 5437; x_wconf 84' lang='lat' dir='ltr'><strong>Psal.</strong></span> <span class='ocrx_word' id='word_1_730' title='bbox 887 5396 949 5449; x_wconf 84' lang='grc' dir='ltr'><strong>ιι,</strong></span> <span class='ocrx_word' id='word_1_731' title='bbox 970 5382 1025 5438; x_wconf 88' lang='grc'><strong>7.</strong></span> 
     </span>
    </p>
   </div>
   <div class='ocr_carea' id='block_1_100' title="bbox 636 5533 2128 5617">
    <p class='ocr_par' dir='ltr' id='par_1_100' title="bbox 636 5533 2128 5617">
     <span class='ocr_line' id='line_1_100' title="bbox 636 5533 2128 5617; baseline -0.007 -18"><span class='ocrx_word' id='word_1_732' title='bbox 636 5534 1136 5617; x_wconf 45' lang='grc' dir='ltr'>(ΙΙῘΛἨγνοηκόναι</span> <span class='ocrx_word' id='word_1_733' title='bbox 1163 5569 1231 5580; x_wconf 91' lang='grc'><strong><em>-</em></strong></span> <span class='ocrx_word' id='word_1_734' title='bbox 1259 5539 1358 5593; x_wconf 81' lang='grc' dir='ltr'>καὶ</span> <span class='ocrx_word' id='word_1_735' title='bbox 1393 5538 1574 5608; x_wconf 68' lang='grc' dir='ltr'>φύσει</span> <span class='ocrx_word' id='word_1_736' title='bbox 1613 5537 1777 5604; x_wconf 83' lang='grc' dir='ltr'>Θεός.</span> <span class='ocrx_word' id='word_1_737' title='bbox 1810 5534 1917 5591; x_wconf 83' lang='lat' dir='ltr'><strong>Mai</strong></span> <span class='ocrx_word' id='word_1_738' title='bbox 1957 5534 2021 5589; x_wconf 76' lang='grc' dir='ltr'><strong>Β.</strong></span> <span class='ocrx_word' id='word_1_739' title='bbox 2054 5533 2128 5589; x_wconf 92' lang='grc' dir='ltr'><strong>Ν.</strong></span> 
     </span>
    </p>
   </div>
   <div class='ocr_carea' id='block_1_101' title="bbox 567 5605 2137 5745">
    <p class='ocr_par' dir='ltr' id='par_1_101' title="bbox 567 5605 2137 5745">
     <span class='ocr_line' id='line_1_101' title="bbox 567 5605 2137 5745; baseline -0.003 -16"><span class='ocrx_word' id='word_1_740' title='bbox 567 5605 904 5745; x_wconf 53' lang='grc' dir='ltr'><strong>¹Ι’(ἓῗ21’.θεο</strong></span> <span class='ocrx_word' id='word_1_741' title='bbox 950 5677 1091 5743; x_wconf 88' lang='lat' dir='ltr'><strong>apud</strong></span> <span class='ocrx_word' id='word_1_742' title='bbox 1137 5692 1234 5730; x_wconf 88' lang='lat' dir='ltr'><strong>nos</strong></span> <span class='ocrx_word' id='word_1_743' title='bbox 1263 5677 1520 5745; x_wconf 84' lang='lat' dir='ltr'><strong>Cyrillum</strong></span> <span class='ocrx_word' id='word_1_744' title='bbox 1558 5678 1608 5728; x_wconf 89' lang='lat' dir='ltr'><strong>in</strong></span> <span class='ocrx_word' id='word_1_745' title='bbox 1654 5674 2049 5745; x_wconf 81' lang='lat' dir='ltr'><strong>commentario</strong></span> <span class='ocrx_word' id='word_1_746' title='bbox 2072 5672 2137 5745; x_wconf 83' lang='lat' dir='ltr'><strong>ad</strong></span> 
     </span>
    </p>
   </div>
   <div class='ocr_carea' id='block_1_102' title="bbox 574 5743 2136 5815">
    <p class='ocr_par' dir='ltr' id='par_1_102' title="bbox 574 5743 2136 5815">
     <span class='ocr_line' id='line_1_102' title="bbox 574 5743 2136 5815; baseline -0.004 -15"><span class='ocrx_word' id='word_1_747' title='bbox 574 5743 776 5803; x_wconf 71' lang='lat' dir='ltr'><strong>Luem&quot;</strong></span> <span class='ocrx_word' id='word_1_748' title='bbox 813 5746 877 5811; x_wconf 88' lang='lat' dir='ltr'><strong>ll,</strong></span> <span class='ocrx_word' id='word_1_749' title='bbox 926 5745 1211 5813; x_wconf 68' lang='lat' dir='ltr'><strong>42-(1’nfru</strong></span> <span class='ocrx_word' id='word_1_750' title='bbox 1269 5743 1369 5799; x_wconf 76' lang='lat' dir='ltr'><strong>col.</strong></span> <span class='ocrx_word' id='word_1_751' title='bbox 1424 5746 1572 5815; x_wconf 69' lang='grc'>445).</span> <span class='ocrx_word' id='word_1_752' title='bbox 1608 5745 1741 5798; x_wconf 84' lang='grc' dir='ltr'>Ἰὐιιι</span> <span class='ocrx_word' id='word_1_753' title='bbox 1804 5745 1872 5799; x_wconf 85' lang='lat' dir='ltr'><strong>de</strong></span> <span class='ocrx_word' id='word_1_754' title='bbox 1916 5743 2136 5799; x_wconf 83' lang='lat' dir='ltr'><strong>scientia</strong></span> 
     </span>
    </p>
   </div>
   <div class='ocr_carea' id='block_1_103' title="bbox 2234 4565 3779 4643">
    <p class='ocr_par' dir='ltr' id='par_1_103' title="bbox 2234 4565 3779 4643">
     <span class='ocr_line' id='line_1_103' title="bbox 2234 4565 3779 4643; baseline -0.007 -17"><span class='ocrx_word' id='word_1_755' title='bbox 2234 4573 2423 4643; x_wconf 82' lang='grc' dir='ltr'>καιρὸν</span> <span class='ocrx_word' id='word_1_756' title='bbox 2452 4571 2804 4643; x_wconf 84' lang='grc' dir='ltr'>σημαίνοντος</span> <span class='ocrx_word' id='word_1_757' title='bbox 2832 4571 2929 4641; x_wconf 61' lang='lat'><strong>(&#39;5),</strong></span> <span class='ocrx_word' id='word_1_758' title='bbox 2961 4570 3013 4623; x_wconf 89' lang='grc' dir='ltr'><strong>τί</strong></span> <span class='ocrx_word' id='word_1_759' title='bbox 3039 4569 3103 4622; x_wconf 84' lang='grc' dir='ltr'><strong>τὸ</strong></span> <span class='ocrx_word' id='word_1_760' title='bbox 3126 4568 3452 4641; x_wconf 79' lang='grc' dir='ltr'>παράδοξον,</span> <span class='ocrx_word' id='word_1_761' title='bbox 3471 4569 3517 4620; x_wconf 83' lang='grc' dir='ltr'>εἰ</span> <span class='ocrx_word' id='word_1_762' title='bbox 3547 4566 3634 4619; x_wconf 74' lang='grc' dir='ltr'><strong>καὶ</strong></span> <span class='ocrx_word' id='word_1_763' title='bbox 3663 4565 3779 4631; x_wconf 80' lang='grc' dir='ltr'>ὅπερ</span> 
     </span>
    </p>
   </div>
   <div class='ocr_carea' id='block_1_104' title="bbox 2235 4650 3777 4735">
    <p class='ocr_par' dir='ltr' id='par_1_104' title="bbox 2235 4650 3777 4735">
     <span class='ocr_line' id='line_1_104' title="bbox 2235 4650 3777 4735; baseline -0.01 -17"><span class='ocrx_word' id='word_1_764' title='bbox 2235 4666 2491 4735; x_wconf 84' lang='grc' dir='ltr'>πρόσεστι</span> <span class='ocrx_word' id='word_1_765' title='bbox 2526 4660 2667 4715; x_wconf 88' lang='grc' dir='ltr'><strong>κατά</strong></span> <span class='ocrx_word' id='word_1_766' title='bbox 2697 4662 2877 4731; x_wconf 85' lang='grc' dir='ltr'>φύσιν,</span> <span class='ocrx_word' id='word_1_767' title='bbox 2926 4660 3172 4714; x_wconf 87' lang='grc' dir='ltr'>τουτέστι</span> <span class='ocrx_word' id='word_1_768' title='bbox 3206 4660 3265 4713; x_wconf 85' lang='grc' dir='ltr'><strong>τὸ</strong></span> <span class='ocrx_word' id='word_1_769' title='bbox 3307 4658 3573 4728; x_wconf 80' lang='grc' dir='ltr'>ἀγνοῆσαί</span> <span class='ocrx_word' id='word_1_770' title='bbox 3612 4672 3658 4707; x_wconf 92' lang='grc' dir='ltr'><strong>τι</strong></span> <span class='ocrx_word' id='word_1_771' title='bbox 3688 4650 3777 4705; x_wconf 82' lang='grc' dir='ltr'><strong>τῶν</strong></span> 
     </span>
    </p>
   </div>
   <div class='ocr_carea' id='block_1_105' title="bbox 2233 4742 3776 4822">
    <p class='ocr_par' dir='ltr' id='par_1_105' title="bbox 2233 4742 3776 4822">
     <span class='ocr_line' id='line_1_105' title="bbox 2233 4742 3776 4822; baseline -0.008 -16"><span class='ocrx_word' id='word_1_772' title='bbox 2233 4754 2421 4818; x_wconf 79' lang='grc' dir='ltr'>ὄντων,</span> <span class='ocrx_word' id='word_1_773' title='bbox 2453 4750 2613 4822; x_wconf 82' lang='grc' dir='ltr'>τυχὸν</span> <span class='ocrx_word' id='word_1_774' title='bbox 2647 4752 2782 4821; x_wconf 86' lang='grc' dir='ltr'><strong>μετά</strong></span> <span class='ocrx_word' id='word_1_775' title='bbox 2812 4749 2918 4803; x_wconf 86' lang='grc' dir='ltr'><strong>τῶν</strong></span> <span class='ocrx_word' id='word_1_776' title='bbox 2957 4749 3135 4803; x_wconf 83' lang='grc' dir='ltr'>ἄλλων</span> <span class='ocrx_word' id='word_1_777' title='bbox 3179 4749 3352 4819; x_wconf 78' lang='grc' dir='ltr'>αὐτῆς</span> <span class='ocrx_word' id='word_1_778' title='bbox 3390 4746 3683 4818; x_wconf 84' lang='grc' dir='ltr'>ἰδιωμάτων</span> <span class='ocrx_word' id='word_1_779' title='bbox 3711 4742 3776 4793; x_wconf 80' lang='grc' dir='ltr'><strong>οξ-</strong></span> 
     </span>
    </p>
   </div>
   <div class='ocr_carea' id='block_1_106' title="bbox 2233 4834 3777 4913">
    <p class='ocr_par' dir='ltr' id='par_1_106' title="bbox 2233 4834 3777 4913">
     <span class='ocr_line' id='line_1_106' title="bbox 2233 4834 3777 4913; baseline -0.009 -16"><span class='ocrx_word' id='word_1_780' title='bbox 2233 4842 2564 4898; x_wconf 74' lang='grc' dir='ltr'>κειώσασθατ</span> <span class='ocrx_word' id='word_1_781' title='bbox 2608 4842 2976 4913; x_wconf 75' lang='grc' dir='ltr'>κατηξίωσενς</span> <span class='ocrx_word' id='word_1_782' title='bbox 3012 4843 3074 4894; x_wconf 81' lang='lat' dir='ltr'><strong>Ei</strong></span> <span class='ocrx_word' id='word_1_783' title='bbox 3122 4840 3229 4912; x_wconf 84' lang='grc' dir='ltr'>γὰρ</span> <span class='ocrx_word' id='word_1_784' title='bbox 3264 4842 3347 4910; x_wconf 79' lang='grc' dir='ltr'><strong>ἐφ’</strong></span> <span class='ocrx_word' id='word_1_785' title='bbox 3384 4840 3467 4892; x_wconf 78' lang='grc' dir='ltr'>ἐνὶ</span> <span class='ocrx_word' id='word_1_786' title='bbox 3506 4838 3569 4907; x_wconf 82' lang='grc' dir='ltr'>δὴ</span> <span class='ocrx_word' id='word_1_787' title='bbox 3601 4834 3777 4888; x_wconf 81' lang='grc' dir='ltr'>τούτων</span> 
     </span>
    </p>
   </div>
   <div class='ocr_carea' id='block_1_107' title="bbox 2230 4928 3774 5007">
    <p class='ocr_par' dir='ltr' id='par_1_107' title="bbox 2230 4928 3774 5007">
     <span class='ocr_line' id='line_1_107' title="bbox 2230 4928 3774 5007; baseline -0.008 -17"><span class='ocrx_word' id='word_1_788' title='bbox 2230 4935 2710 5007; x_wconf 81' lang='grc' dir='ltr'>σκανδαλιζόμεθα,</span> <span class='ocrx_word' id='word_1_789' title='bbox 2733 4934 2975 4988; x_wconf 85' lang='grc' dir='ltr'>λελύσθω</span> <span class='ocrx_word' id='word_1_790' title='bbox 3007 4933 3149 5003; x_wconf 86' lang='grc' dir='ltr'><strong>μετά</strong></span> <span class='ocrx_word' id='word_1_791' title='bbox 3171 4934 3358 4987; x_wconf 86' lang='grc' dir='ltr'>τούτου</span> <span class='ocrx_word' id='word_1_792' title='bbox 3394 4932 3486 4985; x_wconf 78' lang='grc' dir='ltr'><strong>καὶ</strong></span> <span class='ocrx_word' id='word_1_793' title='bbox 3512 4929 3579 4982; x_wconf 74' lang='grc' dir='ltr'>τὰ</span> <span class='ocrx_word' id='word_1_794' title='bbox 3603 4928 3745 4994; x_wconf 72' lang='grc' dir='ltr'>ἔτερα</span> <span class='ocrx_word' id='word_1_795' title='bbox 3762 4935 3774 4949; x_wconf 86' lang='grc'><strong><em>⁸</em></strong></span> 
     </span>
    </p>
   </div>
   <div class='ocr_carea' id='block_1_108' title="bbox 2229 5010 3775 5097">
    <p class='ocr_par' dir='ltr' id='par_1_108' title="bbox 2229 5010 3775 5097">
     <span class='ocr_line' id='line_1_108' title="bbox 2229 5010 3775 5097; baseline -0.007 -15"><span class='ocrx_word' id='word_1_796' title='bbox 2229 5029 2325 5083; x_wconf 77' lang='grc' dir='ltr'>καὶ</span> <span class='ocrx_word' id='word_1_797' title='bbox 2373 5028 2425 5081; x_wconf 88' lang='grc' dir='ltr'><strong>τί</strong></span> <span class='ocrx_word' id='word_1_798' title='bbox 2477 5027 2539 5080; x_wconf 83' lang='grc' dir='ltr'><strong>τὸ</strong></span> <span class='ocrx_word' id='word_1_799' title='bbox 2585 5026 2874 5093; x_wconf 82' lang='grc' dir='ltr'>ὲντεῦθεν;</span> <span class='ocrx_word' id='word_1_800' title='bbox 2929 5026 3227 5097; x_wconf 83' lang='grc' dir='ltr'>Οίχήσεται</span> <span class='ocrx_word' id='word_1_801' title='bbox 3274 5022 3463 5077; x_wconf 83' lang='grc' dir='ltr'>λοιπὸν</span> <span class='ocrx_word' id='word_1_802' title='bbox 3516 5021 3611 5090; x_wconf 82' lang='grc' dir='ltr'>τῆς</span> <span class='ocrx_word' id='word_1_803' title='bbox 3660 5010 3775 5084; x_wconf 77' lang='grc' dir='ltr'><strong>μετά</strong></span> 
     </span>
    </p>
   </div>
   <div class='ocr_carea' id='block_1_109' title="bbox 2232 5099 3774 5189">
    <p class='ocr_par' dir='ltr' id='par_1_109' title="bbox 2232 5099 3774 5189">
     <span class='ocr_line' id='line_1_109' title="bbox 2232 5099 3774 5189; baseline -0.013 -12"><span class='ocrx_word' id='word_1_804' title='bbox 2232 5117 2431 5189; x_wconf 82' lang='grc' dir='ltr'>σαρκὸς</span> <span class='ocrx_word' id='word_1_805' title='bbox 2478 5116 2787 5188; x_wconf 78' lang='grc' dir='ltr'>οἰκονομίας</span> <span class='ocrx_word' id='word_1_806' title='bbox 2839 5119 2867 5170; x_wconf 87' lang='grc' dir='ltr'><strong>ό</strong></span> <span class='ocrx_word' id='word_1_807' title='bbox 2919 5116 3113 5185; x_wconf 82' lang='grc' dir='ltr'>λόγος,</span> <span class='ocrx_word' id='word_1_808' title='bbox 3166 5116 3262 5170; x_wconf 74' lang='grc' dir='ltr'><strong>καὶ</strong></span> <span class='ocrx_word' id='word_1_809' title='bbox 3304 5107 3679 5182; x_wconf 80' lang='grc' dir='ltr'>ἀνατετράφθω</span> <span class='ocrx_word' id='word_1_810' title='bbox 3725 5099 3774 5151; x_wconf 80' lang='grc' dir='ltr'>τὸ</span> 
     </span>
    </p>
   </div>
   <div class='ocr_carea' id='block_1_110' title="bbox 2233 5189 3770 5279">
    <p class='ocr_par' dir='ltr' id='par_1_110' title="bbox 2233 5189 3770 5279">
     <span class='ocr_line' id='line_1_110' title="bbox 2233 5189 3770 5279; baseline -0.007 -17"><span class='ocrx_word' id='word_1_811' title='bbox 2233 5208 2529 5279; x_wconf 85' lang='grc' dir='ltr'>μυστήριον</span> <span class='ocrx_word' id='word_1_812' title='bbox 2557 5207 2625 5259; x_wconf 87' lang='grc' dir='ltr'>δι’</span> <span class='ocrx_word' id='word_1_813' title='bbox 2656 5198 2716 5260; x_wconf 76' lang='grc' dir='ltr'>οὗ</span> <span class='ocrx_word' id='word_1_814' title='bbox 2737 5207 2832 5259; x_wconf 72' lang='grc' dir='ltr'><strong>καὶ</strong></span> <span class='ocrx_word' id='word_1_815' title='bbox 2860 5205 3200 5278; x_wconf 83' lang='grc' dir='ltr'>σεσώσμεθα.</span> <span class='ocrx_word' id='word_1_816' title='bbox 3219 5203 3523 5274; x_wconf 82' lang='grc' dir='ltr'>Γεγόναμεν</span> <span class='ocrx_word' id='word_1_817' title='bbox 3552 5199 3651 5265; x_wconf 78' lang='grc' dir='ltr'>γὰρ</span> <span class='ocrx_word' id='word_1_818' title='bbox 3671 5189 3770 5245; x_wconf 78' lang='grc' dir='ltr'>κατ’</span> 
     </span>
    </p>
   </div>
   <div class='ocr_carea' id='block_1_111' title="bbox 2238 5524 3594 5602">
    <p class='ocr_par' dir='ltr' id='par_1_111' title="bbox 2238 5524 3594 5602">
     <span class='ocr_line' id='line_1_111' title="bbox 2238 5524 3594 5602; baseline -0.009 -14"><span class='ocrx_word' id='word_1_819' title='bbox 2238 5534 2433 5589; x_wconf 90' lang='lat' dir='ltr'><strong>Christi</strong></span> <span class='ocrx_word' id='word_1_820' title='bbox 2481 5533 2565 5587; x_wconf 90' lang='lat' dir='ltr'><strong>adi</strong></span> <span class='ocrx_word' id='word_1_821' title='bbox 2602 5533 2896 5601; x_wconf 81' lang='lat' dir='ltr'><strong>theologos,</strong></span> <span class='ocrx_word' id='word_1_822' title='bbox 2928 5540 2982 5587; x_wconf 90' lang='lat' dir='ltr'><strong>et</strong></span> <span class='ocrx_word' id='word_1_823' title='bbox 3009 5531 3283 5587; x_wconf 81' lang='lat' dir='ltr'><strong>Petavium</strong></span> <span class='ocrx_word' id='word_1_824' title='bbox 3313 5531 3363 5583; x_wconf 90' lang='lat' dir='ltr'><strong>in</strong></span> <span class='ocrx_word' id='word_1_825' title='bbox 3398 5524 3594 5602; x_wconf 74' lang='lat' dir='ltr'><strong>p_rin_i_i_s_.</strong></span> 
     </span>
    </p>
   </div>
   <div class='ocr_carea' id='block_1_112' title="bbox 2284 5594 3769 5719">
    <p class='ocr_par' dir='ltr' id='par_1_112' title="bbox 2284 5594 3769 5719">
     <span class='ocr_line' id='line_1_112' title="bbox 2322 5594 3769 5719; baseline -0.012 -61"><span class='ocrx_word' id='word_1_826' title='bbox 2322 5606 2396 5673; x_wconf 77' lang='lat'><strong>(3)</strong></span> <span class='ocrx_word' id='word_1_827' title='bbox 2424 5603 2621 5657; x_wconf 78' lang='lat' dir='ltr'><strong>Confer</strong></span> <span class='ocrx_word' id='word_1_828' title='bbox 2651 5594 2948 5682; x_wconf 66' lang='lat' dir='ltr'><strong>fragmenta</strong></span> <span class='ocrx_word' id='word_1_829' title='bbox 2979 5618 3008 5655; x_wconf 90' lang='lat' dir='ltr'><strong>a</strong></span> <span class='ocrx_word' id='word_1_830' title='bbox 3047 5602 3201 5655; x_wconf 90' lang='lat' dir='ltr'><strong>nobis</strong></span> <span class='ocrx_word' id='word_1_831' title='bbox 3229 5602 3372 5655; x_wconf 83' lang='lat' dir='ltr'><strong>edita</strong></span> <span class='ocrx_word' id='word_1_832' title='bbox 3398 5594 3580 5719; x_wconf 62' lang='lat' dir='ltr'><strong>CJrilli</strong></span> <span class='ocrx_word' id='word_1_833' title='bbox 3605 5604 3663 5643; x_wconf 79' lang='lat' dir='ltr'><strong>ex</strong></span> <span class='ocrx_word' id='word_1_834' title='bbox 3693 5601 3769 5669; x_wconf 64' lang='grc' dir='ltr'><strong>ουτ</strong></span> 
     </span>
     <span class='ocr_line' id='line_1_113' title="bbox 2284 5654 3762 5719; baseline 0 0"><span class='ocrx_word' id='word_1_835' title='bbox 2284 5675 2363 5719; x_wconf 66' lang='lat' dir='ltr'><strong>im</strong></span> <span class='ocrx_word' id='word_1_836' title='bbox 2411 5672 2785 5719; x_wconf 71' lang='lat' dir='ltr'><strong>Mmliolunenm</strong></span> <span class='ocrx_word' id='word_1_837' title='bbox 2848 5674 2899 5719; x_wconf 91' lang='lat' dir='ltr'><strong>in</strong></span> <span class='ocrx_word' id='word_1_838' title='bbox 2943 5688 3028 5719; x_wconf 69' lang='lat' dir='ltr'><strong>an.</strong></span> <span class='ocrx_word' id='word_1_839' title='bbox 3082 5672 3150 5719; x_wconf 84' lang='lat' dir='ltr'><strong>ad</strong></span> <span class='ocrx_word' id='word_1_840' title='bbox 3191 5670 3348 5719; x_wconf 82' lang='lat' dir='ltr'><strong>Hebr.</strong></span> <span class='ocrx_word' id='word_1_841' title='bbox 3402 5675 3415 5719; x_wconf 85' lang='lat' dir='ltr'><strong>t</strong></span> <span class='ocrx_word' id='word_1_842' title='bbox 3476 5679 3555 5719; x_wconf 71' lang='lat' dir='ltr'><strong>nn.</strong></span> <span class='ocrx_word' id='word_1_843' title='bbox 3605 5654 3762 5719; x_wconf 57' lang='lat' dir='ltr'><strong>Cyri!&quot;</strong></span> 
     </span>
    </p>
   </div>
   <div class='ocr_carea' id='block_1_113' title="bbox 2246 5657 3732 5742">
    <p class='ocr_par' dir='ltr' id='par_1_113' title="bbox 2246 5657 3732 5742">
     <span class='ocr_line' id='line_1_114' title="bbox 2246 5657 3732 5742; baseline -0.007 -15"><span class='ocrx_word' id='word_1_844' title='bbox 2246 5657 2900 5742; x_wconf 48' lang='lat' dir='ltr'><strong>dir-elMediolanen&#39;si_in</strong></span> <span class='ocrx_word' id='word_1_845' title='bbox 2943 5688 3028 5742; x_wconf 87' lang='lat' dir='ltr'><strong>cp.</strong></span> <span class='ocrx_word' id='word_1_846' title='bbox 3082 5672 3150 5727; x_wconf 84' lang='lat' dir='ltr'><strong>ad</strong></span> <span class='ocrx_word' id='word_1_847' title='bbox 3189 5670 3348 5728; x_wconf 82' lang='lat' dir='ltr'><strong>Hebr.</strong></span> <span class='ocrx_word' id='word_1_848' title='bbox 3402 5657 3555 5737; x_wconf 74' lang='lat' dir='ltr'><strong>(Opp.</strong></span> <span class='ocrx_word' id='word_1_849' title='bbox 3605 5657 3732 5729; x_wconf 68' lang='lat' dir='ltr'><strong>Cyri!</strong></span> 
     </span>
    </p>
   </div>
   <div class='ocr_carea' id='block_1_114' title="bbox 2246 5740 2905 5810">
    <p class='ocr_par' dir='ltr' id='par_1_114' title="bbox 2246 5740 2905 5810">
     <span class='ocr_line' id='line_1_115' title="bbox 2246 5740 2905 5810; baseline -0.005 -14"><span class='ocrx_word' id='word_1_850' title='bbox 2246 5745 2371 5799; x_wconf 80' lang='lat' dir='ltr'><strong>edit.</strong></span> <span class='ocrx_word' id='word_1_851' title='bbox 2405 5759 2551 5797; x_wconf 72' lang='lat' dir='ltr'><strong>novre</strong></span> <span class='ocrx_word' id='word_1_852' title='bbox 2584 5751 2709 5796; x_wconf 77' lang='lat' dir='ltr'><strong>(om.</strong></span> <span class='ocrx_word' id='word_1_853' title='bbox 2753 5740 2905 5810; x_wconf 77' lang='lat' dir='ltr'><strong>HI).</strong></span> 
     </span>
    </p>
   </div>
  </div>
