3968 6478
491 419 548 473 ll
1831 421 1885 473 S.
1925 419 2196 477 JOANNIS
2234 423 2423 478 ΡΑΡᾸί
2463 423 2529 476 III
3792 425 3853 480 l2

489 527 582 600 (α),
609 541 832 582 menses
861 525 1143 596 undecim,
1173 525 1292 582 dies
1319 525 1522 599 viginti
1547 541 1666 593 sex,
1699 527 1793 581 llic
1830 527 2118 599 ampliavit
2139 545 2197 616 Α
2226 528 2374 602 [Cod.
2411 533 2561 593 Luc.,
2597 532 2694 583 aut
2731 532 2879 582 certe
2921 532 2976 582 et
3013 527 3312 601 civitatem]
3375 529 3712 600 Romanam,
3755 536 3858 586 aut

492 620 642 693 [Cod.
669 623 819 685 Luc.,
850 620 1076 695 amavit]
1109 625 1166 676 et
1185 621 1518 676 restauravit
1551 619 1869 676 coemeteria
1894 627 2113 677 sancto-

484 731 616 770 rum
642 719 978 786 martyrum.
1003 715 1104 770 Hic
1135 715 1424 770 constituit
1454 718 1516 770 ut
1541 714 1846 769 oblationes
1875 720 1929 770 et
1953 733 2114 772 amu-

483 808 572 875 los,
611 807 700 863 vel
739 807 1044 863 luminaria
1083 807 1142 862 in
1187 807 1384 862 eadem
1421 807 1741 862 coemeteria
1780 824 1884 878 per
1919 825 2117 864 omnes

483 900 793 956 dominicas
833 901 902 956 de
929 900 1216 956 Lateranis
1251 901 1730 956 ministrareutur.
1760 901 1855 954 Hic
1883 903 2118 972 perfecit

481 993 776 1050 ecclesiam
801 999 1126 1050 sanctorum
1151 993 1398 1066 Philippi
1439 999 1494 1049 et
1517 993 1724 1062 Jacobi,
1756 997 1811 1048 et
1837 994 2115 1050 dedicavit

483 1104 634 1144 88.111.

552 1181 763 1236 Eodem
790 1185 1043 1251 tempore
1066 1180 1221 1236 Eruli
1255 1179 1496 1252 [Forsan,
1530 1182 1723 1236 Heruli
1751 1181 1810 1236 in
1831 1182 2106 1255 fl‘usciam]

481 1273 540 1329 in
565 1273 822 1328 Tursiam
855 1271 1003 1345 [Cod.
1039 1277 1190 1336 Luc.,
1236 1273 1500 1346 Tassiam]
1533 1274 1812 1343 exierunt,
1857 1280 1912 1330 et
1959 1275 2111 1329 leva-

481 1371 686 1422 verunt
724 1366 831 1421 sibi
885 1383 1080 1437 regem
1139 1366 1373 1422 Sindual
1425 1365 1572 1438 [Cod.
1622 1371 1771 1430 Luc.,
1815 1368 2109 1440 Sinduad],

481 1466 538 1516 et
561 1459 898 1533 premebant
934 1463 1195 1514 cunctam
1238 1459 1472 1514 Italiam.
1513 1463 1582 1514 At
1621 1476 1878 1531 egressus
1914 1462 2114 1517 Narses

481 1555 552 1610 ad
577 1570 729 1622 eum,
761 1551 1043 1608 interfecit
1067 1569 1262 1624 regem
1296 1553 1443 1625 [Cod.
1473 1556 1622 1616 Luc.,
1663 1554 1992 1609 interfectus
2031 1560 2114 1610 est

479 1645 626 1720 rex],
669 1650 726 1702 et
761 1661 992 1702 omnem
1036 1650 1266 1716 gentem
1302 1646 1604 1701 Erulorum
1631 1647 1735 1701 sibi
1770 1647 2110 1718 subjugavit.

480 1739 691 1796 Deinde
735 1739 889 1794 venit
929 1739 1208 1810 Amingus
1245 1739 1358 1793 dux
1396 1739 1761 1809 Francorum,
1807 1745 1864 1795 et
1914 1742 2110 1796 Bucel-

478 1831 627 1887 linus
647 1831 738 1902 (b),
766 1836 822 1886 et
846 1829 1019 1886 simili
1036 1831 1208 1886 modo
1227 1831 1334 1902 ipsi
1355 1833 1690 1902 premebant
1715 1833 1954 1888 Italiam.
1979 1835 2108 1903 Sed,

2218 627 2366 678 certe
2421 622 2682 694 gentibus
2749 621 3144 676 deserviamus.
3208 623 3328 686 Quo
3379 621 3592 690 audito,
3652 623 3859 678 Narses

2217 717 2360 770 dixit
2389 733 2402 771 :
2437 717 2496 773 Si
2527 716 2670 770 mala
2697 715 2804 768 feci
2849 716 3150 784 Romanis;
3183 715 3329 768 male
3360 715 3666 771 inveniam.
3697 718 3858 772 Tunc

2217 826 2473 880 egressus
2503 810 2702 863 Narses
2729 809 2797 862 de
2837 811 3038 876 Roma,
3065 809 3218 862 venit
3259 808 3321 864 in
3371 809 3762 878 Campaniam,
3800 817 3860 865 et

2217 903 2438 974 scripsit
2513 901 2666 972 genti
2731 902 3235 972 Langobardorum
3303 905 3368 955 ut
3439 901 3729 971 venirent,
3801 909 3860 957 et

2214 995 2569 1066 possiderent
2597 995 2831 1049 Italiam.
2865 997 2933 1050 Ut
2958 995 3225 1064 cognovit
3249 995 3490 1048 Joannes
3514 1012 3678 1066 papa,
3717 996 3859 1066 quia

2215 1087 2639 1158 suggestionem
2675 1105 2831 1142 suam
2871 1088 2942 1141 ad
2981 1087 3388 1158 imperatorem
3418 1091 3615 1142 contra
3657 1089 3860 1142 Narse-

2213 1185 2330 1234 tem
2386 1180 2690 1249 misissent,
2732 1180 2972 1234 festinus
3012 1180 3165 1234 venit
3215 1179 3528 1250 Neapolim,
3570 1181 3858 1251 coepitque

2214 1289 2345 1328 eum
2369 1275 2614 1329 Joannes
2642 1290 2788 1344 papa
2819 1289 3044 1343 rogare,
3078 1277 3140 1326 ut
3165 1278 3542 1327 reverteretur
3584 1273 3855 1328 Romam.

2212 1369 2364 1424 Tunc
2399 1369 2597 1424 Narscs
2637 1367 2778 1420 dixit
2832 1367 2881 1420 ei
2924 1383 2938 1420 :
2983 1366 3100 1433 Dic,
3147 1365 3461 1421 sautissimc
3504 1383 3669 1438 papa,
3709 1368 3858 1439 quid

2213 1463 2352 1517 mali
2376 1461 2484 1516 feci
2521 1459 2834 1516 Romanis?
2884 1459 3092 1513 Vadam
3139 1459 3209 1512 ad
3253 1459 3424 1530 pedes
3463 1460 3585 1536 ejus
3633 1461 3731 1531 qui
3757 1477 3857 1515 me

2211 1555 2386 1624 misit,
2437 1559 2503 1609 ut
2545 1557 2849 1623 cognoscat
2901 1551 3087 1606 omnis
3137 1551 3311 1620 Italia,
3372 1553 3660 1624 quomodo
3716 1554 3858 1608 totis

2211 1647 2423 1702 viribus
2451 1647 2702 1702 laboravi
2728 1663 2832 1718 pro
2859 1662 2944 1700 ea.

2285 1739 2596 1812 Respondit
2610 1741 2850 1794 Joannes
2865 1755 3028 1810 papa,
3054 1737 3243 1792 dicens
3265 1753 3278 1790 :
3300 1737 3472 1792 Citius
3495 1754 3602 1808 ego
3621 1741 3853 1808 vadam,

2213 1851 2384 1906 quam
2407 1838 2469 1888 tu
2497 1833 2565 1887 de
2601 1833 2706 1886 hac
2744 1837 2893 1886 terra
2931 1847 3190 1900 egressus
3231 1831 3424 1886 fueris.
3459 1833 3736 1887 Reversus
3765 1839 3858 1888 est

477 1924 782 1980 auxiliante
808 1923 1071 1993 Domino,
1101 1927 1157 1978 et
1181 1924 1287 1994 ipsi
1313 1941 1346 1978 a
1376 1925 1601 1980 Narsete
1637 1925 1922 1982 interfecti
1959 1932 2110 1982 sunt.
2133 1916 2190 1986 B
2214 1944 2352 1998 ergo
2405 1927 2602 1981 Narses
2643 1942 2773 1980 cum
2820 1925 3033 1978 Joanne
3081 1923 3428 1978 sanctissimo
3473 1943 3640 1997 papa.
3693 1927 3854 1980 Tunc

476 2019 610 2074 Erat
635 2033 774 2088 ergo
802 2021 922 2072 tota
945 2016 1098 2072 Italia
1121 2017 1394 2088 gaudens.
1433 2018 1587 2072 Tunc
1627 2019 1870 2073 Romani
1899 2018 1983 2091 (c),
2023 2020 2112 2076 in-

476 2111 626 2166 vidia
659 2109 812 2166 ducti
859 2114 1267 2181 suggesserunt
1309 2110 1530 2164 Justino
1581 2109 1728 2182 [Cod.
1763 2115 1914 2176 Luc.,
1954 2113 2116 2168 Justi-

477 2202 668 2278 niano]
697 2208 753 2258 et
768 2202 1017 2274 Sophiae,
1031 2203 1166 2274 quia
1183 2203 1475 2274 expediret
1503 2203 1742 2276 [Formm
1759 2206 1890 2276 quia
1909 2207 2107 2281 magis]

477 2299 765 2355 Romanos
782 2296 991 2361 ,Gothis
1039 2296 1268 2365 servire,
1299 2313 1471 2368 quam
1516 2299 1741 2368 Graecis,
1783 2298 1876 2354 ubi
1917 2300 2114 2355 Narses

478 2391 771 2448 eunuchus
797 2390 1058 2462 imperat,
1091 2395 1146 2445 et
1171 2391 1398 2445 servitio
1427 2408 1530 2446 nos
1558 2391 1802 2463 subjicit,
1845 2397 1902 2447 et
1925 2393 2109 2464 piissi-

478 2501 606 2541 mus
628 2485 945 2555 imperator
963 2483 1083 2538 haec
1112 2481 1261 2556 [Cod.
1291 2486 1440 2546 Luc.,
1463 2485 1728 2556 princeps
1746 2491 1941 2540 noster
1968 2487 2104 2560 haec]

477 2580 723 2651 ignorat.
769 2579 880 2631 Aut
919 2575 1097 2631 libera
1139 2593 1246 2631 nos
1287 2577 1356 2632 de
1393 2593 1568 2632 manu
1599 2579 1719 2649 ejus
1745 2583 1800 2633 et
1828 2579 2110 2635 civitatem

477 2684 732 2741 obscenis
776 2683 1080 2756 volutatus,
1140 2683 1334 2737 illicita
1393 2683 2109 2756 conjugiaconstitutione

477 2773 578 2812 sua
592 2755 984 2828 approbasset,
1002 2755 1789 2828 justumquematrimonium
1820 2759 2110 2813 communi

475 2826 792 2898 conjugum
836 2826 1417 2898 iconsensudissolvi
1489 2843 1676 2897 posse,
1725 2828 1848 2898 lege
1901 2831 2110 2884 sancita

478 2895 772 2966 edixisset;
819 2897 1087 2967 denique,
1135 2895 1180 2949 si
1218 2913 1331 2950 non
1364 2895 1616 3020 pecuniae
1643 2895 1906 2953 ardenter
1931 2918 2106 2972 appe-

478 2975 620 3020 tens.
653 2969 824 3020 etiam
849 2967 974 3020 ipsa
997 2967 1302 3020 sacerdotia
1329 2985 1364 3020 n
1391 2967 1560 3020 ebeiis
1584 2970 1910 3020 hominibus
1936 2989 2105 3020 vena-

475 2975 620 3036 tens,
653 2969 824 3040 etiam
849 2967 974 3040 ipsa
997 2967 1302 3022 sacerdotia
1329 2967 1560 3040 plebeiis
1584 2970 1910 3025 hominibus
1936 2967 2105 3026 vena-

383 3089 390 3096 ρ
475 3039 925 3112 liaexposuisset
965 3041 1252 3112 (Euagrius
1288 3039 1380 3092 lib.
1423 3056 1474 3105 v,
1517 3044 1738 3112 capti).
1785 3042 1860 3096 De
1888 3044 2106 3097 Justino

476 3111 652 3166 refert
687 3111 988 3176 Cedrenus,
1039 3110 1190 3180 quod
1235 3126 1365 3164 cum
1399 3113 1550 3180 apud
1585 3110 1820 3168 rebelles
1857 3114 2108 3168 subditos

476 3181 834 3261 scriptisnon
859 3181 1176 3261 proliceret,
1206 3181 1277 3261 ad
1305 3182 1577 3261 populum
1605 3183 1781 3261 libere
1809 3185 2032 3261 dixerit,
2058 3185 2108 3261 si

473 3252 769 3336 praeceptis
795 3252 908 3306 suis
935 3268 1132 3336 parcre
1159 3252 1393 3336 nollent,
1411 3252 1594 3334 alium
1614 3255 1848 3336 sibisuo
1873 3255 2107 3336 arbitrio

475 3323 1258 3396 imperatoremdeligerent.
1296 3343 1323 3372 ‹‹
1353 3325 1660 3396 Egogenim
1691 3325 1874 3394 (illum
1901 3327 2108 3380 dixisse

477 3394 578 3466 ait}
595 3394 1292 3466 contumacibus,,injustis
1329 3400 1385 3448 et
1427 3394 1610 3450 aliena
1644 3397 1964 3452 volentibus
1996 3397 2106 3450 im-

477 3465 676 3539 perare
723 3467 878 3520 nolo.
913 3483 940 3518 ››
967 3465 1156 3539 __Addit
1178 3465 1366 3539 _unius
1405 3467 1716 3539 refractarii
1753 3468 2007 3539 graviore
2051 3473 2109 3522 et

477 3536 765 3592 acerbiore
819 3536 1091 3606 supplicio
1135 3536 1416 3609 effectum‘
1445 3537 1642 3604 fuisse,
1685 3536 2001 3609 ut'ubique
2046 3539 2106 3593 in

477 3625 701 3664 summa
726 3624 862 3679 pace
881 3608 1186 3679 viveretur,
1203 3611 1372 3678 atque
1402 3606 1549 3661 intra
1576 3606 1928 3678 trigesimani
1954 3609 2106 3664 diem

476 3695 663 3751 neque
688 3678 843 3733 actor
867 3678 1013 3751 ullus
1051 3685 1214 3751 esset,
1237 3695 1424 3751 neque
1453 3694 1582 3751 reus
1599 3679 1961 3751 injuriarum.

548 3748 709 3822 Anno
733 3753 765 3805 9
795 3748 1151 3822 pontificatus
1187 3748 1434 3817 Joannis,
1481 3749 1582 3820 qui
1621 3748 1706 3804 est
1731 3750 1940 3822 Christi
1981 3755 2103 3822 568,

478 3820 746 3878 Alboinus
772 3821 1392 3893 rexLangobardorum
1429 3836 1458 3874 e
1484 3821 1776 3875 Pannonia
1804 3823 2013 3893 (quam,
2037 3820 2108 3879 ex

477 3892 844 3964 Scandinavia
872 3891 1058 3964 insula
1081 3907 1438 3964 progressus,
1481 3907 1585 3964 per
1618 3908 1749 3946 suos
1781 3891 2107 3964 occupatam

477 3962 848 4036 quadraginta
899 3961 1120 4036 duobus
1175 3961 1339 4016 annis
1389 3961 1726 4036 obtinuerat)
1775 3961 1993 4034 primus
2045 3965 2108 4020 in

475 4033 515 4090 lt
524 4035 692 4089 aliam
714 4033 940 4106 magnis
964 4033 1176 4106 viribus
1194 4033 1473 4106 potensgin
1482 4033 1757 4103 greditur.
1776 4033 1888 4089 Per
1913 4036 2107 4106 conju-

481 4106 640 4178 gium
685 4105 1065 4178 Clothosindae_
1091 4103 1319 4158 Clotarii
1354 4103 1506 4171 tiliae,
1549 4121 1742 4175 quam,
1789 4111 1928 4160 teste
1967 4103 2103 4162 Gre-

479 4175 660 4250 gorio,
687 4177 745 4250 in
773 4192 1012 4250 uxorem
1037 4175 1563 4250 duxerat,_quatuor
1584 4191 1746 4250 reges
1763 4178 2106 4250 Francorum

477 4245 584 4302 sibi
609 4247 1024 4314 confmderavit,
1054 4247 1128 4300 ita
1158 4250 1220 4300 ut
1256 4245 1498 4299 aliorum
1528 4245 1699 4300 etiam
1733 4247 2104 4304 barbarorum

476 4319 683 4374 auxilia
706 4319 962 4390 adeptus,
983 4316 1250 4372 Romanis
1271 4317 1501 4390 effectus
1520 4316 1692 4372 fuerit
1709 4318 2100 4376 formidabilis.

476 4391 605 4446 Post
629 4387 901 4463 vastatam
928 4391 1196 4463 velletam
1211 4387 1580 4463 provinciam,
1605 4394 1906 4463 captasque
1927 4409 2102 4463 prope

477 4463 776 4533 universas,
808 4459 1052 4533 Liguriae
1092 4457 1342 4533 civitates
1381 4457 1738 4533 (justoenim
1777 4457 1871 4516 Dei
1889 4457 2102 4533 judicio

475 4533 728 4605 primum
754 4529 898 4605 feris
910 4529 1165 4605 barbaris
1191 4529 1562 4605 consumendi
1587 4529 2098 4588 traduntur'schis-

476 4599 665 4660 inatici
703 4601 1076 4674 Aquileiensis
1101 4599 1411 4674 provinciae
1429 4601 1528 4674 illi,
1568 4619 1708 4673 quos
1748 4608 1865 4658 tam
1904 4607 2102 4660 multis

2129 3284 2182 3357 C

2217 2019 2596 2074 sanctissimus
2627 2035 2773 2089 papa
2799 2017 3032 2072 retinuit
3073 2033 3130 2072 se
3163 2017 3222 2070 in
3258 2019 3578 2073 coemeterio
3617 2024 3854 2074 sancto-

2214 2131 2344 2168 rum
2371 2112 2609 2168 Tiburtii
2654 2117 2710 2166 et
2754 2109 3054 2179 Valeriani,
3095 2115 3151 2164 et
3187 2110 3458 2166 habitavit
3487 2111 3563 2165 ibi
3598 2114 3853 2168 multum

2213 2207 2506 2278 temporis,
2534 2210 2598 2260 ut
2623 2205 2794 2259 etiam
2823 2204 3115 2274 episcopos
3145 2203 3220 2257 ibi
3242 2211 3614 2261 consecraret.
3643 2207 3854 2262 Narses

2211 2317 2344 2355 vero
2370 2300 2658 2370 ingressus
2687 2300 2947 2366 Romam,
2977 2302 3104 2368 post
3129 2313 3248 2351 non
3284 2295 3362 2369 [In
3404 2300 3532 2355 Cod.
3569 2303 3696 2356 Luc.
3726 2317 3854 2356 non

2211 2393 2372 2467 deest]
2403 2393 2649 2447 multum
2673 2391 2946 2462 temporis
2984 2395 3245 2445 mortuus
3274 2395 3378 2445 est.
3423 2393 3592 2463 Cujus
3639 2409 3856 2465 corpus

2210 2488 2456 2559 positum
2479 2486 2635 2541 estin
2666 2485 2865 2539 locello
2893 2483 3180 2554 plumbeo,
3201 2487 3256 2538 et
3281 2484 3574 2539 reductum
3605 2492 3688 2541 est
3713 2505 3854 2542 cum

2211 2581 2474 2636 omnibus
2499 2579 2708 2635 divitiis
2727 2579 2849 2648 ejus
2868 2577 3442 2649 Constantinopolim.
3477 2579 3686 2634 Eodem
3705 2586 3857 2637 tem-

2210 2688 2409 2758 viginti
2448 2687 2701 2758 quinque
2739 2686 2980 2752 dierum,
3019 2686 3413 2756 pontificatum
3456 2687 3692 2757 adeptus
3737 2689 3854 2744 fuit

2209 2777 2360 2813 anno
2388 2759 2592 2814 Christi
2621 2761 2722 2811 559
2761 2763 2826 2810 ut
2864 2774 3036 2826 supra
3070 2758 3184 2811 dixi
3226 2759 3539 2810 necessario
3569 2760 3853 2813 aftirmari

2210 2831 2375 2885 debet
2403 2830 2554 2901 quod
2581 2828 2678 2898 qui
2707 2829 2775 2881 ad
2805 2845 3056 2901 mensem
3083 2829 3294 2901 Iulium
3329 2830 3462 2901 anni
3505 2833 3606 2883 572
3647 2847 3852 2900 super-

2207 2902 2366 2966 vixit,
2400 2899 2505 2972 βου
2545 2916 2722 2972 annos
2755 2899 3024 2972 tredecim
3071 2906 3126 2954 et
3162 2899 3280 2954 dies
3319 2900 3615 2954 duodecim
3649 2899 3853 2957 sedem

2208 2971 2559 3045 pontificiam
2584 2971 2912 3045 obtinuerit.

2283 3045 2350 3112 (b)
2386 3045 2507 3096 Ilzec
2535 3047 2673 3095 teste
2707 3042 2943 3108 Agatliia
2977 3041 3072 3094 lib.
3113 3058 3165 3095 ιν
3205 3041 3564 3109 contigerunt
3597 3059 3746 3096 anno
3773 3048 3850 3099 29

2206 3113 2504 3169 Iustiniani
2543 3111 2918 3182 imperatoris,
2964 3129 3114 3164 anno
3143 3113 3363 3184 Domini
3393 3117 3514 3180 3355,
3546 3113 3648 3167 sub
3693 3132 3849 3184 pon-

2208 3186 2420 3239 tificatu
2475 3185 2681 3252 V'igilii,
2735 3189 2790 3237 et
2835 3183 3229 3236 Theodobaldo
3287 3185 3626 3238 Francorum
3679 3183 3847 3255 rege.

2210 3257 2370 3310 Errat
2398 3255 2588 3326 itaque
2615 3255 2959 3321 Anastasius,
2980 3256 3086 3326 qui
3113 3255 3256 3307 hanc
3281 3255 3572 3308 historiam
3605 3256 3674 3309 ad
3700 3262 3851 3311 tem-

2209 3345 2345 3398 pora
2387 3325 2614 3379 Joannis
2657 3342 2816 3396 papa}
2868 3327 2927 3378 III
2974 3325 3064 3379 hic
3117 3327 3291 3379 refert
3341 3327 3500 3395 (Vide
3541 3329 3849 3384 Burom’um

2210 3397 2353 3452 anno
2381 3401 2480 3451 53555
2509 3413 2654 3450 num.
2689 3401 2753 3450 12
2779 3402 2828 3450 et
2861 3397 2966 3464 l3).

2282 3470 2344 3538 (ς)
2374 3468 2454 3522 Ad
2485 3468 2776 3522 historiam
2805 3467 2968 3521 istam
3012 3467 3286 3538 Anastasii
3323 3467 3528 3520 Paulus
3569 3469 3848 3526 diaconus

2209 3539 2308 3593 lib.
2342 3557 2356 3592 1
2385 3557 2506 3609 cap.
2601 3539 2669 3592 de
2697 3539 2870 3592 Gestis
2901 3537 3396 3609 Langobardorum
3428 3539 3602 3608 addit,
3637 3541 3845 3596 Narse-

2206 3617 2324 3664 tem
2348 3608 2734 3665 Romanorum
2772 3609 3038 3662 invidiam
3066 3608 3391 3673 incurrisse,
3425 3609 3558 3678 quia
3593 3613 3847 3668 multum

2207 3681 2329 3735 auri
2355 3689 2412 3736 et
2436 3682 2678 3750 argenti,
2722 3681 3074 3748 aliarumque
3113 3695 3306 3752 rerum
3347 3681 3566 3752 divitias
3604 3685 3849 3752 acquisi-

2207 3753 2392 3806 visset.
2421 3753 2480 3806 In
2510 3752 2742 3822 reliquis
2767 3752 2883 3804 fore
2909 3751 3282 3822 conveniunt;
3314 3750 3423 3805 nisi
3450 3753 3600 3822 quod
3633 3750 3847 3810 Paulus

2207 3823 2475 3877 diaconus
2518 3821 2813 3876 historiam
2851 3822 2996 3874 hanc
3020 3821 3187 3891 paulo
3213 3821 3488 3890 prolixius
3526 3831 3842 3882 recenseat.

2207 3895 2506 3966 Utriusque
2543 3894 2853 3966 historiam
2897 3899 3166 3966 tanquam
3208 3893 3519 3947 fabulosam
3565 3900 3620 3948 et
3665 3896 3845 3966 plane

2206 3965 2649 4019 commentitiam
2675 3965 2878 4018 refellit
2914 3964 3188 4018 Baronius
3215 3981 3366 4019 anno
3413 3967 3534 4032 567,
3575 3964 3735 4020 num.
3774 3971 3837 4024 11

2207 4042 2263 4090 et
2285 4053 2465 4108 seqq,
2496 4036 2612 4104 ubi,
2641 4041 2868 4088 auctore
2893 4035 3134 4106 Corippo
3162 4036 3528 4104 grammatico
3551 4037 3839 4107 Africano,

2206 4109 2449 4162 ostendit
2476 4108 2760 4161 Narsetem
2791 4110 2922 4160 ante
2945 4123 3159 4178 annum
3188 4110 3310 4174 567,
3341 4125 3454 4178 quo
3483 4109 3844 4178 Langobardi

2205 4195 2273 4233 ex
2304 4179 2587 4232 Pannonia
2613 4178 2673 4232 in
2702 4177 2915 4232 Italiam
2943 4177 3162 4231 irruere
3198 4177 3510 4248 coeperunt,
3554 4177 3840 4236 COnstan-

2203 4250 2506 4320 tinopolim
2533 4254 2872 4316 revocatum,
2904 4265 3293 4320 magnumque
3324 4249 3603 4304 honorem
3628 4267 3838 4306 conse-

2205 4321 2852 4394 cutumfuisserDeinde
2881 4320 3031 4394 idem
3057 4337 3122 4394 eo
3150 4327 3489 4390 argumento
3526 4323 3835 4394 convincit,

2205 4392 2354 4462 quod
2395 4391 2501 4462 ipsi
2531 4391 2737 4461 scripto
2781 4392 3010 4462 proprio
3059 4393 3309 4445 fatentur
3344 4392 3554 4448 mortui
3598 4391 3841 4450 cadaver

2203 4480 2332 4516 cum
2353 4463 2568 4516 honore
2591 4463 3130 4532 Constantinopolim
3149 4463 3483 4518 translatum
3507 4479 3645 4518 esse.
3669 4465 3838 4528 Quod

2203 4534 2250 4588 si
2279 4550 2478 4588 verum
2503 4539 2604 4602 est,
2636 4534 2744 4604 ipsi
2775 4535 3060 4587 Narsetem
3089 4535 3159 4588 ab
3189 4534 3344 4588 Italia
3368 4535 3702 4605 proditionis
3730 4538 3839 4591 cri-

2201 4606 2354 4660 mine
2381 4605 2697 4659 immunem
2722 4605 2984 4672 reddunt,
3009 4622 3282 4675 suamque.
3303 4605 3405 4660 hac
3425 4607 3492 4661 de
3515 4622 3574 4659 re
3595 4622 3834 4662 enarra-

475 4675 678 4731 litteris
706 4663 958 4744 Pelagius
984 4663 1128 4742 papa
1164 4671 1254 4746 adq
1291 4663 1547 4746 Ecclesia:
1583 4663 1856 4729 unionem
1894 4663 2417 4734 invita-Dtionem
2465 4677 2525 4730 in
2578 4663 3006 4730 mendaciorum
3067 4663 3314 4731 textrina
3377 4683 3637 4734 contexta
3687 4695 3833 4746 esse,

476 4748 648 4814 verat)
687 4742 898 4818 praeter
940 4759 1040 4818 eas
1066 4758 1192 4813 quae
1238 4742 1309 4818 in_
1347 4743 1753 4818 littoreAmaris
1789 4747 1909 4801 sita:
1947 4754 2097 4818 sunt,

474 4813 708 4872 insidiis
734 4813 1097 4871 Rosimunda:
1149 4813 1342 4886 uxoris
1389 4814 1744 4886 interficitur,
1803 4835 1933 4872 cum
1989 4813 2101 4874 tres

474 4905 654 4943 annos
691 4891 748 4958 et
789 4903 886 4958 sex
923 4901 1163 4958 menses
1178 4885 1238 4958 in
1276 4885 1774 4958 ltaliarregnasset.
1829 4889 2102 4945 Successit

474 4965 604 5042 post
653 4957 955 5012 Alboinum
1013 4956 1258 5081 Clephis,
1302 4956 1594 5038 tenuitque
1637 4977 1882 5024 regnum
1933 4962 2102 5016 Italiae

476 5047 627 5081 anno
672 5045 788 5081 uno
831 5033 889 5081 et
930 5043 1108 5080 mensr
1154 5045 1216 5081 us
1255 5045 1526 5081 dumque.
1567 5031 1641 5081 Ita
1686 5031 1783 5081 llei
1821 5033 2098 5081 nermissn

476 5027 627 5103 anno
672 5045 788 5103 uno
823 5033 902 5103 et
930 5027 1216 5103 mensibus
1251 5027 1526 5103 quinque.
1567 5031 1641 5084 Ita
1685 5031 1784 5085 Dei
1821 5033 2102 5103 permissu

475 5101 582 5173 feri
605 5098 838 5173 barbari
867 5099 1080 5173 Italiam
1104 5098 1364 5154 invadere
1387 5098 1696 5171 coeperunt,
1746 5098 1972 5173 iit—ejus
2009 5105 2103 5159 do-

475 5171 653 5226 minio
703 5169 1010 5242 orientales
1060 5169 1800 5242 imperatorem—quibusvis
1851 5169 2103 5230 barbaris

473 5243 739 5316 adversus
765 5241 1046 5316 Romanos
1062 5243 1512 5309 tmculentiores,
1526 5241 1816 5316 paulatim
1837 5251 2098 5316 exueret;

474 5314 666 5388 sicque
692 5312 923 5388 tandem
947 5313 1236 5388 tieret,_ut
1280 5331 1515 5388 excussa
1545 5312 1880 5388 Graecorum
1908 5312 2100 5388 tyranL

473 5383 628 5453 uide,
661 5388 717 5438 et
743 5383 1033 5438 vendicata
1070 5399 1100 5436 a
1132 5384 1352 5438 Francis
1377 5402 1508 5440 cum
1535 5386 1676 5440 urbe
1706 5387 1874 5454 Italia,
1907 5383 2102 5444 eadem

475 5471 686 5525 magna
715 5471 784 5509 ex
823 5461 982 5527 parte
1025 5455 1277 5510 Romano
1316 5457 1566 5527 pontifici
1595 5459 1838 5512 cederet.
1878 5459 2103 5526 (Paulus

474 5527 737 5665 diae-opus
763 5527 828 5580 de
864 5526 1034 5582 Gestz's
1068 5526 1553 5596 Langobardorum
1593 5529 1687 5583 lib.
1727 5546 1765 5584 II
1807 5546 1925 5600 cap.
1960 5534 2024 5585 10
2053 5537 2104 5586 et

474 5613 618 5665 seqq.

471 5613 618 5668 seqq.

545 5673 614 5744 (α)
630 5669 806 5724 Annis
829 5669 1097 5744 tredecim
1122 5673 1291 5744 atque
1311 5669 1507 5725 diebus
1524 5671 1947 5744 quatuordecim
1967 5691 2106 5744 pon-

471 5740 742 5796 tiﬁcatum
787 5742 1035 5814 tenuisse
1073 5741 1327 5814 indicant
1347 5758 1426 5814 ea
1464 5747 1727 5814 tempora
1745 5740 2104 5814 quibus-hoc

470 5827 680 5885 munus
723 5812 1096 5885 apostolicum
1146 5812 1540 5885 administrare
1592 5812 1782 5885 coepit—
1809 5818 1867 5870 et
1915 5815 2100 5873 desiit.

471 5899 529 5942 ιιι
555 5884 682 5942 Idus
707 5883 838 5942 Julii
877 5883 1211 5942 defunctum
1251 5898 1369 5940 esse
1403 5883 1613 5940 fatetur
1651 5883 1994 5944 Anastasius.
2047 5888 2104 5945 Si

469 5974 604 6036 ergo
621 5957 712 6013 die
728 5959 794 6014 2'7
821 5955 971 6013 Junii
992 5958 1117 6030 post
1133 5953 1526 6026 interregnum
1549 5956 1726 6013 trium
1747 5959 2031 6016 mensium
2048 5964 2105 6018 et

1788 6202 1812 6218 Ι

2201 4749 2432 4820 propria
2468 4747 3124 4820 confessionerevelant.
3165 4749 3303 4820 Nam
3341 4749 3388 4802 si
3427 4751 3646 4810 Narses,
3677 4752 3840 4820 quod

2201 4818 2455 4892 referunt
2491 4819 2592 4887 illi,
2637 4818 3032 4892 Langobardos
3065 4819 3123 4872 in
3171 4819 3385 4892 Italiam
3419 4818 3839 4892 evocavitfpro

2203 4890 2427 4944 sceleris
2483 4890 2893 4960 magnitudine,
2947 4906 3062 4944 non
3111 4890 3282 4944 modo
3327 4896 3483 4946 tanto
3524 4890 3746 4947 honore
3783 4899 3842 4949 et

2203 4962 2495 5036 triumpho
2513 4961 3056 5036 spoliandus‘fuerat,
3079 4961 3176 5014 sed
3189 4962 3836 5036 potiusexhumandus,

2203 5032 2620 5104 combustisque
2659 5032 2940 5086 cineribus
2969 5033 3152 5104 plane,
3178 5032 3327 5086 foras
3353 5034 3662 5103 ejiciendus
3688 5032 3837 5092 erat.

2203 5103 2258 5158 Si
2285 5104 2434 5157 dicas
2475 5105 2664 5174 ipsum
2704 5105 2990 5156 Narsetem
3029 5103 3099 5157 ab
3139 5103 3483 5174 imperatore
3519 5105 3729 5160 iterum
3777 5107 3840 5164 in

2204 5175 2415 5228 Italiam
2442 5191 2558 5229 esse
2579 5175 2813 5228 missum
2833 5191 2962 5249 cum
2979 5175 3178 5228 eodem
3194 5192 3429 5249 munere
3446 5178 3837 5249 praefecturae;

2202 5251 2524 5318 repugnant
2556 5262 2754 5300 omnes
2790 5245 3108 5318 scriptores,
3138 5247 3237 5318 qui
3272 5245 3528 5302 unaniini
3558 5245 3841 5306 consensu

2202 5317 2470 5390 fatentur.
2499 5318 2821 5390 Longinum
2870 5317 3171 5390 inilocum’
3192 5319 3432 5372 Narsetis
3460 5320 3840 5390 subrogatum

2202 5388 2392 5442 fuisse.
2415 5390 2652 5459 Explosa
2677 5389 2856 5458 igitur
2879 5389 3132 5442 fabulosa
3151 5390 3444 5460 utriusque
3475 5391 3580 5445 hac
3607 5388 3844 5446 enarra-

2202 5459 2360 5513 tione
2387 5460 2454 5513 de
2482 5460 2796 5531 proditione
2825 5461 3086 5526 Narsetis,
3115 5459 3534 5531 ejusqueiobitu
3561 5468 3616 5517 et
3645 5467 3838 5518 trans-

2203 5531 2435 5604 latione,
2463 5548 2590 5585 cum
2621 5532 2826 5604 Graecis
2868 5531 3232 5604 scriptoribus
3276 5549 3609 5603 asseramus,
3645 5533 3841 5604 ipsum

2203 5602 2512 5656 honorifice
2539 5603 3092 5672 Constantinopolim
3122 5619 3240 5658 esse
3268 5621 3574 5672 reversum,
3598 5602 3837 5660 substi-

2203 5678 2438 5749 tutoque
2487 5674 2572 5728 illi
2620 5675 2874 5749 Longino
2920 5691 3272 5749 successm‘e,
3305 5675 3542 5731 miriﬁce
3590 5676 3836 5749 cultum,

2203 5744 2414 5818 ibidem
2443 5761 2627 5818 usque
2651 5747 2720 5800 ad
2748 5747 2964 5800 obitum
2990 5747 3386 5818 permansisse,
3419 5753 3476 5802 et
3501 5744 3840 5818 sumptuosa

2203 5815 2743 5894 tediticia__erexi_sse.
2767 5819 2890 5894 Haec
2915 5815 3284 5894 exCedreno,
3305 5815 3568 5894 Corippo,
3592 5815 3839 5894 aliisque

2204 5887 2589 5962 scriptoribus,
2619 5889 2893 5950 Batonius
2919 5905 3054 5949 ann.
3101 5891 3202 5947 567
3244 5887 3301 5950 et
3341 5887 3667 5962 568‘,‘num.
3712 5887 3760 5950 θ’
3777 5899 3836 5954 et

2204 5959 2588 6034 sequentibus,
