3968 6480
133 457 181 510 l3
945 455 1256 510 EPISTOLA
1293 457 1379 510 AD
1417 456 1716 510 EPISCOPC

1817 455 2158 510 ΞΕΙὶΜΑΝΙίΕ
2195 457 2276 511 ΕΤ
2313 455 2585 511 GALleE.

3351 457 3414 511 14

127 576 238 634 pore
260 560 485 615 Joannes
511 573 659 630 papa
687 561 751 614 et
775 559 902 632 ipse
945 567 1204 617 mortuus
1228 565 1331 630 est,
1371 566 1427 618 et
1465 560 1712 633 sepultus
1735 561 1913 647 Atim
1938 578 2068 616 eum
2104 561 2293 616 nullus
2331 578 2400 626 ex
2435 559 2790 632 septuaginta
2823 557 3126 631 discipulis,
3171 575 3415 632 quorum

125 657 170 708 in
191 651 392 707 basilica
409 651 557 705 beati
579 652 735 706 Petri
755 654 1025 724 apostoli,
1049 671 1109 708 ιιι
1137 655 1262 708 ldus
1279 654 1450 708 Iulias
1483 653 1562 726 [In
1583 655 1709 712 Cod.

125 749 224 802 Luc.
249 759 302 797 in
339 743 413 797 id.
454 742 564 796 Jul.
602 742 801 816 deest].
846 745 942 798 Hic
991 745 1124 800 fecit
1164 745 1544 801 ordinationes
1580 746 1714 800 duas

124 853 206 908 per
225 851 460 889 mensem
488 834 919 905 Decembrium,
947 837 1304 908 presbyteros
1330 837 1562 908 triginta
1587 842 1713 892 octo

129 925 192 999 [In
219 926 332 984 Cod.
384 929 534 989 Luc.,
573 927 825 996 triginta
867 927 1092 1000 novem]
1141 929 1401 983 diacoues
1447 929 1716 983 tredecim

123 1020 371 1090 episc0pos
394 1033 496 1088 per
522 1017 754 1073 diversa
778 1019 905 1074 loca
931 1035 1173 1074 numero
1201 1021 1488 1090 sexaginta
1517 1036 1710 1075 unum.

122 1113 172 1166 Et
191 1111 396 1166 cessavit
443 1110 812 1182 episcopatus
861 1129 1102 1180 menses,
1145 1113 1263 1168 dies
1305 1117 1418 1168 tres
1465 1112 1544 1184 [In
1583 1113 1710 1170 Cod.

119 1207 239 1265 Lua,
277 1218 486 1258 menses
530 1203 758 1274 decem,
805 1204 926 1259 dies
973 1209 1086 1260 tres
1129 1205 1232 1259 sub
1275 1204 1363 1260 die
1406 1208 1467 1260 l3
1504 1205 1713 1259 mensis

119 1295 223 1351 lul.l
1183 1341 1194 1350 .

328 1387 702 1443 EPIS'I‘OLA‘|
734 1388 808 1459 (a)
847 1389 1127 1443 JOANNIS
1165 1391 1360 1444 PAPE
1400 1390 1467 1443 ιιι

372 1497 441 1534 ΔΙ)
467 1497 763 1535 EPISCOPOS
793 1497 1080 1536 GEMANLE
1107 1498 1170 1536 ΕΤ
1193 1498 1416 1536 ΘΑΙιῙιΙίΕ.

118 1575 149 1627 l.
172 1575 384 1628 Primum
413 1574 826 1643 chorepiscopos
851 1574 1112 1643 quosdam
1138 1575 1444 1628 temerarios
1462 1572 1588 1640 olim
1593 1571 1713 1640 jam

169 1665 427 1720 damnatos
453 1667 673 1734 arguit,
711 1665 860 1734 quod
899 1667 1126 1720 nimium
1155 1667 1259 1720 sibi
1294 1669 1558 1721 sumerent
1581 1679 1711 1719 auc-
1741 1645 1752 1656 ’

170 1759 384 1811 toritatis
404 1759 463 1810 in
490 1758 849 1826 impositione
873 1771 1152 1812 manuum.

115 1848 164 1901 ll.
193 1848 375 1903 Deinde
399 1852 677 1902 monstrat
708 1848 1028 1906 Clementem
1053 1851 1086 1903 Ι
1111 1852 1234 1918 post
1259 1848 1468 1902 beatum
1499 1850 1714 1903 Petrum

1810 655 2052 724 speciem
2077 653 2136 708 in
2161 654 2390 709 ecclesia
2417 657 2640 724 gerunt,
2671 653 2892 722 legatur
2929 653 3142 707 donum
3179 652 3416 724 Spiritus

1811 746 1984 800 sancti
2007 763 2108 817 per
2135 761 2334 801 manus
2358 742 2778 816 impositionem
2801 743 3108 800 tradidisse.
3135 747 3296 810 Quod
3322 763 3418 802 au-

1811 843 1928 894 tem
1955 837 2088 892 solis
2113 838 2396 908 apostolis,
2426 853 2736 908 eorumque
2763 838 3169 893 successoribus
3199 838 3416 910 proprii

1811 931 1883 986 sit
1911 930 2081 985 ofﬁcii
2107 929 2325 984 tradere
2369 930 2642 1002 Spiritum
2683 933 2958 998 sanctum,
2993 928 3134 984 liber
3175 933 3416 986 Actuum

1809 1023 2192 1094 apostolorum
2222 1022 2361 1092 (Act.
2391 1023 2503 1093 vm)
2535 1023 2716 1076 docet.
2743 1022 2804 1076 In
2829 1021 3064 1076 concilio
3087 1036 3220 1078 vero
3245 1021 3416 1077 Cassa-

1811 1115 1992 1170 rcensi
2016 1115 2092 1169 ita
2109 1115 2176 1169 de
2196 1113 2609 1184 chorepiscopis
2627 1113 2866 1168 habetur
2876 1114 3146 1184 scriptum
3166 1116 3411 1183 (Neocws.

1811 1208 2021 1269 concil.,
2050 1223 2168 1261 can.
2203 1207 2284 1276 l3)
2309 1224 2322 1260 :
2345 1205 2744 1276 Chorepiscopi
2769 1221 2992 1276 quoque
3011 1205 3081 1260 ad
3096 1207 3415 1277 exemplum

1811 1303 1868 1353 et
1885 1299 2126 1352 formam
2145 1297 2497 1368 septuaginla
2521 1297 2782 1352 videntur
2799 1313 2916 1352 esse
2937 1314 2952 1352 :
2969 1301 3035 1352 ut
3049 1297 3419 1353 comministri

1810 1395 2018 1459 autem,
2050 1394 2282 1460 propter
2305 1388 2553 1444 studitun
2582 1389 2736 1460 quod
2770 1405 2904 1459 erga
2937 1405 3212 1460 pauperes
3253 1389 3414 1444 exhi-

1810 1480 1962 1550 bent,
1991 1481 2363 1536 honorentur.
2407 1481 2466 1535 Si
2502 1481 2656 1535 enim
2697 1480 2957 1535 meliores
3002 1481 3417 1554 sanctioresque

1811 1573 2012 1627 sanctis
2052 1573 2318 1644 apostolis
2365 1570 2497 1643 [vos]
2545 1588 2661 1627 esse
2700 1573 2926 1642 putatis,
2967 1572 3128 1628 facite
3173 1587 3300 1644 qua:
3334 1572 3416 1627 illi

1810 1679 1922 1719 non
1967 1665 2238 1734 fecerunt,
2290 1669 2346 1718 et
2392 1663 2810 1734 superextollite
2849 1679 2948 1719 vos
3005 1663 3132 1720 illis.
3179 1665 3238 1720 Si
3285 1679 3416 1720 vero

1812 1756 2060 1826 ejusdem
2088 1756 2298 1810 ordinis
2327 1755 2473 1822 estis,
2500 1759 2556 1810 et
2582 1755 2929 1826 aequiparare
2963 1772 3061 1812 vos
3102 1755 3268 1811 vultis
3288 1755 3414 1826 illis,

1810 1847 1986 1902 nolite
2004 1864 2068 1903 ea
2085 1863 2272 1917 agere,
2295 1864 2421 1918 qum
2437 1846 2520 1900 illi
2541 1863 2657 1902 non
2677 1851 2947 1918 egerunt:
2969 1848 3068 1902 sed
3096 1847 3415 1914 imitamini,

167 1940 323 1995 sedem
346 1941 708 2011 apostolicam
735 1942 959 2003 τοίηπερ,
983 1940 1147 2010 idque
1181 1941 1424 1996 tradente
1459 1940 1566 1994 sibi
1599 1941 1713 2009 ipso
1731 1929 1788 2000 B
1810 1943 1981 2010 prout
2005 1939 2205 1993 melius
2224 1939 2474 2009 potestis,
2497 1939 2753 2009 exempla
2773 1943 2830 1993 et
2845 1939 3079 2009 vestigia
3094 1953 3312 1994 eorum.
3333 1938 3416 1994 Illi

167 2035 304 2086 Petro

115 2125 183 2178 ΠΙ.
213 2126 374 2179 Tertio
419 2125 599 2178 tradit
651 2128 872 2194 quanta
911 2138 1041 2178 cura
1093 2127 1256 2194 atque
1290 2123 1592 2178 sollicitudo
1629 2121 1720 2177 illi

164 2216 416 2270 subeunda
438 2218 532 2278 sit,
562 2217 670 2286 qui
698 2231 917 2286 gregem
944 2217 1145 2273 Christi
1163 2221 1376 2286 pascat.

163 2309 382 2362 Joannes
431 2307 745 2378 episcOpus
799 2306 1082 2362 universis
1133 2323 1238 2377 per
1303 2306 1597 2373 Germania
1661 2313 1718 2363 et

113 2399 270 2453 Galliae
293 2399 614 2470 provincias
639 2399 996 2466 constitutis,
1024 2399 1085 2453 in
1113 2399 1353 2454 Domino
1383 2399 1643 2454 salutem.

167 2493 480 2563 Optaveram
505 2492 827 2564 siquidem,
858 2491 1192 2560 charissimi,
1233 2508 1338 2562 pro
1380 2492 1558 2546 nostri
1581 2493 1713 2546 cha-

113 2583 245 2638 ritate
267 2585 502 2655 collegii,
545 2600 760 2639 omnes
789 2583 1018 2638 Domini
1041 2583 1355 2638 sacerdotes
1383 2583 1442 2638 in
1478 2599 1588 2638 una
1617 2585 1714 2638 de-

110 2676 300 2732 votione
322 2677 649 2748 persistere,
695 2691 804 2730 nec
845 2691 1188 2746 quemquam
1221 2675 1506 2746 prohibita
1539 2676 1719 2745 gratia

109 2771 185 2821 aut
207 2769 381 2823 favore
405 2769 782 2823 sacerdotum
807 2767 1030 2834 sectari,
1061 2771 1159 2822 aut
1183 2784 1216 2821 a
1249 2767 1338 2821 via
1362 2771 1512 2821 recta
1537 2767 1714 2822 disce-

111 2859 234 2915 dere.
261 2861 324 2915 Et
345 2877 692 2933 quanquam
731 2859 1052 2930 credamus,
1081 2859 1443 2913 Dilectionem
1477 2864 1717 2915 vestram

109 2951 336 3007 adomne
361 2969 506 3024 opus
553 2953 789 3007 bonum
827 2966 948 3005 esse
990 2956 1246 3022 paratam
1297 2949 1617 3023 [devotam],
1657 2957 1719 3006 ut

108 3047 266 3098 tamen
293 3044 577 3100 efﬁcacior
603 3045 714 3098 fiat
742 3057 1067 3114 congruum
1094 3041 1258 3096 nobis
1281 3042 1464 3096 visum
1490 3047 1590 3111 est,
1621 3043 1716 3096 lit-'

108 3136 217 3188 teris
241 3136 380 3190 sedis
405 3136 753 3207 apostolicae
783 3136 870 3205 (ut
895 3139 1319 3189 antecessorum
1357 3150 1584 3205 quoque
1609 3151 1715 3189 no-

1811 2035 2018 2101 autem,
2047 2030 2402 2103 praecipiente
2417 2031 2676 2100 Domino,
2703 2031 2922 2101 illisque
2951 2031 3334 2099 denuntiante,
3354 2034 3420 2086 ut

1811 2123 1895 2178 illi
1935 2128 1991 2178 et
2027 2138 2369 2178 successores
2406 2137 2606 2177 eorum
2641 2123 3033 2178 tantummodo
3067 2137 3170 2194 per
3218 2136 3417 2178 manus

1811 2215 2230 2286 impositionem
2247 2214 2532 2269 traderent
2557 2214 2832 2284 Spiritum
2859 2219 3132 2284 sanctum,
3149 2214 3291 2270 nulli
3318 2227 3418 2268 un-

1813 2323 1984 2378 quam
2003 2324 2072 2362 ex
2105 2307 2457 2378 septuaginta
2489 2306 2706 2360 tradere
2735 2305 3008 2376 Spiritum
3038 2313 3291 2363 sanctum
3315 2320 3416 2378 per

1812 2415 2012 2453 manus
2045 2397 2464 2469 impositionem
2500 2397 2894 2468 permiserunt,
2931 2398 3010 2452 eis
3052 2397 3316 2469 (quorum
3338 2403 3421 2468 ty-

1811 2507 1970 2562 pum,
1995 2495 2060 2544 ut
2083 2490 2410 2561 praedictum
2430 2493 2531 2558 est,
2548 2489 2952 2560 chorepiscopi,
2969 2494 3272 2561 antequam
3292 2504 3420 2560 pro~

1813 2583 1978 2637 hibiti
2005 2587 2206 2650 essent,
2237 2581 2503 2652 gerebant
2526 2581 2586 2634 in
2613 2580 2858 2652 ecclesia)
2889 2580 3120 2636 scientes
3161 2583 3418 2640 illicitum

1813 2675 1954 2741 fore,
2005 2674 2198 2728 dantes
2245 2673 2649 2727 successoribus
2693 2687 2894 2727 eorum
2955 2675 3294 2744 exemplum,
3345 2688 3418 2730 ne

1813 2782 2064 2838 unquam
2088 2766 2215 2820 talia
2238 2769 2662 2836 przesumerent.
2689 2765 2922 2819 Undein
2949 2766 3174 2820 Actibus
3201 2771 3422 2838 aposto-

1812 2858 1998 2912 lorum
2024 2856 2296 2928 scriptum
2328 2861 2412 2910 est
2449 2855 2587 2926 (Act.
2627 2856 2717 2926 vn)
2749 2871 2764 2911 :
2797 2858 2924 2914 Cum
2971 2858 3246 2914 audissent
3271 2869 3424 2931 apos-

1816 2951 1914 3005 toli
1934 2953 2030 3019 qui
2055 2953 2208 3004 erant
2234 2949 2632 3017 Hierosolymis,
2665 2950 2795 3017 quia
2824 2951 3020 3018 recepit
3045 2951 3298 3006 Samaria
3309 2965 3424 3008 ver-

1817 3043 1938 3096 bum
1967 3043 2079 3104 Dei,
2103 3043 2362 3096 miserunt
2379 3041 2454 3094 ad
2477 3056 2558 3095 eos
2574 3043 2792 3096 Petrum
2809 3045 2861 3096 et
2885 3044 3156 3098 Joannem.
3182 3045 3286 3110 Qui
3303 3055 3421 3100 cum

1814 3137 2092 3196 venissent,
2125 3138 2407 3188 oraverunt
2428 3148 2530 3202 pro
2555 3135 2703 3202 ipsis,
2742 3136 2804 3187 ut
2824 3135 3120 3203 acciperent
3154 3137 3419 3206 Spiritum

106 3230 318 3282 stromm
363 3228 610 3299 vestigia
653 3227 972 3283 imitemur,
1019 3241 1122 3280 vos
1157 3241 1412 3292 monere,
1442 3231 1720 3296 praecepta
1741 3276 1790 3299 η
1815 3221 2078 3282 sanctum.
2103 3229 2209 3284 Nec
2235 3227 2364 3280 dum
2383 3227 2521 3280 enim
2538 3227 2595 3278 in
2613 3241 2930 3299 quemquam
2955 3227 3170 3282 illorum
3185 3233 3422 3294 venerat,

106 3319 261 3372 divina
277 3325 332 3375 et
355 3276 698 3391 apostjilica:
718 3317 870 3372 sedis
895 3317 1150 3372 instituta
1168 3276 1714 3388 viriliter'peragere,
1739 3276 1792 3349 Ο
1815 3319 1908 3373 sed
1949 3319 2214 3388 baptizati
2255 3321 2464 3372 tantum
2509 3276 2661 3372 ararit
2700 3320 2757 3372 in
2775 3276 3001 3373 Inomine
3045 3319 3250 3374 domini
3279 3276 3421 3378 Iesu:

105 3415 148 3465 et
171 3411 440 3482 prohibita
474 3429 601 3467 non
631 3417 905 3481 tangere,
937 3410 1034 3464 sed
1067 3425 1295 3478 cavere;
1323 3425 1428 3464 nec
1456 3410 1718 3480 cuiquam
1821 3413 1964 3466 Tunc
2003 3409 2342 3480 imponebant
2384 3424 2574 3464 manus
2619 3425 2778 3479 super
2815 3411 2956 3474 illos,
3001 3416 3052 3466 et
3093 3413 3425 3483 accipiebant

104 3503 240 3559 liceat
261 3521 510 3576 unquam
539 3503 878 3558 doctrinam
904 3503 1134 3556 Patrum
1159 3502 1436 3570 deserere,
1467 3505 1523 3556 et
1546 3517 1720 3556 sacer-

105 3594 247 3651 dotali
271 3597 492 3653 honore
521 3596 808 3668 gaudere.

159 3690 193 3743 1.
220 3690 500 3744 Perlatum
537 3693 630 3745 est
671 3688 754 3742 ad
795 3686 990 3742 sedem
1025 3686 1393 3758 apostolicam
1430 3685 1719 3754 emersisse

103 3783 148 3833 et
170 3780 341 3837 denuo
369 3782 723 3838 reviviscere
749 3779 1110 3851 prohibitum
1151 3783 1207 3834 et
1236 3779 1490 3833 funditus
1517 3778 1718 3832 exstir-

101 3877 268 3940 patum
289 3879 407 3930 tam
435 3892 472 3929 a
497 3879 712 3930 sancto
740 3873 1001 3940 Damaso,
1033 3887 1204 3942 quam
1229 3887 1262 3925 a
1297 3876 1487 3926 sancto
1515 3871 1716 3940 Leone,

103 3963 213 4018 Viris
234 3967 580 4038 apostolicis,
613 3971 796 4036 atque
823 3964 898 4018 ab
924 3963 1200 4018 universis
1234 3963 1487 4034 synodali
1525 3968 1720 4018 aucto-

101 4055 242 4111 ritate
267 4059 569 4131 episcOpis,
601 4055 1125 4128 reprehensibilem
1155 4060 1322 4126 atque
1353 4055 1561 4126 oppido
1591 4053 1718 4110 ino-

101 4144 241 4203 litum
265 4167 446 4218 nsum,
479 4166 552 4206 eo
585 4148 757 4221 quod
781 4147 1019 4218 quidam
1043 4146 1436 4218 chorepiscopi
1465 4145 1580 4217 (qui
1606 4151 1661 4201 et
1687 4162 1720 4201 a

101 4241 470 4308 praedictorum
485 4248 798 4298 antecesso
805 4255 934 4294 rum
951 4244 1274 4294 sanctorum
1286 4239 1721 4309 apostolicorum

101 4333 322 4400 patribus
356 4341 413 4390 et
434 4335 580 4390 viris
605 4331 965 4405 apostolicis,
994 4335 1051 4386 et
1073 4331 1143 4385 ab
1168 4329 1325 4403 ipsis,
1352 4326 1464 4385 sive
1499 4347 1531 4384 a
1558 4330 1721 4385 nobis

102 4429 210 4479 sunt
228 4428 522 4497 prohibiti,
553 4426 715 4481 sicut
751 4439 955 4479 eorum
1007 4423 1276 4478 hactenus
1317 4427 1597 4478 testantur
1620 4423 1719 4478 de-

102 4520 242 4589 creta)
265 4521 412 4575 ultra
439 4519 700 4575 modum
727 4533 896 4572 suum
916 4515 1344 4588 progredientes
1365 4515 1540 4584 (Cone.
1569 4518 1724 4571 Pari-

1814 3504 2078 3572 Spiritum
2099 3506 2360 3556 sanctum.
2392 3501 2516 3556 Non
2541 3515 2676 3571 ergo
2703 3501 2784 3571 (ut
2799 3502 2921 3572 jam
2949 3502 3161 3558 dictum
3185 3505 3288 3575 est)
3315 3505 3418 3560 ali-

1817 3609 1988 3665 quem
2043 3608 2108 3646 ex
2149 3591 2522 3662 septuaginta,
2559 3592 2689 3650 licet
2742 3593 2907 3662 pauci
2945 3599 3131 3650 essent
3161 3596 3422 3666 apostoli,

1817 3685 1888 3738 ad
1912 3685 2018 3738 hoc
2038 3699 2178 3754 Opus
2197 3683 2602 3754 perﬁciendum
2626 3682 2972 3752 direxerunt,
2991 3684 3088 3739 sed
3106 3685 3337 3741 Petrum
3363 3691 3422 3743 et

1815 3778 2090 3832 Joannem
2109 3775 2392 3846 apostolos
2415 3791 2517 3846 per
2541 3791 2738 3830 manus
2761 3775 3178 3846 impositionem
3205 3778 3423 3836 tradere

1819 3869 2092 3940 Spiritum
2105 3872 2357 3922 sanctum
2379 3868 2654 3924 miserimt
2675 3885 2689 3924 :
2709 3883 2954 3940 quorum
2973 3869 3151 3925 vicem
3176 3871 3424 3944 episcopi

1818 3961 1877 4016 in
1903 3961 2132 4016 ecclesia
2155 3964 2376 4030 gerunt,
2410 3965 2466 4015 et
2505 3976 2624 4016 non
2665 3960 3052 4034 chorepisc0pi
3077 3961 3268 4032 (Niool.
3295 3966 3342 4027 Ι,
3366 3966 3426 4020 in

1818 4057 1971 4124 epist.
1999 4054 2073 4108 ad
2109 4053 2448 4123 Rudolphum
2487 4055 2662 4110 Bitur.
2705 4053 2900 4125 arch.),
2941 4054 3038 4125 qui
3073 4056 3425 4127 septuaginta

1819 4145 2222 4216 discipulorum
2249 4143 2490 4199 formam
2507 4150 2634 4200 ante
2652 4145 3093 4217 prohibitionem
3113 4161 3313 4204 eorum
3333 4161 3425 4220 ge-

1817 4237 2034 4292 rebant.
2065 4236 2224 4302 Quod
2247 4235 2330 4290 illi
2351 4252 2468 4292 non
2490 4237 2760 4308 fecerunt,
2791 4254 2892 4294 vos
2918 4238 3099 4294 facere
3127 4240 3322 4310 nolite,
3349 4256 3424 4297 ne

1819 4327 2114 4384 dissimiles
2141 4329 2239 4398 eis,
2270 4332 2325 4383 et
2348 4328 2568 4400 indigni
2593 4345 2792 4386 eorum
2811 4331 3158 4387 successione
3174 4336 3232 4386 et
3255 4331 3424 4388 mini-

1819 4421 1987 4498 sterio
2015 4437 2134 4476 esse
2158 4421 2458 4476 videamini
2475 4437 2489 4476 :
2505 4422 2638 4492 quia
2664 4421 2746 4493 (ut
2768 4423 2847 4478 ait
2869 4422 3140 4478 Dominus
3169 4423 3230 4478 in
3253 4425 3425 4480 Even-

1821 4513 1988 4584 gelio)
2025 4516 2120 4582 qui
2161 4529 2266 4568 non
2311 4517 2387 4568 est
2415 4529 2634 4578 meeum,
2668 4515 2950 4570 adversum
2987 4529 3070 4570 me
3094 4519 3172 4572 est
3195 4533 3214 4571 :
3244 4521 3296 4572 et
3330 4519 3428 4587 qui

101 4610 240 4665 siense
263 4627 338 4667 vi.
390 4613 488 4667 lib.
535 4628 555 4665 ι
601 4626 654 4665 c.
688 4611 804 4680 27),
850 4608 1070 4663 donum
1108 4608 1284 4662 sancti
1333 4605 1576 4678 Spiritus
1619 4623 1798 4704 perD
1818 4622 1923 4660 non
1950 4605 2153 4674 colligit
2174 4621 2394 4669 mecum,
2424 4606 2686 4676 dispergit
2707 4605 2851 4677 (Luc.
2881 4623 2959 4677 ιι,
2989 4609 3099 4678 23).

100 4697 494 4771 impositionem
523 4716 818 4758 manuum
849 4699 1094 4769 tradant,
1121 4704 1178 4755 et
1199 4699 1326 4770 alia,
1353 4715 1500 4770 quae,
1540 4699 1722 4754 solum

98 4796 429 4862 pontificibus
455 4796 777 4864 debentur,
809 4797 1011 4847 contra
1027 4793 1110 4847 fas
1133 4797 1411 4864 peragant
1441 4809 1456 4846 :
1488 4808 1721 4864 praeser-

1893 4699 1956 4753 ΙΙ.
1985 4697 2044 4751 Si
2081 4701 2270 4752 autem
2297 4699 2494 4753 Petrus
2539 4698 2801 4771 princeps
2835 4700 3224 4771 apostolorum
3259 4701 3422 4774 adju-

1817 4796 1969 4847 tores
1993 4791 2098 4848 sibi
2122 4791 2314 4847 ascivit
2353 4791 2556 4846 Linum
2602 4796 2658 4846 et
2693 4791 2934 4864 Cletum,
2967 4809 3086 4850 non
3110 4799 3301 4851 tamen
3325 4811 3424 4867 po-

159 4945 219 5016 (α)
243 4949 650 5005 Adulteer
679 4961 882 5001 omnes
907 4943 1056 5000 docti
1083 4947 1332 5013 censent,
1359 4959 1463 4999 nec
1489 4942 1606 5015 ipse
1635 4941 1868 4998 Baronio
1895 4945 2184 5015 praeeunte
2207 4958 2374 4998 ausus
2398 4946 2482 4998 est
2510 4942 2782 5014 refragari
2812 4942 3018 5000 Binius.
3048 4943 3208 5000 Lana.

1395 5065 1572 5121 ΝΟΤΑ
1609 5065 1916 5122 SEVERINI
1953 5065 2130 5120 BlNIl.

155 5171 176 5200 ‘
200 5174 342 5247 Hanc
359 5176 678 5247 epistolam
712 5173 799 5247 ab_
818 5171 1349 5247 aliquo__i_mpostore
1373 5172 1474 5247 sub
1490 5172 1718 5247 nomine

102 5239 296 5318 Joannis
313 5239 480 5318 papas
498 5248 573 5300 Ill
595 5248 734 5318 post
748 5239 969 5318 obitum
988 5239 1147 5297 illius
1161 5243 1508 5318 sgppositam
1526 5244 1716 5318 fuisse,

104 5313 265 5388 multis
287 5312 665 5388 argumentis
683 5312 922 5388 _os_tendi
947 5318 1151 5388 potest.
1185 5312 1394 5388 Primo,
1425 5313 1576 5388 quod
1615 5314 1718 5367 sub

104 5383 380 5440 consulatu'
420 5389 487 5442 16
540 5384 765 5440 Justini
827 5398 882 5452 1v
942 5383 1217 5452 Kalendas
1259 5383 1518 5452 Augusti,
1571 5399 1718 5437 anno

104 5451 127 5500 ’ῖ
167 5452 377 5524 lustini,
446 5460 506 5510 et
574 5459 688 5509 572
741 5451 954 5507 Christi
996 5454 1200 5524 scripta
1237 5451 1418 5524 fuisse
1469 5454 1716 5523 reperia-

105 5524 194 5597 tur,
217 5542 325 5595 quo
351 5522 622 5597 tempore
647 5525 901 5597 Joannes
927 5537 1067 5592 papa
1086 5522 1208 5597 jam
1232 5522 1291 5597 in
1315 5522 1453 5597 vivis
1475 5522 1592 5597 esse
1619 5524 1716 5597 de-

105 5591 791 5675 siemt'..Secun_do,"quod
835 5597 970 5675 nota
998 5591 1590 5675 consulariOinsigniita
1625 5593 1715 5675 sit,

226 5665 308 5720 bis
352 5661 732 5738 temporibus
768 5661 1020 5738 epistola:
1055 5661 1363 5738 pontilicise
1397 5661 1720 5738 consignari

133 5733 371 5806 esierant.
396 5731 619 5805 Tertio,
653 5731 818 5806 quod
838 5731 900 5784 in
919 5746 988 5806 _ea
1011 5731 1284 5788 scribatur
1308 5733 1510 5787 Linum
1537 5731 1593 5788 et
1603 5735 1720 5806 Cle-

106 5804 392 5864 mmfuisse
417 5801 1154 5877 tanturn—chorepiscopos;
1184 5819 1297 5877 quo
1322 5807 1514 5877 tamen
1537 5803 1720 5877 omnis

107 5886 228 5948 pene
249 5878 560 5954 antiquitas
597 5872 963 5948 scriptorum
995 5872 1358 5948 optumrum,
1385 5877 1448 5931 ut
1485 5874 1546 5931 in
1572 5874 1719 5932 notis

1816 5171 1887 5226 ad
1913 5171 2417 5244 Vitasieorumdem
2463 5171 2792 5242 pontiﬁcum
2835 5171 3100 5244 diximus,
3142 5188 3246 5244 pro
3274 5171 3422 5228 veris

1814 5243 2184 5314 pontiﬁcibus,
2205 5243 2451 5312 agnovit.
2493 5244 2664 5297 Taceo
2706 5243 2858 5314 quod
2907 5259 3116 5298 nomen
3146 5243 3419 5314 ichorepi-

1815 5329 2129 5394 scoparum,
2150 5313 2492 5394 Ide‘quorum
2519 5313 2751 5394 munere
2779 5313 3000 5394 integra
3033 5314 3263 5394 epistola
3290 5313 3424 5394 scri—

1813 5387 1910 5506 gta
1937 5387 2036 5451 est,
2067 5383 2124 5436 in
2147 5383 2317 5436 Gallia
2343 5387 2398 5436 et
2425 5383 2716 5464 Germania
2743 5383 3418 5464 plane’abolitumfuerit.

1863 5469 1925 5506 oc
1949 5469 2127 5506 unum
2157 5452 2429 5506 duntaxat
2454 5459 2786 5506 sanctismmi
2813 5451 3091 5506 nontllims
3115 5459 3418 5506 scrmtum'

1863 5469 1925 5506 oc
1949 5469 2127 5524 unum
2148 5452 2429 5524 duntaxat
2454 5451 2786 5506 sanctissimi
2813 5451 3091 5524 pontiﬁcis
3115 5455 3422 5524 scriptum,“

1815 5523 2285 5594 commentitium,
2311 5523 2595 5592 germanis
2619 5523 2870 5594 ejusdem
2895 5523 3144 5593 epistolis
3167 5523 3421 5594 deperdi-

1811 5593 1902 5660 tis,
1931 5598 2165 5662 exstare,
2206 5593 2566 5665 vehementer
2603 5593 2687 5648 est
2720 5593 3023 5648 dolendum
3053 5594 3212 5665 (Vide
3244 5593 3417 5648 Baro-

1813 5666 1964 5717 nium
1993 5679 2134 5717 anno
2166 5667 2288 5732 572,
2313 5680 2458 5718 num.
2488 5663 2560 5733 3).

1875 5761 1894 5782 ⁶
1921 5759 1996 5809 Ab
2035 5759 2242 5810 inficeto
2269 5759 2498 5832 plagiaro
2525 5759 2946 5832 qui‘subnlsldori
2969 5761 3130 5832 larva”
3147 5759 3415 5832 delitescit,

1811 5833 2124 5936 ἓὲξξεῗὲιὶεἰ
2139 5835 2256 5872 suas
2270 5821 2782 5887 imperitis’obtrudit
2811 5825 2862 5872 et
2887 5821 3158 5874 obcecatis
3198 5821 3416 5882 scripto-
