3968 6422
573 421 638 482 i5
1148 425 1202 480 S.
1241 423 1423 480 JOAN.
1465 422 1655 479 ΡΑΡᾸΞ
1693 421 1761 478 lll
1801 421 2007 479 EPIST.
2049 409 2137 479 Al)
2176 421 2530 478 EPISCOPOS
2565 424 2926 480 GERMANIJE
2965 417 3047 480 ET
3081 423 3360 481 GALLIE.
3869 433 3920 485 16

568 538 826 592 testatem
851 530 1148 606 pontiﬁcii,
1175 535 1274 588 aut
1297 531 1535 604 ligandi,
1561 535 1660 589 aut
1684 532 1936 588 solvendi
1960 533 2040 588 eis
2068 549 2196 588 uor-
2219 545 2277 618 Α
2297 531 2524 588 difﬁcile
2550 531 2722 589 fuerit
2759 538 2857 590 aut
2898 538 3136 607 propter
3172 533 3478 589 instantem
3517 533 3920 607 necessitatem,

566 644 720 686 mam
749 626 998 696 tradidit,
1028 626 1126 682 sed
1170 625 1479 684 successori
1514 643 1618 682 suo
1663 630 1856 683 sancto
1899 625 2193 695 Clementi,

565 720 664 795 qui
709 719 901 776 sedem
949 719 1320 792 apostolicam
1368 723 1498 792 post
1546 735 1700 790 eum,
1754 724 1810 776 et
1857 723 2195 792 potestatem

562 813 966 888 pontiﬁcalem,
998 813 1254 870 tradente
1279 812 1384 868 sibi
1411 813 1577 869 beato
1607 814 1795 881 Petro,
1828 817 2021 869 tenere
2054 829 2192 885 pro-

562 909 792 966 meruit.
819 909 991 965 Linus
1013 924 1147 964 vero
1169 913 1225 962 et
1249 906 1437 964 Cletus
1465 906 1860 962 ministrabant
1888 907 2190 978 exteriora,

558 1002 824 1076 princeps
839 1007 1030 1058 autem
1045 1001 1438 1074 apostolorum
1457 1003 1654 1057 Petrus
1671 1001 1845 1056 verbo
1873 1005 1929 1056 et
1951 1000 2194 1056 orationi

559 1095 854 1152 insistebat
884 1113 898 1152 :
928 1112 1056 1170 qua:
1082 1111 1199 1150 non
1223 1094 1538 1166 incongrue
1569 1095 1640 1150 ad
1666 1093 2034 1150 traditionem
2063 1094 2189 1165 Spi-

560 1189 702 1245 ritus
719 1190 893 1245 sancti
914 1206 1018 1262 per
1034 1204 1238 1244 manus
1255 1187 1683 1260 impositionem
1707 1186 2014 1259 pertinent.
2034 1187 2191 1242 Unde

561 1288 620 1339 et
638 1283 697 1338 in
717 1283 944 1340 Actibus
959 1283 1348 1355 apostolorum
1365 1281 1644 1354 scriptum
1671 1281 1914 1336 habetur
1939 1282 2078 1350 (Act.
2097 1282 2188 1352 v1):

559 1379 680 1436 Non
723 1382 800 1434 est
845 1392 1077 1448 (equum,
1123 1391 1218 1432 nos
1258 1377 1560 1447 relinquere
1595 1375 1812 1430 verbum
1851 1376 1965 1437 Dei,
2019 1378 2069 1429 et
2093 1377 2192 1430 mi-

558 1473 796 1526 nistrare
833 1471 1048 1525 mensis.
1091 1469 1447 1540 QuaprOpter
1485 1466 1842 1540 septuaginta
1869 1467 2030 1522 electi
2059 1471 2192 1522 sunt

559 1563 840 1638 discipuli,
868 1563 967 1636 qui
992 1563 1273 1618 exteriora
1300 1565 1658 1635 peragerent,
1705 1560 1813 1633 ipsi
1856 1577 1991 1616 vero
2031 1578 2191 1632 apos-

557 1657 660 1714 toli
687 1657 859 1713 verbo
897 1661 953 1712 et
999 1655 1243 1712 orationi
1280 1655 1634 1724 insisterent;
1665 1653 1797 1710 inde
1836 1659 1893 1710 et
1929 1653 1991 1710 in
2016 1655 2191 1710 Evan-

557 1750 705 1824 gelio
743 1750 1054 1806 secundum
1094 1749 1302 1804 Lucam
1341 1747 1614 1820 scriptum
1650 1751 1738 1829 est
1779 1748 1894 1804 ita:
1923 1749 2049 1804 Post
2078 1749 2189 1804 lucc

2291 631 2392 681 aut
2419 630 2656 698 propter
2703 627 2918 684 itineris
2958 627 3396 700 longitudinem,
3439 645 3472 682 a
3507 627 3689 683 tribus
3740 631 3920 685 tamen

2297 719 2640 776 omnimodis
2659 721 2717 776 in
2743 721 2990 793 idipsum
3017 721 3502 791 convenientibus,
3527 724 3583 777 et
3608 721 3920 778 absentibus

2294 827 2523 884 quoque
2574 814 2698 884 pari
2747 814 2920 871 modo
2966 815 3418 884 decernentibus,
3463 818 3519 868 et
3577 831 3680 886 per
3726 815 3920 886 scripta

2294 907 2799 976 consentientibus,
2822 913 2957 963 tunc
2987 907 3270 964 ordinatio
3301 907 3638 964 celebratur.
3669 907 3920 964 Firmitas

2292 1002 2481 1054 autem
2503 1017 2704 1056 eorum
2731 1017 2859 1074 quae
2887 1006 3160 1072 gerentur
3183 1017 3286 1074 per
3310 1018 3775 1074 unamquamque
3802 1019 3920 1074 pro-

2292 1092 2556 1164 vinciam,
2594 1095 3034 1167 metropolitano
3083 1095 3365 1150 tribuatur
3388 1095 3677 1167 episcopo.
3727 1095 3920 1152 Omnia

2294 1203 2520 1259 quoque
2553 1189 2803 1244 maxima
2845 1188 3080 1244 concilia
3118 1189 3424 1257 afﬁrmant,
3463 1205 3596 1243 eum
3649 1205 3766 1244 non
3810 1207 3920 1246 esse

2292 1279 2643 1353 episcopum,
2674 1281 2774 1354 qui
2798 1281 2986 1338 minus
3013 1299 3183 1356 quam
3209 1299 3241 1336 a
3265 1281 3446 1338 tribus
3475 1282 3773 1354 episcopis,
3794 1300 3919 1339 auc-

2292 1372 2515 1429 toritate
2533 1375 2702 1430 etiam
2728 1375 3176 1448 metropolitani,
3206 1375 3377 1431 fuerit
3401 1374 3582 1430 factus
3608 1375 3920 1448 episc0pus.

2291 1464 2535 1538 Ideoque
2585 1467 2712 1523 illos
2753 1485 2899 1540 quos
2944 1468 3380 1540 chorepiscopos
3420 1468 3652 1538 vocatis,
3696 1468 3830 1540 quia
3855 1470 3920 1523 ab

2290 1573 2404 1612 uno
2433 1559 2515 1630 (ut
2539 1561 2874 1633 audivimus)
2927 1561 3073 1616 ﬁunt
3119 1561 3406 1632 episcopo,
3461 1561 3759 1632 episcopos
3806 1579 3918 1616 non

2290 1667 2429 1723 esse,
2469 1669 2572 1709 nec
2599 1655 2809 1728 aliquid
2837 1655 2907 1710 de
2935 1655 3245 1728 pontiﬁcali
3287 1654 3585 1726 privilegio
3622 1671 3793 1726 agere
3823 1655 3918 1710 de-

2287 1745 2441 1816 bere,
2469 1748 2829 1820 perspicuum
2866 1753 2969 1804 est.
3008 1749 3290 1814 Quoniam
3329 1748 3376 1804 si
3419 1765 3630 1803 nomen
3673 1765 3792 1803 non
3820 1749 3916 1803 ha-

553 1848 733 1900 autem
756 1843 1064 1914 designavit
1084 1845 1340 1900 Dominus
1366 1847 1417 1898 et
1441 1843 1577 1898 alios
1593 1845 1941 1913 septuaginta
1965 1843 2119 1904 duos,
2138 1846 2189 1897 et
2287 1837 2442 1910 bent,
2482 1842 2772 1913 quomodo
2817 1841 3068 1897 ofﬁcium
3105 1846 3342 1914 possunt
3382 1842 3592 1898 habere
3639 1841 3863 1913 [facere]
3893 1843 3918 1897 τ

551 1938 701 1994 misit
744 1938 866 1994 illos
907 1939 1055 1993 binos
1099 1940 1226 1992 ante
1259 1937 1458 2004 faciem
1505 1951 1662 1992 suam
1705 1938 1765 1990 in
1807 1951 2012 1990 omnem
2053 1937 2184 1990 civi-
2209 1920 2264 1992 Β
2290 1931 2350 1988 Si
2375 1947 2514 2006 ergo
2554 1935 2802 2008 episcopi
2845 1952 2963 1991 non
3001 1940 3152 2006 sunt,
3195 1941 3252 1991 et
3291 1935 3608 2008 presbyteri
3653 1937 3916 2008 (quorum

553 2035 720 2088 tatem
741 2035 794 2087 et
813 2031 1004 2094 locum,
1022 2045 1126 2100 quo
1144 2033 1262 2085 erat
1278 2031 1390 2100 ipse
1406 2033 1680 2084 venturus.
1703 2031 1773 2084 Et
1793 2027 2005 2083 dicebat
2033 2029 2146 2084 illis
2167 2048 2183 2082 :

552 2127 738 2182 Messis
755 2125 972 2196 quidem
983 2123 1176 2186 multa,
1192 2125 1433 2194 operarii
1443 2127 1619 2178 autem
1636 2124 1823 2193 pauci.
1842 2125 2046 2193 Rogate
2061 2138 2184 2192 ergo

549 2217 826 2274 dominum
852 2219 1055 2282 messis,
1085 2220 1147 2272 ut
1173 2217 1358 2271 mittat
1386 2218 1658 2287 aperarios
1675 2217 1734 2270 in
1761 2231 1978 2270 messem
2005 2231 2182 2272 suam.

547 2313 646 2369 Ite.
672 2314 805 2368 Ecce
849 2327 944 2381 ego
981 2313 1137 2366 mitto
1161 2325 1251 2366 vos
1279 2312 1421 2366 sicut
1446 2325 1611 2380 agnos
1641 2312 1782 2365 inter
1808 2311 1978 2380 lupos.
2007 2310 2184 2367 Nolite

541 2409 766 2476 portare
795 2405 1088 2469 sacculum,
1124 2419 1292 2474 neque
1325 2419 1538 2474 peram,
1579 2419 1746 2474 neque
1781 2404 2178 2470 calceamenta;

546 2503 598 2553 et
635 2500 896 2554 neminem
931 2513 1030 2568 per
1071 2499 1220 2553 viam
1269 2498 1663 2552 salutaveritis.
1706 2499 1770 2552 In
1807 2511 2180 2567 quamcunque

543 2591 759 2648 domum
783 2593 1137 2653 intraveiitis,
1164 2593 1404 2662 primum
1429 2591 1592 2646 dicite
1618 2609 1634 2645 :
1668 2592 1790 2646 Pam
1814 2591 1940 2645 huic
1969 2589 2174 2646 domui.

541 2688 612 2742 Et
637 2688 688 2741 si
707 2687 788 2740 ibi
807 2687 979 2754 fuerit
1002 2687 1149 2756 ﬁlius
1173 2687 1347 2758 pacis,
1377 2687 1666 2755 requiescet
1691 2699 1852 2755 super
1881 2685 2039 2738 illum
2059 2700 2179 2755 pax

539 2785 746 2847 vestra;
775 2782 858 2835 sin
888 2783 1090 2842 autem,
1117 2779 1194 2834 ad
1231 2795 1322 2834 vos
1347 2782 1662 2834 revertetur.
1686 2781 1750 2834 In
1782 2778 1967 2833 eadem
1997 2782 2175 2834 autem

540 2873 696 2930 domo
724 2877 954 2935 manete,
981 2873 1190 2928 edentes
1215 2876 1266 2928 et
1292 2873 1524 2928 bibentes
1551 2888 1672 2942 qua:
1685 2872 1835 2942 apud
1868 2873 1992 2926 illos
2027 2877 2174 2927 sunt.

537 2969 744 3039 Dignus
777 2978 850 3024 est
875 2968 1016 3021 enim
1035 2967 1314 3038 operarius
1326 2965 1564 3021 mercede
1579 2981 1697 3020 sua.
1725 2965 1904 3022 Nolite
1942 2967 2175 3020 transire

539 3061 607 3118 de
619 3061 774 3116 domo
789 3062 848 3115 in
865 3061 1103 3116 domum.
1129 3062 1200 3116 Et
1215 3062 1273 3115 in
1292 3075 1663 3130 quamcunque
1683 3061 1956 3114 civitatem
1993 3061 2171 3114 intra-

534 3157 741 3218 veritis,
769 3160 822 3210 et
847 3157 1176 3226 susceperint
1193 3169 1304 3217 vos,
1335 3153 1658 3209 manducate
1682 3169 1802 3224 quae
1826 3158 2175 3224 apponuntur

531 3249 701 3313 vobis,
732 3253 784 3304 et
824 3253 1009 3304 curate
1039 3249 1276 3317 inﬁrmos
1323 3251 1420 3318 qui
1459 3249 1517 3302 in
1558 3247 1659 3302 illa
1709 3251 1858 3310 sunt,
1906 3252 1958 3301 et
2007 3247 2170 3302 dicite
2189 3289 2244 3364 Ο

536 3343 646 3364 JH)-
674 3361 684 3364 _
737 3343 998 3364 l_-_._.---.'..
1013 3342 1195 3364 xi--_l_‘4
1224 3344 1276 3364 .2.
1299 3357 1388 3364 υ--
1417 3357 1634 3364 ..ι----μμ
1663 3343 1756 3364 η-,⁶
1800 3343 1851 3364 1,.
1885 3357 2038 3364 AA.-.“
2053 3357 2144 3364 --.μ

533 3343 648 3400 illis
669 3361 687 3398 :
718 3342 1195 3414 Appropinquabit
1223 3344 1279 3396 in
1298 3357 1388 3397 vos
1415 3357 1638 3411 regnum
1659 3343 1770 3397 Dei.
1793 3343 1855 3397 In
1879 3357 2171 3411 quamcun-

534 3453 637 3509 que
659 3441 840 3492 autem
865 3439 1135 3490 civitatem
1149 3437 1506 3498 intraveritis,
1536 3439 1587 3489 et
1610 3451 1715 3490 non
1738 3437 2034 3505 receperint
2056 3449 2166 3498 vos,

533 3533 780 3586 exeuntes
804 3532 861 3584 in
891 3530 1106 3600 plateas
1139 3529 1270 3598 ejus,
1310 3529 1474 3584 dicite
1503 3547 1520 3582 :
1550 3531 1737 3584 Etiam
1758 3529 2036 3598 pulverem
2074 3529 2173 3598 qui

529 3623 760 3680 adhaesit
786 3623 936 3678 nobis
959 3623 1026 3678 de
1042 3625 1260 3678 civitate
1279 3626 1478 3684 vestra,
1505 3624 1832 3692 ertergimus
1848 3623 1904 3676 in
1929 3636 2040 3676 vos.
2069 3624 2168 3678 Ta—

530 3733 650 3774 men
674 3719 770 3773 hoc
793 3720 998 3780 scitote,
1025 3719 1156 3786 quia
1178 3716 1640 3788 appropinquabit
1655 3731 1878 3785 regnum
1901 3717 2017 3770 Dei.
2038 3717 2166 3771 Dico

528 3811 698 3874 vobis,
727 3813 859 3882 quia
887 3811 1130 3868 Sodomis
1157 3812 1216 3865 in
1243 3811 1344 3864 illa
1373 3810 1460 3865 die
1486 3811 1756 3866 remissius
1775 3811 1880 3864 erit
1901 3825 2064 3879 quam
2078 3809 2170 3863 illi

531 3906 746 3962 civitati
773 3903 919 3974 (Luc.
951 3904 1027 3975 x).
1053 3904 1120 3959 Et
1137 3902 1198 3958 in
1220 3903 1480 3959 Mattheeo
1507 3901 1854 3973 evangelista
1877 3905 1962 3956 est
1990 3918 2004 3955 :
2033 3904 2165 3957 Ecce

529 3999 808 4068 ego‘mitto
829 4011 922 4052 vos
947 3999 1087 4052 sicut
1112 4011 1231 4052 oves
1261 3998 1319 4051 in
1343 3996 1518 4051 medio
1543 3997 1814 4066 luporum.
1842 3997 2022 4050 Estote
2040 4010 2164 4065 ergo

521 4090 815 4162 prudentes
836 4092 976 4146 sicut
999 4093 1286 4160 serpentes,
1323 4093 1374 4144 et
1405 4089 1677 4160 simplices
1716 4089 1855 4142 sicut
1885 4087 2160 4143 columbae.

528 4185 718 4242 Cavete
744 4187 923 4238 autem
951 4183 1020 4238 ab
1045 4182 1366 4240 hominibus.
1399 4181 1636 4238 Tradent
1666 4182 1807 4236 enim
1835 4195 1926 4236 vos
1950 4182 2008 4235 in
2033 4196 2159 4235 con-

527 4276 688 4342 ciliis,
705 4281 757 4333 et
783 4279 842 4332 in
867 4278 1156 4348 sgnagogis
1183 4279 1295 4332 suis
1321 4275 1676 4346 ﬂagellabunt
1697 4289 1820 4340 vos;
1844 4278 1894 4330 et
1911 4274 1987 4329 ad
2016 4290 2162 4344 reges

525 4374 576 4427 et
591 4371 854 4442 praesides
876 4371 1148 4426 ducemini
1166 4374 1393 4441 propter
1420 4384 1522 4430 me,
1554 4370 1613 4422 in
1643 4370 2000 4423 testimonium
2048 4369 2161 4423 illis

524 4469 577 4520 et
603 4465 870 4536 gentibus.
917 4466 1048 4523 Cum
1088 4467 1270 4519 autem
1318 4461 1538 4517 tradent
1563 4475 1675 4524 vos,
1723 4461 1886 4516 nolite
1925 4463 2160 4530 cogitare

521 4557 782 4628 quomodo
809 4561 908 4614 aut
941 4557 1077 4628 quid
1134 4557 1454 4626 loquamini.
1494 4553 1728 4610 Dabitur
1748 4557 1887 4609 enim
1927 4555 2074 4610 vobis
2101 4556 2160 4610 in

2285 2025 2462 2082 vicem
2491 2034 2715 2099 gerunt,
2739 2030 2870 2102 quia
2898 2030 2967 2085 ad
2995 2030 3322 2102 exemplum
3345 2034 3399 2086 et
3425 2031 3671 2085 formam
3699 2034 3916 2102 septua-

2287 2119 2444 2191 ginta
2461 2122 2596 2177 olim
2627 2123 2851 2196 ﬁebant)
2880 2141 3001 2180 esse
3021 2123 3358 2196 despiciunt,
3388 2125 3524 2196 quid
3549 2125 3766 2180 erunt?
3787 2127 3916 2178 Pro-

2283 2213 2429 2270 fecto
2455 2216 2607 2288 quod
2633 2217 2852 2273 ratione
2878 2223 3048 2286 caret,
3078 2222 3179 2273 aut
3204 2217 3351 2273 nihil
3377 2222 3476 2272 aut
3514 2235 3721 2289 parum
3756 2234 3911 2289 pror-

2283 2323 2375 2361 sus
2401 2313 2503 2364 est.
2527 2309 2584 2365 Si
2611 2310 2736 2381 quis
2761 2311 2830 2366 de
2855 2311 2946 2366 his
2970 2311 3235 2382 amplius,
3258 2316 3313 2366 et
3340 2311 3494 2383 quod
3526 2311 3651 2366 ﬁcri
3677 2328 3796 2366 non
3825 2311 3912 2366 de-

2279 2399 2468 2470 beant,
2497 2403 2738 2458 voluerit
2761 2404 2920 2474 scire,
2949 2404 3103 2476 legat
3127 2403 3530 2476 praedictorum
3569 2405 3910 2476 apostolico-

2279 2510 2408 2549 rum
2437 2495 2674 2565 (Damasi
2698 2497 2909 2554 scilicet
2933 2504 2989 2554 et
3013 2498 3233 2570 Leonis)
3260 2499 3503 2566 decreta,
3536 2505 3592 2554 et
3628 2499 3708 2553 ibi
3747 2515 3904 2570 repe-

2277 2587 2402 2643 riet.
2418 2589 2492 2644 De
2505 2590 2708 2662 quibus
2718 2591 2900 2664 aliqua
2919 2597 2974 2647 et
2984 2591 3078 2646 hic
3087 2591 3603 2663 inserere,dignum
3617 2591 3906 2647 duximus.

2352 2682 2436 2736 Ill.
2454 2682 2512 2737 Si
2537 2683 2763 2739 Domini
2779 2685 3162 2740 desideramus
3179 2701 3298 2740 esse
3326 2685 3584 2756 discipuli
3614 2685 3711 2755 (α),
3737 2685 3908 2756 ipsius

2276 2773 2567 2830 imitemur
2607 2777 2858 2848 vestigia,
2899 2782 2961 2834 ut
2999 2777 3068 2833 de
3104 2777 3268 2833 nobis
3307 2777 3526 2832 dicatur
3577 2795 3590 2832 :
3629 2780 3746 2846 Ego
3795 2794 3908 2832 sum

2269 2874 2462 2938 pastor
2493 2870 2682 2932 bonus,
2711 2876 2761 2924 et
2787 2887 3015 2939 agnosco
3051 2887 3171 2926 oves
3205 2887 3372 2933 meas,
3401 2877 3452 2925 et
3475 2887 3600 2926 voco
3628 2887 3721 2926 eas
3749 2873 3910 2926 nomi-

2275 2964 2468 3025 natim,
2510 2969 2561 3018 et
2597 2969 2921 3032 cognoscunt
2961 2981 3043 3020 me
3079 2981 3222 3028 mem,
3273 2968 3329 3020 et
3365 2964 3582 3036 reliqua
3624 2965 3802 3035 (Joan.
3832 2967 3906 3034 χ).

2274 3056 2340 3110 Et
2367 3055 2596 3125 iterum,
2637 3061 2908 3112 monente
2942 3057 3238 3112 dominicas
3284 3057 3438 3112 vocis
3481 3057 3750 3129 imperio,
3796 3075 3906 3130 quo

2271 3147 2624 3204 beatissimus
2647 3151 2936 3221 apostolus
2963 3152 3160 3206 Petrus
3193 3151 3343 3206 trina
3387 3151 3681 3222 repetione
3707 3151 3904 3222 mysti-

2272 3257 2351 3296 cae
2378 3243 2680 3297 sanctionis
2715 3243 2992 3299 imbuitur
3032 3243 3206 3314 (Joan.
3245 3244 3390 3314 ult.),
3419 3249 3485 3298 ut
3519 3245 3730 3300 Christi
3755 3261 3905 3313 oves,

2269 3335 2369 3406 qui
2397 3335 2681 3392 Christum
2708 3341 2879 3406 amat,
2917 3337 3220 3408 diligenter
3260 3342 3316 3393 et
3353 3353 3484 3394 cum
3532 3355 3748 3410 magna
3777 3356 3905 3394 cura

2267 3433 2474 3500 pascat,
2507 3431 2776 3502 quoniam
2802 3431 2976 3503 ipsius
3001 3435 3206 3487 sanctas
3243 3431 3387 3486 sedis
3433 3431 3544 3501 (cui
3587 3449 3697 3504 per
3721 3434 3904 3490 abun-

2268 3521 2514 3577 dantiam
2565 3523 2766 3578 divinae
2802 3525 2996 3596 gratiae
3035 3530 3370 3597 praesumus)
3407 3525 3585 3596 ipsius
3622 3543 3825 3583 amore
3853 3534 3904 3582 et

2265 3615 2577 3670 reverentia
2605 3621 2976 3688 coarctamur,
3015 3624 3079 3674 ut
3103 3625 3271 3675 tantae
3300 3619 3743 3692 superstitionis,
3775 3637 3897 3694 qua:

2264 3707 2476 3764 nullius
2506 3709 2587 3780 (ut
2611 3727 2758 3782 saepe
2785 3711 2999 3766 dictum
3028 3713 3128 3783 est)
3161 3712 3394 3768 fulcitur
3419 3713 3782 3784 auctoritate,
3812 3731 3902 3786 pe-

2263 3801 2507 3856 riculum
2537 3802 2832 3875 (quantum
2869 3808 3188 3877 possumus)
3227 3806 3592 3876 declinemus,
3635 3824 3709 3863 ne
3755 3808 3901 3862 beati

2263 3895 2520 3965 magistri
2544 3898 2722 3952 nostri
2746 3898 2897 3954 Petri
2925 3899 3135 3953 summi
3161 3899 3666 3972 apostolidilectio,
3701 3917 3817 3973 qua
3844 3917 3899 3955 se

2262 3993 2576 4044 amatorem
2601 3990 2696 4046 Dei
2725 4008 2845 4048 esse
2873 3995 3106 4048 testatus
3149 3997 3252 4060 est,
3304 4009 3448 4048 vana
3492 3993 3820 4050 inveniatur
3844 3995 3901 4049 in

2261 4081 2425 4137 nobis
2455 4101 2468 4139 :
2495 4085 2772 4156 quoniam
2819 4085 3008 4141 omnis
3049 4086 3412 4158 negligenter
3453 4103 3688 4158 pascens
3732 4089 3900 4144 toties

2261 4177 2723 4234 commendatum
2738 4179 2845 4234 sibi
2870 4179 3222 4234 dominicum
3252 4196 3508 4252 gregem,
3539 4181 3899 4237 convincitur

2259 4286 2549 4328 summum
2589 4289 2707 4327 non
2749 4289 2941 4328 amare
2986 4277 3290 4344 pastorem,
3344 4290 3448 4329 nec
3489 4273 3610 4344 ejus
3651 4275 3798 4330 velle
3843 4291 3900 4330 se

2259 4362 2597 4435 discipulum
2616 4365 2760 4435 ﬁeri,
2784 4366 2944 4437 cujus
2961 4367 3221 4438 exempla
3241 4367 3484 4438 negligit
3496 4367 3738 4424 imitari.
3759 4369 3898 4423 Nam

2260 4457 2442 4526 gratia
2466 4475 2698 4530 prorsus
2722 4460 2908 4530 major
2928 4460 3259 4532 acquiritur,
3285 4461 3330 4515 si
3351 4461 3419 4516 de
3437 4462 3756 4517 commissis
3787 4462 3896 4518 ovi-

2256 4549 2362 4605 bus
2389 4552 2612 4608 lucrum
2643 4552 2842 4608 olferat
2866 4553 3099 4609 domino
3130 4554 3449 4610 sollicitudo
3473 4555 3738 4626 pastoris.
3757 4557 3894 4613 Nam

521 4650 623 4705 illa
642 4651 774 4705 hora
795 4651 931 4721 quid
959 4650 1279 4720 loquamini.
1303 4649 1424 4704 Non
1445 4648 1587 4701 enim
1611 4662 1703 4701 vos
1724 4649 1850 4734 estis
1863 4649 1960 4716 qui
1981 4649 2154 4718 loqui-
2176 4663 2236 4734 D
2257 4650 2314 4702 et
2351 4646 2582 4702 beatum
2622 4647 2812 4717 Jacob,
2852 4648 2952 4718 qui
2990 4665 3095 4720 pro
3138 4648 3412 4704 uxoribus
3453 4649 3552 4704 diu
3594 4650 3888 4717 servierat,

521 4746 677 4807 mini,
705 4744 802 4799 sed
824 4743 1067 4814 Spiritus
1089 4743 1272 4796 Patris
1296 4741 1464 4795 vestri
1492 4741 1589 4810 qui
1615 4705 1856 4810 loquiiur
1886 4742 1945 4794 in
1983 4743 2151 4796 vobis.
2176 4705 2236 4734 υ
2256 4740 2461 4795 dixisse
2503 4741 2868 4796 meminimus
2904 4742 3111 4812 (Genes.
3141 4743 3289 4813 xxxx)
3325 4759 3339 4798 :
3379 4743 3590 4810 Viginti
3613 4747 3783 4798 annis
3809 4746 3892 4813 fui

526 4837 724 4894 Tradat
767 4843 944 4892 autem
993 4839 1175 4904 ﬁater
1219 4837 1452 4903 fratrem
1500 4835 1560 4888 in
1601 4838 1843 4898 mortem,
1898 4840 1948 4890 et
1993 4841 2158 4906 pater
2257 4839 2428 4890 tecum
2460 4851 2618 4890 :oves
2640 4841 2743 4890 tua:
2762 4841 2810 4890 et
2838 4852 3012 4906 caprae
3037 4837 3246 4891 steriles
3271 4852 3377 4890 non
3395 4838 3626 4904 fuerunt
3653 4855 3672 4891 :
3697 4840 3890 4892 arietes

515 4933 710 5003 ﬁlium,
739 4935 790 4986 et
813 4933 1099 4998 insurgent
1125 4929 1231 4998 ﬁlii
1255 4929 1312 4980 in
1337 4931 1615 4996 parentes,
1645 4932 1694 4981 et
1719 4933 1887 4983 morte
1913 4945 1999 4984 eos
2025 4933 2152 5000 afﬁ-

519 5026 677 5080 cient.
721 5025 792 5078 Et
829 5025 981 5079 eritis
1017 5021 1139 5075 odio
1175 5020 1424 5075 omnibus
1461 5025 1688 5090 propter
1729 5037 1920 5076 nomen
1957 5039 2149 5078 meum.

517 5117 622 5184 Qui
665 5121 844 5172 autem
879 5115 1308 5186 perseveraverit
1332 5129 1502 5184 usque
1528 5115 1584 5168 in
1616 5117 1795 5184 ﬁnem,
1841 5115 1927 5170 hic
1969 5117 2153 5172 salvus

513 5213 618 5267 erit
642 5209 855 5280 (Matth.
883 5210 958 5280 x).
987 5207 1192 5262 Linum
1216 5223 1462 5278 namque
1491 5211 1547 5262 et
1581 5207 1802 5262 Cletum
1832 5208 1977 5263 nihil
2005 5210 2147 5281 legi-

512 5308 610 5360 tur
639 5317 895 5373 unquam
922 5317 991 5356 ex
1009 5300 1319 5372 pontiﬁcali
1345 5301 1661 5356 ministerio
1692 5302 1873 5372 egisse
1901 5308 2149 5374 potesta-

511 5396 624 5452 tive
655 5411 670 5450 :
701 5393 798 5450 sed
825 5398 1103 5468 quantum
1126 5393 1209 5449 eis
1242 5395 1456 5450 abeato
1489 5395 1658 5450 Petro
1692 5395 2144 5468 praecipiebatur,

510 5493 736 5546 tantum
760 5488 1120 5544 solummodo
1149 5488 1413 5560 agebant.
1440 5489 1579 5544 Nam
1603 5493 1661 5544 et
1683 5487 1744 5543 in
1770 5505 1986 5544 canone
2012 5491 2149 5561 legi-

509 5590 608 5640 tur
656 5583 881 5639 Nicasno
937 5583 1162 5654 (Nicaeni
1215 5583 1430 5638 concilii
1481 5599 1602 5638 can.
1642 5583 1694 5653 4)
1752 5599 1766 5637 :
1807 5583 2148 5655 Episcopum

2253 4931 2431 4997 gregis
2452 4931 2534 4984 tui
2554 4945 2660 4984 non
2682 4930 2904 4992 comedi,
2927 4946 3022 4984 nec
3043 4935 3260 5000 captum
3275 4947 3307 4985 a
3331 4931 3501 4985 bestia
3519 4931 3737 4986 ostendi
3758 4933 3888 4986 tibi:

2255 5039 2347 5092 ego
2369 5024 2627 5078 damnum
2653 5038 2804 5078 omne
2829 5023 3138 5086 reddebam,
3172 5028 3223 5077 et
3261 5025 3496 5094 quiquid
3527 5027 3685 5092 furto
3715 5028 3886 5095 perie-

2253 5121 2360 5179 rat,
2394 5133 2428 5170 a
2451 5133 2533 5172 me
2557 5117 2828 5184 exigebas.
2859 5117 2958 5170 Die
2984 5122 3249 5186 noctuque
3272 5122 3405 5172 aestu
3433 5117 3633 5172 urebar
3667 5121 3720 5172 et
3744 5119 3884 5186 gelu,

2248 5211 2499 5278 fugiebat
2521 5225 2739 5265 somnus
2766 5211 2834 5264 ab
2879 5211 3048 5265 oculis
3084 5213 3235 5266 meis.
3266 5211 3324 5265 Si
3359 5211 3537 5281 igitur
3563 5211 3639 5266 sic
3668 5211 3884 5266 laborat

2251 5308 2308 5358 et
2349 5304 2562 5374 vigilat,
2605 5304 2704 5376 qui
2754 5303 2931 5374 pascit
2979 5321 3110 5360 oves
3152 5304 3359 5373 Laban,
3399 5309 3611 5376 quanto
3669 5305 3880 5374 labore,

2249 5397 2583 5469 quantisque
2617 5396 2826 5467 vigiliis
2850 5397 3016 5452 debet
3061 5397 3376 5466 intendere,
3421 5397 3521 5469 qui
3546 5398 3731 5470 pascit
3759 5415 3880 5455 ove:

2249 5488 2346 5544 Dei
2363 5489 2390 5545 Τ
2417 5490 2527 5546 Sed
2553 5490 2614 5544 in
2641 5490 2729 5545 his
2755 5490 3018 5546 omnibus
3045 5491 3166 5562 ipse
3201 5507 3306 5545 nos
3347 5489 3608 5558 instruat,
3651 5492 3756 5564 qui
3783 5508 3878 5564 pro

2247 5583 2364 5637 suis
2387 5583 2543 5640 dedit
2571 5585 2772 5641 ovibus
2797 5584 3070 5652 animam,
3099 5590 3154 5640 et
3177 5584 3404 5655 adjuvet
3428 5600 3554 5652 nos,
3584 5590 3650 5640 ut
3695 5585 3768 5640 de
3799 5587 3876 5640 hi:

506 5687 754 5750 namque
783 5677 1046 5733 convenit
1071 5677 1317 5733 maxime
1347 5676 1580 5750 quidem
1619 5675 1692 5731 ab
1737 5675 2000 5731 omnibus
2048 5677 2146 5750 qui
2245 5677 2345 5750 qui
2372 5676 2536 5734 nobis
2559 5678 2843 5734 commissi
2871 5683 3024 5746 sunt,
3043 5679 3290 5734 fructum
3315 5678 3692 5750 multiplicem
3714 5678 3874 5751 [mul-

507 5771 724 5830 suntin
758 5770 1048 5845 provincia
1088 5771 1365 5844 episcopis
1401 5769 1673 5828 ordinari.
1709 5770 1770 5826 Si
1813 5774 2004 5827 autem
2034 5771 2144 5828 hoc
2244 5771 2501 5845 tiplicet],
2543 5785 2606 5829 ac
2641 5789 2970 5831 mensuram
3009 5766 3514 5847 su'perefﬂuentem
3553 5771 3625 5829 ad
3667 5778 3872 5832 aeterna

581 5951 652 6026 (α)
683 5948 903 6008 Damasi
933 5965 1096 6028 papae
1122 5946 1353 6023 epistola
1381 5952 1431 6022 5,
1463 5947 1580 6008 imo
1605 5947 1929 6026 impostoris
1959 5950 2275 6012 Mercatoris
2302 5950 2528 6030 ineptus
2554 5956 2739 6016 cento.
2765 5951 2929 6016 ιω.
