3968 6454
28 427 42 459 ‘
209 427 258 482 t7
635 425 640 432 ’
1324 438 1377 492 S.
1418 438 1595 494 MART

1984 437 2153 492 INSIS.
2193 437 2472 492 ΝΟΤΙΤΙΑ.
3489 423 3551 488 η

195 532 385 609 gaudia
435 542 755 610 reportare
810 544 1096 600 concedat
1145 561 1159 599 :
1213 548 1513 618 tantusque
1556 561 1655 600 vos
1697 545 1846 602 beati
1869 556 2061 628 Anon
2085 543 2164 599 eis
2190 543 2392 611 favere,
2415 539 2866 611 decertaveritis;
2915 543 2972 598 et
2998 537 3076 596 ita
3105 539 3159 596 in
3189 536 3550 612 postmodum

193 628 331 687 Petri
361 631 788 700 apostolorum
829 635 1112 708 principis
1161 654 1324 694 amor
1359 638 1640 706 accendat,
1677 643 1740 694 ut
1788 640 1846 694 in
1945 635 2013 691 de
2036 636 2133 691 tali
2160 652 2220 691 re
2244 635 2472 708 querela
2511 633 2744 690 cessabit
2773 651 2787 690 :
2819 633 2950 706 quia
2977 631 3333 688 contumelias
3361 630 3548 688 studio

39 704 62 738 ’
197 721 314 779 ovili
341 722 546 793 ipsius,
571 725 673 780 cui
706 704 919 783 omnes
939 704 1212 785 creaturae
1237 734 1368 785 sunt
1383 704 1632 798 traditae,
1653 747 1848 786 omnes
1944 727 2006 782 ﬁt
2043 704 2386 800 [appetitur],
2426 727 2661 799 quiquid
2698 704 3059 782 interdictum
3095 724 3262 781 toties
3303 738 3544 795 usurpa-

195 815 372 872 tsliter
396 822 688 887 errantes,
721 824 781 874 et
799 820 1000 876 illicita
1020 827 1188 894 atque
1208 822 1492 894 prohibita
1508 839 1848 894 praesmnen-
1942 823 2051 874 tur.
2086 821 2285 874 Omnia
2301 821 2418 874 haec
2435 819 2746 888 decretalis,
2767 822 2822 874 et
2841 821 3168 872 cunctorum
3189 817 3546 871 decessorum

203 913 291 975 tes,
318 908 528 962 sanctis
558 910 771 965 vestris
803 913 1016 968 studiis
1050 931 1272 969 summo
1307 914 1690 986 redintegrare
1717 932 1846 970 cum
1944 916 2198 966 nostrum
2225 913 2542 981 constituta,
2573 927 2700 983 quas
2735 911 2803 965 de
2843 908 3220 964 ecclesiasticis
3260 907 3547 962 ordinibus

206 999 467 1054 desiderio
493 1001 812 1072 festinetis,
841 1006 1091 1076 qualiter
1121 1006 1323 1060 animas
1360 1006 1609 1078 pretioso
1643 1006 1846 1061 Christi
1943 1007 1998 1058 et
2020 1020 2297 1059 canonum
2323 1003 2678 1076 promulgata
2703 1007 2832 1056 sunt
2852 999 3178 1072 disciplinis,
3205 999 3282 1054 ita
3305 999 3463 1053 vobis
3491 1003 3547 1054 et

201 1091 466 1161 sanguine
513 1093 863 1166 redemptae,
914 1113 1120 1152 eorum
1167 1113 1286 1152 non
1337 1097 1640 1169 depereant
1692 1098 1846 1154 deos
1943 1095 2201 1151 omnibus
2223 1096 2515 1167 episcopis,
2555 1112 2618 1150 ac
2643 1095 2856 1149 cunctis
2884 1092 3221 1164 generaliter
3242 1091 3541 1146 sacerdoti-

196 1181 404 1254 ptione.
430 1183 638 1240 Restat
663 1186 1042 1260 etiam,quod
1060 1205 1163 1261 per
1182 1189 1391 1245 ostium
1411 1189 1471 1244 hi
1487 1204 1842 1262 nequaquam
1939 1187 2043 1242 bus
2079 1187 2345 1243 custodiri
2381 1187 2582 1243 debere
2624 1187 2974 1256 mandamus,
3003 1188 3068 1238 ut
3101 1184 3146 1238 si
3179 1183 3306 1256 quis
3339 1183 3398 1236 in
3447 1183 3544 1240 illa

197 1273 616 1346 subintrarunt,
648 1278 790 1350 quia
825 1296 949 1334 non
991 1281 1274 1337 habebant
1312 1282 1520 1338 ostium
1554 1301 1658 1355 per
1689 1284 1842 1355 quod
1939 1280 2296 1349 commiserit,
2328 1280 2548 1334 veniam
2576 1278 2678 1333 sibi
2705 1279 2965 1348 deinceps
2989 1275 3211 1331 noverit
3236 1275 3536 1345 denegari:

191 1365 643 1437 ingrederentur
691 1387 706 1426 :
747 1371 887 1443 quia
932 1373 1018 1443 (ut
1068 1375 1280 1429 dictum
1323 1376 1422 1446 est)
1467 1375 1514 1430 si
1574 1391 1678 1432 nec
1718 1376 1838 1446 epi-
1938 1372 2204 1443 quoniam
2249 1375 2566 1427 occurreret
2604 1371 2821 1439 veritas,
2867 1370 2913 1424 si
2949 1368 3159 1424 falsitas
3205 1366 3538 1438 displiceret.

189 1459 338 1530 scopi
367 1467 532 1528 sunt,
587 1467 650 1517 et
687 1465 1001 1536 plusquam
1042 1467 1356 1538 presbyteri
1397 1483 1514 1523 esse
1559 1467 1836 1535 ambiunt,
1936 1464 2002 1518 Et
2029 1463 2234 1519 merito
2271 1481 2394 1534 nos,
2423 1464 2522 1536 qui
2550 1479 2768 1518 summa
2795 1461 3037 1517 ecclesiae
3057 1464 3248 1515 tenere
3275 1457 3542 1513 debemus

185 1566 283 1621 per
307 1553 471 1622 quod
501 1555 724 1610 ostium
762 1555 1100 1612 intrabunt!
1129 1575 1260 1613 cum
1285 1559 1345 1614 hi
1373 1563 1592 1614 tantum
1617 1561 1729 1615 duo
1752 1576 1840 1615 or-
1937 1555 2330 1626 gubernacula,
2387 1573 2548 1612 causa
2598 1555 2857 1626 respicit;
2901 1553 2947 1608 si
2991 1551 3209 1607 silentio
3261 1549 3540 1604 faveamus

183 1642 342 1698 dines
369 1643 433 1698 in
461 1646 709 1701 ecclesia
740 1647 1036 1720 legantur,
1065 1667 1168 1706 nec
1196 1652 1436 1722 amplius
1463 1651 1534 1707 ad
1561 1653 1836 1723 pastorale
1935 1648 2113 1702 errori
2140 1647 2232 1719 (α).
2271 1649 2402 1704 Data
2437 1665 2526 1704 xiv
2559 1647 2828 1703 Kalendas
2872 1643 3128 1717 Augusti,
3171 1641 3387 1697 Justino
3429 1642 3540 1712 [Ju-

185 1734 442 1790 ofﬁcium
457 1737 875 1811 aliquodpatet
895 1742 1123 1812 ostium,
1144 1744 1414 1814 perquod
1434 1748 1627 1815 pastor
1644 1744 1832 1800 intret.
1933 1739 2194 1810 stiniano]
2237 1745 2392 1796 sexto
2439 1744 2495 1796 et
2529 1741 2754 1795 Narsete
2797 1737 2930 1793 viris
2979 1734 3297 1792 clarissimis
3334 1749 3533 1788 consu-

179 1827 404 1897 Audite,
435 1829 673 1899 fratres,
705 1848 827 1886 non
859 1849 974 1903 me,
1004 1835 1100 1888 sed
1125 1834 1305 1906 ipsam
1325 1835 1627 1890 Veritatem
1653 1836 1836 1891 dicen-
1867 1905 1881 1906 γ
1930 1831 2074 1886 libus
2101 1832 2189 1902 (ὁ).

181 1922 288 1973 tem
319 1920 510 1988 (Joan.
555 1924 615 1992 x)
665 1939 680 1978 :
733 1924 842 1990 Qui
882 1941 993 1980 non
1033 1905 1205 1981 intrat
1243 1943 1346 1996 per
1367 1931 1560 1982 ostium
1606 1929 1662 1982 in
1701 1905 1908 1983 ovileB
2212 1937 2535 1994 EPISTOLA
2586 1936 2862 1992 JOANNIS
2917 1935 3106 1990 ΡΑΡᾸΞ
3163 1935 3248 2003 Ill,

183 2013 377 2074 ovium,
411 2014 520 2067 sed
554 2017 810 2071 ascendit
851 2019 1101 2080 aliunde,
1143 2020 1234 2073 ille
1272 2021 1370 2086 fur
1410 2025 1487 2074 est
1517 2025 1568 2074 et
1593 2021 1750 2082 latro,
1778 2025 1835 2075 et
2261 2045 2327 2083 AD
2355 2045 2602 2084 ευΑιυυιί
2628 2044 2836 2083 νιεηκιε
2863 2042 3194 2082 mrsrrrsn.

181 2102 416 2174 reliqua.
442 2105 597 2160 Cum
624 2107 798 2162 etiam
821 2109 1092 2180 egregius
1119 2111 1450 2181 praedicator
1492 2111 1670 2166 dicat:
1693 2113 1833 2167 Fun-
2383 2133 2771 2184 ogsgnvn‘lo
2818 2132 3078 2182 LABBEI.

182 2194 500 2252 damcntum
535 2199 704 2253 aliud
738 2217 890 2256 nemo
920 2207 1098 2271 potest
1136 2219 1336 2271 ponere
1370 2209 1567 2272 prater
1595 2205 1652 2257 in
1689 2205 1834 2273 quod
1972 2211 2210 2273 ,Joannes
2234 2225 2264 2260 a
2286 2213 2446 2262 Bosco
2471 2211 2757 2262 monachus
2783 2211 2896 2273 ord.
2929 2209 3353 2273 leestinorum,_
3367 2207 3534 2258 editor

173 2290 412 2388 positum
441 2296 528 2344 est
556 2309 574 2344 :
609 2291 658 2360 (Ι
686 2292 810 2346 Cor.
839 2269 970 2362 ill)‘:
1001 2269 1269 2364 praedicta
1312 2269 1423 2349 duo
1465 2269 1740 2349 fundam—ei

1963 2271 2260 2322 ibliotherm
2289 2273 2626 2323 Floriacensis
2665 2272 2890 2323 caanobii
2929 2272 2986 2321 0.
3033 2272 3111 2333 B.,
3153 2269 3379 2332 vulgavit
3407 2282 3530 2380 tper-

1963 2347 2137 2397 revem
2185 2335 2397 2397 Joannis
2465 2335 2531 2382 lli
2601 2347 2747 2397 papa:
2777 2333 3074 2397 _epistolam
3141 2332 3205 2382 ad
3283 2330 3402 2380 Edal
3445 2343 3528 2379 nm

179 2377 500 2436 inEcclesia
527 2385 941 2440 tantummodo
955 2387 1137 2456 posita
1152 2386 1528 2455 inveniantur,
1555 2387 1828 2458 quidquid
1925 2377 2137 2445 vianti;
2159 2377 2906 2458 miaiﬁéhﬁahm‘éiﬁabété

178 2473 420 2542 amplius
465 2474 533 2530 in
572 2475 668 2529 his
703 2477 954 2548 positum
989 2478 1294 2545 invenitur,
1331 2483 1476 2532 stare
1511 2479 1826 2534 nullatenus
1992 2490 2232 2543 Joannes
2305 2487 2597 2559 episcopus
2652 2487 2858 2544 Edaldo
2910 2485 3234 2554 Viennensi,
3309 2483 3524 2538 archie-

181 2565 403 2632 poterit.
421 2567 494 2621 Et
511 2566 650 2622 ideo
671 2585 805 2623 cum
827 2570 1096 2624 omnibus
1110 2571 1225 2624 suis
1247 2569 1642 2638 fundamentis,
1659 2570 1828 2626 actio-
1922 2579 2172 2651 piscopo.

177 2655 332 2711 nibus
357 2663 545 2730 atque
573 2660 864 2716 radicibus
878 2667 945 2716 ut
969 2663 1256 2732 evellatur,
1286 2677 1512 2718 necesse
1533 2671 1637 2731 est,
1660 2663 1737 2719 ita
1765 2667 1826 2718 ut
1991 2672 2066 2726 De
2094 2671 2290 2727 officiis
2314 2671 2632 2738 missarum,
2661 2671 2729 2725 de
2769 2670 2974 2742 quibus
3013 2668 3072 2724 in
3110 2668 3306 2724 litteris
3330 2667 3523 2723 vestris

177 2749 414 2819 amplius
428 2767 541 2806 nec
560 2753 993 2824 pullulare,nec
1005 2755 1326 2825 germinare
1341 2755 1535 2810 valeat.
1552 2755 1674 2810 Non
1685 2771 1822 2826 ergo
1921 2763 2250 2834 requisistis,
2283 2763 2415 2818 sciat
2440 2763 2692 2819 Charitas
2721 2766 2898 2817 vestra
2923 2761 3054 2832 quia
3080 2760 3228 2815 varie
3261 2759 3409 2831 apud
3435 2759 3521 2815 di-

177 2848 424 2911 generet,
459 2849 522 2898 et
555 2861 683 2900 non
725 2846 895 2901 faciat
923 2847 1104 2916 vobis,
1136 2847 1354 2915 fratres,
1383 2847 1549 2902 toties
1587 2847 1823 2918 repetita
1921 2871 2103 2909 versas
2131 2855 2397 2910 Ecclesias
2423 2855 2594 2924 fiant;
2625 2855 2787 2909 aliter
2831 2853 2982 2909 enim
3024 2851 3395 2908 Alexandrina
3428 2852 3524 2906 Ec-

174 2930 374 2988 locutio
401 2935 714 2992 fastidium
744 2954 758 2992 :
787 2938 923 3010 quia
949 2955 1173 2992 summa
1201 2939 1496 2994 necessitas
1516 2945 1599 2994 est
1619 2939 1820 3010 saepius
1917 2946 2082 3001 clésia
2106 2989 2121 3016 ,
2183 2947 2344 3002 aliter
2406 2945 2902 3018 Hierosolymitana
2923 2987 2937 3014 ,
2985 2945 3147 2999 aliter
3207 2943 3481 3015 Ephesina
3502 2984 3516 3010 ,

171 3026 460 3092 prohiberi
493 3031 655 3100 quod
687 3031 855 3084 toties
878 3031 1074 3087 illicite
1099 3036 1440 3102 usurpatur:
1469 3035 1526 3086 et
1551 3030 1818 3102 quoniam
1915 3039 2075 3094 aliter
2122 3040 2374 3094 Romana
2431 3039 2566 3094 facit
2617 3055 2631 3094 :
2683 3038 2842 3110 cujus
2893 3052 3111 3093 morem
3161 3039 3216 3090 et
3267 3035 3519 3090 instituta

170 3119 365 3172 Veritas
393 3121 623 3192 saepius
650 3123 958 3193 exagitata,
981 3124 1162 3194 magis
1182 3123 1512 3194 splendescit
1535 3123 1594 3176 in
1611 3124 1814 3193 lucem;
1916 3130 2078 3186 debet
2103 3146 2320 3185 servare
2347 3131 2581 3185 Ecclesia
2600 3135 2714 3199 tua,
2735 3146 2862 3200 quae
2887 3129 3316 3184 fundamentum
3343 3125 3517 3180 sancti

167 3215 219 3320 ft
239 3213 401 3320 qunod
426 3214 611 3320 toties
642 3215 960 3317 repetendo
987 3215 1344 3320 admonetur,
1367 3215 1554 3270 minus
1587 3232 1818 3320 usurpa-
1836 3247 1890 3320 Ο
1915 3222 2134 3276 habitus
2158 3223 2226 3276 ab
2249 3223 2342 3276 illa
2365 3223 2622 3294 sumpsit.
2651 3221 2993 3276 Venerabilis
3037 3220 3188 3292 pallii
3215 3235 3376 3274 usum
3413 3234 3516 3290 per

167 3304 264 3357 tur.
299 3305 504 3376 Super
549 3306 646 3360 his
691 3307 848 3361 enim
889 3307 1068 3361 multa
1097 3307 1217 3377 jam
1264 3306 1334 3360 ab
1377 3308 1817 3362 antecessoribus
1841 3304 1890 3320 ν
1913 3319 2168 3368 sanctum
2191 3314 2579 3385 presbyterum
2603 3318 2846 3368 vestrum
2873 3313 3112 3368 Felicem
3143 3311 3244 3366 tibi
3279 3311 3515 3366 destina-

165 3399 365 3452 nostris
384 3399 544 3453 dicta
566 3403 741 3467 sunt;
772 3415 806 3452 a
834 3399 1046 3470 quibus
1070 3399 1196 3469 ipsi,
1225 3399 1369 3452 sicut
1393 3415 1544 3453 nunc
1571 3415 1603 3452 a
1631 3401 1812 3470 nobis,
1909 3405 2090 3460 vimus
2103 3405 2358 3460 nolentes
2375 3411 2428 3460 te
2443 3406 2644 3476 privari
2660 3405 2891 3477 antiquo
2912 3405 3059 3459 beati
3081 3402 3226 3458 Petri
3246 3417 3510 3458 munere:

163 3485 228 3538 ita
243 3489 394 3544 olim
408 3491 486 3544 ab
502 3491 649 3562 ipsis
667 3491 923 3546 damnati
936 3495 994 3545 et
1008 3490 1281 3561 prohibiti
1296 3495 1445 3545 sunt.
1465 3491 1590 3546 Ideo
1611 3493 1815 3563 saepius
1909 3497 2076 3551 simul
2119 3497 2400 3552 mittentes
2453 3497 2521 3552 de
2561 3497 2772 3566 capillis
2809 3496 2983 3551 sancti
3029 3493 3202 3560 Pauli,
3255 3498 3320 3549 ut
3369 3499 3525 3548 esset‘

159 3587 507 3650 repetentes,
533 3599 1086 3652 omnesmonemus,
1113 3587 1177 3637 ut
1202 3582 1448 3637 vitentur
1466 3583 1809 3654 hujusmodi,
1909 3589 2160 3643 Ecclesias
2203 3593 2397 3644 vestra:
2463 3589 2594 3642 illus
2643 3587 3038 3643 intercessione
3082 3587 3361 3654 solatium,
3409 3602 3512 3658 per

159 3676 206 3722 ei
227 3690 258 3726 a
287 3674 514 3729 talibus
543 3692 606 3732 se
635 3676 986 3744 abstineant,
1007 3675 1105 3746 qui
1131 3675 1416 3729 noluerint
1442 3691 1553 3729 una
1581 3692 1710 3730 cum
1734 3677 1813 3731 eis
1907 3680 2066 3750 cujus
2112 3680 2447 3750 discipulum
2488 3679 2728 3750 suscepit
2751 3679 2998 3750 primum
3022 3677 3308 3748 religionis
3333 3677 3511 3733 hono-

152 3768 556 3823 asacerdotali
583 3767 1016 3834 ministerio,ut
1042 3768 1290 3837 rebelles,
1309 3766 1431 3821 fieri
1455 3767 1812 3832 alieni.Quod
1907 3785 2048 3826 rem.
2083 3775 2151 3826 Et
2199 3773 2310 3825 alia
2345 3786 2508 3824 manu
2549 3789 2565 3824 :
2620 3769 2935 3824 Benedictio
2977 3770 3361 3841 apostolorum
3409 3783 3507 3822 vos

151 3856 391 3914 demum
438 3861 698 3932 probare
749 3859 1090 3932 poterimus,
1127 3860 1172 3914 si
1206 3860 1345 3915 tales
1383 3858 1708 3930 exstirpare,
1757 3865 1811 3916 et
1905 3862 1974 3916 ab
1999 3863 2176 3919 imbre
2203 3862 2580 3934 malignorum
2618 3861 2896 3917 defendat.

142 4036 178 4088 ὁ
211 3969 264 4092 lla
306 3973 695 4096 "actenuslex
721 3970 940 4024 laciniis
973 3969 1167 4024 lsidori
1194 3970 1296 4023 sub
1329 3985 1564 4042 persona
1593 3970 1809 4026 Damasi
1977 3973 2045 4045 (ὁ)
2072 3973 2226 4028 Falsa
2254 3972 2542 4028 consulum
2571 3975 2725 4027 nota.
2757 3971 2916 4028 Lana.

183 4054 209 4090 e
229 4043 564 4096 nascentis.
646 4057 774 4095 ABB.

183 4043 564 4096 elitescentis.
601 4043 774 4096 LABB.

1507 4265 1669 4312 ANNO
1715 4265 1928 4312 DOMINI
1973 4266 2185 4312 DLXXII
2193 4295 2208 4311 ο

214 4385 441 4586 S.
576 4381 1888 4584 MARTINUS
2046 4384 3412 4586 DUMIENSIS

1041 4633 1706 4740 EPISCOPUS
1780 4633 2654 4738 BBACARENSIS.

1345 4771 1654 4848 (Galland.
1687 4770 1980 4832 Biblioth.
2016 4775 2172 4832 tom.
2208 4769 2363 4848 XII.)

377 4953 1193 5077 NOTITIA
1282 4954 1520 5071 DE
1610 4953 2334 5074 SANGTO
2425 4951 3272 5073 MABTINO

1177 5110 1716 5192 EPISCOPO
1799 5111 2516 5194 BBACARENSI.

189 5305 226 5361 1.
262 5309 442 5362 Inter
467 5319 572 5357 eos
605 5300 758 5355 viros
787 5298 1042 5354 eruditos
1069 5298 1166 5370 qui
1205 5271 1379 5352 sancti
1408 5297 1624 5352 Martini
1661 5299 1797 5350 Bra-
1819 5308 1877 5379 D
1899 5295 2139 5350 ciensem
2165 5314 2195 5349 a
2218 5296 2500 5368 provincia
2520 5298 2810 5370 Hispanica
2833 5297 2892 5353 in
2913 5313 3024 5370 qua
3047 5297 3222 5369 degit,
3247 5298 3506 5353 Dumien-

134 5401 386 5455 tarensis
428 5393 696 5468 episcopi
738 5396 898 5464 gesta
931 5389 1134 5445 litteris
1176 5390 1476 5457 tradidere,
1505 5391 1574 5443 cl.
1607 5389 1797 5443 Mabil-
1897 5405 2013 5442 sem
2040 5392 2095 5442 et
2123 5390 2511 5444 Bracarensem
2538 5390 2632 5444 alii
2659 5407 2692 5444 a
2720 5390 2945 5446 sedibus
2976 5390 3179 5462 quibus
3212 5391 3506 5462 episc0pus

143 5484 318 5547 ionius
339 5491 618 5548 eminere
637 5485 806 5542 nobis
827 5483 1084 5550 videtur;
1107 5499 1177 5536 ex
1197 5499 1310 5553 quo
1328 5481 1560 5553 proinde
1585 5481 1800 5536 caeteris
1895 5479 2137 5550 praefuit,
2181 5481 2670 5552 cognominarunt.
2704 5504 2730 5531 »
2761 5484 2838 5539 Ex
2877 5483 2964 5537 his
2999 5498 3167 5554 porro
3209 5482 3315 5536 viri
3359 5483 3506 5537 docti

157 5585 480 5640 summatim
507 5597 622 5654 pro
647 5575 907 5634 instituti
938 5573 1117 5628 nostri
1155 5574 1368 5629 ratione
1406 5574 1676 5628 nonnulla
1709 5574 1800 5628 hic
1899 5572 2076 5626 verbis
2101 5573 2261 5629 nobis
2292 5574 2584 5643 succurrit,
2611 5575 2760 5647 quod
2798 5575 2858 5630 in
2892 5575 3129 5630 Baronio
3169 5579 3360 5629 nostro
3398 5575 3499 5629 Ta-

162 5670 513 5734 describenda
569 5671 938 5729 censuimus.
995 5666 1061 5720 Et
1108 5666 1358 5738 primum
1411 5665 1641 5737 quidem
1709 5665 1798 5720 in-
1898 5682 2095 5738 mayus
2118 5665 2332 5722 notavit
2359 5667 2457 5739 (b);
2485 5665 2672 5738 ipsum
2696 5683 2900 5739 nempe
2925 5683 3014 5722 res
3047 5666 3367 5740 Hispanicas
3391 5665 3506 5721 obi-

172 5768 425 5840 quatiunt
453 5757 1801 5825 MartinumaliiPannoniumaPatria,aliiGalli-
1900 5762 1986 5814 ter
2027 5761 2378 5828 tractantem,
2428 5759 2497 5814 de
2547 5759 2712 5815 unico
2763 5749 3010 5815 Martino'
3047 5764 3162 5814 tres
3215 5758 3495 5819 conﬂasse,

240 5881 290 5950 ζα)
317 5882 514 5938 Mabill.
537 5885 665 5939 Act.
704 5875 806 5932 SS.
841 5867 990 5925 0rd.
1025 5868 1156 5923 Ben.
1184 5884 1308 5924 saac.
1342 5868 1382 5924 Ι.
1413 5867 1534 5960 2ξ4.

1972 5869 2038 5939 (b)
2069 5869 2294 5940 Tamay.
2322 5869 2543 5941 Martyr.
2571 5868 2722 5941 Hisp.
2748 5869 2979 5941 temnit,
3007 5883 3138 5945 pag.
3166 5869 3303 5924 306.-

1637 5242 2042 5254 ..-----.
