3968 6432
536 360 599 419 19
1214 427 1224 436 ,
1831 369 1883 422 s.
1927 369 2203 426 nanum
2240 369 2594 426 DUMIENSIS
3815 370 3883 422 2o

529 467 924 528 Galliciensem
941 469 1172 545 scilicet,
1195 475 1598 531 Bracarensem
1613 478 1672 530 et
1687 475 2046 532 Dumiensem
2069 475 2161 548 (a).
2187 491 2245 565 Α
2265 477 2552 533 struxisse.
2584 497 2612 526 ››
2641 475 2976 550 Hujusmodi
2997 481 3188 535 autem
3213 476 3624 536 monasterium
3660 491 3724 534 ex
3759 492 3886 533 con-

529 563 742 620 Verum
768 564 817 620 si
844 583 1044 622 censor
1076 567 1182 624 iste
1217 569 1498 642 Hispanus
1521 586 1588 625 ea
1611 570 1856 626 novisset
1877 587 2005 642 quae
2038 587 2161 624 ma-

533 673 681 730 gnus
705 660 1012 717 Annalium
1039 663 1545 720 ecclesiasticorum
1571 680 1778 736 parens
1812 665 1880 719 de
1910 665 2025 719 suis
2057 663 2166 719 illis

529 751 916 808 notationibus
952 755 1014 810 in
1054 756 1294 812 Tabulas
1333 757 1728 813 ecclesiasticas
1765 757 2166 828 praemonitum

529 843 802 902 lectorem
857 849 1060 920 voluit,
1113 851 1348 908 fortasse
1401 852 1568 923 paulo
1615 851 1810 906 mitius
1863 867 1993 906 cum
2045 851 2165 906 viro

529 939 782 996 maximo
811 941 1040 1014 egisset.
1067 944 1154 1000 Sic
1177 943 1354 1016 igitur
1377 945 1470 1002 ille
1498 945 1566 1016 (ὁ)
1599 962 1613 1000 :
1649 967 1674 994 «
1702 945 1862 1010 Quod
1879 950 2079 1000 autem
2105 944 2165 1000 in

529 1035 739 1090 nostris
762 1036 914 1090 notis
939 1037 1010 1092 ad
1047 1039 1366 1094 Romanum
1397 1039 1858 1111 Martyrologium
1891 1043 2166 1110 negatum

533 1131 638 1196 est,
665 1129 906 1186 Lucium
939 1147 1059 1186 esse
1093 1148 1324 1204 passum
1357 1133 1461 1188 sub
1485 1133 1804 1202 Volusiano,
1834 1149 1903 1190 ex
1932 1133 2162 1187 Annali-

529 1220 638 1277 bus
653 1238 907 1279 errorem
925 1225 1145 1296 corrige
1169 1244 1182 1280 :
1207 1225 1396 1298 sicque
1415 1242 1658 1297 semper,
1681 1243 1810 1281 cum
1832 1226 2038 1281 videris
2057 1225 2166 1280 dis-

531 1330 766 1388 crepare
790 1317 860 1373 ab
889 1317 1090 1374 iisdem
1114 1319 1260 1374 notis
1285 1320 1545 1390 Annales,
1569 1336 1662 1374 eas
1692 1336 1760 1374 ex
1788 1320 1876 1374 his
1901 1319 2160 1374 emenda.

531 1409 836 1482 Nunquam
881 1412 1154 1468 hactenus
1199 1429 1526 1468 concessum
1575 1413 1766 1482 doleo,
1832 1419 1896 1468 ut
1941 1413 2165 1468 easdem

533 1501 783 1574 singulas
801 1520 1282 1578 recognoscerem.
1313 1528 1340 1557 »
1364 1508 1473 1562 Hac
1494 1507 1672 1578 igitur
1692 1506 1942 1578 generali
1967 1507 2162 1577 regula

531 1595 804 1666 adhibita,
835 1615 1009 1671 quam
1036 1600 1277 1672 ipsemet
1300 1600 1666 1656 Notationum
1689 1604 1886 1656 auctor
1913 1600 2164 1672 ιιι-(ρεθυι-

529 1688 662 1761 psit,
683 1707 743 1747 se
762 1691 1082 1764 ipsumjam
1100 1693 1316 1749 dudum
1342 1695 1690 1764 emendasse,
1715 1710 1902 1766 neque
1921 1695 2162 1764 Tamayo

527 1791 755 1855 παιδευτῇ
800 1801 941 1858 opus
976 1786 1240 1842 habuisse
1283 1787 1678 1860 intelligimus.
1723 1787 1966 1858 Agnovit
2007 1786 2162 1842 enim

2264 571 2376 626 eilii
2396 571 2664 627 Lucencis
2682 589 2702 627 1
2720 572 2942 628 decreto
2961 573 3024 629 in
3042 575 3234 630 sedem
3252 573 3626 646 episcopalem
3641 576 3885 628 erectum

2264 665 2644 736 comperimus
2674 666 2728 738 (ι)
2754 666 2919 739 eique
2950 669 3173 736 familia
3214 671 3388 738 regia,
3427 667 3540 722 sive
3572 671 3638 722 ut
3674 667 3730 721 in
3765 664 3888 720 aliis

2265 759 2700 833 exemplaribus,
2729 761 2952 828 familia
2992 778 3265 818 servorum
3307 779 3400 817 sca:
3439 761 3724 816 attributa.
3753 761 3887 824 Quae

2264 857 2454 908 tamen
2495 855 2770 926 posterior
2797 857 2964 911 lectio
2993 857 3074 912 sic
3112 855 3474 911 reformanda
3501 855 3718 910 videtur
3755 871 3887 909 cum

2264 947 2569 1016 llarduino,
2592 954 2658 1004 ut
2680 950 2904 1021 legatur
2927 952 3160 1006 Familia
3183 952 3474 1007 Sacrorum
3499 966 3604 1021 pro
3621 964 3889 1004 servorum

2263 1041 2513 1111 vulgata.
2551 1043 2807 1098 Testatur
2847 1044 3132 1116 siquidem
3178 1043 3418 1098 Isidorus
3468 1043 3550 1113 (1),
3593 1041 3890 1098 Martinum

2265 1151 2394 1190 cum
2421 1135 2478 1190 in
2496 1136 2806 1192 Gallaeciam
2831 1138 3196 1209 pervenisset,
3229 1159 3254 1187 ‹‹
3283 1137 3566 1192 conversis
3591 1136 3660 1191 ab
3687 1136 3892 1190 Ariana

2263 1227 2552 1300 impietate
2584 1231 2655 1284 ad
2690 1231 2860 1286 ﬁdem
2885 1232 3217 1286 catholicam
3258 1231 3571 1286 Suevorum
3597 1230 3818 1301 populis
3861 1250 3888 1277 ››

2264 1339 2396 1377 cum
2437 1323 2812 1378 Theodemiro
2866 1342 3068 1380 eorum
3109 1342 3263 1396 rege,
3303 1347 3330 1374 «
3375 1325 3631 1395 regulam
3671 1323 3796 1377 ﬁdei
3834 1326 3892 1378 et

2264 1422 2469 1470 sanclce
2497 1417 2792 1488 religionis
2817 1419 3188 1486 constituisse,
3221 1419 3478 1473 ecclesias
3511 1418 3889 1485 confirmasse,

2262 1511 2605 1565 monasteria
2633 1512 2968 1580 condidisse,
2997 1517 3104 1566 etc.
3135 1535 3162 1560 ››
3192 1514 3550 1582 QuaprOpter
3579 1510 3892 1565 Dumiensis

2262 1603 2503 1658 coenobii
2532 1605 2601 1658 ab
2629 1621 2696 1660 eo
2725 1606 3034 1660 constructi
3059 1605 3279 1676 primus
3305 1606 3476 1660 abbas
3502 1610 3558 1660 et
3595 1605 3886 1675 cpiscopus

2263 1696 2511 1767 effectus,
2543 1698 2648 1752 sibi
2685 1699 2980 1770 assignatae
3021 1701 3263 1754 Familia:
3292 1703 3454 1768 regiae
3497 1699 3611 1752 sive
3650 1699 3892 1753 Familiw

2263 1792 2554 1847 Succorum
2580 1792 2838 1862 regimen
2875 1793 3178 1864 sumpsisse
3215 1793 3489 1847 dicendus
3513 1792 3751 1846 videtur.
3779 1792 3890 1844 Ve-

527 1875 702 1933 fuisse
733 1894 914 1934 unum
952 1881 1332 1953 eumdemque
1370 1881 1671 1936 Martinum
1709 1881 2073 1936 Dumienscm
2111 1864 2240 1936 etB
2266 1900 2394 1938 rum
2415 1884 2524 1937 alio
2547 1902 2717 1940 sensu
2747 1887 2947 1957 synodi
2974 1885 3236 1940 Lucensis
3261 1886 3450 1954 verba,
3472 1887 3702 1940 Familia
3721 1901 3898 1939 servo-

531 1970 947 2042 Bracarensem,
974 1977 1041 2028 ut
1068 1989 1138 2029 ex
1166 1973 1478 2029 Annalibus
1506 1979 1862 2046 compertum
1891 1974 2166 2028 habemus

532 2066 618 2138 (ο);
641 2067 742 2139 qui
765 2065 1042 2122 nimirum
1067 2067 1323 2140 primum
1346 2068 1521 2123 fuerit
1544 2067 1875 2122 monasterii
1904 2067 2165 2122 Dumien-

531 2161 607 2216 sis
633 2161 948 2233 episcopus,
979 2161 1182 2217 deinde
1219 2167 1492 2234 tanquam
1527 2161 1995 2234 metropolitanus
2027 2177 2162 2216 con-

531 2254 658 2310 cilio
685 2255 1011 2310 Bracarensi
1037 2272 1076 2310 n
1100 2255 1451 2328 praesederit.
1485 2255 1647 2320 Quod
1679 2255 1726 2309 si
1761 2255 1965 2311 alicubi
1995 2255 2166 2310 etiam

530 2347 918 2404 Galliciensem
938 2349 1264 2420 episc0pum
1283 2353 1411 2420 post
1429 2349 1762 2421 Gregorium
1783 2350 2167 2404 Turoneusem

533 2441 606 2514 (ιι)
635 2441 900 2514 appellat,
933 2441 1344 2498 existimandus
1379 2448 1678 2514 prepterea
1707 2460 1840 2499 eum
1877 2443 1954 2498 sic
1989 2443 2167 2498 nomi-

527 2551 710 2602 nasse,
741 2535 891 2608 quod
919 2537 1156 2590 Bracara
1201 2553 1314 2608 qua
1342 2536 1400 2591 in
1436 2536 1578 2592 urbe
1618 2537 1866 2607 sedebat,
1895 2535 2167 2593 Gallaecize

530 2629 862 2701 metropolis
886 2629 1083 2684 ordine
1111 2631 1464 2686 censebatur.

605 2725 670 2779 ll.
692 2725 902 2778 Verum
927 2722 1016 2778 his
1041 2721 1246 2791 missis,
1275 2727 1344 2779 ut
1369 2713 1441 2780 ad
1467 2741 1533 2780 ea
1558 2725 1792 2796 propius
1837 2727 2168 2782 accedamus

533 2832 662 2888 quas
714 2821 849 2872 sunt
886 2817 1104 2889 reliqua
1136 2816 1205 2872 de
1253 2818 1496 2890 praesule
1535 2824 1726 2873 nostro
1771 2821 2104 2892 enarranda,
2135 2838 2165 2878 e

531 2912 816 2968 Pannonia
848 2911 1134 2983 digressus
1167 2911 1279 2979 ille,
1315 2911 1375 2966 in
1406 2911 1694 2967 Orientem
1720 2917 1842 2968 tum
1879 2915 2167 2986 religionis

533 3011 658 3062 tum
700 3005 1021 3060 litterarum
1065 3005 1462 3060 discendarum
1503 3007 1686 3077 gratia
1719 3007 2004 3078 profectus
2049 3014 2162 3076 est;

532 3100 684 3154 unde
710 3103 902 3170 postea
931 3098 1110 3153 redux
1135 3098 1196 3153 in
1222 3099 1540 3153 Gallzeciam
1564 3100 1839 3170 pervenit,
1861 3106 1925 3156 ut
1949 3117 2018 3156 ex
2039 3103 2163 3156 Gre-

533 3192 691 3266 gorio
716 3191 1028 3248 Turonensi
1059 3192 1120 3261 (e)
1161 3196 1216 3246 et
1245 3191 1474 3246 lsidorio
1515 3194 1830 3266 HiSpalensi
1865 3194 1929 3266 (Γ)
1971 3195 2163 3250 erudi-
2188 3234 2242 3307 Ο

533 3303 692 3307 _-_-__
723 3301 956 3307 μ-------..-
992 3285 1147 3307 ._..1-_-
1182 3285 1435 3307 JZ-.-_-L:___
1469 3287 1584 3307 1----
1616 3287 1716 3307 L-L
1738 3293 1782 3307 ,Α
1809 3305 1819 3307 -
1899 3290 1947 3307 ιι
1985 3287 2052 3307 ριξ
2081 3305 2162 3307 .--η

533 3303 694 3356 mur;
717 3301 961 3358 quorum
992 3285 1148 3356 prior
1176 3285 1438 3340 disertius
1469 3287 1590 3350 hzec
1615 3287 1820 3343 habet:
1846 3310 1872 3337 ‹‹
1899 3287 2168 3344 Martinus

533 3379 876 3436 Galliciensis
895 3379 1192 3451 episc0pus
1219 3379 1522 3435 Pannonia:
1549 3385 1706 3436 ortus
1730 3381 1858 3448 fuit,
1887 3386 1944 3436 et
1966 3381 2168 3437 exinde

533 3473 605 3529 ad
641 3472 918 3528 visitanda
957 3473 1078 3528 loca
1115 3477 1307 3528 sancta
1333 3472 1392 3528 in
1430 3473 1717 3529 Orientem
1748 3492 2078 3546 properans,
2109 3475 2170 3530 in

534 3572 756 3624 tantum
774 3583 831 3622 se
847 3567 1049 3622 litteris
1066 3566 1293 3636 imbuit,
1316 3571 1382 3622 ut
1400 3567 1545 3622 nulli
1560 3568 1873 3624 secundum
1896 3568 2012 3622 suis
2031 3573 2171 3623 tem-

533 3661 762 3734 poribus
787 3661 1112 3716 haberetur.
1141 3660 1354 3716 Exinde
1381 3661 1668 3716 Galliciam
1708 3661 1880 3728 venit,
1913 3661 2011 3716 ubi
2038 3679 2168 3716 curn

531 3754 681 3811 beati
717 3753 937 3809 Martini
976 3753 1236 3826 reliquiae
1259 3759 1642 3826 portarentur,
1671 3755 1969 3827 episcopus
2011 3756 2165 3810 ordi-

533 3853 720 3904 natur.
737 3868 765 3896 »
779 3847 1060 3903 Posterior
1073 3864 1204 3902 vero
1230 3864 1243 3902 :
1263 3848 1598 3918 «Martinus,
1620 3848 1826 3920 inquit,
1851 3849 2168 3903 Dumiensis

533 3941 855 3997 monasterii
875 3941 1256 3996 sanctissimus
1272 3941 1546 4014 pontifex,
1566 3959 1635 3996 ex
1653 3941 1896 3996 Orientis
1913 3941 2166 4012 partibus

531 4035 824 4107 navigans,
851 4035 910 4090 in
937 4035 1253 4091 Gallmciam
1292 4036 1464 4091 venit.
1495 4057 1522 4084 ››
1553 4037 1726 4090 Porro
1764 4039 1827 4090 ut
1852 4035 2028 4090 sancti
2062 4052 2166 4090 an-

533 4129 718 4184 tistitis
760 4129 1098 4202 Hispalensis
1141 4129 1330 4198 verba,
1360 4129 1567 4202 quibus
1607 4133 1728 4184 tum
1782 4127 1894 4197 hic,
1941 4132 2067 4182 tum
2109 4128 2168 4182 in

532 4222 809 4278 Chronico
848 4223 1158 4278 Suevorum
1197 4223 1301 4277 sub
1337 4223 1512 4278 ﬁnem
1559 4221 1652 4292 (g),
1696 4221 1998 4276 Martinam
2051 4223 2165 4276 Du-

534 4316 766 4372 miensis
803 4317 1134 4372 monasterii
1179 4315 1506 4388 pontiﬁcem
1533 4321 1590 4370 et
1618 4315 1944 4386 episcopum
1987 4321 2165 4386 vocat,

533 4410 638 4465 rite
672 4410 1082 4483 percipiantur,
1123 4408 1694 4465 animadvertendum
1734 4409 2036 4478 prmsulem
2071 4426 2168 4462 no-

531 4509 712 4559 strum
738 4505 807 4560 de
845 4521 958 4577 quo
985 4503 1299 4576 loquimur,
1322 4503 1629 4556 aediﬁcasse
1655 4501 1714 4555 in
1740 4501 1962 4568 Dumio,
1991 4503 2167 4557 nobili

2261 1994 2383 2032 rum
2427 1993 2539 2047 sea),
2575 1978 2980 2050 interpretatur
3025 1980 3244 2033 Garsias
3288 1980 3500 2049 Loaysa
3550 1979 3638 2048 (Ii),
3679 1978 3754 2032 sic
3799 1978 3891 2031 in-

2263 2069 2464 2141 quiens
2491 2090 2504 2126 :
2541 2093 2568 2121 ‹‹
2599 2073 2936 2127 Attribuitur
2967 2073 3019 2128 ei
3055 2078 3275 2128 tantum
3309 2074 3542 2128 Familia
3573 2074 3740 2140 regia,
3783 2070 3896 2124 hoc

2264 2169 2369 2233 est,
2390 2164 2646 2234 regimen
2667 2172 2996 2220 sanctorum
3015 2167 3457 2233 monachorum;
3479 2181 3611 2218 11am
3634 2164 3738 2234 ipsi
3763 2169 3898 2217 sunt

2265 2275 2333 2313 ex
2363 2259 2521 2329 regia
2553 2259 2793 2328 familia;
2825 2266 2882 2314 et
2919 2260 3054 2313 alibi
3089 2259 3294 2314 dicitur
3330 2261 3562 2313 Familia
3601 2274 3896 2318 servorum,

2265 2353 2364 2424 qui
2403 2353 2622 2407 Christo
2663 2353 2786 2425 regi
2825 2371 3050 2407 summo
3095 2352 3282 2420 dicati,
3329 2352 3580 2406 studium
3630 2367 3796 2404 omne
3840 2352 3898 2404 in

2265 2446 2422 2501 cultu
2467 2446 2758 2518 religionis
2799 2451 2856 2501 et
2897 2447 3116 2518 pietatis
3157 2445 3454 2499 collocant.
3498 2467 3524 2493 ››
3569 2446 3682 2499 Cur
3719 2462 3898 2516 porro

2264 2557 2382 2596 non
2433 2541 2730 2599 edisseruit
2780 2540 3061 2611 interpres
3114 2555 3421 2592 numerum
3482 2539 3640 2592 illum
3693 2555 3789 2593 sea:
3841 2541 3900 2594 in

2265 2634 2468 2705 synodi
2505 2637 2772 2688 contextu
2815 2633 3074 2688 additum
3105 2633 3290 2686 verbis
3329 2631 3418 2700 iis,
3459 2633 3691 2686 Familia
3726 2649 3904 2686 servo-

2264 2730 2430 2783 rum?
2457 2726 2839 2784 Existimarim
2873 2726 3140 2798 equidem
3168 2743 3274 2798 pro
3310 2742 3404 2782 sca:
3442 2726 3558 2796 (VI)
3591 2725 3905 2781 rescriben-

2265 2821 2402 2876 dum
2428 2821 2792 2891 undccimll’l‘)
2812 2825 2877 2874 ut
2895 2819 3252 2891 intelligatur
3278 2821 3478 2877 Christi
3500 2838 3516 2874 :
3539 2835 3650 2890 qua
3667 2819 3905 2890 quidem

2266 2914 2622 2969 restitutione
2652 2913 2913 2983 admissa,
2941 2913 3118 2984 proba
3144 2913 3320 2968 videri
3346 2917 3516 2984 queat
3539 2913 3745 2966 Garsiae
3772 2929 3902 2967 sen-

2265 3009 2460 3074 tentia,
2486 3012 2549 3063 ut
2567 3007 2767 3078 synodi
2788 3007 2942 3062 locus
2962 3007 3269 3078 accipiatur
3289 3006 3356 3061 de
3379 3008 3613 3062 Familia
3629 3022 3908 3062 servorum

2268 3103 2486 3160 Christi.

2338 3196 2428 3250 lll.
2463 3196 2756 3267 Utcunque
2785 3200 2976 3250 autem
3005 3213 3092 3250 res
3122 3213 3179 3250 se
3204 3195 3430 3262 habeat,
3472 3195 3740 3250 Martinus
3781 3196 3909 3266 epi-

2268 3288 2481 3359 scopali
2506 3289 2826 3344 charactere
2853 3289 3182 3360 insignitus,
3208 3294 3517 3360 antequam
3545 3288 3738 3344 sedem
3766 3291 3910 3344 Bra-

2268 3399 2558 3438 carensem
2583 3382 2936 3452 obtinuisset,
2958 3383 3196 3438 concilio
3228 3383 3550 3442 Bracarensi
3576 3399 3597 3437 1
3625 3383 3915 3456 subscrip—

2269 3481 2417 3531 serat
2443 3477 2520 3546 (l),
2555 3477 2707 3548 quod
2733 3477 2878 3531 male
2917 3477 2978 3531 in
3015 3477 3179 3532 editis
3219 3477 3417 3532 ordine
3461 3493 3501 3531 11
3535 3475 3912 3550 inscribitur;

2269 3571 2542 3642 adeoque,
2563 3575 2630 3625 ut
2657 3576 2806 3626 recte
2831 3571 3022 3642 arguit
3049 3570 3402 3626 Mabillonius
3428 3570 3517 3642 (m)
3549 3593 3577 3619 ‹‹
3606 3569 3652 3625 si
3677 3576 3805 3626 acta
3826 3591 3918 3645 sy-

2268 3664 2404 3720 nodi
2441 3664 2706 3719 Lucensis
2733 3681 2754 3719 1
2771 3666 3135 3720 conferantur
3153 3682 3282 3719 cum
3305 3665 3518 3735 synodo
3541 3665 3876 3721 Braea'rensi
3900 3685 3918 3722 ι

2267 3775 2416 3812 anno
2439 3761 2469 3812 3
2500 3758 2652 3828 regis
2681 3758 3036 3812 Theodemiri
3061 3759 3176 3812 sive
3204 3757 3410 3813 Christi
3439 3759 3540 3814 563
3574 3758 3789 3829 habita,
3821 3762 3918 3816 cui

2267 3851 2536 3906 Martinus
2565 3851 2688 3920 jam
2731 3851 3025 3923 episcopus
3067 3852 3385 3907 Dumiensis
3417 3851 3787 3924 subscripsit;
3825 3855 3916 3910 fa-

2269 3945 2371 3999 cile
2419 3944 2802 4016 intelligemus
2845 3945 3146 4000 concilium
3195 3948 3532 4000 Bracarense
3570 3963 3590 4000 1
3626 3949 3922 4018 posterius

2269 4054 2386 4092 esse
2403 4038 2639 4093 Lucensi
2655 4038 2852 4093 itidem
2871 4056 2907 4107 1,
2931 4038 2990 4093 in
3013 4056 3124 4110 quo
3146 4039 3382 4094 Martino
3403 4039 3590 4094 abbati
3614 4040 3922 4096 Dumiensi

2267 4131 2600 4203 episcopalis
2624 4131 2868 4202 dignitas
2893 4137 2950 4188 et
2977 4133 3114 4187 ditio
3139 4150 3400 4188 concessa
3429 4137 3532 4188 est.
3564 4155 3590 4181 ››
3635 4133 3924 4207 Deinceps

2268 4242 2399 4280 vero
2420 4227 2798 4298 metropolitze
2833 4227 3162 4281 Bracarensi
3189 4227 3446 4281 Lucretio
3473 4227 3772 4282 decedenti
3803 4231 3925 4284 suf-

2265 4319 2443 4373 fectus
2468 4319 2796 4391 perhibetur
2815 4320 3044 4374 antistes
3064 4325 3256 4375 noster
3278 4321 3596 4375 Dumiensis
3627 4337 3640 4372 :
3669 4338 3790 4392 quo
3811 4339 3923 4377 au-

2267 4417 2382 4467 tem
2407 4429 2576 4481 anno,
2607 4413 2760 4468 haud
2797 4413 2931 4467 satis
2969 4413 3165 4485 liquet.
3207 4415 3357 4468 lianc
3398 4418 3548 4468 certe
3585 4432 3798 4470 novam
3839 4417 3929 4471 di-

2268 4506 2542 4577 gnitatem
2594 4507 2811 4562 dudum
2862 4512 3196 4562 consecutus
3261 4508 3432 4562 fuisse
3497 4509 3929 4565 existimandus

529 4598 956 4654 Tarraconensis
995 4597 1276 4668 Hispania:
1321 4595 1550 4666 oppido,
1589 4593 1679 4648 vix
1725 4611 1840 4648 uno
1883 4594 2112 4650 milliari
2137 4614 2169 4650 a
2186 4598 2246 4671 D
2269 4617 2418 4654 anno
2438 4604 2560 4670 572,
2581 4617 2692 4672 quo
2711 4599 2941 4672 prmfuit
2961 4601 3196 4655 concilio
3218 4603 3541 4657 Braearensi
3557 4619 3592 4656 ιι
3611 4603 3769 4674 quod
3793 4623 3929 4675 per-

529 4691 762 4747 Bracara
798 4691 1061 4760 distante,
1099 4691 1321 4745 illustre
1351 4687 1671 4745 ccenobium
1709 4687 1946 4744 instituti
1987 4690 2164 4744 Bene-

526 4785 742 4855 dictini,
764 4791 830 4841 ut
848 4785 1154 4840 concilium
1178 4783 1516 4838 Toletanum
1536 4798 1588 4850 x,
1619 4799 1768 4836 anno
1791 4785 1890 4837 656
1913 4783 2162 4837 celebra-

529 4883 672 4946 tum,
701 4879 968 4952 perhibet
995 4878 1148 4932 hisce
1177 4866 1362 4930 verbis
1383 4875 1453 4946 (Ii)
1477 4891 1488 4927 :
1516 4897 1542 4924 ‹‹
1575 4875 1828 4930 Delatum
1859 4881 1942 4930 est
1962 4877 2032 4931 ad
2062 4894 2166 4931 nos

521 4972 582 5026 in
609 4977 891 5028 conventu
913 4971 1094 5027 sancti
1121 4968 1440 5024 concilii...
1474 4972 1874 5022 testamentum
1906 4969 2164 5039 gloriosa-3

524 5067 816 5122 memoriae
855 5064 1031 5119 sancti
1071 5062 1294 5118 Martini
1345 5061 1592 5116 ecclesiae
1645 5063 1996 5117 Bracarensis
2039 5063 2161 5136 epi-

526 5160 698 5233 scapi,
729 5158 827 5232 qui
853 5162 910 5213 et
939 5156 1243 5212 Dumiensc
1280 5155 1684 5210 monasterium
1722 5156 1870 5210 visus
1909 5162 1992 5212 est
2025 5175 2160 5213 con-

553 5385 566 5394 ,
598 5313 920 5394 (_a)'B.aron.
968 5310 1150 5364 Notat.
1200 5309 1260 5364 in
1299 5310 1524 5380 Martyr.
1574 5311 1740 5366 Rom.
1794 5311 1865 5366 ad
1908 5310 2057 5366 diem
2109 5329 2162 5367 x1

529 5384 648 5438 Kal.
678 5384 788 5438 Jul.
857 5417 872 5424 ς

599 5455 668 5526 (b)
699 5454 802 5526 ld.,
831 5453 902 5526 ad
925 5468 1059 5506 ann.
1087 5454 1212 5526 257,
1298 5454 1350 5506 3.

599 5524 665 5602 (ε)Δ
692 5525 794 5602 Id,
819 5524 1196 5602 ad_a_nn._EitSQ,
1226 5524 1267 5602 ᾗ
1289 5525 1350 5577 12
1376 5529 1430 5579 et
1457 5528 1580 5602 33:72,
1613 5525 1645 5595 §
1675 5529 1759 5580 l0.

697 5595 1030 5676 tireg..'l_‘u1'.
1059 5595 1196 5648 Ilist.
1232 5595 1422 5650 Franc.
1455 5596 1552 5652 lib.
1579 5614 1611 5650 v
1639 5613 1764 5667 cap.
1795 5600 1883 5651 38.

595 5669 664 5806 ﬁ?)
695 5665 1055 5808 liéi’dl.bliiisp.
1102 5737 1202 5792 lib.
1235 5737 1302 5794 de
1332 5737 1444 5794 Vir.
1484 5739 1686 5794 illustr.
1735 5755 1857 5812 cap.
1909 5743 1974 5796 35
2021 5741 2154 5797 edit.

528 5808 754 5859 Breul.:
785 5809 882 5859 aL.
907 5811 997 5859 22.

571 5808 754 5880 reul.;
785 5809 882 5878 aL,
907 5811 997 5865 22.
1801 5808 1820 5812 ”

599 5878 668 5950 (g)
698 5880 754 5936 ld
781 5879 991 5937 Chron.
1021 5880 1184 5938 Suev.
1215 5897 1346 5954 pag.
1380 5882 1481 5937 404
1505 5881 1640 5938 edit.
1669 5882 1841 5938 Paris.
1877 5887 2030 5940 1601.

2265 4711 2460 4764 peram
2485 4693 2546 4748 in
2583 4693 2827 4749 editione
2855 4695 3146 4750 Labbeana
3187 4695 3393 4750 dicitur
3429 4713 3487 4750 111
3528 4696 3621 4762 (η).
3653 4697 3930 4768 Denique

2265 4793 2394 4858 post
2410 4788 2656 4859 plurima
2674 4789 2949 4844 virtutum
2972 4789 3215 4859 insignia
3241 4789 3446 4860 quibus
3473 4789 3573 4843 Dei
3598 4790 3926 4845 Ecclesiam

2265 4881 2563 4936 illustravit
2590 4881 2650 4936 in
2675 4883 2839 4936 caelos
2864 4882 3149 4954 migravit.
3178 4883 3308 4952 Ejus
3335 4882 3556 4938 obitum
3595 4884 3930 4956 Gregorius

2265 4975 2608 5030 Turonensis
2641 4992 2792 5031 anno
2815 4981 2844 5031 5
2866 4975 3209 5032 Childeberti
3230 4978 3270 5030 ll
3290 4976 3589 5048 consignat
3617 4977 3716 5047 (ο);
3749 4978 3930 5032 adeo-

2265 5085 2376 5140 que
2415 5085 2751 5140 supremum
2795 5070 2948 5124 diem
2988 5069 3252 5124 clauserit
3294 5069 3656 5124 beatissimus
3695 5074 3929 5142 praesul

2264 5180 2413 5218 anno
2444 5166 2566 5234 580,
2595 5165 2655 5219 in
2683 5181 2856 5236 quem
2877 5164 3043 5235 juxta
3071 5164 3525 5219 communiorem
3562 5166 3930 5220 sententiam

2263 5391 2305 5442 γ
2334 5319 2405 5389 (h)
2432 5317 2648 5444 Ι(Ξοὶιιιίξίι.
2678 5322 2819 5373 tom.
2847 5318 2954 5384 V’ll,
2986 5333 3119 5389 pag.
3150 5318 3274 5388 482,
3305 5334 3354 5386 e,
3399 5317 3666 5374 editionis
3705 5318 3930 5390 primm

2292 5405 2400 5444 'en.
2471 5407 2504 5442 a
2523 5407 2542 5442 ι
2589 5431 2602 5442 .

2292 5405 2378 5444 ’Bll
2389 5431 2400 5444 .
2434 5405 2602 5444 [ΑΗΒ.

2335 5461 2391 5528 (ι’)
2417 5460 2625 5515 Concil.
2655 5465 2795 5516 tom.
2827 5461 2936 5527 Vll,
2965 5475 3097 5530 pag.
3123 5463 3248 5528 557,
3278 5479 3330 5517 a.

2333 5531 2394 5600 (j)
2423 5531 2573 5600 lsid.,
2603 5532 2707 5587 loc.
2730 5533 2825 5588 cit.

2336 5603 2635 5677 [k)_t_?91_1cil.
2664 5609 2806 5659 tom.
2833 5605 2918 5671 Vl,
2947 5623 3059 5677 pag
3086 5607 3208 5671 570,
3245 5620 3295 5659 e.

2335 5675 2389 5741 (Ι)
2415 5674 2576 5739 Ibid.,
2609 5692 2741 5744 pag.
2771 5677 2894 5743 523,
2925 5674 2975 5732 (ἱ.

2333 5745 2420 5820 (ni)
2445 5745 2672 5820 Mamili,
2701 5749 2985 5820 pag.i246,
3015 5750 3048 5820 §
3075 5753 3158 5804 ll.

2332 5817 2406 5881 tu)
2433 5817 2611 5890 Greg.
2630 5819 2761 5872 'l‘ur.
2791 5819 2890 5874 lib.
2921 5837 2953 5872 v
2983 5817 3146 5890 capp.
3178 5819 3243 5874 34
3272 5823 3327 5890 et
3355 5821 3441 5874 38.

2335 5889 2398 5958 (ο)
2425 5889 2637 5944 (ἰοιιςιι.
2667 5894 2706 5944 t.
2743 5905 2816 5960 v1,
2847 5907 2904 5962 p.
2939 5889 3272 5960 57561581,
3300 5889 3355 5944 d.
