3968 6454
213 405 270 460 21
1117 410 1508 466 OPUSCULUM
1547 410 1820 466 PRIMUM.
1863 408 2171 464 FURMULA
2212 411 2527 467 llONlSST.~E
2565 413 2750 470 Vl'l‘dﬂ.
3517 417 3583 474 22

205 508 1418 588 inciditannus5Childebertijunioris.Sic
1431 518 1875 588 Mabillonius(a).
1899 527 1958 602 Α
1979 532 2148 588 opera
2170 518 2397 574 Gilberti
2433 519 2669 590 Cognati
2702 533 2851 574 anno
2881 521 3034 587 1562,
3071 515 3319 588 Basilee,
3360 521 3484 577 tum
3523 520 3583 579 in

207 607 326 670 Qua
357 605 427 659 de
475 621 543 660 re
593 605 818 662 videsis
863 611 1111 680 Pagium
1157 613 1225 680 (b)
1265 616 1322 665 et
1357 610 1746 665 Bollandianos
1789 613 1873 680 (c).
1975 609 2214 665 heroicis
2248 615 2303 665 et
2338 612 2717 666 ecclesiasticis
2753 611 3161 677 Quaestionibus
3189 612 3407 669 Boethii
3433 615 3580 686 Ερυ-

213 698 342 768 Ejus
366 697 488 752 dies
509 698 701 753 festus
721 701 1060 757 celebratur
1086 703 1174 757 die
1194 707 1262 758 20
1287 703 1486 758 Martii.
1517 705 1704 758 Exstat
1725 703 1877 774 apud
1951 703 2063 756 'nis
2086 703 2273 772 Duaci,
2303 719 2450 758 anno
2484 707 2639 759 1581.

217 792 596 846 Fortunatum
631 792 711 862 (cl)
743 793 1114 850 luculentum
1143 812 1368 849 carmen
1395 796 1484 849 cui
1519 795 1879 866 praemittitur
2043 795 2387 866 Opusculum
2412 796 2558 851 istud
2583 797 2787 868 excipit
2811 799 3052 853 alterum
3077 800 3150 853 De
3172 799 3422 866 moribus,
3449 813 3583 854 cura

225 884 454 955 epistola
481 885 682 938 eidem
723 886 973 940 Martino
1005 887 1290 958 inscripta,
1323 887 1423 941 ubi
1459 888 1721 958 praeclare
1758 888 1877 956 ejus
1975 887 2297 956 Leodegarii
2333 905 2366 942 a
2403 889 2620 952 Quercu
2654 906 2802 944 anno
2846 893 2999 958 1556,
3027 889 3262 958 Parisiis,
3294 890 3354 945 in
3396 892 3582 946 lucem

228 981 373 1046 gesta
403 976 572 1029 miris
611 977 890 1032 laudibus
925 984 1293 1033 exornantur.
1329 980 1400 1033 De
1435 995 1500 1032 eo
1535 979 1672 1034 item
1711 980 1879 1034 refert
1976 979 2260 1034 emissum.
2282 982 2586 1052 Utrumque
2605 998 2776 1052 porro
2803 997 3070 1036 excusum
3096 986 3274 1036 exstat
3296 981 3355 1036 in
3378 982 3578 1036 biblio-

224 1068 322 1121 alia
348 1069 657 1136 nonnulla,
692 1074 911 1141 praeter
936 1072 1196 1143 superius
1221 1071 1408 1140 allata,
1439 1070 1874 1142 Gregorius'Tu-
1974 1071 2132 1125 theca
2158 1073 2258 1126 l’P.
2287 1073 2646 1142 Lugdunensi
2672 1074 2748 1144 (ι),
2776 1077 2840 1128 ut
2876 1073 3009 1127 alias
3049 1073 3320 1128 editiones
3356 1074 3579 1128 omitta-

226 1161 477 1215 ronensis
504 1163 596 1231 (ρ).
1976 1179 2119 1217 mus.
2147 1164 2280 1226 Quae.
2306 1180 2435 1218 vero
2470 1169 2781 1236 sequuntur
2818 1165 3034 1235 reliqua
3067 1164 3336 1235 quinque,
3363 1145 3467 1220 Pro
3506 1181 3586 1221 re-

291 1255 378 1307 ιν.
411 1255 589 1308 Plura
612 1259 846 1310 exstant
867 1256 1044 1326 ipsius
1071 1256 1286 1327 ingenii
1312 1258 1678 1310 monumenta
1710 1274 1722 1310 :
1757 1278 1783 1305 ‹‹
1817 1258 1878 1311 In
1967 1255 2223 1324 pellenda
2247 1256 2538 1322 juctuntia,
2567 1260 2642 1311 De
2671 1257 2943 1326 superbia,
2966 1257 3280 1310 Exhortatio
3305 1257 3579 1311 humilita-

227 1346 333 1410 his,
359 1346 556 1416 inquit
586 1347 844 1401 Mariana
873 1347 966 1417 (Γ),
985 1349 1255 1419 quoniam
1281 1347 1489 1402 crebris
1515 1348 1800 1401 sententiis
1823 1353 1878 1403 et
1977 1349 2064 1408 tis,
2091 1351 2164 1401 De
2189 1349 2272 1399 ira.
2298 1352 2353 1401 et
2378 1351 2448 1402 De
2475 1350 2700 1410 Pascha,
2736 1363 2804 1402 ex
2829 1347 3113 1402 codicibus
3142 1363 3314 1402 manu
3344 1348 3584 1402 exaratis

225 1439 349 1508 styli
373 1439 650 1492 acumine
673 1439 746 1492 ad
777 1440 1008 1494 Seneca:
1047 1439 1476 1494 similitudinem
1511 1439 1768 1510 proxime
1793 1457 1878 1493 ac-
1976 1438 2267 1508 descripsit
2293 1439 2573 1510 ediditque
2591 1441 2830 1494 Joannes
2858 1441 3131 1510 Tamayus
3155 1439 3374 1494 Salazar
3400 1441 3458 1494 in
3483 1456 3584 1494 suo

225 1531 390 1595 cedit,
421 1530 544 1584 duo
574 1530 712 1584 libri
740 1535 817 1586 De
848 1533 1112 1593 moribus,
1134 1537 1190 1586 et
1208 1536 1282 1586 De
1311 1533 1618 1600 differentia
1648 1537 1878 1600 quatuor
1976 1531 2366 1601 Martyrologio
2409 1533 2649 1602 Hispano
2685 1530 2792 1602 (m),
2829 1532 2980 1586 unde
3016 1531 3112 1585 illa
3149 1531 3580 1602 desumpsimus.

225 1626 490 1676 rirtutum
521 1624 926 1685 curdinalium,
959 1625 1082 1693 ejus
1121 1624 1438 1694 philosophi
1464 1623 1691 1677 nomine
1732 1623 1879 1678 inter
1975 1622 2235 1690 subjectis
2259 1623 2542 1678 nonnullis
2568 1623 2924 1693 conjecturis,
2953 1624 3156 1695 quibus
3183 1623 3383 1679 melior
3417 1623 3581 1678 lectio

227 1715 444 1784 reliqua
471 1715 604 1784 ejus
634 1731 808 1786 opera
837 1715 1338 1770 circumferuntur.
1371 1737 1398 1764 ››
1441 1717 1662 1785 Septem
1691 1715 1877 1786 itaque
1976 1713 2204 1768 fortasse
2220 1715 2420 1769 alicubi
2438 1715 2720 1769 reddatur.
2752 1715 2998 1786 Denique
3024 1719 3236 1786 septem
3266 1715 3417 1770 hisce
3447 1731 3585 1786 opu-

227 1805 369 1860 beati
398 1807 583 1876 hujus
603 1808 868 1877 praesulis
889 1807 1038 1878 typis
1057 1807 1380 1861 excudenda
1400 1808 1730 1862 tradidimus
1746 1824 1879 1878 opu-
1899 1875 1937 1878 _
1977 1805 2140 1859 sculis
2175 1807 2522 1860 subdidimus
2563 1807 2814 1877 ejusdem
2860 1807 3034 1862 sancti
3075 1807 3295 1862 Martini
3335 1807 3584 1862 carmina.

228 1898 398 1964 scula,
429 1875 566 1968 quia
605 1875 673 1952 in
709 1905 881 1952 antea
913 1875 1091 1952 editis
1127 1899 1343 1953 divulsa
1371 1899 1738 1954 habebantur.
1773 1875 1875 1953 lio-
1899 1875 1954 1948 B
1978 1897 2100 1965 tria,
2128 1914 2252 1967 quae
2283 1875 2826 1968 Sirmondoracccpta
2865 1899 3159 1953 referimus
3200 1899 3297 1969 (η),
3337 1915 3582 1969 quorum

229 2006 348 2043 rum
376 1991 650 2060 primum
671 1991 1009 2044 inscribitur
1026 1993 1279 2045 Formulu
1302 1992 1528 2044 honestae
1547 1993 1688 2052 vitae,
1711 1995 1881 2062 prout
1977 1989 2132 2060 prius
2157 1990 2425 2059 Gregorio
2451 1990 2761 2044 Turonensi
2781 1995 3128 2044 memoratur
3152 1991 3239 2044 his
3267 1990 3446 2044 verbis
3472 1990 3536 2060 (ο)
3565 2007 3580 2043 :

228 2082 360 2136 illud
389 2099 466 2136 ex
495 2083 758 2136 auctoris
783 2083 1068 2136 sententia
1091 2083 1322 2136 laudant
1355 2082 1692 2136 Trithemius
1719 2083 1786 2151 (g)
1825 2087 1882 2137 et
1981 2103 2007 2130 α
2045 2082 2370 2148 Versiculos,
2398 2081 2600 2152 inquit,
2629 2082 2726 2151 qui
2763 2098 2933 2152 super
2967 2082 3174 2136 ostium
3204 2085 3334 2136 sunt
3371 2098 3403 2135 a
3427 2087 3584 2152 parte

231 2175 564 2244 Sigebertus
583 2177 680 2244 (ἡ).
709 2175 862 2228 Idem
890 2180 1083 2228 tamen
1105 2191 1161 2228 se
1183 2175 1388 2244 legisse
1406 2179 1638 2228 testatur
1661 2180 1881 2228 sanctus
1978 2173 2282 2226 meridiana
2323 2173 2382 2226 in
2420 2173 2648 2227 basilica
2675 2173 2850 2228 sancti
2875 2173 3110 2243 Martini,
3146 2173 3263 2244 ipse
3305 2173 3587 2243 (Martinus

233 2267 474 2321 Isidorus
495 2267 610 2320 sub
627 2267 798 2321 titulo
818 2271 895 2321 De
921 2269 1247 2335 difﬂrentiis
1269 2272 1502 2335 quatuor
1520 2269 1778 2320 virtutum
1800 2266 1876 2335 (2');
1979 2264 2318 2318 Galliciensis
2345 2265 2654 2335 episcopus)
2677 2265 3006 2335 composuit.
3033 2285 3060 2314 ››
3081 2265 3186 2329 Qui
3209 2265 3434 2337 quidem
3458 2266 3586 2320 Gre-

232 2360 311 2413 cui
377 2358 660 2430 proxime
731 2359 951 2413 accedit
1015 2375 1333 2428 anonymus
1409 2358 1729 2412 Mellicensis
1793 2359 1877 2427 (j).
1980 2356 2122 2426 gorii
2148 2358 2301 2410 locus
2325 2357 2391 2410 cl.
2425 2357 2627 2411 editori
2665 2357 2817 2410 haud
2842 2357 3134 2412 succurrit.
3166 2359 3338 2412 Porro
3361 2374 3477 2412 non
3503 2362 3587 2412 est

234 2451 569 2521 Hujusmodi
598 2451 866 2505 libellum
895 2451 1100 2504 dicavit
1132 2456 1331 2504 auctor
1346 2453 1546 2504 Mironi
1572 2453 1684 2517 regi
1708 2451 1877 2504 Galli-
1978 2465 2077 2502 cur
2101 2449 2190 2502 hic
2219 2449 2553 2502 disseramus
2574 2465 2758 2519 neque
2784 2450 2849 2503 de
2873 2451 3156 2506 Sententiis
3175 2454 3396 2520 patrum
3426 2453 3587 2518 Egy-

236 2548 312 2597 cize
331 2563 349 2598 :
369 2560 558 2615 quam
576 2543 1067 2614 nuncupatoriam
1089 2543 1382 2613 epistolam
1403 2543 1552 2595 velut
1570 2543 1751 2595 adhuc
1769 2542 1880 2596 ine-
1971 2543 2207 2609 ptiarum
2234 2539 2303 2592 ab
2327 2544 2551 2594 auctore
2577 2546 2768 2594 nostro
2795 2557 2862 2594 ex
2888 2541 3075 2594 Graeco
3104 2541 3292 2596 Latine
3329 2541 3582 2608 redditis,

1977 2648 2114 2701 quas
2151 2631 2211 2685 in
2248 2631 2381 2685 Vitis
2423 2633 2650 2685 Patrum
2691 2632 2865 2686 edidit
2896 2633 3260 2702 Rosweydus;
3301 2648 3484 2704 neque
3518 2633 3584 2686 de

1978 2723 2288 2778 Collectionc
2330 2739 2592 2778 canonum
2631 2725 2972 2778 orientalium
3011 2741 3078 2778 ea:
3114 2725 3308 2780 Graec-is
3339 2725 3580 2792 synodis,

1976 2832 2221 2889 quorum
2245 2816 2378 2870 item
2405 2815 2655 2870 Latinam
2679 2816 2991 2870 versionem
3015 2816 3163 2871 idem
3199 2815 3579 2882 elucubravit,

1978 2909 2046 2962 de
2087 2925 2198 2979 qua
2223 2924 2352 2962 vero
2391 2908 2728 2963 Collectione
2772 2909 2936 2979 plura
2983 2909 3172 2964 videas
3205 2907 3354 2980 apud
3400 2907 3584 2962 Fabri-

1977 3001 2126 3054 cium
2153 3001 2248 3071 (Ρ).

235 2637 398 2690 ditam
431 2636 759 2689 Dacherius
779 2636 837 2689 in
859 2652 963 2688 suo
985 2635 1282 2705 Spicilegio
1310 2635 1587 2703 evulgavit
1613 2636 1680 2702 (k)
1706 2651 1721 2702 ;
1749 2651 1880 2688 cum

229 2730 332 2796 jam
363 2728 607 2800 pridem
637 2744 770 2782 eam
804 2727 1073 2781 edidisset
1114 2727 1344 2780 Pictavis
1379 2743 1528 2780 anno
1566 2727 1698 2781 1544
1735 2727 1880 2779 Elias

235 2823 480 2884 Vinctus,
517 2825 579 2875 et
605 2821 846 2892 quidem
873 2818 1084 2874 alicubi
1111 2819 1580 2885 emandationem,
1605 2823 1665 2872 ut
1689 2834 1755 2872 ex
1775 2819 1880 2872 col-

233 2913 435 2968 latione
462 2913 542 2967 ab
572 2913 797 2967 editore
825 2911 1175 2966 Dacheriano
1200 2911 1453 2965 instituta
1479 2915 1712 2965 constat.
1743 2912 1876 2965 Pro-

233 3006 322 3059 diit
346 3022 491 3061 vero
519 3005 760 3060 libellus
785 3005 939 3059 idem
964 3003 1175 3074 absque
1201 3003 1532 3073 praefatione
1578 3008 1701 3057 tum
1733 3002 1882 3056 inter

2072 3152 2122 3221 h)
2151 3150 2420 3222 Sigebert.
2453 3151 2521 3222 de
2547 3151 2812 3222 Scriptor.
2845 3151 2978 3206 eccl.
3011 3168 3130 3222 cap.
3166 3154 3250 3207 19.

2072 3153 2122 3221 h)
2151 3153 2420 3220 Sigebert.
2453 3153 2521 3204 de
2547 3153 2812 3222 Scriptor.
2845 3153 2978 3206 eccl.
3011 3168 3130 3222 cap.
3166 3154 3250 3207 19.

1900 3216 1954 3288 C
2141 3223 2266 3274 Isid.
2296 3221 2448 3290 llisp.
2469 3221 2544 3300 'de
2570 3221 2680 3275 Vir.
2707 3221 2908 3301 illustr.
2936 3238 3058 3291 cap.
3087 3225 3190 3290 35;
3219 3222 3314 3287 al.,
3347 3223 3433 3276 32.

2063 3310 2087 3357 j
2136 3296 2314 3344 Anon.
2340 3290 2535 3344 Mellic.
2565 3291 2633 3344 de
2661 3291 2858 3357 Script.
2887 3291 3019 3344 eccl.
3049 3307 3170 3357 cap.
3201 3293 3288 3346 68.

289 3290 358 3349 (ιιί
392 3290 666 3354 Bolland.
708 3302 830 3352 Act.
877 3290 1065 3350 sanet:
1089 3299 1226 3348 tom.
1265 3297 1352 3348 lll.
1394 3295 1576 3360 Marb,
1607 3312 1738 3366 pag.
1787 3297 1874 3363 88,
2049 3290 2109 3366 (λ)
2136 3296 2314 3366 anon.
2340 3290 2633 3366 Mellic._de
2661 3291 2862 3366 Script1
2887 3290 3019 3366 eccl.
3049 3307 3170 3366 cap.
3201 3293 3288 3346 68.

233 3371 593 3440 §t,nom2.
1254 3439 1258 3440 ί
1351 3433 1462 3440 ____
1543 3360 1714 3440 __-'_
1793 3360 1868 3440 _'
2047 3365 2096 3440 tif

2047 3363 2116 3440 tit)
2138 3361 2380 3440 Pacher.‘
2401 3360 2584 3440 Spicil‘.
2615 3365 2755 3440 tom.
2779 3360 2884 3440 'l_l_l,
2912 3377 2968 3430 p.
2997 3360 3250 3440 312.119“
3281 3360 3414 3414 edit.

289 3429 368 3512 (ἐι)
434 3444 690 3494 Fortun.
744 3438 843 3512 lib.
900 3453 953 3505 ν,
1014 3451 1186 3489 carm.
1245 3439 1292 3501 1,
1351 3433 1489 3487 Bibl.
1541 3435 1641 3488 PP.
1694 3435 1874 3506 Ludg.
2047 3430 2399 3512 (1)‘B'i‘bl.PP.
2431 3429 2606 3512 b'ugd.
2637 3429 3188 3512 tom:__X,pa_gg.
3213 3447 3366 3502 seqq.

231 3499 364 3567 ίυιῃί
393 3514 458 3577 Χ,
490 3526 652 3581 ρειιςςζ
668 3511 774 3561 552
804 3499 949 3581 scq_._'
1112 3575 1125 3581 _
1581 3573 1612 3581 Α
1658 3575 1702 3581 __
1777 3499 1846 3581 ξ
1980 3499 2139 3581 “(3:1)
2169 3501 2392 3568 Tamay.
2431 3499 2710 3569 Martyrol.
2755 3499 2906 3572 Hisp.
2949 3499 3088 3555 tom.
3132 3503 3196 3568 ll,
3238 3499 3407 3572 pagg.
3446 3503 3580 3555 317-

287 3585 352 3652 (ε“)
381 3573 826 3651 ϐί-ειῖες.”Τιιι·οῐι.
874 3573 977 3630 ΠΙ).
1025 3591 1043 3628 ι
1095 3575 1162 3630 de
1210 3575 1395 3630 Mirac.
1441 3573 1615 3627 sancti
1657 3575 1872 3629 Martin.
1977 3575 2098 3652 32$.

292 3162 364 3228 ἴα)
401 3159 628 3214 Mabill.
662 3159 771 3212 loc.
801 3157 897 3220 cit,
928 3173 1060 3225 pag.
1090 3157 1214 3221 247,
1241 3170 1402 3208 num.
1438 3158 1518 3208 t5.

291 3235 365 3301 ιν»)
401 3230 572 3299 Pagi.
605 3229 679 3301 ad
707 3244 849 3281 ann.
880 3231 1006 3291 583,
1037 3228 1143 3301 ξε.

229 3670 344 3726 εειρ-
380 3657 527 3726 1.1--
687 3719 704 3726 -
1589 3717 1614 3726 λ
1670 3718 1679 3726 .
1833 3715 1853 3726 -
2047 3642 2096 3726 ίη

1978 3619 2119 3726 ν-ξιῆ)
2143 3637 2420 3726 Sirmond.
2451 3640 2844 3726 oppz‘to‘mgl,
2872 3655 2928 3708 p.
3099 3656 3214 3709 seq.
3243 3639 3373 3726 edit.
3406 3639 3574 3692 Paris.

287 3708 357 3792 if;
387 3721 635 3776 Marian.
671 3719 743 3772 de
772 3717 912 3773 Iteb.
959 3715 1189 3783 llispan.
1217 3715 1314 3768 lib.
1344 3731 1396 3768 γ.
1435 3731 1553 3784 cap.
1586 3717 1637 3781 9,
1666 3718 1804 3768 tom.
1833 3715 1873 3783 Ι,
2048 3708 2115 3849 ΣΞ)
2141 3709 2306 3790 Qreg.
2331 3709 2537 3786 Turoon.
2571 3710 2704 3762 Hist.
2737 3709 2928 3788 Franc.
2960 3708 3056 3762 lib.
3083 3725 3115 3761 ν
3139 3708 3258 3778 cap.
3289 3711 3376 3764 38.

295 3789 434 3849 177.
469 3791 616 3845 edit.
648 3790 790 3849 Hag.
822 3790 983 3840 Cum.
1018 3789 1170 3839 I733.
2106 3780 2121 3849 )
2151 3777 2362 3832 labmc.
2393 3777 2531 3831 Bibl.
2563 3779 2653 3832 Gr.
2686 3782 2826 3832 tom.
2853 3779 2936 3846 λι,
2965 3793 3020 3848 p.
3050 3781 3115 3832 65
3147 3795 3261 3849 seq.

229 3777 434 3861 p.‘i’77,
469 3791 616 3845 edit.
648 3790 790 3861 Hag.
822 3777 1170 3861 (:omJ‘iB'J.
1229 3855 1244 3861 _
1455 3777 1542 3861 _j_
1621 3777 1632 3781 '
1860 3777 1869 3783 '
2048 3777 2121 3850 (ρ)
2151 3777 2362 3832 Fabric.
2393 3777 2531 3831 Bibl.
2563 3779 2653 3832 Gr.
2686 3782 2826 3832 tom.
2853 3779 2936 3846 χι,
2965 3793 3020 3848 p.
3050 3781 3115 3832 es
3147 3777 3261 3850 seq.

285 3865 364 3932 {gl
395 3861 690 3916 Trithem.
726 3858 797 3912 de
826 3857 1103 3927 Scciptor.
1134 3855 1266 3908 eccl.
1297 3871 1418 3924 cap.
1450 3857 1572 3908 221.

1462 4012 1791 4019 __.—.—._—

234 4021 654 4030 .______———————

615 4162 1273 4293 SANCTI
1382 4158 2129 4285 MARTINI
2238 4155 3210 4282 DUMIENSIS
3337 4148 3344 4164 ’

1300 4363 1768 4444 EPISCOPI
1844 4360 2562 4442 BRACARENSIS

905 4551 1974 4694 OPUSCULA
2105 4549 2940 4685 SEPTEM

1239 4786 2588 4839 ψ

1125 4970 1316 5072 ΟΡ
1341 4965 1796 5070 USCUL
1831 4965 2037 5067 ΠΜ
2118 4964 2496 5065 PRM!
2521 4963 2750 5066 ΠΜ.

631 5143 1525 5273 ΓοΒΜυιιΑ
1649 5140 2096 5260 HON]

1961 5139 2548 5276 ἹΕΒΤΕ
2672 5135 3205 5257 VITE.

1277 5429 1379 5493 AD
1425 5425 1786 5491 MIRONEM
1831 5425 2097 5489 REGEM
2141 5424 2520 5488 GALLICIJE
2548 5436 2592 5485 ³.

282 5559 728 5619 Gloriosissimo
754 5572 820 5610 ac
843 5549 1335 5621 tranquillissimo,
1366 5550 1421 5600 et
1445 5544 1654 5614 insigni
1682 5544 1876 5597 catlio-
1899 5557 1955 5626 D
1978 5542 2125 5596 milis
2151 5542 2462 5614 episcopus.
2488 5542 2610 5596 Non
2637 5541 2862 5614 ignoro,
2892 5540 3320 5596 clementissime
3345 5557 3463 5606 rex,
3493 5540 3583 5594 ﬂa-

239 5652 335 5712 licae
362 5657 501 5712 fidei
534 5651 790 5728 praedito
818 5646 1060 5719 pietate,
1091 5640 1286 5696 Mironi
1314 5638 1434 5709 regi
1471 5637 1736 5690 Martinus
1769 5637 1876 5689 hu-
1981 5634 2394 5705 grantissimam
2422 5634 2596 5688 animi
2619 5634 2702 5688 tui
2727 5633 2875 5688 sitim
2900 5632 3183 5704 sapientiae
3203 5631 3584 5688 insatiabiliter

1649 5331 1922 5339 ...η-ῆ-

1975 5329 2226 5338 ...ι-κ--α-η

293 5781 314 5808 ³
349 5781 498 5834 Hanc
540 5772 965 5848 praefationem
1008 5762 1419 5848 desprnpsimus
1457 5775 1526 5815 ex
1570 5758 1820 5812 Dacherii
1859 5757 2175 5828 Spicilegio,
2201 5761 2338 5813 tom.
2371 5757 2458 5821 Ill,
2507 5772 2638 5828 pag.
2682 5759 2802 5812 3l2.
2841 5757 2974 5810 Eam
3020 5754 3212 5810 laudat
3247 5749 3580 5808 Trithemius

250 5847 321 5903 lli).
349 5851 412 5905 de
441 5836 726 5921 Scriptor.
758 5839 911 5898 eccl.
947 5850 1073 5904 cap.
1105 5836 1224 5888 2'21.
