3968 6420
506 369 572 430 23
1813 367 1865 424 S.
1908 363 2183 422 ΜΑΡιΤῙΝΙ
2222 362 2574 420 DUMIENSIS
3823 359 3894 418 24

503 479 725 556 poculis
760 478 1002 549 inhiare,
1031 493 1208 552 eaque
1243 482 1300 536 te
1331 476 1596 535 ardenter
1627 477 1836 552 quibus
1870 473 2135 532 moralis'
2158 484 2218 557 Α
2238 473 2477 542 videtur,
2505 488 2622 528 non
2664 470 2931 528 continuo
2970 468 3176 528 falsum
3209 473 3314 528 est.
3343 467 3552 528 Crebro
3594 467 3892 543 siquidem

503 575 751 632 scientias
772 574 935 631 rivuli
963 578 1216 642 manant,
1250 574 1466 630 ﬂuenta
1489 573 1798 646 requirere.
1828 573 1894 628 Et
1925 569 1996 625 ob
2025 569 2136 624 hoc

504 670 888 726 humilitatem
911 685 1100 724 meam
1123 667 1236 724 tuis
1275 667 1481 740 saepius
1516 667 1716 722 litteris
1751 667 2040 734 admones,
2070 669 2137 720 ut

503 763 834 836 Dignationi
852 767 966 819 tuae
987 763 1186 818 crebro
1213 761 1424 834 aliquid
1450 779 1553 833 per
1576 761 1870 833 epistolam
1893 759 2139 814 scribens

499 861 600 912 aut
620 856 1024 912 consolationis
1051 861 1150 912 aut
1173 855 1586 911 exhortationis
1614 855 1872 925 alicujus,
1902 859 1958 908 et
1994 870 2136 924 qua-

497 950 801 1022 liacunque
821 949 932 1005 sint
951 950 1094 1005 dicta
1117 950 1351 1006 offeram
1381 948 1558 1018 b._Sed
1583 948 1840 1021 quamvis
1860 948 1969 1002 hoc
1993 964 2025 1001 a
2045 962 2138 1001 me

501 1043 694 1116 exigat
731 1043 1010 1100 laudabile
1047 1049 1160 1099 tua:
1194 1045 1416 1116 pietatis
1454 1043 1728 1112 studium,
1765 1042 1902 1097 scito
1947 1046 2139 1096 tamen

499 1137 792 1194 tenuitatis
815 1153 960 1193 meae
985 1137 1325 1194 insolentem
1345 1139 1618 1194 continuo
1645 1154 1678 1190 a
1704 1135 1879 1190 cautis
1895 1133 2138 1206 impingi

498 1231 908 1303 propterviam,
957 1231 1004 1286 si
1043 1232 1250 1303 regalis
1286 1230 1616 1288 reverentim
1669 1229 2004 1301 gravitatem
2039 1233 2140 1282 aut

499 1325 740 1380 assiduis
781 1329 880 1380 aut
915 1323 1140 1393 vilibus,
1184 1329 1249 1380 ut
1281 1326 1438 1392 libet,
1488 1325 1651 1380 dictis
1697 1323 2025 1394 adjungam.
2071 1322 2138 1375 Et

497 1417 630 1474 ideo
661 1434 733 1474 ne
760 1423 859 1474 aut
885 1434 992 1490 ego
1020 1417 1246 1473 licentia
1266 1419 1374 1490 piae
1399 1416 1746 1473 invitationis
1770 1415 2034 1470 abuterer
2057 1415 2139 1468 lo-

498 1513 747 1584 quendo,
774 1517 872 1568 aut
897 1517 1082 1568 vestro
1112 1512 1292 1583 magis
1320 1511 1598 1566 desiderio
1625 1509 1954 1564 obsisterem
1999 1508 2133 1562 reti-

499 1606 700 1675 cendo,
717 1605 974 1661 libellum
989 1607 1144 1661 hunc
1160 1605 1318 1661 nulla
1332 1605 1745 1676 sophismatum
1761 1601 2136 1657 ostentatione

498 1699 766 1771 politum,
797 1699 895 1754 sed
922 1688 1350 1771 planitiepuraa
1377 1696 1748 1770 simplicitatis
1783 1700 2132 1767 excerptum,

499 1793 794 1866 capacibus
822 1793 1066 1848 fidenter
1091 1793 1324 1848 auribus
1345 1791 1525 1848 obtuli
1552 1790 1926 1846 recitandum.
1954 1790 2135 1854 Quem

2236 564 2436 619 faciem
2463 563 2741 618 mendacii
2766 564 2968 618 veritas
3009 561 3234 618 retinet.
3263 561 3471 617 Crebro
3509 559 3895 616 mendacium

2239 662 2422 734 specie
2441 661 2688 717 veritatis
2704 662 2997 717 occulitur.
3017 663 3156 716 Nam
3174 660 3318 714 sicut
3331 659 3643 731 aliquando
3663 658 3897 714 tristem

2238 753 2482 807 frontem
2520 751 2753 821 amicus,
2784 756 2840 806 et
2875 751 3143 806 blandam
3181 750 3436 804 adulator
3469 749 3729 804 ostendit
3757 767 3774 818 ;
3817 750 3897 804 sic

2240 841 2726 897 verisimilitudine
2754 843 3036 896 coloratur
3062 841 3265 898 veritas
3296 846 3352 895 et
3381 845 3440 896 ut
3476 840 3642 893 fallat
3667 839 3764 894 vel
3795 856 3896 893 su-

2238 933 2456 1006 brepat,
2499 936 2797 990 celeratur.
2846 935 2901 991 Si
2941 935 3190 1006 prudens
3232 950 3349 988 esse
3397 934 3580 1004 cupis,
3631 933 3697 988 in
3740 933 3896 988 futu-

2239 1045 2388 1099 rum,
2418 1034 2777 1101 prospectum
2817 1029 3083 1097 intende;
3126 1033 3181 1083 et
3209 1044 3336 1100 qua:
3375 1031 3619 1099 possunt
3655 1027 3892 1080 contin-

2240 1140 2393 1194 gere,
2424 1124 2612 1178 animo
2643 1128 2739 1178 tuo
2766 1127 2966 1177 cuncta
2991 1139 3261 1194 propone.
3302 1121 3451 1176 Nihil
3479 1120 3585 1175 tibi
3625 1121 3888 1174 subitum

2237 1215 2326 1286 sit,
2357 1217 2452 1271 sed
2477 1234 2578 1288 per
2602 1217 2781 1272 otium
2809 1221 2939 1271 ante
2969 1215 3296 1287 eonspicies.
3325 1217 3465 1268 Nam
3491 1213 3594 1284 qui
3627 1213 3889 1284 prudens

2237 1314 2340 1376 est,
2371 1326 2486 1364 non
2516 1311 2691 1365 dicit:
2721 1312 2844 1366 Non
2883 1310 3076 1381 putavi
3113 1309 3346 1380 quidem
3386 1309 3491 1362 hoc
3534 1307 3665 1361 fieri
3687 1325 3704 1376 ;
3749 1308 3886 1379 quia

2236 1419 2351 1458 non
2391 1403 2637 1474 dubitat,
2691 1405 2784 1458 sed
2835 1408 3151 1475 exspectat;
3207 1418 3311 1456 nec
3376 1401 3734 1473 suspicatur,
3792 1401 3886 1455 sed

2237 1501 2411 1552 cavet.
2442 1499 2836 1569 Cujuscunque
2864 1497 2992 1551 facti
3018 1514 3244 1550 causam
3273 1495 3497 1566 require
3520 1514 3532 1548 :
3557 1511 3697 1548 cum
3725 1495 3885 1548 initia

2238 1590 2536 1659 inveneris,
2575 1591 2758 1646 exitus
2796 1591 3090 1662 cogitabis.
3133 1590 3281 1645 Scito
3322 1593 3374 1643 te
3421 1588 3481 1642 in
3531 1588 3886 1660 quibusdam

2236 1685 2440 1739 debere
2463 1701 2844 1756 perseverare,
2873 1685 3007 1756 quia
3037 1685 3253 1755 coepisti
3278 1701 3291 1738 :
3312 1683 3578 1755 quazdam
3605 1699 3746 1737 vero
3782 1700 3882 1737 nec

2235 1777 2479 1848 incipere
2508 1778 2566 1832 in
2594 1779 2800 1849 quibus
2826 1795 3182 1849 perseverare
3221 1777 3293 1832 sit
3328 1776 3588 1830 noxium.
3626 1777 3883 1830 Prudens

493 1857 612 1942 non
625 1891 824 1942 vestras
839 1885 1156 1958 specialiter
1180 1886 1414 1942 instituo
1441 1883 1708 1957 potestati
1741 1883 1830 1938 cui
1859 1881 2134 1938 naturalis
2156 1857 2212 1928 B
2235 1870 2428 1925 fallere
2455 1888 2569 1926 non
2596 1871 2735 1940 Vult,
2760 1871 2873 1926 falli
2897 1888 3010 1926 non
3030 1876 3231 1943 potest.
3264 1870 3402 1924 Boni
3427 1875 3510 1924 est
3539 1869 3671 1938 viri,
3707 1870 3877 1924 etiam

496 1979 786 2052 sapientiae
823 1980 1096 2052 sagacitas
1134 1985 1343 2052 prmsto
1387 1983 1489 2047 est,
1523 1978 1619 2032 sed
1661 1976 2002 2050 generaliter
2043 1975 2135 2030 his

499 2073 823 2145 conscripsi,
856 2089 1000 2146 quos
1034 2072 1362 2128 ministeriis
1401 2073 1514 2128 tuis
1557 2075 1802 2127 astantes
1844 2071 1965 2125 haec
2004 2087 2136 2125 con-

497 2166 653 2222 venit
669 2165 880 2238 legere,
909 2166 1230 2238 intelligere
1257 2171 1313 2222 et
1337 2171 1552 2222 tenere.
1584 2165 1803 2220 Titulus
1845 2168 2035 2219 autem
2072 2164 2136 2218 li-

497 2259 634 2316 belli
660 2264 745 2315 est
773 2277 786 2314 :
814 2262 1066 2316 Fm'mula
1097 2263 1222 2316 vitta
1263 2263 1526 2326 honestae;
1572 2276 1741 2331 quem
1785 2257 1994 2313 idcirco
2037 2256 2134 2312 tali

498 2353 652 2410 volui
691 2354 966 2410 vocabulo
1013 2354 1370 2426 superscribi,
1399 2355 1534 2425 quia
1570 2370 1688 2408 non
1726 2353 1824 2408 illa
1862 2352 2037 2406 ardua
2081 2356 2137 2406 et

495 2447 764 2520 perfecta,
793 2464 921 2518 quae
959 2465 994 2502 a
1035 2447 1228 2520 paucis
1265 2452 1322 2502 et
1364 2447 1717 2520 peregregiis
1757 2445 1990 2500 Deicolis
2033 2463 2133 2516 pa-

497 2545 742 2610 trantur,
774 2541 1050 2611 instituit;
1081 2541 1176 2596 sed
1213 2558 1276 2596 ea
1311 2541 1496 2612 magis
1529 2544 1870 2607 commonet,
1910 2556 2037 2610 qua:
2081 2542 2137 2594 et

499 2634 620 2690 sine
662 2634 985 2690 divinarum
1043 2635 1465 2708 Scripturarum
1520 2632 1836 2706 praeceptis,
1893 2632 2136 2688 naturali

497 2731 721 2783 tantum
771 2728 1038 2787 humanas
1074 2728 1465 2800 intelligentiae
1508 2728 1634 2798 lege
1683 2727 1853 2782 etiam
1902 2744 1935 2780 a
1985 2725 2138 2780 laicis

497 2826 650 2876 recte
674 2821 1022 2893 honesteque
1048 2821 1365 2876 viventibus
1389 2821 1611 2876 valeant
1644 2819 1960 2891 adimpleri.

573 2915 825 2978 Quatuor
866 2913 1142 2968 virtutum
1192 2914 1406 2986 species
1447 2914 1756 2969 multorum
1801 2911 2137 2984 sapientium

502 3006 794 3062 sententiis
844 3005 1089 3062 definitae
1127 3012 1278 3074 sunt,
1325 3007 1531 3078 quibus
1583 2993 1806 3061 animus
1852 3005 2138 3060 humanus

505 3099 769 3172 componi
805 3100 876 3154 ad
917 3100 1272 3155 honestatem
1309 3101 1436 3156 vitae
1475 3099 1669 3172 possit.
1708 3101 1916 3154 Harum
1953 3099 2140 3171 prima

505 3197 588 3248 est
615 3192 942 3265 prudentia;
973 3194 1216 3248 secunda
1243 3193 1711 3265 magnanimitas;
1742 3193 1924 3261 tertia,
1953 3191 2136 3246 conti-
2161 3224 2214 3297 Ο

501 3286 727 3356 nentia;
761 3291 980 3358 quarta,
1005 3287 1244 3358 justitia.
1276 3287 1527 3359 Singulae
1557 3286 1656 3342 tibi
1693 3286 1752 3340 in
1789 3285 1984 3340 ofﬁciis
2011 3303 2138 3356 qua:

503 3379 760 3446 subsunt,
791 3395 1026 3435 annexa:
1054 3383 1206 3446 sunt,
1234 3397 1296 3434 ac
1323 3380 1467 3436 bene
1495 3384 1778 3434 moratum
1805 3379 1988 3433 virum
2024 3379 2140 3433 efli-

504 3472 678 3544 ciunt.

553 3554 560 3560 ’
589 3554 596 3559 ’
1045 3553 1262 3608 CAPUT
1309 3555 1590 3609 PRIMUM.

1126 3651 1198 3702 De
1217 3648 1535 3718 prudentia.

571 3753 832 3826 Quisquis
881 3754 1246 3828 prudentiam
1299 3754 1458 3827 sequi
1502 3753 1803 3822 desideras,
1855 3757 1989 3808 tunc
2041 3767 2144 3823 per

503 3847 786 3904 rationem
822 3853 974 3904 recte
1011 3848 1182 3916 vives,
1228 3849 1275 3903 si
1315 3848 1506 3903 omnia
1559 3847 1719 3919 prius
1763 3845 2050 3900 existimes
2089 3849 2146 3900 et

503 3955 826 4014 perpenscs,
853 3945 908 3996 et
933 3941 1266 4012 dignitatem
1287 3943 1456 3997 rebus
1477 3958 1590 3996 non
1619 3958 1686 3995 ex
1715 3939 1980 4012 Opinione
2001 3939 2146 3992 mul-

502 4039 713 4104 torum,
742 4036 840 4090 sed
871 4053 941 4090 ex
979 4052 1177 4090 earum
1215 4040 1418 4090 natura
1458 4034 1783 4090 constituas.
1823 4034 1963 4086 Nam
2005 4031 2145 4086 scire

505 4128 674 4184 debes
713 4128 848 4201 quia
883 4134 1016 4185 sunt
1057 4146 1184 4202 quae
1225 4129 1524 4185 videantur
1562 4145 1683 4184 esse
1723 4127 1871 4182 bona
1925 4133 1982 4183 et
2031 4143 2148 4182 non

507 4225 658 4290 sunt,
693 4227 749 4278 et
776 4227 910 4278 sunt
934 4240 1061 4296 qum.
1091 4222 1388 4279 videantur
1428 4239 1542 4277 non
1572 4222 1718 4276 bona
1757 4237 1876 4276 esse
1903 4226 1960 4276 et
1992 4226 2143 4276 sunt.

505 4317 866 4389 Quaecunque
908 4322 1100 4372 autem
1143 4333 1211 4373 ex
1267 4317 1436 4372 rebus
1486 4315 1823 4371 transitoriis
1876 4315 2142 4391 possides,

507 4425 622 4465 non
649 4410 890 4482 mireris,
926 4427 1030 4466 nec
1060 4427 1334 4483 magnum
1363 4409 1648 4465 existimes
1682 4408 1833 4480 quod
1871 4409 2146 4463 caducum

510 4507 626 4574 est;
645 4520 750 4560 nec
775 4503 927 4576 apud
955 4508 1008 4560 te
1035 4521 1162 4576 quae
1182 4503 1356 4559 habes
1375 4509 1646 4576 tanquam
1673 4501 1854 4556 aliena
1880 4502 2144 4572 servabis,

2235 1965 2294 2018 in
2344 1970 2522 2019 morte
2558 1965 2847 2020 neminem
2888 1965 3103 2020 fallere.
3159 1963 3464 2035 Opiniones
3509 1968 3628 2017 tua:
3663 1961 3879 2033 judicia

2235 2057 2368 2112 sint.
2397 2058 2774 2130 Cogitationes
2804 2075 2973 2130 vagas
3000 2063 3055 2112 et
3091 2058 3339 2122 inutiles,
3374 2062 3430 2110 et
3458 2058 3614 2110 velut
3662 2056 3879 2110 somnio

2235 2151 2444 2205 similes
2471 2169 2585 2205 non
2613 2151 2882 2222 recipies;
2929 2151 3135 2222 quibus
3161 2151 3204 2203 si
3230 2149 3454 2203 animus
3495 2155 3633 2203 tuus
3677 2166 3735 2204 se
3778 2149 3872 2201 ob-

2233 2244 2538 2314 lectaverit,
2581 2262 2710 2299 cum
2749 2245 2934 2299 omnia
2975 2243 3338 2314 disposueris,
3387 2242 3567 2298 tristis
3611 2259 3870 2296 remane-

2234 2336 2319 2392 bis
2349 2354 2362 2392 :
2392 2339 2488 2392 sed
2523 2338 2786 2408 cogitatio
2823 2343 2918 2392 tua
2956 2338 3193 2406 stabilis,
3224 2341 3280 2392 et
3304 2339 3455 2390 certa
3484 2337 3598 2406 sit;
3631 2337 3749 2390 sive
3777 2337 3870 2390 de-

2233 2431 2452 2498 liberet,
2498 2431 2610 2485 sive
2652 2436 2888 2502 quaerat,
2934 2431 3047 2486 sive
3086 2431 3521 2500 contempletur,
3575 2446 3692 2484 non
3733 2446 3876 2483 rece-

2237 2524 2389 2579 data
2414 2542 2565 2580 vero.
2595 2526 2790 2580 Sermo
2827 2542 3052 2596 quoque
3104 2530 3234 2578 tuus
3269 2540 3383 2578 non
3424 2524 3497 2577 sit
3542 2523 3752 2592 inanis,
3783 2522 3872 2576 sed

2235 2622 2333 2672 aut
2363 2619 2612 2688 suadeat,
2643 2623 2741 2673 aut
2774 2623 3018 2686 moneat,
3049 2623 3144 2672 aut
3175 2617 3516 2684 consoletur,
3547 2622 3648 2672 aut
3677 2616 3870 2687 praeei-

2236 2711 2371 2782 piat.
2404 2713 2591 2766 Lauda
2625 2729 2812 2783 parce,
2855 2711 3113 2783 vitupera
3151 2711 3393 2783 parcius.
3430 2712 3578 2765 Nam
3618 2710 3874 2764 similiter

2236 2805 2697 2875 reprehensibilis
2740 2810 2822 2860 est
2860 2804 3035 2859 nimia
3077 2803 3345 2870 laudatio,
3392 2808 3456 2858 ut
3502 2803 3870 2858 immoderata

2237 2898 2592 2969 vituperatio.
2633 2899 2732 2952 Illa
2770 2898 3049 2969 siquidem
3079 2897 3422 2966 adulatione,
3459 2897 3564 2952 ista
3609 2896 3866 2968 maligni-

2239 2997 2348 3046 tate
2383 2997 2634 3062 suspecta
2679 2997 2780 3046 est.
2807 2992 3211 3046 Testimonium
3240 2991 3486 3059 veritati,
3530 3008 3648 3045 non
3691 2988 3872 3044 amici-

2238 3085 2328 3139 tia:
2381 3085 2598 3140 reddes.
2653 3088 2792 3140 Cum
2845 3085 3287 3140 consideratione
3338 3084 3610 3156 promitte
3656 3083 3868 3158 plenius

2238 3195 2365 3251 qua:
2392 3179 2716 3250 promiseris
2744 3184 2969 3250 prresta.
2999 3179 3054 3233 Si
3081 3179 3328 3249 prudens
3355 3182 3438 3232 est
3462 3178 3694 3233 animus
3725 3180 3866 3242 tuus,

2240 3272 2422 3327 tribus
2471 3273 2820 3344 temporibus
2862 3273 3238 3344 dispensetur.
3293 3271 3605 3325 Praesentia
3659 3270 3866 3335 ordina,

2241 3367 2433 3420 futura
2461 3367 2726 3438 praevide,
2757 3366 3041 3438 praeterita
3069 3365 3382 3419 recordare.
3407 3365 3550 3420 Nam
3580 3365 3679 3436 qui
3704 3365 3782 3418 nil
3807 3363 3868 3416 de

2240 3461 2528 3532 praeterito
2570 3461 2797 3532 cogitat,
2830 3460 3018 3532 perdit
3063 3459 3254 3526 vitam,
3303 3458 3402 3530 qui
3447 3459 3531 3513 nil
3578 3459 3647 3512 de
3689 3457 3869 3511 futuro

2239 3554 2686 3628 praemeditatur,
2719 3554 2777 3609 in
2819 3553 3007 3608 omnia
3046 3553 3305 3606 incautus
3340 3551 3565 3606 incidit.
3595 3554 3869 3622 Pmponas

2243 3649 2300 3702 in
2331 3648 2521 3702 animo
2550 3652 2648 3702 tuo
2677 3648 2865 3703 futura
2902 3648 3052 3701 mala
3091 3652 3146 3702 et
3183 3647 3329 3700 bona
3361 3649 3427 3700 ut
3465 3645 3570 3700 illa
3605 3645 3868 3701 sustinere

2241 3743 2420 3814 possis
2449 3747 2504 3796 et
2527 3742 2632 3797 ista
2659 3741 2958 3796 moderari.
3001 3743 3120 3796 Non
3151 3755 3376 3810 semper
3401 3739 3458 3792 in
3501 3743 3633 3794 actu
3663 3739 3754 3806 sis,
3783 3735 3869 3789 sed

2243 3836 2530 3892 interdum
2561 3837 2754 3890 animo
2791 3839 2890 3890 tuo
2927 3837 3184 3908 requiem
3215 3837 3342 3892 dato
3372 3851 3386 3888 :
3417 3837 3474 3887 et
3505 3833 3728 3905 requies
3755 3833 3867 3904 ipsa

2244 3932 2408 4003 plena
2437 3931 2506 3985 sit
2534 3929 2816 4001 sapientiae
2847 3929 3063 4000 studiis,
3107 3937 3160 3985 et
3199 3933 3634 4003 cogitationibus
3670 3931 3824 3986 bonis
3850 3949 3861 3984 :

2244 4041 2377 4078 nam
2414 4023 2664 4096 prudens
2705 4040 2998 4094 nunquam
3039 4025 3152 4079 otio
3193 4032 3422 4082 marcet.
3468 4029 3646 4083 Habet
3686 4031 3866 4080 autem

2245 4117 2545 4189 aliquando
2597 4116 2894 4170 remissum
2949 4117 3205 4187 animum
3257 4136 3550 4192 nunquam
3607 4121 3864 4174 solutum.

2247 4212 2528 4266 Accelerat
2556 4211 2734 4280 tarda,
2764 4212 3030 4284 perplexa
3055 4213 3301 4284 expedit,
3335 4215 3475 4268 dura
3505 4215 3706 4281 mollit,
3736 4228 3868 4268 exae-

2246 4310 2382 4376 quat
2407 4305 2600 4359 ardua.
2631 4304 2743 4359 Scit
2771 4305 2924 4359 enim
2951 4306 3084 4376 quid
3116 4324 3228 4378 qua
3255 4309 3341 4362 via
3365 4309 3604 4380 aggredi
3633 4308 3825 4362 debeat
3850 4324 3861 4360 :

2247 4404 2303 4454 et
2349 4399 2608 4454 distincte
2643 4403 2843 4454 cuncta
2879 4399 3048 4454 videt.
3095 4401 3401 4456 Consilium
3445 4403 3772 4474 peritorum,
3805 4415 3867 4454 ex

2247 4493 2454 4564 apertis
2508 4491 2742 4547 obscura
2795 4493 3038 4548 mstimat
3085 4510 3149 4548 ex
3201 4496 3450 4566 parvulis
3498 4513 3740 4568 magna,
3803 4509 3865 4546 ex

508 4597 605 4652 sed
635 4613 738 4668 pro
764 4602 820 4652 te
847 4603 1120 4670 tanquam
1145 4602 1244 4652 tua
1272 4597 1562 4669 dispenses
1593 4599 1648 4650 et
1685 4595 1882 4651 utaris.
1914 4595 1968 4651 Si
2005 4612 2143 4667 pru-
2169 4595 2226 4668 ι)
2247 4585 2518 4659 proximis
2557 4591 2791 4656 remota,
2831 4604 2896 4641 ex
2938 4587 3193 4658 partibus
3232 4592 3364 4643 tota.
3399 4591 3520 4644 Non
3562 4595 3615 4644 te
3655 4590 3866 4642 moveat

509 4689 755 4745 dentiam
786 4690 1165 4762 amplecteris,
1191 4690 1404 4762 ubique
1432 4690 1581 4744 idem
1608 4689 1749 4758 eris;
1779 4693 1834 4743 et
1867 4693 2036 4760 prout
2063 4706 2148 4744 re-

510 4799 640 4837 rum
668 4799 731 4836 ac
757 4787 1081 4856 temporum
1107 4784 1342 4839 varietas
1369 4783 1565 4854 exigit,
1585 4781 1664 4838 ita
1682 4786 1736 4838 te
1760 4783 2146 4838 accommodes

510 4875 802 4948 tempori;
843 4893 948 4931 nec
998 4881 1052 4932 te
1100 4876 1160 4932 in
1210 4875 1493 4948 aliquibus
1545 4879 1750 4942 mutes,
1801 4876 1899 4930 sed
1961 4877 2147 4947 potius

509 4974 668 5042 aptes
701 4986 714 5025 :
745 4969 888 5026 sicut
911 4986 1114 5025 manus
1141 4987 1268 5041 qua:
1304 4970 1500 5025 eadem
1540 4972 1644 5038 est,
1674 4973 1729 5024 et
1765 4986 1891 5024 cum
1935 4969 1995 5024 in
2032 4970 2149 5040 pal-

510 5081 665 5121 mam
688 5064 1031 5134 extenditur,
1050 5069 1252 5120 etcum
1273 5063 1330 5118 in
1349 5080 1610 5136 pugnum
1639 5063 1993 5134 astringitur.
2013 5065 2147 5118 Pru-

512 5157 696 5214 dentis
722 5157 1017 5230 proprium
1049 5162 1133 5213 est
1159 5157 1482 5213 examinare
1513 5157 1764 5223 consilia,
1797 5161 1853 5212 et
1886 5174 2000 5212 non
2037 5157 2146 5212 cito

511 5250 662 5306 facili
687 5251 1017 5306 credulitate
1047 5252 1118 5306 ad
1144 5251 1276 5306 falsa
1306 5251 1549 5324 prolabi.
1581 5253 1656 5306 De
1686 5251 1871 5306 dubiis
1902 5269 2017 5306 non
2045 5252 2143 5307 de-

509 5343 689 5414 finias,
723 5345 819 5399 sed
849 5361 1181 5416 suspensam
1209 5350 1401 5400 teneas
1431 5345 1788 5400 sententiam.
1818 5345 1967 5400 Nihil
1991 5345 2146 5400 inex-

503 5441 728 5509 pertum
774 5437 1024 5493 afﬁrmes
1053 5439 1184 5510 quia
1231 5455 1348 5493 non
1400 5455 1568 5493 omne
1609 5437 1910 5494 verisimile
1954 5439 2144 5493 statim

510 5546 708 5586 verum
737 5535 850 5600 est;
878 5531 1022 5588 sicut
1049 5538 1102 5588 et
1129 5531 1332 5604 smpius
1359 5532 1511 5604 quod
1537 5532 1786 5605 primum
1813 5531 2143 5587 incredibile

583 5737 722 5812 “Sic
755 5755 859 5812 _ex_
889 5739 1134 5796 editione
1202 5739 1384 5796 Vincti
1435 5741 1672 5797 Pictavis
1711 5741 1939 5812 vulgata
1991 5759 2142 5800 anno

514 5811 648 5884 1544
675 5809 974 5884 Baluzius;
996 5817 1158 5868 antea
1180 5813 1448 5870 mendose
1469 5813 1766 5884 legebatur
1788 5809 2053 5870 mortalis.
2073 5844 2143 5857 --

477 5881 697 5936 .Editor
722 5882 1120 5953 Bacherianus,
1140 5884 1238 5958 qui
1259 5901 1326 5940 ex
1355 5881 1555 5940 eadem
1579 5883 1848 5952 editione,
1872 5900 2008 5940 mox
2037 5888 2143 5940 tuis

2247 4681 2480 4738 dicentis
2513 4681 2830 4750 auctoritas,
2871 4700 2975 4737 nec
3014 4683 3158 4755 quis,
3195 4685 3290 4738 sed
3324 4685 3461 4756 quid
3487 4683 3654 4750 dicat,
3687 4684 3864 4737 inten-

2247 4775 2381 4831 dito.
2412 4777 2520 4831 Nec
2551 4793 2720 4848 quam
2749 4777 2964 4844 multis,
2997 4778 3092 4832 scd
3121 4779 3380 4850 qualibus
3407 4781 3640 4852 placeat,
3670 4776 3861 4847 cogita.

2249 4871 2306 4924 ld
2331 4887 2522 4942 qurere
2553 4871 2704 4942 quod
2734 4870 2986 4926 invenire
3013 4871 3210 4943 possis.
3252 4873 3308 4928 ld
3336 4873 3504 4942 disce,
3535 4872 3684 4944 quod
3716 4874 3864 4941 potes

2248 4965 2408 5020 scire.
2441 4966 2500 5020 Id
2527 4970 2678 5038 opta,
2709 4965 2860 5036 quod
2889 4965 3071 5036 optari
3098 4982 3286 5020 coram
3329 4967 3492 5021 bonis
3533 4968 3730 5038 potest.
3763 4963 3863 5016 Nec

2245 5058 2432 5113 altiori
2459 5063 2512 5113 te
2542 5059 2626 5114 rei
2651 5059 2932 5130 imponas,
2954 5057 3012 5112 in
3040 5074 3152 5130 qua
3177 5059 3276 5114 tibi
3304 5060 3472 5115 stanti
3493 5056 3860 5118 tremendum,

2246 5152 2565 5207 ascendenti
2601 5152 2918 5206 cadendum
2948 5152 3036 5207 sit.
3069 5153 3307 5207 Consilia
3337 5153 3438 5209 tibi
3466 5151 3748 5208 salutifera
3770 5147 3862 5200 ad-

2245 5264 2399 5302 voca.
2419 5241 2560 5301 Cum
2589 5246 2690 5301 tibi
2715 5245 2916 5300 alludit
2933 5247 3059 5302 vitae
3087 5247 3450 5319 prosperitas,
3479 5252 3618 5302 tunc
3643 5249 3698 5299 te
3723 5241 3864 5295 velut

2245 5343 2303 5396 in
2333 5339 2548 5394 lubrico
2576 5339 2845 5395 retinebis
2873 5358 2938 5395 ac
2968 5341 3144 5411 sistes,
3176 5358 3280 5396 nec
3306 5341 3408 5396 tibi
3436 5340 3595 5396 dabis
3634 5337 3864 5406 impetus

2245 5435 2471 5504 liberos,
2524 5435 2618 5488 sed
2673 5433 3090 5506 circumspicies
3154 5453 3268 5506 quo
3329 5437 3585 5491 eundum
3644 5431 3730 5499 sit,
3785 5424 3862 5478 vel

2245 5544 2557 5600 quousque.

2244 5737 2459 5794 addidit
2484 5743 2610 5792 ante
2633 5737 2727 5792 illa
2751 5739 2945 5807 scepius
2971 5739 3183 5793 litteris.

2315 5810 2342 5850 ι)
2369 5811 2455 5866 Sic
2487 5809 2638 5865 idem
2666 5801 2940 5878 rescribit,
2972 5809 3069 5863 ubi
3099 5814 3261 5865 antea
3305 5813 3421 5863 erat
3449 5807 3667 5876 afferam
3699 5801 3851 5852 diriu-
