3968 6496
141 386 269 462 ὶῇ

889 503 1114 562 CAPUT
1154 508 1217 562 ll.

743 614 826 668 De
867 619 1346 686 magnanimitate.

281 738 714 812 Magnanimitas
766 759 936 814 vero,
977 762 1108 817 quae
1153 751 1210 802 et
1249 747 1516 804 fortitudo
1562 749 1782 821 dicitur,
1817 752 1863 806 si

193 832 340 890 insit
361 833 553 886 animo
591 837 719 902 tuo,
751 852 896 890 cum
932 854 1146 908 magna
1173 838 1375 894 ﬁducia
1401 841 1550 896 vives
1581 842 1741 912 liber,
1769 843 1858 898 in-

187 924 474 994 trepidus,
517 925 734 982 alacer.
774 928 974 1000 Magni
1017 930 1197 984 animi
1239 931 1485 986 hominis
1525 933 1738 988 bonum
1781 941 1862 990 est

191 1034 314 1074 non
341 1016 630 1084 vacillare,
654 1025 928 1075 constare
958 1021 1085 1090 sibi,
1111 1026 1167 1076 et
1193 1022 1366 1078 finem
1395 1025 1524 1078 vitas
1552 1025 1861 1097 intrepidus

197 1113 548 1180 exspectem.
572 1111 666 1164 Nil
692 1111 858 1166 aliud
881 1130 1160 1184 magnum
1183 1115 1241 1168 in
1263 1115 1430 1169 rebus
1451 1117 1732 1187 humanis,
1750 1119 1858 1174 nisi

197 1201 422 1256 animus
460 1219 684 1274 magna
730 1204 1074 1275 despiciens.
1119 1206 1175 1261 Si
1222 1208 1619 1278 magnanimus
1660 1211 1854 1281 fueris,

197 1311 494 1366 nunquam
506 1295 804 1365 judicabis
821 1297 930 1350 tibi
952 1297 1350 1352 contumeliam
1371 1298 1513 1354 ﬁeri.
1541 1302 1611 1356 De
1632 1301 1856 1357 inimico

199 1386 378 1442 dices:
401 1388 530 1441 Non
548 1387 754 1443 nocuit
773 1388 944 1454 mihi,
969 1390 1066 1443 sed
1085 1390 1341 1466 animum
1368 1393 1604 1446 nocendi
1628 1394 1852 1464 habuit;

197 1483 263 1534 et
288 1495 412 1534 cum
441 1479 622 1535 illum
651 1480 712 1533 in
743 1485 1027 1550 potestate
1057 1485 1154 1535 tua
1179 1482 1400 1549 videris,
1429 1484 1730 1540 vindictam
1758 1503 1857 1556 pu-

195 1570 362 1639 tabis,
404 1571 708 1628 vindicare
751 1571 1027 1643 potuisse.
1069 1573 1213 1627 Scito
1264 1575 1419 1629 enim
1459 1577 1757 1631 honestum
1801 1582 1858 1633 et

197 1679 480 1734 magnum
522 1680 714 1734 genus
753 1664 1021 1718 vindictas
1059 1681 1176 1719 esse
1219 1666 1527 1737 ignoscere.
1567 1669 1856 1724 Neminem

189 1771 427 1810 susurro
468 1761 739 1827 appetas,
771 1757 1070 1811 neminem
1109 1757 1390 1827 suﬂ‘odias,
1422 1760 1611 1830 palam
1649 1778 1852 1832 aggre-

187 1846 346 1902 dere.
396 1849 528 1902 Non
580 1865 772 1919 geres,
829 1849 1160 1903 conflictum
1208 1851 1315 1904 nisi
1366 1850 1667 1920 indixeris;
1723 1870 1852 1908 nam

183 1939 419 1994 fraudes
441 1945 501 1994 et
523 1941 648 1995 doli
667 1941 1028 1995 imbecillum
1047 1942 1266 1996 decent.
1290 1942 1411 1996 Eris
1433 1945 1850 2014 magnanimus,

183 2031 239 2084 si
256 2031 524 2102 pericula
553 2049 666 2087 nec
688 2037 947 2104 appetas,
970 2037 1037 2087 ut
1061 2034 1416 2102 temerarius,
1440 2052 1543 2090 nec
1561 2036 1848 2106 formides,

179 2130 252 2177 ut
291 2121 586 2192 timidus;
634 2141 774 2178 nam
818 2125 902 2179 nil
943 2125 1212 2180 timidum
1258 2127 1387 2180 facit
1423 2127 1696 2194 animum,
1748 2128 1854 2182 nisi

183 2215 672 2285 reprehensibilis
700 2216 831 2270 vitae
873 2217 1235 2272 conscientia.
1267 2219 1523 2272 Mensura
1557 2236 1693 2290 ergo
1730 2236 1849 2273 ma-

189 2308 595 2376 gnanimitatis
637 2313 746 2375 est,
789 2324 896 2362 nec
937 2308 1206 2363 timidum
1243 2326 1361 2364 esse
1405 2311 1710 2379 hominem,
1748 2327 1851 2366 nec

187 2400 492 2454 audacem.

863 2493 1085 2546 CAPUT
1125 2494 1210 2546 Ill.

799 2607 874 2658 De
929 2605 1276 2657 continentia.

259 2716 698 2772 Continentiam
722 2733 858 2772 vero
887 2717 934 2771 si
966 2717 1178 2788 diligis,
1207 2717 1542 2771 circumcide
1569 2718 1851 2787 superflua

191 2812 248 2861 et
283 2809 345 2864 in
388 2813 628 2864 erctum
679 2809 966 2864 desideria
1016 2815 1111 2864 tua
1168 2809 1512 2880 constringe.
1553 2810 1850 2864 Considera

193 2905 400 2968 tecum,
449 2906 750 2972 quantum
796 2906 1006 2955 natura
1049 2907 1254 2971 poscat,
1309 2906 1364 2954 et
1413 2917 1526 2954 non
1577 2906 1850 2972 quantum

193 2994 473 3064 cupiditas
540 2999 801 3064 expetat.
856 2994 913 3046 Si
964 2993 1259 3047 continens
1311 2993 1502 3059 fueris,
1555 3009 1620 3047 eo
1673 3010 1848 3064 usque

191 3086 514 3154 pervenies,
567 3092 636 3140 ut
683 3089 740 3140 te
785 3085 911 3156 ipso
960 3090 1256 3138 contentus
1297 3085 1392 3138 sis.
1433 3086 1573 3139 Nam
1609 3085 1707 3156 qui
1747 3085 1849 3138 sibi

191 3177 292 3247 ipsi
327 3179 472 3232 satis
511 3183 622 3246 est,
653 3195 790 3232 cum
828 3177 1039 3230 divitiis
1068 3181 1231 3230 natus
1257 3182 1358 3230 est.
1390 3178 1616 3248 [inpone
1643 3193 1846 3230 concu-

189 3269 488 3338 piscentia:
514 3275 636 3324 tua;
671 3270 906 3323 frenum
936 3274 993 3323 et
1020 3269 1272 3333 modum,
1303 3269 1601 3338 omniaque
1627 3268 1846 3322 blandi-

185 3368 378 3417 menta
435 3379 575 3434 qua:
626 3363 910 3416 occultam
967 3360 1316 3430 voluptatem
1369 3361 1618 3429 trahunt,
1658 3361 1844 3429 rejice.

185 3453 291 3508 Ede
323 3455 478 3508 citra
498 3454 872 3522 cruditatem,
904 3453 1038 3506 bibe
1068 3453 1204 3506 citra
1235 3452 1581 3506 ebrietatem.
1611 3453 1850 3506 Observa

180 3561 248 3599 ne
289 3547 356 3602 in
410 3547 683 3600 convivio
721 3551 823 3600 aut
861 3545 923 3599 in
966 3544 1218 3615 qualibet
1257 3544 1381 3597 vita:
1427 3543 1844 3610 communitate,

181 3654 322 3708 quos
369 3657 499 3693 non
548 3637 894 3704 imitaberis,
944 3636 1214 3690 damnare
1260 3636 1516 3690 videaris.
1555 3637 1661 3690 Nec
1701 3652 1845 3705 prae—

183 3733 448 3786 sentibus
485 3729 711 3785 deliciis
747 3728 1078 3796 inhaerebis,
1125 3744 1227 3781 nec
1267 3728 1604 3782 desiderabis
1645 3727 1845 3781 absen-

180 3825 278 3877 tes.
307 3825 520 3878 Victus
561 3821 667 3876 tibi
701 3838 774 3875 ex
810 3819 962 3874 facili
1001 3819 1092 3885 sit,
1124 3836 1225 3873 nec
1261 3819 1334 3873 ad
1359 3820 1720 3890 voluptatem,
1751 3819 1847 3874 sed

177 3916 240 3968 ad
282 3917 500 3970 cibum
541 3915 772 3968 accede.
801 3913 1062 3967 Palatum
1091 3915 1254 3966 tuum
1283 3911 1458 3964 fames
1483 3911 1703 3979 excitet,
1733 3927 1847 3965 non

178 4024 442 4080 sapores.
477 4006 773 4060 Desideria
806 4010 907 4060 tua
943 4020 1114 4076 parvo
1150 4003 1384 4071 redime,
1417 3999 1548 4074 quia
1582 4004 1686 4056 hoc
1721 4009 1845 4057 tan-

177 4103 302 4155 tum
361 4116 580 4154 curare
633 4097 829 4166 debes,
887 4102 952 4150 ut
996 4095 1257 4151 desinant
1305 4112 1318 4149 :
1359 4100 1526 4166 atque
1570 4095 1730 4167 quasi
1777 4095 1847 4148 ad

176 4193 496 4266 exemplar
535 4190 891 4261 compositus
933 4188 1210 4257 divinum,
1240 4205 1272 4240 a
1307 4203 1540 4258 corpore
1569 4188 1640 4242 ad
1680 4186 1845 4256 spiri-

175 4291 324 4354 tum,
356 4289 664 4357 quantum
707 4287 889 4353 potes,
919 4286 977 4336 te
1013 4280 1214 4334 festina
1250 4279 1536 4334 reducere.
1568 4279 1622 4333 Si
1667 4278 1846 4332 couti-

169 4381 396 4433 nentize
444 4375 671 4440 studes,
714 4374 912 4428 habita
949 4389 1066 4427 non
1105 4388 1345 4437 ammne,
1375 4371 1471 4426 sed
1509 4370 1844 4425 salubriter:

169 4484 268 4525 nec
307 4469 640 4525 dominum
673 4483 796 4522 esse
823 4465 960 4520 velis
988 4470 1187 4520 notum
1215 4481 1247 4518 a
1271 4464 1458 4532 domo,
1491 4463 1585 4518 sed
1618 4463 1848 4517 domum

171 4577 200 4612 a
224 4563 515 4618 domino.
541 4561 670 4613 Non
697 4558 803 4613 tibi
828 4557 1076 4612 ascribas
1103 4557 1254 4628 quod
1279 4572 1392 4610 non
1422 4555 1549 4625 eris,
1571 4571 1673 4610 nec
1699 4555 1848 4625 quod

173 4669 256 4724 es;
311 4672 432 4708 nec
477 4651 674 4722 majus
704 4667 880 4721 quam
920 4666 981 4704 es
1010 4649 1186 4703 videri
1217 4648 1370 4702 velis.
1405 4649 1514 4701 Hoc
1540 4647 1722 4715 majus
1747 4647 1846 4700 ob-

173 4762 361 4812 serva,
396 4764 474 4800 ne
517 4747 836 4816 paupertas
873 4741 977 4796 tibi
1011 4741 1307 4794 immunda
1333 4739 1423 4808 sit,
1451 4755 1554 4792 nec
1580 4737 1850 4808 parcimo—

175 4841 260 4894 nia
319 4839 592 4904 sordida,
643 4851 752 4889 nec
799 4832 1135 4904 simplicitas
1183 4832 1458 4902 neglecta,
1508 4847 1610 4884 nec
1651 4829 1848 4884 lenitas

180 4929 500 5004 languida;
549 4934 611 4982 et
654 4927 703 4980 si
749 4925 850 4981 tibi
897 4937 988 4978 res
1031 4924 1255 4995 exigua:
1303 4929 1452 4991 sunt,
1498 4939 1611 4976 non
1661 4926 1850 4976 tamen

183 5024 287 5078 sint
317 5027 628 5095 angustas.
653 5021 767 5073 Nec
796 5023 894 5072 tua
923 5017 1148 5083 deﬂeas,
1183 5033 1285 5069 nec
1317 5015 1498 5068 aliena
1528 5013 1764 5068 mireris.
1796 5012 1850 5068 Si

187 5115 611 5172 continentiam
656 5110 874 5181 diligis,
905 5109 1098 5180 turpia
1138 5108 1318 5178 fugito
1343 5112 1471 5161 ante
1498 5123 1666 5177 quam
1692 5123 1847 5161 acce-

193 5208 351 5279 dant;
383 5226 496 5264 nec
525 5219 894 5279 quemquam
924 5201 1104 5255 alium
1131 5199 1407 5254 vereberis
1425 5199 1548 5269 plus
1575 5215 1748 5270 quam
1773 5203 1846 5252 te.

195 5300 382 5358 Omnia
407 5298 739 5358 tolerabilia
756 5298 976 5368 praeter
1005 5292 1419 5364 turpitudinem
1445 5291 1628 5346 crede.
1652 5293 1696 5345 A
1723 5306 1847 5344 ver-

202 5392 264 5451 bis
291 5411 526 5469 quoque
555 5390 842 5464 turpibus
861 5385 1166 5453 abstineto,
1189 5384 1324 5456 quia
1349 5399 1542 5438 eorum
1567 5383 1849 5437 licentiam

211 5485 634 5561 imprudentiam
671 5480 894 5539 nutrit.
937 5478 1234 5532 Sermones
1275 5475 1436 5530 utiles
1470 5475 1647 5545 magis
1678 5491 1849 5546 quam

206 5576 375 5640 fdcetos
419 5588 479 5640 et
515 5575 824 5636 amabiles
867 5585 1021 5635 ama,
1050 5574 1229 5622 rectos
1268 5567 1452 5639 potius
1488 5584 1661 5638 quam
1687 5567 1846 5621 obse-

199 5679 493 5735 cundmtcs,
528 5665 819 5732 Miscebis
851 5660 1148 5716 interdum
1184 5660 1342 5715 seriis
1361 5659 1537 5729 jocos,
1570 5659 1666 5714 sed
1700 5663 1846 5714 tem-

176 5767 389 5846 Pemtos,
413 5778 470 5831 et
502 5770 647 5827 sine
679 5755 1058 5846 detrimento
1085 5752 1372 5846 dignitatis
1397 5768 1466 5846 ac,
1480 5751 1846 5846 verecundiae.

158 5837 286 5932 Nam
317 5837 846 5947 reprehensibilis
879 5845 1031 5901 risus
1061 5849 1160 5914 est,
1192 5844 1236 5899 si
1261 5843 1610 5914 immodicus,
1643 5843 1686 5897 si
1719 5859 1850 5916 pue-

1113 395 1506 458 OPUSCULUM
1547 401 1822 461 PRIMUM.
1864 400 2174 462 FORMULA
2212 405 2530 462 HONESTE
2568 406 2756 462 VITE.

3504 393 3568 463 26

1887 513 2140 605 Ariliter
2211 512 2434 582 effusus,
2487 513 2534 568 si
2599 512 2948 569 muliebriter
3012 512 3238 570 fractus.
3291 511 3568 570 Odibilem

1961 621 2183 677 quoque
2211 605 2498 660 hominem
2534 606 2664 661 facit
2689 607 2850 675 risus,
2879 610 2976 663 aut
3013 607 3306 678 superbus,
3331 611 3429 662 aut
3455 607 3566 662 cla-

1960 715 2055 752 rus
2089 697 2192 770 [An
2210 697 2386 752 elatus
2400 698 2442 771 ?]
2475 703 2572 754 aut
2595 699 2874 771 malignus
2901 705 2955 754 et
2980 700 3235 766 furtivus,
3255 704 3352 753 aut
3373 698 3567 754 alienis

1957 791 2118 845 malis
2155 795 2429 846 evocatus.
2459 791 2514 846 Si
2551 808 2686 862 ergo
2714 792 2860 862 ipsos
2882 793 3036 862 jocos
3065 792 3261 862 exigis,
3293 792 3398 845 hoc
3423 807 3564 863 quo-

1957 899 2066 954 que
2093 883 2363 954 dignitate
2389 883 2675 956 sapientiae
2707 901 2858 954 gere,
2887 889 2949 938 ut
2974 888 3026 938 te
3052 901 3152 938 nec
3183 887 3412 954 gravent
3437 888 3564 938 tan-

1958 991 2126 1046 quam
2171 992 2452 1046 asperum,
2499 992 2602 1031 nec
2654 981 3016 1032 contemnant
3063 979 3329 1046 tanquam
3374 975 3562 1030 vilem.

1957 1067 2076 1121 Non
2113 1068 2220 1122 erit
2259 1068 2361 1122 tibi
2401 1069 2723 1138 scurrilitas,
2752 1069 2846 1124 sed
2889 1073 3047 1139 grata
3079 1067 3384 1122 urbanitas.
3415 1067 3564 1122 Sales

1959 1159 2039 1213 tui
2077 1159 2190 1213 sint
2223 1160 2340 1215 sine
2377 1161 2561 1227 dente,
2585 1161 2699 1230 joci
2741 1161 2859 1215 sine
2895 1160 3125 1226 vilitate,
3156 1159 3299 1214 risus
3326 1158 3444 1213 sine
3471 1174 3563 1212 ca-

1956 1251 2180 1319 chinno,
2218 1267 2326 1305 vox
2365 1251 2483 1306 sine
2531 1253 2792 1319 clamore,
2830 1253 3080 1307 incessus
3114 1251 3234 1305 sine
3269 1250 3515 1305 tumultu
3547 1265 3561 1304 :

1955 1342 2112 1412 quies
2151 1343 2274 1410 tibi,
2299 1359 2414 1398 non
2452 1343 2661 1398 desidia
2697 1343 2804 1399 erit
2815 1362 2831 1412 ;
2860 1349 2914 1398 et
2938 1360 3067 1398 cum
3092 1343 3160 1397 ab
3187 1343 3308 1396 aliis
3332 1341 3562 1408 luditur,

1953 1439 2017 1488 tu
2061 1435 2234 1488 sancti
2265 1435 2474 1506 aliquid
2509 1435 2838 1506 honestique
2877 1435 3158 1490 tractabis.
3191 1435 3247 1490 Si
3275 1435 3565 1488 continens

1955 1543 2032 1592 es,
2064 1527 2402 1581 adulationes
2441 1528 2585 1582 evita
2615 1544 2628 1582 :
2659 1528 2838 1598 sitque
2877 1527 2978 1582 tibi
3010 1533 3126 1582 tam
3153 1527 3309 1581 triste
3346 1525 3564 1604 laudari

1953 1634 1985 1671 a
2009 1618 2284 1688 turpibus,
2313 1635 2482 1690 quam
2513 1619 2558 1673 si
2583 1619 2824 1674 lauderis
2862 1619 2932 1674 ob
2958 1619 3166 1690 turpia.
3196 1618 3396 1672 Lattior
3421 1622 3559 1684 esto,

1953 1711 2168 1780 quoties
2207 1711 2464 1781 displices
2498 1711 2678 1779 malis,
2708 1716 2762 1766 et
2791 1711 3066 1765 malorum
3097 1711 3164 1765 de
3194 1715 3249 1766 te
3273 1709 3561 1764 existima-

1952 1801 2131 1856 tiones
2166 1803 2357 1869 malas,
2387 1819 2577 1857 veram
2613 1803 2698 1857 tui
2743 1803 3119 1858 laudationem
3150 1803 3380 1857 ascribe.
3412 1801 3562 1856 Diffi-

1875 1883 1929 1954 B
1953 1893 2220 1948 cillimum
2257 1895 2610 1948 continentiae
2645 1901 2785 1965 opus
2819 1900 2920 1961 est,
2951 1894 3345 1948 assentationes
3376 1893 3562 1948 adula-

1951 1985 2099 2040 tione
2119 1987 2405 2056 repellere,
2434 2002 2674 2056 quarum
2699 2001 2984 2040 sermones
3003 1985 3254 2039 animum
3280 1986 3560 2054 voluptate

1951 2077 2252 2131 resolvunt.
2316 2077 2532 2131 Nullius
2595 2094 2697 2148 per
2764 2077 3194 2131 assentationem
3259 2077 3560 2130 amicitiam

1950 2169 2232 2238 merearis,
2264 2186 2366 2223 nec
2391 2170 2461 2224 ad
2488 2173 2642 2224 tuam
2668 2169 3101 2240 promerendam
3133 2185 3235 2239 per
3267 2169 3412 2222 hanc
3437 2168 3559 2222 adi-

1949 2266 2072 2315 tum
2114 2262 2344 2332 pandas.
2387 2263 2507 2316 Non
2549 2261 2658 2316 eris
2701 2262 2902 2326 audax,
2948 2277 3050 2314 nec
3089 2276 3395 2330 arrogans:
3425 2260 3558 2314 sub-

1950 2352 2135 2406 mittes
2158 2358 2232 2419 te,
2265 2369 2379 2407 non
2412 2353 2698 2424 projicies;
2734 2353 3004 2423 gravitate
3029 2357 3260 2418 servata,
3289 2352 3558 2406 admone-

1948 2443 2095 2498 beris
2132 2443 2388 2510 libenter,
2417 2450 2472 2499 et
2496 2445 2923 2515 reprehenderis
2952 2445 3248 2516 patienter.
3272 2445 3328 2498 Si
3355 2444 3557 2498 merito

1948 2535 2267 2606 objurgabit
2301 2536 2524 2606 aliquis,
2551 2537 2687 2590 scito
2725 2536 2859 2606 quia
2892 2536 3131 2607 profuit;
3173 2536 3220 2589 si
3253 2535 3555 2601 immerito,

1949 2627 2084 2680 scito
2123 2627 2255 2698 quia
2295 2628 2553 2698 prodesse
2591 2627 2787 2682 voluit.
2829 2629 2947 2682 Non
2983 2628 3196 2694 acerba,
3230 2627 3327 2681 sed
3359 2626 3560 2681 blanda

1948 2719 2168 2772 timebis
2211 2719 2392 2773 verba.
2438 2721 2564 2774 Esto
2610 2719 2875 2773 vitiorum
2915 2719 3088 2789 fugax
3129 2719 3247 2789 ipse
3262 2736 3277 2786 ;
3321 2718 3560 2772 aliorum

1948 2827 2078 2864 vero
2101 2815 2282 2882 neque
2311 2811 2560 2864 curiosus
2585 2816 2877 2878 scrutator,
2902 2828 3085 2882 neque
3110 2811 3338 2865 acerbus
3365 2826 3556 2880 repre-

1947 2903 2170 2968 hensor,
2223 2903 2318 2956 sed
2371 2903 2488 2956 sine
2539 2903 2965 2972 exprobratione
3018 2906 3322 2972 correptor,
3374 2901 3451 2955 ita
3496 2907 3562 2956 ut

1927 2994 2387 3048 admonitionem
2427 2995 2705 3048 hilaritate
2740 2995 3068 3064 prievenias,
3099 2999 3155 3049 et
3193 2994 3368 3048 errori
3401 2993 3558 3048 facile

1947 3086 2166 3140 veniam
2203 3086 2352 3140 dato.
2389 3088 2498 3140 Nec
2536 3087 2767 3142 extollas
2805 3103 3166 3157 quemquam,
3196 3103 3378 3156 neque
3415 3087 3555 3156 deji-

1946 3177 2076 3232 cias.
2131 3177 2440 3232 Dicentium
2491 3183 2607 3233 esto
2665 3179 2864 3234 tacitus
2911 3178 3152 3246 auditor,
3207 3177 3556 3232 audientium

1948 3274 2238 3339 promptus
2262 3277 2532 3340 receptor.
2566 3270 2892 3341 Requirenti
2915 3270 3072 3324 facile
3097 3269 3391 3340 responde,
3421 3286 3556 3324 con-

1948 3361 2220 3414 temnenti
2251 3361 2410 3415 facile
2440 3362 2570 3416 cede
2599 3381 2612 3416 :
2642 3378 2712 3416 ne
2738 3361 2796 3415 in
2815 3361 3011 3432 jurgia
3040 3361 3555 3432 exsecrationesque

1947 3452 2212 3506 discedas.
2253 3453 2308 3507 Si
2355 3453 2646 3506 continens
2685 3471 2778 3520 es,
2820 3453 2992 3506 animi
3030 3453 3114 3508 tui
3148 3457 3334 3506 motus
3367 3469 3560 3524 corpo-

1945 3544 2133 3614 risque
2163 3545 2410 3610 observa,
2446 3561 2516 3598 ne
2552 3545 2798 3600 indecori
2833 3546 2961 3599 sint.
2993 3547 3100 3600 Nec
3127 3545 3251 3599 illos
3275 3545 3399 3599 ideo
3433 3562 3562 3600 con-

1945 3641 2160 3689 temnas
2187 3635 2318 3706 quia
2355 3637 2555 3703 latent;
2587 3653 2717 3689 nam
2752 3636 2830 3689 nil
2857 3637 3059 3702 differt,
3093 3637 3138 3689 si
3163 3652 3326 3689 nemo
3353 3636 3554 3703 videat,

1945 3743 2076 3780 cum
2125 3731 2187 3782 tu
2227 3727 2342 3797 ipse
2390 3727 2509 3780 illos
2554 3727 2756 3781 videas.
2804 3728 3014 3782 Mobilis
3055 3732 3192 3792 esto,
3235 3743 3348 3780 non
3392 3727 3552 3794 levis;

1945 3825 2220 3885 constans,
2243 3835 2356 3872 non
2377 3819 2652 3890 pertinax.
2675 3819 2920 3888 Alicujus
2940 3819 3018 3872 rei
3044 3818 3332 3872 scientiam
3351 3819 3557 3874 habere

1945 3917 2000 3964 te
2028 3927 2130 3964 nec
2166 3911 2423 3980 ignotum
2449 3911 2536 3978 sit,
2566 3928 2667 3966 nec
2695 3912 3008 3966 molestum.
3038 3911 3243 3965 Omnes
3271 3911 3372 3965 tibi
3395 3928 3555 3982 pares

1944 4003 2109 4056 facies
2141 4019 2155 4056 :
2196 4003 2291 4056 sed
2323 4003 2614 4057 inferiores
2652 4003 3024 4074 superbiendo
3065 4020 3178 4057 non
3212 4008 3559 4058 contemnes.

1945 4095 2265 4164 SUperiores
2298 4100 2443 4149 recte
2480 4095 2732 4163 vivendo,
2763 4113 2876 4150 non
2915 4099 3148 4153 metuas.
3182 4096 3242 4148 In
3273 4095 3556 4150 reddenda

1946 4187 2305 4256 oﬂiciositate,
2338 4203 2518 4257 neque
2562 4188 2873 4258 negligens,
2903 4203 3086 4258 neque
3123 4192 3346 4242 exactor
3381 4204 3552 4258 appa-

1947 4295 2086 4332 reas.
2117 4278 2342 4332 Cunctis
2371 4284 2486 4333 esto
2514 4279 2813 4350 benignus,
2844 4279 3056 4333 nemini
3081 4279 3336 4347 blandus,
3365 4280 3556 4350 paucis

1945 4369 2253 4439 familiaris,
2283 4371 2542 4425 omnibus
2576 4388 2790 4442 aequus.
2820 4371 3070 4426 Severior
3106 4376 3221 4425 esto
3256 4372 3314 4424 in
3345 4372 3556 4442 judicio

1946 4479 2115 4532 quam
2143 4479 2417 4529 sermone,
2449 4463 2560 4516 vita
2593 4480 2765 4534 quam
2789 4463 2944 4518 vultu
2974 4479 2987 4516 :
3019 4463 3197 4516 cultor
3220 4463 3551 4528 clementiae,

1867 4575 1925 4645 D
1948 4554 2245 4609 detestator
2273 4554 2516 4621 saevitur,
2542 4555 2701 4608 bona:
2728 4556 2917 4621 famae,
2947 4571 3128 4626 neque
3157 4560 3269 4609 tuae
3309 4554 3552 4608 semina-

1947 4650 2053 4712 tor,
2089 4663 2270 4716 neque
2305 4646 2500 4700 aliena:
2541 4647 2782 4700 invidus.
2815 4647 3172 4712 Rumoribus,
3204 4646 3552 4715 criminibus,

1948 4737 2353 4808 suspicionibus
2400 4737 2629 4792 minime
2681 4739 2941 4792 credulus
2982 4740 3065 4792 vel
3116 4739 3413 4808 malignus,
3461 4739 3557 4793 sed

1947 4829 2130 4900 potius
2155 4830 2242 4883 his
2261 4831 2360 4901 qui
2385 4846 2484 4900 per
2502 4831 2742 4900 speciem
2759 4831 3125 4901 simplicitatis
3143 4830 3211 4884 ad
3238 4831 3555 4884 nocendum

1947 4922 2225 4992 aliquibus
2250 4923 2578 4992 subrepunt,
2597 4923 3056 4993 oppositissiinus.
3076 4921 3156 4976 Ad
3177 4923 3320 4974 iram
3340 4921 3552 4988 tardus,

1947 5015 2016 5068 ad
2064 5014 2500 5068 misericordiam
2557 5032 2786 5085 pronus,
2833 5015 2890 5068 in
2937 5014 3180 5068 adversis
3230 5013 3444 5082 tirmus,
3497 5014 3554 5068 in

1949 5107 2226 5176 prosperis
2261 5111 2453 5160 cautus
2501 5112 2556 5160 et
2598 5106 2826 5160 humilis
2865 5123 2878 5159 :
2915 5106 3219 5159 occultator
3259 5107 3553 5172 virtutum,

1949 5199 2089 5251 sicut
2122 5197 2216 5252 alii
2240 5198 2524 5252 vitiorum.
2552 5199 2718 5251 Vanze
2760 5197 2950 5267 gloria:
2977 5203 3345 5268 contemptor,
3373 5202 3428 5252 et
3453 5198 3553 5251 bo-

1947 5305 2151 5344 norum
2197 5289 2398 5360 quibus
2441 5289 2704 5359 praeditus
2753 5306 2830 5356 es,
2881 5307 2994 5344 non
3039 5291 3270 5344 acerbus
3313 5294 3553 5344 exactor.

1949 5382 2160 5436 Nullius
2184 5381 2622 5452 imprudentiam
2647 5382 2938 5454 despicias.
2963 5382 3092 5437 Rari
3118 5382 3389 5436 sermonis
3414 5382 3552 5452 ipse,

1949 5473 2045 5528 sed
2083 5473 2435 5544 loquentium
2479 5474 2714 5544 patiens.
2757 5474 3009 5542 Severus,
3050 5490 3162 5528 non
3204 5491 3414 5541 saavus;
3461 5474 3556 5527 sed

1947 5566 2181 5640 hilarem
2201 5583 2313 5620 non
2333 5583 2654 5637 aspernens.
2677 5567 2969 5636 Sapientiae
2990 5567 3228 5637 cupidus
3248 5573 3303 5620 et
3321 5565 3513 5620 docilis
3537 5580 3551 5616 :

1947 5674 2072 5728 quae
2103 5658 2268 5724 nosti,
2289 5659 2406 5712 sine
2426 5659 2740 5726 arrogantia
2766 5658 3063 5730 postulanti
3080 5659 3401 5729 imparties;
3429 5673 3552 5725 quae

1948 5750 2144 5815 nescis,
2175 5751 2293 5806 sine
2321 5750 2686 5805 occultatione
2718 5750 3047 5820 ignorantia:
3074 5750 3172 5804 tibi
3201 5749 3416 5820 postula
3439 5747 3548 5798 im-

1947 5843 2164 5913 pertiri.
2195 5844 2314 5898 Non
2333 5842 2683 5898 conturbabit
2709 5842 2924 5913 sapiens
2953 5857 3134 5896 mores
3159 5839 3423 5910 publicos,
3449 5852 3549 5889 nec

1868 3227 1921 3300 C
