3968 6468
475 379 542 438 27
1129 383 1182 437 S.
1223 383 1500 438 MARTINI
1540 382 1896 438 DUMIENSIS
1933 381 2161 436 OPL'SC.
2203 379 2244 434 l.
2287 379 2600 435 FORMULA
2643 379 2967 436 HONEST/F.
3007 378 3192 434 HTE.
3761 382 3822 434 28

466 487 746 562 populum
771 486 832 545 in
858 502 917 544 se
941 487 1069 545 vitae
1103 489 1349 546 novitate
1384 493 1692 546 convertet.
1717 489 1953 546 Justitiae
1980 491 2107 560 post
2128 498 2186 572 Α
2207 503 2343 558 ergo
2361 488 2608 541 maculas
2631 487 2934 558 prudentia
2963 487 3370 542 immensurata
3394 484 3682 558 perducet.
3704 486 3824 551 Qui-

467 583 591 642 hasc
613 583 790 640 virtus
817 587 918 642 est.

1075 697 1345 755 CAPUT
1395 697 1496 754 ιν.

1119 813 1194 865 De
1209 810 1450 879 justitia.

535 939 679 1006 Quid
707 942 791 995 est
815 937 1060 1012 justitia,
1093 939 1206 994 nisi
1245 943 1462 996 naturae
1490 939 1661 996 tacita
1695 940 2012 1011 conventio,
2041 939 2102 996 in

462 1033 812 1106 adiutorium
849 1035 1163 1089 multorum
1198 1034 1466 1090 inventa?
1505 1035 1730 1090 Justitia
1761 1052 1877 1090 non
1909 1038 2102 1090 nostra

463 1127 810 1194 constitutio,
843 1127 942 1182 sed
985 1127 1175 1182 divina
1209 1129 1300 1182 lex
1341 1133 1440 1196 est,
1478 1128 1775 1184 vinculum
1820 1129 2102 1183 societatis

463 1221 752 1276 humanm.
779 1222 838 1276 ln
855 1222 961 1276 hac
977 1239 1092 1276 non
1114 1226 1196 1276 est
1213 1222 1364 1292 quod
1389 1223 1737 1277 aestimemus
1759 1223 1896 1294 quid
1925 1239 2098 1294 expe-

465 1315 582 1370 diat
609 1333 622 1370 :
654 1314 884 1386 expedit
909 1315 1034 1385 tibi,
1063 1315 1342 1387 quidquid
1372 1316 1469 1370 illa
1495 1315 1806 1370 dictaverit.
1835 1315 2100 1387 Quisquis

464 1424 599 1480 ergo
645 1408 790 1463 hanc
830 1409 1031 1463 sectari
1077 1409 1380 1477 desideras,
1431 1411 1611 1464 Deum
1661 1409 1798 1464 time
1846 1410 2005 1480 prius
2045 1413 2101 1464 et

463 1518 612 1571 ama,
641 1506 704 1556 ut
747 1502 954 1556 ameris
991 1519 1024 1555 a
1063 1503 1193 1556 Deo.
1220 1479 1492 1558 Amaliilis
1531 1503 1642 1557 eris
1672 1503 1804 1570 Deo,
1834 1503 1880 1556 si
1906 1503 1966 1557 in
1993 1503 2100 1557 hoc

461 1595 626 1650 illum
653 1595 982 1664 imitaberis,
1012 1601 1077 1650 ut
1109 1597 1247 1650 velis
1274 1597 1538 1650 omnibus
1563 1597 1849 1667 prodesse,
1878 1601 1934 1651 et
1958 1597 2100 1651 nulli

459 1704 682 1743 nocere.
705 1689 772 1744 Et
797 1693 929 1743 tunc
961 1693 1013 1743 te
1033 1689 1254 1760 justum
1274 1690 1459 1744 virum
1488 1690 1854 1761 appellabunt
1879 1705 2096 1760 omnes,

461 1786 790 1853 sequentur,
812 1783 1235 1836 venerabantur
1261 1786 1317 1836 et
1343 1783 1606 1852 diligent.
1635 1784 1825 1837 Justus
1855 1783 2011 1837 enim
2037 1787 2102 1837 ut

2205 597 2427 653 cunque
2453 581 2511 635 in
2539 581 2634 635 illa
2659 581 2930 636 mediocri
2956 581 3114 636 lance
3143 581 3410 653 persistit,
3438 597 3542 636 nec
3571 579 3826 636 obtusum

2203 675 2264 729 in
2290 691 2348 730 se
2376 674 2589 746 aliquid
2619 675 2840 743 habeat,
2871 692 2975 730 nec
3000 680 3312 731 versutum.

2841 828 3058 884 CAPUT
3106 830 3191 883 VI.

2620 934 2692 988 Dc
2721 931 3052 986 moderanda
3077 933 3421 1000 fortitudine.

2266 1057 2700 1128 Magnanimitas
2747 1061 2939 1112 autem
2988 1056 3035 1109 si
3085 1072 3143 1110 se
3187 1060 3347 1111 extra
3389 1056 3623 1111 modum
3664 1073 3823 1112 suum

2198 1152 2444 1220 extollat,
2474 1151 2640 1206 faciet
2665 1151 2850 1206 virum
2882 1149 3186 1216 minacem,
3209 1150 3492 1217 inﬂatum,
3515 1151 3822 1219 turbidum,

2195 1245 2552 1316 inquietum:
2583 1249 2639 1300 et
2676 1246 2737 1299 in
2773 1260 3138 1315 quascunque
3169 1244 3524 1298 extollentias
3554 1244 3823 1298 dictorum

2197 1343 2598 1409 actorumque,
2650 1339 2910 1408 neglecta
2982 1337 3307 1405 honestate,
3369 1337 3672 1405 festiuum;
3733 1339 3827 1408 qui

2198 1433 2504 1486 momentis
2521 1432 2784 1486 erunibus
2805 1432 3105 1502 supercilia
3125 1431 3442 1501 subrigens,
3463 1435 3519 1485 et
3538 1430 3826 1484 bestiarius

2198 1525 2370 1580 etiam
2406 1526 2597 1598 quieta
2635 1525 2859 1594 excitat,
2897 1525 3072 1578 alium
3111 1524 3260 1592 ferit,
3290 1524 3466 1578 alium
3509 1524 3690 1593 fugat.
3728 1524 3826 1578 Sed

2197 1619 2454 1690 quamvis
2492 1619 2673 1672 audax
2711 1619 2782 1673 sit
2822 1619 3207 1688 impugnator,
3242 1623 3434 1672 tamen
3470 1618 3651 1671 multa
3677 1621 3827 1671 extra

2197 1730 2254 1767 se
2274 1712 2515 1766 valentia
2542 1713 2690 1766 ferre
2717 1729 2832 1766 non
2859 1712 3088 1783 poterit.
3113 1712 3218 1766 Sed
3245 1716 3345 1766 aut
3368 1713 3644 1766 miserum
3669 1727 3829 1781 appe-

2197 1805 2264 1860 tit
2287 1807 2476 1873 ﬁnem,
2496 1810 2594 1860 aut
2609 1822 2986 1859 aerumnosam
3007 1806 3095 1859 sui
3114 1805 3449 1859 memoriam
3466 1804 3824 1876 derelinquit.

583 1891 695 1969 φη
723 1874 909 1928 δοῙηω
935 1891 1049 1969 non
1072 1875 1320 1946 “Ombis:
1349 1876 1446 1930 Sed
1473 1876 1644 1930 etiam
1669 1881 1934 1969 nocentes
1959 1893 2091 1946 Pro’
2115 1872 2171 1944 B
2195 1900 2451 1954 Mensura
2479 1915 2616 1969 ergo
2644 1899 3125 1969 magnanimitatis
3156 1903 3260 1968 est,
3295 1915 3396 1954 nec
3424 1898 3689 1953 timidum
3718 1913 3828 1952 esse

456 1967 675 2022 hibebis
707 1987 720 2022 :
749 1985 883 2022 nam
912 1967 992 2022 nil
1013 1984 1236 2035 nocere,
1267 1985 1384 2023 non
1412 1973 1495 2023 est
1517 1969 1756 2040 justitia,
1789 1968 1886 2023 sed
1917 1969 2090 2023 absti-

454 2061 650 2115 nentia
677 2061 847 2115 alieni
873 2064 976 2116 est.
999 2061 1080 2115 Ab
1111 2061 1200 2116 his
1231 2077 1368 2132 ergo
1394 2062 1601 2132 incipe,
1624 2067 1691 2117 ut
1715 2078 1831 2116 non
1849 2061 2090 2131 auferas,

454 2157 521 2209 ut
545 2153 616 2208 ad
642 2153 858 2225 majora
883 2154 1229 2225 proveharis,
1254 2159 1310 2209 et
1327 2155 1454 2210 aliis
1481 2154 1667 2210 ablata
1687 2155 1969 2210 restituas.
1993 2157 2095 2210 Ra-

456 2251 647 2318 ptores
684 2263 913 2319 quoque
947 2247 1097 2319 ipsos
1127 2265 1198 2302 ne
1225 2249 1350 2302 aliis
1375 2248 1612 2303 timendi
1638 2250 1770 2318 sint,
1803 2249 2013 2319 castiga
2041 2252 2096 2303 et

457 2339 675 2395 cohibe.
717 2341 797 2395 Ex
835 2341 991 2395 nulla
1039 2342 1187 2395 vocis
1229 2341 1602 2412 ambiguitate
1649 2342 2096 2396 controversiam

454 2438 665 2500 nectes,
690 2434 786 2488 sed
813 2434 992 2488 animi
1012 2435 1340 2506 qualitatem
1369 2436 1682 2508 speculare.
1707 2435 1852 2489 Nihil
1875 2435 1977 2489 tibi
2002 2435 2092 2490 in-

458 2527 636 2595 tersit,
669 2543 742 2581 an
771 2525 980 2596 ﬁrmes,
1003 2545 1077 2582 an
1095 2528 1312 2599 jures“.
1336 2530 1411 2584 De
1435 2529 1545 2583 ﬁde
1573 2534 1627 2584 et
1655 2529 1930 2598 religione
1956 2529 2095 2582 scias

459 2619 574 2691 agi,
597 2620 805 2675 ubicun
824 2637 920 2692 [ue
949 2621 1017 2676 de
1045 2621 1277 2676 veritate
1307 2627 1578 2676 tractatur
1607 2639 1620 2676 :
1652 2639 1785 2676 nam
1813 2622 1860 2675 si
1881 2622 2097 2692 jureju-

456 2713 632 2768 rando
676 2715 821 2768 Deus
863 2715 1177 2781 invocetur,
1221 2721 1277 2770 et
1311 2732 1426 2770 non
1463 2716 1750 2769 invocanti
1791 2716 1946 2770 testis
1991 2720 2091 2780 est,

459 2809 651 2860 tamen
685 2823 802 2860 non
848 2807 1086 2862 transies
1126 2809 1440 2876 veritatem,
1472 2825 1543 2863 ne
1585 2809 1822 2880 justitize
1849 2813 2096 2863 transeas

456 2900 663 2970 legem.
692 2900 854 2964 Quod
895 2900 942 2954 si
976 2901 1281 2972 aliquando
1321 2902 1619 2956 coarcteris
1660 2902 1740 2956 uti
1778 2902 2091 2968 mendacio,

458 2997 621 3047 utere
665 3009 781 3048 non
822 2994 894 3048 ad
943 2994 1090 3060 falsi,
1141 2995 1239 3048 sed
1290 2995 1362 3049 ad
1402 2995 1520 3049 veri
1566 2995 1877 3050 custodiam
1908 2995 1982 3064 b;
2041 3000 2097 3049 et

457 3085 504 3140 si
531 3086 832 3157 contigerit
859 3087 1191 3142 fidelitatem
1215 3089 1506 3143 mendacio
1537 3090 1760 3156 redimi,
1789 3106 1903 3144 non
1931 3105 2093 3143 men-

457 3178 636 3248 tieris,
697 3180 795 3234 sed
843 3181 1030 3252 potius
1083 3182 1435 3236 excusaberis
1479 3199 1492 3238 :
1531 3183 1665 3254 quia
1717 3183 1814 3237 ubi
1863 3183 2098 3238 honesta

457 3288 623 3327 causa
655 3277 758 3341 est,
791 3273 981 3344 justus
1016 3280 1230 3330 secreta
1270 3292 1387 3330 non
1421 3276 1627 3347 prodit,
1664 3276 1897 3331 tacenda
1939 3276 2094 3332 enim

457 3370 622 3434 tacet,
648 3367 930 3438 loquenda
959 3368 1210 3440 loquitur
1232 3385 1245 3422 :
1267 3374 1435 3441 atque
1462 3370 1542 3424 illi
1572 3375 1784 3441 aperta,
1817 3375 1871 3425 et
1898 3387 2094 3425 secura

456 3460 852 3531 tranquillitas,
883 3466 949 3517 ut
981 3461 1120 3516 dum
1156 3462 1250 3516 alii
1276 3463 1572 3518 vincantur
1597 3481 1631 3518 a
1658 3464 1840 3531 malis,
1869 3465 2096 3519 vincan-

456 3556 554 3606 tur
569 3553 639 3607 ab
667 3553 768 3608 illo
787 3555 954 3610 mala.
977 3556 1103 3610 Hzec
1125 3572 1261 3627 ergo
1280 3557 1326 3611 si
1353 3558 1577 3612 studere
1604 3557 1905 3626 curaveris,
1932 3557 2092 3611 laetus

455 3650 510 3699 et
530 3645 850 3718 intrepidus
871 3665 1068 3703 cursus
1090 3649 1172 3704 tui
1193 3652 1366 3704 linem
1389 3651 1759 3722 exspectabis,
1784 3651 2092 3723 prospicies

455 3739 575 3794 haec
603 3741 786 3796 tristia
811 3742 982 3814 hujus
1013 3744 1211 3798 mundi
1239 3744 1455 3814 hilaris,
1474 3745 1824 3800 tumultuosa
1847 3744 2089 3818 quietus,

457 3838 711 3890 extrema
741 3852 992 3894 securus.

1115 3951 1333 4006 CAPUT
1373 3952 1434 4006 V.

690 4063 763 4116 De
787 4076 1034 4117 mensura
1063 4066 1114 4117 et
1147 4063 1508 4118 moderatione
1529 4063 1858 4134 prudentia.

525 4191 620 4245 His
647 4206 782 4262 ergo
810 4190 1263 4248 institutionibus
1289 4193 1616 4263 observatis,
1638 4196 1883 4264 quatuor
1912 4191 2089 4247 virtu-

451 4288 573 4338 tum
597 4285 806 4356 species
829 4286 1142 4358 perfectum
1165 4291 1217 4342 te
1239 4287 1446 4342 facient
1464 4287 1673 4354 virum,
1698 4286 1746 4339 si
1766 4302 2090 4341 mensuram

453 4378 806 4433 rectitudinis
848 4395 1045 4435 earum
1092 4397 1276 4454 aequo,
1323 4379 1546 4435 vivendi
1596 4379 1710 4434 ﬁne
1761 4381 2086 4434 servaveris.

453 4473 591 4526 Nam
625 4472 671 4526 si
715 4473 1016 4545 prudentia
1049 4474 1324 4529 terminos
1361 4490 1490 4527 suos
1529 4473 1778 4540 excedat,
1810 4473 2008 4527 callida
2036 4478 2091 4528 et

451 4565 652 4636 pavida
690 4567 1064 4636 commiseris,
1092 4568 1464 4638 investigator
1488 4567 1810 4636 latentium,
1840 4571 1896 4621 et
1930 4584 2086 4622 scru-

451 4665 598 4714 tator
625 4661 1108 4734 qualiumcunque
1135 4677 1416 4716 noxarum
1445 4661 1776 4730 ostenderis,
1806 4661 2090 4716 notaberis

451 4753 702 4824 timidus,
725 4756 1012 4828 speciosus
1045 4757 1222 4827 Vorte,
1256 4753 1643 4828 suspiciosus],
1673 4759 1920 4811 attentus
1941 4773 2088 4811 sem-

451 4863 554 4918 per
579 4848 792 4921 aliquid
819 4867 1100 4922 quaerens,
1126 4865 1353 4920 semper
1377 4848 1590 4920 aliquid
1616 4849 1843 4916 timens,
1869 4866 2093 4921 semper

450 4941 668 5013 aliquid
695 4943 978 5009 dubitans,
1003 4947 1059 4996 et
1085 4941 1480 4996 subtilissimas
1507 4943 1853 5014 suspiciones
1875 4961 2000 4997 suas
2022 4943 2091 4998 ad

448 5038 627 5092 animi
665 5037 751 5094 tui
795 5035 1312 5107 apprehensionem
1353 5036 1657 5107 impingas.
1701 5037 2092 5092 Monstraberis

407 5183 416 5192 ,
449 5132 628 5201 digito
649 5131 855 5185 astutia
884 5130 1084 5201 plenus
1114 5129 1466 5200 ,"srsipellis,
1500 5146 1531 5184 θ
1558 5131 1958 5201 {simplicitatis
1986 5132 2093 5185 ini-

450 5226 650 5294 micus,
680 5223 1202 5294 contemplatcrqae
1231 5223 1526 5294 culparum
1573 5229 1629 5279 et
1657 5230 1944 5296 postremo
1973 5243 2088 5280 uno

449 5319 680 5374 nomine
734 5316 1018 5371 vocaberis
1064 5333 1096 5370 a
1135 5317 1371 5386 cunctis,
1417 5317 1598 5372 malus
1646 5318 1839 5376 homo.
1889 5321 1949 5374 In
1988 5319 2089 5374 has

521 5481 546 5510 ι
573 5473 744 5526 Caute
781 5470 906 5545 lege
936 5487 949 5525 :
982 5488 1117 5545 nam
1154 5471 1400 5526 multum
1431 5472 1664 5526 interest
1689 5472 1839 5527 inter
1867 5473 2085 5545 simpli-

451 5560 574 5597 cem
610 5543 977 5614 assertionem
1013 5548 1069 5597 et
1097 5543 1510 5614 juramentum.
1545 5545 1609 5598 Et
1646 5545 1753 5598 hoc
1788 5561 1920 5598 sane
1947 5543 2089 5614 opus

453 5619 537 5667 est
568 5613 854 5684 religionis
881 5631 895 5668 :
920 5614 1066 5686 illud
1097 5631 1230 5669 non.
1261 5616 1466 5668 Forsan
1507 5615 1866 5686 hyperbolice
1897 5613 2086 5669 italo-

452 5689 614 5758 cutus
649 5689 752 5752 est,
785 5685 934 5758 quod
963 5686 1049 5739 vir
1077 5686 1288 5758 probus
1323 5691 1491 5757 atque
1525 5685 1828 5758 perfectus.
1860 5688 1954 5740 Est
1981 5692 2082 5754 est,

453 5757 572 5828 Son
599 5772 736 5823 non,
765 5757 877 5812 nisi
913 5757 1094 5828 major
1118 5757 1264 5812 adsit
1289 5758 1609 5821 necessitas,
1647 5762 1943 5812 contentus
1969 5774 2089 5814 esse

453 5827 638 5899 debet,
669 5832 731 5882 ut
755 5827 1013 5884 Christus
1037 5834 1234 5885 monet
1263 5829 1322 5884 in
1351 5829 1678 5899 Evangelia.

522 5898 548 5938 ι)
597 5900 766 5956 Caute
810 5899 916 5956 ista
951 5901 1075 5974 lege
1106 5917 1119 5957 :
1153 5917 1287 5958 nam
1324 5898 1543 5958 certum
1579 5904 1681 5968 est,
1727 5899 2087 5956 mendacium

2112 4612 2168 4684 D

2194 1991 2507 2060 hominem,
2533 2009 2635 2047 nec
2663 1993 2956 2048 audacem.

2825 2151 3042 2205 CAPUT
3081 2151 3193 2205 νη.

2675 2264 2750 2316 De
2778 2262 2932 2315 modo
2961 2263 3346 2331 temperantia.

2263 2389 2621 2444 Continentia
2660 2390 2864 2446 deinde
2901 2391 2990 2444 his
3034 2391 3293 2444 terminis
3340 2390 3620 2462 astringat
3655 2406 3667 2445 :
3707 2405 3830 2445 cave

2195 2498 2266 2537 ne
2292 2500 2494 2554 parcus
2523 2485 2617 2553 sis,
2646 2501 2717 2538 ne
2745 2484 2992 2555 speciose
3023 2489 3078 2538 et
3107 2483 3305 2538 timide
3333 2501 3568 2537 manum
3609 2489 3830 2538 contra-

2195 2576 2316 2632 has.
2350 2578 2426 2631 ΝΘ
2465 2577 2523 2632 in
2563 2579 2812 2632 minimis
2853 2595 3077 2649 quoque
3114 2578 3406 2648 speculum
3449 2595 3650 2649 ponas.
3699 2579 3832 2632 Nam

2195 2671 2321 2724 talis
2343 2675 2396 2724 et
2418 2676 2533 2725 tam
2557 2671 2888 2726 circumcisa
2910 2672 3034 2725 vilis
3062 2671 3355 2742 putabitur
3383 2672 3705 2742 integritas.
3731 2673 3833 2725 [lac

2196 2779 2332 2833 ergo
2358 2765 2758 2818 mediocritatis
2785 2765 2934 2819 linea
2963 2765 3370 2818 continentiam
3399 2765 3745 2833 observabis,
3776 2769 3836 2818 ut

2195 2874 2298 2912 nec
2327 2857 2598 2929 voluptati
2640 2858 2878 2926 deditus,
2911 2858 3183 2930 prodigus
3223 2862 3278 2912 et
3311 2858 3640 2912 luxuriosus
3675 2874 3836 2928 appa-

2195 2967 2318 3004 reas
2368 2967 2470 3004 nec
2527 2967 2691 3005 avara
2752 2951 3051 3006 tenacitate
3105 2952 3364 3006 sordidus
3421 2957 3518 3006 aut
3567 2951 3834 3006 obscurus

2196 3045 2448 3100 exsistas.

2821 3139 3039 3193 CAPUT
3078 3139 3210 3194 VIII.

2520 3249 2764 3316 Qualiter
2799 3251 2870 3303 sit
2913 3252 3240 3305 moderanda
3270 3251 3511 3320 justitia.

2261 3379 2482 3435 Iustitia
2517 3382 2801 3450 postremo
2841 3396 2906 3433 eo
2943 3380 3348 3436 mediocritatis
3386 3382 3488 3437 tibi
3519 3383 3730 3438 itinere
3757 3399 3838 3436 re.-

2197 3473 2378 3544 gcnda
2398 3479 2499 3541 est,
2524 3477 2587 3526 ut
2613 3489 2714 3526 nec
2741 3472 3143 3543 ductujugiter
3170 3473 3278 3545 [AL
3304 3475 3564 3548 turpiter]
3595 3477 3705 3531 levi
3730 3477 3838 3530 im-

2195 3571 2406 3620 motam
2445 3582 2670 3636 semper
2713 3566 2890 3619 animi
2936 3567 3215 3622 rationem
3258 3569 3612 3640 negligentia
3659 3569 3842 3624 subse-

2194 3665 2420 3732 quatur.
2453 3661 2597 3714 Dum
2627 3675 2811 3730 neque
2851 3661 2919 3714 de
2961 3662 3204 3731 magnis,
3245 3679 3432 3733 neque
3472 3663 3541 3717 de
3589 3662 3842 3717 minimis

2194 3754 2508 3808 errantium
2535 3753 2682 3806 vitiis
2722 3754 3043 3822 corrigendi
3079 3771 3274 3808 curam
3318 3757 3486 3826 geris,
3516 3758 3617 3811 sed
3651 3773 3840 3828 neque

2193 3848 2480 3902 licentiam
2506 3847 2794 3918 peccandi,
2823 3852 2922 3901 aut
2947 3847 3314 3902 illudentibns
3339 3850 3440 3904 tibi
3480 3849 3712 3917 blande,
3745 3857 3844 3904 aut

2193 3941 2556 3996 illudentibns
2586 3945 2841 4011 proterve
2869 3941 3171 4012 permittis,
3212 3959 3397 4014 neque
3431 3959 3633 3999 rursus
3663 3945 3842 3999 nimia

2195 4034 2480 4104 rigiditate
2509 4039 2564 4088 et
2589 4034 2906 4104 asperitate,
2935 4035 3017 4088 nil
3048 4035 3225 4089 veniae
3249 4042 3348 4090 aut
3371 4037 3720 4108 benignitati
3752 4057 3840 4094 re-

2193 4145 2439 4198 servans,
2472 4129 2736 4182 humanae
2763 4128 3016 4183 societati
3041 4129 3216 4183 durus
3255 4147 3548 4202 appareas.
3585 4134 3667 4186 lta
3704 4149 3842 4204 ergo

2184 4223 2419 4293 justitia:
2451 4223 2645 4292 regula
2672 4223 2916 4276 tenenda
2941 4227 3043 4291 est,
3072 4227 3135 4278 ut
3167 4225 3481 4279 reverentia
3519 4225 3841 4297 disciplinae

2193 4319 2314 4389 ejus
2343 4333 2530 4388 neque
2555 4315 2734 4370 nimia
2759 4316 3128 4387 negligentia:
3149 4317 3555 4373 communitate
3576 4320 3841 4392 despecta

2191 4413 2436 4481 vilescat,
2466 4426 2651 4481 neque
2675 4409 2940 4465 severiori
2975 4410 3262 4466 atrocitate
3293 4411 3561 4467 diuturna
3592 4415 3841 4485 gratiam

2190 4507 2454 4561 humana:
2481 4505 2844 4560 amabilitatis
2871 4505 3115 4560 amittat.
3531 4510 3542 4521 ’

2645 4640 2926 4695 Conclusio
2948 4641 3372 4709 prtemissormn.

2263 4755 2317 4810 Si
2345 4755 2471 4826 quis
2494 4770 2630 4825 ergo
2649 4753 2820 4807 vitam
2844 4769 3003 4806 suam
3033 4753 3103 4807 ad
3133 4751 3439 4808 utilitatem
3469 4770 3585 4809 non
3613 4759 3844 4812 tantum

2190 4848 2390 4920 pariat,
2415 4847 2511 4902 sed
2538 4847 2847 4901 multorum
2876 4845 3296 4918 inculpabiliter
3321 4864 3667 4918 componere
3691 4851 3844 4905 desi-

2193 4943 2368 5012 derat,
2387 4943 2531 4996 hanc
2547 4941 2948 5014 praedictarum
2959 4941 3235 4995 virtutum
3256 4941 3564 4997 formulam
3583 4961 3693 5015 pro
3712 4962 3848 5017 qua-

2191 5037 2442 5092 litatibus
2462 5040 2805 5106 temporum,
2823 5035 3101 5099 locorum,
3123 5051 3494 5105 personarum
3517 5041 3695 5109 atque
3719 5056 3849 5093 cau-

2192 5147 2382 5184 sarum
2409 5134 2716 5201 sequatur:
2751 5145 2816 5182 eo
2845 5127 3248 5183 mediocritatis
3274 5128 3560 5199 insistens,
3591 5148 3713 5203 quo
3746 5117 3850 5204 per

2190 5225 2430 5296 abrupta
2455 5224 2785 5277 altrinsecus
2811 5221 3140 5294 praecipitia,
3164 5227 3262 5276 aut
3288 5227 3550 5278 ruentem
3582 5227 3847 5298 corporis

2191 5318 2397 5374 devitet
2424 5317 2721 5384 insaniam,
2744 5321 2840 5370 aut
2871 5316 3208 5371 efﬁcientem
3233 5317 3435 5388 puniat
3467 5317 3770 5390 ignaviam
3804 5334 3846 5375 ο.

2191 5471 2554 5544 quantumvis
2591 5471 2928 5538 officiosum,
2960 5487 3254 5542 nunquam
3283 5487 3404 5525 esse
3432 5471 3680 5544 licitum.
3706 5474 3849 5528 Vide

2191 5548 2245 5599 S.
2274 5547 2545 5598 Thomam
2587 5548 2638 5598 '2.
2669 5547 2719 5597 2.
2753 5548 2951 5614 quaest.
2987 5547 3107 5609 HO,
3139 5548 3246 5597 art.
3279 5546 3330 5611 3,
3361 5547 3417 5596 et
3459 5543 3690 5598 Sixtum
3746 5547 3848 5600 Se-

2191 5631 2426 5670 nensem
2460 5615 2557 5668 lib.
2588 5631 2640 5684 v,
2669 5615 2807 5668 Bibl.
2840 5619 3033 5668 annot.
3065 5617 3182 5668 107.

2259 5701 2281 5727 ο
2323 5688 2380 5740 ln
2408 5703 2512 5740 ms.
2541 5685 2742 5740 Codice
2769 5685 2857 5738 his
2884 5686 3066 5739 verbis
3091 5684 3293 5738 desinit
3321 5685 3424 5739 hoc
3453 5686 3806 5756 opusculum
3835 5705 3848 5742 :

2189 5760 2304 5812 Aut
2331 5759 2659 5828 deﬁcientem
2688 5760 2990 5828 contemnat
3015 5757 3300 5822 invidiam,
3330 5762 3395 5812 ut
3421 5757 3692 5815 observat
3720 5759 3847 5815 lau-

2189 5830 2352 5886 datus
2379 5827 2563 5886 editor
2589 5827 2994 5884 Bucherianus.
