3968 6520
243 491 2452 538 Μ

2464 521 3600 544 Μ

1418 680 1428 689 ’
1471 678 2279 785 OPUSCULUM
2337 685 2476 787 II.

873 863 1755 1048 LIBBLLUS
1849 867 2089 984 DE
2195 869 3033 992 monrnus.

283 1058 325 1159 ξ.
361 1060 564 1159 Omne
610 1075 947 1138 peceatum
987 1075 1131 1130 actio
1173 1079 1278 1131 est.
1305 1076 1462 1132 Actio
1496 1080 1686 1132 autem
1723 1076 1906 1132 omnis
1927 1077 2072 1159 Alis
2114 1077 2422 1148 displicere,
2455 1087 2538 1136 est
2565 1081 2802 1136 laudari.
2829 1083 2966 1138 Male
2991 1081 3058 1138 de
3093 1085 3146 1138 te
3170 1083 3479 1155 loquuntur
3499 1085 3607 1140 ho-

212 1150 546 1211 voluntaria
573 1164 673 1217 est
704 1166 838 1218 tam
865 1164 1106 1221 honesta
1125 1185 1298 1240 quam
1324 1169 1536 1240 turpis;
1559 1185 1696 1239 ergo
1716 1170 1906 1224 volun-

217 1245 430 1301 tarium
491 1255 586 1305 est
631 1268 827 1309 omne
877 1263 1196 1328 peccatum.
1245 1261 1394 1315 Tolle
1449 1261 1900 1331 excusationem;

219 1354 391 1394 nemo
428 1349 644 1412 peccat
689 1347 941 1404 invitus.
987 1352 1254 1406 Educatio
1298 1358 1354 1408 et
1393 1353 1682 1424 disciplina
1720 1370 1903 1409 mores

235 1431 471 1501 faciunt;
497 1440 559 1490 et
581 1436 648 1493 id
682 1443 1092 1516 unusquisque
1113 1447 1278 1515 sapit,
1301 1446 1452 1516 quod
1473 1446 1685 1500 didicit.
1713 1447 1902 1517 Itaque

241 1525 380 1583 bona
398 1532 776 1588 consuetudo
799 1541 1069 1590 excutere
1091 1537 1257 1592 debet
1276 1539 1423 1608 quod
1445 1539 1592 1593 mala
1614 1537 1896 1595 instruxit.

244 1622 382 1678 nihil
401 1623 656 1680 interest
687 1643 811 1698 quo
838 1628 1036 1684 animo
1062 1629 1231 1684 facias
1251 1629 1402 1701 quod
1421 1630 1612 1684 fecisse
1637 1629 1899 1685 vitiosum

245 1720 340 1782 est,
367 1717 509 1788 quia
537 1717 698 1772 facta
735 1727 1078 1790 cernuntur,
1108 1723 1332 1778 animus
1356 1739 1485 1777 vero
1511 1738 1628 1779 non
1659 1723 1894 1779 videtur.

242 1808 400 1862 Nulla
422 1814 630 1864 antem
659 1811 792 1866 laus
809 1817 897 1868 est
913 1829 1034 1868 non
1051 1814 1231 1869 facere
1257 1816 1409 1886 quod
1433 1816 1614 1870 facere
1634 1832 1748 1870 non
1773 1831 1896 1885 pos-

239 1900 328 1955 sis.
360 1901 518 1965 Quid
546 1904 784 1959 homini
813 1911 897 1960 est
935 1905 1427 1962 inimicissimum?
1465 1910 1666 1964 Homo.
1693 1909 1894 1962 Liben-

244 1998 328 2048 ter
353 1995 508 2050 feras
547 1998 712 2068 quod
752 2015 984 2054 necesse
1017 2003 1126 2068 est;
1160 2000 1320 2054 dolor
1342 2001 1610 2072 patientia
1633 2001 1892 2056 vincitur.

248 2087 518 2159 Exspecta
551 2106 675 2160 quo
710 2107 1014 2162 nunquam
1040 2092 1334 2162 pceniteas.
1363 2094 1483 2146 Non
1509 2109 1677 2164 quam
1706 2093 1895 2148 multis

242 2179 480 2249 placeas,
511 2183 617 2236 sed
645 2183 914 2253 qualibus
941 2184 1125 2238 stude.
1148 2186 1207 2239 In
1225 2185 1335 2239 hoc
1363 2188 1583 2239 tantum
1611 2185 1890 2252 incumbe,

237 2278 290 2325 ut
315 2272 605 2329 libentius
636 2275 838 2329 audias
867 2292 1044 2346 quam
1069 2275 1338 2348 loquaris.
1370 2277 1564 2331 Multos
1585 2277 1754 2331 vitam
1785 2277 1892 2331 dif-

232 2363 484 2420 ferentes
523 2383 690 2420 mors
722 2368 929 2437 juncta
971 2369 1263 2439 przevenit.
1304 2371 1493 2439 Itaque
1545 2369 1728 2423 omnis
1776 2370 1893 2424 dies

2001 1169 2200 1238 mines,
2222 1171 2364 1226 bene
2387 1176 2576 1227 autem
2593 1173 2750 1244 loqui
2775 1175 3060 1244 nesciunt;
3087 1191 3201 1230 non
3225 1175 3376 1246 quod
3400 1192 3611 1232 merea-

2001 1261 2097 1328 ris,
2117 1263 2214 1317 sed
2237 1263 2386 1334 quod
2411 1265 2588 1319 solent
2615 1265 2741 1336 ipsi.
2764 1267 3026 1321 Homines
3051 1267 3118 1322 de
3139 1271 3193 1322 te
3213 1268 3356 1322 mala
3373 1267 3611 1339 loquun-

1999 1355 2132 1408 tur?
2159 1354 2214 1409 Si
2251 1356 2472 1422 merito,
2503 1373 2617 1411 non
2654 1359 2803 1428 quod
2832 1359 3142 1430 loquuntur
3174 1358 3476 1414 molestum
3504 1365 3606 1426 est,
3686 1389 3692 1395 -

1999 1445 2094 1500 sed
2124 1447 2275 1516 quod
2308 1463 2421 1502 non
2454 1449 2822 1506 mentiuntur.
2852 1451 2907 1506 Si
2938 1451 3256 1506 immerito?
3291 1452 3610 1507 Innocentis

1999 1552 2124 1590 mea
2157 1553 2308 1593 nunc
2345 1539 2586 1594 maxime
2613 1541 2828 1611 gaudeo
2849 1559 2865 1611 ;
2895 1547 3126 1614 apparet
3153 1543 3305 1598 enim
3331 1542 3454 1597 illos
3478 1559 3608 1598 vera

1998 1627 2311 1700 objecturos
2345 1632 2392 1686 si
2419 1637 2662 1704 possent.
2695 1635 2814 1688 Non
2851 1650 2909 1689 es
2939 1635 2999 1688 in
3037 1635 3220 1706 patria
3255 1637 3388 1691 tua?
3425 1636 3608 1690 Patria

1994 1728 2090 1780 tua
2127 1729 2230 1793 est,
2267 1724 2586 1796 ubicunque
2627 1725 2768 1780 bene
2809 1743 2898 1796 es;
2947 1727 3089 1781 illud
3129 1727 3282 1782 enim
3317 1744 3418 1798 per
3454 1727 3605 1798 quod

1994 1815 2136 1870 bene
2169 1821 2269 1882 est,
2301 1833 2414 1871 non
2441 1822 2524 1872 est
2550 1817 2610 1872 in
2635 1817 2777 1886 loco,
2812 1819 2908 1873 sed
2943 1817 3002 1872 in
3031 1818 3276 1874 homine.
3305 1818 3455 1873 Nihil
3482 1835 3603 1872 ma-

1997 1923 2192 1978 gnum,
2219 1908 2328 1962 nisi
2353 1925 2558 1979 magno
2585 1909 2774 1964 animo
2801 1910 3090 1980 despicias.
3117 1911 3250 1975 Quae
3275 1915 3406 1966 sunt
3430 1911 3606 1966 maxi-

1994 2015 2101 2052 mae
2135 1999 2378 2054 divitiae?
2407 2002 2526 2054 Non
2546 2001 2857 2055 desiderare
2881 2001 3120 2056 divitias.
3141 2001 3272 2066 Quis
3295 2003 3604 2072 plurimum

1993 2090 2196 2146 habet?
2229 2093 2277 2144 Is
2305 2091 2404 2163 qui
2427 2091 2728 2146 minimum
2753 2093 2924 2164 cupit.
2956 2092 3098 2158 Quid
3123 2097 3209 2148 est
3233 2094 3364 2148 dare
3389 2093 3600 2148 beneﬁ-

1993 2183 2184 2238 cium?
2228 2184 2403 2237 Deum
2436 2183 2664 2238 imitari.
2697 2185 2990 2240 Honestius
3015 2189 3098 2240 est
3123 2201 3252 2240 cum
3270 2186 3606 2256 judicaveris

1991 2291 2201 2342 amare,
2237 2291 2407 2345 quam
2440 2292 2570 2329 cum
2606 2277 2880 2330 amaveris
2907 2277 3182 2347 judicare.
3217 2277 3494 2332 Dissensio
3533 2279 3602 2332 ab

1989 2366 2096 2420 alio
2123 2367 2372 2437 incipiat,
2405 2372 2511 2422 ate
2537 2372 2724 2422 autem
2750 2369 3146 2424 reconciliatio.
3174 2369 3443 2424 Succurre
3471 2386 3606 2441 pau-

231 2458 385 2512 velut
441 2459 694 2513 ultimus
737 2459 1054 2530 judicetur.
1095 2461 1428 2526 Tristitiam,
1483 2461 1530 2514 si
1582 2465 1769 2531 potes,
1821 2477 1890 2516 ne
1912 2439 1968 2508 B
1991 2459 2211 2529 pertati,
2233 2459 2564 2529 amicorum,
2585 2459 2700 2514 imo
2721 2477 2968 2516 occurre.
2989 2462 3208 2516 Amicos
3233 2462 3488 2522 secundas
3514 2479 3604 2517 res

233 2549 578 2619 admiseris;
621 2552 716 2604 sin
751 2552 965 2619 minus,
997 2569 1068 2606 ne
1103 2553 1432 2608 ostenderis.
1461 2553 1651 2607 Amico
1677 2557 1888 2607 secreto

229 2642 506 2710 admone,
539 2642 738 2712 palam
762 2649 960 2698 autem
987 2645 1171 2698 lauda.
1205 2645 1382 2699 Verba
1406 2645 1592 2713 rebus,
1619 2659 1733 2698 non
1756 2661 1886 2715 per-

227 2734 384 2789 sonis
410 2735 761 2790 aestimanda
786 2741 940 2790 sunt.
975 2737 1267 2790 Oratorem
1305 2740 1357 2790 te
1382 2741 1535 2808 puta,
1565 2737 1609 2790 si
1635 2737 1736 2790 tibi
1761 2741 1889 2790 ante

229 2843 434 2882 omnes
467 2829 637 2898 quod
666 2833 894 2899 oportet
926 2828 1292 2898 persuaseris.
1324 2831 1391 2884 Ut
1418 2829 1701 2883 licentiosa
1726 2845 1886 2882 man-

227 2921 376 2990 cipia
427 2920 643 2988 animi,
689 2920 937 2992 imperio
975 2937 1168 2975 coerce
1221 2920 1496 2989 linguam,
1541 2926 1788 2975 ventrem
1832 2927 1889 2976 et

225 3012 560 3067 libidinem.
593 3013 761 3076 Quod
797 3013 1037 3067 tacitum
1071 3028 1188 3067 esse
1223 3013 1379 3080 velis,
1412 3013 1626 3066 nemini
1659 3013 1882 3067 dixeris.

224 3104 272 3159 Si
319 3104 433 3158 tibi
479 3121 605 3159 non
648 3105 969 3174 imperasti,
1010 3105 1294 3174 quomodo
1337 3105 1407 3158 ab
1446 3105 1554 3158 alio
1600 3104 1886 3159 silentium

221 3198 464 3267 speras?
507 3197 843 3252 Ridiculum
883 3199 968 3250 est
1001 3196 1248 3268 aliquem
1289 3196 1417 3250 odio
1444 3197 1696 3251 nocentis
1729 3198 1887 3251 inno-

216 3289 478 3344 centiam
504 3289 770 3360 perdere.

285 3383 360 3436 II.
392 3382 658 3435 Monstro
695 3380 898 3434 similis
937 3385 1023 3435 est
1057 3381 1291 3434 avaritia
1327 3379 1532 3434 senilis.
1565 3380 1706 3444 Quid
1733 3381 1884 3435 enim

215 3475 464 3528 stultius
499 3478 610 3541 est,
639 3473 796 3544 quod
829 3473 942 3527 dici
971 3472 1129 3539 solet,
1151 3489 1321 3542 quam
1347 3473 1434 3525 via
1465 3472 1756 3528 deﬁciente
1775 3473 1884 3526 via-

211 3568 406 3620 ticum
445 3567 714 3636 augere?
743 3566 956 3621 Omnes
993 3564 1235 3618 infantes
1271 3570 1418 3618 terra
1448 3565 1627 3618 nudos
1656 3564 1880 3635 excipit.

211 3659 340 3714 Non
367 3659 562 3730 pudet
584 3663 642 3712 te
662 3658 868 3712 fortius
889 3657 1046 3712 nasci
1064 3672 1235 3726 quam
1259 3655 1480 3711 vivere?
1498 3656 1640 3721 Quid
1665 3656 1882 3710 dulcius

206 3767 398 3822 quam
449 3751 676 3806 habere
729 3749 982 3804 amicum
1026 3767 1156 3805 cum
1197 3765 1310 3821 quo
1351 3748 1556 3802 audeas
1592 3752 1658 3802 ut
1696 3752 1954 3850 tecumc

205 3844 420 3898 omnia
437 3843 648 3914 loqui?
673 3843 1015 3913 Magnarum
1040 3842 1246 3896 virium
1272 3845 1355 3896 est
1377 3841 1664 3911 negligere
1682 3839 1884 3894 laeden-

203 3941 351 3991 tem.
387 3936 542 4000 Quid
568 3935 650 3989 sis
679 3935 938 4001 interest,
971 3950 1091 3988 non
1117 3933 1254 4006 quid
1279 3932 1503 3987 habeas.
1533 3932 1792 3988 Nondum
1823 3949 1881 3988 es

197 4027 346 4084 felix
393 4029 446 4083 si
496 4032 556 4083 te
595 4027 772 4082 turba
804 4042 924 4081 non
971 4025 1252 4081 deriserit.
1291 4025 1347 4080 Si
1384 4023 1464 4078 vis
1501 4024 1696 4079 beatus
1736 4041 1876 4095 esse,

195 4123 408 4193 Cogita
443 4122 561 4176 hoc
591 4119 878 4192 primum,
918 4122 1280 4173 contemnere
1317 4120 1373 4172 et
1399 4117 1700 4171 contemni.
1723 4117 1880 4171 Prius

193 4232 393 4287 quam
433 4212 754 4284 promittas
797 4211 1104 4278 deliberes;
1143 4214 1199 4264 et
1240 4225 1372 4263 cum
1412 4208 1758 4280 promiseris,
1793 4209 1877 4262 fa-

192 4308 343 4361 cias.
383 4308 444 4360 Id
479 4321 650 4376 agas,
682 4319 760 4358 ne
799 4304 930 4374 quis
972 4302 1176 4356 merito
1212 4305 1266 4356 te
1302 4301 1512 4368 oderit;
1545 4304 1600 4354 et
1623 4301 1668 4353 si
1696 4301 1879 4355 nullos

195 4400 484 4454 inimicos
513 4397 629 4452 tibi
659 4394 832 4450 faciet
865 4394 1096 4465 injuria,
1128 4393 1336 4448 multos
1364 4391 1495 4446 facit
1519 4391 1748 4446 invidia.
1775 4393 1875 4446 So-

192 4493 528 4546 litudinem
557 4492 808 4560 quaeret,
831 4487 932 4558 qui
958 4487 1077 4540 vult
1101 4502 1232 4540 cum
1256 4484 1648 4539 innocentibus
1671 4484 1874 4553 vivere,

194 4586 474 4654 optimus
495 4599 648 4651 ergo
675 4579 908 4633 animus
929 4585 986 4632 et
1009 4577 1428 4649 pulcherrimus
1454 4577 1633 4630 cultor
1653 4575 1747 4630 Dei
1773 4580 1874 4630 est.

193 4675 545 4730 Abstinebis
571 4673 650 4726 ab
673 4672 866 4726 alieno
896 4669 1286 4724 matrimonio.
1315 4667 1606 4722 Praestabis
1637 4667 1878 4738 parenti-

194 4767 306 4823 bus
337 4771 662 4844 pietatem,
680 4763 938 4834 cognatis
968 4761 1402 4832 indulgentiam,
1425 4759 1684 4814 omnibus
1707 4758 1879 4829 aequi-

195 4865 410 4916 tatem.
441 4855 745 4914 Devitabis
768 4853 1184 4918 crudelitatem,
1217 4857 1272 4906 et
1297 4852 1611 4906 ministram
1641 4851 1876 4907 crudeli-

195 4955 331 5007 tatis
381 4953 561 5006 iram.
609 4951 741 5003 Non
778 4947 948 5001 aliter
978 4945 1131 4999 vivas
1166 4943 1224 4998 in
1261 4943 1575 5010 solitudine,
1615 4943 1778 4998 aliter
1813 4945 1873 5000 in

196 5045 354 5100 foro.
388 5043 552 5099 Nihil
579 5046 766 5113 petas,
789 5037 947 5109 quod
974 5043 1284 5107 negaturus
1311 5035 1465 5088 fuisti
1495 5051 1509 5089 :
1536 5035 1680 5089 nihil
1708 5052 1875 5106 nega-

1987 2555 2206 2620 parant,
2260 2551 2501 2604 adversae
2549 2553 2856 2607 certissime
2913 2553 3174 2624 probant.
3224 2553 3416 2623 Pejora
3472 2559 3603 2608 sunt

1989 2645 2130 2698 tecta
2156 2642 2281 2696 odia
2315 2659 2484 2712 quam
2521 2648 2730 2712 aperta.
2764 2646 2951 2715 Itaque
2977 2649 3030 2700 te
3055 2645 3242 2698 minus
3264 2645 3470 2716 loquax
3495 2646 3600 2700 ini-

1987 2734 2162 2788 micus
2189 2734 2418 2788 offendit
2443 2752 2612 2806 quam
2639 2735 2856 2790 tacitus.
2883 2737 3016 2790 Mira
3037 2737 3179 2791 ratio
3207 2740 3306 2804 est,
3337 2753 3462 2808 quas
3485 2754 3600 2794 non

1987 2826 2105 2880 vult
2135 2827 2425 2897 prtedicari
2459 2827 2606 2897 quod
2637 2828 2843 2898 gaudet
2877 2827 3154 2899 intellegi.
3180 2829 3394 2899 Ignosci
3423 2834 3593 2900 amat,

1985 2918 2084 2988 qui
2121 2917 2274 2989 quod
2311 2919 2429 2972 odit
2461 2919 2724 2974 ostendit.
2752 2921 3115 2991 Eleemosyna
3149 2937 3265 2974 non
3301 2925 3416 2976 tam
3451 2922 3596 2976 acci-

1985 3009 2263 3080 pientibus
2306 3027 2476 3081 quam
2517 3011 2774 3066 dantibus
2810 3013 3057 3082 prodest.
3102 3014 3168 3068 Et
3211 3030 3335 3083 spes
3381 3014 3598 3084 praemii

1984 3101 2245 3155 solatium
2278 3102 2350 3156 sit
2383 3102 2608 3157 laboris.
2640 3103 2773 3166 Quae
2808 3107 2890 3158 est
2914 3103 3158 3159 maxima
3183 3107 3437 3175 egestas?
3463 3109 3598 3161 Ava-

1983 3190 2144 3248 ritia.‘
2161 3193 2416 3248 Pecunia:
2457 3194 2738 3266 imperare
2786 3200 3028 3266 oportet,
3057 3212 3172 3251 non
3210 3199 3433 3252 servire.
3470 3197 3598 3252 Nul-

1983 3283 2103 3339 lum
2141 3285 2427 3340 conscium
2463 3293 2819 3357 peccatorum
2860 3293 3090 3344 tuorum
3127 3290 3306 3360 magis
3341 3291 3594 3345 timueris

1981 3393 2150 3449 quam
2191 3379 2568 3449 temetipsum.
2595 3381 2780 3435 Alium
2820 3385 2975 3452 potes
3015 3382 3280 3453 effugere,
3309 3386 3363 3437 te
3403 3387 3592 3437 autem

1981 3485 2292 3540 nunquam.
2323 3471 2457 3534 Quis
2493 3475 2576 3525 est
2604 3474 2858 3543 pauper?
2893 3473 2997 3536 Qui
3030 3473 3133 3528 sibi
3157 3475 3396 3529 videtur.
3424 3474 3529 3538 Qui
3559 3490 3592 3528 a

1980 3561 2172 3614 multis
2208 3561 2455 3630 timetur,
2492 3564 2696 3618 multos
2729 3565 2910 3620 timet.
2943 3566 3222 3620 Infelicem
3263 3566 3433 3638 erige,
3463 3566 3588 3620 sub-

1980 3651 2137 3706 mitte
2180 3652 2519 3708 felicitatem.
2551 3656 2690 3709 Vera
2725 3655 2958 3711 felicitas
2992 3657 3312 3712 innocentia
3344 3661 3444 3712 est.
3481 3659 3587 3712 Ne-

1979 3743 2154 3814 quitia
2187 3743 2306 3814 ipsa
2332 3745 2417 3798 sui
2450 3763 2614 3816 poena
2637 3751 2722 3802 est
2767 3749 2903 3802 Mala
2931 3749 3271 3803 conscientia
3297 3764 3441 3818 saepe
3469 3753 3590 3804 tuta

1979 3839 2079 3904 est,
2122 3851 2314 3889 secura
2355 3837 2453 3906 qui
2495 3839 2708 3892 exitum
2751 3841 3038 3910 cogitabit.
3079 3841 3338 3896 Beneficii
3381 3841 3588 3912 accepti

1978 3943 2267 3998 nunquam
2298 3933 2516 3999 oportet
2539 3930 2818 4000 oblivisci;
2853 3932 2988 4000 dati,
3014 3933 3290 4004 protinus.

2049 4019 2132 4073 IV.
2165 4019 2465 4074 Inhonesta
2499 4021 2728 4076 victoria
2766 4027 2866 4092 est,
2897 4041 3027 4079 suos
3055 4025 3298 4081 vincere.
3329 4025 3468 4080 Satis
3505 4029 3587 4086 est

1979 4127 2291 4180 pmnarum,
2312 4112 2556 4182 potuisse
2581 4115 2804 4185 punire.
2832 4117 3148 4172 Inimicitias
3174 4118 3329 4173 tarde
3349 4117 3584 4190 suscipe,

1978 4201 2245 4257 amicitias
2329 4220 2524 4258 exerce
2600 4207 2901 4262 moderate.
2963 4209 3280 4265 Simultates
3349 4211 3583 4282 depone.

1976 4295 2165 4363 Imago
2209 4295 2384 4350 animi
2425 4313 2612 4352 sermo
2667 4303 2768 4354 est.
2819 4301 3008 4363 Qualis
3053 4302 3156 4369 vir,
3204 4301 3330 4356 talis
3384 4303 3582 4358 oratio.

1977 4387 2173 4464 Magna
2211 4403 2300 4442 res
2335 4392 2417 4442 est
2439 4389 2591 4443 vocis
2617 4395 2674 4444 et
2698 4391 2902 4446 silentii
2928 4397 3453 4464 temperamentum.
3481 4395 3584 4460 Qui

1977 4461 2139 4547 ecqud
2163 4478 2351 4534 animo
2378 4481 2538 4535 malis
2564 4481 2926 4551 immiscetur,
2955 4485 3134 4539 malus
3159 4489 3262 4540 est.
3293 4487 3583 4541 Neminem

1976 4570 2304 4639 laudaveris,
2335 4572 2621 4627 neminem
2647 4573 2756 4628 cito
2782 4577 3054 4630 accusaris
3086 4593 3100 4630 :
3128 4594 3349 4648 semper
3371 4584 3503 4649 puta
3529 4585 3583 4634 te

1976 4679 2104 4716 cum
2131 4662 2235 4716 diis
2261 4663 2642 4718 testimonium
2672 4665 2876 4722 dicere.
2903 4668 3112 4723 Vitium
3137 4674 3220 4723 est
3245 4670 3433 4724 omnia
3459 4687 3578 4726 cre-

1975 4754 2122 4817 dere,
2151 4755 2353 4808 vitium
2379 4755 2520 4809 nihil
2545 4757 2788 4812 eredere.
2811 4760 3088 4815 Utendum
3113 4766 3194 4816 est
3223 4762 3446 4830 divitiis,
3465 4779 3581 4818 non

1973 4845 2335 4901 abutendum.
2363 4847 2592 4902 Nullum
2618 4852 2897 4918 putaveris
2925 4853 3113 4908 locum
3140 4855 3259 4910 sine
3285 4860 3442 4910 teste.
3472 4857 3579 4910 Ex-

1973 4937 2316 4992 cusationem
2345 4955 2615 5009 quairere,
2643 4941 2861 4998 vitium.
2895 4945 3114 5000 Fortior
3139 4951 3222 5000 est
3251 4947 3347 5018 qui
3371 4947 3582 5017 cupidi-

1969 5033 2142 5082 tatem
2169 5030 2337 5084 vincit
2361 5047 2529 5102 quam
2557 5033 2654 5104 qui
2682 5035 2900 5089 hostem
2925 5037 3166 5107 subjicit.
3196 5039 3289 5092 Est
3315 5039 3578 5093 difﬁcilli-

199 5137 282 5192 bis
310 5137 483 5210 quod
514 5133 813 5206 petiturus
840 5129 1023 5184 fuisti.
1053 5131 1250 5182 Pacem
1281 5144 1408 5182 cum
1436 5127 1870 5182 hominihusha-
1889 5127 1948 5198 D
1971 5137 2148 5190 mum,
2193 5139 2250 5176 se
2289 5122 2473 5192 ipsum
2505 5123 2745 5180 vincere.
2791 5127 2980 5198 Inique
3017 5128 3292 5199 irascitur,
3330 5132 3429 5202 qui
3467 5134 3580 5186 suis

201 5229 385 5298 bebis,
413 5245 558 5284 cum
586 5224 740 5280 vitiis
769 5222 1012 5278 bellum.
1044 5222 1155 5274 Hoc
1195 5221 1366 5274 habet
1403 5219 1583 5273 omnis
1620 5219 1868 5287 affectus,

207 5329 260 5377 ut
301 5323 368 5377 in
404 5319 572 5394 quod
615 5319 744 5390 ipse
787 5313 1023 5380 insanit,
1055 5313 1115 5367 in
1152 5314 1208 5367 id
1237 5316 1398 5384 putet
1439 5311 1609 5367 etiam
1643 5316 1872 5367 caeteros

212 5415 417 5471 furere.
449 5412 777 5469 Maximum
807 5407 870 5462 in
903 5421 971 5459 eo
1002 5404 1204 5460 vitium
1233 5408 1334 5470 est,
1363 5403 1461 5475 qui
1490 5420 1604 5458 non
1622 5403 1866 5458 meliori-

1970 5211 2242 5268 irascitur.
2299 5217 2499 5270 Amare
2555 5216 2633 5270 sic
2681 5216 2882 5287 incipe,
2936 5225 3200 5292 tanquam
3255 5241 3373 5280 non
3421 5225 3580 5281 liceat

1969 5305 2240 5360 desinere.
2270 5307 2594 5377 Magnarum
2633 5323 2824 5363 rerum
2863 5312 3034 5368 etiam
3071 5315 3116 5370 si
3151 5333 3432 5374 successus
3466 5337 3579 5375 non

1967 5397 2135 5451 fuerit
2171 5399 2437 5452 honestus
2470 5404 2554 5454 est
2580 5399 2700 5471 ipse
2727 5408 2974 5460 conatus.
3001 5407 3270 5464 Nobilitas
3295 5413 3470 5468 animi
3499 5419 3582 5469 est

214 5504 307 5561 lius
335 5507 463 5562 vult
498 5505 749 5576 placere,
781 5497 884 5554 sed
911 5495 1190 5566 pluribus.
1224 5495 1314 5549 Vis
1341 5494 1598 5549 omnibus
1627 5512 1746 5550 esse
1772 5512 1868 5550 no-
1967 5490 2304 5562 gcnerositas
2365 5507 2588 5561 sensus;
2644 5495 2898 5552 nobilitas
2949 5502 3222 5570 corporis,
3278 5521 3579 5574 generosus

223 5601 335 5654 tus?
359 5599 523 5672 prius
549 5598 714 5654 eﬂice
739 5599 806 5650 ut
835 5587 1134 5645 neminem
1154 5587 1393 5642 noveris.
1416 5587 1633 5640 Bonum
1651 5591 1733 5640 est
1751 5605 1865 5642 non

225 5689 435 5763 laudari,
460 5697 517 5748 et
539 5707 665 5748 esse
693 5683 1078 5744 laudabilem.
1107 5681 1354 5736 Stultum
1384 5683 1467 5734 est
1494 5678 1691 5734 timere
1715 5680 1862 5750 quod

232 5784 366 5846 ritare
382 5805 498 5846 non
526 5791 726 5862 potes.

264 5885 336 5943 ΙΙΙ.
362 5885 505 5944 Male
539 5877 898 5956 epinentur
929 5867 1001 5923 de
1043 5871 1095 5923 te
1136 5864 1411 5930 homines,
1441 5863 1532 5919 sed
1564 5864 1712 5918 mali.
1748 5866 1858 5920 Ma-

1971 5583 2212 5637 animus.
2241 5583 2533 5640 Ilonestior
2555 5589 2638 5641 est
2661 5604 2829 5659 quem
2858 5596 3109 5648 senectus
3133 5595 3202 5648 ad
3231 5597 3406 5650 otium
3432 5604 3579 5652 retu-

1962 5675 2053 5744 rit,
2083 5691 2252 5746 quam
2279 5691 2446 5746 quem
2476 5676 2534 5730 in
2563 5679 2677 5733 otio
2707 5680 2938 5750 invenit,
2973 5689 3027 5739 et
3053 5689 3184 5741 tunc
3211 5686 3407 5759 incipit
3429 5689 3574 5742 labo-

1961 5783 2103 5822 rare.
2125 5767 2306 5838 Turpe
2330 5769 2705 5838 spectaculum
2736 5774 2947 5843 praabet
2973 5776 3385 5848 animusfteger.
3417 5779 3568 5832 Nun-

1959 5876 2128 5930 quam
2178 5858 2244 5913 sit
2289 5858 2458 5913 tristis
2506 5859 2671 5917 facies
2727 5865 2827 5919 tibi
2879 5865 2938 5920 in
2981 5870 3273 5923 commodo
3324 5869 3564 5922 alterius.
