3968 6430
441 369 501 434 31
1799 377 2064 435 ΜΑΒΤΙΝ]

2240 380 2469 437 llENSlS
3753 385 3784 442 3
3795 387 3827 442 2

437 483 617 542 Homo
655 499 784 540 sum
813 499 826 541 :
857 483 1150 542 commodo
1180 485 1434 543 devitabo
1475 486 1848 544 secundarum
1877 503 2068 542 rerum
2091 489 2321 572 Afacit.
2345 491 2539 548 Merito
2566 491 2843 561 damnari,
2864 509 3029 566 poena
3047 497 3131 552 est
3155 511 3168 551 :
3192 492 3482 552 damnatio
3503 493 3824 567 immerita,

437 578 708 636 invidiam
722 581 750 635 Ἰ
775 579 829 636 Si
855 579 1178 636 felicitatem
1197 581 1515 654 jactaveris,
1537 599 1670 638 cum
1691 582 1885 638 multis
1915 583 2068 637 dives

439 674 569 730 eris.
596 674 884 738 Quomodo
925 675 1136 747 optime
1175 677 1488 750 potentiam
1513 676 1754 732 tuebor?
1782 678 2067 759 impoten-

438 769 515 824 tia
557 769 878 824 occasionis.
919 769 1129 824 Locum
1173 775 1327 826 tenet
1371 770 1704 826 innocentiae
1745 771 2070 842 proximum

437 862 728 918 confessio.
764 863 869 919 Ubi
911 864 1204 934 confessio,
1236 863 1313 918 ibi
1352 865 1625 920 remissio.
1659 865 1760 919 Irae
1807 865 2070 919 severitas

435 954 495 1010 in
520 955 657 1012 vitio
687 961 787 1012 est.
820 957 959 1012 Boni
980 957 1186 1028 judicis
1216 961 1300 1012 est
1328 958 1671 1029 dispensare,
1703 975 1818 1012 non
1846 961 2072 1012 tantum

435 1047 574 1123 quid
599 1050 984 1104 damnandum
1013 1051 1102 1121 sit,
1134 1051 1231 1106 sed
1258 1056 1557 1125 quatenus.
1580 1051 1874 1108 Proximus
1897 1051 2068 1124 justi-

435 1142 530 1198 tia:
559 1144 780 1214 modus,
811 1143 1094 1202 severitas.

510 1333 572 1388 V.
599 1331 1016 1397 Quietissimam
1045 1336 1218 1392 vitam
1249 1342 1484 1408 agerent
1511 1337 1768 1393 homines
1793 1338 1854 1392 in
1885 1338 2066 1406 terris,

438 1425 485 1481 si
510 1425 630 1482 haec
660 1427 772 1482 duo
801 1429 966 1484 verba
993 1447 1025 1484 a
1051 1436 1253 1485 natura
1281 1431 1536 1486 omnium
1562 1449 1756 1486 rerum
1784 1432 2065 1500 tollerent,

436 1536 631 1574 meum
667 1526 723 1576 et
764 1527 949 1578 tuum.
989 1524 1096 1589 Qui
1136 1530 1525 1596 paupertatem
1567 1525 1748 1594 timet,
1783 1525 2069 1580 timendus

437 1618 540 1672 est.
567 1619 722 1673 Vires
753 1621 876 1671 tuas
903 1617 1069 1672 amici
1099 1619 1283 1688 magis
1310 1618 1556 1674 sentiant
1585 1619 1870 1674 beneﬁciis
1895 1635 2069 1691 quam

433 1711 677 1781 iniuriis.
723 1711 966 1766 Pecunia
1009 1728 1124 1765 non
1171 1711 1336 1766 satiat
1377 1712 1688 1780 avaritiam,
1721 1713 1818 1768 sed
1861 1713 2065 1768 irritat.

433 1805 610 1859 Homo
650 1821 873 1876 semper
909 1805 1174 1876 indigens
1210 1805 1466 1876 pecunia,
1495 1805 1597 1861 scit
1625 1823 1757 1860 cum
1783 1806 1904 1876 ejus
1941 1823 2065 1861 mo-

2171 584 2490 640 damnantis
2517 590 2600 640 est
2625 587 2928 642 calamitas.

2240 679 2324 733 VI.
2359 679 2415 734 Si
2443 680 2665 751 aliquid.
2698 682 3053 753 cogitaveris,
3091 683 3200 738 cito
3241 683 3539 755 apparebit
3576 699 3824 740 conver-

2170 773 2445 828 santibus.
2487 774 2678 829 Vidcri
2720 775 2803 829 vis
2849 776 2918 829 ab
2963 777 3266 832 omnibus?
3309 794 3606 848 nunquam
3649 779 3827 834 bona;

2170 866 2480 921 honestatis
2508 867 2792 922 simulatio
2820 870 2990 940 longa
3020 876 3124 924 est.
3153 869 3311 934 Quod
3339 871 3408 925 de
3437 872 3636 926 alienis
3665 876 3826 927 trac-

2170 965 2272 1029 tas,
2321 977 2390 1014 ex
2442 962 2555 1015 tuis
2596 962 2839 1032 judices.
2890 963 3048 1018 Multi
3102 969 3236 1018 sunt
3285 965 3596 1036 obligandi,
3646 966 3830 1038 pauci

2171 1053 2526 1124 offendendi;
2568 1071 2701 1109 nam
2740 1057 3015 1111 memoria
3051 1057 3460 1112 beneﬁciorum
3501 1059 3681 1114 facilis
3710 1065 3826 1127 est,

2171 1147 2513 1220 injuriarum
2583 1151 2771 1204 tenax.
2838 1150 3229 1221 Objurgationi
3304 1167 3530 1222 semper
3595 1152 3830 1225 aliquid

2169 1240 2373 1296 blande
2407 1241 2682 1311 admisce;
2723 1242 2943 1297 facilius
2969 1244 3123 1297 enim
3161 1248 3461 1315 penetrant
3486 1246 3657 1300 verba
3683 1263 3826 1318 quas

2169 1335 2325 1389 molli
2347 1335 2560 1390 vadunt
2577 1337 2685 1403 via,
2703 1353 2876 1408 quam
2907 1354 3134 1409 aspera;
3158 1354 3326 1393 nemo
3349 1339 3503 1394 enim
3525 1356 3581 1394 se
3607 1343 3824 1408 mutat,

2171 1429 2308 1500 quia
2351 1429 2562 1483 mutari
2597 1446 2655 1484 se
2695 1429 2974 1501 desperet.
3031 1432 3260 1495 Quoties
3304 1433 3555 1486 scribens
3597 1433 3830 1504 aliquid

2171 1522 2424 1577 dicturus
2455 1539 2534 1591 es,
2564 1524 2701 1579 scito
2733 1540 2958 1578 morum
2987 1529 3216 1579 tuorum
3248 1530 3302 1580 te
3330 1526 3658 1581 hominibus
3685 1527 3825 1583 chi-

2171 1617 2520 1687 rographum
2547 1617 2698 1671 dare.
2729 1617 2834 1680 Qui
2870 1617 2929 1671 in
2955 1635 3143 1673 servos
3183 1619 3446 1674 irascitur
3479 1624 3536 1674 et
3567 1619 3826 1675 crudelis

2172 1713 2274 1777 est,
2313 1710 2446 1762 satis
2489 1710 2734 1764 ostendit
2771 1715 3105 1782 potestatem
3143 1712 3408 1767 adversus
3447 1714 3659 1768 alienos
3703 1713 3826 1768 sibi

2173 1801 2437 1856 defuisse.
2465 1803 2571 1866 Qui
2607 1803 2786 1857 nescit
2821 1807 3024 1874 tacere,
3054 1805 3234 1860 nescit
3256 1805 3433 1876 loqui.
3462 1806 3702 1860 Facilius
3730 1811 3828 1861 est

432 1897 587 1953 ribus
623 1897 941 1953 convenire,
977 1898 1111 1953 Mihi
1158 1899 1344 1967 crede,
1388 1915 1505 1952 non
1546 1903 1709 1970 potes
1755 1900 1909 1954 dives
1949 1915 2068 1954 esse
2090 1872 2145 1943 Β
2171 1895 2406 1964 pauperi
2433 1899 2822 1967 contemptum
2851 1895 3100 1968 effugere
3124 1914 3297 1969 quam
3323 1898 3484 1953 diviti
3511 1899 3821 1954 invidiam.

431 1995 487 2044 et
537 1990 690 2045 felix.
745 1991 988 2045 Auribus
1029 1991 1387 2063 frequentius
1425 2008 1599 2062 quam
1641 1992 1840 2064 lingua
1883 1999 2066 2048 utere.

429 2081 714 2155 Quidquid
754 2083 1006 2138 dicturus
1045 2102 1124 2153 es,
1151 2090 1282 2140 ante
1325 2101 1496 2158 quam
1536 2085 1678 2154 aliis,
1709 2086 1914 2141 dixeris
1942 2086 2066 2142 tibi.

430 2175 579 2230 Nihil
618 2177 851 2231 interest
892 2177 1044 2232 inter
1083 2178 1291 2233 iratum
1337 2184 1393 2234 et
1440 2179 1724 2248 insanum,
1771 2179 1877 2233 nisi
1919 2196 2068 2234 unus

433 2267 550 2322 dies
585 2285 598 2323 :
636 2269 780 2324 alter
806 2287 922 2324 non
961 2288 1186 2342 semper
1223 2271 1502 2337 irascitur,
1543 2272 1686 2328 alter
1721 2289 1942 2343 semper
1977 2273 2064 2326 in-

430 2361 600 2417 sanit.
648 2363 936 2418 Facillime
973 2363 1155 2418 bonus
1196 2365 1391 2434 fueris,
1441 2365 1487 2419 si
1531 2382 1596 2420 ea
1641 2365 1900 2419 vitaveris
1939 2382 2066 2436 quzc

429 2455 850 2525 vituperaveris.
889 2457 1029 2512 Cum
1065 2457 1273 2512 alienos
1312 2457 1592 2527 timueris,
1643 2463 1696 2512 te
1732 2459 1918 2528 ipsum
1968 2475 2062 2513 ve-

430 2563 594 2602 rere:
622 2565 755 2603 nam
794 2567 944 2622 smpe
984 2551 1106 2605 sine
1145 2550 1268 2604 aliis
1306 2568 1424 2605 esse
1465 2555 1643 2622 potes,
1677 2551 1796 2605 sine
1831 2555 1884 2605 te
1912 2568 2062 2606 nun-

427 2658 618 2714 quam.
677 2643 733 2699 Si
785 2643 928 2698 bene
991 2649 1044 2698 te
1094 2644 1462 2713 instruxeris,
1523 2644 1734 2714 pudeat
1785 2644 2065 2700 deteriora

426 2733 629 2789 facere.
656 2735 816 2800 Quod
853 2737 1196 2808 persuaseris
1231 2737 1339 2792 erit
1375 2737 1734 2806 diuturnum,
1767 2737 1917 2808 quod
1945 2755 2066 2792 coe-

429 2828 580 2900 geris
633 2829 742 2884 erit
785 2829 845 2884 in
899 2831 1206 2885 occasione.
1265 2830 1440 2885 Alteri
1492 2847 1717 2902 semper
1763 2831 2059 2902 ignoscito,

427 2920 533 2976 tibi
573 2921 686 2992 ipsi
725 2938 1040 2994 nunquam.
1090 2925 1334 2978 Tantum
1377 2923 1446 2978 ad
1499 2924 1766 2978 virtutem
1814 2924 2060 2994 adjicies,

429 3019 708 3086 quantum
727 3031 796 3070 ex
813 3016 1098 3086 voluptate
1118 3017 1474 3072 abstraxeris.
1497 3017 1744 3072 Stultum
1763 3021 1847 3072 est
1867 3034 2064 3072 somno

427 3108 713 3178 dejectari,
751 3112 806 3163 et
843 3110 1003 3180 quasi
1041 3115 1283 3166 mortem
1312 3111 1521 3166 moliri.
1553 3113 1718 3164 Bonis
1752 3115 1936 3180 nocet,
1966 3111 2066 3182 qui

426 3200 590 3255 malis
628 3201 825 3272 parcit.
869 3203 1027 3257 Multi
1061 3221 1191 3257 cum
1227 3204 1352 3258 aliis
1385 3203 1750 3274 maledicunt,
1786 3203 1890 3258 sibi
1930 3203 2065 3274 ipsis

427 3293 740 3349 convitium
780 3295 1014 3350 faciunt.
1047 3296 1196 3350 Nihil
1240 3297 1463 3367 turpius
1507 3313 1679 3368 quam
1723 3296 1824 3367 qui
1874 3296 2067 3366 objicit

427 3386 624 3456 alteri;
691 3387 796 3442 sibi
853 3389 1255 3460 objiciendum.
1315 3392 1384 3445 Ut
1439 3389 1733 3444 licentiosa
1783 3388 2067 3460 mancipia

425 3479 624 3550 animi,
654 3481 894 3552 imperio
932 3499 1068 3553 rege
1103 3483 1392 3554 linguam,
1423 3483 1739 3550 libidinem,
1771 3488 2060 3551 ventrem;

338 3620 344 3624 .
427 3573 904 3646 cupiditatemque
939 3575 1246 3647 comprime
1274 3595 1289 3646 ;
1333 3577 1380 3630 si
1418 3593 1533 3631 non
1562 3581 1740 3648 potes,
1769 3575 2066 3646 paululum

429 3667 674 3723 remitte.
703 3669 860 3740 Saepe
902 3686 966 3724 ea
999 3687 1127 3741 qua}
1156 3671 1342 3724 sanari
1380 3671 1599 3725 ratione
1638 3685 1752 3724 non
1781 3673 2060 3740 poterant,

427 3766 618 3815 sanata
657 3767 789 3818 sunt
818 3767 1096 3834 tempore.
1125 3764 1234 3828 Qui
1271 3767 1504 3835 propter
1528 3763 1784 3835 pecuniae
1811 3779 2064 3817 amorem

427 3859 484 3910 et
507 3854 813 3910 libidinum
839 3857 1102 3925 moritur,
1121 3857 1365 3912 ostendit
1385 3875 1442 3912 se
1461 3874 1759 3930 nunquam
1785 3857 1876 3911 sui
1901 3873 2066 3911 causa

428 3947 654 4003 vixisse.
681 3949 890 4020 Turpia
917 3967 990 4005 ne
1019 3951 1250 4019 dixeris,
1273 3951 1548 4022 paulatim
1575 3951 1728 4005 enim
1754 3950 1940 4022 pudor
1964 3965 2067 4020 per

430 4041 602 4094 verba
642 4041 960 4098 discutitur.
989 4043 1076 4100 Sic
1105 4044 1318 4111 habita,
1349 4048 1412 4098 ut
1447 4043 1635 4114 potius
1671 4043 1936 4098 laudetur
1963 4043 2062 4096 do-

431 4134 620 4189 minus
645 4152 817 4206 quam
850 4137 1052 4192 domus
1079 4155 1092 4192 :
1123 4137 1622 4192 consuetudinaria
1651 4154 1741 4191 res
1775 4141 1859 4191 est
1896 4137 2062 4191 inno-

433 4228 635 4283 centia.
669 4229 788 4284 Non
829 4230 1136 4300 damnatio,
1170 4232 1267 4286 sed
1303 4247 1467 4285 causa
1505 4231 1799 4286 hominem
1837 4235 2064 4302 turpem

2170 1989 2356 2042 Bonus
2380 1988 2591 2042 fruitur
2613 1989 2761 2042 bona
2788 1990 3149 2046 conscientia.
3178 1991 3334 2045 Malis
3360 1991 3690 2048 hominibus
3715 1998 3823 2048 tu-

2167 2080 2452 2136 tissimum
2485 2086 2568 2137 est
2609 2083 2719 2137 cito
2752 2084 2972 2154 fugere.
3004 2085 3165 2139 Nulla
3195 2085 3400 2156 pusilla
3427 2086 3648 2156 domus,
3682 2103 3823 2158 qua:

2167 2175 2376 2229 multos
2418 2176 2628 2230 amicos
2667 2177 2835 2246 capit.
2867 2177 3018 2232 Scire
3052 2179 3138 2232 uti
3173 2182 3526 2250 paupertate,
3558 2179 3824 2235 maxima

2166 2268 2421 2324 felicitas.
2465 2269 2630 2324 Acuit
2673 2270 2932 2339 intentio,
2975 2271 3189 2342 frangit
3224 2271 3480 2326 animum
3527 2273 3820 2328 remissio.

2167 2362 2465 2432 Nunquam
2505 2363 2686 2418 scelus
2725 2364 2932 2418 scelere
2973 2364 3317 2419 vincendum
3355 2370 3458 2420 est.
3498 2367 3688 2420 Bonus
3725 2367 3826 2422 vir

2167 2460 2249 2509 est
2279 2456 2377 2527 qui
2409 2472 2474 2510 eo
2503 2457 2772 2527 perduxit
2798 2457 3003 2512 affectu
3031 2458 3309 2524 animum,
3338 2462 3402 2513 ut
3433 2475 3548 2514 non
3585 2463 3822 2516 tantum

2166 2564 2396 2617 peccare
2420 2565 2536 2603 non
2561 2550 2714 2616 velit,
2738 2550 2836 2604 sed
2866 2550 3038 2605 etiam
3056 2567 3169 2606 non
3192 2551 3386 2622 possit.
3417 2553 3822 2622 Regnantibus

2165 2641 2325 2711 pejus
2354 2643 2530 2696 multo
2561 2642 2878 2713 periculum
2907 2661 3079 2715 quam
3106 2645 3196 2698 his
3225 2645 3326 2716 qui
3343 2644 3713 2716 judicantur;
3751 2647 3822 2702 hi

2165 2736 2319 2789 enim
2359 2736 2612 2807 singulos
2649 2736 2872 2806 timent,
2902 2737 2984 2791 illi
3013 2739 3326 2793 universos.
3351 2740 3620 2810 Nunquid
3649 2740 3823 2795 fortis

2162 2827 2366 2883 fortem
2394 2845 2450 2883 se
2481 2829 2834 2900 gloriabitur,
2857 2847 3028 2901 quem
3055 2833 3305 2903 corporis
3326 2833 3606 2904 aegritudo
3637 2833 3824 2889 efﬁrit

2164 2921 2498 2976 infirmum?
2524 2923 2787 2992 Nunquid
2811 2923 2964 2977 dives
2995 2925 3053 2978 in
3076 2925 3278 2995 opibus
3305 2925 3422 2980 suis
3449 2925 3816 2997 gloriabitur,

2165 3014 2326 3083 cujus
2355 3031 2512 3084 spem
2539 3015 2632 3068 fur
2651 3015 2735 3069 vel
2761 3020 3033 3086 tyrannus
3059 3017 3327 3088 abrupit?
3353 3019 3623 3090 Nunquid
3648 3019 3824 3076 nobi-

2163 3107 2290 3161 litas
2337 3108 2672 3178 gloriabitur
2721 3109 2939 3176 affecta,
2989 3127 3401 3182 nonnunquam
3452 3112 3711 3184 indignis
3757 3121 3822 3169 et

2165 3201 2582 3254 miserabilibus
2619 3204 2910 3258 serviens?
2946 3203 3206 3257 Diabolus
3245 3204 3548 3274 aliquando
3584 3222 3642 3260 se
3684 3207 3817 3278 glo-

2165 3293 2417 3348 riabatur
2455 3295 2873 3351 interfectorem
2908 3300 3021 3351 tuae
3056 3297 3487 3368 misericordiae,
3521 3315 3672 3355 nunc
3716 3301 3818 3356 in-

2166 3388 2516 3456 tergemiseit
2557 3389 2732 3443 socios
2767 3394 2879 3443 tua)
2914 3389 3300 3446 beatitudinis.
3340 3392 3629 3464 Fugienda
3675 3402 3821 3451 sunt

2167 3479 2430 3535 omnibus
2451 3481 2634 3536 modis
2656 3487 2711 3537 et
2736 3481 3113 3536 abscindenda
3140 3483 3262 3554 igni
3291 3500 3353 3537 ac
3383 3484 3552 3552 ferro,
3577 3490 3819 3558 totoque

2167 3575 2404 3631 artiﬁcio
2441 3577 2781 3647 separanda,
2809 3577 3052 3646 languor
3081 3593 3112 3629 a
3139 3593 3392 3647 corpore,
3423 3577 3713 3649 imperitia
3741 3581 3818 3636 ab

2165 3671 2376 3738 animo,
2407 3669 2635 3724 luxuria
2672 3686 2705 3723 a
2743 3675 2954 3734 mente,
2988 3685 3020 3722 a
3057 3669 3280 3723 civitate
3318 3669 3540 3740 seditio,
3568 3688 3599 3725 a
3637 3671 3818 3730 domo

2165 3763 2460 3831 discordia,
2490 3780 2521 3816 a
2549 3762 2765 3816 cunctis
2807 3763 2974 3816 rebus
3011 3761 3465 3833 intemperantia.
3495 3765 3648 3820 Dixit
3685 3767 3820 3838 qui-

2165 3857 2317 3923 dam,
2347 3855 2656 3910 amicorum
2703 3854 2892 3908 omnia
2930 3871 3048 3910 esse
3087 3856 3430 3926 communia,
3462 3861 3518 3912 et
3555 3858 3818 3915 amicum

2167 3967 2223 4002 se
2256 3949 2440 4019 ipsum
2469 3964 2588 4002 esse
2624 3948 2888 4002 alterum.
2915 3948 3165 4002 Duorum
3197 3953 3518 4019 temporum
3554 3951 3818 4008 maxime

2167 4041 2484 4097 habendam
2529 4058 2754 4108 curam,
2788 4045 2842 4096 et
2880 4057 3077 4096 eorum
3121 4057 3249 4112 quae
3285 4042 3464 4097 acturi
3502 4060 3721 4114 sumus,
3759 4052 3820 4102 et

2167 4152 2365 4192 eorum
2402 4152 2528 4206 qua:
2571 4134 2866 4206 gessimus.
2908 4136 3039 4190 Post
3083 4135 3261 4190 Deum
3288 4135 3582 4192 veritatem
3624 4138 3820 4195 colen-

2168 4229 2318 4300 dam,
2349 4245 2474 4300 qua:
2501 4229 2614 4282 sola
2637 4227 2898 4283 homines
2925 4227 3033 4282 diis
3062 4229 3350 4300 proximos
3376 4229 3528 4285 facit.

441 4379 3800 4403 mm

1587 4502 2020 4608 OPUSC
2033 4505 2191 4607 UL
2209 4503 2398 4606 ω]
2467 4503 2660 4606 ΙΙΙ.

680 4683 1030 4804 PRO
1104 4682 2316 4802 BEPELLENDA
2390 4681 3566 4808 JAGTANTIA‘.

499 4892 539 4946 ῐ.
581 4893 751 4948 Multa
801 4899 936 4947 sunt
972 4893 1242 4948 vitiorum
1285 4909 1522 4964 genera,
1567 4895 1774 4966 quibus
1817 4893 2515 4980 humanaDsordidatur,
2569 4893 2961 4965 turpiloquiis,
3016 4893 3295 4962 ludibriis,
3356 4894 3818 4966 scurrilitatibus,

425 4984 698 5056 fragilitas
719 4986 1038 5055 infestatur,
1071 4990 1127 5040 et
1155 5002 1400 5056 quorum
1426 4989 1754 5042 vulneribus
1774 5005 1916 5060 pene
1947 5005 2062 5042 om-

425 5095 524 5133 nes
567 5079 827 5133 homines
874 5079 1181 5132 sociantur.
1234 5080 1372 5133 Nam
1427 5085 1488 5135 ut
1541 5081 1720 5135 dicam
1764 5099 1944 5153 pauca
1993 5083 2061 5136 de

424 5173 617 5226 multis
663 5173 790 5227 aliis
834 5189 848 5226 :
893 5172 995 5242 qui
1035 5172 1105 5226 ab
1156 5173 1448 5228 iracundia
1489 5175 1766 5245 vincitur,
1817 5175 2061 5230 caedibus

427 5264 766 5332 homicidiis,
803 5263 1036 5318 clamori
1069 5283 1132 5320 ac
1169 5266 1430 5322 seditioni
1476 5269 1737 5324 deservit.
1775 5269 1928 5323 Alius
1963 5269 2062 5340 qui

424 5358 658 5413 avaritia
705 5357 1047 5428 impellitur,
1101 5359 1608 5430 inhumanitatem,
1666 5362 2058 5434 rapacitatem,

367 5517 371 5523 _
425 5451 562 5505 falsa
601 5451 944 5520 testimonia,
971 5453 1282 5522 violentias,
1312 5455 1580 5526 pcrjuria,
1614 5455 1792 5525 furta,
1823 5456 2059 5510 menda-

427 5544 578 5598 cium
625 5549 682 5600 et
718 5545 1098 5600 fraudationes
1141 5552 1382 5603 exercet.
1419 5549 1570 5602 Alius
1615 5549 1712 5620 qui
1757 5566 1791 5603 a
1825 5549 2062 5604 libidine

495 5690 673 5764 fliam
693 5691 750 5742 et
773 5705 901 5760 qua:
930 5695 1246 5764 sequuntur
1272 5692 1538 5761 opuscula
1565 5693 1817 5764 quinque
1847 5692 2063 5762 primus

429 5759 604 5814 edidit
647 5759 883 5815 Joannes
929 5759 1202 5831 Tanlayus
1253 5759 1472 5818 Salazar
1529 5759 1601 5816 in—
1643 5759 1743 5817 suo
1792 5759 2060 5818 Marticol.

428 5831 758 5904 l_lisp.itom.
815 5833 877 5888 ll.
920 5849 1052 5904 pag.
1101 5836 1363 5890 317-328.
1419 5835 1673 5898 Quorum
1722 5833 1829 5888 tria
1875 5835 2064 5904 priora

429 5901 720 5974 descripsit
763 5918 792 5959 e
834 5901 1158 5977 pervetusto
1201 5905 1399 5962 Codice
1451 5922 1558 5961 ms.
1603 5901 1956 5961 bibliothecae
1998 5907 2060 5962 D.

2165 4987 2457 5042 adulteriis
2509 4991 2565 5040 et
2611 4985 3080 5041 fornicationibus
3127 4987 3462 5042 succumbit.
3512 4987 3669 5041 Alius
3714 4993 3824 5060 qui

2165 5082 2312 5151 gula:
2351 5080 2604 5150 ingluvie
2640 5085 2960 5152 superatur,
2992 5079 3507 5149 comessationibus,
3537 5083 3816 5154 crapulm,

2163 5173 2421 5230 ebrietati
2446 5173 2707 5228 deservit.
2743 5175 2809 5227 Et
2847 5179 2912 5227 ut
2942 5189 3056 5227 non
3085 5173 3263 5227 multa
3298 5189 3628 5245 prosequar,
3657 5193 3820 5247 quae-

2162 5283 2386 5339 cunque
2417 5283 2733 5321 memorare
2753 5283 2854 5337 per
2879 5267 3116 5337 longum
3139 5271 3242 5333 est,
3263 5283 3394 5320 cum
3420 5267 3676 5338 singulos
3702 5270 3816 5324 ho-

2162 5363 2347 5416 mines
2383 5365 2602 5415 constet
2631 5375 2643 5412 :
2673 5376 2822 5414 unus
2857 5361 3007 5415 inter
3045 5361 3166 5414 haec
3209 5359 3400 5414 omnia
3441 5361 3675 5416 morbus
3703 5369 3816 5434 est,

2163 5455 2261 5526 qui
2305 5453 2641 5508 conditionis
2686 5470 2800 5508 sua:
2839 5471 2955 5508 non
2993 5453 3329 5526 singillatim
3373 5455 3671 5526 quosdam,
3715 5458 3818 5512 sed

2162 5546 2552 5620 congregatim
2597 5553 2826 5602 cunctos
2875 5547 3112 5616 addicit;
3159 5551 3219 5603 et
3259 5563 3387 5602 cum
3433 5553 3636 5603 caetera
3675 5549 3820 5605 vitia

2164 5693 2374 5749 Garcite
2420 5693 2488 5748 de
2532 5694 2761 5764 Loaysa.
2807 5691 3040 5764 Reliqua
3080 5708 3211 5746 vero
3253 5691 3364 5746 duo
3398 5693 3549 5746 unde
3588 5693 3820 5750 desum-

2165 5764 2362 5837 pserit,
2387 5780 2798 5837 expressernon
2836 5763 3071 5837 indicat,
3101 5779 3228 5837 quae
3266 5769 3460 5819 tamen
3499 5780 3570 5820 ex
3606 5767 3816 5824 eodem

2167 5835 2366 5892 Codice
2393 5835 2487 5892 ille
2515 5836 2767 5892 hausisse
2797 5835 3036 5891 videtur.
