3968 6432
176 397 231 451 33
743 371 753 380 .
1065 397 1457 454 OPUSCULUM
1494 399 1581 453 Ill.
1623 399 1754 454 PRO
1791 399 2224 457 REPELLENDA
2257 401 2607 458 JACTANTIA
3315 387 3325 390 ’
3429 409 3494 464 34

169 497 532 573 particulatim
561 499 669 555 sibi
693 501 989 559 vindicent
1026 519 1166 575 quos
1191 505 1446 577 vicerint,
1478 507 1582 562 hoc
1617 523 1796 562 unum
1816 519 1874 590 Α
1895 507 1962 563 de
1998 524 2054 563 se
2091 507 2196 563 sibi
2231 509 2336 564 hoc
2369 509 2522 580 quod
2555 524 2749 564 verum
2785 512 2868 563 est
2903 509 3218 579 conﬁtetur,
3261 511 3498 583 gloriam

169 609 268 648 non
293 592 401 646 nisi
428 592 702 648 omnibus
726 595 1018 651 dominari
1041 602 1368 654 contentum
1393 605 1494 655 est.
1527 601 1585 655 ld
1606 605 1794 656 autem

169 690 242 741 est
263 685 426 740 inane
451 685 645 740 laudis
672 688 956 759 studium,
985 689 1136 761 quod
1177 691 1335 746 Greci
1371 701 1625 762 κενοδοξία,
1655 695 1795 749 Lati-

166 779 220 833 ni
241 794 432 832 vanam
458 779 701 848 gloriam
725 797 827 836 seu
845 781 1177 851 jactantiam
1201 789 1420 840 vocant.
1450 787 1607 850 Quod
1631 789 1794 858 quale

169 871 228 925 sit
245 871 454 925 malum
476 875 536 925 et
559 873 857 942 quomodo
885 875 1178 930 universos
1196 876 1470 947 vulneret,
1505 879 1703 934 dicam.

231 965 288 1016 ll.
335 964 480 1017 Cum
525 963 589 1018 in
635 965 912 1020 omnibus
954 967 1126 1038 hujus
1162 969 1290 1024 vitae
1338 971 1554 1040 studiis,
1607 971 1793 1042 aliqua

165 1054 297 1126 plus,
333 1053 524 1126 aliqua
562 1055 764 1110 minus
808 1057 1064 1113 humano
1111 1062 1306 1130 generi
1341 1062 1614 1132 placeant,
1651 1063 1792 1117 nihil

165 1147 332 1217 magis
359 1147 758 1204 delectabilius
790 1150 864 1204 ab
890 1151 1046 1206 omni
1081 1152 1310 1208 homine
1339 1171 1507 1226 quam
1544 1155 1792 1210 studium

165 1239 410 1294 humanas
454 1239 648 1296 laudis
687 1242 1002 1313 appetitur.
1041 1245 1108 1299 Et
1131 1245 1242 1300 alia
1273 1246 1502 1317 quidem
1537 1251 1791 1319 quamvis

166 1331 542 1386 ardentissima
585 1334 922 1405 cupiditatis
971 1336 1272 1392 ambitione
1319 1343 1451 1393 sunt
1490 1341 1786 1411 acquisita;

165 1427 337 1478 tamen
376 1428 686 1496 postquam
743 1426 947 1482 haberi
989 1429 1257 1500 cceperint
1296 1430 1418 1501 ipso
1467 1433 1790 1502 quotidiano

165 1515 240 1570 sui
262 1532 362 1570 usu
395 1517 664 1586 quamvis
699 1533 917 1590 magna
945 1520 1075 1589 sint,
1108 1521 1372 1576 continuo
1407 1523 1785 1580 fastidiuntur.

164 1610 224 1662 At
245 1624 371 1662 vero
397 1608 573 1664 inane
594 1610 709 1665 hoc
734 1627 896 1666 vanae
921 1613 1108 1681 gloriae
1135 1613 1476 1669 desiderium
1505 1620 1658 1671 tanto
1675 1634 1789 1672 am-

162 1700 294 1770 plius
316 1701 619 1772 quaeritur,
643 1709 869 1774 quanto
898 1705 1140 1776 amplius
1168 1705 1459 1762 inventum
1487 1713 1568 1763 est
1589 1725 1602 1763 :
1626 1709 1702 1765 ita
1723 1715 1788 1764 ut

161 1791 289 1846 nihil
313 1809 381 1848 ex
405 1794 566 1848 omni
586 1811 768 1866 Opere
797 1796 929 1867 plus
949 1798 1120 1853 homo
1142 1800 1334 1870 cupiat
1357 1817 1526 1872 quam
1544 1801 1783 1870 laudari;

1894 616 2054 654 suam
2079 617 2148 655 ex
2173 601 2354 656 aliena
2381 601 2646 672 opinione
2675 601 2996 672 suspendit;
3037 606 3094 658 et
3127 619 3258 659 cum
3295 605 3500 661 dicitur

1892 692 2104 762 beatus,
2137 694 2487 765 magnificus,
2519 697 2736 765 potens,
2765 710 2883 748 non
2912 694 3044 764 quia
3091 695 3168 750 ita
3204 702 3288 752 est
3324 698 3393 752 de
3417 715 3494 768 se,

1894 785 1987 838 sed
2013 785 2144 856 quia
2171 786 2248 839 ita
2272 787 2475 842 dicitur
2498 787 2692 841 credit.
2724 788 2837 840 Hoc
2864 785 3014 840 enim
3034 792 3116 842 est
3141 789 3499 846 mortiferum

1893 877 2034 931 illud
2058 878 2254 934 vitium
2273 879 2340 933 de
2371 896 2484 950 quo
2511 879 2782 934 Dominus
2813 879 2871 933 in
2905 880 3198 950 Evangelio
3224 882 3301 936 ita
3321 883 3500 954 loqui-

1890 972 1984 1022 tur
2019 970 2087 1024 ad
2130 971 2346 1024 Iudaeos
2387 991 2400 1026 :
2446 973 2732 1038 Quomodo,
2758 971 2966 1042 inquit,
3004 987 3094 1027 vos
3128 977 3346 1043 potestis
3383 991 3494 1030 ore-

1890 1061 2032 1122 dere,
2061 1065 2156 1130 qui
2178 1063 2404 1128 gloriam
2426 1065 2493 1116 ab
2515 1066 2737 1117 invicem
2761 1065 3024 1132 accipitis,
3052 1069 3103 1118 et
3123 1065 3349 1131 gloriam
3378 1083 3496 1136 quia

1890 1155 2055 1208 asolo
2088 1157 2189 1208 Deo
2227 1159 2303 1210 est
2339 1171 2443 1210 non
2483 1158 2722 1225 quaeritis
2762 1155 2931 1224 (Joan.
2975 1172 3028 1225 v,
3074 1157 3202 1226 44)?
3243 1158 3495 1214 Ostendit

1891 1244 2040 1298 enim
2066 1245 2350 1312 Dominus,
2379 1247 2510 1318 quia
2537 1247 2791 1317 quisquis
2813 1247 2883 1300 ab
2908 1247 3231 1302 hominibus
3260 1249 3496 1320 gloriam

1889 1337 2090 1406 quaerit
2113 1353 2145 1390 a
2173 1339 2280 1392 Deo
2303 1354 2417 1392 non
2450 1339 2616 1392 habet
2639 1339 2788 1408 quod
2815 1343 3112 1410 exspectet.
3141 1341 3293 1395 Unde
3326 1341 3495 1396 etiam

1889 1427 2030 1482 illud
2065 1429 2132 1483 de
2170 1429 2474 1500 hypocritis
2509 1431 2920 1501 eleemosynam
2956 1431 3283 1486 facientibus
3316 1433 3449 1489 dicit
3479 1451 3493 1489 :

1885 1520 2011 1572 Ideo
2040 1521 2134 1574 hoc
2155 1524 2386 1588 faciunt,
2414 1528 2474 1576 ut
2495 1525 2858 1592 gloriﬁcentur
2885 1524 2953 1576 ab
2979 1525 3294 1579 hominibus.
3320 1526 3494 1580 Amen

1887 1611 2002 1664 dico
2033 1613 2180 1665 vobis
2223 1616 2354 1682 quia
2405 1620 2713 1683 receperunt
2762 1615 3048 1669 mercedem
3097 1631 3251 1670 suam
3285 1617 3492 1686 (Matth.

1885 1717 1956 1770 vr,
2007 1704 2091 1774 2);
2145 1704 2201 1758 id
2255 1709 2360 1774 est,
2410 1706 2632 1760 laudem
2685 1706 2990 1760 humanam
3041 1707 3388 1764 solummodo
3437 1709 3497 1764 in

1886 1795 2163 1862 praesenti.
2193 1799 2395 1851 Paulus
2421 1814 2642 1868 quoque
2671 1799 2961 1868 Apostolus
2987 1814 3088 1852 nos
3124 1805 3315 1856 monet
3342 1819 3355 1854 :
3386 1805 3494 1859 No-

162 1899 252 1938 nec
276 1885 422 1939 aliud
452 1885 681 1957 aliquid
721 1888 943 1959 gratius
971 1889 1074 1944 sibi
1108 1869 1393 1947 exigtimef
1415 1893 1590 1963 reddi,
1620 1869 1864 1966 quamB
1889 1886 1999 1947 lite,
2045 1887 2247 1958 inquit,
2289 1892 2407 1958 ﬁeri
2442 1892 2623 1943 inanis
2659 1891 2844 1955 gloriae
2883 1892 3068 1959 cupidi
3110 1890 3251 1961 (Gal.
3291 1909 3341 1946 ν.
3383 1893 3492 1965 26).

163 1973 202 2029 si
222 1976 340 2047 quis
376 1977 545 2032 illum
572 1979 745 2050 quasi
775 1981 1087 2050 gloriosum
1121 1983 1294 2038 fuerit
1319 1984 1646 2040 admiratus.
1678 1988 1788 2040 Hoc

164 2084 285 2139 ergo
308 2084 489 2140 reges,
519 2071 634 2126 hoc
652 2071 903 2142 judices,
927 2073 1032 2128 hoc
1049 2075 1286 2146 ‘urbani,
1314 2076 1422 2130 hoc
1449 2077 1659 2147 rustici,
1683 2078 1790 2132 hoc

161 2159 270 2228 viri,
307 2161 412 2215 hoc
454 2163 716 2232 feminae,
755 2165 923 2235 pueri
947 2207 962 2235 ,
1017 2167 1412 2235 adolescentes,
1457 2169 1693 2240 juvenes
1733 2175 1789 2226 et

164 2269 304 2308 senes
328 2253 435 2309 hoc
465 2255 760 2312 ambiunt.
793 2257 1005 2312 Omnes
1043 2259 1264 2313 laudari
1289 2261 1501 2329 volunt,
1537 2263 1788 2332 quamvis

162 2343 280 2398 false
315 2345 645 2402 laudentur.
677 2349 822 2403 Nam
848 2350 1010 2420 pueri
1037 2351 1458 2406 adolescentum
1489 2353 1594 2407 sibi
1623 2354 1784 2424 inge-

163 2436 304 2492 nium
323 2437 638 2508 vindicant,
668 2440 1058 2496 adolescentes
1089 2443 1367 2513 juvenum
1396 2445 1454 2498 in
1480 2461 1537 2498 se
1562 2445 1782 2500 fortitu-

165 2527 332 2584 dinem
364 2531 756 2600 mentiuntur,
781 2533 1024 2602 juvenes
1050 2549 1250 2589 senum
1287 2535 1391 2589 sibi
1431 2536 1786 2606 prudentiam

163 2620 423 2677 ascribunt
465 2638 478 2677 :
519 2638 716 2693 senes,
757 2625 895 2696 quia
943 2625 1180 2680 ulterius
1232 2626 1314 2682 ire
1367 2643 1482 2681 non
1530 2633 1782 2698 possunt,

163 2713 435 2768 redeuntes
464 2719 647 2785 retro,
683 2717 930 2787 gloriam
957 2718 1064 2772 sibi
1092 2719 1329 2789 exigunt
1353 2719 1420 2773 de
1461 2722 1782 2789 transactis;

163 2804 366 2861 femina:
387 2808 658 2878 quamvis
687 2825 834 2864 sexu
859 2825 979 2864 non
1008 2815 1264 2881 possunt,
1293 2811 1484 2866 animo
1514 2829 1571 2866 se
1596 2817 1785 2867 tamen

162 2898 416 2953 virilitatis
451 2901 786 2968 extollunt;
837 2903 1034 2956 rustici
1068 2903 1313 2957 urbanos
1350 2904 1530 2958 videri
1565 2921 1622 2958 se
1669 2921 1786 2973 ges-

163 2988 317 3060 tiunt;
338 2991 562 3062 judices
604 2993 722 3046 hoc
748 2993 859 3046 sibi
896 2999 1163 3064 quaerunt
1181 2994 1410 3062 deferri,
1443 2997 1592 3068 quod
1630 2997 1783 3067 regi-

162 3079 280 3149 bus;
304 3099 464 3155 reges
487 3086 599 3139 hoc
621 3101 686 3140 se
715 3086 1003 3140 somniant
1020 3103 1200 3158 posse,
1229 3087 1379 3157 quod
1415 3089 1580 3142 Deus.
1605 3090 1783 3159 Atque

161 3171 226 3227 ita
253 3173 383 3230 dum
416 3177 640 3249 singuli
679 3195 744 3233 se
789 3178 922 3249 plus
961 3179 1160 3233 volunt
1198 3179 1378 3233 videri
1424 3196 1594 3250 quam
1630 3185 1780 3250 sunt,

166 3265 382 3334 gloriam
407 3269 596 3326 laudis
626 3287 767 3342 quas
795 3271 902 3324 soli
929 3271 1039 3326 Deo
1067 3271 1340 3326 veraciter
1363 3271 1598 3326 debetur
1617 3272 1786 3328 hosti-

163 3355 275 3413 liter
297 3359 606 3432 deprzedati
627 3366 792 3418 sunt.
815 3364 886 3416 Et
912 3363 1065 3432 quod
1083 3363 1152 3418 ad
1180 3379 1466 3417 summum
1489 3364 1644 3418 nefas
1665 3381 1787 3436 per-

162 3450 302 3518 tinet,
330 3453 462 3508 hinc
490 3455 638 3509 illud
669 3454 1041 3525 sacrilegium
1077 3455 1334 3510 exoritur
1369 3455 1782 3526 blasphemum,

163 3545 217 3596 ut
247 3543 374 3614 quia
411 3551 606 3602 totum
643 3547 811 3618 quod
848 3547 1030 3602 laudis
1063 3552 1148 3603 est
1183 3548 1356 3602 homo
1391 3548 1602 3619 diripit,
1643 3549 1786 3602 nihil

163 3634 294 3690 aliud
330 3638 439 3692 Deo
463 3639 578 3693 nisi
618 3639 753 3694 sola
777 3639 1122 3710 vituperatio
1159 3639 1519 3711 relinquitur.
1549 3641 1788 3695 Excessit

162 3741 431 3785 mensuras
455 3746 588 3786 suas
619 3747 814 3802 genus
842 3732 1182 3799 humanum,
1213 3733 1350 3786 dum
1375 3732 1662 3786 neminem
1692 3733 1782 3786 in-

163 3821 329 3875 venias
353 3823 450 3893 qui
477 3839 598 3878 non
622 3824 713 3878 ita
737 3823 939 3877 mirari
967 3839 1024 3877 se
1042 3823 1185 3878 velit
1208 3827 1272 3878 ut
1297 3824 1460 3878 Deus.
1491 3823 1621 3887 Quis
1649 3840 1784 3894 ergo

165 3911 345 3967 modus
377 3919 570 3985 potest
613 3930 744 3970 esse
789 3914 1018 3981 talibus,
1047 3931 1081 3968 a
1122 3914 1328 3986 quibus
1365 3919 1422 3970 et
1457 3916 1660 3970 coelum
1704 3921 1786 3971 est

162 4004 507 4074 pignoratum
547 4008 625 4062 ad
667 4007 842 4078 cujus
889 4007 1246 4062 altitudinem
1293 4006 1398 4060 nisi
1448 4007 1574 4078 quis
1615 4007 1786 4062 fuerit

163 4092 394 4168 humilis,
420 4115 541 4154 non
567 4099 856 4170 attingit?

229 4189 308 4244 lli.
334 4192 425 4245 His
443 4197 643 4248 autem
666 4209 706 4246 a
730 4191 940 4262 quibus
961 4190 1016 4246 id
1035 4191 1185 4262 quod
1206 4207 1513 4262 supernum
1530 4196 1611 4246 est
1633 4209 1788 4246 usur-

163 4284 327 4350 patur,
356 4287 416 4336 ut
441 4285 591 4338 mihi
608 4283 862 4352 videtur,
887 4282 1034 4336 nihil
1053 4283 1205 4337 aliud
1233 4287 1486 4337 remanet
1509 4299 1681 4354 quam
1705 4283 1787 4338 in-

163 4370 384 4429 fernum.
437 4377 560 4430 Non
615 4375 781 4432 enim
846 4374 1059 4429 habent
1105 4390 1218 4445 quo
1267 4375 1603 4443 ascendant;
1655 4375 1786 4446 quia

167 4477 365 4536 semper
385 4467 777 4537 ascendendo,
809 4467 920 4520 hoc
947 4466 1060 4520 illis
1086 4471 1306 4522 tantum
1338 4471 1609 4538 superest,
1637 4467 1786 4539 quod

1885 1977 2114 2033 lnanem
2156 1981 2440 2051 appellans
2485 1979 2721 2052 gloriam
2773 1998 2944 2052 quam
2983 1981 3198 2037 fenerat
3243 1983 3494 2039 mendice

1885 2070 2195 2126 mendicus.
2239 2074 2470 2126 Inanem
2511 2073 2700 2126 dicens
2745 2077 2801 2126 et
2845 2089 3074 2126 vacuam
3119 2089 3230 2144 qua
3275 2075 3321 2128 si
3360 2076 3495 2146 quid

1885 2159 2017 2214 boni
2048 2162 2254 2233 agitur,
2284 2165 2419 2218 dum
2457 2164 2561 2218 sibi
2603 2165 2772 2218 homo
2809 2165 3024 2234 tribuit,
3063 2165 3316 2221 omnium
3337 2167 3493 2222 labo-

1885 2268 2013 2306 rum
2038 2254 2250 2310 fructus
2277 2259 2523 2311 evacuat.

1953 2346 2036 2398 IV.
2095 2347 2201 2400 Nec
2256 2349 2436 2402 solum
2485 2348 2685 2402 merita
2739 2349 3014 2404 virtutum
3081 2351 3344 2420 excludit,
3394 2351 3491 2406 sed

1885 2435 2050 2490 etiam
2094 2455 2222 2492 reus
2255 2439 2496 2494 efﬁcitur
2519 2441 2714 2494 aeterni
2743 2441 2996 2511 supplicii
3025 2457 3038 2495 :
3067 2442 3197 2512 quia
3223 2459 3362 2513 opus
3388 2444 3492 2498 bo-

1883 2545 2023 2582 num
2063 2531 2210 2600 quod
2240 2531 2470 2586 obtentu
2491 2532 2742 2601 jubentis
2776 2533 2870 2585 Dei
2895 2533 3088 2587 debuit
3109 2534 3371 2602 exerceri,
3399 2552 3491 2590 ac-

1884 2620 2170 2691 quirendae
2189 2622 2368 2677 laudis
2390 2625 2566 2692 gratia
2587 2629 2928 2678 exerceatur.
2948 2625 3096 2679 Tolle
3113 2625 3342 2692 favores,
3358 2627 3492 2683 tolle

1883 2713 2274 2768 admirationes
2315 2715 2608 2784 humanas,
2643 2733 2847 2786 paucos
2876 2717 3126 2770 invenies
3151 2717 3248 2788 qui
3281 2718 3492 2789 aliquid

1884 2803 2015 2858 boni
2047 2809 2144 2859 aut
2181 2823 2370 2862 amore
2413 2807 2528 2876 Dei,
2569 2812 2666 2861 aut
2714 2808 2777 2875 (si
2805 2807 2894 2861 hic
2935 2824 3049 2862 non
3086 2808 3270 2878 fuerit)
3297 2809 3495 2866 timore
3543 2879 3550 2889 ι

1883 2896 2190 2966 perﬁciant.
2229 2899 2384 2953 Unde
2419 2916 2534 2953 non
2563 2899 2736 2954 levior
2763 2916 2864 2954 nos
2893 2899 3072 2970 :culpa
3107 2903 3490 2970 commaculet,

1883 2989 2014 3058 quia
2040 2989 2295 3045 homines
2319 2993 2450 3061 Deo’,
2473 2996 2529 3046 et
2568 2991 2802 3062 gloriam
2831 2993 3140 3046 humanam
3175 2993 3366 3063 gloria:
3391 3011 3494 3050 caa-

1882 3081 2007 3136 lesti
2057 3083 2456 3153 praeponimus.
2499 3086 2702 3138 Acutus
2748 3083 2914 3137 nimis
2964 3084 3055 3138 hic
3105 3083 3358 3140 elationis
3411 3091 3494 3142 est

1884 3174 2110 3228 morbus
2141 3193 2154 3228 :
2185 3191 2253 3229 ex
2287 3179 2524 3246 utraque
2568 3180 2727 3246 parte
2773 3176 3075 3246 pestiferat,
3131 3193 3194 3230 ac
3245 3177 3492 3234 incautos

1884 3267 2184 3320 exulcerat.
2226 3268 2364 3320 Nam
2391 3267 2484 3320 alii
2521 3267 2644 3335 sibi,
2673 3267 2804 3338 quia
2831 3267 2973 3322 boni
3008 3273 3138 3322 sunt
3165 3287 3178 3322 :
3210 3269 3327 3338 alii,
3363 3271 3492 3341 quia

1883 3358 2018 3412 mali
2054 3363 2204 3425 sunt,
2238 3359 2568 3428 gloriantur.
2608 3359 2713 3414 Sed
2755 3360 2824 3413 de
2856 3359 3016 3414 bonis
3053 3361 3209 3414 elatis
3245 3361 3490 3416 dicitur:

1885 3451 2144 3515 Quoniam
2179 3455 2319 3505 Deus
2356 3452 2641 3520 dissipavit
2674 3467 2793 3506 ossa
2829 3453 3098 3507 hominum
3133 3455 3239 3508 sibi
3267 3455 3488 3522 placen-

1884 3545 2017 3596 tium
2069 3542 2173 3612 (Ps.
2221 3558 2314 3612 ιιι,
2354 3543 2425 3612 6).
2473 3545 2549 3597 De
2600 3543 2763 3597 malis
2806 3560 2938 3598 vero
2989 3545 3192 3599 inflatis
3243 3547 3486 3602 dicitur:

1885 3635 2145 3700 Quoniam
2171 3635 2432 3688 laudatur
2450 3640 2694 3704 peccator
2712 3639 2768 3688 in
2787 3636 3062 3690 desideriis
3079 3639 3274 3692 anima
3291 3653 3419 3700 suae,
3442 3643 3494 3694 et

1884 3729 1979 3795 qui
2014 3727 2204 3794 iniqua
2240 3728 2377 3792 gerit
2414 3727 2737 3780 benedicitur
2761 3727 2866 3794 (Ps.
2895 3743 2928 3780 x
2948 3743 2964 3795 ;
2999 3742 3097 3782 sec.
3127 3729 3258 3784 Heb.
3297 3730 3396 3800 Ill).
3426 3731 3494 3785 Et

1883 3817 2020 3871 illud
2047 3817 2410 3888 apostolicum
2453 3833 2467 3872 :
2510 3821 2741 3885 Quorum
2779 3819 2906 3874 deus
2937 3824 3136 3881 venter,
3163 3825 3214 3876 et
3237 3822 3412 3890 gloria
3435 3825 3491 3878 in

1883 3911 2237 3975 confusionem
2263 3911 2520 3980 (Philipp.
2546 3927 2627 3980 lli,
2664 3910 2767 3980 19).

1951 4002 2016 4056 ν.
2047 4000 2258 4071 Ubique
2298 4001 2449 4055 enim
2494 4003 2600 4056 hoc
2629 4002 2908 4070 jactantiae
2949 4003 3149 4058 vitium
3199 4005 3389 4076 serpit,
3438 4009 3494 4062 et

1883 4109 2010 4147 suas
2043 4093 2342 4164 utrobique
2387 4098 2574 4164 partes
2617 4099 2858 4149 exercet.
2908 4095 3012 4151 Sed
3047 4096 3094 4150 si
3128 4096 3252 4150 illos
3295 4097 3393 4168 qui
3429 4098 3490 4152 in

1882 4184 2040 4239 bonis
2064 4185 2325 4255 operibus
2347 4185 2595 4240 viventes
2623 4186 2929 4241 humanam
2960 4189 3193 4258 gloriam
3215 4205 3492 4262 aucupan-

1883 4280 1996 4345 tur,
2021 4277 2318 4332 auctoritas
2344 4277 2528 4332 divina
2553 4279 2907 4346 condemnat,
2937 4296 3003 4335 eo
3029 4282 3177 4352 quod
3203 4298 3258 4336 se
3284 4266 3344 4336 in
3377 4283 3490 4336 illis

1882 4369 2065 4440 magis
2091 4370 2387 4426 voluerunt
2415 4371 2630 4425 laudari
2666 4388 2836 4443 quam
2860 4373 3068 4441 Deum;
3101 4374 3235 4446 quid
3277 4375 3345 4429 de
3382 4375 3490 4430 illis

1883 4461 1978 4516 ﬁet
2003 4461 2100 4533 qui
2125 4467 2180 4516 et
2207 4464 2354 4518 male
2379 4464 2572 4518 vivunt
2599 4467 2656 4518 et
2673 4469 2861 4518 tamen
2885 4465 3103 4520 laudari
3125 4467 3360 4522 volunt?
3380 4467 3491 4538 lpsi

169 4554 500 4614 descendant.
530 4561 754 4614 omnes
780 4559 938 4613 enim
959 4558 1032 4612 ad
1052 4559 1309 4630 gloriam,
1330 4575 1434 4614 nec
1458 4563 1648 4614 tamen
1674 4577 1785 4614 una
1803 4571 1862 4642 D
1884 4555 2250 4609 considerent.
2276 4555 2467 4610 Nullus
2492 4555 2671 4626 igitur
2696 4572 2851 4610 vanae
2879 4557 3070 4628 glorias
3093 4558 3220 4612 ﬁnis
3246 4563 3362 4614 est:
3385 4575 3489 4614 nec

169 4645 244 4700 via
263 4657 632 4720 concurrunt;
663 4651 767 4706 alii
787 4651 944 4706 enim
973 4651 1043 4704 de
1067 4652 1309 4721 acceptis
1335 4651 1646 4706 honoribus
1671 4653 1785 4707 lau-

170 4739 281 4794 dem
321 4745 577 4815 cupiunt,
635 4744 739 4798 alii
787 4744 858 4798 de
901 4743 1146 4812 relictis;
1191 4743 1418 4814 quidam
1455 4740 1592 4798 auro
1630 4745 1781 4812 elati,

166 4833 374 4902 quidam
397 4853 594 4907 panno
621 4836 905 4890 vilissimo
940 4835 1286 4905 gloriantur;
1319 4836 1459 4890 alius
1483 4837 1615 4907 quia
1643 4837 1782 4891 deli-

170 4925 292 4979 ciose
316 4927 449 4982 vivit
485 4929 721 5000 placere
749 4927 891 4993 vult,
916 4927 1061 4982 alius
1096 4927 1232 4998 quia
1263 4943 1459 4997 parce;
1497 4932 1781 4998 postremo

168 5016 289 5073 alter
319 5019 489 5091 vitiis,
518 5022 670 5076 alter
717 5019 1041 5075 virtutibus.
1083 5021 1290 5074 Omnes
1329 5019 1542 5091 ubique
1576 5021 1781 5074 famam

169 5123 307 5166 suam
333 5129 654 5185 prorogare
684 5111 1041 5166 contendunt
1071 5127 1086 5165 :
1114 5115 1170 5166 et
1189 5110 1314 5166 ideo
1346 5110 1674 5166 difﬁcillima
1701 5117 1784 5167 est

170 5197 317 5272 hujus
331 5206 626 5273 jactantiae
654 5205 902 5270 curatio,
935 5203 1068 5274 quia
1095 5219 1213 5257 non
1236 5203 1382 5258 vitiis
1407 5207 1644 5271 tantum,
1687 5205 1782 5258 sed

169 5295 317 5350 etiam
358 5299 672 5354 virtutibus
719 5312 777 5350 se
805 5295 1105 5350 immiscet.
1154 5296 1264 5350 Nec
1307 5295 1459 5350 enim
1507 5295 1784 5366 permittit

170 5383 436 5445 hominem
469 5390 661 5462 qualis
687 5389 761 5444 sit
785 5405 820 5442 a
846 5388 1145 5458 semetipso
1169 5388 1457 5458 dignosci;
1488 5389 1620 5458 quia
1647 5388 1782 5442 dum

171 5475 402 5537 laudibus
433 5484 640 5539 alienis
689 5481 998 5552 adgaudet,
1046 5481 1167 5552 ejus
1215 5481 1476 5535 exaltatio
1527 5479 1783 5552 sequitur

176 5573 436 5642 gaudium,
471 5573 889 5630 exaltationcm
926 5587 1060 5627 vero
1098 5577 1292 5628 tumor
1327 5575 1384 5626 et
1420 5572 1594 5626 nimia
1631 5572 1780 5627 aesti-

175 5665 321 5720 matio
351 5669 458 5736 sui,
485 5669 622 5740 plus
649 5665 938 5738 siquidem
969 5665 1029 5720 in
1055 5681 1113 5720 se
1147 5665 1388 5720 aestimat
1423 5681 1592 5736 quam
1627 5665 1780 5737 quod

172 5752 322 5816 videt.
342 5761 524 5836 Atque
547 5759 631 5818 ita
665 5759 736 5817 fit
761 5762 832 5816 ut
863 5773 980 5814 non
1014 5761 1236 5816 tantum
1259 5758 1438 5815 aliena
1460 5758 1779 5814 adulatione

175 5846 328 5910 simas
371 5853 586 5932 miseri,
633 5851 739 5913 sed
780 5849 953 5909 etiam
982 5857 1212 5912 nostra:
1243 5867 1374 5910 nam
1413 5849 1550 5912 dum
1588 5851 1780 5909 nullus

1883 4647 2062 4701 solum
2089 4663 2152 4700 ea
2181 4664 2305 4718 quae
2333 4652 2487 4718 gesta
2513 4653 2643 4703 sunt
2667 4649 2922 4720 requirit,
2951 4651 3046 4704 sed
3070 4651 3238 4706 etiam
3265 4668 3331 4706 ea
3363 4668 3490 4724 qua

1885 4739 2129 4810 gerenda
2155 4743 2286 4794 sunt
2311 4740 2605 4795 antecedit.
2637 4742 2774 4796 Nam
2803 4741 2849 4796 si
2882 4742 3016 4813 quid
3049 4743 3182 4798 boni
3211 4745 3392 4815 operis
3418 4745 3488 4799 ab

1881 4832 2068 4902 aliquo
2094 4831 2431 4888 destinatum
2455 4837 2557 4901 est,
2581 4833 2848 4888 continuo
2867 4835 2985 4889 haec
3004 4837 3224 4906 alludit;
3247 4841 3302 4891 et
3319 4851 3490 4908 quan‘

1881 4928 2004 4978 tum
2029 4941 2096 4978 ex
2134 4940 2199 4979 eo
2227 4925 2570 4979 admirabilis
2603 4925 2700 4980 ﬁat
2733 4927 2966 4995 caeteris,
2985 4927 3105 4996 jam
3133 4928 3404 4999 depingit.
3431 4929 3488 4986 Si

1881 5016 2093 5086 aliquid
2130 5021 2278 5070 recte
2315 5018 2584 5088 quosdam
2618 5019 2813 5074 docere
2842 5019 3100 5088 voluerit,
3134 5020 3288 5090 prius
3317 5037 3489 5092 quam

1880 5109 1950 5162 ab
1970 5108 2092 5162 aliis
2111 5109 2360 5163 eruditus
2386 5115 2482 5166 aut
2507 5110 2988 5181 eloquentissimus
3014 5112 3344 5184 appelletur,
3367 5114 3488 5184 jam

1881 5200 1986 5254 hoc
2013 5201 2313 5271 praemissae
2339 5201 2664 5272 suspicionis
2692 5202 3054 5260 delectatione
3081 5221 3242 5260 aures
3279 5207 3486 5278 depru-

1879 5292 2034 5346 riunt
2065 5292 2278 5348 audire.
2308 5293 2363 5348 Si
2400 5293 2616 5364 quoties
2644 5295 2948 5366 aliquando
2987 5297 3263 5369 dirigatur
3291 5300 3489 5355 litterae

1879 5384 1948 5438 ad
1973 5385 2234 5454 amicum,
2263 5385 2420 5456 prius
2453 5403 2622 5458 quam
2662 5389 3130 5460 transmittantur,
3158 5396 3254 5446 aut
3277 5391 3336 5446 in
3365 5408 3486 5447 ma-

1879 5493 1987 5531 nus
2012 5477 2058 5548 ej
2069 5495 2132 5532 us
2157 5478 2249 5532 cui
2277 5482 2409 5534 sunt
2428 5479 2646 5550 scriptae
2666 5481 3011 5551 perveniant,
3035 5487 3311 5554 quantum
3330 5483 3390 5540 in
3409 5485 3492 5540 eis

1877 5567 2027 5640 apud
2067 5569 2230 5626 illum
2267 5571 2615 5626 doctissimus
2649 5573 2923 5643 videatur,
2969 5579 3355 5649 quantumque
3402 5576 3488 5631 illi

1877 5662 2258 5718 admirationis
2277 5680 2380 5736 per
2404 5665 2661 5736 quaedam
2687 5665 2922 5721 dictatus
2951 5667 3038 5720 sui
3062 5668 3182 5722 loca
3205 5671 3481 5732 nascatur,

1877 5755 2062 5828 sagaci
2077 5757 2319 5828 quodam
2337 5758 2836 5815 commendationis
2851 5773 2964 5814 suae
2983 5760 3318 5832 cogitamine
3334 5773 3480 5830 pre-

1877 5847 2105 5907 divi'nat.
2161 5851 2219 5912 Si
2265 5850 2430 5909 alicui
2483 5851 2540 5910 in
2590 5852 2709 5908 loco
2757 5851 3093 5909 necessitatis
3148 5849 3482 5916 beneﬁcium
