3968 6438
485 387 552 442 35
1838 381 2112 438 MARTINI
2153 380 2511 436 DL’MIEMSIS
3777 392 3836 442 36

481 497 748 568 prompte
776 495 1100 566 praastetur,
1126 493 1432 562 antequam
1456 489 1712 561 accipiat,
1742 489 1840 561 qui
1882 489 2114 560 praebet,
2140 501 2198 573 Α
2219 487 2474 559 sequitur
2505 505 2518 542 :
2552 491 2612 542 ut
2639 486 2749 541 nisi
2783 485 2910 558 quis
2932 485 3089 541 illam
3120 486 3181 541 in
3218 486 3376 542 omni
3409 502 3577 558 opere
3606 505 3706 546 suo
3733 494 3835 549 cir-

481 592 762 661 quantum
779 603 848 642 ex
871 603 936 641 eo
955 585 1238 658 benignus
1256 584 1520 639 omnibus
1535 587 1633 638 aut
1651 583 2118 654 largientissimus

481 681 761 751 videatur,
794 680 886 734 hic
915 680 1015 751 qui
1043 679 1278 736 daturus
1309 683 1393 733 est
1417 678 1668 732 metitur.
1698 676 1851 731 Miles
1877 675 2118 747 denique

481 775 604 848 ipse
635 773 875 846 sumptis
901 773 1076 828 armis
1101 773 1292 844 pergit
1317 772 1386 827 ad
1413 771 1704 844 praelium;
1736 770 1873 824 dum
1908 769 2113 838 adhuc,

481 869 576 924 cui
619 869 782 923 cedat
818 867 1071 935 victoria,
1103 867 1370 934 nescitur,
1417 868 1765 936 prresumpta
1809 863 1914 917 sibi
1951 862 2114 917 forti-

479 962 696 1018 tudinis
731 959 1090 1032 arrogantia,
1123 959 1200 1014 ita
1237 959 1546 1030 typhosus,
1589 957 1749 1028 quasi
1781 957 1903 1027 jam
1940 956 2118 1011 victor

481 1055 823 1128 ingreditur.
875 1053 1143 1109 Przeludit
1182 1069 1318 1124 ergo
1356 1051 1518 1106 elatio
1561 1049 1624 1104 in
1661 1050 2020 1122 quibusdam,
2061 1053 2117 1104 et

485 1150 640 1205 velut
653 1149 769 1204 dux
784 1147 1045 1220 quaedam
1060 1146 1256 1201 suadet
1269 1145 1551 1200 omnibus.
1571 1144 1680 1198 Nec
1697 1145 1880 1198 solum
1893 1143 2116 1214 magnis

485 1244 582 1299 dat
621 1243 899 1310 animum,
936 1241 1032 1296 sed
1072 1245 1127 1295 et
1164 1239 1370 1311 parvis.
1411 1239 1550 1292 Nam
1595 1237 1655 1292 in
1695 1238 1890 1310 quovis
1931 1237 2116 1309 operis

485 1342 693 1393 conatu
731 1335 820 1392 vel
858 1334 1143 1407 ponderis,
1176 1331 1432 1404 quamvis
1466 1331 1779 1386 invalidum
1817 1347 1951 1386 mox
1991 1331 2117 1384 laud

483 1430 720 1501 daveris,
752 1430 882 1502 plus
906 1427 1132 1483 valebit.
1163 1426 1216 1482 Si
1252 1441 1459 1498 parum
1491 1424 1756 1496 ponderis
1796 1429 2116 1496 portantem

481 1525 643 1597 quasi
678 1525 986 1580 admiratus
1021 1521 1213 1591 fueris,
1245 1520 1447 1592 majori
1485 1519 1821 1574 succumbit.
1854 1518 1909 1574 Si
1951 1519 2116 1589 pigro

483 1618 694 1674 dixeris
728 1617 861 1690 quia
887 1617 1049 1672 velox
1095 1619 1197 1684 est,
1225 1613 1498 1670 continuo
1539 1613 1798 1669 evolabit.
1829 1613 2118 1666 Postremo

483 1718 540 1769 et
563 1712 655 1768 cui
674 1711 819 1766 vires
836 1727 980 1766 vana
1007 1709 1183 1782 gloria
1207 1709 1340 1763 dare
1359 1725 1475 1763 non
1499 1707 1705 1780 potuit,
1725 1707 1814 1761 vel
1835 1705 2115 1778 impetum

481 1805 876 1862 commodavit.
901 1807 1092 1876 Itaque
1109 1819 1248 1875 ergo
1267 1802 1530 1875 quaedam
1545 1800 1834 1873 praecedit,
1853 1799 2114 1872 quaedam

2219 586 2538 652 cumspecte
2579 581 2887 652 provideat,
2923 580 3072 635 nihil
3107 581 3216 636 Deo
3246 598 3316 636 ex
3351 582 3507 636 omni
3532 599 3699 654 opere
3725 587 3838 658 ejus

2219 674 2362 728 nihil
2395 675 2675 746 proximo,
2711 674 2855 728 nihil
2899 674 3146 746 denique
3187 675 3374 730 eidem
3411 675 3520 746 ipsi
3560 679 3834 751 proficiat;

2219 769 2314 822 sed
2342 768 2496 822 velut
2529 768 2725 822 infelix
2751 767 3118 838 mancipium,
3151 769 3256 823 sub
3285 785 3423 823 aura
3453 769 3679 825 domina
3703 789 3835 844 qua-

2219 861 2424 916 tumvis
2449 861 2806 931 laboraverit,
2837 866 3028 916 tamen
3054 878 3278 933 semper
3302 867 3387 916 est
3409 863 3651 920 nudum.

2290 956 2376 1010 Vl.
2407 955 2515 1010 Sed
2550 956 2698 1010 dicet
2731 953 2878 1009 mihi
2917 955 3118 1026 aliquis
3148 973 3163 1010 :
3195 957 3342 1027 Ergo
3379 957 3524 1010 nihil
3559 959 3830 1031 charitati,

2217 1048 2360 1104 nihil
2394 1049 2812 1115 misericordiae,
2857 1048 3002 1102 nihil
3041 1054 3324 1120 postremo
3361 1051 3512 1121 quod
3551 1052 3832 1123 gessimus,

2216 1142 2532 1214 cuicunque
2571 1142 2936 1214 deputabitur
2976 1143 3258 1199 bonitati?
3294 1144 3577 1198 Audacter
3613 1145 3790 1201 dicam
3819 1165 3832 1203 :

2215 1236 2380 1292 nihil.
2419 1236 2558 1302 Quia
2595 1235 2700 1290 soli
2737 1236 3000 1291 inanitati
3028 1253 3144 1291 suae
3178 1253 3322 1291 vana
3364 1237 3544 1308 gloria
3580 1238 3831 1310 vindicat,

2215 1331 2491 1403 quidquid
2518 1347 2631 1384 non
2660 1329 2946 1400 bonitatis,
2975 1331 3072 1386 sed
3098 1331 3221 1401 ejus
3245 1330 3486 1402 imperio
3515 1336 3600 1386 est
3624 1334 3833 1404 perfec-

2216 1428 2360 1479 tum.
2395 1424 2563 1479 Multa
2601 1428 2733 1478 sunt
2769 1441 2898 1495 quae
2933 1425 3002 1479 de
3049 1425 3154 1479 hac
3193 1425 3527 1496 contagione
3557 1427 3834 1498 dicantur;

2215 1518 2310 1572 sed
2362 1517 2498 1590 quia
2549 1517 2672 1588 jam
2734 1517 3095 1572 multiformis
3144 1517 3421 1574 subtilitas
3484 1519 3608 1592 ejus
3663 1525 3837 1592 potest

2215 1611 2456 1683 sapienti
2485 1611 2604 1665 viro
2630 1610 2718 1665 his
2754 1611 2946 1682 paucis
2979 1611 3207 1682 judiciis
3246 1613 3558 1684 perlucere,
3586 1630 3735 1669 nunc
3771 1615 3835 1670 ad

2213 1705 2432 1776 reliqua
2477 1709 2780 1774 transeam,
2817 1707 2874 1760 et
2913 1705 3051 1777 quid
3087 1705 3238 1762 aliud
3267 1707 3430 1778 pejus
3459 1725 3529 1764 ex
3559 1709 3664 1764 hoc
3699 1708 3836 1763 malo

2217 1803 2522 1871 generetur
2547 1799 2863 1870 expediam.

1635 2118 2453 2224 OPUSCULUM
2513 2119 2694 2222 IV.

1479 2308 1734 2428 DE
1835 2306 2866 2428 SUPERBIA.

551 2533 572 2585 Ι
597 2530 781 2596 Qualis
809 2529 1017 2586 electus
1040 2529 1112 2585 sit
1147 2529 1318 2584 David
1350 2530 1411 2584 in
1447 2531 1657 2602 populo
1700 2531 1798 2586 Dei
1834 2532 2112 2604 propheta
2132 2545 2186 2616 B
2211 2547 2281 2586 ex
2308 2547 2448 2585 vana
2477 2531 2676 2602 gloria.
2713 2531 2855 2584 Cum
2888 2528 3063 2584 semel
3100 2528 3342 2586 aliorum
3375 2526 3834 2586 assentationibus

478 2629 535 2680 et
560 2640 682 2695 rex,
712 2628 1034 2696 quantaque
1059 2619 1460 2687 misericordia,
1489 2641 1728 2679 summas
1755 2629 1812 2679 et
1851 2641 2111 2682 mansue-

476 2718 688 2774 tudinis
712 2717 884 2773 fuerit
907 2717 1180 2790 praeditus
1210 2717 1506 2788 dignitate,
1524 2723 1664 2788 puto
1691 2723 1768 2785 te,
1787 2717 2109 2774 charissime

476 2827 768 2867 sacrorum
783 2806 1140 2866 voluminum
1161 2810 1496 2866 testimoniis
1515 2811 1825 2882 agnovisse.
1854 2813 2111 2869 lntendat

479 2921 616 2977 ergo
641 2904 942 2978 prudentia
972 2909 1090 2970 tua,
1118 2905 1402 2976 quomodo
1431 2905 1526 2959 ille
1556 2906 1665 2960 Deo
1685 2905 1936 2976 placidus
1968 2906 2110 2978 [For-

476 3006 545 3068 te,
576 2997 830 3072 placitus]
857 2999 945 3053 vir
970 2998 1556 3070 hunconequissimum
1595 3016 1750 3054 vanae
1781 3000 1974 3070 gloriae
2000 3001 2110 3072 spi-

473 3093 672 3163 ritum,
699 3109 772 3148 ne
816 3092 922 3147 sibi
957 3092 1308 3165 subreperet,
1357 3093 1697 3148 formidavit.
1749 3093 2108 3166 Conspiciens

474 3186 629 3242 enim
658 3187 846 3259 qualia
880 3192 937 3242 et
970 3191 1182 3258 quanta
1205 3186 1356 3240 bona
1391 3186 1473 3240 illi
1509 3187 1757 3258 quotidie
1794 3187 1893 3242 Dei
1929 3188 2108 3259 gratia

473 3279 800 3352 largiretur,
820 3281 876 3336 id
894 3285 996 3348 est,
1017 3285 1100 3336 tot
1116 3280 1371 3335 victorias
1391 3280 1861 3351 alienigenarum,
1889 3285 2106 3336 tantam

475 3374 798 3431 divitiarum
822 3374 1192 3446 afﬂuentiam,
1219 3373 1524 3430 vindictam
1560 3374 1620 3429 in
1659 3375 1898 3444 aemulis,
1931 3375 2105 3429 innu-

471 3468 854 3524 merositatem
891 3469 954 3522 in
977 3468 1209 3538 civibus,
1239 3468 1736 3523 mansuetudinem
1772 3468 1831 3522 in
1854 3467 2102 3539 judiciis,

470 3567 754 3636 postremo
784 3562 1144 3634 prophetiam
1176 3561 1418 3634 Spiritus
1444 3562 1621 3617 sancti
1655 3561 1716 3616 in
1751 3562 2106 3634 agnitionem

469 3657 727 3713 omnium
751 3657 1102 3726 futurorum;
1123 3660 1314 3712 tamen
1338 3672 1411 3711 ne
1437 3656 1604 3710 illum
1627 3655 1686 3710 in
1708 3655 1796 3710 his
1812 3655 1984 3710 tantis
2007 3655 2106 3710 bo-

469 3751 557 3808 nis
572 3751 761 3823 aliqua
777 3767 919 3804 vana
936 3751 1115 3822 gloria
1133 3766 1304 3805 usum
1322 3749 1549 3805 inﬂaret
1565 3749 1752 3818 elatio,
1775 3753 1899 3804 orat
1925 3749 2104 3804 Deum

465 3845 756 3916 attentius,
793 3844 984 3900 dicens
1013 3863 1027 3900 :
1056 3846 1178 3902 Non
1211 3846 1397 3900 veniat
1433 3845 1570 3898 mihi
1595 3859 1694 3914 pes
1729 3843 2016 3913 superbiae,
2053 3849 2105 3898 et

2210 2625 2496 2679 consuevit
2519 2625 2713 2693 homo,
2741 2623 2893 2695 quod
2917 2639 3159 2693 magnus
3183 2623 3275 2694 sit,
3300 2639 3527 2679 necesse
3560 2627 3646 2679 est
3664 2627 3724 2676 ut
3740 2621 3835 2675 hoc

2210 2718 2315 2772 sibi
2335 2723 2392 2773 et
2409 2717 2528 2789 ipse
2556 2717 2889 2772 consentiat.
2913 2717 3094 2781 Quam
3114 2717 3400 2772 miseriam
3420 2717 3567 2773 illud
3593 2715 3740 2789 quod
3759 2717 3835 2770 est

2208 2811 2371 2884 pejus
2391 2811 2715 2882 assequitur
2747 2828 2760 2866 :
2783 2810 2916 2882 quia
2943 2810 3221 2882 quidquid
3247 2811 3401 2883 apud
3428 2829 3486 2866 se
3515 2811 3686 2866 etiam
3711 2825 3836 2882 pro-

2207 2905 2336 2976 prio
2361 2905 2684 2959 testimonio
2709 2904 3011 2973 roboravit,
3044 2905 3301 2976 quamvis
3340 2905 3547 2960 falsum
3591 2905 3662 2960 sit
3691 2902 3836 2958 nulla

2208 2998 2266 3052 id
2291 2998 2345 3053 ei
2381 2997 2572 3069 [Edit.,
2603 2998 2752 3071 eum]
2798 2998 3006 3070 poterit
3044 3003 3379 3071 extorquere
3421 3000 3643 3068 suasio;
3684 3001 3738 3053 et
3771 2995 3834 3052 ob

2208 3092 2314 3146 hoc
2355 3091 2792 3147 inemendabilis
2831 3097 3026 3162 status,
3069 3092 3276 3165 spretis
3327 3093 3472 3162 aliis,
3517 3110 3576 3148 se
3626 3096 3834 3147 tantum

2207 3185 2458 3258 quotidie
2497 3186 2829 3255 admiratur,
2859 3185 2919 3241 id
2947 3187 3130 3241 solum
3167 3185 3669 3258 irreprehensibile
3708 3200 3832 3258 per-

2206 3279 2530 3350 fectumque
2563 3279 2844 3350 judicans,
2872 3281 3023 3352 quod
3062 3279 3182 3351 ipse
3222 3280 3493 3352 sapuerit.
3525 3281 3639 3335 Hoc
3671 3279 3836 3350 igitur

2206 3377 2346 3441 erat,
2377 3373 2529 3444 quod
2566 3390 2666 3428 rex
2704 3373 2895 3443 David,
2927 3390 2999 3428 ne
3038 3373 3121 3428 illi
3156 3373 3509 3446 subreperet,
3545 3372 3831 3438 exorabat;

2205 3482 2279 3523 ne
2312 3467 2456 3522 forte
2495 3467 2684 3539 aliqua
2718 3467 2996 3534 suasione,
3024 3484 3164 3522 vana
3205 3468 3388 3522 laudis
3431 3468 3704 3538 inductio,
3729 3481 3836 3521 non

2205 3560 2312 3614 hoc
2341 3560 2544 3615 divinae
2571 3561 2786 3633 gratim,
2810 3561 2907 3616 sed
2945 3577 3060 3616 suae
3086 3561 3370 3633 potestati,
3401 3563 3541 3634 quia
3566 3569 3682 3619 tam
3715 3575 3834 3616 ma-

2206 3671 2352 3725 gnus
2377 3658 2519 3723 erat,
2545 3655 2870 3711 ascriberet.

2275 3749 2364 3802 lll.
2389 3748 2532 3812 Quid
2563 3754 2754 3803 autem
2789 3749 3071 3820 superbia:
3104 3749 3307 3822 spiritu
3338 3751 3568 3806 inﬂatos
3587 3747 3834 3806 homines

2203 3841 2596 3912 subsequatur,
2612 3842 2888 3914 proximis
2899 3843 3052 3898 idem
3068 3844 3346 3916 propheta
3359 3844 3544 3900 verbis
3561 3844 3649 3916 adj
3658 3842 3831 3898 unxit.

465 3955 662 3995 manus
674 3941 975 4008 peccatoris
995 3955 1103 3994 non
1121 3943 1329 3994 moveat
1348 3953 1450 3992 me.
1481 3937 1568 3992 Ibi
1587 3937 1894 3991 ceciderunt
1923 3952 2101 3992 omnes
2123 3916 2178 3990 C
2202 3935 2344 3990 Cum
2376 3935 2531 3990 enim
2560 3936 2792 3992 dixisset
2832 3955 2846 3992 :
2883 3939 3003 3995 Non
3027 3941 3210 3992 veniat
3252 3939 3392 3994 mihi
3425 3955 3520 4010 pes
3559 3937 3832 4009 superbia,

467 4035 564 4104 qui
581 4039 876 4104 operantur
894 4034 1270 4103 iniquitatem;
1289 4032 1507 4102 empulsi
1525 4035 1674 4093 sunt,
1698 4046 1793 4085 nec
1802 4035 2102 4100 potuerunt

463 4133 609 4183 stare
635 4127 740 4199 (Ps.
768 4143 931 4197 xxxv,
963 4131 1049 4198 12,
1077 4127 1182 4198 13).
1204 4126 1506 4182 Videamus
1530 4140 1668 4194 ergo
1697 4124 1834 4194 quid
1861 4128 1944 4179 est
1971 4123 2097 4195 hoc,

465 4222 617 4294 quod
639 4221 780 4277 dixit
816 4239 830 4278 :
869 4223 992 4278 Non
1016 4223 1201 4276 veniat
1226 4221 1360 4275 mihi
1381 4235 1482 4290 pes
1507 4217 1797 4288 superbiae,
1827 4222 1878 4272 et
1906 4233 2100 4273 manus

455 4318 754 4387 peccatoris
783 4332 892 4372 non
916 4320 1124 4372 moveat
1151 4331 1254 4370 me.
1295 4315 1398 4368 Pes
1426 4311 1711 4384 siquidem
1749 4309 1810 4366 in
1845 4311 2096 4380 homine,

461 4416 740 4484 quantum
765 4406 913 4466 ratio
939 4409 1174 4478 indicat,
1199 4405 1458 4479 quamvis
1483 4405 1814 4460 extremitas
1849 4405 2101 4477 corporis

460 4505 550 4575 sit,
579 4504 959 4578 tamen’quasi
986 4501 1427 4558 fundamentum
1455 4499 1685 4571 aliquod
1711 4497 1941 4554 initium
1970 4515 2097 4554 sur-

461 4599 643 4672 gentis
687 4604 865 4655 status
904 4603 1018 4669 est,
1051 4614 1085 4652 a
1107 4613 1222 4670 quo
1249 4594 1421 4650 etiam
1447 4593 1623 4648 veluti
1663 4593 1932 4648 fabricata
1981 4594 2097 4648 for-

458 4699 624 4750 matse
646 4693 831 4750 carnis
855 4692 1098 4749 altitudo
1123 4687 1437 4760 consurgit.
1469 4687 1630 4752 Quod
1655 4703 1792 4757 ergo
1833 4686 1911 4742 ait
1939 4703 1953 4742 :
1981 4690 2101 4746 Non

456 4791 637 4845 veniat
662 4791 800 4846 mihi
818 4803 914 4860 pes
931 4786 1218 4857 superbire,
1250 4782 1360 4837 tale
1382 4785 1486 4850 est,
1517 4796 1581 4835 ac
1614 4780 1660 4836 si
1686 4781 1898 4836 diceret
1925 4799 1939 4836 :
1977 4782 2099 4836 Non

457 4883 644 4940 veniat
666 4883 812 4939 mihi
835 4879 1067 4937 initium
1093 4875 1396 4948 superbiae,
1424 4874 1483 4930 id
1503 4879 1606 4944 est,
1638 4891 1780 4930 vana
1797 4875 1996 4946 gloria,
2029 4891 2100 4932 ex

457 4978 619 5050 cujus
665 4977 1039 5032 fundamento
1091 4969 1322 5026 ruinosa
1363 4969 1459 5024 illa
1505 4970 1780 5040 Superbia:
1829 4969 2098 5026 celsitudo

455 5069 810 5146 producitur.
834 5070 958 5124 Una
977 5065 1135 5122 enim
1162 5067 1470 5136 generatur
1488 5080 1556 5119 ex
1577 5063 1684 5119 alte
1693 5081 1771 5134 ra,
1795 5068 1851 5119 et
1869 5065 2102 5136 propin-

455 5166 641 5240 quitas
669 5179 874 5220 earum.
893 5160 988 5216 vix
1013 5174 1328 5232 paucorum
1352 5157 1497 5213 forte
1524 5157 1857 5214 discretione
1885 5175 2096 5231 cogno-

457 5261 655 5316 scitur.
673 5259 815 5313 Nam
841 5271 911 5310 ex
939 5269 1285 5326 quocunque
1311 5252 1458 5307 bono
1484 5252 1729 5308 nimium
1753 5253 1966 5309 fuerint
1990 5253 2094 5308 ho-

2116 5300 2174 5372 D

2202 4029 2471 4084 continuo
2511 4029 2728 4086 addidit
2763 4048 2780 4085 :
2810 4033 2880 4086 Et
2915 4047 3108 4087 manus
3145 4035 3442 4103 peccatoris
3478 4049 3591 4088 non
3634 4032 3835 4088 moveat

2199 4139 2304 4178 me.
2335 4123 2554 4178 Sciebat
2577 4123 2730 4178 enim
2757 4125 2890 4196 quia
2915 4141 3145 4180 omnem
3172 4126 3496 4198 superbiam
3557 4123 3834 4181 mobilitas

2200 4216 2390 4271 statim
2431 4217 2690 4290 sequitur
2729 4223 3108 4291 peccatorum.
3156 4222 3238 4275 Ita
3279 4237 3340 4274 re
3384 4236 3519 4276 vera
3567 4224 3669 4276 est.
3701 4219 3830 4272 Nam

2201 4309 2455 4382 quisquis
2485 4311 2760 4383 superbiae
2805 4316 3030 4368 tumore
3072 4311 3266 4386 [Edit.,
3306 4313 3533 4385 timore,
3575 4308 3828 4381 mendose]

2199 4402 2556 4476 distenditur,
2587 4405 2648 4460 in
2672 4406 2778 4461 hoc
2805 4407 2903 4462 Dei
2930 4407 3171 4480 gloriam
3207 4407 3464 4463 imitatur
3491 4408 3646 4480 quod
3672 4418 3834 4462 nemo

2198 4495 2280 4552 illi
2304 4498 2376 4553 sit
2402 4498 2600 4554 similis
2631 4517 2645 4556 :
2677 4505 2952 4573 tanquam
2974 4517 3106 4556 vere
3146 4502 3438 4573 profanus,
3465 4502 3568 4574 qui
3596 4501 3669 4558 ad
3693 4499 3835 4571 inju-

2198 4591 2343 4647 riam
2359 4593 2458 4647 Dei
2481 4595 2792 4667 consurgit,
2814 4595 3115 4652 derelictus
3137 4595 3208 4650 ab
3229 4613 3316 4666 eo,
3343 4596 3404 4652 in
3433 4596 3697 4653 manibus
3732 4597 3836 4649 tra-

2199 4685 2354 4742 ditur
2367 4693 2745 4758 peccatorum,
2763 4689 2824 4744 in
2849 4690 3114 4762 operibus
3137 4693 3367 4746 actuum
3385 4689 3830 4753 immundorum,

2197 4785 2255 4834 at
2299 4781 2693 4852 ignominiosis
2735 4783 3064 4856 passionum
3105 4783 3336 4856 ﬂagitiis
3371 4784 3716 4853 incurvatus,
3747 4780 3832 4836 di-

2199 4880 2314 4930 scat
2341 4892 2398 4932 se
2424 4879 2637 4932 terram
2666 4893 2786 4932 esse
2813 4882 2870 4932 et
2894 4877 3166 4948 cinerem,
3187 4883 3244 4934 et
3268 4879 3421 4951 quod
3449 4879 3679 4934 inﬂatus
3697 4877 3758 4932 in
3777 4890 3834 4930 se

2198 4969 2387 5026 videre
2413 4987 2528 5026 non
2561 4971 2766 5043 potuit,
2795 4971 3127 5028 humiliatus
3153 4978 3442 5045 agnoscat.
3475 4973 3631 5030 Unde
3653 4975 3709 5028 et
3737 4971 3831 5027 Sa-

2196 5063 2388 5120 lomon
2413 5063 2492 5120 ait
2517 5081 2530 5119 :
2557 5066 2872 5122 Immundas
2900 5071 2978 5123 est
3006 5071 3133 5122 ante
3172 5071 3358 5133 Deum,
3402 5070 3500 5140 qui
3509 5067 3731 5124 exultat
3751 5078 3836 5122 cor

2197 5173 2352 5214 suum
2379 5159 2650 5229 (Proverb.
2681 5177 2792 5229 xv1,
2831 5163 2931 5230 i8;
2964 5177 3118 5230 xvm,
3155 5162 3262 5233 l2).

2269 5254 2354 5308 lV.
2399 5253 2544 5318 Quid
2579 5259 2772 5310 autem
2808 5260 2935 5326 post
2973 5255 3094 5310 haec
3135 5271 3236 5311 rex
3267 5255 3439 5311 David
3479 5259 3704 5312 secutus
3742 5249 3830 5320 sit,

455 5354 641 5410 mines
669 5349 914 5423 gloriati,
953 5348 1059 5402 hoc
1099 5346 1367 5402 continuo
1397 5346 1780 5420 subsequitur,
1806 5352 1870 5402 ut
1907 5344 2174 5420 ipsum”
2197 5344 2504 5402 vide‘amus.
2550 5349 2650 5412 Ibi,
2699 5348 2798 5416 ait,
2841 5350 3143 5405 ceciderunt
3187 5365 3366 5406 omnes
3407 5353 3506 5421 qui
3545 5352 3834 5420 operantur

455 5444 694 5517 bonum,
732 5460 850 5500 non
889 5441 1149 5514 largitori
1189 5441 1318 5513 Deo,
1349 5441 1448 5497 sed
1491 5457 1607 5497 suae
1646 5441 1902 5498 tribuant
1943 5447 2097 5515 pote-

511 5540 610 5597 ati.

511 5558 545 5596 a
597 5581 610 5597 .

459 5547 510 5598 at
527 5547 596 5690 1:1.
628 5633 780 5688 Vana
821 5629 999 5704 gloria
1040 5635 1125 5687 est
1164 5647 1302 5702 ergo
1333 5629 1601 5686 humanis
1641 5629 1903 5686 laudibus
1941 5629 2094 5686 dele-

457 5728 599 5787 ctari
631 5745 645 5785 :
681 5725 950 5799 superbia
974 5741 1107 5782 vero
1131 5729 1235 5797 est,
1261 5725 1479 5781 bonum
1501 5741 1608 5798 pro
1627 5741 1740 5796 quo
1759 5723 1963 5796 aliquis
1982 5724 2098 5778 lan-

458 5823 647 5896 datur,
676 5819 790 5880 sibi
825 5821 935 5878 hoc
970 5819 1262 5894 applicari,
1301 5836 1418 5876 non
1461 5820 1598 5876 Deo.
1625 5820 1694 5875 Et
1729 5834 1872 5874 vana
1917 5817 2098 5892 gloria

457 5917 690 5998 quidem
700 5935 771 5979 ex
794 5917 980 5978 aliena
999 5913 1658 5988 aestimationegnutritur,
1679 5913 1945 5990 superbia
1963 5929 2096 5974 vero

2194 5443 2539 5512 iniquitatem
2583 5458 2602 5494 :
2637 5444 2852 5514 θωραιεὶ
2877 5448 3024 5508 sunt,
3054 5460 3148 5499 nec
3172 5449 3467 5516 petiuerunt
3501 5449 3666 5500 stare.
3706 5441 3830 5497 Evi-

2196 5536 2396 5591 denter
2415 5537 2658 5593 ostendit
2695 5538 2828 5610 quia
2853 5537 2914 5592 in
2944 5538 3207 5611 superbia
3227 5539 3487 5594 omnium
3506 5537 3834 5609 iniquorum

2193 5629 2389 5702 prima
2403 5630 2570 5686 ruina
2594 5635 2698 5688 est.
2728 5632 2998 5704 Idemque
3035 5633 3204 5688 etiam
3231 5633 3367 5688 alibi
3401 5633 3679 5704 scriptum
3705 5633 3788 5685 est
3813 5643 3828 5684 :

2192 5726 2416 5781 Initium
2433 5729 2643 5798 peccati
2663 5727 2916 5798 superbia
2944 5726 3126 5798 (Eccli.
3154 5743 3210 5796 x,
3242 5729 3348 5800 15).
3380 5726 3539 5793 Quod
3567 5731 3632 5782 ut
3665 5739 3828 5796 aper~

2195 5817 2308 5877 tius
2348 5819 2792 5891 demonstretur,
2835 5822 3026 5896 angeli
3067 5820 3223 5879 illius
3261 5821 3436 5896 primi
3469 5819 3832 5878 recordemur

2195 5913 2456 5989 exitium,
2477 5915 2580 5992 qui
2598 5932 2702 5992 pro
2723 5915 3025 5993 splendore
3051 5916 3268 5976 decoris
3293 5917 3382 5976 sui
3406 5915 3629 5976 Lucifer
3652 5911 3830 5973 κλοπῆς
