3968 6464
121 388 171 440 3ῒ
1283 393 1675 448 OPL'SCULUM
1716 391 1800 445 IV.
1841 392 1926 447 DE
1963 395 2302 449 SUPERBIA.
3373 407 3437 457 38

118 497 276 561 natus,
295 505 359 546 ex
378 491 476 545 illo
491 490 734 547 sublimi
753 493 1038 567 beatoque
1057 497 1390 567 angelorum
1415 499 1553 568 loco,
1576 499 1728 553 nullo
1750 505 1994 580 Aptura
2037 505 2437 556 commemorat
2483 519 2497 556 :
2539 504 2606 558 Et
2643 503 2811 564 cibus,
2852 501 3056 574 inquit,
3099 505 3215 573 ejus
3244 507 3436 562 electus

116 585 208 638 alio
231 584 335 638 nisi
359 583 467 638 hoc
495 584 618 638 solo
649 587 942 656 superbia
971 588 1120 658 vitio,
1153 590 1223 644 ad
1243 590 1460 645 inferna
1485 593 1730 662 dilapsus

116 682 202 730 est.
235 675 369 740 Quia
411 693 549 729 cum
591 677 752 732 inter
779 685 1008 734 cateras
1045 697 1316 751 supernas
1348 683 1581 737 virtutes
1615 683 1727 736 cla-

114 769 254 821 rioris
281 768 737 838 pulchritudinis
769 770 990 825 lumine
1025 774 1440 844 praemineret,
1472 791 1586 829 non
1623 775 1728 829 hoc

112 860 355 913 beneficio
381 861 661 914 creatoris
681 861 794 931 sui,
825 864 922 918 sed
943 865 1168 935 propria
1193 866 1395 921 virtute
1416 883 1473 920 se
1496 868 1730 922 credidit

111 952 366 1020 obtinere;
399 957 458 1006 et
485 956 773 1024 tanquam
809 956 1020 1010 nullius
1048 973 1161 1010 non
1191 963 1382 1027 egeret
1405 959 1630 1027 auxilio,
1662 960 1729 1014 si-

110 1049 188 1097 cut
213 1045 349 1099 Deus
374 1044 453 1098 ita
478 1062 540 1099 se
568 1046 656 1100 illi
689 1047 937 1105 similem
956 1049 1248 1118 judicavit,
1271 1051 1458 1104 dicens
1487 1067 1501 1105 :
1528 1055 1727 1107 Ponam

106 1137 256 1189 sedem
275 1154 445 1192 meam
466 1139 539 1191 ab
558 1142 846 1208 aquilone,
875 1145 926 1194 ct
945 1156 1030 1194 ero
1059 1143 1256 1196 similis
1283 1144 1558 1198 Altissimo
1579 1144 1724 1214 (Isai.

106 1243 198 1296 xvi,
230 1231 310 1294 l3,
351 1231 457 1298 14).
489 1231 623 1284 Hac
662 1232 824 1286 enim
858 1233 1120 1303 cogitatio
1146 1235 1260 1287 sola
1286 1235 1444 1289 illum
1480 1237 1721 1307 dejecit:

105 1336 218 1374 nam
245 1337 371 1375 mox
395 1322 662 1378 desertus
686 1341 723 1377 a
751 1326 866 1378 Deo
895 1325 1054 1395 cujus
1081 1342 1138 1380 se
1166 1327 1507 1397 protectiene
1543 1330 1722 1384 credi-

107 1412 174 1464 dit
206 1427 314 1467 non
349 1430 546 1485 egere,
579 1415 857 1471 infirmus
891 1418 1074 1471 subito
1113 1424 1170 1472 et
1202 1419 1371 1473 miser
1397 1420 1641 1488 effectus,
1671 1427 1725 1476 et

104 1505 516 1561 mutabilitatem
538 1513 772 1563 natura
791 1525 911 1564 sua
945 1526 1117 1581 quam
1137 1527 1252 1565 non
1279 1518 1582 1582 agnoverat
1605 1530 1724 1568 sen-

103 1597 180 1663 sit,
196 1602 248 1651 et
267 1598 359 1652 Dei
374 1615 593 1654 munus
611 1602 774 1671 quod
796 1601 1254 1657 habebatamisit.
1277 1605 1404 1658 Post
1420 1605 1537 1658 hac
1555 1607 1723 1660 etiam

101 1690 271 1743 videns
309 1708 342 1743 a
381 1693 498 1746 Deo
540 1693 852 1748 hominem
886 1695 1096 1750 factum
1133 1711 1199 1749 ex
1235 1697 1463 1766 pulvere
1500 1697 1559 1751 in
1601 1698 1721 1752 loco

99 1779 438 1836 beatitudinis
459 1801 645 1855 quem
667 1786 791 1856 ipse
816 1787 1138 1856 perdiderat
1157 1787 1468 1858 subrogari,
1497 1789 1722 1860 instiga-

1830 593 2049 661 (Habac.
2083 610 2120 661 I,
2153 594 2255 661 16).
2285 594 2496 648 Electos
2540 595 2631 649 ille
2670 595 2817 648 viros
2849 599 2904 649 et
2938 596 3205 652 sublimes
3231 615 3434 670 aggre-
3487 609 3494 624 '

1827 685 1997 738 ditur.
2022 686 2128 738 Illis
2155 688 2409 765 suggerit
2433 687 2564 756 quia
2584 687 2775 757 magni
2795 692 2943 756 sunt,
2972 689 3104 757 quia
3123 689 3266 743 nihil
3294 691 3436 746 indi-

1829 781 2012 845 geant,
2039 777 2169 847 quia
2194 775 2466 848 quidquid
2492 783 2688 848 agunt,
2715 779 2963 849 cogitant
2985 780 3070 832 vel
3103 782 3430 852 loquuntur,

1827 872 2004 921 totum
2029 869 2085 922 id
2114 870 2387 940 sapientia
2413 871 2483 924 sit
2508 875 2800 941 totumque
2817 871 3132 941 prudentia.
3152 873 3362 936 Quibus
3385 876 3432 928 si

1825 960 1961 1030 quid
1983 961 2140 1026 utile,
2173 961 2282 1015 Deo
2308 962 2364 1015 id
2393 961 2758 1031 gubernante,
2787 963 3125 1033 provenerit,
3159 965 3271 1018 suis
3290 965 3431 1021 illud

1825 1052 2087 1106 continuo
2111 1053 2318 1107 viribus
2344 1070 2569 1124 suaeque
2611 1054 2902 1108 industria
2937 1055 3285 1125 deputantes,
3314 1058 3428 1112 ela-

1824 1149 1981 1198 mant
2010 1163 2023 1198 :
2056 1146 2168 1214 Ego
2196 1145 2315 1198 hac
2343 1146 2465 1213 feci,
2511 1148 2624 1216 Ego
2658 1145 2794 1215 dixi,
2839 1148 2954 1217 Ego
2997 1147 3342 1218 excogitavi;
3377 1155 3432 1205 et

1823 1237 1982 1322 quasi
2021 1237 2374 1308 stupentibus
2418 1238 2648 1306 cunctis,
2686 1243 2966 1308 praerepta
3001 1239 3178 1309 gloria
3219 1241 3332 1306 Dei,
3359 1241 3430 1296 ad

1823 1329 1942 1399 ejus
1971 1345 2026 1382 se
2051 1329 2476 1384 similitudinem
2496 1331 2789 1400 proferunt
2813 1330 3190 1386 admirandos.
3221 1331 3430 1396 Quibus

1814 1421 1966 1490 justo
1994 1421 2138 1474 Deus
2155 1421 2369 1490 judicio
2397 1422 2656 1492 prasidia
2685 1438 2785 1474 sua
2813 1422 3148 1492 subducens,
3175 1425 3344 1478 tradit
3367 1427 3429 1478 il-

1823 1514 1919 1574 los,
1947 1515 2090 1568 sicut
2113 1514 2189 1566 ait
2214 1513 2524 1583 Apostolus,
2563 1517 2620 1568 in
2654 1515 2937 1582 rcprobum
2965 1530 3196 1578 sensum,
3241 1520 3302 1570 ut
3335 1519 3425 1584 fa-

1821 1607 1966 1660 ciant
1988 1606 2073 1660 vel
2113 1605 2359 1676 cogitent
2396 1623 2514 1675 qua
2556 1623 2661 1660 non
2697 1608 3017 1661 conveniunt
3057 1608 3221 1676 (Rom.
3249 1623 3286 1674 Ι,
3317 1610 3423 1678 28).

1817 1697 1958 1760 Quia
1979 1714 2108 1751 cum
2134 1698 2192 1751 in
2211 1697 2472 1752 omnibus
2484 1697 2578 1752 Dei
2592 1698 2995 1768 providentiam
3008 1699 3198 1754 adesse
3227 1715 3428 1770 cogno-

1819 1795 1992 1856 scant,
2021 1806 2134 1844 non
2168 1794 2232 1844 ut
2264 1791 2439 1844 Deum
2467 1791 2829 1859 magnificant
2864 1791 2952 1844 vel
2993 1791 3197 1860 gratias
3225 1797 3422 1862 agunt,

98 1877 174 1926 tus
206 1873 429 1944 invidia,
463 1877 681 1932 eodem
719 1879 1005 1948 superbia
1033 1879 1195 1934 illum
1219 1881 1329 1934 telo
1357 1897 1468 1952 quo
1491 1881 1609 1952 ipse
1637 1859 1719 1936 est
1739 1859 1794 1929 B
1817 1883 1912 1937 sed
1939 1883 2238 1954 gloriantes
2268 1882 2326 1936 in
2355 1882 2667 1952 semetipsis
2693 1859 3030 1937 evanescunt
3055 1883 3116 1937 in
3143 1859 3426 1954 cogitatio;
3478 1955 3487 1962 .

99 1965 320 2033 dejectus
344 1970 591 2038 appetit.
626 1969 750 2024 Sibi
776 1971 930 2024 enim
959 1971 1175 2026 dixerat
1202 1990 1216 2026 :
1250 1976 1355 2027 Ero
1387 1975 1580 2028 similis
1613 1976 1715 2030 Al-

1813 1975 1978 2029 nibus
2007 1974 2142 2028 suis.
2174 1974 2426 2028 Dicentes
2463 1991 2520 2028 se
2563 1990 2682 2027 esse
2724 1975 3022 2044 sapientes,
3066 1975 3221 2029 stulti
3255 1981 3427 2046 sunt;

99 2061 294 2112 tissimo.
334 2060 469 2114 Ada
502 2067 564 2115 et
593 2062 731 2115 Eva
761 2062 906 2116 dixit
945 2079 959 2116 :
1000 2067 1168 2119 Eritis
1194 2067 1331 2120 sicut
1356 2067 1440 2119 dii
1463 2066 1606 2135 (Gen.
1633 2083 1712 2136 ω,
1807 2067 2080 2136 jactantes
2108 2082 2164 2120 se
2192 2082 2313 2121 esse
2341 2066 2580 2134 stabiles,
2609 2065 2860 2133 invictos,
2889 2071 3162 2137 potentes,
3191 2066 3422 2138 inﬁrmi,

98 2151 156 2216 5).
191 2149 341 2212 Quod
370 2152 452 2206 illi
490 2154 988 2224 concupiscentes,
1018 2172 1134 2210 non
1163 2157 1234 2210 ob
1261 2158 1426 2212 aliam
1459 2174 1680 2212 causam
1698 2199 1713 2225 ,

95 2242 172 2294 sed
201 2247 415 2298 tantum
445 2249 510 2300 ut
539 2245 627 2299 dii
659 2245 868 2301 fierent
893 2247 1224 2302 mandatum
1259 2250 1353 2303 Dei
1387 2251 1716 2320 transgressi

1814 2159 1942 2214 victi
1967 2164 2022 2214 et
2044 2159 2382 2228 impotentes
2408 2157 2702 2212 exsistunt.

1886 2252 1993 2306 VII.
2043 2251 2175 2314 Qua
2217 2267 2348 2304 cum
2390 2251 2462 2304 ita
2505 2250 2638 2315 sint,
2685 2251 2816 2305 satis
2849 2250 3296 2308 manifestissime
3337 2259 3420 2309 est

94 2340 223 2387 sunt.
250 2335 292 2390 Ο
319 2343 540 2407 quanta
566 2343 664 2392 est
689 2339 918 2404 cecitas,
948 2340 1009 2393 in
1035 2341 1288 2410 appetitu
1316 2358 1470 2396 vana
1491 2342 1710 2413 gloria!
1813 2347 2162 2413 compertum
2189 2343 2322 2413 quia
2344 2343 2498 2396 omni
2514 2342 2801 2412 vigilantia
2826 2344 3115 2414 omnisque
3141 2345 3320 2399 cordis
3341 2345 3422 2400 in-

95 2427 195 2480 Non
217 2429 348 2483 vidit
383 2430 562 2484 homo
595 2436 720 2486 tam
758 2436 1016 2502 apertam
1059 2433 1352 2503 fallaciam,
1391 2435 1452 2488 in
1488 2451 1599 2504 qua
1634 2435 1714 2488 illi
1813 2437 2026 2489 dustria
2049 2435 2328 2505 appetitus
2355 2435 2514 2488 nobis
2551 2451 2706 2488 vana
2743 2435 2936 2505 gloria
2974 2440 3057 2490 est
3098 2436 3420 2508 fugiendus,

93 2534 226 2572 versa
249 2521 363 2575 vice
391 2522 718 2578 similitudo
749 2525 850 2577 Dei
877 2540 992 2578 non
1018 2541 1086 2579 ex
1113 2525 1428 2580 obedientia
1457 2527 1595 2596 ejus,
1618 2527 1714 2582 sed
1810 2544 1881 2582 ne
1907 2528 2046 2580 forte
2072 2527 2118 2579 si
2145 2526 2478 2580 virulentum
2505 2527 2590 2580 vel
2617 2527 2788 2580 semel
2813 2527 2993 2581 morbi
3016 2529 3338 2598 contagium
3360 2530 3421 2584 in

93 2627 148 2664 ex
179 2618 502 2686 contemptu
529 2617 920 2686 promittitur.
1811 2619 2188 2690 penetralibus
2207 2619 2383 2672 nostri
2403 2618 2582 2672 cordis
2604 2618 2909 2688 irrepserit,
2932 2619 2988 2672 in
3011 2619 3164 2673 omni
3183 2637 3420 2690 operum

149 2705 203 2758 ν.
225 2707 355 2760 Ecce
382 2708 478 2761 hic
509 2714 601 2762 est
629 2709 812 2779 primi
843 2709 990 2762 illius
1021 2711 1223 2764 veneni
1251 2716 1538 2781 saporatus
1564 2714 1709 2768 inte-
1809 2719 2129 2766 nostrorum
2175 2711 2540 2781 prosperitate
2565 2751 2578 2778 ,
2635 2710 2994 2764 subtilissima
3041 2711 3420 2768 humanarum

93 2796 228 2867 ritus,
254 2801 350 2870 qui
377 2801 753 2855 amarissimo
782 2801 970 2855 inanis
983 2803 1268 2871 jactantia
1294 2804 1458 2858 melle
1479 2805 1714 2860 circum-
1808 2804 2040 2858 laudum
2066 2803 2430 2858 delectatione
2457 2819 2824 2872 succrescens,
2854 2820 2924 2857 ex
2948 2803 3292 2859 abundantia
3315 2821 3416 2860 ne-

91 2887 223 2957 litus,
253 2899 306 2946 et
331 2894 618 2964 angelum
649 2893 855 2947 fefellit
879 2899 934 2948 et
959 2894 1270 2949 hominem.
1304 2897 1364 2948 In
1390 2897 1494 2950 hoc
1519 2903 1575 2952 et
1599 2915 1708 2952 cce-
1807 2897 1997 2968 quitiae
2023 2912 2136 2949 sua
2161 2895 2530 2948 deterrimum
2555 2895 2715 2948 illum
2742 2900 2798 2949 et
2824 2895 3194 2950 crudeliorem
3219 2913 3415 2967 super-

92 2980 222 3036 lestis
247 2989 300 3038 et
324 2990 559 3040 terrena
586 2987 802 3040 cecidit
829 2992 1104 3040 creatura.
1148 2987 1230 3040 Ob
1258 2987 1362 3041 hoc
1389 2989 1458 3043 de
1487 2990 1710 3044 sedibus
1803 2989 1910 3064 bia
1937 2989 2182 3060 proferat
2224 2992 2470 3057 partum.
2514 2989 2646 3050 Qua
2689 3003 2818 3041 cum
2864 2991 3101 3058 utraque
3144 2989 3440 3058 pestiferis'

91 3075 204 3143 suis,
243 3078 334 3130 ille
358 3079 427 3132 de
456 3081 626 3146 calo,
653 3079 751 3132 hic
789 3079 861 3132 de
897 3079 1157 3149 paradiso
1195 3081 1412 3150 expulsi
1457 3087 1622 3149 sunt;
1656 3087 1711 3136 et
1804 3082 2047 3135 fundata
2074 3079 2355 3134 radicibus
2380 3080 2642 3133 humana
2670 3079 2873 3134 mentis
2899 3096 3104 3134 arcana
3125 3081 3415 3151 suppleve-

89 3182 184 3221 non
208 3175 518 3240 potuerunt
532 3177 713 3240 stare,
738 3171 876 3241 quia
904 3171 1150 3241 graviter
1172 3173 1513 3228 ceciderunt.
1541 3175 1708 3238 Quale

90 3275 205 3329 ergo
231 3263 512 3333 superbia
542 3264 770 3317 malum
803 3263 877 3317 sit
905 3263 1055 3333 quod
1086 3281 1185 3318 rex
1228 3265 1394 3318 David
1419 3271 1608 3335 aperte
1635 3268 1706 3321 ti-

91 3353 231 3420 muit,
258 3355 529 3425 subjectis
546 3356 861 3410 ruinarum
887 3356 1068 3409 causis
1097 3355 1215 3426 ipse
1243 3359 1591 3412 monstravit.

147 3446 220 3499 Vl.
247 3446 452 3501 Omnia
492 3453 874 3518 peccatorum
914 3465 1140 3518 genera,
1193 3449 1249 3503 id
1303 3454 1406 3519 est,
1465 3451 1706 3520 luxuria,

89 3539 315 3608 avaritia,
343 3540 728 3609 adulterium,
761 3546 820 3594 et
849 3540 896 3593 si
929 3557 1040 3611 qua
1069 3546 1201 3595 sunt
1225 3541 1354 3610 alia,
1376 3543 1630 3612 quamvis
1655 3547 1710 3596 et

87 3629 136 3682 in
150 3630 231 3684 bis
240 3633 507 3686 omnibus
528 3634 684 3687 Deus
701 3632 1000 3700 irascatur,
1017 3637 1206 3688 tamen
1223 3638 1320 3687 aut
1337 3649 1440 3704 per
1457 3634 1704 3704 angelos,

87 3729 166 3778 aut
195 3740 290 3794 per
335 3725 609 3780 homines
644 3725 854 3779 talium
883 3725 1195 3779 etiamnum
1240 3726 1511 3780 vindictas
1548 3742 1704 3781 exse-

87 3818 275 3885 quitur.
301 3821 370 3873 At
399 3834 538 3872 vero
567 3817 867 3888 superbia,
895 3833 1009 3871 non
1033 3834 1137 3888 per
1160 3818 1335 3872 alium
1359 3820 1701 3889 quempiam,

88 3909 166 3962 sed
185 3910 362 3981 ipsum
389 3928 497 3982 per
517 3927 582 3965 se
611 3911 800 3964 Deum
832 3915 1084 3964 meretur
1105 3911 1312 3964 habere
1339 3912 1701 3967 contrarium.

88 4001 152 4053 ita
173 4003 319 4056 enim
355 4005 645 4074 scriptum
685 4007 771 4056 est
800 4019 814 4056 :
845 4003 1104 4070 Superbis
1139 4009 1317 4057 autem
1360 4005 1471 4071 ipse
1505 4007 1704 4058 resistit

86 4091 126 4146 (Ι
143 4094 245 4148 Pet.
271 4111 321 4165 v,
344 4099 374 4150 5
397 4113 415 4164 ;
444 4099 568 4150 Jac.
606 4111 686 4164 iv,
714 4095 790 4165 6).
819 4093 1034 4148 Catera
1073 4094 1227 4148 enim
1249 4095 1383 4148 vitia
1409 4096 1494 4149 vel
1523 4095 1582 4150 in
1610 4113 1703 4150 eos

85 4185 212 4255 ipsos
252 4190 350 4259 qui
383 4190 484 4243 illa
528 4187 1016 4259 perpetraverint,
1061 4191 1460 4258 retorquentur
1499 4189 1586 4242 vel
1643 4189 1702 4243 in

85 4278 202 4332 alios
223 4279 482 4335 homines
519 4281 804 4334 videntur
829 4279 1075 4334 admitti.
1118 4279 1217 4333 Hic
1251 4296 1382 4334 vero
1427 4281 1701 4352 superbia

84 4377 248 4426 tumor
267 4375 499 4445 proprie
527 4374 748 4428 nititur
773 4377 972 4427 contra
997 4373 1194 4441 Deum,
1228 4377 1284 4428 et
1308 4372 1515 4426 idcirco
1539 4374 1700 4428 illum

85 4465 269 4532 patitur
297 4467 610 4522 inimicum
633 4484 651 4536 ;
683 4467 822 4537 quia
852 4483 910 4520 se
933 4467 992 4520 in
1018 4465 1300 4520 excelsum
1326 4465 1579 4534 tendens,
1608 4466 1699 4520 hic

1806 3175 1922 3228 rint
1939 3173 1984 3240 ',
2013 3173 2263 3242 undique
2293 3175 2507 3226 mutata
2535 3172 2868 3226 insidiarum
2894 3173 3078 3242 specie
3104 3173 3417 3243 improvisis

1810 3270 2122 3320 occurrant.
2151 3265 2286 3318 Nam
2315 3265 2402 3316 his
2429 3264 2528 3334 qui
2566 3264 2636 3318 ad
2670 3264 2984 3334 spiritualia
3008 3281 3065 3318 se
3091 3265 3268 3319 studia
3289 3282 3416 3320 con-

1809 3359 2076 3426 tulerunt,
2098 3373 2230 3410 mox
2256 3373 2394 3409 vana
2416 3356 2594 3426 gloria
2613 3355 2718 3408 illis
2739 3356 2807 3409 de
2827 3356 3065 3425 jejunio,
3094 3356 3161 3411 de
3181 3357 3410 3428 vigiliis,

1809 3451 1877 3505 de
1899 3449 2152 3517 lectione,
2181 3449 2249 3502 de
2275 3448 2572 3502 solitudine
2600 3448 2795 3516 eremi,
2831 3448 2898 3502 de
2925 3449 3210 3518 patientia,
3241 3449 3310 3504 de
3337 3455 3416 3504 ta-

1807 3543 2127 3598 citurnitate
2149 3540 2450 3594 blanditur.
2485 3541 2549 3593 Et
2577 3540 2625 3593 si
2649 3540 2836 3594 statim
2861 3539 2980 3594 hac
3005 3541 3190 3610 prima
3219 3541 3414 3596 sollici-

1806 3635 1940 3688 talio
1967 3633 2377 3702 circumspecta
2398 3632 2602 3685 mentis
2627 3632 2785 3684 oculo
2810 3631 3151 3702 deprehensa
3170 3649 3282 3686 non
3295 3631 3414 3688 fue-

1806 3727 1898 3792 rit,
1926 3725 2100 3780 dirior
2133 3724 2288 3777 illam
2324 3739 2354 3777 e
2396 3723 2628 3792 vestigio
2649 3722 2908 3793 superbia
2941 3739 3126 3777 comes
3168 3725 3410 3795 assequi-

1803 3822 1925 3886 tur;
1941 3834 2067 3888 qua
2087 3816 2198 3870 illis
2219 3816 2521 3870 mentiatur
2536 3819 2590 3869 et
2603 3815 2904 3870 sanctiores
2925 3831 3017 3869 eos
3036 3815 3407 3888 melioresque

1803 3911 2064 3964 omnibus
2109 3925 2248 3975 esse,
2281 3913 2337 3962 et
2376 3909 2435 3962 in
2477 3924 2698 3961 summo
2737 3907 3092 3978 perfectionis
3140 3908 3403 3979 culmine,

1801 4003 2030 4074 propria
2055 4003 2223 4057 etiam
2249 4001 2466 4055 virtutis
2491 4001 2808 4066 stabilitate,
2832 4000 2990 4071 quasi
3009 4017 3300 4072 nunquam
3323 4017 3408 4056 ca-

1801 4113 1957 4150 suros
1993 4100 2139 4149 stare
2179 4093 2447 4148 divendit.
2473 4093 2566 4146 His
2607 4108 2740 4147 vero
2765 4092 2864 4163 qui
2888 4093 3070 4148 adhuc
3097 4094 3405 4150 carnalium

1800 4189 2121 4260 passionum
2155 4184 2614 4240 oblectationibus
2656 4185 2859 4255 quibus
2907 4185 3236 4256 subrepunt,
3275 4202 3403 4242 cum

1799 4281 1972 4336 semel
1995 4280 2098 4334 sibi
2123 4278 2464 4334 obtinuerint
2502 4277 2781 4331 domicilia
2816 4278 3092 4333 mentium
3127 4279 3401 4334 humana-

1798 4390 1948 4440 rum,
1976 4378 2098 4427 tum
2125 4371 2528 4426 multiformem
2554 4386 2623 4424 ex
2667 4375 2902 4441 utraque
2936 4370 3188 4425 fomitem
3212 4372 3400 4442 pulluo

1797 4466 1916 4520 lant
1927 4465 2210 4520 vitiorum.
2227 4465 2364 4518 Nam
2380 4479 2520 4536 vana
2540 4462 2714 4533 gloria
2737 4466 2966 4533 generat
2979 4479 3046 4518 ex
3067 4479 3125 4516 se
3140 4479 3405 4533 praeum-

86 4572 279 4627 semper
301 4561 525 4631 appetit
549 4559 713 4631 quod
739 4559 824 4612 illi
852 4559 954 4612 soli
980 4563 1064 4612 est
1089 4558 1403 4629 proprium.
1439 4559 1700 4622 Quamvis
1718 4559 1776 4630 D
1797 4559 2049 4630 ptionem
2073 4557 2326 4610 omnium
2351 4555 2679 4624 novitatum,
2697 4554 3114 4609 adinventiones
3137 4555 3404 4612 falsorum

83 4654 246 4706 autem
273 4653 628 4724 generaliter
646 4653 770 4706 hac
790 4652 1069 4722 superbia
1089 4651 1239 4706 labes
1257 4651 1455 4705 infesta
1471 4653 1561 4722 sit,
1584 4669 1700 4708 non

81 4741 191 4810 plus
214 4750 396 4800 tamen
422 4747 556 4801 aliis
583 4743 902 4800 metuenda
931 4749 1015 4798 est
1041 4760 1214 4816 quam
1239 4744 1328 4798 his
1353 4744 1450 4814 qui
1471 4749 1568 4798 aut
1592 4747 1701 4816 spi-

83 4834 292 4892 ritaliter
316 4839 389 4894 ad
414 4839 845 4911 perfectionem
869 4837 1165 4904 virtutum,
1188 4841 1285 4890 aut
1309 4838 1608 4892 carnaliter
1628 4839 1698 4892 ad

81 4927 374 4986 divitiarum
399 4933 638 5002 copiam
667 4935 725 4985 et
748 4946 1000 4984 summos
1039 4930 1320 4983 honorum
1347 4929 1540 4984 titulos
1566 4947 1696 5001 per-

81 5023 327 5078 venerint.
372 5026 635 5078 Tantum
689 5022 903 5076 scilicet
937 5023 997 5076 in
1046 5022 1160 5076 illis
1209 5023 1389 5092 major
1435 5023 1694 5093 efﬁcitur,

84 5120 328 5181 quantum
354 5121 412 5170 et
434 5117 632 5186 major
663 5120 746 5169 est.
780 5115 879 5184 qui
907 5114 1178 5184 superbit.
1217 5115 1407 5184 Neque
1438 5114 1533 5169 illa
1562 5117 1697 5170 viles

84 5220 278 5278 quoque
301 5215 400 5263 aut
439 5208 765 5281 populares
801 5207 1134 5261 subvertisse
1165 5212 1429 5261 contenta
1468 5212 1570 5277 est,
1600 5209 1697 5263 sed

87 5300 202 5354 etin
232 5301 458 5356 illorum
485 5301 592 5372 qui
621 5298 870 5353 maximi
912 5299 1133 5353 insidiis
1175 5299 1384 5354 assidet
1410 5316 1424 5354 :
1453 5317 1695 5371 quorum

86 5399 330 5458 quantum
353 5395 528 5448 altior
556 5391 782 5464 gradus
819 5395 917 5459 est,
956 5395 1175 5446 tantum
1211 5392 1378 5446 altior
1419 5397 1475 5446 et
1510 5393 1694 5448 ruina.

87 5481 215 5540 Unde
239 5488 406 5542 etiam
433 5493 493 5542 et
523 5484 679 5540 illud
709 5484 786 5537 de
812 5483 1006 5538 eodem
1025 5484 1302 5556 superbia
1330 5485 1530 5555 spiritu
1556 5487 1698 5542 Scri-

147 5643 168 5671 ⁸
189 5645 263 5697 An
279 5641 688 5700 succreveiint!
715 5635 909 5694 Malim
927 5640 1119 5694 tamen
1135 5637 1623 5709 supplantaverint.

1797 4653 2144 4722 dogmatum,
2175 4647 2551 4720 quastionum
2576 4652 2836 4714 torturas,
2860 4648 3262 4716 contentiones,
3291 4651 3403 4705 ha-

1796 4761 1962 4810 reses,
1991 4747 2185 4810 sectas,
2218 4740 2534 4796 schismata.
2571 4739 2840 4811 Superbia
2866 4757 2996 4796 vero
3020 4741 3166 4812 parit
3209 4741 3400 4814 indig-

1795 4837 2098 4903 nationem,
2141 4834 2427 4904 invidiam,
2503 4838 2908 4904 contemptum,
2981 4834 3397 4905 detractionem,

1795 4928 2326 4994 murmurationem;
2371 4931 2428 4981 et
2477 4925 2955 4981 exsecrabiliorem
3006 4925 3094 4980 his
3142 4927 3401 4983 omnibus

1793 5021 2218 5094 blasphemiam.
2240 5021 2487 5084 Quorum
2514 5019 2788 5073 malorum
2813 5034 2979 5072 causa
2997 5018 3042 5072 si
3062 5017 3188 5089 quis
3207 5020 3402 5076 exstir-

1793 5133 1928 5188 pare
1952 5115 2011 5169 in
2035 5113 2266 5168 veritate
2293 5112 2586 5180 desiderat,
2616 5111 2865 5184 origines
2891 5127 3084 5168 earum
3104 5127 3138 5165 a
3163 5129 3222 5167 se
3245 5113 3401 5184 prius

1795 5212 1852 5264 et
1895 5207 2106 5262 radices
2144 5205 2382 5260 excidat.
2435 5205 2512 5258 lta
2547 5219 2791 5274 namque
2835 5204 3092 5259 omnium
3134 5205 3400 5260 vitiorum

1793 5300 2044 5356 funditus
2069 5300 2331 5368 poterunt
2365 5295 2578 5351 soboles
2613 5296 2928 5367 exstirpari,
2958 5297 3005 5351 si
3029 5297 3148 5368 ipsa
3175 5313 3397 5370 quoque

1795 5408 1990 5450 eorum
2015 5391 2246 5461 semina,
2276 5390 2601 5462 priusquam
2627 5389 2963 5462 germinent,
2991 5390 3316 5450 evelluntur.
