3968 6436
1690 585 2505 692 OPUSCULUM
2588 589 2694 690 V.

910 755 2130 878 EXHOBTATIO
2219 757 3485 880 HUMILITATIS.

573 943 615 999 Ι.
659 941 924 1014 Quisquis
971 947 1116 998 nutu
1169 942 1268 997 Dei
1303 942 1602 1012 cujuslibet
1635 942 1804 997 ofﬁcii
1858 942 2133 1014 dignitate
2156 943 2434 1028 AOIeum
2486 949 2676 1000 autem
2727 945 3036 1017 peccatoris
3085 945 3335 1000 adulatio
3388 949 3504 1014 est,
3566 960 3695 1016 quae
3761 944 3870 999 levi

499 1037 792 1110 praaluces,
815 1036 907 1090 hic
929 1035 1176 1108 providae
1199 1035 1622 1106 gubernationis
1650 1035 1893 1092 utilitate
1919 1037 2136 1093 caeteris

496 1130 769 1202 praecedis
782 1131 806 1158 ⁸
821 1129 1164 1199 hominibus,
1187 1129 1332 1183 hanc
1357 1129 1909 1184 exhortatiunculam
1950 1147 2135 1185 meam

498 1224 820 1296 diligenter,
843 1239 1052 1294 quaeso,
1080 1223 1339 1294 recipias,
1366 1239 1470 1278 nec
1495 1241 1796 1295 pomposas
1825 1223 1883 1278 in
1914 1241 1978 1279 ea
2004 1241 2132 1296 spu-

498 1333 620 1372 mas
643 1318 938 1372 rhetorum
967 1333 1215 1388 quaeras;
1257 1317 1390 1388 quia
1419 1317 1758 1372 humilitatis
1797 1317 1977 1373 virtus
2018 1335 2133 1372 non

495 1411 796 1466 verborum
825 1410 1083 1480 elatione,
1127 1411 1221 1466 sed
1260 1411 1469 1466 mentis
1508 1411 1755 1484 puritate
1796 1412 2128 1483 requiritur.

497 1506 563 1560 Et
588 1505 634 1559 si
662 1505 805 1559 forte
832 1504 1028 1559 durius
1047 1504 1261 1576 aliquid
1288 1505 1483 1560 videor
1515 1505 1693 1577 loqui,
1739 1505 1990 1560 veritatis
2012 1506 2132 1560 haec

495 1599 678 1670 culpa,
709 1615 825 1653 non
851 1614 977 1652 mea
1016 1602 1118 1653 est.
1158 1599 1296 1652 Nam
1333 1599 1460 1653 ideo
1497 1599 1756 1672 quaedam
1799 1599 1941 1654 dura
1977 1605 2128 1668 sunt,

495 1691 759 1765 quaedam
786 1691 1009 1760 mollia;
1039 1691 1136 1746 sed
1155 1696 1210 1746 et
1229 1693 1488 1764 quamvis
1516 1693 1857 1747 alterutrum
1883 1692 1990 1747 sibi
2017 1710 2134 1765 om-_

493 1763 594 1842 nes
621 1785 879 1840 homines
895 1785 1135 1840 debeant
1154 1786 1470 1853 veritatem,
1492 1786 1668 1841 libere
1690 1790 1880 1841 tamen
1895 1786 2096 1858 loquar
2114 1763 2159 1840 εχ

491 1879 709 1935 nemini
736 1879 922 1934 verius
948 1878 1153 1934 debere
1172 1878 1386 1950 aliquid
1415 1879 1543 1949 dici,
1575 1896 1746 1950 quam
1789 1879 1841 1934 ei
1868 1879 1966 1950 qui
1992 1897 2133 1951 prae-

491 1973 635 2028 sidet
658 1972 872 2027 multis.
913 1973 1017 2026 Cui
1058 1973 1162 2026 etsi
1203 1988 1470 2042 asperum
1508 1972 1720 2044 aliquid
1771 1989 1839 2027 ex
1895 1973 2132 2028 veritate

489 2065 814 2138 aliquando,
870 2069 937 2120 ut
992 2051 1210 2134 assblet,
1256 2064 1555 2135 oil‘eratur,
1608 2065 1762 2121 velut
1812 2066 2132 2121 antidotum

490 2159 797 2232 quoddam,
827 2157 1083 2230 quamvis
1108 2159 1252 2213 forte
1281 2159 1372 2228 sit,
1396 2163 1588 2213 tamen
1615 2159 1750 2230 quia
1775 2159 2130 2214 salutiferum

489 2257 591 2322 est,
627 2252 865 2322 etiamsi,
895 2252 1180 2321 amaricet,
1212 2251 1526 2307 bibendum
1552 2257 1654 2306 est.

2233 1038 2480 1109 quadam
2507 1043 2562 1094 et
2589 1039 2746 1094 suavi
2779 1041 3045 1094 unctione
3072 1044 3244 1110 caput
3279 1038 3566 1094 interioris
3597 1037 3869 1107 hominis,

2233 1131 2386 1203 quod
2415 1135 2497 1186 est
2525 1148 2640 1202 cor,
2685 1134 2844 1204 quasi
2880 1133 3150 1205 ungendo
3188 1132 3469 1187 diuitidat.
3499 1131 3696 1187 Melius
3736 1147 3871 1202 ergo

2233 1225 2339 1280 sibi
2367 1225 2472 1297 ipsi
2509 1243 2628 1282 esse
2657 1227 2803 1281 dixit
2842 1228 3122 1298 propheta
3163 1226 3336 1281 David
3362 1225 3432 1279 ab
3458 1225 3692 1280 homine
3714 1225 3872 1296 justo

2233 1320 2398 1390 argui
2430 1320 2514 1376 vel
2547 1320 2787 1389 moneri,
2817 1337 2991 1392 quam
3019 1337 3051 1374 a
3075 1319 3274 1392 quovis
3308 1318 3596 1374 adulatore
3627 1317 3868 1373 laudari.

2233 1413 2402 1468 Recte
2427 1418 2618 1469 autem
2648 1413 3002 1470 adulatorem
3028 1412 3333 1486 peccatoris
3374 1413 3603 1467 nomine
3633 1411 3869 1466 denota-

2233 1507 2332 1573 vit,
2359 1507 2520 1578 cujus
2549 1507 2604 1562 id
2623 1509 2941 1562 maximum
2967 1512 3099 1564 ante
3126 1508 3316 1562 oculos
3335 1506 3434 1562 Dei
3459 1512 3515 1561 et
3541 1505 3870 1561 detestabile

2233 1605 2316 1656 est
2343 1607 2658 1672 peccatum,
2682 1602 2833 1657 aliud
2854 1602 3020 1656 corde
3053 1601 3446 1670 tenere,.aliud
3474 1617 3569 1655 ore
3594 1600 3868 1670 proferre.

2234 1695 2308 1749 De
2337 1695 2542 1750 talibus
2567 1696 2718 1750 enim
2747 1702 2802 1751 et
2838 1696 2898 1750 in
2925 1696 3035 1750 alio
3061 1696 3279 1750 Psalmo
3303 1694 3438 1750 dicit
3471 1711 3484 1748 :
3514 1695 3718 1748 Molliti
3746 1699 3871 1747 sunt

2231 1804 2496 1843 sermones
2548 1790 2665 1856 ejus
2728 1806 2891 1859 super
2954 1791 3148 1850 oleum,
3206 1795 3256 1843 et
3321 1790 3430 1857 ipsi
3491 1792 3620 1841 sunt
3673 1788 3869 1856 jacuIa

2234 1881 2339 1951 (Ps.
2370 1899 2473 1950 Liv,
2509 1886 2618 1950 2‘2).
2651 1883 2725 1936 De
2747 1883 2902 1952 justo
2929 1888 3120 1937 autem
3156 1882 3292 1936 dicit
3318 1900 3335 1936 :
3365 1883 3633 1950 Loquitur
3668 1883 3867 1936 cerita-

2233 1981 2393 2030 tatcm
2421 1978 2475 2029 in
2502 1977 2658 2030 corde
2682 1992 2798 2038 suo,
2841 1983 2891 2031 et
2927 1993 3032 2030 non
3073 1977 3178 2043 cgit
3214 1977 3397 2030 dolum
3441 1977 3500 2028 in
3537 1976 3730 2042 lingua
3771 1990 3868 2028 sua

2234 2069 2338 2138 (Ps.
2369 2085 2476 2134 xxv,
2511 2070 2584 2140 3).
2614 2070 2682 2123 [Tt
2707 2073 2897 2124 autem
2925 2069 2986 2124 in
3011 2069 3102 2124 his
3128 2069 3296 2123 rebus
3323 2068 3531 2140 quaevis
3566 2067 3870 2122 hominum

2231 2162 2508 2217 subtilitas
2522 2163 2680 2216 nullo
2697 2179 2952 2235 unquam
2969 2163 3308 2217 laudationis
3323 2162 3684 2217 titillamento
3703 2173 3725 2202 ο
3757 2176 3872 2214 cre-

2229 2255 2520 2312 dulitatem
2571 2257 2778 2311 mentis
2843 2261 2956 2312 tua:
3022 2257 3272 2311 attrahat
3318 2255 3378 2310 in
3427 2272 3739 2325 consensu,
3804 2255 3870 2309 ad

563 2348 626 2402 Il.
657 2347 769 2401 Hoc
795 2363 932 2418 ergo
957 2347 1153 2401 hortor
1176 2346 1238 2400 in
1265 2345 1486 2417 primis,
1525 2351 1589 2400 ut
1630 2363 1856 2417 semper
1885 2347 2126 2402 delecta-
2151 2327 2206 2396 Β
2229 2349 2406 2420 ipsius
2453 2349 2675 2403 Domini
2725 2351 2902 2404 nostri
2950 2351 3080 2404 Jesu
3137 2350 3344 2404 Christi
3399 2349 3727 2420 evangeliea
3777 2348 3870 2402 illa

488 2440 626 2494 bilia
642 2440 740 2495 illa
755 2440 924 2494 nimis
945 2439 1244 2494 hominum
1263 2439 1651 2493 blandimenta
1666 2440 1991 2510 pertimeas.
2008 2441 2128 2495 Non

487 2535 643 2590 enim
672 2535 733 2588 in
761 2535 866 2588 hac
891 2551 953 2589 re
977 2537 1132 2588 tanta
1159 2533 1466 2604 vigilantiae
1492 2533 1770 2586 industria
1806 2533 2128 2588 adhibenda

486 2633 588 2697 est,
631 2634 909 2699 quantum
955 2627 1017 2681 in
1059 2627 1173 2680 illis
1215 2627 1574 2681 sermonibus
1614 2627 1978 2696 repellendis,
2028 2627 2127 2698 qui

485 2723 574 2778 sib
599 2723 945 2792 rigiditatem
965 2718 1143 2775 animi
1163 2720 1407 2791 quadam
1435 2720 1862 2774 simulationum
1877 2721 2128 2776 delecta-

483 2817 636 2872 tione
663 2815 1026 2884 sulmervant,
1049 2814 1150 2884 qui
1165 2813 1556 2884 promerendae
1576 2814 1766 2883 gratiae
1789 2815 1994 2882 aditus,
2011 2831 2125 2869 non

485 2911 749 2966 laborum
765 2908 986 2976 merito,
1005 2907 1103 2962 sed
1114 2907 1571 2962 adscntationum
1590 2907 1824 2961 rimatur
1839 2909 2122 2963 acumine.

484 3003 653 3059 Utilia
681 3019 818 3074 ergo
845 3001 1031 3073 potius
1059 3017 1231 3072 quam
1261 3000 1624 3071 obsequentia
1653 3001 1820 3055 verba
1860 3001 2121 3073 recipies,

487 3101 641 3154 recta
668 3095 850 3168 magis
873 3112 1045 3166 quam
1069 3094 1313 3148 affabilia
1331 3098 1387 3148 et
1403 3094 1656 3165 jucunda
1676 3095 1946 3166 captabis.
1966 3095 2120 3150 Adu-

486 3191 627 3247 lanti
653 3190 935 3262 siquidem
963 3189 1306 3260 adgaudere,
1335 3188 1560 3258 regium
1585 3188 1785 3242 vitium
1815 3194 1898 3244 est
1923 3207 1939 3258 ;
1979 3189 2119 3244 adu-

489 3285 595 3340 lari
619 3301 771 3352 vero,
799 3283 998 3338 servile
1023 3287 1126 3338 est.
1160 3282 1266 3337 Sed
1307 3281 1563 3353 quamvis
1609 3282 1864 3336 adulanti
1902 3283 2119 3354 adgau-

489 3379 622 3435 dere
648 3378 871 3450 regium
901 3377 992 3444 sit,
1021 3382 1212 3432 tamen
1241 3375 1438 3430 vitium
1465 3393 1570 3429 usu
1597 3377 1966 3430 vernaculum
1991 3377 2117 3444 hoc,

489 3478 546 3530 et
575 3473 736 3545 quasi
762 3471 1057 3543 proprium
1084 3486 1292 3525 munus
1322 3473 1424 3539 est,
1452 3471 1683 3541 egregie
1720 3471 1890 3524 verba
1916 3476 2116 3541 poten-

487 3572 613 3624 tum
645 3565 933 3637 subsequi,
977 3570 1031 3620 et
1071 3581 1140 3619 ex
1177 3563 1404 3618 illorum
1444 3563 1830 3618 voluntatibus
1870 3565 2117 3618 formare

488 3677 830 3716 sermonem.
858 3660 996 3714 Nam
1022 3658 1068 3712 si
1094 3657 1230 3730 quid
1255 3659 1397 3713 forte
1423 3657 1793 3724 laudaverint,
1825 3662 1880 3712 et
1916 3658 1975 3712 id
2003 3675 2117 3712 non

486 3755 732 3810 libenter
765 3753 949 3808 audiri
991 3753 1410 3824 prospexerint,
1460 3752 1726 3806 continuo
1765 3757 2048 3821 accusant,
2078 3753 2124 3806 si

485 3849 623 3922 quid
652 3848 819 3920 paulo
844 3851 972 3902 ante
996 3847 1390 3902 laudaverunt.
1428 3846 1482 3901 Si
1510 3846 1645 3918 quid
1674 3862 1805 3900 vero
1837 3847 2120 3918 vitupera-

485 3942 688 4012 verint,
716 3942 775 3996 id
801 3941 1028 4012 iterum,
1057 3941 1105 3995 si
1151 3941 1231 3994 ita
1265 3945 1505 4012 patrono
1540 3940 1728 3994 visum
1757 3939 1950 4010 fuerit,
1998 3939 2122 3994 lau-

487 4037 646 4094 dant.
676 4039 855 4108 Atque
883 4035 963 4090 ita
987 4035 1138 4090 inter
1164 4035 1267 4089 hos
1294 4034 1434 4088 tales
1461 4033 1673 4088 adulati
1699 4033 1925 4087 animus
1945 4033 2127 4088 fertur

487 4136 760 4202 tanquam
785 4130 939 4185 navis
963 4129 1111 4184 inter
1137 4129 1316 4183 varios
1343 4143 1612 4183 aurarum
1637 4126 1825 4196 ﬂatus,
1855 4127 1992 4198 quia
2008 4143 2123 4181 non

487 4225 657 4281 habet
681 4225 832 4279 unde
858 4227 1020 4280 exeat
1044 4228 1098 4278 et
1127 4225 1454 4278 ﬂuctuatur.
1487 4223 1638 4276 Inter
1663 4221 1767 4274 hos
1809 4237 1946 4291 ergo
1979 4237 2121 4292 quo-

488 4336 620 4375 rum
645 4319 964 4374 uberrimus
989 4323 1254 4390 quaestus,
1285 4315 1378 4370 hic
1403 4313 1649 4370 maxime
1689 4319 1792 4384 est,
1832 4314 2125 4370 desideriis

487 4415 674 4470 vivere
722 4413 941 4484 alienis,
991 4413 1250 4469 animum
1293 4414 1458 4465 tuum
1513 4424 1736 4463 summa
1772 4408 2126 4463 discretionis

488 4525 753 4565 mensura
793 4507 1146 4578 constringe;
1191 4509 1257 4560 ut
1293 4520 1427 4558 cum
1463 4501 1632 4556 multi
1668 4501 1961 4556 adulantes
1990 4503 2124 4558 hinc

489 4609 658 4675 atque
683 4602 812 4657 inde
840 4602 986 4657 nihil
1013 4600 1166 4655 aliud
1194 4598 1304 4654 nisi
1339 4601 1561 4652 tantum
1589 4596 1743 4668 quod
1771 4595 2008 4651 delectet
2031 4597 2122 4652 in-

488 4699 734 4767 sinuant,
761 4697 1060 4752 offerentes
1085 4693 1346 4766 quaedam
1374 4689 1571 4762 gloriae
1610 4689 1798 4758 verba,
1832 4690 1893 4744 in
1918 4691 2124 4761 quibus

487 4793 593 4850 hoc
615 4791 720 4849 tibi
743 4791 953 4847 dicitur
977 4787 1130 4861 quod
1153 4791 1216 4855 let
1242 4787 1375 4854 Deo,
1404 4800 1676 4856 agnoscas
1705 4784 1850 4838 nihil
1869 4785 2023 4840 aliud
2053 4802 2123 4840 ex

485 4887 575 4945 his
609 4885 906 4959 proprium
941 4888 1106 4938 tuum
1142 4897 1284 4949 esse,
1322 4879 1433 4933 nisi
1473 4878 1579 4931 hoc
1623 4883 1842 4932 tantum
1877 4879 2027 4950 quod
2068 4884 2123 4934 et

484 4987 694 5049 tecum,
723 4985 780 5036 et
807 4995 938 5034 cum
964 4977 1033 5032 de
1060 4976 1164 5030 hac
1191 4975 1305 5029 vita
1329 4972 1652 5040 excesseris,
1683 4989 2119 5044 permansurum

485 5079 590 5132 est.

559 5170 645 5225 III.
681 5169 741 5222 In
767 5165 1032 5222 omnibus
1071 5179 1207 5232 ergo
1253 5161 1314 5216 in
1347 5161 1554 5232 quibus
1601 5161 1988 5216 adulationum
2027 5162 2116 5217 ni-

484 5265 684 5321 mietas
709 5261 880 5315 etiam
900 5255 1172 5313 terminos
1199 5255 1418 5310 homini
1450 5260 1830 5327 competentes
1859 5256 2114 5326 excessit,

484 5357 627 5413 illud
663 5353 991 5410 Davidieum
1033 5350 1412 5405 recordaveris
1457 5350 1880 5419 documentum,
1913 5350 1974 5404 in
2004 5367 2116 5422 quo

482 5451 580 5508 ille
604 5464 822 5504 venena
854 5445 1245 5500 adulationum
1279 5444 1550 5514 devitans,
1574 5443 1652 5498 ait
1689 5460 1702 5498 :
1737 5444 2002 5514 Corripiet
2034 5461 2116 5499 me

475 5544 664 5615 justus
709 5544 769 5596 in
813 5539 1206 5602 misericordia,
1243 5544 1293 5594 et
1327 5543 1514 5606 arguet
1558 5555 1686 5605 me;
1730 5539 1902 5593 oleum
1937 5543 2117 5592 autem

477 5639 778 5710 peccatoris
817 5651 925 5691 non
963 5635 1260 5703 impinguet
1297 5639 1460 5704 caput
1498 5649 1673 5687 meum
1722 5632 1829 5703 (Ps.
1881 5649 1998 5700 CXL,
2039 5633 2111 5703 5).

555 5777 580 5806 '
606 5779 788 5846 Forte,
818 5779 884 5831 ut
901 5774 1066 5830 lectio
1095 5777 1333 5844 constet,
1360 5773 1688 5845 legendum,
1722 5777 1783 5828 ut
1798 5772 2110 5843 provida...

477 5851 885 5984 Prfcggifticula
903 5921 952 5980 si
967 5918 1286 5977 redundare
1305 5915 1545 5986 videtur,
1576 5902 1826 5990 alioquin
1845 5931 2114 5990 suspensa

2229 2447 2384 2513 gesta
2436 2446 2794 2512 convertere;
2854 2448 2912 2498 et
2967 2443 3220 2499 invenies
3266 2443 3428 2496 illum
3471 2444 3868 2496 dominantium

2229 2539 2510 2591 Dominum
2563 2538 2752 2607 (Apoc.
2805 2554 2916 2606 x1x,
2969 2539 3049 2605 16)
3101 2553 3379 2607 magnum
3433 2536 3594 2590 nobis
3647 2535 3870 2590 dedisse

2227 2630 2378 2684 inter
2410 2631 2689 2685 humanas
2726 2631 2920 2684 laudes
2958 2630 3298 2684 humilitatis
3334 2630 3686 2700 exemplum.
3722 2630 3870 2683 Hanc

2227 2740 2363 2795 ergo
2399 2724 2612 2792 excole,
2643 2724 2902 2794 hancque
2938 2725 3271 2794 magistram
3310 2723 3537 2790 habeto,
3582 2723 3734 2776 hanc
3771 2722 3870 2776 tibi

2225 2817 2376 2872 inter
2400 2818 2793 2871 laudationum
2821 2817 3112 2871 illecebras
3139 2817 3413 2871 arbitram
3439 2833 3606 2888 pone.
3651 2817 3872 2880 Quanta

2224 2912 2408 2982 portio
2435 2929 2503 2966 ex
2533 2912 2620 2965 his
2647 2929 2774 2982 quae
2805 2911 3062 2964 homines
3087 2911 3440 2965 adlaudando
3467 2909 3753 2976 tribuunt,
3786 2909 3870 2962 vel

2224 3009 2434 3075 quanto
2460 3010 2719 3076 tempore
2745 3010 2840 3059 tua
2868 3005 2960 3072 sit,
3003 3004 3123 3058 haec
3162 3021 3277 3058 non
3298 3002 3594 3075 permittas
3637 3002 3869 3074 placidis

2223 3099 2452 3153 auribus
2479 3099 2695 3168 audire,
2725 3099 2858 3170 quia
2888 3099 3041 3152 ficta.

2295 3193 2380 3246 ιν.
2420 3193 2706 3247 Postremo
2741 3192 2861 3246 haec
2898 3196 3090 3246 sancta
3135 3191 3452 3258 humilitas,
3499 3189 3797 3244 subductis
3838 3206 3868 3244 a

2221 3289 2278 3342 te
2307 3285 2562 3341 omnium
2589 3286 3017 3341 simulationum
3042 3285 3340 3354 illecebris,
3366 3290 3502 3340 tunc
3529 3283 3632 3337 tibi
3659 3284 3869 3338 caelum

2221 3379 2456 3451 aperiet,
2476 3396 2609 3435 cum
2634 3379 2739 3434 tibi
2764 3380 2822 3434 in
2849 3396 2986 3433 aure
3007 3378 3216 3433 dixerit
3239 3395 3252 3433 :
3279 3379 3419 3444 Quia
3447 3384 3594 3432 terra
3622 3393 3676 3430 es
3711 3376 3863 3445 (Gen.

2221 3489 2302 3542 IH,
2345 3474 2426 3543 19)
2441 3491 2457 3542 ;
2496 3477 2631 3528 tunc
2674 3479 2728 3528 te
2767 3473 2828 3527 in
2869 3473 2966 3527 illa
3015 3489 3146 3528 vera
3203 3473 3468 3526 societate
3520 3469 3870 3524 haereditatis

2220 3566 2319 3620 Dei
2357 3566 2689 3636 introducit,
2747 3584 2878 3621 cum
2937 3571 2992 3621 te
3036 3567 3095 3622 in
3143 3566 3407 3621 omnibus
3457 3563 3867 3620 admonuerit:

2225 3660 2364 3726 Quia
2389 3661 2540 3714 homo
2565 3677 2618 3714 es
2646 3666 2694 3714 et
2714 3667 2985 3730 peccator.
3014 3662 3083 3714 Et
3120 3677 3252 3715 cum
3287 3659 3576 3714 universas
3623 3657 3870 3712 rationes

2225 3770 2295 3809 ex
2320 3755 2408 3808 his
2431 3771 2558 3826 quze
2583 3755 2655 3808 ad
2683 3758 2737 3809 te
2765 3753 3076 3826 pertinent,
3093 3755 3154 3809 in
3176 3755 3347 3824 hujus
3374 3750 3719 3808 humilitatis
3740 3768 3869 3822 sup-

2222 3847 2514 3920 putatione
2533 3848 2890 3919 prospexeris
2921 3849 3148 3917 (miram
3189 3863 3311 3902 rem
3341 3847 3565 3917 dicam),
3609 3845 3868 3900 invenies

2224 3942 2484 3996 homines
2511 3942 2583 3996 ad
2610 3941 2841 3996 honoris
2865 3941 2949 3996 tui
2976 3942 3273 3997 cumulum
3300 3939 3726 4012 augmentando
3754 3939 3865 3993 mi-

2223 4051 2420 4104 nuere,
2476 4036 2623 4090 hanc
2673 4051 2806 4089 vero
2864 4036 3038 4089 solam
3091 4034 3404 4090 minuendo
3452 4033 3579 4105 plus
3631 4032 3866 4088 addere.

2226 4129 2498 4195 Quantum
2529 4146 2651 4197 ergo
2677 4145 2905 4198 magnus
2941 4145 3016 4192 es,
3043 4134 3109 4184 ut
3135 4130 3215 4184 ait
3252 4128 3535 4197 Salomon,
3574 4132 3792 4182 tantum
3820 4133 3869 4180 te

2225 4224 2452 4278 humilia
2481 4224 2663 4293 (Eccli.
2695 4241 2777 4294 ιιι,
2807 4223 2917 4294 20).
2955 4224 3098 4288 Quia
3140 4227 3197 4278 et
3237 4239 3369 4278 cum
3410 4221 3619 4277 multos
3651 4220 3867 4292 guber—

2224 4317 2465 4387 naveris,
2495 4335 2611 4372 non
2637 4323 2723 4372 est
2749 4323 2938 4372 tamen
2966 4317 3257 4389 perfectio,
3287 4317 3332 4370 si
3367 4317 3474 4371 hoc
3499 4315 3653 4387 quod
3679 4315 3870 4384 majus

2225 4417 2327 4481 est,
2355 4415 2417 4466 tu
2444 4412 2592 4466 solus
2619 4412 2914 4482 restiteris,
2944 4428 3116 4483 quem
3155 4410 3472 4482 gubernare
3505 4425 3620 4464 non
3659 4408 3866 4478 possis.

2223 4506 2377 4560 Tunc
2404 4506 2559 4560 enim
2585 4505 2712 4559 aliis
2743 4522 2872 4560 vere
2912 4505 3161 4576 praaibis,
3201 4521 3333 4560 cum
3377 4503 3535 4575 prius
3570 4501 3870 4574 prasiveris

2223 4599 2345 4654 tibi.
2375 4600 2484 4654 Nec
2513 4600 2665 4654 enim
2695 4599 2856 4654 malis
2884 4616 3036 4654 nunc
3063 4615 3220 4670 ergo,
3260 4598 3356 4653 sed
3397 4614 3572 4669 quam
3610 4596 3867 4651 maxime

2221 4693 2384 4747 bonis
2410 4693 2529 4748 haec
2567 4695 2788 4765 loquor.
2828 4695 2967 4747 Nam
3011 4693 3058 4748 si
3096 4693 3168 4747 ad
3204 4692 3602 4763 magisterium
3639 4689 3741 4744 Dei
3769 4705 3864 4745 re-

2221 4788 2440 4859 spicias,
2471 4805 2586 4843 non
2623 4789 2806 4842 solum
2843 4787 3144 4860 peccatori,
3175 4787 3272 4841 sed
3310 4786 3515 4840 sanctis
3554 4785 3684 4840 data
3709 4800 3863 4855 prte-

2221 4887 2383 4954 cepta
2411 4886 2562 4938 sunt.
2599 4882 2812 4937 Dicitur
2837 4887 2893 4936 et
2919 4881 3028 4935 illis
3055 4881 3291 4936 verbum
3317 4879 3588 4945 veritatis,
3617 4894 3735 4933 non
3773 4884 3862 4932 ta-

2219 4993 2352 5030 men
2383 4981 2445 5030 ut
2489 4977 2628 5030 ﬁant
2672 4976 2828 5043 boni,
2873 4977 3025 5046 quod
3069 4964 3236 5044 sunt;
3285 4974 3381 5029 sed
3417 4989 3488 5028 ne
3520 4973 3660 5027 ﬁant
3697 4973 3862 5038 mali,

2139 5070 2372 5150 unod
2417 5087 2532 5125 non
2571 5073 2722 5124 sunt.
2767 5069 2944 5124 Credo
2980 5073 3171 5124 autem
3207 5068 3342 5140 quia
3375 5067 3538 5121 bonis
3579 5065 3709 5137 plus
3751 5066 3864 5120 hoc

2219 5163 2370 5236 quod
2396 5180 2626 5235 purum,
2657 5163 2810 5236 quod
2835 5163 3120 5217 sincerum
3147 5167 3249 5232 est,
3275 5162 3514 5234 placeat.
3543 5160 3683 5215 Nam
3709 5160 3864 5214 Deus

2215 5263 2408 5313 noster
2435 5275 2550 5312 non
2572 5260 2796 5312 tantum
2821 5257 3078 5311 dulcibus
3102 5256 3465 5310 adorantium
3485 5271 3543 5309 se
3570 5253 3860 5325 precibus,

2216 5355 2494 5423 quantum
2540 5350 2862 5406 innocentia
2899 5355 2957 5406 et
3002 5349 3361 5422 simplicitate
3405 5347 3683 5420 placatur.
3726 5347 3862 5401 Plus

2215 5445 2328 5500 illis
2380 5449 2571 5500 autem
2615 5445 2911 5514 inclinans,
2965 5445 3066 5516 qui
3119 5443 3396 5499 sinceram
3439 5457 3761 5514 puramque
3806 5439 3862 5496 ei

2215 5544 2466 5595 mentem
2492 5539 2758 5607 otferunt,
2787 5556 2959 5612 quam
2986 5539 3088 5611 qui
3114 5539 3307 5594 suavia
3343 5537 3667 5592 orationum
3695 5536 3857 5592 intu-

2214 5633 2385 5690 lerint
2406 5633 2812 5690 blandimenta.
2841 5634 2961 5690 Non
2983 5633 3138 5688 enim
3162 5633 3234 5689 ad
3259 5631 3438 5688 alium
3457 5630 3604 5686 mihi
3625 5630 3696 5687 de
3713 5647 3858 5686 vana.

2213 5770 2514 5831 sententia.

2285 5859 2307 5889 ο
2338 5848 2418 5903 Ita
2446 5845 2834 5919 rescripsimus
2853 5861 2966 5922 quo
2993 5846 3333 5904 titulamento
3362 5843 3507 5902 Edit.
