3968 6458
189 413 233 468 il
1045 447 1052 454 ·
1142 425 1415 486 ΜΑΒΤΙΝΙ
1452 432 1803 491 DUMIENSIS
1839 437 2228 493 OPL'SCL'LUM
2271 438 2350 490 VI.
2391 437 2475 492 DE
2513 439 2641 492 18A.
3477 440 3544 496 42

191 521 340 592 gloria
360 527 466 578 aut
503 529 812 626 superbia
838 532 1030 587 visum
1061 538 1146 588 est
1167 535 1342 606 loqui,
1373 537 1481 591 nisi
1511 540 1578 594 ad
1606 545 1680 607 te,
1711 543 1837 612 qni-
1862 555 1917 626 Α
1937 544 2120 598 corde.
2154 545 2287 597 Ecce
2325 543 2430 598 hoc
2466 549 2566 611 est,
2598 543 2745 613 quod
2773 543 3125 598 incurvatum
3153 545 3354 615 saepius
3379 547 3546 618 erigit

191 629 407 684 cumque
433 617 616 686 prior
645 635 714 674 es
745 623 877 677 aliis
907 643 922 678 :
955 625 1055 695 qui
1081 627 1184 680 etsi
1221 643 1337 682 non
1371 630 1624 700 recipias,
1653 638 1840 687 tamen

190 722 362 761 omnes
403 708 536 763 hac
587 711 910 783 ingerunt,
965 733 1158 771 omnes
1215 719 1597 791 blandiuntur,
1649 741 1841 779 omnes

203 799 458 854 extollunt
481 819 500 868 ;
529 818 724 856 nemo
752 821 828 859 ex
867 807 979 882 illis
1005 809 1061 862 id
1090 809 1362 878 offerens;
1399 813 1548 882 quod
1578 813 1655 867 ita
1683 815 1840 869 dulce

208 891 279 958 sit,
301 896 362 945 ut
397 896 603 948 tamen
632 911 670 948 a
696 897 964 966 periculo
1004 899 1172 972 longe
1212 901 1302 955 sit.
1337 903 1446 956 Nec
1489 904 1640 958 enim
1668 907 1842 960 miror

207 983 444 1036 omnibus
483 1001 614 1039 esse
651 987 717 1040 in
757 993 1059 1060 promptu,
1089 992 1222 1060 quia
1261 993 1489 1049 laudare
1531 1001 1836 1065 potentem,

206 1073 325 1127 sicut
349 1091 454 1128 nec
478 1075 671 1147 labor,
700 1078 786 1133 ita
809 1095 919 1134 nec
943 1081 1113 1135 timor
1137 1087 1240 1137 est.

261 1165 315 1219 V.
346 1167 472 1220 Tibi
501 1168 693 1239 igitur
713 1186 810 1224 me
840 1173 1096 1242 oportuit
1119 1174 1240 1228 haec
1269 1175 1603 1231 humilitatis
1627 1179 1836 1234 instru-

195 1262 374 1311 menta
408 1260 742 1330 porrigere,
775 1262 886 1315 tibi
925 1263 1316 1335 gubernaculi,
1348 1269 1600 1338 quamvis
1626 1274 1682 1324 et
1720 1271 1836 1340 ipse

190 1348 412 1416 habeas,
443 1350 627 1404 etiam
666 1352 779 1406 hoc
823 1356 1179 1424 superﬂuum
1215 1357 1419 1412 addere
1455 1361 1834 1416 moderamen.

187 1439 320 1502 Quia
371 1440 458 1494 ibi
515 1458 757 1514 semper
800 1445 1064 1500 elationis
1105 1447 1304 1501 fortior
1350 1455 1548 1504 ventus
1595 1457 1696 1519 est,
1739 1453 1837 1506 ubi

181 1529 387 1584 honori
433 1533 646 1587 fortior
687 1535 956 1591 altitudo.
995 1538 1171 1607 Cupio
1214 1556 1350 1609 ergo
1396 1546 1450 1595 te
1487 1548 1616 1595 ante
1653 1543 1837 1596 oculos

176 1621 270 1675 Dei
315 1623 540 1692 quibus
586 1626 748 1679 nuda
784 1633 871 1682 est
917 1629 1147 1698 abyssus
1185 1631 1449 1686 humanas
1490 1633 1836 1688 conscientiae

171 1713 393 1768 humili
443 1715 625 1770 corde
667 1734 901 1788 semper
930 1719 1212 1789 incedere,
1242 1722 1374 1792 quia
1408 1724 1676 1794 scriptum
1713 1729 1833 1778 est:

171 1805 360 1874 Super
419 1824 612 1875 quem,
673 1809 871 1879 inquit
923 1810 1215 1880 Dominus,
1272 1817 1564 1882 requiescet
1613 1819 1838 1884 spiritus

1937 634 2245 688 inimicum.
2269 637 2560 688 Peccatum
2586 651 2826 704 namque
2846 635 3098 688 elationis
3125 642 3349 702 nostrae,
3372 637 3544 691 robur

1936 725 2104 779 illius.
2132 727 2254 780 Sola
2291 743 2425 796 ergo
2464 726 2749 779 humilitas
2785 726 2964 779 cordis
3001 731 3103 791 est,
3135 744 3260 797 quas
3289 745 3345 781 se
3381 728 3539 782 inﬁr-

1936 833 2087 870 mam
2123 817 2372 884 dicendo,
2407 817 2592 870 omnia
2629 822 2826 886 potest,
2857 833 2982 886 quae
3020 822 3199 871 totum
3224 819 3373 888 quod
3410 820 3543 874 boni

1938 913 2020 962 est
2057 909 2294 976 obtinet,
2327 910 2434 962 Deo
2469 909 2574 962 hoc
2608 924 2829 979 semper
2869 909 3216 978 applicando,
3251 925 3363 963 non
3399 910 3537 979 sibi;

1937 999 1996 1052 in
2037 1015 2146 1068 qua
2189 1001 2234 1052 si
2277 999 2400 1070 quis
2447 999 2771 1068 ascenderit,
2809 1016 2923 1052 non
2961 1000 3130 1055 habet
3164 1001 3314 1054 unde
3359 1001 3535 1056 cadat.

1939 1089 2144 1144 Omnes
2199 1091 2319 1144 alite
2365 1091 2598 1144 virtutes
2652 1091 2723 1144 ad
2773 1091 3172 1160 perfectionem
3223 1108 3380 1145 suam
3441 1108 3542 1162 per

1937 1182 2149 1234 excelsa
2185 1181 2441 1251 quaedam
2485 1197 2586 1234 nos
2617 1185 2672 1234 et
2713 1181 2888 1234 ardua
2923 1187 3186 1251 poterunt
3219 1199 3538 1252 provocare,

1936 1272 2054 1325 haec
2079 1273 2195 1325 sola
2217 1273 2276 1325 in
2307 1273 2472 1342 plano
2503 1279 2613 1339 est;
2653 1277 2708 1326 et
2733 1273 2985 1342 quamvis
3010 1273 3279 1328 humilior
3310 1274 3432 1328 aliis
3455 1276 3535 1328 vi-

1935 1363 2150 1430 deatur,
2188 1363 2324 1416 c0310
2361 1367 2545 1416 tamen
2581 1368 2662 1416 est
2705 1363 2886 1430 altior,
2927 1363 3058 1433 quia
3100 1365 3161 1418 in
3197 1381 3374 1434 regno
3418 1365 3538 1434 ejus

1934 1452 2222 1507 hominem
2263 1470 2376 1506 non
2421 1453 2788 1521 ascendendo,
2841 1453 2936 1506 sed
2983 1455 3366 1509 descendendo
3407 1472 3537 1526 per-

1935 1545 2106 1598 ducit.
2133 1547 2236 1598 Per
2276 1546 2417 1598 hanc
2449 1545 2811 1598 obtinuerunt
2855 1546 3028 1598 sancti
3058 1546 3262 1600 futurae
3297 1547 3535 1602 beatitu-

1935 1636 2078 1688 dinis
2128 1637 2376 1705 praemia,
2428 1637 2798 1689 custodientes
2845 1636 3187 1690 dominicum
3236 1638 3376 1692 illud
3423 1639 3537 1693 elo-

1935 1727 2134 1796 quium
2165 1741 2177 1780 :
2205 1728 2358 1780 Beati
2372 1743 2639 1795 pauperes
2664 1729 2881 1795 spiritu,
2914 1731 3165 1795 quoniam
3198 1731 3434 1797 ipsorum
3463 1736 3540 1784 est

1935 1833 2156 1883 regnum
2200 1819 2443 1870 caelorum
2481 1818 2689 1884 (Matth.
2729 1833 2782 1884 v,
2821 1818 2891 1885 3).
2935 1819 3026 1871 [lle
3069 1819 3277 1874 scilicet
3305 1825 3388 1873 est
3428 1819 3536 1874 hu-

165 1912 349 1960 meus,
371 1901 495 1952 nisi
511 1914 686 1968 super
701 1901 960 1956 humilem
980 1909 1030 1956 et
1049 1909 1353 1958 trementem
1373 1907 1533 1959 verba
1554 1923 1667 1960 mea
1688 1907 1834 1975 (Isai.
1859 1895 1912 1964 B
1937 1909 2104 1975 milis,
2133 1909 2230 1978 qui
2261 1909 2462 1977 spiritu
2498 1909 2696 1977 plenus
2727 1914 2828 1975 est,
2857 1908 2990 1961 ﬂatu
3017 1911 3258 1978 quodam
3285 1910 3538 1976 elationis

165 2003 314 2056 LXVI,
349 1991 456 2059 2)?
499 1990 688 2061 Cupio
728 1996 786 2046 te
821 1993 1017 2046 omnia
1055 1995 1318 2048 mandata
1351 1996 1554 2050 Christi
1587 2013 1836 2067 servare;

164 2083 217 2133 et
267 2096 419 2134 cum
462 2081 572 2134 illa
611 2083 885 2152 operibus
929 2085 1094 2138 bonis
1133 2086 1464 2157 adimpleas,
1510 2087 1647 2142 illud
1690 2089 1840 2159 quod

163 2171 306 2240 ipsis
335 2173 631 2242 apostolis
657 2174 879 2228 dictum
909 2180 1013 2244 est,
1046 2178 1349 2232 recordari.
1381 2179 1471 2232 Ait
1496 2179 1649 2233 enim
1681 2180 1792 2233 illis
1822 2197 1835 2233 :

157 2265 226 2317 Et
263 2279 406 2316 cum
440 2265 564 2318 lucc
589 2269 777 2319 omnia
811 2269 1050 2333 feceritis
1075 2284 1196 2336 qua:
1219 2270 1414 2322 mando
1444 2271 1611 2332 vobis,
1634 2272 1792 2324 dicite
1820 2290 1836 2324 :

161 2355 316 2419 Quia
340 2359 498 2410 servi
525 2358 756 2411 inutiles
779 2359 1030 2424 fuimus;
1061 2376 1182 2428 qua:
1202 2361 1480 2415 debuimus
1503 2365 1681 2428 facere
1703 2365 1836 2428 feci-

165 2463 294 2499 mus
341 2449 504 2516 (Luc.
534 2464 673 2516 xvu,
713 2451 832 2518 10);
876 2449 935 2503 id
975 2455 1077 2519 est,
1110 2468 1225 2504 non
1271 2469 1340 2506 ex
1377 2453 1524 2506 dono
1569 2458 1839 2523 tanquam

167 2537 369 2606 liberi,
417 2539 525 2592 sed
568 2555 643 2592 ex
687 2539 881 2594 debito
931 2546 1204 2612 tanquam
1248 2543 1414 2597 servi.
1452 2544 1648 2598 Nullus
1688 2544 1838 2597 enim

165 2631 444 2699 quamvis
474 2630 773 2701 perfectus
803 2631 865 2684 in
886 2632 1152 2686 onmibus
1168 2634 1274 2698 vir,
1295 2634 1373 2688 ita
1399 2635 1696 2704 aliquando
1721 2635 1838 2688 haec

161 2721 615 2792 praeoccupavit
640 2738 773 2792 quae
799 2723 913 2776 Deo
941 2728 1075 2778 sunt
1099 2725 1324 2794 placita,
1355 2730 1417 2780 ut
1445 2725 1601 2796 prius
1629 2725 1839 2796 aliquid

163 2813 253 2866 illi
287 2813 600 2881 fenerans,
645 2830 765 2868 non
809 2814 1034 2868 debitor
1068 2816 1256 2884 fuerit,
1292 2817 1387 2870 sed
1429 2821 1670 2871 exactor.
1706 2818 1838 2880 Quis

165 2904 333 2958 enim
381 2904 619 2975 aliquid
657 2904 853 2973 habet,
893 2906 1048 2976 quod
1087 2906 1157 2960 ab
1193 2907 1287 2960 illo
1324 2907 1517 2960 datum
1555 2925 1668 2962 non
1720 2911 1840 2962 est?

163 2999 286 3050 Aut
327 2998 490 3065 quis,
519 2995 674 3050 sicut
708 2997 1012 3066 Apostolus
1045 2998 1145 3064 ait,
1176 3001 1334 3067 prior
1371 2999 1518 3052 dedit
1545 3000 1648 3062 illi,
1677 3003 1731 3053 et
1753 3016 1836 3053 rc-

165 3087 464 3142 tribuetur
507 3089 606 3140 ei?
648 3085 920 3152 Quoniam
959 3091 1140 3142 omnia
1176 3105 1244 3143 ex
1281 3091 1417 3157 ipso,
1451 3095 1500 3144 et
1516 3106 1618 3157 per
1642 3093 1836 3158 ipsum,

165 3185 220 3233 et
263 3181 328 3233 in
375 3182 505 3248 ipso
535 3196 552 3232 :
582 3179 696 3247 ipsi
747 3179 927 3244 gloria
972 3181 1032 3232 in
1073 3181 1290 3234 sucula.
1335 3179 1510 3233 Amen
1552 3179 1715 3249 (Rom.
1762 3197 1836 3249 xx,

172 3271 267 3340 35,
301 3272 422 3340 36).

243 3363 337 3417 Vl.
367 3363 522 3418 Ecce
553 3361 683 3415 haec
711 3366 797 3415 est
824 3377 957 3415 vera
982 3361 1079 3415 illa
1115 3366 1170 3417 et
1195 3363 1508 3418 Christiana
1532 3363 1836 3418 humilitas.

170 3452 238 3508 in
274 3454 389 3509 hac
427 3470 533 3508 eos
573 3453 788 3524 quibus
823 3453 1115 3524 praesides,
1145 3454 1357 3524 optime
1393 3454 1749 3525 gubernabis.
1780 3455 1840 3508 In

171 3543 280 3599 hac
304 3545 624 3601 victoriam
663 3561 735 3599 ex
767 3545 928 3599 omni
957 3545 1093 3598 vitio
1130 3545 1339 3616 poteris
1372 3545 1700 3616 promereri,
1731 3545 1839 3600 Deo

173 3635 284 3691 hoc
331 3637 502 3709 quod
545 3636 758 3690 viceris
803 3637 1132 3706 tribuendo,
1167 3653 1283 3690 non
1324 3637 1446 3692 tibi.
1487 3638 1644 3705 Nam,
1689 3637 1840 3706 quod

177 3728 508 3801 aliquoties,
555 3728 846 3800 patientia
887 3728 1051 3797 victa,
1099 3728 1230 3782 vitia
1266 3729 1475 3783 iterum
1509 3729 1652 3782 vires
1692 3727 1835 3781 acci-

179 3820 366 3890 piunt,
409 3820 569 3876 nihil
615 3819 779 3874 aliud
827 3824 934 3887 est,
979 3820 1122 3874 mihi
1167 3820 1350 3887 crede,
1393 3819 1501 3874 nisi
1552 3819 1683 3890 quia
1724 3836 1839 3874 non

187 3910 421 3968 dicimus
461 3914 604 3979 Deo,
636 3911 798 3984 quod
839 3911 1207 3982 belligerator
1235 3911 1330 3965 ille
1366 3911 1534 3964 David
1569 3910 1716 3964 bella
1740 3911 1839 3964 Do-

189 4003 322 4058 mini
359 4005 592 4060 bellans
626 4022 642 4058 :
674 4005 747 4057 In
790 4007 862 4064 te,
909 4003 1116 4072 inquit,
1145 4004 1387 4056 inimicos
1422 4007 1628 4056 nostros
1666 4003 1838 4055 venti-

190 4094 430 4160 lacimus,
472 4102 529 4153 et
571 4100 634 4151 in
677 4096 905 4149 nomine
935 4099 1027 4148 tuo
1065 4097 1371 4164 spernimus
1408 4095 1738 4161 insurgentes
1781 4095 1839 4146 in

184 4201 271 4243 nos
303 4191 412 4260 (Ps.
450 4205 615 4258 nm,
664 4188 746 4257 6).
783 4187 854 4240 Et
887 4185 1098 4239 iterum
1135 4202 1149 4238 :
1189 4185 1328 4250 Quia
1365 4201 1472 4238 non
1504 4187 1700 4239 virtute
1739 4200 1839 4238 sua

157 4289 353 4340 Potens
389 4287 471 4338 est
507 4284 634 4346 vir;
674 4278 956 4335 Dominus
994 4279 1426 4345 inﬁrmum/amt
1469 4277 1839 4330 adversarium

148 4363 294 4432 ιγ’ω.
321 4376 432 4432 Sed
467 4375 633 4430 forte
676 4368 1076 4441 respondetur
1107 4368 1250 4422 mihi
1282 4384 1295 4422 :
1325 4369 1469 4438 Ergo
1496 4372 1552 4422 et
1589 4368 1700 4422 Deo
1724 4383 1839 4421 non

119 4460 369 4536 3&imus
409 4468 674 4542 gratias,
711 4477 844 4517 non
881 4460 1183 4514 referimus
1209 4459 1442 4514 laudes?
1483 4460 1678 4528 Credo,
1707 4457 1840 4529 quia

1859 3233 1912 3306 C

1936 1999 2225 2052 abundans
2252 1999 2448 2066 elatus,
2479 2004 2542 2052 ut
2566 2003 2689 2052 uter
2713 2003 2814 2052 est.

2006 2090 2113 2143 Vll.
2166 2089 2269 2143 Sed
2311 2088 2430 2157 jam
2478 2089 2758 2159 quomodo
2805 2089 2922 2158 ipsa
2969 2089 3144 2144 virtus
3191 2091 3536 2159 obtineatur,

1936 2181 2175 2233 charitas
2211 2185 2310 2233 tua
2349 2180 2634 2250 paulisper
2671 2180 2940 2234 intendat.
2982 2181 3038 2234 ln
3084 2182 3281 2251 primis
3317 2183 3363 2235 si
3407 2185 3542 2252 quid

1936 2271 2174 2324 volueris
2213 2271 2346 2324 boni
2395 2271 2575 2341 operis
2621 2271 2902 2340 inchoare,
2951 2288 3066 2325 non
3112 2273 3216 2325 hoc
3258 2274 3540 2342 proposito

1937 2361 2289 2430 acquirendae
2316 2362 2514 2428 laudis,
2543 2361 2638 2414 sed
2673 2361 2856 2414 studio
2884 2362 3252 2416 inchoationis
3277 2358 3540 2418 faciendé

1936 2451 2195 2505 bonitatis
2211 2452 2461 2521 incipies.
2481 2451 2686 2505 Dehinc
2705 2468 2832 2505 cum
2853 2453 3162 2521 perfectum
3185 2453 3356 2506 fuerit
3377 2470 3536 2523 opus,

1940 2542 2078 2595 illud
2107 2543 2478 2612 quodcunque
2507 2549 2588 2595 est
2620 2559 2779 2612 Opus,
2808 2544 2961 2596 omni
2986 2543 3232 2596 custodia
3265 2561 3419 2598 serva
3447 2561 3543 2598 cor

1935 2639 2117 2700 tuum,
2145 2649 2215 2686 ne
2250 2633 2392 2686 forte
2422 2633 2682 2686 humanis
2706 2633 2983 2686 favoribus
3009 2635 3380 2703 acquiescens,
3409 2636 3540 2689 inde

1936 2729 1990 2778 te
2029 2725 2368 2791 existimans,
2395 2724 2498 2777 tibi
2525 2725 2642 2794 ipse
2671 2725 3039 2794 complaceas;
3077 2731 3175 2778 aut
3201 2726 3446 2795 aliquam
3471 2743 3540 2781 ex

1936 2817 2128 2886 quovis
2163 2821 2291 2870 actu
2325 2815 2561 2884 gloriam
2601 2831 2837 2884 quaeras,
2867 2816 3000 2885 quia
3021 2821 3222 2869 natura
3249 2816 3439 2885 gloriae
3465 2818 3542 2871 ita

1937 2912 2037 2973 est,
2065 2911 2130 2960 ut
2165 2906 2365 2960 umbra
2407 2907 2656 2976 corporis
2684 2923 2697 2959 :
2728 2907 2774 2959 si
2810 2907 2958 2959 illam
2993 2908 3259 2977 sequeris,
3290 2908 3466 2978 fugit;
3495 2909 3543 2962 si

1935 2998 2166 3067 fugeris,
2196 2997 2466 3067 sequitur.
2497 2997 2600 3051 Sed
2627 3013 2845 3067 semper
2876 3002 2930 3051 te
2958 2997 3257 3052 minimum
3286 2999 3541 3053 omnium

1937 3089 2170 3155 testima,
2199 3093 2255 3142 et
2279 3087 2633 3142 reminiscere
2663 3104 2676 3142 :
2708 3087 2990 3158 Quidquid
3026 3089 3129 3142 tibi
3156 3089 3213 3142 in
3252 3089 3404 3143 omni
3427 3089 3543 3144 vita

1936 3179 2069 3232 boni
2102 3179 2444 3246 successerit,
2473 3183 2655 3232 totum
2695 3179 2800 3232 hoc
2837 3179 2948 3232 Deo
2983 3179 3082 3250 qui
3109 3180 3280 3246 dedit,
3300 3197 3414 3234 non
3441 3179 3542 3234 tibi

1937 3271 2036 3341 qui
2070 3271 2346 3341 accepisti,
2375 3270 2704 3338 conscribas,
2728 3270 3061 3324 convincens
3086 3274 3140 3324 te
3169 3271 3262 3324 illo
3291 3273 3540 3326 testimo-

1937 3362 2032 3416 nio
2059 3361 2213 3414 Pauli
2241 3377 2254 3414 :
2285 3363 2426 3428 Quid
2452 3366 2631 3415 autem
2659 3363 2838 3423 habes,
2869 3362 3011 3430 quod
3038 3377 3143 3416 non
3179 3364 3546 3432 accepisti?Si

1937 3458 2113 3508 autem
2155 3455 2420 3522 accepisti,
2467 3453 2598 3520 quid
2644 3454 2895 3520 gloriaris
2938 3456 3097 3522 quasi
3135 3469 3239 3507 non
3286 3457 3542 3523 acceperis

1938 3545 1978 3613 (ι
2005 3547 2123 3600 Cor.
2154 3559 2224 3609 Iv,
2254 3544 2349 3613 7)?
2393 3543 2661 3597 Similiter
2693 3548 2749 3597 et
2785 3544 2923 3597 illud
2959 3545 3325 3612 apostolicum
3354 3561 3368 3598 :
3405 3546 3542 3610 Quia

1935 3651 2084 3689 omne
2122 3635 2310 3688 datum
2345 3637 2602 3702 optimum
2635 3639 2685 3688 et
2718 3649 2867 3688 omne
2907 3635 3102 3688 donum
3123 3637 3417 3704 perfectum
3443 3637 3537 3689 de-

1933 3741 2142 3781 sursum
2183 3730 2277 3786 est,
2317 3726 2626 3778 descendens
2649 3741 2684 3777 a
2708 3728 2868 3779 Patre
2913 3726 3172 3778 luminum
3198 3726 3329 3796 (Jac.
3362 3741 3400 3792 ι,
3431 3726 3537 3798 17).

1935 3818 2185 3887 Cumque
2208 3833 2275 3869 ex
2301 3816 2388 3868 his
2414 3815 2830 3886 pretiosissimis
2865 3821 3068 3869 sanctae
3095 3816 3428 3872 humilitatis
3455 3815 3538 3872 la-

1935 3909 2117 3979 pibus,
2155 3908 2214 3961 in
2249 3907 2414 3960 corde
2447 3911 2544 3960 tuo
2583 3907 2812 3976 Spiritui
2851 3914 3038 3962 sancto
3071 3908 3345 3977 templum
3383 3923 3543 3981 orna.

1936 4001 2098 4068 veris,
2124 4005 2258 4054 tunc
2294 4014 2457 4052 orans
2499 3998 2559 4052 in
2599 4014 2685 4066 eo,
2721 4015 3009 4054 assumens
3050 3999 3329 4053 canticum
3371 3999 3541 4056 David

1935 4092 2242 4162 prophetas,
2270 4106 2384 4144 non
2406 4088 2574 4143 verbo
2603 4093 2841 4156 tantum,
2871 4091 2960 4144 sed
3000 4095 3056 4145 et
3080 4107 3247 4161 opere
3280 4091 3540 4146 decanta-

1935 4183 2020 4237 bis
2049 4199 2062 4236 :
2093 4185 2308 4238 Domine
2330 4197 2434 4236 non
2461 4185 2538 4234 est
2561 4183 2860 4236 exaltatum
2889 4198 2976 4236 cor
2998 4198 3190 4245 meum,
3210 4199 3376 4252 neque
3411 4183 3544 4238 elati

1935 4280 2060 4329 sunt
2091 4275 2231 4328 oculi
2265 4277 2398 4337 mei;
2425 4289 2515 4326 nec
2539 4274 2815 4326 ambulavi
2835 4277 2890 4326 in
2917 4277 3146 4342 magnis,
3175 4290 3267 4328 nec
3288 4277 3346 4328 in
3371 4277 3540 4330 mira-

1937 4367 2130 4420 bilibus
2161 4381 2323 4434 super
2356 4380 2438 4418 me
2475 4364 2580 4434 (Ps.
2611 4381 2768 4433 cxxx,
2804 4367 2872 4435 l).
2898 4366 3052 4428 Quod
3079 4383 3302 4420 carmen
3325 4371 3459 4420 tunc
3482 4367 3541 4420 in

1935 4458 2164 4512 veritate
2205 4456 2404 4510 offerre
2451 4456 2657 4526 poteris
2700 4457 2829 4521 Deo,
2877 4473 3046 4526 quem
3091 4463 3147 4512 te
3193 4458 3542 4512 humiliando

89 4543 358 4634 ⁸ῗξὶωιιει
386 4561 665 4636 gratias;
701 4555 911 4626 potest
947 4550 1092 4618 ﬁeri,
1122 4551 1219 4606 sed
1243 4550 1414 4605 verbo
1439 4554 1623 4619 tenus,
1651 4550 1746 4604 sed
1776 4550 1836 4604 in
1855 4573 1913 4644 D
1934 4549 2162 4616 laudas;
2199 4548 2288 4603 cui
2326 4547 2607 4644 veraciter
2639 4563 2788 4644 ωηι-
2811 4548 3072 4644 omnibus
3100 4548 3355 4644 ﬁdelibus
3475 4553 3541 4605 tu

429 4649 754 4730 privatim
781 4642 1006 4716 gratias
1019 4643 1436 4714 agimus,nobis
1455 4641 1705 4713 publice;
1727 4633 1906 4696 Deo"
1935 4639 2183 4712 quotidie
2237 4639 2373 4694 dicis
2404 4656 2417 4694 :
2451 4641 2518 4694 Te
2569 4639 2712 4693 decet
2768 4639 2885 4694 laus
2926 4639 3034 4709 (Ps.
3079 4655 3220 4710 LXIV,
3260 4642 3334 4712 2),
3378 4639 3543 4699 illum

127 4731 200 4779 ἡ
227 4732 375 4810 “hiis
409 4746 690 4806 laudem
739 4734 1095 4805 tribuimus,
1124 4734 1288 4790 nobis
1326 4738 1382 4788 et
1419 4733 1479 4789 in
1515 4733 1673 4788 labiis
1701 4738 1756 4788 et
1779 4733 1839 4788 in

1938 4731 2272 4804 gloriﬁcans.

131 4890 3522 4950 ΜΝ

1363 5069 2166 5179 OPUSCULUM
2245 5073 2402 5175 VI.

1537 5269 1776 5386 DE
1868 5268 2234 5387 IRA.

838 5465 1224 5528 ΡΒᾸΞῈΑΤΙΟ.

113 5553 406 5645 nomino
464 5595 548 5634 ac
603 5560 1019 5629 beatissimo,
1061 5559 1204 5614 mihi
1236 5557 1742 5615 desiderantissime
1785 5560 1844 5615 in

89 5649 318 5736 thr-Bm
355 5670 568 5750 patri,
599 5654 924 5717 Vitimiro
949 5651 1209 5750 episcopo
1235 5651 1502 5750 Martinus
1527 5651 1840 5750 episcopus.

175 5767 326 5827 Dum
355 5743 558 5822 simul
613 5747 831 5828 positi
869 5744 1094 5799 dudum
1131 5748 1331 5799 mutuo
1371 5743 1679 5798 collationis
1703 5745 1841 5799 allo-

159 5863 273 5938 ψη
293 5861 692 5920 (meremur,
741 5837 909 5898 illud
951 5836 1100 5892 inter
1127 5841 1327 5893 cetera
1367 5841 1478 5892 tua:
1518 5851 1552 5891 a
1594 5852 1684 5892 me
1724 5836 1845 5892 dili-

469 5950 808 6018 PATROL.
864 5931 1107 6002 LXXII.

1941 5467 2142 5540 gentile
2179 5466 2416 5522 charitas
2452 5466 2660 5532 elicuit,
2707 5469 2772 5519 ut
2815 5465 2883 5519 de
2921 5465 3275 5537 passibilitate
3312 5463 3430 5536 ire,
3458 5459 3545 5521 vel

1939 5559 2220 5631 qualitatis
2271 5560 2391 5630 ejus
2434 5558 2736 5627 effectibus,
2785 5556 2940 5611 brevi
2981 5557 3086 5612 tibi
3129 5557 3308 5629 aliqua
3357 5556 3544 5613 libello

1940 5651 2274 5722 digererem.
2297 5651 2462 5708 Parui
2482 5649 2734 5722 protinus
2760 5647 2956 5717 libens,
2979 5649 3279 5720 paucisque
3303 5650 3422 5703 haec
3446 5653 3543 5701 tuo

1939 5741 2122 5800 studio
2160 5742 2228 5798 de
2255 5742 2521 5814 fugienda
2547 5741 2649 5812 ira,
2678 5740 2873 5796 saltem
2901 5741 2948 5797 si
2985 5740 3040 5795 id
3067 5757 3179 5795 non
3207 5740 3442 5806 eveniat,
3473 5737 3542 5792 de

1939 5834 2216 5910 lenienda,
2237 5833 2493 5893 disserui.
2512 5833 2750 5902 Quidam
2777 5832 2844 5889 de
2867 5831 3205 5905 sapientibus
3227 5831 3370 5888 iram
3393 5827 3543 5886 dixe:

3192 5931 3229 5994 2
