3968 6440
562 399 628 452 43
1911 398 2157 453 ΜΑΒΤΙΝ

2263 397 2577 453 [ΜιΕΝδιδ
3067 425 3076 434 ·
3435 436 3450 452 κ
3739 462 3744 465 _
3832 408 3886 460 fit

561 509 698 560 runt
719 505 922 559 brevem
949 518 1054 559 esse
1077 505 1368 560 insaniam.
1391 505 1465 559 Ea
1491 501 1645 560 enim
1669 504 1755 560 sui
1774 510 1857 560 est
1880 504 2176 576 impotens,
2203 517 2260 588 Α
2281 504 2518 571 animos,
2549 504 2645 558 sed
2681 503 2926 558 abducit.
2953 503 3164 557 Caetera
3188 503 3327 558 vitia
3349 503 3587 560 illiciunt
3602 523 3618 575 ;
3646 506 3726 562 ira
3750 526 3886 581 vero,

559 595 909 651 obliviscitur
922 597 1296 666 honestatem,
1313 597 1618 654 affectuum
1643 597 1962 666 immemor,
1979 597 2183 651 rationi

557 690 913 760 consiliisque
952 691 1252 761 praeclusa;
1293 691 1432 746 dum
1459 692 1624 746 variis
1655 692 1863 762 agitata
1887 691 2084 756 causis,
2112 690 2180 744 ad

555 782 1061 840 considerationem
1079 783 1315 854 justitiaa
1341 784 1610 838 inhabilis
1637 789 1692 839 et
1711 783 1888 838 ruina:
1909 784 1971 838 ﬁt
1990 783 2178 852 simul,

554 892 835 948 superque
861 876 922 930 in
948 876 1101 948 quod
1125 877 1483 949 oppresserit,
1515 877 1816 949 frangitur.

1100 1035 1316 1088 CAPUT
1351 1035 1633 1089 PRIMUM.

1150 1149 1222 1200 De
1247 1146 1438 1200 habitu
1473 1147 1590 1200 irce.

623 1257 851 1314 Habitus
896 1256 1079 1311 audax
1120 1262 1176 1310 et
1213 1256 1404 1310 minax
1446 1256 1652 1324 vultus,
1703 1255 1876 1310 tristis
1922 1255 2078 1310 frons
2123 1260 2178 1310 et

551 1357 740 1406 torvus
780 1349 1036 1416 intuitus,
1065 1348 1226 1403 faciei
1261 1353 1358 1403 aut
1392 1349 1570 1420 pallor
1604 1353 1702 1402 aut
1728 1349 1902 1402 rubor
1934 1365 1947 1402 :
1980 1353 2177 1402 aestuat

549 1445 619 1500 ab
646 1445 775 1499 imis
803 1442 1127 1514 praecordiis
1157 1442 1406 1512 sanguis,
1426 1443 1668 1512 tlagrant
1686 1446 1742 1495 et
1770 1441 1978 1495 micant
2003 1441 2172 1506 oculi,

548 1541 803 1592 tremunt
829 1535 996 1602 labia,
1025 1535 1481 1606 comprimuntur
1505 1534 1730 1602 dentes,
1763 1533 1958 1588 crebro
1997 1539 2052 1588 et
2079 1550 2171 1588 ve-
2209 1593 2216 1601 η

547 1629 870 1685 hementius
917 1632 1040 1682 acto
1078 1628 1322 1697 suspirio
1375 1627 1626 1698 quatitur
1667 1631 1882 1696 pectus,
1931 1627 2174 1697 gemitus

545 1723 766 1789 anxius,
795 1727 852 1775 et
877 1721 1044 1790 paulo
1073 1721 1370 1790 explanato
1399 1737 1535 1773 sono
1566 1736 1750 1773 sermo
1781 1725 1864 1774 est
1898 1736 2170 1790 praeceps,

543 1813 737 1868 rabida
775 1813 924 1867 vocis
960 1813 1201 1883 eruptio,
1240 1813 1380 1866 colla
1408 1812 1697 1880 distendit,
1732 1812 2002 1883 inquietae
2044 1829 2167 1866 ma-

541 1923 669 1975 nus,
707 1905 1024 1977 saepiusque
1067 1905 1346 1976 compulsi
1388 1905 1567 1959 coitus
1613 1905 1944 1974 digitorum,
1981 1895 2250 1964 dentesB

521 1999 798 2066 strident,
825 1998 1026 2052 citatus
1055 1997 1280 2067 gradus,
1313 1997 1642 2066 pulsataque
1672 1997 1908 2067 pedibus
1937 1997 2167 2066 humus,

541 2095 698 2145 artus
737 2090 966 2160 trepidi,
999 2095 1055 2144 et
1095 2089 1339 2143 instabili
1376 2089 1741 2144 ﬂuctuatione
1780 2094 1963 2144 totum
1993 2091 2172 2144 conci-

541 2188 725 2239 tatum
749 2198 952 2253 corpus
972 2199 988 2251 ;
1008 2198 1244 2251 magnas
1266 2198 1335 2236 ex
1362 2199 1419 2236 se
1441 2183 1732 2252 proferens
1751 2183 1860 2236 iras
1885 2183 2172 2236 horribilis

539 2275 642 2342 ira,
684 2275 950 2345 depravat
991 2291 1049 2328 se
1103 2279 1273 2344 atque
1322 2275 1676 2344 intumescit;
1729 2276 1805 2330 ita
1848 2280 1912 2330 ut
1957 2276 2172 2330 nescias

539 2372 733 2422 utrum
781 2367 962 2437 magis
1007 2367 1333 2421 detestabile
1377 2367 1447 2421 sit
1499 2367 1720 2438 vitium,
1778 2384 1850 2421 an
1893 2369 2166 2422 deforme.

536 2459 770 2524 Qualem
800 2465 963 2530 putas
981 2459 1133 2514 intus
1160 2476 1278 2513 esse
1304 2459 1582 2528 animum,
1612 2460 1772 2530 cujus
1799 2466 1955 2514 extra
1981 2461 2168 2530 imago

534 2557 648 2606 tam
679 2551 824 2606 foeda
860 2553 984 2606 est?
1017 2553 1228 2607 Caitera
1257 2552 1388 2606 vitia
1431 2553 1854 2608 absconduntur
1893 2559 1948 2608 et
1977 2553 2036 2606 in
2065 2554 2164 2606 ab-

533 2644 648 2699 dito
690 2645 1009 2715 refugiunt;
1042 2645 1126 2700 ira
1153 2663 1210 2700 se
1235 2645 1442 2716 prodit,
1471 2647 1611 2700 etin
1637 2645 1776 2700 facie
1803 2645 1952 2715 exit;
1981 2663 2162 2718 quan-

530 2741 701 2808 toque
737 2738 920 2808 major
953 2742 1055 2806 est,
1085 2743 1241 2793 tanto
1270 2739 1623 2793 manifestius
1649 2739 1980 2794 exardescit.
2015 2739 2164 2793 Nihil

531 2844 668 2901 ergo
693 2830 884 2885 minus
909 2847 1082 2903 quam
1104 2830 1268 2886 irasci
1293 2832 1633 2902 prudentem
1663 2832 1840 2886 decet.

1190 2977 1406 3032 CAPUT
1447 2979 1512 3033 ll.

1082 3091 1154 3144 De
1187 3089 1453 3158 effectibus
1489 3092 1605 3144 έναι.

603 3199 690 3254 Ira
723 3199 914 3254 omnia
951 3215 1020 3254 ex
1058 3199 1271 3270 optimo
1300 3205 1356 3254 et
1375 3199 1691 3270 justissimo
1719 3198 1778 3254 in
1813 3201 2160 3256 contrarium

527 3297 728 3348 mutat.
756 3293 1160 3363 Quemcunque
1188 3292 1512 3361 obtinuerit,
1542 3293 1752 3347 nullius
1790 3309 1924 3348 eum
1952 3295 2154 3348 memi-

525 3385 673 3440 nisse
719 3385 886 3440 ofﬁcii
927 3386 1080 3440 sinit.
1118 3386 1197 3439 Da
1239 3401 1365 3439 eam
1413 3385 1578 3456 patri,
1613 3386 1878 3441 inimicus
1922 3391 2036 3456 est;
2087 3388 2157 3442 da

526 3478 660 3545 tilio,
693 3477 975 3550 parricida
1001 3482 1115 3547 est;
1145 3477 1217 3532 da
1254 3478 1444 3545 matri,
1476 3495 1716 3533 noverca
1751 3485 1867 3549 est;
1907 3479 1978 3534 da
2009 3481 2152 3552 regi,

522 3576 797 3642 tyrannus
839 3575 943 3626 est.
1007 3572 1092 3624 [ra
1133 3587 1235 3624 nec
1280 3571 1339 3624 in
1382 3571 1594 3642 prmliis
1644 3571 1798 3626 utilis
1847 3573 2150 3639 invenitur,

521 3664 653 3735 quia
695 3663 754 3718 in
795 3664 1174 3718 temeritatem
1226 3681 1407 3734 prona
1451 3670 1563 3733 est;
1613 3671 1669 3719 et
1713 3666 1964 3736 pericula
2016 3665 2155 3720 dum

520 3755 730 3812 inferre
780 3757 919 3825 vult,
964 3773 1079 3810 non
1128 3762 1314 3827 cavet;
1358 3757 1626 3828 venitque
1669 3757 1730 3812 in
1771 3759 1940 3815 aliam
1991 3764 2150 3830 pote-

517 3855 721 3905 statem
763 3849 901 3904 dum
942 3866 1058 3904 non
1093 3855 1178 3904 est
1216 3850 1276 3904 in
1319 3867 1438 3906 sua.
1487 3852 1571 3905 Ira
1615 3868 1683 3906 ex
1721 3851 1950 3923 proprio
1991 3852 2154 3906 libito

511 3941 758 4012 judicat;
802 3942 998 3996 audire
1038 3959 1154 3996 non
1197 3943 1335 4010 vult,
1381 3961 1484 3998 nec
1525 3943 1838 4014 patrocinio
1878 3945 2154 4015 relinquit

517 4033 728 4090 locum.
773 4034 1057 4088 Iudicium
1095 4051 1264 4090 suum
1299 4027 1443 4106 eripi
1480 4036 1607 4105 sibi,
1655 4037 1876 4090 etiamsi
1914 4053 2152 4108 pravum

517 4128 610 4196 sit,
649 4143 766 4183 non
803 4128 956 4184 sinit.
991 4132 1156 4183 Amat
1192 4127 1248 4184 et
1283 4133 1477 4184 tuetur
1512 4145 1766 4184 errorem
1809 4146 1999 4198 suum,
2046 4146 2151 4184 nec

515 4221 637 4276 vult
669 4221 852 4292 argui,
883 4222 1104 4276 etiamsi
1140 4221 1316 4276 oculis
1359 4222 1658 4276 manifesta
1683 4221 1886 4276 veritas
1919 4222 2148 4293 ingera-

516 4318 630 4370 tur.
662 4314 956 4369 Honestior
991 4314 1075 4368 illi
1116 4314 1178 4369 in
1218 4315 1364 4368 male
1395 4314 1589 4384 coeptis
1618 4314 1948 4384 pertinacia,
1977 4331 2150 4386 quam

513 4407 784 4464 correctio
816 4408 1148 4463 mstimatur.
1175 4407 1440 4471 Quamvis
1467 4407 1622 4460 enim
1648 4423 1805 4460 vanae
1832 4407 1988 4463 illam
2022 4425 2150 4463 con-

513 4500 810 4556 citaverint
865 4517 972 4567 res,
1015 4516 1374 4572 perseverare
1418 4500 1559 4566 vult,
1614 4515 1688 4554 ne
1723 4499 1983 4555 videatur
2028 4502 2150 4556 sine

2282 602 2346 651 ut
2387 597 2566 652 solent
2593 597 2832 651 flumina
2862 598 3254 668 procellaeque,
3283 598 3616 668 praecipitat,
3645 602 3890 676 nullaque

2281 689 2462 760 magis
2513 697 2709 760 urget,
2763 689 2875 745 sive
2923 691 3069 743 valet
3119 691 3392 762 superba,
3446 691 3558 745 sive
3606 693 3892 754 frustratur

2279 781 2496 836 insana.
2544 783 2666 837 Alia
2704 783 2836 837 vitia
2881 799 2913 836 a
2954 783 3193 850 ratione,
3240 783 3325 837 ira
3369 786 3559 837 autem
3599 801 3631 838 a
3674 790 3888 847 sanitate

2281 875 2542 944 discedit;
2591 893 2724 930 nam
2766 892 2869 930 nec
2916 877 3158 946 repulsa,
3195 875 3255 929 in
3299 876 3529 931 taedium
3567 881 3751 950 agitur
3786 884 3886 951 sui;

2281 968 2377 1022 sed
2431 968 2528 1021 ubi
2576 969 2925 1022 adversarius
2979 969 3348 1037 subtrahitur,
3396 986 3615 1025 morsus
3668 991 3789 1027 suos
3837 977 3887 1029 in

2279 1061 2637 1131 semctipsam
2679 1061 2974 1116 convertit.
3015 1061 3225 1115 Caetera
3269 1062 3404 1114 vitia
3449 1063 3700 1134 singulos
3742 1083 3888 1138 quos-

2278 1169 2387 1223 que
2424 1153 2758 1224 corripiunt,
2795 1155 2879 1208 ira
2912 1159 3102 1208 autem
3138 1154 3426 1209 interdum
3455 1157 3661 1211 multos
3686 1160 3886 1229 publice

2275 1245 2506 1312 invadit,
2560 1264 2694 1301 nam
2747 1264 3042 1318 nunquam
3094 1247 3334 1318 populus
3385 1249 3677 1304 universus
3731 1252 3880 1306 simul

2275 1338 2590 1393 fornicandi
2631 1340 2935 1411 cupiditate
2975 1357 3272 1394 succensus
3304 1346 3416 1407 est;
3455 1358 3558 1396 nec
3589 1343 3646 1396 in
3683 1343 3884 1399 lucrum

2275 1433 2528 1502 pecunias
2569 1449 2728 1504 spem
2770 1449 2931 1486 suam
2969 1436 3083 1486 tota
3120 1433 3288 1486 simul
3329 1433 3521 1487 civitas
3569 1436 3752 1504 misit;
3798 1455 3884 1491 nec

2273 1524 2504 1578 honoris
2541 1525 2784 1579 ambitus
2820 1525 3099 1595 gregatim
3137 1529 3390 1594 cunctos,
3423 1526 3517 1580 sed
3552 1527 3756 1583 viritim
3794 1531 3886 1583 sin-

2275 1617 2438 1686 gulos
2475 1622 2708 1688 occupat
2751 1634 2764 1672 :
2806 1623 2862 1671 at
2898 1635 3029 1672 vero
3064 1618 3120 1672 in
3160 1618 3300 1672 iram
3338 1635 3448 1673 uno
3488 1636 3636 1690 saepe
3679 1623 3884 1692 agmine

2273 1710 2520 1764 curritur
2545 1711 2892 1766 catervatim.

2881 1831 3099 1885 CAPUT
3135 1831 3224 1884 lll.

2743 1936 2814 1987 De
2843 1933 3014 1986 tribus
3043 1934 3138 1986 ira:
3165 1933 3433 1987 remediis.

2344 2043 2403 2096 ln
2433 2042 2572 2096 iram
2601 2043 2851 2114 primum
2879 2043 3194 2097 remedium
3222 2047 3324 2111 est,
3345 2059 3457 2096 non
3492 2043 3649 2098 irasci
3675 2063 3688 2114 ;
3714 2061 3882 2099 secum

2271 2135 2428 2204 dum,
2457 2137 2565 2190 cito
2593 2137 2876 2205 desinere;
2913 2137 3163 2201 tertium,
3189 2136 3385 2190 aliena)
3403 2154 3628 2208 quoque
3655 2137 3745 2191 ira
3775 2155 3878 2191 me-

2271 2228 2410 2283 deri.
2438 2229 2690 2283 Primum
2717 2234 2798 2283 est
2825 2245 2980 2300 ergo,
3010 2245 3082 2283 ne
3115 2227 3424 2282 incidamus
3452 2229 3508 2283 in
3541 2230 3682 2284 iram
3709 2247 3722 2284 :
3751 2231 3879 2302 quod

2270 2320 2316 2374 si
2343 2321 2622 2382 acciderit,
2651 2322 2959 2376 secundum
2991 2321 3305 2375 remedium
3333 2327 3435 2388 est,
3465 2339 3536 2376 ne
3571 2324 3626 2376 in
3667 2323 3742 2376 ira
3776 2340 3881 2393 pec-

2269 2430 2478 2468 cemus.
2521 2415 2657 2468 Nam
2697 2415 2840 2468 sicut
2879 2415 2935 2468 in
2982 2431 3282 2485 corporum
3317 2431 3470 2481 cura,
3518 2416 3628 2469 alia
3665 2417 3729 2470 de
3771 2431 3880 2468 con-

2267 2507 2537 2560 servanda
2574 2507 2811 2573 sanitate
2849 2511 3130 2578 praecepta
3165 2511 3313 2574 sunt,
3355 2507 3464 2559 alia
3499 2508 3570 2562 de
3613 2507 3878 2562 medendis

2267 2599 2463 2653 morbo
2503 2601 2808 2670 correptis;
2855 2600 2928 2653 ita
2962 2599 3111 2652 aliud
3140 2604 3222 2652 cst
3259 2600 3405 2653 iram
3433 2601 3694 2654 cohibere
3721 2619 3784 2654 ne
3814 2602 3879 2654 in-

2265 2697 2478 2764 surgat,
2515 2693 2669 2747 aliud
2704 2709 3054 2763 compescere
3088 2693 3211 2761 jam
3255 2699 3520 2748 erectam.
3557 2694 3706 2748 Sicut
3747 2695 3879 2747 enim

2263 2801 2392 2855 pars
2422 2787 2677 2856 superior
2706 2791 2760 2840 et
2785 2786 3108 2856 propinqua
3137 2785 3440 2853 sideribus,
3474 2803 3580 2840 nec
3609 2787 3665 2840 in
3691 2786 3878 2839 nubem

2263 2878 2689 2949 constringitur,
2743 2895 2846 2932 nec
2898 2879 2955 2932 in
3009 2878 3295 2932 turbinem
3350 2879 3619 2947 vertitur;
3673 2879 3881 2932 inferior

2261 2987 2394 3025 vero
2425 2973 2630 3042 sa‘pius
2663 2971 2998 3026 fulminatur
3026 2988 3038 3026 :
3073 2971 3272 3025 eodem
3298 2971 3466 3025 modo
3496 2972 3748 3026 sublimis
3771 2972 3876 3024 ani-

2261 3080 2406 3131 mus,
2433 3065 2658 3136 quietus
2687 3081 2912 3136 semper
2945 3069 3000 3118 et
3037 3063 3092 3117 in
3137 3064 3441 3134 tranquilla
3479 3065 3720 3119 statione
3757 3065 3880 3118 loca-

2259 3161 2369 3223 tus,
2399 3157 2588 3211 omnia
2617 3157 2764 3210 infra
2790 3173 2847 3210 se
2878 3173 3143 3228 premens
3171 3157 3380 3228 quibus
3409 3157 3490 3210 ira
3516 3157 3873 3220 contrahitur,

2181 3254 2235 3328 ρ
2261 3250 2549 3304 modestus
2590 3267 2653 3303 ac
2691 3249 3027 3305 venerabilis
3074 3249 3378 3303 invenitur.
3424 3250 3664 3304 Animus
3710 3255 3877 3302 autem

2256 3343 2356 3413 qui
2400 3343 2458 3396 in
2502 3342 2728 3412 negotia
2773 3342 2952 3396 multa
2994 3341 3256 3396 discurrit
3299 3347 3354 3395 et
3397 3341 3554 3395 varia
3595 3346 3784 3409 tentet,
3829 3341 3876 3392 in

2255 3435 2448 3489 multis
2487 3435 2684 3488 incidit
2723 3435 2985 3506 querelis.
3014 3435 3170 3488 Alius
3207 3450 3365 3505 spem
3405 3435 3526 3504 ejus
3565 3435 3723 3502 fallit,
3753 3433 3878 3487 alius

2257 3527 2464 3597 differt,
2510 3527 2653 3581 alius
2693 3527 2983 3598 intercipit
3021 3544 3035 3580 :
3075 3531 3244 3598 atque
3282 3526 3360 3580 ita
3400 3528 3664 3582 omnium
3705 3541 3876 3582 rerum

2255 3620 2475 3674 exsistit
2509 3619 2830 3691 impatiens,
2863 3624 2919 3674 et
2955 3637 3024 3674 ex
3057 3619 3353 3674 levissimis
3392 3620 3659 3675 irascitur
3693 3619 3874 3682 causis,

2253 3730 2405 3767 nunc
2450 3729 2727 3784 personae,
2771 3730 2923 3768 nunc
2962 3713 3212 3783 negotio,
3256 3729 3406 3766 nunc
3444 3713 3706 3785 tempori,
3743 3726 3874 3765 nunc

2253 3806 2395 3872 loco,
2419 3823 2570 3860 nunc
2597 3806 2720 3861 sibi.
2752 3808 2820 3861 Ut
2854 3822 2992 3876 ergo
3034 3806 3256 3877 quietus
3292 3805 3366 3860 sit
3399 3806 3625 3861 animus
3665 3822 3776 3860 non
3805 3809 3876 3858 est

2249 3899 2562 3954 multarum
2600 3915 2793 3953 rerum
2833 3904 2961 3954 actu
2986 3899 3295 3966 lassandus,
3323 3915 3428 3952 nec
3461 3913 3795 3970 magnarum
3819 3910 3873 3949 ac

2252 4007 2422 4062 supra
2455 3991 2602 4045 vires
2637 3993 3039 4063 appetitarum.
3081 3991 3258 4046 Facile
3295 3995 3379 4046 est
3417 3992 3572 4046 enim
3609 3991 3750 4046 levia
3795 4005 3874 4059 ap-

2251 4084 2462 4155 plicare
2515 4085 2853 4153 cervicibus,
2910 4089 2966 4140 et
3012 4085 3071 4139 in
3111 4084 3441 4140 utramlibet
3488 4089 3711 4156 partem
3769 4081 3872 4136 sine

2250 4177 2412 4251 lapsu
2437 4177 2764 4234 transferre.

2889 4271 3108 4327 CAPUT
3155 4270 3240 4326 IV.

2601 4381 2675 4432 De
2701 4381 2874 4433 causis
2902 4379 3094 4448 quibus
3123 4380 3392 4432 enascitur
3421 4380 3530 4432 ira.

2319 4499 2524 4553 Contra
2565 4498 2777 4564 primas
2816 4511 2952 4566 ergo
2991 4511 3185 4550 causas
3224 4493 3323 4548 ira:
3362 4492 3738 4566 pugnandum
3778 4493 3870 4544 est.

513 4611 678 4649 causa
713 4595 965 4665 coepisse.
999 4595 1066 4649 Et
1091 4593 1244 4665 quod
1268 4596 1354 4648 est
1377 4592 1649 4664 iniquius,
1678 4592 1816 4647 dum
1846 4594 2144 4662 retinetur,
2169 4619 2228 4692 D
2249 4595 2426 4650 Causa
2467 4599 2658 4649 autem
2691 4590 2812 4658 iraa,
2842 4586 3032 4660 opinio
3059 4593 3143 4642 est
3168 4586 3390 4657 injuria:
3423 4603 3437 4640 :
3469 4586 3562 4640 cui
3590 4602 3704 4641 non
3728 4582 3873 4638 facile

511 4687 577 4743 ﬁt
609 4687 950 4760 pertinacior
973 4689 1031 4742 et
1055 4686 1326 4757 augescit,
1355 4685 1517 4756 quasi
1546 4685 1652 4739 hoc
1683 4685 1874 4757 ipsum
1904 4687 2152 4758 graviter

511 4779 674 4836 irasci
701 4780 870 4852 justas
904 4780 1004 4835 irae
1034 4779 1108 4834 sit
1145 4783 1573 4850 argumentum.
1602 4779 1761 4843 Quod
1796 4780 1852 4834 si
1871 4785 2149 4850 quantum

512 4873 782 4942 minatur,
815 4876 1038 4928 tantum
1071 4872 1332 4938 valuerit,
1362 4872 1432 4926 ob
1473 4872 1578 4926 hoc
1615 4871 1784 4926 etiam
1824 4873 1956 4943 quia
1992 4875 2150 4928 terri-

509 4965 636 5022 bilis
679 4969 781 5034 est,
821 4965 1067 5037 amplius
1110 4968 1193 5018 est
1230 4964 1430 5020 invisa.
1482 4964 1537 5020 Si
1585 4981 1718 5019 vero
1767 4964 1887 5019 sine
1937 4966 2148 5023 viribus

512 5063 625 5129 est,
672 5057 1023 5129 contemptui
1079 5061 1165 5111 est
1211 5057 1395 5128 magis
1453 5058 1734 5128 exposita,
1781 5058 2146 5132 derisumque

510 5167 626 5208 non
651 5152 826 5222 fugit;
860 5151 958 5204 sed
996 5149 1368 5221 periculosius
1405 5155 1487 5205 est
1521 5151 1684 5220 illud,
1715 5153 1906 5206 tamen
1947 5154 2142 5224 tutius,

509 5243 743 5316 despici.
801 5242 1008 5298 Omnes
1070 5242 1204 5298 alias
1265 5244 1549 5314 passiones
1598 5243 1683 5298 ira
1745 5245 1850 5300 sibi
1897 5246 2145 5301 subditas

510 5337 662 5403 facit,
703 5325 973 5408 nullaque
1022 5341 1106 5390 est
1145 5336 1382 5392 ambitio
1431 5338 1609 5393 animi
1649 5337 1709 5393 in
1751 5356 1864 5410 qua
1906 5339 1991 5394 ira
2026 5357 2145 5396 non

510 5431 865 5497 dominetur;
899 5433 954 5483 et
978 5429 1271 5484 avaritiam
1297 5431 1607 5500 pessimum
1632 5433 1850 5487 malum
1876 5433 2141 5487 minime-

509 5540 622 5597 que
647 5521 892 5578 ﬂexibile
915 5521 997 5575 ira
1015 5523 1211 5577 calcat.
1233 5523 1458 5588 Quoties
1484 5526 1693 5580 scilicet
1717 5525 1894 5580 iratus
1919 5526 2144 5582 animus

510 5634 643 5690 opes
681 5633 809 5670 suas
842 5614 1071 5670 adactus
1101 5616 1343 5688 spargit!
1382 5619 1608 5682 Quoties
1635 5635 1843 5690 magno
1870 5619 2144 5674 aestimata

509 5709 692 5784 pretio
717 5708 964 5781 insignia
992 5709 1250 5782 projicitl
1291 5711 1390 5766 [rae
1417 5711 1683 5768 violentia
1723 5713 2041 5784 repentina,
2088 5719 2144 5771 et

508 5803 771 5862 universa
795 5806 879 5860 est
906 5819 1059 5860 :non
1086 5804 1361 5876 paulatim
1385 5806 1669 5878 procedit;
1701 5806 1798 5862 sed
1829 5806 1968 5865 dum
1996 5806 2140 5864 inci-

507 5899 611 5978 pit,
641 5903 756 5956 tola
799 5902 910 5969 est;
951 5914 1054 5956 nec
1097 5898 1340 5958 aliorum
1375 5898 1645 5957 vitiorum
1685 5916 1844 5957 more
1880 5900 2142 5958 sollicitat

2251 4693 2335 4742 est
2376 4687 2742 4754 credendum,
2786 4700 2888 4738 nec
2931 4680 3140 4753 apertis
3184 4679 3415 4751 quidem
3457 4677 3871 4746 manifestisque

2248 4779 2752 4851 conjectationibus
2782 4775 2971 4832 statim
3005 4779 3090 4828 est
3117 4773 3520 4839 accedendum,
3551 4771 3688 4844 quia
3715 4770 3873 4824 inter-

2249 4874 2386 4929 dum
2415 4874 2552 4928 falsa
2575 4873 2692 4927 veri
2729 4871 2975 4942 speciem
2999 4868 3213 4922 ferunt.
3247 4865 3634 4920 Differendum
3661 4875 3872 4931 semper

2249 4971 2332 5022 est
2365 4970 2590 5037 tempus
2619 4983 2632 5020 :
2663 4965 2866 5019 dilatus
2906 4962 3023 5017 dies
3049 4959 3266 5031 aperiet
3291 4958 3610 5012 veritatem.
3643 4957 3762 5011 Non
3795 4954 3869 5006 fa-

2247 5061 2351 5115 cile
2377 5076 2542 5114 aures
2580 5055 3011 5114 criminantibus
3047 5055 3306 5124 pateant;
3348 5051 3444 5106 sed
3481 5051 3590 5105 hoc
3617 5049 3870 5104 humanae

2245 5157 2465 5211 natura:
2489 5153 2691 5208 vitium
2728 5153 3051 5220 suspectum
3077 5148 3391 5216 notumque
3417 5145 3490 5198 sit
3517 5142 3705 5212 nobis,
3733 5137 3872 5212 quod

2247 5263 2312 5302 ea
2331 5263 2458 5318 quae
2485 5245 2648 5301 inviti
2667 5243 2950 5310 audimus,
2973 5239 3134 5295 facile
3151 5238 3452 5305 credimus,
3477 5241 3535 5291 et
3559 5235 3868 5290 irascimur.

2245 5339 2403 5395 Multi
2429 5339 2584 5394 enim
2609 5335 3024 5408 suspicionibus
3043 5331 3440 5402 impelluntur,
3462 5336 3517 5384 et
3538 5345 3610 5384 ex
3630 5328 3787 5382 vultu
3813 5323 3874 5379 ri-

2246 5449 2424 5504 suque
2457 5433 2640 5486 alieno
2684 5430 2876 5502 pejora
2912 5425 3288 5496 interpretati,
3317 5422 3716 5478 innocentibus
3741 5420 3870 5474 iras-

2245 5531 2471 5580 cuntur.
2493 5524 2810 5579 Plurimum
2839 5520 2972 5576 mali
2999 5517 3302 5574 credulitas
3329 5517 3480 5570 facit.
3502 5513 3874 5579 Quamobrem

2244 5635 2392 5690 serpe
2433 5635 2536 5673 nec
2576 5616 2922 5672 audiendum
2957 5613 3188 5684 quidem
3229 5615 3332 5680 est,
3364 5614 3535 5680 atque
3583 5623 3655 5662 ex
3697 5606 3872 5660 animo

2245 5712 2490 5768 tollenda
2531 5710 2793 5783 suspicio.
2825 5709 3125 5779 Nunquam
3162 5701 3582 5776 argumentatio
3620 5701 3795 5766 deest,
3826 5698 3873 5750 et

2243 5805 2578 5878 conjecturae
2618 5803 2973 5861 irritamenta
3014 5799 3248 5856 fallacia.
3295 5794 3663 5868 Simplicitate
3700 5797 3756 5849 et
3791 5790 3873 5846 be-

2242 5901 2415 5973 nigna
2444 5916 2638 5956 rerum
2663 5895 3032 5956 aestimatione
3062 5910 3206 5968 opus
3231 5897 3314 5949 est
3337 5889 3444 5947 uti.
3475 5887 3629 5946 Nihil
3656 5886 3872 5944 credere
