3968 6430
87 435 133 485 35
1348 437 1736 493 OPUSCULUM
1777 439 1857 493 Vl.
1896 440 1981 493 DE
2017 437 2146 493 IR.\.
3325 437 3392 501 46

81 539 294 606 oportet,
322 535 432 589 nisi
475 535 642 607 quod
669 537 988 614 manifeste
1023 539 1268 593 occurrit
1293 540 1349 594 in
1382 545 1606 608 oculos;
1639 546 1697 596 et
1717 545 1980 626 AJussus
2017 543 2168 607 fecit,
2213 543 2544 598 necessitate
2593 543 2757 610 fecit;
2801 559 2978 614 quare
3015 549 3380 602 succenseas?

79 629 272 698 quoties
313 628 573 696 suspicio
615 634 872 700 apparet
910 631 969 685 in
1009 630 1221 696 animo,
1251 633 1556 688 credulitas
1593 636 1692 688 ob-

1797 635 1957 698 Quod
1982 635 2026 688 si
2054 634 2318 703 injuriam
2350 634 2570 704 recipis,
2603 651 2718 689 non
2754 639 2838 690 est
2866 635 3090 705 injuria,
3120 638 3274 707 quod
3297 655 3391 693 su-

74 721 322 788 jurgetur.
355 719 490 773 Haec
522 721 690 774 enim
722 722 1053 792 objurgatio
1082 724 1552 778 consuetudinem
1580 743 1695 782 non
1794 727 1982 795 perius
2023 726 2222 780 feceris
2258 726 2394 796 pati.
2430 726 2606 780 Iudex
2644 730 2755 790 est;
2787 727 2830 780 si
2871 732 3173 782 nocentem
3201 729 3386 798 punit,

79 812 214 863 facile
241 810 520 864 credendi
555 812 799 865 efficiet.
827 813 884 867 Si
915 830 1028 867 non
1062 814 1142 866 vis
1169 814 1228 867 in
1258 815 1400 868 iram
1423 815 1692 882 incidere,

81 921 134 955 ne
159 903 222 955 sis
249 902 531 956 curiosus.
565 903 678 966 Qui
714 904 959 974 inquirit
987 905 1123 974 quid
1155 906 1224 958 de
1253 922 1311 958 se
1343 907 1556 960 dictum
1589 912 1692 973 est,

81 999 126 1045 et
163 993 439 1063 malignos
485 1010 827 1058 sermones,
873 995 1094 1048 etiamsi
1131 999 1347 1050 secreto
1388 997 1520 1050 dicti
1562 999 1692 1064 sint,

77 1085 214 1145 eruit,
237 1084 352 1154 ipse
385 1101 444 1137 se
479 1085 805 1154 inquietat.
829 1088 977 1140 Dum
999 1086 1152 1140 enim
1178 1091 1597 1157 perpetrantur,
1621 1090 1693 1144 ad

79 1179 162 1228 hoc
199 1175 626 1245 producuntur,
662 1181 732 1230 ut
757 1177 1066 1231 videantur
1102 1177 1344 1246 injuriae.
1377 1180 1488 1236 Sed
1529 1179 1586 1232 in
1627 1197 1694 1234 ea

79 1267 494 1336 perpetratione,
524 1269 648 1322 alia
677 1269 1055 1324 defendenda
1085 1271 1236 1334 sunt,
1260 1270 1370 1324 alia
1401 1271 1690 1338 donanda,

78 1360 165 1410 alia
182 1358 495 1416 deridenda
521 1376 535 1412 :
566 1363 754 1430 atque
777 1360 858 1414 ita
879 1360 968 1414 his
988 1361 1173 1416 modis
1194 1361 1592 1430 praevenienda
1611 1366 1694 1414 est

77 1451 158 1501 ira.
189 1449 379 1502 Multas
425 1450 686 1520 injurias
735 1452 945 1505 transit
977 1452 1248 1522 prudens,
1293 1456 1352 1505 et
1392 1454 1690 1523 plerasque

79 1558 168 1594 non
194 1541 419 1610 accipit;
444 1541 590 1611 quia
625 1546 734 1596 aut
765 1560 864 1596 eas
891 1544 1090 1609 nescit,
1115 1547 1212 1597 aut
1240 1544 1283 1596 si
1305 1544 1512 1609 scierit,
1537 1544 1594 1596 in
1615 1545 1693 1598 lu-

77 1633 187 1684 dum
208 1648 300 1685 eas
313 1633 646 1703 jocumque
671 1636 978 1690 convertit.
1003 1637 1143 1689 Nam
1174 1635 1219 1687 si
1242 1637 1566 1704 quereletur
1595 1640 1692 1690 aut

78 1727 191 1776 falsa
222 1723 571 1793 suspicando
602 1729 712 1778 aut
747 1726 898 1780 levia
939 1727 1329 1796 aggravando,
1363 1743 1478 1780 non
1503 1727 1589 1780 ira
1618 1727 1690 1784 ad

77 1818 223 1879 illum,
255 1815 352 1867 sed
383 1816 507 1885 ipse
536 1817 710 1869 venit
741 1817 817 1870 ad
844 1817 1020 1883 iram;
1045 1835 1170 1888 quas
1195 1835 1487 1888 nunquam
1509 1834 1692 1872 accer-

80 1907 222 1961 enda
241 1911 342 1971 est,
363 1907 464 1959 sed
488 1924 628 1960 cum
652 1907 958 1977 irrepserit
971 1909 1293 1962 refutanda.
1313 1909 1496 1978 Magni
1515 1909 1687 1962 animi
1710 1891 1764 1961 B

79 2003 158 2054 νηὶ,
179 1997 462 2066 despicere
497 1999 787 2067 injurias;
815 2000 985 2052 altius
1005 2000 1062 2052 in
1088 2017 1146 2052 se
1170 2000 1470 2052 demittere
1497 2001 1688 2069 [Edit.,

81 2089 364 2157 demisere],
381 2089 526 2142 dum
550 2091 894 2156 vindicant;
917 2091 1106 2160 potius
1129 2095 1213 2143 est
1235 2108 1349 2144 non
1373 2091 1686 2160 agnovisse,

80 2196 218 2247 quam
242 2181 528 2250 ignovisse
554 2181 866 2250 injuriam.
892 2182 1192 2236 Enimvero
1221 2183 1312 2235 ille
1341 2199 1584 2251 magnus
1607 2185 1692 2234 est

81 2276 122 2322 et
155 2272 360 2338 nobilis,
395 2273 494 2342 qui
527 2289 708 2328 more
739 2289 970 2342 magnas
1002 2274 1136 2326 ferae
1176 2275 1412 2326 latratus
1443 2274 1690 2328 minuto-

81 2379 177 2415 rum
201 2379 401 2418 canum
433 2381 685 2418 securus
715 2365 971 2418 exaudit.
1003 2365 1264 2419 Sanctius
1295 2365 1574 2434 siquidem
1605 2368 1691 2418 est

83 2453 395 2509 di§imulare
413 2455 704 2524 injuriam
726 2471 906 2525 quam
925 2456 1134 2509 ulcisci.
1147 2457 1538 2510 Potentiorum
1557 2472 1687 2510 vero

83 2547 262 2612 injuria
288 2563 403 2600 non
431 2551 674 2602 tantum
701 2547 1007 2616 patientia,
1031 2547 1132 2600 sed
1154 2547 1327 2600 etiam
1350 2547 1514 2600 hilari
1534 2548 1688 2600 vultu

82 2637 291 2692 ferenda:
317 2642 470 2692 sunt.
497 2639 752 2693 Facient
781 2637 1014 2704 iterum,
1037 2639 1080 2692 si
1105 2641 1158 2692 te
1185 2655 1434 2708 passum,
1457 2642 1514 2691 et
1533 2655 1590 2692 se
1613 2641 1689 2700 fe,-

83 2729 189 2780 cisse
215 2729 588 2784 crediderint.
626 2729 800 2783 Adeo
833 2729 991 2783 enim
1028 2729 1298 2798 injuriam
1326 2746 1473 2798 saepe
1507 2729 1684 2784 vindi-

83 2836 182 2873 care
217 2837 326 2875 non
365 2821 627 2891 expedit,
661 2825 732 2874 ut
771 2837 880 2874 nec
927 2821 1096 2874 fateri
1136 2821 1369 2890 quidem
1403 2821 1682 2890 expediat.

83 2912 456 2966 Abstinendum
478 2913 693 2983 itaque
723 2911 798 2966 ab
828 2911 914 2965 ira
943 2915 1045 2977 est,
1069 2912 1184 2965 sive
1213 2912 1471 2982 superior
1496 2912 1566 2965 sit
1591 2913 1686 2982 qui

85 3003 283 3070 lacessit,
311 3004 424 3058 sive
455 3020 588 3074 par,
613 3004 742 3056 sive
775 3003 1037 3058 inferior.
1062 3005 1204 3058 Cum
1235 3003 1526 3073 superiore
1558 3020 1688 3059 con-

85 3094 298 3160 tendere,
321 3095 614 3150 furiosum
658 3097 782 3161 est;
817 3109 951 3148 cum
991 3095 1134 3164 pari,
1165 3111 1402 3163 anceps;
1432 3111 1560 3149 cum
1598 3094 1682 3148 in-

84 3184 268 3252 feriore,
291 3187 415 3257 jam
446 3186 792 3242 sordidum.

713 3291 943 3345 CAPUT
981 3292 1040 3344 V.

87 3379 198 3433 Nihil
227 3382 620 3436 susurronibus
662 3379 1038 3442 credendum;
1073 3394 1168 3432 nec
1199 3379 1373 3439 nobis,
1414 3376 1686 3430 audiendo

669 3463 779 3513 aut
827 3457 1080 3512 videndo.

136 3555 198 3610 Ex
228 3556 310 3612 his
339 3561 539 3613 autem
578 3572 721 3628 qua:
755 3553 948 3608 solent
984 3553 1299 3619 offendere,
1333 3553 1443 3607 alia
1470 3568 1690 3616 renun:

86 3648 256 3703 tiantur
276 3651 458 3716 nobis,
489 3650 608 3704 alia
639 3647 760 3718 ipsi
789 3645 1076 3711 audimus,
1101 3645 1211 3698 alia
1233 3648 1290 3698 et
1308 3644 1580 3698 videmus.
1604 3643 1682 3708 De

87 3738 148 3790 his
168 3757 290 3811 ergo
315 3759 440 3812 qua:
469 3742 827 3806 narrantur,
850 3737 964 3792 cito
985 3754 1102 3792 non
1122 3736 1336 3790 debent
1354 3735 1528 3802 credi,
1552 3735 1684 3804 quia

85 3832 154 3883 alii
173 3834 538 3901 mentiuntur,
574 3837 644 3887 ut
671 3829 1008 3900 decipiant;
1042 3829 1135 3882 alii
1165 3827 1396 3882 mentiri
1427 3843 1542 3880 non
1569 3827 1680 3879 exi-

85 3923 292 3992 stimant,
315 3926 448 3996 quia
467 3929 529 3979 et
549 3924 666 3994 ipsi
690 3921 928 3991 decepti
949 3924 1098 3975 sunt.
1116 3920 1272 3974 Alius
1287 3919 1682 3973 criminatione

85 4016 284 4070 gratiam
302 4020 514 4086 captat;
539 4019 602 4070 et
620 4017 690 4069 ut
717 4013 986 4068 videatur
1011 4011 1187 4082 loqui,
1215 4011 1375 4064 ﬁnxit
1394 4009 1678 4079 injuriam.

85 4103 155 4157 Est
181 4108 340 4162 etiam
369 4107 600 4179 aliquis,
635 4105 748 4177 qui
787 4105 901 4160 hoc
940 4103 1158 4158 occulte
1195 4103 1446 4172 loquitur
1475 4103 1532 4154 et
1557 4117 1679 4155 ma-

86 4197 220 4266 ligne,
243 4204 300 4253 ut
322 4202 609 4255 amicitias
640 4197 893 4252 dirimat
917 4195 1291 4260 cohaerentes,
1315 4197 1414 4247 aut
1441 4197 1501 4246 ut
1529 4196 1680 4246 certe

87 4307 213 4346 cunm
231 4295 374 4364 apud
395 4299 448 4349 te
471 4293 792 4354 insimulet
812 4289 1131 4344 inimicum.
1155 4287 1368 4342 Dicitur
1389 4287 1590 4356 aliquis
1611 4286 1680 4338 de

89 4389 126 4436 te
149 4391 278 4442 male
307 4391 546 4445 locutus.
583 4387 806 4458 Cogita
837 4401 912 4439 an
939 4383 1096 4454 prior
1114 4384 1222 4437 hoc
1244 4381 1459 4435 feceris.
1483 4380 1682 4449 Cogita

89 4483 139 4534 de
166 4500 317 4555 quam
341 4487 538 4541 multis
559 4485 691 4555 ipse
715 4478 996 4551 loquaris.
1021 4477 1222 4547 Cogita
1243 4493 1358 4530 non
1378 4476 1564 4529 facere
1587 4474 1682 4527 ali-

89 4592 197 4644 quos
230 4580 510 4648 injuriam,
539 4578 650 4633 sed
689 4589 985 4645 reponere
1019 4571 1239 4640 aliquos
1267 4586 1370 4640 pro
1401 4568 1564 4622 nobis
1594 4568 1678 4620 fa-
1697 4571 1756 4644 Ι)

89 4684 210 4736 cere;
234 4671 365 4727 alios
389 4670 674 4728 adversus
717 4683 848 4733 nos,
884 4663 985 4718 sed
1011 4665 1234 4728 coacta;
1268 4661 1408 4714 alios
1433 4663 1490 4712 et
1513 4660 1675 4729 igno-

89 4766 256 4817 rantcr.
276 4765 379 4820 Eos
407 4769 612 4819 autem
645 4759 754 4832 qui
780 4759 1040 4812 volentes
1070 4754 1422 4822 scientesque
1443 4751 1675 4816 faciunt,

89 4868 174 4908 non
199 4857 364 4928 ipsam
388 4857 677 4928 injuriam
707 4855 1008 4922 appetere,
1032 4847 1132 4902 sed
1151 4849 1252 4900 aut
1271 4843 1569 4898 dulcedine
1591 4858 1678 4896 ur-

88 4945 306 5002 banitatis
329 4951 669 5020 prolapsos;
695 4946 801 4999 aut
818 4943 1084 4996 fecerunt
1104 4935 1338 5008 aliquid,
1364 4951 1479 4992 non
1500 4937 1562 4988 ut
1582 4949 1678 4988 no-

89 5037 150 5089 bis
175 5039 433 5108 obessent,
457 5041 565 5094 sed
594 5038 744 5110 quia
770 5035 941 5089 aliter
967 5029 1240 5101 consequi
1259 5043 1385 5100 qua:
1410 5027 1678 5082 volebant

90 5144 176 5183 non
198 5136 508 5201 potuerunt.
531 5135 617 5187 Ac
645 5131 710 5186 in
739 5127 830 5181 his
852 5141 979 5196 qua:
1001 5119 1288 5178 audiendo
1309 5124 1408 5174 aut
1429 5117 1674 5173 videndo

90 5224 347 5293 cognoscis,
369 5229 650 5280 natm-am
669 5219 1154 5285 voluntatemque
1176 5212 1441 5268 discuties
1459 5212 1670 5272 facien-

92 5312 154 5374 tis,
172 5319 550 5388 peccantisque
577 5313 858 5370 animum
887 5305 1258 5378 perpensabis
1281 5320 1294 5358 :
1317 5304 1574 5371 voluerit,
1599 5322 1671 5361 an

93 5401 326 5470 inciderit;
351 5409 635 5478 deceptus
668 5404 769 5469 sit,
793 5417 870 5455 an
900 5402 1148 5454 coactus.
1177 5400 1424 5454 Puerum
1448 5402 1673 5456 excuset

94 5501 209 5563 atas,
234 5503 356 5572 quia
397 5503 586 5557 nescit
629 5515 711 5553 an
757 5496 987 5567 peccet;
1029 5497 1363 5548 extraneum
1403 5492 1668 5558 libertas;

95 5584 406 5650 domesticum
425 5591 829 5650 familiaritas.
855 5586 914 5642 Si
935 5585 1182 5655 primum
1203 5583 1460 5650 offendit,
1483 5583 1671 5652 cogita

97 5694 224 5748 quam
249 5684 334 5743 diu
360 5685 668 5760 placuerit.
699 5680 766 5738 Si
799 5691 976 5750 saepe,
1005 5677 1092 5734 fer
1121 5678 1276 5750 quod
1299 5692 1447 5748 saepe
1474 5674 1665 5734 tulisti.

144 5840 162 5876 '
184 5846 260 5906 Sic
287 5851 437 5918 odit.;
469 5851 574 5908 sed
600 5846 959 5922 legendum,
990 5861 1096 5902 non
1124 5849 1254 5916 quia
1279 5847 1376 5900 illa
1400 5845 1561 5901 dura.

1794 818 1930 870 cede
1950 817 2200 886 justitiae.
2229 818 2454 870 Amicus
2485 821 2600 882 est;
2633 818 2764 870 fecit
2791 818 2944 887 quod
2969 819 3166 873 noluit.
3195 819 3389 874 Inimi-

1793 925 1890 961 cus
1931 913 2046 973 est;
2075 909 2208 961 fecit
2249 908 2403 978 quod
2443 908 2654 962 debuit.
2686 910 2854 962 Pater
2895 911 3011 980 est;
3043 911 3229 979 cogita
3257 911 3391 980 quia

1793 1001 2014 1053 tantum
2045 999 2272 1068 profuit,
2297 1003 2358 1052 ut
2383 999 2486 1068 ipsi
2507 999 2678 1052 etiam
2699 999 2966 1068 injuriam
2987 1001 3172 1054 facere
3193 1002 3276 1054 fas
3299 1001 3387 1058 sit.

1790 1091 2000 1142 Mutum
2025 1090 2235 1143 animal
2267 1093 2379 1154 est;
2403 1089 2585 1158 ipsum
2611 1090 2654 1142 si
2687 1090 2962 1155 irasceris,
2986 1091 3242 1144 imitaris.
3263 1093 3392 1146 Pos-

1793 1183 1974 1233 tremo
2006 1181 2050 1233 si
2081 1179 2263 1233 bonus
2287 1179 2370 1232 vir
2399 1183 2484 1232 est
2521 1180 2617 1249 qui
2647 1179 2915 1249 injuriam
2941 1181 3092 1245 fecit,
3119 1181 3236 1254 noli
3269 1197 3388 1236 cre-

1793 1271 1956 1336 dere;
1978 1272 2023 1324 si
2048 1273 2250 1336 matus,
2274 1271 2389 1324 noli
2410 1271 2638 1324 imitari.
2660 1271 3016 1324 Prudentiori
3039 1272 3196 1337 cede,
3220 1273 3390 1326 stulto

1790 1362 2035 1418 remitte.
2073 1362 2242 1430 Regis
2281 1361 2516 1431 quisque
2555 1362 2702 1415 intra
2735 1379 2792 1414 se
2825 1363 3079 1415 animum
3112 1363 3302 1430 habet,
3331 1367 3392 1425 ut

1790 1452 2077 1510 licentiam
2119 1453 2222 1506 sibi
2264 1453 2322 1508 in
2370 1453 2508 1506 alios
2549 1453 2669 1505 dari
2708 1453 2860 1518 velit,
2889 1453 2948 1506 in
2990 1470 3047 1506 se
3093 1454 3251 1507 nolit.
3284 1453 3390 1517 Qui

1791 1559 1927 1612 ergo
1984 1560 2208 1612 semper
2256 1544 2506 1596 futurum
2551 1543 2780 1612 aliquod
2828 1543 2981 1612 quod
3029 1561 3086 1598 se
3139 1543 3391 1602 offendat

1791 1635 2089 1700 existimat,
2121 1634 2355 1687 minime
2386 1651 2514 1690 cum
2541 1634 2806 1688 acciderit
2831 1633 3120 1688 irascetur.

2417 1771 2635 1824 CAPUT
2665 1772 2748 1823 Vl.

2242 1861 2384 1914 Alia:
2418 1863 2473 1914 in
2507 1862 2644 1914 iram
2682 1876 2932 1914 censurae.

1861 1969 2006 2032 Quin
2033 1967 2168 2022 illud
2198 1967 2358 2022 valde
2386 1967 2441 2021 in
2473 1969 2592 2021 ha-c
2616 1968 2886 2022 illiberale
2915 1972 2970 2021 et
2995 1968 3226 2037 fiedum,
3257 1961 3386 2026 cuni

1789 2060 2039 2113 minimis
2061 2059 2412 2129 sordidisque
2431 2059 2652 2112 animus
2673 2059 3038 2112 exacerbatur
3053 2058 3109 2112 in
3129 2059 3311 2114 rebus.
3331 2051 3390 2116 Si

1789 2167 1989 2220 parum
2011 2151 2171 2220 agilis
2191 2150 2360 2203 fuerit
2379 2166 2538 2220 puer,
2559 2149 2600 2202 si
2624 2149 2866 2219 tepidior
2883 2167 3027 2220 aqua
3044 2151 3246 2221 poturo
3264 2145 3390 2222 per;

1788 2241 2007 2311 rigitur,
2023 2242 2068 2294 si
2087 2241 2344 2294 turbatur
2360 2243 2515 2294 torus
2531 2243 2626 2293 aut
2642 2257 2838 2293 mensa
2857 2242 3164 2311 neglectius
3183 2243 3384 2312 posita,

1789 2332 1832 2385 si
1862 2349 2054 2386 musca
2083 2349 2284 2401 parum
2326 2331 2534 2385 furiose
2564 2332 2779 2402 fugata,
2814 2332 2857 2384 si
2891 2349 2919 2386 e
2954 2333 3214 2386 manibus
3243 2333 3386 2388 servi

1788 2423 2166 2492 negligentius
2206 2423 2372 2476 clavis
2415 2424 2634 2492 elapsa;
2665 2439 2794 2476 cum
2821 2423 2939 2475 huic
2969 2440 3084 2476 non
3128 2425 3182 2478 in
3228 2428 3383 2478 tuam

1786 2514 2186 2568 contumeliam
2215 2513 2365 2578 fecit,
2392 2529 2493 2566 nec
2516 2514 2591 2566 sic
2623 2516 2682 2565 ut
2707 2517 2760 2566 te
2790 2513 3108 2581 offenderit,
3131 2513 3282 2580 fecit,
3306 2515 3385 2568 in-

1786 2605 2118 2659 nocentibus
2148 2621 2334 2674 parcc.
2359 2605 2517 2674 Saepe
2541 2604 2711 2657 etiam
2733 2620 2903 2674 quam
2925 2604 3090 2658 stulte
3108 2605 3196 2658 his
3214 2605 3384 2659 rebus

1785 2696 2096 2762 irascimur,
2132 2712 2254 2765 qua:
2285 2695 2474 2765 [Edit.,
2507 2694 2622 2764 qui]
2653 2693 2794 2747 iram
2830 2695 3086 2748 nostram
3126 2711 3229 2748 nec
3261 2711 3381 2751 me-

1783 2791 2039 2854 ruerunt,
2074 2803 2177 2839 nec
2210 2785 2476 2838 sentiunt.
2503 2784 2717 2856 Ecquid
2749 2785 2854 2838 hac
2893 2784 3113 2838 insania
3147 2786 3379 2840 demen-

1785 2877 1912 2944 tius,
1943 2894 2114 2948 quam
2153 2877 2328 2930 bilem
2370 2875 2426 2930 in
2470 2875 2732 2929 homines
2770 2876 3085 2944 collectam,
3122 2877 3180 2930 in
3215 2877 3383 2931 rebus

1786 2967 2115 3022 effundere?
2135 2969 2304 3036 Eger
2329 2969 2384 3020 et
2415 2966 2652 3020 infelicis
2679 2966 3016 3019 valetudinis
3035 2967 3256 3020 animus
3275 2969 3378 3035 est,

1786 3075 1958 3130 quem
1983 3059 2180 3112 talium
2204 3074 2397 3112 rerum
2422 3057 2557 3110 levis
2581 3073 2715 3110 cura
2745 3056 3064 3111 conturbat.
3095 3057 3199 3112 Ubi
3228 3057 3381 3113 enim

1786 3154 1842 3204 et
1867 3151 2118 3204 animum
2155 3149 2318 3203 simul
2353 3151 2413 3202 et
2435 3164 2639 3219 corpus
2664 3148 2980 3217 voluptates
3005 3150 3379 3220 corruperint,

1703 3229 1761 3302 C
1784 3241 1921 3295 nihil
1953 3245 2038 3295 est
2063 3241 2383 3306 tolerabile;
2407 3239 2540 3310 quia
2559 3239 2654 3294 illa
2674 3239 2870 3307 dura‘,
2893 3239 2993 3293 sed
3016 3241 3148 3310 quia
3168 3240 3262 3310 qui
3288 3257 3383 3310 pa-

1783 3333 1920 3386 titur
1946 3333 2132 3386 mollis
2158 3336 2258 3386 est.
2288 3332 2448 3385 Nulla
2476 3330 2666 3400 itaque
2701 3346 2792 3384 res
2820 3331 3002 3400 magis
3029 3331 3382 3385 iracundiam

1783 3424 1883 3477 alit
1898 3441 2068 3494 quam
2086 3423 2473 3494 intemperans
2489 3425 2545 3476 et
2559 3422 2862 3492 impatiens
2878 3423 3054 3476 luxus.
3075 3422 3222 3476 Dure
3244 3439 3380 3494 ergo

1783 3517 2110 3570 tractandus
2146 3519 2230 3568 est
2264 3515 2505 3580 animus,
2547 3517 2610 3566 ut
2646 3515 2819 3566 ictum
2865 3530 2978 3567 non
3014 3514 3237 3580 sentiat,
3275 3514 3381 3567 nisi

1785 3623 2032 3678 gravem.
2065 3606 2150 3660 Ad
2189 3605 2590 3659 coercitionem
2636 3607 2826 3657 autem
2871 3604 3200 3670 errantium,
3234 3603 3378 3658 irato

1782 3699 2118 3768 castigatore
2161 3713 2300 3767 Opus
2341 3712 2454 3750 non
2497 3697 2598 3748 est.
2629 3695 2770 3748 Nam
2809 3711 2936 3747 cum
2977 3695 3072 3748 ira:
3109 3688 3378 3748 delictum

1783 3791 1986 3844 anima:
2005 3789 2093 3856 sit,
2109 3805 2223 3843 non
2241 3790 2463 3858 oportet
2478 3790 2808 3857 peccantem
2825 3789 3056 3857 peccato
3073 3786 3376 3856 corrigere.

1784 3881 1945 3946 Quod
1975 3881 2018 3934 si
2057 3883 2277 3934 tantum
2315 3879 2588 3932 irascatur
2625 3876 2868 3947 sapiens,
2900 3881 3173 3948 quantum
3205 3877 3376 3932 scele-

1781 3991 1906 4027 rum
1935 3973 2201 4042 iniquitas
2232 3971 2420 4040 exigit,
2453 3986 2569 4024 non
2596 3969 2954 4022 irascendum
2978 3968 3078 4034 illi,
3107 3969 3204 4022 sed
3228 3969 3378 4024 insa-

1782 4065 2055 4118 niendum
2088 4066 2189 4116 est.
2220 4063 2404 4128 Furta,
2428 4061 2674 4128 fraudes,
2697 4060 3089 4127 inficiationes,
3114 4063 3170 4114 et
3195 4061 3238 4114 si
3269 4077 3380 4132 qua

1781 4159 1912 4210 sunt
1937 4156 2072 4221 alia;
2107 4153 2299 4209 omnia
2325 4153 2430 4207 ista
2460 4156 2576 4206 tam
2606 4151 2880 4223 propitius
2911 4152 3109 4222 aspicit
3135 4153 3377 4223 sapiens,

1781 4264 1953 4318 quam
1980 4246 2229 4300 medicus
2258 4261 2440 4316 mgros
2461 4261 2607 4297 suos.
2631 4243 2931 4313 Nunquam
2953 4243 3143 4314 itaque
3164 4244 3381 4299 iracun-

1781 4339 1873 4393 dia
1902 4337 2255 4392 admittenda
2282 4340 2384 4402 est,
2409 4334 2714 4406 aliquando
2737 4334 3073 4389 simulanda.
3099 4335 3154 4390 Si
3176 4352 3379 4406 segnes

1781 4429 2130 4485 audientium
2161 4428 2335 4482 animi
2365 4427 2683 4482 concitandi
2713 4429 2861 4493 sunt,
2895 4425 3198 4496 aliquando
3229 4427 3378 4480 incu-

1781 4519 2004 4576 tiendus
2028 4523 2111 4574 est
2140 4520 2226 4574 his
2255 4522 2456 4586 metus,
2482 4518 2632 4589 apud
2664 4530 2804 4588 quos
2835 4533 2947 4573 non
2969 4517 3190 4589 proﬁcit
3208 4517 3372 4575 ratio.

2395 4650 2613 4705 CAPUT
2649 4650 2756 4704 VII.

2234 4743 2344 4808 Quo
2370 4742 2521 4796 modo
2559 4743 2792 4796 leniatur
2815 4743 2918 4796 ira.

1846 4851 1971 4906 Haec
2011 4851 2161 4906 dicta
2198 4852 2348 4916 sunt,
2377 4865 2447 4903 ne
2477 4848 2669 4901 veniat
2694 4847 2818 4918 quis
2842 4847 2899 4902 in
2929 4846 3073 4902 iram
3103 4863 3116 4902 :
3145 4845 3298 4918 quod
3327 4846 3374 4905 si

1768 4943 1890 5014 jam
1929 4944 2014 4998 ira
2059 4941 2397 5013 proruperit,
2444 4940 2754 4994 maximum
2792 4939 2870 4994 illi
2911 4938 3227 4994 remedium
3265 4944 3368 5006 est,

1772 5051 1948 5092 moras
1971 5034 2183 5090 diiatio.
2207 5035 2320 5089 Hoc
2343 5032 2588 5103 primum
2609 5034 2852 5102 petatur,
2877 5046 2990 5084 non
3013 5034 3074 5084 ut
3093 5029 3366 5100 ignoscat,

1775 5128 1873 5182 sed
1915 5130 1979 5180 ut
2011 5126 2244 5196 judicet.
2279 5125 2336 5179 Si
2375 5122 2798 5192 exspectaveris,
2827 5121 3074 5187 desinet;
3105 5137 3209 5177 nec
3243 5124 3366 5179 uni-

1772 5235 1996 5275 versam
2037 5219 2193 5273 illam
2240 5214 2546 5270 tentaveris
2587 5214 2804 5279 tollere,
2851 5229 2976 5284 quae
3017 5214 3208 5283 [Edit.,
3248 5216 3366 5288 qui]

1773 5326 1970 5384 graves
2000 5309 2174 5365 habet
2205 5307 2449 5378 impetus
2475 5305 2707 5376 primos.
2735 5306 2874 5360 Tota
2893 5305 3152 5372 vincitur,
3175 5308 3221 5361 si
3245 5324 3371 5378 par-

1771 5405 1918 5460 tibus
1933 5403 2214 5472 capiatur;
2234 5399 2416 5455 donec
2433 5397 2586 5468 quod
2602 5414 2668 5452 ex
2683 5397 2733 5466 ej
2742 5397 3054 5467 usimperio
3066 5403 3190 5454 erat
3199 5415 3371 5470 agen-

1769 5497 1926 5562 dum,
1955 5492 2060 5564 ipsi
2099 5492 2286 5563 potius
2319 5490 2640 5561 jubeamus.
2671 5489 2970 5560 Agendum
3003 5493 3087 5543 est
3125 5489 3280 5546 enim
3306 5495 3370 5548 ut

1768 5587 1982 5660 primus
2009 5585 2130 5655 ejus
2153 5584 2348 5639 fervor.
2365 5583 2776 5663 relanguescat,
2801 5583 2859 5634 et
2886 5579 3069 5652 caligo
3091 5596 3216 5652 qua
3245 5598 3368 5663 pre:-

1768 5679 1872 5736 mit
1898 5680 2152 5735 mentem
2181 5675 2594 5748 aliquantulum
2617 5676 2899 5729 tenuetur.
2927 5674 3150 5743 Pugnat
3171 5677 3364 5732 autem
