3968 6500
559 417 626 496 t7
1906 433 2182 495 MARTINI

2286 436 2572 495 JMIENSIS
3836 443 3894 497 48

559 545 952 618 unusquisque
970 557 1183 615 secum,
1203 546 1270 602 ut
1287 537 1335 602 si
1356 543 1580 603 vincere
1595 547 1719 620 jam
1736 563 1854 604 non
1870 551 2071 618 potest,
2098 543 2186 600 vel
2207 555 2266 628 Α
2285 545 2428 601 feret
2460 562 2518 602 se
2553 548 2838 603 contemni
2876 547 3194 620 cuicunque
3223 541 3376 603 venit
3409 545 3470 603 in
3505 550 3756 602 mentem
3783 547 3896 603 nul-

561 639 744 694 celare
769 636 1114 694 meminerit.
1141 637 1199 695 Si
1223 639 1409 695 exitus
1427 639 1510 696 illi
1528 657 1644 696 non
1664 640 1849 710 datur,
1877 639 2038 712 signa
2064 638 2186 709 ejus

559 731 723 787 obrui
749 735 1004 803 possunt,
1025 729 1158 787 licet
1173 747 1305 788 cum
1329 749 1538 806 magna
1560 733 1666 789 hoc
1691 732 1944 789 molestia
1971 732 2053 787 ﬁt.
2084 731 2188 787 Cu-

556 823 643 897 pit
665 823 822 880 enim
845 822 1069 880 exsilire
1094 823 1198 892 ira,
1227 830 1284 881 et
1306 826 1608 883 incendere
1645 826 1834 883 oculos
1872 825 2185 896 faciemque

557 921 813 986 mutare;
841 921 898 973 et
921 916 970 972 si
994 917 1289 988 paululum
1313 918 1398 974 illi
1422 923 1580 975 extra
1605 936 1707 975 nos
1735 919 1991 975 emittere
2019 917 2187 972 licue-

556 1009 652 1080 rit,
671 1025 846 1082 supra
862 1026 966 1066 nos
985 1015 1070 1066 est
1086 1014 1152 1066 ut
1166 1011 1224 1066 in
1239 1012 1356 1066 imo
1373 1012 1616 1083 pectoris
1633 1029 1859 1068 recessu
1878 1011 2182 1078 condatur;

555 1103 905 1175 feraturque,
933 1120 1044 1160 non
1072 1104 1234 1160 ferat.
1266 1106 1328 1160 In
1351 1104 1698 1160 contrarium
1719 1105 1911 1160 omnia
1936 1104 2058 1175 ejus
2081 1104 2184 1158 tle-

558 1200 784 1252 ctantur
802 1195 1035 1267 judicia,
1063 1198 1249 1253 vultus
1286 1199 1626 1266 remittatur,
1666 1214 1774 1253 vox
1811 1197 2013 1267 lenior,
2054 1212 2183 1268 gra-

559 1287 775 1362 dusque
801 1289 872 1345 sit
897 1288 1136 1359 lentior;
1169 1294 1225 1346 et
1247 1290 1323 1346 ita
1349 1291 1623 1364 paulatim
1652 1307 1783 1346 cum
1813 1289 2186 1346 exterioribus

557 1381 828 1438 interiora
864 1383 1208 1439 formantur.
1252 1383 1453 1456 Sicque
1489 1384 1586 1441 fiet
1623 1388 1688 1439 ut
1723 1383 1770 1438 si
1802 1383 2003 1455 aliquis
2043 1381 2186 1437 iram

559 1479 718 1552 tuam
733 1474 1031 1548 intelligat,
1058 1480 1248 1532 tamen
1265 1477 1468 1532 sentiat
1482 1493 1670 1532 nemo.
1690 1476 1921 1532 Faciunt
1933 1491 2069 1548 ergo
2084 1491 2186 1530 nos

557 1567 960 1625 moderatiores
999 1575 1286 1641 respectus
1321 1569 1522 1640 nostri,
1569 1571 1616 1625 si
1657 1568 2014 1626 consulamus
2050 1584 2184 1638 nos;

558 1675 694 1716 nam
713 1661 823 1717 tale
842 1661 1055 1734 aliquid
1083 1667 1138 1718 et
1160 1661 1269 1734 ipsi
1287 1663 1589 1734 aliquando
1612 1662 2017 1718 commisimus.
2046 1661 2186 1717 Nam

559 1753 605 1808 si
620 1753 698 1808 sic
724 1755 1053 1826 erravimus,
1071 1755 1370 1827 expeditae
1394 1755 1558 1812 nobis
1582 1756 1642 1811 in
1657 1756 1780 1810 aliis
1797 1755 1895 1810 illa
1918 1755 2186 1810 damnare

555 1860 683 1919 qua
708 1845 960 1920 effugere
986 1847 1094 1919 ipsi
1120 1847 1480 1920 nequivimus
1495 1849 1524 1904 Ἰ
1550 1849 1736 1905 Faciet
1757 1848 1931 1905 etiam
1958 1864 2060 1903 nos
2087 1847 2189 1902 mi-

553 1912 747 2009 tiores,
791 1912 857 1994 si
880 1912 1378 2013 cogitemus-quid
1415 1941 1582 1997 nobis
1621 1941 1715 1997 ille
1758 1941 1851 1996 cui
1889 1940 2187 1996 irascimur
2207 1912 2264 1984 Β

553 2030 858 2103 aliquando
881 2032 1176 2105 profuerit,
1208 2039 1265 2090 et
1288 2033 1365 2088 sic
1392 2049 1638 2105 presens
1665 2033 1877 2090 offensa
1902 2033 2186 2104 prioribus

557 2123 775 2181 meritis
813 2125 1144 2182 redimatur.
1173 2126 1316 2182 Illud
1344 2143 1571 2199 quoque
1601 2131 1878 2197 occurrat,
1907 2131 2184 2199 quantum

555 2215 720 2273 nobis
747 2218 1249 2274 commendationis
1282 2219 1520 2276 allatura
1557 2220 1628 2276 sit
1660 2220 1811 2276 fama
1849 2219 2180 2289 clementiae,

555 2324 730 2382 quam
755 2311 963 2368 multos
988 2311 1248 2368 inimicos
1271 2312 1435 2368 venia
1462 2313 1657 2369 fecerit
1679 2314 1866 2370 utiles.
1894 2312 2043 2368 Nihil
2071 2313 2183 2385 glo-

555 2403 742 2461 riosus
767 2420 941 2478 quam
963 2404 1107 2461 iram
1130 2405 1378 2461 amicitia
1405 2411 1776 2462 commutare.
1798 2407 2060 2462 Irascitur
2086 2406 2183 2462 ali-

553 2497 722 2569 quis?
747 2502 811 2553 tu
848 2503 1042 2554 contra
1078 2497 1364 2554 beneficiis
1391 2515 1656 2570 provoca.
1687 2499 1845 2555 Cadit
1879 2499 2071 2555 statim
2103 2499 2180 2554 si-

551 2588 758 2646 multas
799 2589 870 2647 ab
908 2590 1182 2647 alterutra
1220 2596 1381 2663 parte
1417 2592 1656 2662 deserta,
1697 2591 1805 2648 nisi
1857 2593 2014 2665 paria
2066 2609 2181 2649 non

551 2688 831 2755 pugnant.
858 2683 1018 2749 Quod
1043 2683 1090 2738 si
1113 2689 1424 2757 utrumque
1443 2685 1758 2756 certaverit,
1788 2685 1873 2741 ira
1895 2687 2183 2742 concurri-

551 2781 666 2832 tur.
683 2775 782 2833 Ille
800 2780 885 2832 est
903 2775 1130 2848 fortior,
1153 2777 1252 2850 qui
1270 2777 1428 2848 prior
1444 2778 1638 2835 retulit
1651 2778 1884 2850 pedem;
1903 2779 2080 2835 victus
2098 2785 2182 2836 est

551 2881 721 2942 saepe,
743 2868 844 2942 qui
861 2869 1013 2926 vicit.
1033 2870 1312 2927 Percussit
1324 2875 1379 2927 te
1391 2871 1418 2927 τ
1436 2871 1664 2942 recede;
1687 2888 1822 2928 nam
1841 2871 2178 2944 referiendo,

552 2965 610 3018 et
647 2961 1000 3020 occasionem
1044 2962 1201 3020 dabis
1245 2963 1452 3036 saepius
1490 2963 1733 3022 feriendi
1768 2969 1827 3021 et
1863 2965 2178 3022 excusatio-

551 3067 687 3111 nem
714 3073 730 3112 :
761 3060 1048 3128 postremo
1083 3072 1214 3113 cum
1257 3056 1499 3114 volueris
1537 3058 1766 3130 reverti,
1791 3073 1907 3116 non
1943 3059 2178 3132 poteris.

1171 3204 1388 3262 CAPUT
1429 3207 1562 3263 VIII.

681 3315 946 3385 Injurt'am
975 3315 1250 3372 vindicare
1285 3320 1363 3372 est
1384 3319 1580 3374 vitium
1606 3320 1740 3374 vitio
1766 3333 2050 3390 opponere.

623 3431 730 3496 Qui
778 3431 1040 3488 irascitur
1067 3431 1361 3504 injurianti
1396 3450 1475 3505 se,
1505 3433 1705 3490 vitium
1745 3433 1882 3490 vitio
1921 3433 2178 3506 opponit.

551 3521 819 3597 Nunquid
846 3541 961 3580 non
979 3524 1224 3581 insanire
1242 3525 1484 3597 videtur,
1510 3526 1554 3582 si
1581 3527 1805 3583 mulum
1829 3526 2071 3582 calcibus
2088 3543 2183 3599 pe-

551 3622 654 3686 tat,
683 3623 782 3673 aut
809 3634 1006 3674 canem
1045 3635 1079 3672 a
1113 3635 1227 3690 quo
1266 3636 1489 3676 morsus
1523 3625 1608 3676 est
1647 3619 1940 3675 lancinet?
1969 3617 2182 3676 Eodem

549 3712 675 3768 loco
693 3716 795 3780 est,
816 3711 1073 3784 quisquis
1094 3712 1332 3769 concilio
1349 3718 1522 3769 caret.
1545 3712 1690 3778 Quid
1719 3713 1872 3769 enim
1893 3712 2085 3782 refert,
2109 3729 2184 3769 an

549 3805 661 3862 alia
693 3805 874 3861 multa
918 3805 1214 3862 dissimilia
1253 3805 1481 3877 habeat,
1524 3807 1573 3862 si
1618 3805 1726 3862 hoc
1767 3806 1949 3864 simile
1991 3805 2182 3876 habet,

551 3897 704 3971 quod
741 3898 898 3954 omni
937 3903 1164 3971 peccata
1208 3898 1424 3955 munda
1461 3899 1755 3956 defendit?
1791 3901 1868 3956 Eo
1918 3917 2023 3956 nos
2063 3900 2185 3955 loco

553 3991 976 4063 constituamus,
1013 4009 1128 4065 quo
1157 3991 1251 4048 ille
1283 3998 1367 4049 est
1405 3992 1498 4047 cui
1543 3991 1874 4049 irascemur.
1923 3992 2186 4049 Nostram

554 4101 674 4141 esse
694 4100 918 4140 causam
941 4085 1091 4142 illius
1114 4087 1456 4158 attingamus
1479 4105 1493 4142 :
1527 4101 1664 4140 nam
1689 4085 1824 4141 fecit
1848 4103 1950 4141 nos
1970 4085 2187 4142 iracun-

554 4177 657 4235 dos
679 4178 876 4251 iniqua
903 4185 1096 4236 nostra
1133 4178 1464 4248 aestimatio;
1496 4178 1630 4250 quia
1665 4195 1731 4233 ea
1772 4195 1900 4251 quae
1927 4179 2187 4234 volumus

553 4270 756 4342 facere,
777 4272 1042 4329 nolumus
1055 4272 1194 4344 pati.
1216 4273 1495 4328 Memento
1511 4271 1684 4326 etiam
1704 4272 1836 4343 quia
1851 4271 2189 4328 sanctissimi

554 4364 765 4438 quique
806 4366 913 4421 viri
952 4365 1132 4421 multa
1165 4363 1545 4436 delinquunt:
1576 4364 1728 4436 quod
1757 4364 1806 4420 si
1842 4365 2012 4420 etiam
2045 4382 2184 4437 pru-

555 4454 869 4516 dentissimi
884 4458 991 4514 viri
1004 4463 1258 4531 peccant,
1279 4458 1441 4529 cujus
1466 4473 1625 4513 error
1636 4474 1863 4513 causam
1880 4475 1995 4514 non
2018 4458 2190 4516 habet

555 4551 923 4624 ignoscendi?
948 4552 1126 4609 Nemo
1152 4557 1239 4607 est
1273 4555 1390 4606 tam
1425 4543 1663 4606 timidus
1695 4550 2056 4622 offensarum,
2089 4551 2190 4625 qui

555 4661 671 4703 non
706 4645 830 4702 illas
858 4645 998 4702 dum
1021 4643 1180 4712 vitat,
1206 4641 1486 4700 admittat.
1512 4644 1780 4717 Equiore
1808 4645 1962 4702 enim
1997 4647 2190 4730 animo

2200 3274 2256 3348 C

2284 638 2401 694 lam
2424 655 2543 696 esse
2567 645 2783 696 tantam
2815 641 3128 712 potentiam
3162 641 3223 696 in
3249 657 3363 712 qua
3402 657 3519 695 non
3542 639 3792 695 incurrat
3816 639 3895 694 in-

2277 731 2452 803 juria.
2482 733 2688 788 Demus
2713 733 2961 806 spatium
2995 734 3269 806 peccanti,
3309 749 3422 806 quo
3450 731 3625 803 possit
3664 731 3898 788 conside-

2285 841 2410 880 rare
2449 825 2589 897 quid
2623 826 2839 896 fecerit,
2871 831 2928 882 et
2965 827 3087 898 ipse
3126 843 3184 882 se
3219 825 3534 898 castigabit.
3562 824 3707 889 Quid
3747 840 3895 896 ergo.

2283 917 2492 989 inquis,
2514 919 2748 990 impune
2774 919 2867 975 ille
2894 919 3037 975 erit?
3063 921 3204 975 Puta
3219 919 3358 974 velle
3377 924 3459 988 te;
3482 934 3616 972 nam
3642 934 3758 972 non
3777 917 3894 974 erit.

2285 1011 2424 1075 Quia
2443 1028 2558 1067 non
2581 1011 2764 1083 magis
2791 1012 3015 1084 gravius
3039 1012 3319 1067 addicitur
3348 1027 3523 1083 quam
3553 1009 3651 1082 qui
3674 1010 3745 1065 ad
3774 1025 3895 1081 sup-

2283 1104 2516 1174 plicium
2539 1105 2885 1175 paenitentia
2909 1105 3096 1160 datur.
3123 1103 3559 1176 Respiciendum
3593 1108 3678 1158 est
3711 1101 3898 1157 deinde

2289 1197 2360 1252 ad
2386 1197 2765 1253 conditionem
2789 1213 2984 1253 rerum
3011 1197 3415 1266 humanarum,
3443 1201 3508 1251 ut
3534 1195 3791 1251 omnium
3817 1209 3897 1249 ac-

2288 1289 2598 1345 cidentium
2629 1290 2778 1362 equi
2807 1291 3028 1362 judices
3065 1291 3262 1345 simus.
3309 1289 3542 1361 Iniquus
3595 1293 3678 1344 est
3722 1292 3900 1342 autem

2284 1383 2385 1454 qui
2428 1400 2728 1439 commune
2771 1383 2974 1439 vitium
3021 1383 3260 1456 singulis
3308 1381 3522 1453 objicit.
3570 1382 3779 1438 Omnes
3827 1381 3901 1434 in-

2284 1476 2527 1531 consulti
2553 1481 2722 1550 atque
2748 1476 3049 1548 improvidi
3078 1492 3308 1545 sumus;
3333 1491 3532 1530 omnes
3552 1473 3756 1529 incerti
3781 1487 3901 1544 que-

2285 1569 2414 1639 ruli,
2443 1569 2748 1625 ambitiosi.
2777 1569 2922 1634 Quid
2944 1569 3248 1625 levioribus
3271 1567 3455 1624 verbis
3469 1566 3764 1639 publicum
3791 1582 3899 1620 ma-

2286 1664 2406 1719 lum
2431 1662 2748 1718 abscondo?
2775 1663 2984 1718 Omnes
3011 1662 3149 1718 mali
3174 1677 3390 1717 sumus.
3413 1658 3701 1732 Quidquid
3723 1659 3784 1714 in
3805 1657 3902 1712 alio

2289 1755 2753 1829 deprehenditur,
2781 1755 2841 1810 id
2868 1755 3260 1828 unusquisque
3286 1753 3347 1810 in
3370 1752 3499 1809 sinu
3523 1767 3623 1808 suo
3643 1750 3900 1808 inveniet.

2287 1848 2414 1905 Mali
2441 1847 2680 1904 vivimus
2707 1848 2856 1905 inter
2893 1849 3091 1904 malos.

2926 1991 3143 2047 CAPUT
3185 1991 3269 2046 IX.

2773 2103 2983 2161 Aliena:
3033 2104 3131 2159 ira:
3178 2103 3411 2157 curatio.

2352 2221 2511 2277 Nunc
2527 2222 2650 2293 jam
2673 2222 2928 2277 tertiovin
2955 2223 3078 2278 loco
3102 2221 3393 2276 videamus
3419 2235 3532 2292 quo
3567 2217 3740 2274 modo
3778 2216 3902 2270 alie-

2281 2331 2414 2369 nam
2440 2313 2584 2369 iram
2607 2314 2907 2370 leniamus.
2935 2315 3044 2370 Nec
3073 2313 3227 2369 enim
3261 2313 3382 2368 sani
3417 2316 3643 2368 tantum
3670 2325 3794 2366 esse
3827 2323 3904 2362 ve-

2279 2407 2468 2474 limus,
2503 2406 2598 2462 sed
2628 2422 2848 2462 sanare.
2877 2407 3126 2462 Primam
3167 2422 3304 2478 ergo
3347 2405 3494 2460 iram
3530 2403 3767 2459 alterius
3803 2415 3904 2457 non

2279 2499 2616 2554 audebimus
2646 2504 2838 2555 nostra
2869 2499 3088 2556 ratione
3127 2499 3397 2568 mulcere,
3431 2497 3602 2552 surda
3640 2501 3732 2551 est
3769 2494 3906 2549 enim

2282 2596 2339 2648 et
2361 2609 2556 2648 amens
2584 2610 2599 2647 :
2632 2592 2892 2648 dabimus
2919 2592 3002 2647 illi
3031 2591 3312 2664 spatium;
3340 2607 3475 2646 nam
3499 2589 3758 2645 remedia
3793 2601 3903 2642 me-

2280 2685 2537 2741 dicorum
2573 2701 2689 2740 non
2729 2685 2790 2740 in
2820 2684 3134 2740 accessibus
3157 2683 3554 2739 infirmitatum
3573 2724 3588 2752 ,
3628 2681 3733 2737 sed
3755 2681 3814 2736 in
3837 2693 3909 2733 re-

2278 2778 2640 2835 missionibus
2681 2782 2938 2850 prosunt.
2976 2777 3135 2843 Quod
3163 2777 3209 2832 si
3235 2781 3520 2833 tumentes
3558 2774 3757 2831 oculos
3794 2770 3908 2844 quis

2279 2875 2462 2927 tentet
2503 2871 2803 2943 inungere,
2843 2875 3070 2927 recente
3113 2870 3169 2925 vi
3216 2869 3401 2942 magis
3443 2868 3638 2924 incitat
3675 2879 3909 2922 commo-

2280 2964 2479 3019 venda.
2507 2963 2740 3035 Sapiens
2764 2963 2976 3019 furenti
2999 2963 3183 3018 amico
3215 2962 3406 3018 omnia
3440 2961 3674 3016 ultionis
3713 2960 3908 3015 instru-

2280 3061 2473 3112 menta
2513 3057 2782 3112 occultius
2818 3055 3151 3126 removebit,
3179 3055 3414 3128 ipseque
3456 3053 3813 3109 iracundiam
3849 3049 3909 3102 si-

2279 3149 2522 3205 mulabit
2555 3154 2621 3205 ut
2654 3154 2924 3221 tanquam
2963 3148 3186 3204 auditor
3214 3147 3421 3203 doloris
3457 3151 3514 3202 et
3548 3162 3764 3215 comes,
3795 3143 3910 3215 plus

2279 3243 2626 3298 auctoritatis
2673 3243 2733 3297 in
2771 3242 3015 3298 consiliis
3063 3241 3286 3311 habeat,
3331 3255 3519 3295 moras
3567 3242 3765 3294 nectet
3810 3254 3824 3291 :
3863 3237 3911 3288 et

2280 3337 2418 3392 dum
2453 3337 2729 3407 majorem
2766 3351 2994 3407 poenam
3029 3338 3268 3406 quaerat,
3296 3336 3636 3405 praesentem
3688 3328 3910 3387 interim

2280 3428 2520 3499 differet,
2549 3432 2605 3484 et
2633 3428 2790 3484 omni
2816 3431 2936 3482 arte
2963 3427 3144 3483 furori
3185 3425 3445 3498 requiem
3481 3423 3654 3481 dabit.
3685 3421 3848 3489 Quod
3869 3421 3910 3474 si

2279 3527 2344 3578 tu
2372 3522 2654 3593 potentior
2681 3538 2758 3591 es,
2787 3525 2885 3576 aut
2917 3520 3196 3592 pudorem
3231 3519 3313 3574 illi
3349 3518 3443 3574 cui
3469 3517 3522 3572 vi
3559 3517 3799 3589 resistis,
3827 3518 3914 3568 aut

2281 3621 2501 3671 metum
2530 3614 2788 3670 incuties.
2831 3612 3007 3669 Alteri
3043 3613 3194 3668 dices
3235 3628 3250 3668 :
3291 3610 3598 3683 Indignum
3632 3611 3830 3680 nimis,
3865 3614 3913 3664 et

2281 3726 2397 3766 non
2421 3708 2646 3764 invenio
2674 3705 2901 3763 dolendi
2934 3705 3206 3776 modum;
3235 3705 3334 3761 sed
3371 3704 3800 3777 expectandum
3841 3706 3914 3758 est

2282 3809 2508 3875 tempus
2538 3817 2552 3856 :
2582 3800 2736 3856 dabit
2757 3816 2970 3872 pmnas.
2997 3799 3166 3856 Serva
3191 3798 3342 3854 istud
3367 3797 3558 3853 animo
3582 3803 3706 3867 tuo,
3740 3802 3797 3853 et
3822 3810 3912 3869 pro

2284 3911 2462 3966 mora,
2503 3911 2636 3950 cum
2676 3893 2908 3966 poteris,
2949 3893 3171 3949 reddes.
3211 3890 3386 3948 Alteri
3426 3890 3576 3946 dices
3623 3892 3813 3947 :Vide
3851 3905 3915 3944 ne

2283 3987 2578 4044 iracundia
2617 3991 2716 4042 tua
2740 3986 3011 4058 voluptati
3039 3985 3111 4041 sit
3136 3984 3399 4040 inimicis.
3429 3983 3607 4040 Alteri
3636 3999 3650 4038 :
3681 3983 3825 4039 Vide
3852 3997 3914 4036 ne

2284 4079 2620 4154 magnitudo
2654 4078 2831 4134 animi
2865 4079 2973 4146 tui,
3015 4083 3073 4134 et
3108 4077 3387 4133 creditum
3421 4077 3574 4149 apud
3618 4075 3915 4148 plerosque

2286 4174 2505 4230 decidat
2529 4172 2724 4228 robur.
2755 4173 2835 4228 Ita
2859 4171 3014 4227 enim
3045 4169 3350 4226 abscondet
3373 4173 3432 4227 et
3453 4169 3711 4226 medicus
3738 4170 3910 4225 ferra-

2285 4273 2565 4337 mentum,
2593 4271 2650 4322 et
2675 4281 2830 4337 aeger
2852 4265 3125 4332 dolorem,
3152 4263 3292 4319 dum
3311 4267 3518 4336 sperat,
3539 4262 3686 4318 feret
3725 4261 3914 4336 [Edit.,

2284 4360 2479 4435 ferat];
2509 4376 2645 4416 nam
2672 4357 2934 4431 quaedam
2957 4374 3074 4414 non
3101 4356 3210 4412 nisi
3235 4356 3468 4428 decepta
3502 4359 3805 4411 sanantur.
3831 4355 3919 4410 Ca-

2285 4458 2493 4530 stigare
2519 4459 2712 4511 autem
2745 4453 3103 4523 irascentem,
3141 4456 3200 4508 et
3235 4451 3388 4507 ultro
3426 4449 3610 4520 irasci,
3642 4449 3918 4522 castigare

2285 4557 2390 4610 est.
2417 4553 2610 4623 Itaque
2633 4546 2788 4603 vario
2818 4545 2987 4602 modo
3015 4545 3101 4601 ira
3127 4543 3379 4601 sananda
3403 4547 3505 4600 est.

553 4789 3882 4824 _______________________________________________..___..

1627 4946 2107 5056 OPUSC
2133 4949 2303 5054 UL
2331 4943 2538 5053 ΠΜ
2639 4943 2874 5048 VII.

1695 5114 1938 5236 DE
2030 5115 2814 5239 PASGHA.

632 5296 674 5354 l.
701 5295 960 5369 Plerique
983 5297 1321 5369 mysterium
1345 5299 1569 5357 Pascha!
1588 5315 1853 5358 enarrare
1882 5303 2187 5361 voluerunt
2202 5317 2264 5391 Β
2284 5300 2620 5360 memoratio
2665 5303 2889 5370 agatur,
2924 5300 2989 5352 ut
3243 5289 3691 5391 anniversarium
3720 5286 3929 5391 natalis

559 5409 628 5448 ex
667 5389 884 5446 ratione
921 5390 1335 5462 supputationis
1358 5392 1420 5448 in
1443 5409 1665 5466 mense,
1694 5399 1752 5451 et
1776 5395 1935 5464 luna,
1968 5401 2025 5452 et
2047 5397 2139 5453 die
2169 5414 2182 5453 :

560 5485 680 5556 sed,
711 5483 829 5538 sive
866 5483 1134 5554 scientia,
1161 5483 1275 5540 sive
1315 5487 1590 5543 sermonis
1630 5488 2105 5561 impossibilitate,
2132 5490 2191 5547 id

558 5578 914 5650 reliquerunt
953 5575 1264 5646 obscurius,
1312 5580 1473 5652 quasi
1521 5581 1669 5637 nihil
1715 5581 1848 5638 inde
1895 5582 2188 5638 dixissent.

559 5672 683 5729 Scio
723 5670 877 5726 enim
925 5669 1133 5728 multos
1174 5673 1558 5745 scrupulosius
1597 5673 1948 5747 interrogare
2001 5675 2191 5732 solitos

559 5780 735 5839 quare
761 5764 1074 5822 secundum
1101 5781 1323 5823 morem
1346 5766 1673 5823 Judmorum
1695 5767 1766 5823 ad
1786 5767 1938 5825 lunae
1963 5779 2192 5841 compu‘

558 5859 829 5916 tationem
855 5858 1088 5916 diversis
1117 5859 1420 5929 generibus
1454 5859 1664 5914 Pascha
1691 5860 2040 5918 celebremus
2053 5905 2068 5932 ,
2101 5862 2190 5918 di-

559 5962 746 6013 centes
773 5954 980 6010 rectius
1005 5952 1112 6008 sibi
1136 5951 1317 6008 videri
1345 5951 1391 6006 si
1421 5951 1716 6009 dominica:
1741 5954 2013 6028 passionis
2032 5972 2186 6012 com-

2291 5397 2444 5452 diem
2473 5393 2856 5459 observemus,
2885 5387 3050 5444 sicuti
3080 5403 3115 5442 a
3147 5385 3436 5460 plerisque
3469 5381 3770 5440 Gallicanis
3812 5381 3927 5453 epi-

2291 5487 2472 5561 scopis
2507 5502 2685 5558 usque
2722 5488 2854 5540 ante
2893 5498 3012 5538 non
3047 5481 3292 5536 multum
3324 5483 3550 5549 tempus
3583 5475 3930 5531 custoditum

2291 5586 2394 5652 est,
2422 5586 2489 5637 ut
2515 5595 2740 5652 semper
2767 5592 2863 5631 VIII
2887 5574 3006 5632 Kal.
3033 5573 3212 5646 April.
3239 5572 3391 5628 diem
3416 5567 3642 5625 Pascha
3685 5567 3932 5624 celebra-

2291 5679 2439 5745 rent,
2469 5674 2530 5730 in
2568 5689 2682 5745 quo
2719 5671 2866 5727 facta
2900 5667 3106 5725 Christi
3140 5663 3476 5723 resurrectio
3509 5661 3779 5718 traditur.
3819 5660 3931 5716 Pla-

2290 5768 2407 5824 cuit
2447 5773 2638 5823 autem
2681 5763 2844 5834 mihi,
2886 5758 3200 5835 inquirenti
3242 5757 3461 5814 curiose
3504 5754 3644 5828 quid
3683 5755 3933 5826 majores

2287 5861 2464 5919 nostri
2491 5859 2667 5915 secuti
2693 5861 2897 5927 essent,
2923 5859 3117 5927 aperte
3151 5866 3456 5924 exponere.

2365 5955 2427 6012 ll.
2462 5953 2648 6011 Passio
2682 5949 2890 6008 Christi
2927 5946 3243 6019 redemptio
3271 5949 3356 6003 est
3389 5947 3690 6014 creature,
3723 5941 3797 5998 de
3823 5957 3934 6015 aqu
