3968 6468
84 353 181 431 ιο

1323 367 1712 429 OPUSCULUM
1750 371 1857 427 VII.
1897 372 1982 428 DE
2019 371 2287 428 PASCIIA.
3391 365 3455 432 50

84 468 515 578 ppostolus‘ait
552 474 730 544 quod
771 477 1022 544 subjecta
1052 479 1222 544 fuerit
1253 481 1501 534 servituti
1527 493 1634 534 non
1659 495 1759 534 sua
1778 504 1836 578 Α
1856 477 1998 532 xisse
2024 477 2177 532 enim
2203 476 2446 532 traditur
2474 478 2746 533 Dominus
2765 492 2841 533 vn
2862 477 2984 533 Kal.
3006 479 3141 550 Apr.
3163 477 3458 538 Dominica

85 565 298 637 mute,
327 561 428 616 sed
446 569 704 634 propter
729 581 855 622 eum
882 570 982 638 qui
1002 583 1118 623 eam
1144 569 1372 637 subjecit
1395 572 1453 623 in
1477 585 1606 640 spe:
1629 572 1758 640 quia
1778 561 1836 578 ⁸⁵
1856 571 1966 626 die.
1999 571 2208 636 Quinta
2249 569 2393 626 feria
2433 573 2625 627 autem
2666 571 3044 643 pracedente,
3073 572 3289 629 Pascha
3313 577 3455 632 cum

86 663 224 730 ipsa
247 653 591 710 liberabitur
619 673 658 712 α
685 661 952 714 servitute
975 661 1249 722 interitus,
1277 677 1396 714 cum
1427 662 1670 715 libertate
1691 666 1753 732 ﬁ-

91 749 291 804 liomm
317 747 422 799 Dei
438 745 627 815 (Rom.
647 765 777 815 vm,
797 752 890 815 20,
910 749 1018 821 2t).
1039 751 1168 807 Hac
1188 755 1451 806 creatura
1479 755 1565 805 est
1594 752 1756 822 spiri-

94 836 360 903 tusvita,
395 837 548 908 qui'
579 841 809 894 creavit
844 841 1043 896 omnia
1081 846 1324 898 terrena
1354 846 1754 912 corporatura,

97 927 390 998 subjectus
425 929 492 984 in
534 947 676 985 eam
715 948 903 1002 spem,
950 937 1013 986 ut
1045 933 1117 987 de
1157 934 1491 1004 corruptela
1526 934 1756 989 interitu

97 1036 230 1076 cum
255 1020 538 1075 libertate
573 1022 836 1077 filiorum
859 1024 1056 1094 gloria
1082 1024 1356 1079 liberetur
1380 1042 1393 1080 :
1417 1041 1541 1096 qua
1564 1025 1757 1096 utique

99 1115 167 1168 in
210 1111 389 1166 hodie
441 1112 722 1183 subjecta
771 1119 860 1168 est
907 1115 1183 1181 servituti,
1222 1115 1282 1169 in
1327 1117 1479 1187 quob
1512 1116 1758 1170 mundus

99 1201 340 1259 eﬂ’ectus
375 1207 492 1270 est,
519 1220 708 1275 quam
735 1206 994 1262 Christus
1018 1206 1262 1262 liberare
1287 1207 1548 1274 venisset,
1572 1211 1629 1261 et
1648 1224 1760 1262 ser-

98 1295 266 1360 vavit,
296 1298 364 1349 ut
391 1295 455 1350 in
501 1312 578 1351 eo
619 1300 890 1368 tempore
925 1301 1236 1369 pateretur,
1268 1297 1327 1352 in
1355 1314 1468 1369 quo
1499 1302 1758 1354 creatura

97 1386 360 1456 subjecta
391 1387 513 1441 erit
535 1387 658 1458 [An
682 1389 896 1458 erat?];
919 1392 981 1442 ut
1001 1389 1096 1460 qui
1120 1389 1241 1442 dies
1261 1389 1352 1443 ille
1377 1390 1612 1444 tristitia
1642 1391 1757 1445 fue-

93 1482 204 1542 rat,
230 1477 362 1546 jam
392 1478 624 1533 latitia
655 1479 1022 1534 redderetur.
1048 1480 1331 1544 Quoniam
1350 1497 1484 1535 vero
1506 1481 1638 1551 agni
1659 1482 1759 1536 hu-

87 1571 182 1640 jus
201 1573 594 1624 sacramenta
614 1573 783 1625 tanta
805 1573 1017 1638 essent,
1041 1574 1104 1625 ut
1122 1571 1373 1626 veritatis
1393 1571 1564 1642 ipsius
1584 1573 1756 1627 etiam

93 1660 304 1715 umbra
335 1661 672 1732 proficeret
699 1662 777 1716 ad
803 1663 1048 1716 salutem
1074 1663 1376 1730 liberandi,
1399 1663 1541 1717 sicut
1557 1664 1626 1718 de
1649 1664 1753 1730 his,

93 1753 163 1808 de
193 1752 488 1807 servitute
516 1753 867 1820 Pharaonis,
901 1754 1062 1825 quasi
1081 1754 1204 1824 jam
1230 1754 1460 1809 libertas
1484 1757 1755 1809 creatura

1856 662 2139 733 discipulis
2185 661 2497 717 comedisse
2545 679 2560 717 :
2604 652 2912 734 quod-fuit
2950 679 3006 716 χι
3049 663 3170 717 Kal.
3213 665 3451 737 Apriles.

1856 754 2155 809 Rationem
2200 755 2348 808 hanc
2397 754 2668 825 temporis
2708 754 2876 825 hujus
2911 752 3260 821 habuerunt,
3301 758 3454 828 quod

1855 848 2112 899 creatura
2137 861 2309 914 quam
2340 845 2608 899 liberarat
2627 845 2684 898 in
2705 845 2981 916 sanguine
3004 861 3123 910 suo,
3148 843 3204 899 in
3226 862 3294 901 eo
3315 851 3455 905 tem-

1855 953 1992 1008 pore
2029 937 2279 991 servituti
2320 938 2507 991 fuerat
2547 938 2816 1007 subjecta.
2853 937 3216 992 Probandum
3262 939 3454 1013 itaque

1856 1027 2017 1081 nobis
2038 1031 2140 1093 est,
2158 1027 2215 1081 in
2236 1028 2343 1082 hoc
2361 1030 2619 1098 tempore
2639 1028 2838 1082 mundi
2859 1027 3082 1082 initium
3103 1029 3454 1089 constituisse

1856 1119 2048 1188 [Forte,
2063 1118 2417 1189 constitisse].
2435 1119 2731 1174 lnchoasse
2743 1119 3022 1174 mundum
3037 1121 3182 1175 veris
3199 1125 3454 1196 tempore

1855 1209 2084 1263 Genesis
2101 1209 2284 1263 docet.
2303 1210 2443 1264 Cum
2465 1210 2711 1280 primum
2728 1214 3031 1281 appareret
3046 1212 3264 1267 aridam
3283 1229 3454 1284 quam

1853 1299 2070 1354 vocavit
2084 1301 2280 1366 Deusc,
2296 1300 2507 1354 dictum
2533 1303 2644 1355 est:
2663 1301 2930 1356 Ger-minet
2949 1307 3092 1356 terra
3109 1319 3260 1358 omne
3269 1307 3455 1371 fenum

1853 1405 2004 1444 omne
2019 1391 2304 1459 pabulum,
2335 1395 2386 1444 et
2408 1407 2558 1445 omne
2585 1392 2758 1446 vim’de
2781 1393 2918 1459 ligni
2941 1393 3086 1461 quod
3111 1396 3257 1461 ferat
3279 1409 3455 1449 semen

1853 1481 2144 1535 secundum
2167 1497 2333 1549 genus
2358 1497 2514 1536 suum
2534 1481 2683 1552 (Gen.
2704 1498 2742 1549 ι,
2769 1481 2873 1553 ll).
2892 1485 2954 1536 In
2990 1499 3101 1555 quo
3132 1484 3454 1554 germinare

1856 1571 2048 1625 omnia
2080 1571 2367 1638 videmus;
2399 1575 2568 1643 atque
2608 1573 2687 1626 ita
2723 1572 2782 1626 in
2831 1589 2900 1627 eo
2949 1589 3070 1627 esse
3116 1574 3454 1647 principium

1855 1662 2072 1729 mundi,
2107 1679 2222 1716 non
2257 1663 2599 1718 dubitamus.
2630 1663 2742 1718 Sed
2775 1679 2903 1718 cum
2941 1667 3054 1719 tres
3081 1681 3307 1720 menses
3329 1682 3451 1721 ver-

1855 1769 1993 1807 num
2027 1757 2250 1824 tempus
2282 1755 2510 1821 habeat,
2537 1755 2742 1809 horum
2778 1755 2950 1809 trium
2979 1755 3201 1810 medius
3226 1759 3328 1823 est,
3358 1757 3453 1830 qui

94 1843 161 1897 de
192 1843 489 1898 servitute
521 1845 875 1915 corruptela
907 1846 1269 1915 ﬁguraretur.
1303 1845 1520 1916 Figura
1550 1841 1831 1916 passio-B
1855 1843 2078 1898 initium
2107 1845 2321 1900 mundo
2343 1845 2517 1899 dedit.
2535 1847 2647 1900 Nec
2667 1846 2847 1900 solum
2869 1847 3078 1900 mensis
3096 1847 3335 1914 medius,
3353 1847 3452 1904 sed

95 1935 179 1990 nis
212 1935 441 1989 Christi
481 1936 689 2006 imago
725 1935 786 1990 in
821 1935 1133 1990 adventum
1160 1937 1354 1990 salutis
1377 1939 1612 2008 operata
1637 1940 1752 2003 est;

94 2029 147 2079 et
175 2025 318 2080 ideo
347 2026 586 2080 dictum
627 2030 718 2080 est
751 2043 786 2080 a
826 2027 969 2094 Deo,
1005 2030 1067 2081 ut
1095 2027 1152 2080 in
1185 2027 1370 2097 primo
1395 2043 1592 2080 mense
1621 2028 1755 2082 anni

94 2119 304 2187 quarta
336 2116 587 2172 decima
614 2118 757 2172 luna
781 2134 969 2188 agnus
997 2118 1416 2184 immaculatus,
1439 2119 1752 2185 anniculus,

93 2209 541 2276 immolaretur,
570 2209 646 2263 de
689 2209 856 2279 cujus
885 2209 1167 2280 sanguine
1207 2209 1410 2263 domos
1433 2226 1562 2263 suas
1587 2225 1757 2280 super

95 2299 298 2354 limina
324 2299 750 2370 obsignarent,
778 2317 852 2355 ne
881 2317 917 2355 a
935 2303 1220 2354 vastatore
1247 2302 1454 2371 angelo
1477 2303 1756 2355 terreren-

105 2397 225 2456 tur;
248 2395 432 2462 atque
469 2392 534 2445 in
571 2392 699 2462 ipsa
732 2392 931 2459 domo,
954 2395 1208 2446 comesto
1229 2407 1333 2462 per
1357 2392 1557 2446 domos
1582 2408 1751 2462 agno,

110 2482 255 2551 quod
275 2486 366 2536 est
384 2483 636 2537 Pascha
659 2483 996 2550 celebratio,
1020 2482 1417 2537 liberationem
1439 2499 1542 2553 per
1559 2485 1754 2553 fugam

111 2573 389 2628 servitutis
413 2573 782 2644 acciperent.
805 2575 931 2628 Non
955 2573 1195 2628 obscura
1214 2576 1300 2628 est
1318 2574 1520 2644 ﬁgura,
1541 2589 1754 2644 agnum

109 2665 555 2719 immaculatum
584 2681 712 2718 esse
738 2665 1029 2720 Christum
1052 2681 1066 2719 :
1090 2665 1258 2736 hujus
1279 2664 1750 2730 immolationem,

106 2755 175 2808 ad
223 2757 582 2810 servitutem
639 2757 824 2811 nostri
880 2756 1146 2810 interitus
1193 2754 1570 2810 liberandam.
1611 2757 1752 2810 Nam

105 2847 261 2917 signo
285 2848 490 2903 crucis
519 2847 650 2918 ejus
671 2847 836 2919 quasi
858 2848 1156 2918 sanguinis
1177 2847 1503 2917 aspersione
1524 2846 1750 2917 signati,

105 2955 274 3010 usque
316 2940 400 2994 ad
443 2939 1026 2995 consummationem
1065 2939 1288 3004 mundi,
1318 2955 1351 2992 a
1380 2938 1754 2994 vastatoribus

103 3031 320 3101 angelis
387 3031 851 3085 vindicabimur.
912 3031 1028 3084 Hoc
1083 3030 1333 3084 breviter
1395 3033 1452 3082 et
1517 3029 1752 3083 strictim

101 3120 300 3177 dixisse
348 3123 639 3189 sufﬁciat,
689 3126 752 3176 ut
787 3122 848 3176 id
891 3122 1047 3191 quod
1097 3137 1354 3192 quarere
1401 3120 1752 3191 propositum

1855 1935 2027 1989 etiam
2057 1935 2175 1989 dies
2208 1936 2490 1990 mensium
2520 1937 2714 1990 medii.
2746 1938 2822 1990 Ex
2850 1953 2885 1988 v
2913 1937 2992 1990 Id.
3017 1938 3176 1992 Febr.
3199 1939 3345 1992 veris
3369 1941 3456 1993 est

1853 2025 2138 2080 inchoatio
2163 2043 2176 2080 :
2203 2026 2259 2080 in
2289 2042 2326 2078 v
2343 2027 2424 2080 ld.
2452 2027 2609 2081 Mart.
2636 2027 2694 2080 in
2714 2043 2811 2080 vm
2832 2027 2952 2081 Kal.
2971 2029 3104 2098 Apr.
3129 2028 3454 2098 quindecim

1855 2116 1974 2171 dies
2002 2121 2149 2183 sunt,
2173 2117 2230 2171 id
2255 2120 2358 2184 est,
2381 2118 2660 2172 medietas
2685 2118 2932 2172 mensis:
2955 2117 3034 2172 ita
3054 2134 3198 2172 unus
3219 2121 3278 2173 et
3296 2118 3456 2174 dimi-

1853 2207 1977 2261 dius
2002 2207 2212 2262 mensis
2237 2208 2614 2280 subsequitur.
2651 2225 2748 2263 vm
2779 2209 2900 2263 Kal.
2941 2210 3073 2279 Apr.
3107 2209 3340 2280 aqualis
3370 2213 3458 2264 est

1851 2313 1962 2352 nox
2005 2301 2064 2352 et
2103 2298 2242 2365 dies,
2275 2299 2436 2353 sicuti
2479 2301 2694 2354 factum
2730 2299 2928 2354 mundi
2970 2298 3196 2354 initium
3222 2301 3454 2356 Genesis

1854 2389 2037 2456 docet,
2071 2388 2264 2443 dicens
2295 2406 2309 2444 :
2336 2393 2533 2444 Divisit
2558 2393 2699 2465 Deus
2733 2392 2881 2446 inter
2915 2391 3082 2445 lucem
3110 2395 3160 2445 et
3189 2392 3452 2454 tenebras,

1853 2485 1903 2534 et
1919 2481 2126 2535 vocavit
2145 2481 2311 2535 lucem
2326 2481 2484 2543 diem,
2503 2486 2554 2534 et
2581 2481 2824 2535 tenebras
2850 2483 3058 2536 vocavit
3073 2487 3275 2535 noctem
3290 2482 3450 2551 (Ibid.

1851 2571 1904 2636 4,
1932 2569 2003 2640 5).
2038 2569 2234 2625 Omnis
2271 2570 2426 2625 enim
2461 2570 2658 2626 divisio
2699 2569 3082 2642 aqualitatem
3124 2571 3316 2626 habet.
3347 2573 3450 2638 Ita,

1853 2663 1910 2718 in
1936 2679 2048 2734 quo
2077 2665 2462 2735 aqualitatem
2493 2664 2674 2718 noctis
2704 2667 2761 2718 et
2793 2663 2904 2718 diei
2933 2662 3269 2731 invenimus,
3296 2663 3354 2719 in
3381 2681 3450 2719 eo

1853 2753 2075 2808 initium
2105 2754 2304 2809 mundi
2332 2755 2699 2809 constitutum
2728 2753 3129 2825 intelligamus.

1919 2847 1982 2898 V.
2015 2845 2127 2900 Sed
2158 2862 2272 2900 non
2303 2845 2424 2900 sine
2455 2861 2624 2899 causa
2657 2845 2905 2916 majores
2944 2845 3122 2900 nostri
3158 2862 3328 2918 super
3350 2862 3448 2902 νηί

1851 2935 1972 2990 Kal.
2011 2937 2144 3006 Apr.
2187 2938 2300 2990 tres
2341 2935 2460 2990 dies
2506 2935 2868 3002 addiderunt,
2907 2938 2970 2990 ut
3009 2935 3255 3006 primum
3299 2936 3450 2993 diem

1851 3027 2049 3080 mundi
2094 3026 2431 3080 invenirent.
2479 3043 2517 3080 ιι
2561 3027 2683 3081 Kal.
2723 3029 2859 3097 Apr.
2897 3027 3145 3100 primum
3192 3043 3449 3083 mensem

1851 3117 2049 3171 mundi
2073 3119 2131 3172 et
2153 3117 2304 3171 diem
2325 3117 2571 3186 majores
2597 3117 2773 3172 nostri
2798 3117 3293 3174 existimaverunt:
3319 3118 3454 3190 quia

100 3217 201 3279 est,
233 3215 548 3270 rationem
587 3213 1030 3278 observationis,
1059 3215 1118 3266 et
1148 3213 1395 3277 Pascha,
1429 3215 1486 3265 et
1519 3211 1749 3277 mensis,
1772 3177 1826 3248 Ο
1852 3211 1982 3261 ante
2021 3224 2191 3278 quam
2232 3209 2314 3262 sol
2349 3208 2406 3262 in
2442 3208 2821 3279 principatum
2858 3209 3060 3263 mundi
3089 3209 3448 3274 conderetur,

98 3307 156 3357 et
169 3306 345 3372 luna,
366 3310 431 3359 et
450 3305 594 3371 diei,
613 3304 738 3358 sine
760 3304 1029 3359 molestia
1042 3303 1384 3374 multiloquii
1410 3302 1748 3372 aperiamus.

165 3400 252 3452 ιιι.
287 3398 632 3463 Quaesitum
673 3400 763 3450 est
800 3412 943 3466 ergo
980 3411 1014 3449 a
1048 3395 1363 3464 majoribus
1401 3393 1624 3460 nostris,
1665 3409 1750 3446 se-

95 3489 353 3544 cundum
388 3489 457 3544 id
496 3488 660 3559 quod
695 3486 973 3558 scriptum
1017 3489 1160 3551 erat,
1189 3486 1314 3556 quis
1356 3488 1504 3538 esset
1539 3485 1754 3555 primus

93 3579 235 3647 dies,
269 3585 332 3636 et
377 3582 447 3635 in
498 3596 619 3651 quo
661 3579 755 3632 die
787 3577 1014 3631 decima
1041 3579 1246 3647 quarta
1270 3577 1406 3630 luna
1434 3575 1755 3629 efﬁceretur

91 3671 312 3726 Pascha
348 3671 673 3726 celebrari.
709 3671 773 3722 In
812 3670 912 3723 illo
956 3668 1111 3721 enim
1145 3671 1403 3738 tempore
1438 3666 1495 3720 in
1522 3682 1633 3736 quo
1656 3667 1752 3719 Ju-

90 3761 230 3816 dais
272 3765 444 3818 facta
496 3761 742 3815 traditio
793 3762 900 3825 est,
948 3759 1195 3813 necdum
1238 3757 1450 3812 mensis
1489 3757 1561 3811 ad
1605 3757 1752 3810 luna

87 3869 327 3908 cursum
361 3851 806 3923 significatione
837 3849 1143 3904 nominum
1167 3848 1620 3918 computabatur.
1652 3848 1755 3900 Den

89 3944 174 3998 dit
205 3950 414 3999 autem
449 3944 570 3997 illis
595 3944 1032 4012 argumentum,
1060 3940 1185 4009 jam
1214 3940 1429 3993 calculo
1459 3940 1751 4008 computa-

87 4036 266 4090 tionis
301 4037 584 4100 invento,
619 4036 853 4102 tempus
893 4035 953 4085 et
985 4031 1108 4084 dies
1146 4029 1456 4100 passionis;
1486 4031 1548 4081 ut
1579 4044 1645 4083 ex
1684 4043 1752 4082 eo

87 4127 531 4198 intelligerent,
557 4139 738 4194 quem
768 4123 1022 4193 primum
1044 4136 1304 4174 mensem
1327 4119 1482 4184 anni,
1505 4122 1564 4171 et
1583 4133 1754 4188 quem

87 4219 355 4286 primum
402 4215 685 4286 ejusdem
731 4213 910 4279 diem,
940 4216 999 4266 et
1037 4211 1268 4282 quando
1306 4213 1570 4280 quartam
1600 4208 1752 4262 deci-

85 4325 240 4364 mam
278 4313 503 4364 lunam
532 4307 736 4377 [Edit.,
765 4307 976 4375 quarta
1000 4302 1224 4356 decima
1253 4301 1408 4369 luna]
1437 4300 1607 4354 fuisse
1633 4315 1750 4353 sus-

81 4401 381 4469 ciperent,
420 4403 488 4453 et
526 4414 713 4468 quare
759 4397 870 4450 hoc
913 4393 1251 4464 mysterium
1291 4392 1517 4446 Pascha
1555 4407 1750 4445 secun-

84 4492 221 4547 dum
252 4494 430 4547 diem
471 4493 534 4544 et
573 4489 777 4542 lunam
808 4485 1100 4541 observari
1132 4484 1388 4540 deberet.
1418 4483 1531 4536 Hoc
1561 4485 1751 4535 autem

84 4584 148 4636 in
192 4583 417 4655 primis
454 4575 897 4651 judicaverunt,
942 4592 1072 4631 cum
1121 4592 1226 4647 per
1274 4575 1526 4645 singulos
1573 4589 1754 4628 annos

85 4675 335 4740 Pascha,
374 4677 439 4727 et
470 4676 710 4741 tempus
749 4686 869 4724 non
908 4667 1244 4722 conveniret
1273 4665 1346 4721 ad
1374 4667 1570 4720 lunam
1596 4669 1656 4718 et
1683 4664 1756 4720 ad

87 4765 268 4832 diem,
319 4764 551 4820 melius
601 4777 727 4816 esse
776 4765 1007 4831 tempus
1054 4758 1381 4822 extendere,
1427 4773 1599 4826 quam
1641 4772 1755 4810 non

89 4859 292 4911 lunam
345 4855 642 4924 diemque
691 4852 967 4906 retinere.
1019 4849 1274 4904 Primum
1320 4847 1452 4917 quia
1497 4847 1622 4901 dua
1667 4862 1758 4899 res

84 4950 298 5015 justius
348 4945 793 5018 praberentur.
828 4941 1049 4996 Deinde
1095 4940 1229 5010 quia
1269 4940 1390 4993 hac
1432 4938 1760 4992 viderentur

93 5041 154 5092 in
181 5037 616 5095 observatione
641 5034 892 5106 potiora.

171 5131 246 5185 IV.
273 5128 664 5185 Definiamus
693 5125 873 5195 igitur
897 5123 1024 5194 quis
1047 5123 1268 5193 primus
1286 5120 1500 5174 mensis
1525 5119 1584 5173 in
1605 5134 1762 5172 men-

95 5224 242 5279 sibus
277 5223 468 5286 anni;
503 5219 724 5274 deinde
767 5217 896 5289 quis
935 5217 1156 5288 primus
1189 5215 1312 5284 ejus
1342 5213 1482 5268 dies.
1514 5213 1763 5267 Diximus

98 5332 230 5386 ergo
255 5314 706 5384 argumentum
728 5309 1000 5364 habuisse
1021 5307 1272 5376 majores
1292 5309 1515 5359 nostros
1538 5321 1604 5358 ex
1622 5307 1764 5358 tem-

101 5423 236 5475 pore
279 5402 590 5478 passionis
627 5405 688 5455 et
730 5397 1172 5454 resurrectionis
1209 5395 1456 5474 Domini.
1494 5395 1762 5449 Resurre-

179 5517 203 5546 ⁸
229 5516 381 5586 Lege
412 5525 566 5586 qua,
597 5509 872 5586 respectu
901 5504 1208 5586 habito_ad
1237 5503 1374 5558 illud
1403 5505 1547 5586 uita,
1659 5505 1762 5586 est,

111 5575 339 5651 Christi:
363 5575 442 5639 ut
461 5575 722 5652 ipsemet
752 5578 830 5652 d__e
858 5591 919 5628 se
945 5575 1028 5629 ait
1048 5577 1202 5652 :“Ego
1225 5588 1345 5652 sum
1365 5575 1695 5652 υῇαηρενίιᾳε
1716 5575 1766 5625 et

109 5659 232 5711 sita.
262 5643 408 5720 Qua
443 5643 694 5724 quidem
737 5647 864 5724 vita
903 5646 1103 5724 ereavit
1126 5645 1327 5724 omnia,
1356 5645 1419 5695 ut
1442 5643 1522 5724 a_it
1547 5643 1764 5724 auctor,

115 5713 332 5782 terreni:
349 5713 761 5782 σονὸοναῆινω.
784 5715 934 5770 Nam
950 5715 1127 5767 omnia
1142 5727 1246 5782 per
1260 5713 1435 5782 ipsum
1449 5713 1600 5776 facta
1618 5713 1762 5782 sunt.

117 5777 682 5871 Absurdu'm‘quippe
714 5786 800 5842 de
826 5785 1030 5853 spiritu
1048 5777 1167 5837 hac
1193 5777 1530 5852 intelligere,
1555 5777 1648 5849 qui
1675 5793 1769 5834 au-

1850 3298 2100 3352 triduum
2129 3302 2261 3352 ante
2295 3301 2677 3368 pracesserat.
2702 3299 2898 3354 Refert
2929 3300 3160 3355 Genesis
3180 3300 3339 3371 (Ibid.
3365 3302 3448 3366 l6,

1855 3392 1938 3462 19)
1965 3394 2166 3462 quarta
2194 3392 2285 3446 die
2319 3392 2468 3446 facta
2496 3391 2799 3447 luminaria
2828 3393 2959 3448 solis
2985 3396 3042 3448 et
3064 3394 3212 3449 luna
3241 3410 3256 3448 :
3283 3409 3450 3465 prop-

1852 3486 2008 3536 terea
2022 3483 2340 3537 invenimus
2354 3483 2638 3538 Christum
2654 3499 2750 3537 vm
2767 3484 2889 3538 Kal.
2906 3486 3039 3555 Apr.
3058 3485 3444 3539 resurrexisse.

1850 3575 2056 3628 Verum
2075 3588 2128 3628 ιι
2154 3574 2276 3628 Kal.
2301 3573 2371 3627 de
2400 3575 2614 3630 Pascha
2642 3589 2772 3629 cum
2801 3573 3086 3646 discipulis
3113 3575 3408 3630 inchoasse
3432 3591 3446 3629 :

1853 3681 1964 3735 quo
2005 3664 2095 3718 die
2139 3665 2387 3735 primum
2419 3665 2672 3734 subjecta
2703 3666 2892 3720 fuerat
2917 3669 3175 3720 creatura
3199 3665 3447 3720 servituti

1851 3771 1984 3822 sua,
2017 3771 2188 3825 quam
2226 3771 2330 3825 per
2371 3756 2691 3825 passionem
2732 3771 2893 3810 suam
2918 3758 3154 3810 venerat
3185 3755 3446 3811 liberare.

1851 3846 2012 3900 Diem
2037 3849 2228 3900 autem
2252 3845 2626 3913 Dominicam,
2648 3847 2892 3918 primam
2914 3846 3066 3901 diem
3086 3862 3208 3901 esse
3228 3845 3470 3912 mundi,.

1852 3936 2096 3991 dubitari
2135 3953 2251 3992 non
2291 3940 2510 4007 potest;
2551 3938 2684 4008 quia
2726 3937 2862 3991 dicit
2896 3937 3184 4009 Scriptura
3209 3937 3359 4008 (Gen.
3389 3953 3449 4002 ιι,

1851 4032 1903 4095 2,
1936 4029 2009 4097 3),
2040 4027 2371 4097 sex,diebus
2399 4030 2612 4084 factum
2651 4044 2772 4084 esse
2798 4029 3096 4095 mundum,
3129 4032 3187 4083 et
3213 4028 3453 4100 septima

1853 4119 1945 4173 die
1973 4119 2316 4190 requievisse
2347 4121 2526 4173 Deum
2553 4135 2566 4173 :
2601 4135 2773 4190 quam
2804 4119 3105 4190 septimam
3135 4120 3288 4174 diem
3318 4119 3453 4176 Sab—

1850 4210 2048 4263 batum
2091 4210 2410 4280 appellavit.
2461 4210 2621 4264 Unde
2666 4213 2752 4265 est
2791 4210 3158 4265 manifestum
3206 4210 3452 4281 primam

1851 4300 2004 4353 diem
2032 4301 2231 4354 mundi
2269 4300 2624 4356 Dominicam
2663 4301 2834 4355 fuisse
2866 4317 2880 4355 :
2915 4303 2974 4354 et
2999 4302 3228 4371 plenam
3257 4301 3451 4356 lunam

1852 4392 2061 4445 factam
2102 4391 2489 4462 intelligimus,
2522 4391 2656 4462 quia
2699 4392 2849 4446 facta
2887 4395 2974 4446 est
3004 4391 3062 4445 in
3089 4391 3453 4446 inchoatione

1853 4482 2033 4537 noctis
2071 4487 2130 4536 et
2169 4481 2533 4553 principatus.
2563 4482 2675 4537 Sed
2703 4483 2810 4536 hoc
2839 4481 3002 4535 sicuti
3030 4482 3454 4552 computatione

1855 4573 2188 4639 ostenditur,
2215 4589 2547 4643 percurrere
2581 4573 2686 4627 sibi
2715 4589 2818 4642 per
2855 4571 3107 4643 singulos
3132 4587 3314 4628 annos
3338 4587 3454 4629 non

1854 4667 2058 4735 potest,
2091 4664 2302 4718 scilicet
2340 4681 2393 4718 xx
2431 4665 2554 4718 Kal.
2584 4665 2718 4734 Apr.
2761 4662 2871 4730 die,
2901 4679 3128 4734 semper
3161 4665 3220 4717 et
3255 4667 3458 4734 quarta

1856 4755 2076 4810 decima
2100 4756 2234 4808 luna
2263 4755 2352 4808 die
2380 4754 2673 4810 Dominica
2696 4753 3033 4808 inveniatur.
3063 4754 3334 4825 Sequenti
3364 4771 3459 4809 au-

1855 4849 1973 4900 tem
1995 4862 2145 4900 anno
2164 4862 2218 4900 x1
2240 4847 2362 4900 Kal.
2379 4848 2512 4917 Apr.
2532 4845 2816 4900 invenitur
2831 4846 2966 4898 luna
2981 4844 3245 4899 vicesima
3261 4845 3459 4914 quinta

1859 4940 1916 4990 et
1951 4937 2094 4990 feria
2129 4937 2394 4991 secunda.
2433 4939 2627 5006 Itaque
2657 4952 2786 4989 cum
2825 4935 2950 4989 dua
2981 4950 3088 5001 res,
3123 4937 3181 4988 et
3226 4935 3360 4988 luna
3401 4937 3460 4987 et

1859 5026 1998 5092 dies,
2027 5029 2388 5081 commutata
2413 5026 2792 5091 inveniantur,
2814 5028 2966 5079 recte
2987 5039 3040 5078 χι
3062 5024 3184 5078 Kal.
3207 5025 3341 5095 Apr.
3364 5040 3460 5079 na-

1859 5117 1986 5170 talis
2015 5117 2212 5171 mundi
2240 5117 2525 5172 observari
2551 5116 2701 5170 visus
2727 5119 2828 5170 est.

1930 5209 2015 5261 Vl.
2044 5210 2236 5278 Itaque
2279 5208 2526 5278 majores
2568 5205 2746 5262 nostri
2776 5205 3174 5276 judicaverunt
3204 5221 3460 5261 mensem

1861 5298 2149 5368 integrum
2180 5314 2300 5352 esse
2330 5297 2744 5352 observandum
2774 5297 2846 5350 ad
2882 5297 3132 5350 natalem
3161 5296 3380 5363 mundi,
3407 5300 3464 5351 et

1860 5388 2076 5444 Pascha
2112 5388 2537 5456 celebrandum,
2573 5388 2634 5443 in
2672 5402 3010 5458 quacunque
3043 5389 3204 5458 parte
3245 5387 3365 5457 ejus
3405 5390 3466 5440 et

1862 5497 2004 5553 ctori
2029 5497 2221 5552 statim
2247 5497 2452 5553 dicitur
2479 5498 2749 5565 subjectus
2773 5499 2831 5550 in
2860 5512 2976 5551 eam
2995 5511 3161 5566 spem,
3183 5500 3244 5549 ut
3266 5495 3332 5550 de
3355 5511 3464 5550 oor-

1861 5568 2088 5690 ruptﬁ‘la
2108 5570 2334 5624 interitu
2494 5568 2765 5622 liberetur.
3219 5633 3230 5644 .

2035 5640 2178 5690 orte.
2206 5653 2274 5690 ea:
2294 5653 2417 5690 auo.
2446 5637 2582 5690 Qua
2607 5638 2920 5690 sequuntur
2950 5650 3154 5690 manca
3181 5650 3230 5688 v1

2035 5640 2178 5705 orte,
2206 5653 2274 5693 ea:
2294 5653 2417 5708 quo.
2446 5637 2582 5702 Qua
2607 5638 2920 5708 sequuntur
2950 5650 3154 5690 manca
3181 5635 3457 5689 videntur.

1933 5717 1956 5747 α
1977 5707 2091 5762 Vox
2121 5705 2323 5764 terreni
2351 5705 2546 5762 deesse
2571 5705 2809 5760 videtur.
