3968 6434
537 361 594 416 5t
1559 359 1616 416 Β.
1659 360 1934 418 MARTlNl
1972 360 2326 418 DUMIENSIS
2365 361 2542 416 VARI!
2579 360 2852 416 VERSUS.
3843 363 3908 413 52

537 465 654 524 dies
694 468 753 524 et
791 467 930 524 luna
975 469 1397 525 concurrerent.
1451 467 1643 539 Neque
1686 467 1840 523 enim
1887 467 1994 522 hoc
2039 467 2158 524 sine
2181 485 2238 558 Α
2260 467 2414 523 enim
2437 467 2606 523 rediit
2637 465 2828 540 [Ρονίρ³
2861 465 3050 540 redit],
3078 470 3135 524 et
3177 465 3352 524 ﬁnem
3387 465 3607 522 dierum
3632 469 3908 523 renovat.

537 559 837 634 Scriptura;
861 563 1211 618 auctoritate.
1248 563 1341 617 Ait
1373 561 1526 620 enim
1563 563 1772 632 Moyses
1804 577 1818 615 :
1845 563 2038 617 Mensis
2073 563 2158 616 hic

535 655 682 710 robis
715 657 934 711 init-ium
971 659 1230 711 mensium
1264 660 1340 710 est
1367 673 1384 709 :
1408 658 1622 725 primus
1661 657 1763 709 erit
1803 657 1859 708 in
1893 655 2158 710 mensibus

534 748 900 815 anni-(Earod.
945 765 1042 816 xu,
1081 750 1156 819 2).
1193 751 1313 813 Quo
1350 749 1520 803 verbo
1562 752 1742 803 totum
1792 763 2045 801 mensem
2086 747 2158 801 ad

531 839 732 894 natalis
767 841 969 896 mundi
1005 841 1156 896 diem
1191 841 1551 896 consecravit.
1580 841 1658 894 Ita
1699 841 1938 910 majores
1979 839 2156 894 nostri

531 931 630 1002 qui
669 948 724 986 χι
765 933 884 987 Kal.
927 937 1060 1004 Apr.
1109 933 1196 987 die
1249 934 1492 988 natalem
1541 932 1742 987 mundi
1795 933 2154 1000 invenerunt,

529 1038 786 1080 mensem
814 1025 1065 1097 primum
1103 1026 1505 1082 constituentes
1541 1025 1598 1080 in
1628 1041 1682 1080 ιι
1722 1025 1839 1080 Kal.
1867 1025 2029 1079 Maias
2056 1025 2156 1078 de-

530 1116 802 1173 ﬁnierunt
855 1118 940 1174 Sic
966 1119 1176 1174 Pascha
1209 1135 1322 1172 nec
1341 1122 1469 1172 ante
1498 1135 1548 1172 χι
1581 1119 1700 1173 Kal.
1737 1120 1872 1188 Apr.
1901 1135 2005 1172 nec
2033 1121 2159 1188 post

530 1219 599 1265 xI.
643 1210 762 1265 Kal.
813 1211 978 1266 Maias
1027 1211 1308 1266 celebrare
1357 1210 1562 1265 licebit.
1609 1211 1716 1266 Sed
1765 1227 1896 1264 cum
1943 1210 2003 1264 in
2049 1209 2157 1263 hoc

528 1317 719 1356 mense
762 1307 818 1358 et
855 1303 988 1357 luna
1036 1307 1092 1358 et
1139 1303 1260 1358 dies
1307 1302 1712 1369 convenissent,
1765 1302 1903 1356 luna
1947 1301 2158 1356 scilicet

536 1394 750 1449 decima
779 1400 977 1466 quarta
1018 1400 1075 1450 et
1109 1395 1226 1451 dies
1261 1395 1566 1462 Dominica,
1594 1401 1727 1449 tunc
1769 1394 1978 1448 Pascha
2007 1393 2152 1447 cele-

528 1485 808 1542 braretur.
836 1487 978 1542 Sane
1018 1487 1151 1559 quia
1184 1505 1380 1541 rursus
1410 1487 1736 1558 frequenter
1777 1487 1909 1540 luna
1941 1485 2156 1540 decima

530 1583 727 1650 quarta
743 1595 872 1634 cum
891 1579 1179 1634 Dominica
1197 1579 1286 1634 die
1306 1583 1684 1647 concurreret,
1711 1578 1940 1632 extendi
1961 1577 2154 1631 lunam

530 1675 746 1742 septem
769 1671 888 1726 dies
913 1671 1257 1740 maluerunt,
1285 1671 1592 1726 dummodo
1627 1671 1776 1725 diem
1807 1669 2154 1724 Dominicam

2260 561 2387 616 Haec
2414 561 2593 631 magis
2627 565 2795 616 erunt
2829 561 2889 615 in
2929 562 3132 616 natalis
3166 561 3377 630 latitia,
3420 567 3476 616 et
3509 561 3570 618 in
3615 565 3910 616 creatura:

2256 653 2584 708 liberatione
2610 654 2899 720 servanda,
2927 653 3174 710 maxime
3205 671 3335 709 cum
3358 654 3507 709 intra
3532 653 3713 726 primi
3743 669 3913 709 men-

2257 746 2332 799 sis
2357 746 2628 800 terminos
2651 747 2988 801 retinentur.
3019 748 3266 802 Rursum
3295 747 3569 818 majorem
3603 746 3722 802 diei
3763 746 3908 800 reli—

2260 837 2506 908 gionem,
2553 855 2725 909 quam
2763 839 2917 893 lunae
2959 839 3237 896 dicerunt.
3291 841 3575 894 Decimam
3627 844 3909 911 quartam

2258 929 2410 984 enim
2431 930 2625 984 lunam
2640 932 2992 1002 egredimur;
3013 933 3162 987 diem
3181 937 3373 988 autem
3396 950 3695 1004 nunquam
3728 948 3908 1004 egre-

2257 1021 2465 1092 dimur,
2508 1023 2640 1094 quia
2689 1029 2805 1078 tota
2847 1024 2996 1079 salus
3040 1030 3124 1080 est
3173 1025 3233 1080 in
3287 1027 3702 1082 resurrectione
3761 1025 3902 1081 dici.

2256 1115 2384 1168 Dies
2425 1120 2614 1170 autem
2661 1117 2949 1170 Dominica
2995 1123 3051 1172 et
3091 1118 3320 1173 initium
3346 1119 3568 1174 dierum
3611 1121 3799 1176 habet
3851 1123 3910 1174 et

2257 1209 2756 1277 resurrectionem;
2800 1215 3029 1281 propter
3057 1212 3208 1282 quod
3246 1212 3304 1266 in
3338 1213 3459 1284 ipsa
3498 1215 3775 1270 dominus
3821 1231 3910 1269 re-

2257 1299 2532 1368 surrexit;
2573 1301 2709 1355 luna
2745 1318 2895 1371 vero,
2934 1302 3063 1357 licet
3096 1319 3275 1374 usque
3306 1305 3376 1359 ad
3415 1306 3750 1362 vicesimam
3792 1308 3911 1379 pri-

2256 1408 2408 1446 mam
2441 1397 2657 1463 partem
2699 1398 2987 1448 extensum
3031 1393 3135 1465 [An
3186 1397 3497 1470 extensa?],
3552 1416 3671 1453 non
3717 1404 3908 1454 totam

2256 1485 2502 1556 complet
2532 1490 2753 1540 noctem
2783 1505 2796 1541 :
2829 1487 3144 1557 plurimum
3167 1493 3356 1544 tamen
3384 1491 3563 1545 noctis
3583 1478 3908 1557 illuminat,

2255 1581 2311 1630 et
2338 1581 2462 1646 post
2491 1594 2548 1632 se
2575 1578 2805 1648 quidem
2831 1579 3096 1650 relinquit
3127 1581 3404 1651 tenebras,
3433 1585 3530 1638 sed
3554 1601 3650 1638 eas
3677 1602 3816 1656 quae
3844 1586 3906 1639 in

2253 1673 2382 1723 ante
2407 1674 2538 1724 sunt
2567 1676 2796 1740 superat
2825 1689 2838 1724 :
2873 1672 2931 1725 in
2957 1689 3070 1742 quo
3090 1673 3330 1744 majores
3357 1677 3532 1730 nostri
3560 1678 3908 1732 maluerunt

527 1764 586 1818 in
623 1764 1048 1818 resurrectionis
1090 1763 1284 1818 ltetitia
1318 1763 1648 1818 retinerent.
1691 1764 1770 1816 lta
1805 1761 2032 1833 quando
2071 1762 2157 1815 sic
2259 1777 2432 1830 usque
2470 1762 2540 1814 ad
2567 1763 2929 1816 vicesimamll
2956 1781 3126 1834 quam
3153 1772 3280 1820 ante
3309 1768 3589 1823 decimam
3623 1776 3906 1841 quartam

529 1857 647 1912 dies
689 1857 906 1911 venerit
951 1873 1132 1927 usque
1166 1857 1238 1910 ad
1288 1855 1612 1910 vicesimam
1647 1854 1903 1925 primam
1935 1853 2148 1922 lunam,
2175 1855 2230 1925 Β
2256 1855 2459 1908 Pascha
2484 1855 2774 1909 celebrari.
2803 1857 2942 1920 Quia
2971 1858 3287 1928 relinquere
3327 1862 3587 1916 tenebras
3617 1870 3754 1932 post
3789 1870 3902 1918 ter-

527 1953 760 2020 propter
783 1948 1132 2002 Dominicam
1161 1947 1312 2002 diem
1339 1947 1548 2001 Pascha
1573 1946 1887 2001 differimus
1911 1962 2154 2016 semper,
2257 1963 2394 2017 gum
2433 1947 2633 2001 melius
2677 1953 2778 2014 est,
2808 1965 2979 2018 quam
3015 1953 3406 2006 antecedentes
3435 1971 3549 2008 non
3585 1973 3757 2026 posse
3804 1975 3902 2011 su-

526 2047 722 2096 utnec
751 2045 882 2095 ante
908 2057 962 2095 x1
988 2035 1107 2096 Kal.
1135 2042 1271 2110 Apr.
1305 2056 1407 2094 nec
1447 2043 1570 2110 post
1605 2055 1661 2093 ιι
1703 2039 1821 2092 Kal.
1861 2037 2027 2091 Maias
2061 2054 2156 2092 ce-
2255 2055 2471 2108 perare.
2508 2041 2696 2110 Itaque
2738 2041 2840 2094 hac
2871 2058 3092 2095 summa
3130 2050 3185 2096 et
3220 2045 3322 2098 hac
3349 2048 3736 2117 conclusione,
3770 2067 3904 2120 quae

526 2133 778 2187 labretur
807 2149 822 2186 ε
851 2132 927 2186 sic
946 2133 1240 2186 inventum
1261 2137 1363 2200 est,
1387 2135 1451 2184 ut
1475 2129 1683 2185 mensis
1709 2135 1764 2184 et
1791 2129 1910 2184 dies
1940 2135 1996 2184 et
2020 2129 2155 2184 luna
2249 2147 2282 2182 a
2309 2131 2616 2201 majoribus
2643 2133 2987 2188 constituum
3019 2141 3100 2188 est
3131 2135 3176 2204 δ,
3206 2138 3413 2191 Pascha
3439 2156 3624 2210 neque
3655 2147 3799 2196 ante
3843 2160 3902 2196 χι

528 2224 587 2280 in
605 2225 988 2280 celebratione
1014 2224 1238 2278 Pascha:
1263 2223 1622 2278 retineretur.

549 2319 718 2378 μνη..
745 2317 1058 2372 Prudenter
1099 2317 1278 2387 igitur
1317 2315 1497 2386 magis
1538 2315 1608 2369 ad
1650 2315 1848 2368 lunam
1887 2320 1943 2369 et
1981 2315 2152 2382 diem,

527 2426 699 2482 quam
725 2409 796 2463 ad
823 2425 874 2463 XI
904 2409 1019 2464 Kal.
1042 2411 1177 2479 Apr.
1197 2409 1268 2464 ad
1299 2408 1544 2466 natalem
1573 2407 1772 2461 mundi
1803 2407 2150 2478 redigemur.

527 2503 684 2570 Luna
721 2501 873 2557 enim
913 2501 1096 2572 prima
1136 2506 1280 2556 totas
1321 2501 1498 2554 noctis
1543 2499 1822 2554 illuminat
1869 2501 2149 2570 tenebras,

527 2601 588 2664 et
601 2593 889 2650 Dominica
915 2594 1033 2649 dies
1057 2593 1392 2648 resurrectio
1419 2596 1503 2647 est
1529 2591 1751 2646 dierum
1783 2611 1797 2646 :
1829 2592 1900 2646 ad
1925 2592 2153 2648 initium

595 2750 622 2793 -'
647 2751 727 2805 Ex
753 2752 916 2803 antea
943 2748 1104 2803 dictis
1133 2747 1561 2804 rescribendum
1586 2748 1826 2817 videtur,
1857 2748 1932 2803 ad
1962 2751 2150 2803 vicesi-

526 2858 671 2914 mam
689 2843 948 2913 primum.

2256 2224 2375 2278 Kal.
2422 2227 2556 2294 Apr.
2597 2241 2700 2278 nec
2743 2231 2867 2295 post
2905 2243 2960 2279 XI
3007 2228 3125 2282 Kal.
3168 2229 3331 2283 Maias
3376 2249 3534 2301 posse
3588 2235 3899 2290 celebrari.

2252 2317 2424 2386 Cujus
2463 2317 2673 2386 pinacis
2713 2319 3086 2372 constituendi
3124 2337 3249 2390 qua:
3275 2322 3446 2378 fuerit
3483 2325 3648 2390 ratio,
3681 2327 3746 2380 in
3787 2345 3902 2397 quo

2252 2409 2606 2462 mediocritas
2626 2410 2830 2478 potuit,
2853 2413 3132 2467 ediximus
3161 2431 3174 2468 :
3207 2432 3307 2484 per
3325 2416 3562 2484 gratiam
3585 2418 3904 2474 Salvatoris

2250 2500 2427 2554 nostri
2455 2502 2584 2555 Jesu
2610 2502 2834 2572 Christi,
2866 2504 2956 2558 cui
2983 2510 3066 2559 est
3097 2507 3279 2560 honor
3307 2513 3361 2561 et
3392 2509 3567 2578 gloria
3603 2511 3667 2563 in
3706 2529 3894 2566 saecu-

2253 2592 2340 2661 lis,
2364 2598 2420 2648 et
2443 2592 2502 2647 in
2533 2594 2736 2647 saecula
2766 2597 3120 2652 saeculorum.
3145 2601 3343 2655 Amen.

2321 2747 2349 2787 ιι
2376 2750 2485 2802 Aut
2509 2749 2814 2804 delendum
2845 2751 3141 2806 relativum
3165 2771 3302 2822 φίας,
3333 2760 3429 2809 aut
3457 2757 3902 2814 rescribendum

2251 2844 2536 2896 constituta
2565 2847 2658 2898 est.
2689 2843 2846 2906 Quod
2872 2847 3060 2898 tamen
3088 2847 3366 2916 posterius
3395 2847 3584 2902 minus
3603 2851 3825 2920 placet.

2127 3009 2510 3016 ———____

742 3181 840 3265 B.
932 3181 1404 3266 MARTINI
1503 3180 2112 3265 DUMIENSIS
2209 3181 2719 3265 EPISCOPI
2806 3182 3112 3266 VARII
3199 3185 3669 3274 VERSUS.

1081 3353 1177 3405 IN
1215 3354 1630 3406 BASILIGA.

618 3461 628 3468 '
668 3448 797 3500 Post
821 3448 1208 3519 evangelicum
1236 3448 1440 3502 bisseni
1469 3449 1674 3518 dogma
1702 3453 1946 3515 senatus,

579 3541 753 3604 'Quod
779 3554 1021 3612 regnum
1049 3541 1251 3596 Christi
1281 3545 1396 3594 toto
1415 3541 1536 3612 jam
1564 3545 1826 3611 personat
1851 3540 2006 3606 orbe,

597 3634 836 3704 Postque
862 3650 1082 3688 sacrum
1111 3634 1265 3688 Pauli
1296 3635 1503 3704 stylum
1531 3650 1645 3704 quo
1669 3633 1826 3688 curia
1856 3632 2055 3686 mundi

597 3727 748 3780 Victa
773 3741 902 3780 suos
927 3727 1154 3781 tandem
1179 3727 1396 3796 stupuit
1421 3726 1638 3780 siluisse
1664 3725 1962 3796 sophistas.

595 3822 846 3886 Arctous,
878 3819 1128 3884 Martiae,
1156 3819 1260 3873 tibi
1286 3819 1345 3873 in
1373 3823 1624 3873 extrema
1653 3835 1902 3872 recessus

571 3895 884 3979 Panditur,
907 3911 1078 3982 inque
1104 3912 1193 3964 via
1217 3910 1348 3965 ﬁdei
1375 3916 1528 3982 patet
1551 3911 1697 3964 invia
1722 3912 1906 3964 tellus.

569 4004 878 4057 "Virtutum
904 4003 1100 4073 signis,
1129 4003 1466 4056 meritorum
1492 4007 1547 4058 et
1574 4003 1738 4058 laude
1767 4009 2014 4070 tuorum,

550 4095 811 4149 "Excitat
837 4093 1098 4148 affectum
1128 4094 1332 4148 Christi
1357 4094 1650 4149 Germania
1677 4095 1913 4165 frigens,

595 4187 817 4257 Flagrat
833 4190 889 4240 et
909 4203 1138 4240 accenso
1167 4186 1342 4240 divini
1367 4186 1609 4258 Spiritus
1637 4187 1787 4257 igne,

593 4279 765 4334 Solvit
787 4279 857 4333 ab
883 4279 1102 4333 infenso
1121 4279 1339 4333 strictas
1363 4279 1639 4349 Aquilone
1665 4280 1917 4349 pruinas.

589 4373 891 4440 immanes,
921 4372 1214 4442 variasque
1239 4371 1336 4441 pio
1360 4371 1464 4425 sub
1490 4371 1698 4426 fmdere
1724 4372 1929 4426 Christi

592 4464 824 4518 Asciscis
851 4469 1066 4534 gentes.
1091 4465 1455 4528 Alamannus,
1484 4464 1645 4533 Saxo,
1675 4464 1972 4535 Toringus,

549 4557 930 4624 "Pannonios,
961 4558 1178 4627 Rugus,
1203 4556 1447 4622 Sclavus,
1471 4557 1631 4625 Nara,
1653 4557 1924 4627 Sarmata,
1957 4559 2139 4626 Datus,

587 4650 975 4722 Ostrogothus,
998 4649 1262 4716 Francus,
1296 4650 1644 4719 Burgundio,
1676 4650 1868 4718 Dacus,
1911 4651 2139 4720 Alanus,

2159 3351 2227 3441 Ὀ
2323 3356 2596 3422 Electum,
2626 3357 3035 3428 propriumque
3063 3361 3215 3413 tenet
3241 3365 3294 3414 te
3321 3361 3488 3415 Gallia
3518 3365 3786 3432 gaudens

2321 3449 2624 3516 Pastorem,
2653 3453 2838 3502 teneat
2865 3449 3118 3504 Callaecia
3144 3455 3256 3506 tota
3282 3458 3608 3522 patronum.

2500 3575 2882 3625 EIUSDEM
2932 3577 3026 3626 IN
3085 3578 3627 3633 REFECTORIO.

2321 3677 2438 3730 Non
2469 3677 2558 3731 hic
2583 3680 2790 3734 auratis
2813 3685 3084 3734 ornantur
3112 3683 3340 3752 prandia
3366 3685 3554 3740 fulcris
3585 3705 3598 3740 :

2393 3772 2648 3841 Assyrius
2673 3789 2872 3827 murex
2899 3790 3000 3827 nec
3029 3774 3129 3828 tibi
3157 3775 3338 3846 sigma
3364 3777 3536 3832 dedit.

2322 3865 2428 3917 Nec
2455 3881 2556 3934 per
2583 3865 2924 3936 multiplices
2949 3866 3118 3920 abaco
3139 3869 3465 3937 splendente
3495 3889 3798 3948 cavernas,

2391 3958 2676 4010 Ponentur
2706 3957 2896 4011 nitidae
2925 3958 3126 4011 codicis
3155 3964 3272 4014 arte
3303 3961 3492 4032 dapes.

2321 4050 2427 4102 Nec
2454 4050 2694 4119 scyphus
2721 4050 2811 4104 hic
2839 4051 3064 4104 dabitur
3088 4053 3260 4106 rutilo
3289 4055 3378 4108 cui
3405 4056 3548 4112 forte
3577 4065 3824 4120 metallo

2389 4142 2708 4196 Crustatum
2735 4143 2973 4214 stringat
2998 4145 3197 4198 tortilis
3221 4163 3354 4211 ansa
3384 4148 3546 4204 latus.

2318 4233 2452 4286 Vina
2477 4233 2618 4286 mihi
2648 4251 2758 4288 non
2791 4239 2920 4288 sunt
2947 4236 3212 4306 Gazetica,
3242 4239 3398 4309 Chia,
3429 4241 3683 4310 Falerna,

2384 4327 2630 4396 Quaeque
2661 4327 2968 4398 Sarepteno
2997 4329 3228 4399 palmite
3257 4332 3425 4386 missa
3453 4334 3634 4390 bibas.

2316 4419 2419 4472 Sed
2449 4419 2726 4489 quidquid
2757 4420 2940 4474 tenuis
2965 4437 3078 4475 non
3106 4425 3350 4494 complet
3378 4427 3534 4497 copia
3561 4446 3816 4504 mensae,

2383 4512 2650 4584 Suppleat
2675 4511 2780 4565 hoc
2807 4513 3048 4582 petimus
3079 4515 3258 4585 gratia
3279 4519 3445 4588 plena
3473 4521 3596 4576 tibi.

2551 4642 3087 4696 EPITAPHIUU
3140 4647 3231 4698 ΕΙ
3239 4649 3545 4703 ΠΒΠΕΠ.

587 4747 661 4799 Te
691 4744 832 4817 duce
859 4758 1020 4796 nosse
1047 4743 1226 4796 Deum
1257 4742 1524 4812 gaudent.
1551 4743 1663 4796 Tua
1693 4743 1851 4814 signa
1880 4743 2091 4798 Suevus
2161 4731 2219 4802 D
2274 4735 2282 4743 ’
2312 4745 2616 4799 Pannoniis
2643 4747 2886 4817 genitus,
2921 4751 3324 4806 transcendens
3350 4769 3562 4824 equora
3589 4765 3776 4831 vasta,

586 4836 883 4891 Admirans
912 4833 1105 4888 didicit
1129 4833 1260 4888 ﬁdei
1289 4850 1402 4904 quo
1431 4835 1654 4889 tramite
1679 4840 1897 4906 pergat,

586 4931 938 4998 Devotusque
963 4926 1074 4980 tuis
1100 4925 1317 4980 meritis
1348 4927 1468 4980 haec
1496 4927 1636 4981 atria
1660 4927 1811 4981 claro

584 5021 844 5076 Culmine
871 5020 1190 5084 sustollens,
1219 5019 1423 5073 Christi
1453 5020 1766 5074 venerabile
1790 5021 2067 5090 templum

585 5112 904 5178 Constituit,
932 5129 1046 5183 quo
1070 5113 1216 5166 clara
1242 5111 1455 5182 vigens,
1488 5111 1719 5166 Martiae
1750 5116 1978 5166 tuorum

585 5205 771 5259 Gratia
795 5204 1087 5275 signorum
1116 5205 1253 5256 votis
1281 5210 1332 5258 te
1358 5205 1548 5258 adesse
1575 5209 1854 5275 precatur.

2314 4837 2556 4890 Galliciaa
2582 4837 2642 4892 in
2671 4841 2952 4909 gremium
2983 4841 3186 4896 divinis
3215 4845 3448 4900 nutibus
3475 4854 3654 4918 actus,

2311 4930 2622 4997 Confessor,
2651 4932 2901 5000 Martiae,
2935 4938 3030 4987 tua
3049 4935 3152 4988 hac
3182 4935 3398 4991 dicatus
3421 4939 3445 4968 '
3471 4939 3532 4994 in
3561 4944 3693 4998 aula

2309 5023 2568 5090 Antistes,
2599 5023 2814 5078 cultum
2849 5025 3092 5081 instituit
3114 5027 3402 5100 ritumque
3432 5048 3727 5093 sacrorum
3756 5060 3772 5107 ;

2305 5115 2512 5184 Teque,
2541 5121 2796 5186 patrone,
2826 5133 3064 5187 sequens
3091 5120 3340 5176 tumulus
3367 5125 3636 5182 Martinus
3667 5136 3882 5191 eodem

2305 5207 2558 5275 Nomine,
2597 5225 2709 5261 non
2740 5211 2962 5278 merito,
2991 5211 3082 5266 hic
3119 5213 3178 5267 in
3203 5214 3408 5270 Christi
3445 5234 3580 5288 pace
3617 5226 3878 5294 quiesco.

585 5354 596 5376 ’
630 5353 716 5408 Sic
752 5353 1102 5408 Bollandiani
1133 5356 1251 5407 Act.
1287 5357 1464 5408 sanet.
1497 5353 1717 5416 Martini
1753 5357 1889 5408 tom.
1923 5356 2010 5419 ιιι,
2039 5371 2170 5425 pag.
2206 5357 2292 5421 89,
2325 5373 2480 5410 num.
2522 5360 2600 5411 t3.
2629 5359 2737 5424 AL,
2766 5359 2998 5415 dicatur.
