3968 6428
149 413 3457 479 W

1451 605 1615 652 ANNO
1661 606 1872 655 DOMlNl
1902 607 2159 655 DLXXVI.

444 633 3136 1003 sANCTUchEaMANUS

1032 1126 1786 1234 PARISIENSIS
1863 1133 2566 1297 EPISCOPUS.

1577 1509 2018 1584 NOTITIA

1449 1641 1554 1711 (Ea:
1590 1641 1768 1697 Gallia
1806 1645 2151 1716 christiana).

1588 1773 2004 1786 —-———_

192 1854 245 1909 ln
271 1870 416 1926 pago
440 1854 746 1924 Eduensi,
765 1855 889 1910 vico
913 1855 1132 1925 Lausia,
1156 1857 1477 1912 Eleutherio
1503 1861 1560 1912 et
1585 1859 1750 1912 Euse—
1771 1872 1827 1942 Α
1850 1863 1978 1916 Dec.
2001 1866 2129 1928 558;
2154 1880 2264 1934 qua
2285 1865 2376 1918 die
2399 1865 2696 1920 defunctus
2715 1865 3105 1920 Childebertus
3133 1865 3301 1935 paulo
3328 1866 3457 1935 post

131 1945 208 2000 hia
230 1947 553 2017 parentibus
583 1951 764 2002 natus
790 1948 1120 2015 Germanus,
1149 1948 1434 2016 diaconus,
1474 1949 1747 2004 triennio-

132 2053 225 2107 que
253 2041 372 2108 post
404 2037 718 2109 presbyter
747 2056 781 2093 a
810 2042 1002 2093 sancto
1041 2039 1354 2111 Agrippino
1388 2041 1748 2110 Augustodu-

132 2129 268 2182 nensi
296 2130 562 2200 episcopo
593 2130 924 2199 ordinatus,
945 2131 1226 2202 abbasque
1254 2131 1444 2186 Sancti
1473 2116 1748 2202 Sympho-

133 2219 252 2274 riaui
274 2222 584 2276 aNectario
615 2222 944 2292 praefectus,
975 2239 1104 2276 cum
1143 2239 1208 2276 eo
1252 2223 1486 2278 concilio
1516 2240 1546 2274 v
1571 2227 1748 2278 Aure-

129 2311 358 2378 lianensi,
385 2330 540 2366 anno
569 2313 708 2379 549,
753 2313 1032 2367 interfuit.
1075 2315 1217 2368 Cum
1246 2320 1436 2368 autem
1465 2315 1752 2368 sanctitate

129 2404 255 2470 vita,
280 2405 534 2458 moribus
557 2410 619 2458 et
636 2405 1048 2458 miraculorum
1076 2405 1279 2460 virtute
1307 2407 1559 2473 clareret,
1590 2423 1748 2460 voca-

130 2499 208 2548 tur
228 2496 290 2550 ad
309 2497 572 2567 regimen
599 2495 942 2550 Parisiensis
969 2497 1244 2563 Ecclesiae,
1265 2503 1488 2551 mortuo
1516 2497 1751 2551 Eusebio

129 2602 207 2640 an.
233 2590 326 2641 555
355 2587 497 2655 (Act.
525 2592 716 2642 sanet.
744 2588 970 2650 Bened.,
1001 2592 1040 2642 t.
1069 2590 1116 2650 Ι,
1144 2605 1206 2657 p.
1232 2589 1355 2660 234)
1394 2593 1458 2642 ut
1485 2588 1644 2642 testis
1669 2593 1752 2642 est

129 2679 436 2732 Fortunatus
463 2685 696 2747 auctor,
716 2694 952 2732 suorum
972 2682 1293 2750 temporum
1319 2679 1609 2750 episcopus
1630 2680 1747 2733 Pic-

129 2771 360 2824 taviensis
385 2771 486 2842 qui
513 2787 612 2825 res
641 2769 714 2824 ab
740 2786 808 2824 eo
835 2772 1100 2840 praeclare
1143 2776 1325 2841 gestas
1359 2771 1500 2824 libro
1537 2771 1605 2826 de
1641 2771 1752 2824 vita

129 2863 231 2929 ejus
274 2863 480 2932 scripto
532 2862 801 2930 tradidit,
856 2862 1245 2933 consentitque
1297 2862 1639 2916 Gisscmarus
1691 2862 1751 2916 in

129 2954 229 3005 Vita
247 2954 417 3008 sancti
444 2953 810 3007 Droctrovei.

185 3045 322 3100 Nihil
376 3062 559 3099 novus
617 3044 923 3114 dignitatis
964 3045 1151 3115 gradis
1191 3044 1425 3098 mutavit
1461 3043 1522 3098 in
1575 3045 1761 3110 cultu,.

1851 1953 1987 2006 inibi
2019 1955 2305 2024 sepelitur.
2330 1956 2628 2010 Successor
2657 1957 2778 2026 ejus
2806 1957 3080 2011 Clotarius
3109 1956 3453 2010 Francorum

1849 2061 2121 2098 coronam
2140 2046 2396 2116 adeptus,
2417 2047 2658 2101 Parisios
2673 2047 2845 2113 venit,
2865 2045 2957 2100 ubi
2976 2047 3046 2100 ob
3065 2049 3454 2116 contemptum

1849 2136 2080 2189 beatum
2101 2137 2445 2190 Germanum
2469 2137 2525 2191 in
2549 2154 2781 2208 gravem
2802 2137 3065 2191 morbum
3087 2136 3360 2202 incidens,
3385 2137 3454 2189 ab

1851 2226 2055 2279 eodem
2073 2232 2266 2280 sancto
2285 2231 2536 2294 sanatur,
2556 2228 2836 2282 scribente
2854 2228 3162 2282 fortunato.
3178 2227 3456 2281 Eumdem

1851 2317 2094 2386 acceptis
2115 2319 2326 2388 reginae
2350 2319 2715 2388 Radegundis
2736 2318 3238 2372 sacramentalibus
3258 2317 3456 2372 litteris

1851 2423 1883 2460 a
1907 2409 2195 2477 proposito
2226 2410 2412 2462 uxoris
2442 2409 2782 2480 recipiendas
2815 2409 3064 2462 deterret
3083 2413 3308 2462 sanctus
3328 2409 3456 2462 Ger-

1849 2515 2054 2552 manus
2074 2516 2208 2553 ann.
2234 2503 2362 2566 559;
2383 2503 2502 2553 tum
2523 2501 2776 2554 Pictavos
2797 2500 3080 2570 profectus
3102 2502 3163 2552 ut
3181 2499 3250 2552 ab
3269 2515 3335 2552 ea
3351 2514 3453 2569 pro

1849 2606 1983 2658 rege
2003 2589 2226 2644 veniam
2245 2590 2666 2660 deprecaretur,
2684 2593 2964 2660 Agnetem
2977 2606 3168 2643 coram
3183 2589 3302 2642 aliis
3315 2589 3456 2658 epis-

1849 2680 2004 2749 copis
2032 2680 2088 2733 in
2121 2681 2466 2736 monasterio
2499 2683 2704 2734 sancta:
2727 2679 3090 2750 Radcgundis
3111 2679 3453 2734 abbatissam

1850 2773 2216 2839 consecravit,
2246 2772 2399 2842 quod
2438 2773 2496 2826 in
2537 2773 2776 2842 epistola
2815 2771 2886 2826 ad
2913 2771 3205 2842 episcopos
3234 2771 3452 2825 concilii

1848 2864 2189 2918 Turonensis
2235 2865 2355 2934 ipsa
2399 2867 2683 2920 memorat
2731 2863 3114 2932 Radcgundis.
3165 2863 3455 2916 Ordinavit

1851 2971 2002 3008 anno
2030 2955 2252 3008 circiter
2279 2959 2380 3009 560
2406 2954 2705 3025 Syagrium
2729 2954 3073 3008 Alduensem
3105 2953 3450 3024 episcopum.

1850 3048 2002 3099 Inter
2031 3047 2140 3099 alia
2169 3047 2482 3117 privilegia,
2515 3046 2935 3099 immunitatem
2965 3046 3034 3100 ab
3066 3045 3328 3116 episcopo
3348 3047 3452 3100 Pa-

127 3137 274 3204 victu,
329 3137 543 3208 vigiliis
581 3141 646 3190 et
697 3136 996 3206 asperitate
1039 3135 1384 3206 pcenitentiaa
1419 3133 1750 3189 sanctissimi
1849 3137 2068 3190 risiensi
2096 3141 2152 3190 et
2175 3139 2370 3206 quovis
2392 3138 2502 3192 alio
2529 3137 2824 3191 monachis
2845 3137 3035 3192 Sancti
3056 3136 3331 3190 Vincentii
3352 3138 3455 3190 lar-

125 3228 231 3281 viri.
258 3228 517 3284 Interfuit
541 3244 707 3282 anno
735 3231 836 3282 557
868 3228 1164 3282 Parisiensi
1190 3244 1248 3280 ιιι
1275 3227 1533 3292 concilio,
1563 3227 1750 3280 habito
1769 3208 1826 3280 Β
1851 3229 2000 3298 gitus
2020 3231 2077 3281 et
2099 3245 2173 3282 xu
2197 3230 2319 3282 Kal.
2345 3228 2694 3298 Septembris
2715 3245 2867 3282 anno
2891 3232 2921 3282 5
2943 3228 3256 3282 Chariberti
3283 3227 3450 3297 regis,

126 3320 180 3371 ad
203 3321 552 3375 resarcienda
581 3321 802 3374 damna
827 3320 1018 3374 omnia
1044 3319 1297 3374 Ecclesia:
1330 3335 1398 3373 ex
1422 3318 1583 3372 bellis
1612 3317 1748 3372 civi-

125 3411 249 3464 libus
289 3412 462 3465 illata.
534 3411 738 3467 Astitit
793 3427 945 3464 anno
998 3414 1100 3465 558
1167 3410 1519 3465 translationi
1575 3409 1749 3464 sancti

126 3503 286 3558 L'rsini
325 3503 703 3558 Bituricensis
749 3503 1020 3572 episcopi,
1063 3502 1206 3556 sicut
1245 3506 1301 3556 et
1336 3501 1522 3556 Sancti
1565 3501 1751 3555 Albini

125 3595 541 3666 Andegavensis,
567 3595 743 3664 cujus
765 3599 990 3664 tempus
1017 3611 1131 3648 non
1150 3594 1468 3647 adnotatur.
1495 3593 1671 3662 Hujus
1688 3592 1749 3646 in

125 3684 374 3741 honorem
402 3687 714 3741 ecclesiam
739 3685 1028 3739 voluntate
1055 3690 1111 3739 et
1133 3684 1374 3755 imperio
1411 3682 1750 3738 Childeberti

125 3777 253 3847 regis
276 3783 404 3833 ante
431 3782 672 3850 portam
701 3777 1123 3847 Andegavensis
1150 3775 1303 3830 urbis
1327 3775 1588 3830 fundasse
1625 3791 1745 3829 me-

125 3873 353 3922 moratur
376 3869 438 3923 in
465 3870 679 3923 charta
709 3867 942 3937 Nesingi
967 3868 1232 3938 episc0pi,
1265 3867 1322 3920 in
1359 3866 1504 3920 notis
1546 3865 1748 3919 Baluzii

123 3958 181 4011 ad
217 3959 502 4014 Servatum
545 3961 803 4030 Lupum,
845 3975 977 4029 pag.
1023 3961 1145 4013 378.
1203 3960 1484 4022 Quantum
1527 3957 1630 4012 sub
1684 3974 1748 4011 eo

123 4051 338 4114 praesule
359 4051 773 4106 Childebertus
800 4065 900 4102 rex
929 4049 1134 4119 pietate
1175 4049 1460 4114 enituerit,
1507 4049 1750 4103 ostendit

125 4140 400 4212 imprimis,
430 4143 592 4215 quod
622 4141 888 4214 Ecclesia:
913 4141 1230 4206 Parisiensi,
1261 4140 1495 4193 sanitate
1526 4144 1750 4210 recepta

121 4233 357 4298 precibus
403 4235 592 4289 sancti
639 4233 936 4301 Prmsulis,
974 4232 1168 4300 cellas,
1211 4231 1425 4302 regiam
1462 4231 1647 4285 villam
1687 4231 1748 4284 in

119 4338 212 4390 qna
227 4327 607 4392 convaluerat,
639 4325 958 4394 cellamque
980 4324 1037 4376 in
1061 4323 1339 4392 provincia
1365 4339 1495 4376 cum
1522 4321 1749 4375 basilica

121 4415 288 4469 Sancti
333 4418 580 4471 Romani
628 4415 930 4470 donaverit
971 4431 1120 4468 anno
1161 4414 1323 4483 regni
1347 4415 1434 4480 47,
1462 4415 1521 4467 in
1557 4429 1748 4467 mense

122 4504 360 4562 Januario
410 4508 581 4577 (Hist.
611 4509 840 4562 ‘Eccles.
877 4507 1079 4567 Paria,
1119 4510 1158 4559 ι.
1208 4507 1256 4568 Ι,
1291 4521 1424 4573 pag.
1477 4505 1586 4573 82).
1637 4504 1745 4558 Sed

123 4600 412 4664 prasertim
441 4603 656 4654 notatu
685 4599 860 4670 digna
889 4597 1038 4668 regis
1066 4597 1237 4667 hujus
1264 4596 1438 4651 effusa
1456 4596 1515 4650 in
1537 4612 1746 4667 paupe-

125 4703 198 4740 res
219 4689 538 4761 liberalitas,
569 4692 654 4745 ita
681 4695 750 4745 ut
773 4705 1005 4744 auream
1046 4693 1102 4743 et
1137 4694 1463 4758 argenteam
1499 4687 1741 4756 supelle-

121 4779 290 4836 ctilem
314 4784 382 4837 ad
412 4800 510 4838 eos
537 4781 885 4837 nutriendos
912 4785 968 4834 et
987 4780 1254 4834 fovendos
1279 4779 1659 4849 confringeret
1683 4795 1744 4831 ac

121 4873 386 4943 ronﬂaret,
415 4875 662 4930 consilio
705 4878 763 4927 et
807 4873 1076 4942 exemplis
1117 4872 1379 4926 Germani
1409 4874 1740 4942 permotus:

120 4965 251 5018 unde
289 4967 433 5041 forte
470 4973 612 5021 nata
651 4965 845 5035 opinio
894 4969 1150 5018 sanctum
1191 4964 1534 5017 Germanum
1575 4962 1744 5016 fuisse

121 5056 226 5125 regi
247 5058 314 5112 ab
339 5056 730 5127 eleemosynis
760 5055 1032 5126 primum,
1054 5061 1130 5122 et,
1159 5060 1223 5108 ut
1248 5053 1414 5108 modo
1438 5053 1740 5124 loquimur,

125 5162 372 5216 mgnum
403 5147 950 5219 eleemosynarium.
971 5149 1406 5216 Czesaraugustze
1429 5145 1585 5200 urbis
1611 5162 1746 5216 opu-

121 5237 422 5297 lentissimas
436 5243 500 5296 in
522 5239 800 5310 Hispania
820 5239 890 5293 ad
911 5239 1057 5309 ripas
1075 5237 1217 5292 lberi
1237 5237 1523 5292 obsidione
1543 5237 1742 5304 soluta,

122 5335 168 5382 et
197 5332 318 5387 inde
359 5334 533 5388 allata
580 5329 869 5385 Vincentii
918 5330 1141 5384 diaconi
1185 5333 1241 5384 et
1281 5329 1541 5399 martyris
1585 5329 1741 5396 stola,

127 5436 359 5478 reversus
416 5423 722 5478 Lutetiam
782 5420 1176 5475 Childebertus
1240 5420 1521 5472 tediﬁcare
1578 5419 1746 5489 cmpit

129 5507 358 5586 flbidq'p.
379 5516 470 5584 87)
490 5513 685 5568 sancti
709 5511 980 5566 Germani
1003 5510 1284 5581 pontificis
1301 5511 1550 5575 hortatu,
1566 5511 1744 5564 sancti

127 5603 381 5660 V’incentii
396 5605 670 5670 nomine,
692 5603 972 5656 illustrem
991 5602 1303 5667 basilicam,
1323 5601 1379 5654 in
1401 5618 1513 5670 qua
1534 5601 1743 5654 dictam

128 5698 310 5750 ~lulam
339 5697 636 5768 deposuit.
675 5693 836 5746 Hanc
875 5697 1062 5746 autem
1090 5693 1406 5747 absolutam
1435 5691 1658 5757 dicavit,
1689 5695 1745 5746 et

128 5787 359 5854 pluribus
403 5785 840 5843 donationibus
881 5785 1028 5838 auxit
1071 5786 1296 5839 sanctus
1336 5784 1649 5838 Germanus
1677 5787 1742 5837 23

1765 4551 1819 4624 C

1847 3319 2050 3373 Christi
2095 3324 2194 3374 565
2237 3320 2420 3389 (Ibid.,
2461 3337 2516 3390 p.
2557 3319 2668 3389 89).
2703 3319 2893 3372 Astitit
2931 3336 3024 3373 an.
3072 3323 3172 3373 566
3215 3335 3282 3372 xv
3317 3313 3449 3372 'Kal.

1846 3411 2110 3464 Decemb.
2135 3411 2372 3465 concilio
2393 3410 2702 3464 Turonensi
2732 3428 2790 3476 ιι,
2815 3410 2908 3464 ubi
2931 3411 3220 3464 decretum
3245 3409 3453 3480 episco—

1846 3519 2050 3572 porum
2081 3502 2151 3556 de
2179 3505 2438 3572 suscepta
2465 3503 2647 3556 beatae
2677 3501 3045 3572 Radcgundis
3065 3501 3304 3572 epistola
3324 3519 3454 3557 con-

1847 3593 2117 3663 scriptum
2143 3596 2228 3647 est
2253 3594 2426 3662 (Cone.
2459 3595 2632 3647 Hard.
2662 3599 2784 3647 tom.
2811 3595 2915 3654 III,
2944 3594 3049 3646 col.
3080 3592 3221 3661 367).
3249 3593 3451 3646 Conse-

1847 3685 2022 3738 cravit
2041 3701 2191 3738 anno
2217 3689 2316 3738 568
2339 3684 2576 3738 Felicem
2600 3684 2910 3753 Biturigum
2929 3683 3273 3753 episcopum.
3293 3683 3451 3737 Circa
3539 3716 3544 3720 -

1848 3776 2000 3831 idem
2042 3779 2282 3847 tempus,
2327 3778 2411 3830 est
2449 3775 2812 3829 Charibertus
2852 3790 2949 3827 rex
2991 3773 3187 3827 incesti
3213 3773 3450 3828 crimine

1847 3867 2234 3930 insimulatus;
2261 3850 2468 3936 quippe
2497 3865 2590 3936 qui
2614 3865 2910 3935 repudiata
2926 3864 3182 3934 legitima
3207 3865 3450 3935 conjuge

1847 3960 2168 4029 lngoberta,
2202 3957 2564 4012 Merolledem
2597 3974 2660 4011 ac
2699 3961 2898 4028 postea
2932 3957 3303 4010 Marcofevam
3331 3957 3452 4025 ejus

1845 4067 2100 4105 sororem
2121 4050 2386 4120 religiosa
2405 4053 2558 4103 veste
2581 4048 2859 4114 indutam,
2879 4048 3145 4118 conjugio
3164 4048 3265 4100 sibi
3287 4065 3453 4118 copu-

1847 4145 2076 4196 laverat.
2109 4142 2248 4196 Cum
2281 4143 2457 4195 nollet
2485 4157 2612 4194 eam
2649 4140 2954 4205 dimittere,
2983 4139 3054 4192 ab
3083 4140 3285 4193 eodem
3314 4141 3449 4194 Ger-

1846 4251 2018 4288 mano
2040 4233 2210 4286 sacris
2231 4231 2563 4286 interdictas
2581 4234 2696 4286 est:
2716 4231 2870 4301 quod
2890 4231 3132 4284 recitent
3151 4231 3451 4301 Gregorius

1845 4325 1942 4378 lib.
1968 4342 2040 4391 ιγ,
2061 4342 2182 4394 cap.
2207 4328 2293 4390 26,
2317 4327 2376 4377 et
2393 4325 2559 4377 Gesta
2579 4326 2832 4376 veterum
2855 4324 3197 4376 Francorum
3220 4340 3341 4393 cap.
3362 4326 3447 4385 30,

1848 4417 1941 4470 ubi
1973 4420 2029 4470 et
2057 4417 2262 4485 legitur
2287 4432 2320 4468 a
2346 4431 2483 4484 rege
2509 4413 2842 4469 Chariberto
2864 4414 3238 4467 Encolismam
3267 4413 3451 4467 civita-

1847 4510 1964 4561 tem
2010 4507 2244 4560 missum
2290 4507 2636 4560 Germanum
2669 4520 2798 4558 cum
2833 4503 3104 4573 Gregorio
3139 4504 3449 4556 Turonensi

1845 4615 2203 4653 consecrasse
2243 4596 2532 4650 basilicam
2576 4595 2754 4648 sancti
2794 4593 3053 4664 Eparchii
3089 4594 3275 4664 (Labb.
3313 4595 3446 4648 Nov.

1846 4689 2104 4742 Biblioth.
2135 4694 2171 4741 t.
2200 4691 2246 4749 Ι,
2269 4704 2328 4756 p.
2362 4687 2500 4756 152},
2535 4685 2630 4756 qui
2674 4685 2814 4739 inibi
2841 4702 3023 4756 nuper
3050 4686 3298 4754 sepultus
3327 4686 3447 4739 fue-

1844 4784 1950 4834 rat.
1972 4782 2044 4833 At
2073 4795 2327 4834 errorem
2355 4779 2410 4832 in
2440 4777 2765 4831 nominibus
2791 4777 3228 4848 deprehendunt
3252 4777 3451 4830 doctis-

1846 4871 1970 4925 simi
2001 4870 2356 4924 Bollandistm
2383 4886 2446 4922 ex
2477 4869 2748 4938 temporis
2777 4869 2998 4922 ratione
3022 4884 3034 4921 :
3066 4884 3199 4920 nam
3225 4871 3450 4920 sanctus

1844 4966 2160 5016 Germanus
2193 4979 2352 5032 aeque
2400 4978 2464 5014 ac
2501 4960 2865 5014 Cliaribertus
2895 4976 2990 5012 rex
3021 4963 3152 5012 ante
3192 4962 3450 5012 sanctum

1845 5055 2182 5125 Eparchium
2215 5070 2245 5107 e
2271 5053 2407 5106 vivis
2433 5067 2739 5116 excessere,
2764 5054 2824 5104 ut
2854 5053 3055 5105 notant
3084 5053 3239 5104 tomo
3263 5053 3278 5103 Ι
3299 5050 3448 5114 Julii,

1844 5163 1974 5216 pag.
1995 5145 2393 5199 109.1nvitatus
2410 5160 2442 5196 a
2459 5144 2738 5198 Domnulo
2757 5143 3171 5196 Ccnomanensi
3187 5143 3450 5212 episcopo

1845 5237 1917 5290 ad
1949 5235 2365 5290 dedicationem
2399 5234 2729 5288 monasterii
2767 5233 2955 5289 Sancti
2988 5233 3263 5302 Vincentii
3291 5235 3452 5303 juxta

1843 5328 2042 5382 urbem
2073 5329 2534 5382 Cenomanorum
2571 5326 2758 5379 eidem
2787 5325 2962 5379 astitit
2987 5341 3139 5379 anno
3170 5329 3290 5392 571,
3327 5327 3448 5379 Kal.

1844 5420 2136 5485 Novemb.,
2157 5423 2217 5472 ut
2237 5421 2460 5472 constat
2479 5434 2544 5470 ex
2567 5417 2765 5470 litteris
2786 5417 3046 5471 Domnoli
3068 5417 3247 5487 pridie
3272 5434 3450 5470 nonas

1841 5511 2065 5564 Martias
2085 5510 2230 5564 datis
2251 5511 2308 5564 in
2329 5511 2475 5563 hanc
2495 5526 2638 5576 rem,
2662 5509 2865 5579 quibus
2881 5508 3206 5578 subscripsit
3225 5510 3452 5563 Germa-

1844 5620 1968 5657 nus.
1997 5602 2259 5656 Interfuit
2291 5618 2442 5656 anno
2479 5605 2578 5656 573
2609 5601 2847 5656 concilio
2871 5600 3170 5655 Parisiensi
3198 5617 3250 5653 IV
3271 5599 3444 5670 (Conc.

1845 5695 2015 5748 Hard.
2047 5699 2169 5749 tom.
2194 5696 2295 5756 III,
2319 5695 2424 5748 col.
2449 5693 2592 5762 404),
2623 5693 2716 5747 ubi
2752 5692 2900 5746 inter
2928 5695 3133 5746 caetera
3163 5690 3446 5760 depositus

1846 5789 1929 5840 est
1949 5787 2264 5854 Promotus,
2280 5785 2374 5857 qui
2398 5784 2714 5856 episc0pale
2737 5783 2984 5838 officium
3005 5783 3062 5836 in
3081 5781 3301 5838 dioecesi
3320 5781 3445 5831 Car-
