3968 6434
469 330 532 386 53
1359 327 1651 387 SANCTUS
1687 331 2063 395 GEltMANL’S,
2105 329 2510 397 PARISIENSIS
2547 325 2919 384 EPISCOPUS.
3769 323 3846 382 56

467 432 692 493 notensi
715 439 1032 510 usurparat,
1053 433 1324 492 nimirum
1345 436 1404 491 in
1429 436 1894 503 Castrodunensi,
1915 437 1971 490 et
1991 435 2084 506 qui
2109 445 2167 518 Α
2189 433 2304 488 dati
2349 434 2580 488 fuerant
2619 437 2889 505 parentes
2924 432 3045 504 ejus
3073 431 3431 490 Eleutherius
3463 435 3521 490 et
3547 431 3846 500 Eusebia,

467 530 542 586 ad
565 531 848 602 synodum
871 549 903 584 a
924 531 1210 585 Germano
1231 530 1500 585 invitatus
1519 530 1712 584 venire
1735 533 2088 599 contempse-

465 627 573 678 rat.
595 627 760 679 Anno
783 627 903 689 575,
927 623 1347 676 Brunichildem
1368 623 1631 693 reginam
1652 623 1937 676 luculenta
1959 621 2087 674 hor-

469 719 618 770 tatus
647 719 732 770 est
752 715 992 786 epistola
1012 719 1074 768 ut
1101 715 1448 785 Sigibertum
1471 715 1772 784 conjugem
1798 730 1829 766 a
1851 713 2084 768 consilio

465 808 598 863 belli
636 807 790 878 quod
823 808 985 861 fratri
1009 807 1295 860 inferebat
1327 824 1426 861 suo
1457 810 1750 860 revocaret
1771 805 1932 876 (Hist.
1963 809 2086 860 cccl.

463 903 665 963 Paris,
689 906 727 954 t.
751 902 798 961 Ι,
819 917 879 970 p.
909 899 1017 969 96).
1044 901 1196 953 llanc
1219 899 1396 952 habes
1417 899 1474 952 in
1498 898 1812 969 appendice
1836 898 2086 968 Operum

465 993 724 1064 Gregorii
761 992 1104 1046 Turonensis
1144 991 1462 1052 novissimae
1493 991 1778 1056 editionis,
1807 991 1914 1044 col.
1952 993 2085 1044 1343

465 1085 618 1157 (Vid.
651 1087 806 1152 infra
832 1085 928 1138 col.
963 1083 1105 1152 900).
1142 1083 1398 1136 lutinitus
1433 1099 1617 1136 essem
1650 1083 1694 1136 si
1721 1083 1898 1136 sancti
1937 1083 2084 1136 anti-

465 1177 610 1232 stitis
651 1177 886 1231 virtutes
925 1180 982 1229 et
1012 1175 1288 1228 miracula
1327 1192 1629 1229 recensere
1670 1176 1895 1230 vellem.
1929 1176 2086 1228 Hunc

464 1269 745 1324 Robertus
765 1285 862 1322 rex
882 1268 940 1321 in
963 1267 1273 1338 diplomate
1295 1267 1640 1321 Parisiorum
1659 1269 1919 1337 clypeum
1938 1267 2088 1321 inex-

461 1360 834 1433 pugnabilem
856 1364 1166 1430 nuncupat.
1187 1360 1450 1414 Celebrat
1470 1361 1810 1413 Fortunatus
1832 1359 1952 1428 ejus
1970 1376 2088 1413 mo-

465 1469 594 1508 rum
624 1453 1004 1516 sanctitatem,
1035 1452 1285 1522 clerique
1315 1451 1648 1506 Parisiensis
1671 1451 1772 1504 sub
1800 1468 1866 1505 eo
1898 1452 2083 1522 ponti-

467 1546 569 1600 ﬁce
581 1545 921 1616 religionem
941 1543 1370 1598 etecclesiastici
1387 1544 1546 1598 chori
1564 1547 1902 1597 concentum
1922 1561 1934 1597 :
1952 1561 2085 1597 nam

465 1641 731 1710 poemate
763 1641 845 1704 19,
875 1637 970 1691 lib.
1001 1654 1060 1703 ιι,
1091 1637 1212 1707 ejus
1245 1635 1564 1689 institutum
1607 1652 1806 1689 recens
1833 1636 1904 1688 de
1936 1637 2085 1705 psal-

443 1731 658 1786 'modia
675 1729 1062 1795 commendat,
1083 1745 1256 1798 quam
1274 1745 1305 1782 a
1323 1730 1532 1798 populo
1552 1731 1610 1782 et
1623 1729 1776 1780 clero
1789 1728 2084 1797 parisiensi

465 1823 610 1876 mira
630 1821 956 1892 frequentia
979 1824 1033 1874 et
1054 1821 1379 1874 animorum
1402 1818 1697 1874 alacritate
1717 1820 1984 1888 perhibet
2003 1837 2087 1874 su-
2108 1802 2164 1872 Β

462 1918 714 1986 sceptam
741 1915 932 1968 fuisse.
956 1914 1200 1966 Demum
1228 1914 1347 1966 fere
1379 1911 1781 1982 octogenarius
1803 1911 1858 1964 in
1883 1913 2086 1965 coelum

462 2006 729 2078 migravit
774 2001 1091 2060 Germanus
1141 2021 1174 2058 v
1223 2004 1463 2058 Kalend.
1513 2003 1709 2076 Iunias
1756 2021 1908 2058 anno
1963 2008 2084 2070 2576,

460 2101 632 2170 paulo
649 2101 776 2170 post
794 2115 966 2168 quam
985 2097 1270 2168 Sigiberto
1291 2096 1410 2166 regi
1435 2095 1819 2150 comminatus
1839 2099 2086 2150 mortem

461 2191 660 2245 fuisset
681 2207 745 2244 ac
763 2189 1132 2260 przedixisset,
1153 2192 1214 2242 ut
1229 2189 1408 2242 refert
1423 2187 1728 2258 Gregorius
1745 2188 2087 2242 Turonensis

465 2283 559 2336 lib.
595 2299 668 2346 xv,
699 2299 821 2352 cap.
859 2285 943 2335 52.
974 2281 1135 2334 Dicm
1177 2297 1405 2350 quoque
1446 2281 1528 2333 sui
1557 2279 1675 2350 ipse
1703 2280 1890 2334 obitus
1917 2281 2086 2350 paulo

463 2378 596 2429 ante
641 2372 1128 2445 pronuntiaverat.
1170 2373 1248 2426 De
1295 2373 1417 2442 ejus
1463 2373 1662 2426 funere
1704 2372 1781 2426 ita
1823 2373 2088 2426 laudatus

463 2467 770 2538 Gregorius
801 2466 944 2520 libro
976 2483 1028 2530 ν,
1063 2482 1186 2534 cap.
1222 2468 1253 2518 8
1283 2481 1294 2518 :
1328 2487 1355 2512 ι(
1386 2467 1446 2518 ln
1485 2465 1660 2534 cujus,
1693 2465 1896 2534 inquit,
1927 2481 2083 2517 exse-

461 2559 626 2631 quiis,
651 2558 842 2612 multis
861 2557 1160 2610 virtutibus
1183 2574 1322 2626 quas
1344 2556 1400 2610 in
1423 2574 1661 2627 corpore
1685 2560 1958 2626 gesserat,
1978 2558 2085 2610 hoc

459 2653 798 2707 miraculum
843 2645 1344 2704 confirmationem
1383 2649 1535 2703 fecit.
1570 2651 1712 2703 Nam
1754 2649 2086 2702 carcerariis

459 2743 926 2809 acclamantibus,
951 2759 1155 2812 corpus
1175 2741 1232 2794 in
1255 2743 1446 2812 platea
1467 2744 1845 2812 aggravatum
1866 2745 1969 2808 est,
1994 2759 2082 2796 so-

459 2837 705 2907 lutisque
730 2835 966 2901 eisdem,
986 2851 1178 2888 rursus
1200 2834 1320 2887 sine
1343 2835 1538 2888 labore
1555 2835 1776 2887 levatur
1795 2851 1806 2888 :
1828 2833 1932 2904 ipsi
1951 2851 2086 2904 quo-

461 2946 571 2999 que
605 2928 699 2999 qui
727 2927 894 2982 soluti
920 2928 1168 2991 fuerant,
1202 2926 1260 2978 in
1297 2926 1634 2996 obsequium
1665 2927 1879 2979 funeris
1907 2943 2083 2996 usque

461 3022 534 3076 ad
559 3021 851 3075 basilicam
874 3019 931 3072 in
955 3036 1067 3089 qua
1088 3020 1342 3088 sepultus
1363 3021 1466 3083 est,
1493 3019 1651 3072 liberi
1677 3023 2079 3089 pervenerunt.

460 3114 544 3168 Ad
575 3114 897 3183 sepulcrum
931 3115 1122 3164 autem
1165 3111 1286 3180 ejus
1321 3112 1530 3164 multas
1555 3111 1809 3175 virtutes,
1839 3111 2081 3166 Domino

461 3205 768 3270 tribuente,
802 3203 1102 3257 credentes
1131 3203 1518 3274 experiuntur.
1546 3224 1572 3250 ››
1599 3205 1722 3257 Haec
1756 3205 2079 3273 Gregorius,

461 3299 557 3370 qui
582 3301 783 3369 postea
803 3296 1173 3350 commendat
1190 3296 1392 3348 librum
1412 3296 1537 3349 vitae
1558 3297 1734 3350 sancti
1752 3298 2034 3367 pontiﬁcis
2052 3315 2084 3352 a

460 3391 770 3445 Fortunato
788 3389 1120 3460 presbytero
1139 3389 1536 3457 compositum.
1551 3389 1656 3441 Alii
1671 3389 1850 3455 citius,
1867 3390 2084 3444 tardius

461 3482 555 3536 alii
590 3485 837 3536 mortem
867 3481 988 3550 ejus
1019 3480 1332 3550 assignant,
1369 3497 1576 3550 nempe
1609 3482 1774 3534 annis
1803 3486 1924 3549 575,
1960 3487 2080 3536 577.

463 3575 735 3628 Baronius
755 3573 989 3626 biennio
1013 3576 1139 3643 post
1159 3572 1492 3626 defunctum
1517 3573 1690 3626 tradit
1710 3575 2080 3639 Germanum,

459 3671 518 3721 et
541 3669 702 3736 Hugo
725 3665 1160 3720 Flaviniacensis
1184 3682 1247 3718 ex
1267 3665 1547 3719 Chronico
1568 3665 1908 3719 Virdunensi
1931 3666 2085 3736 apud

458 3759 763 3813 Labbaeum
814 3775 869 3829 p.
912 3761 1030 3823 lOl,
1075 3760 1106 3810 9
1147 3758 1413 3812 Februar.
1465 3761 1586 3824 582,
1631 3759 1722 3812 ubi
1776 3775 2081 3828 perperam

457 3853 694 3906 fratrem
740 3851 791 3904 ei
835 3851 1007 3905 fuisse
1033 3851 1270 3904 Paulum
1299 3850 1716 3904 Virdunensem
1750 3851 2082 3920 episc0pum

459 3945 676 4009 asserit,
701 3943 798 4014 qui
824 3944 1050 4012 vigebat
1073 3959 1224 3996 anno
1247 3944 1729 3996 630..Tumulatur
1750 3943 1804 3996 in
1830 3942 2080 3997 oratorio

459 4035 638 4089 sancti
681 4035 1104 4106 Symphoriani,
1135 4034 1289 4105 quod
1328 4034 1446 4104 ipse
1481 4037 1876 4090 construxerat
1907 4035 1962 4087 in
1994 4034 2080 4086 in-

459 4145 652 4199 gressu
674 4129 916 4183 basilica?
948 4128 1128 4184 sancti
1159 4129 1459 4195 Vincentii,
1485 4128 1579 4182 ubi
1600 4127 1756 4197 prius
1777 4128 2078 4196 sepultura:

1323 4459 1959 4588 SANCTI
2084 4375 2944 4621 GERMANI,

2103 3157 2158 3228 C

2187 543 2290 597 pro
2309 544 2554 598 quorum
2573 527 2960 581 anniversario
2977 529 3159 582 multa
3175 529 3414 598 largitus
3426 526 3848 583 fuerateidem

2188 619 2457 673 ecclesiae.
2486 619 2752 673 Germani
2783 619 3138 690 epitaphium
3167 637 3199 674 a
3225 621 3545 692 Chilperico
3572 637 3751 691 rege,
3781 619 3851 674 in

2187 712 2422 782 poeticis
2441 712 2644 765 litteris
2666 713 2906 778 exculto,
2927 713 3314 783 conscriptum
3337 717 3499 768 notat
3518 713 3851 768 Aimoinus

2186 804 2281 857 lib.
2311 821 2388 870 ιιι,
2423 821 2547 874 cap.
2576 807 2668 868 16;
2703 803 2859 873 quod
2901 807 3096 858 tamen
3135 805 3229 859 alii
3261 823 3294 859 a
3320 822 3458 876 rege
3486 806 3538 859 ei
3565 805 3850 876 positum

2187 899 2430 961 tantum,
2465 897 2534 950 ab
2561 895 2656 950 illo
2691 913 2826 949 vero
2865 897 2961 967 qui
2991 898 3129 950 Vita:
3167 899 3346 952 sancti
3384 898 3659 953 Germani
3699 901 3850 951 acta

2187 975 2523 1057 composuit,
2565 987 2834 1058 scriptum
2877 1005 2998 1042 esse
3044 991 3420 1044 contendunt.
3458 989 3851 1045 Mabillonius

2189 1079 2259 1133 ad
2293 1096 2509 1134 annum
2533 1084 2653 1147 576,
2679 1097 2735 1134 n.
2761 1084 2846 1146 68,
2873 1097 2906 1134 a
2929 1081 3248 1152 Chilperico
3271 1099 3410 1152 rege
3431 1083 3848 1154 compositum

2188 1171 2420 1241 quidem
2452 1171 2806 1242 epitaphium
2837 1173 3086 1243 conjicit,
3113 1175 3213 1229 sed
3245 1175 3316 1229 ab
3346 1175 3614 1229 Aimoino
3641 1190 3847 1246 expo-

2188 1264 2370 1318 litum.
2400 1265 2490 1319 Sic
2521 1268 2714 1318 autem
2745 1265 2921 1319 habet
2951 1283 2962 1320 :

2187 1357 2436 1412 Ecclesia:
2461 1359 2754 1426 Speculum,
2778 1361 2978 1426 patria:
3003 1361 3174 1426 vigor,
3205 1376 3305 1412 ara
3333 1377 3567 1423 reorum,

2259 1451 2327 1502 Et
2351 1455 2530 1518 pater,
2564 1456 2613 1502 et
2643 1451 2897 1512 medicus,
2924 1457 3135 1518 pastor,
3164 1469 3419 1522 amorque
3447 1457 3648 1521 gregis,

2187 1541 2486 1597 Ger-manus
2519 1545 2734 1604 virtute,
2761 1545 2886 1612 ﬁde,
2913 1545 3089 1606 corde,
3122 1561 3210 1598 ore
3238 1546 3442 1610 beatus,

2259 1634 2432 1688 Carne
2457 1640 2599 1688 tenet
2624 1636 2908 1696 tumulum,
2937 1638 3130 1690 mentis
3161 1638 3357 1691 honore
3377 1641 3586 1707 polum.

2194 1727 2291 1779 Vir
2316 1728 2412 1794 qui
2441 1727 2580 1780 dura.
2607 1728 2746 1780 nihil
2775 1733 3072 1781 nocuerunt
3102 1731 3226 1795 fata
3258 1733 3514 1800 sepulcri,

2265 1819 2408 1871 Vivit
2437 1821 2598 1879 enim,
2628 1835 2750 1872 nam
2779 1836 2920 1873 mors
2947 1837 3103 1888 quem
3130 1823 3255 1876 tulit
3283 1825 3401 1891 ipsa
3430 1826 3596 1876 timet.

2188 1909 2364 1963 Crevit
2389 1911 2565 1962 adhuc
2585 1914 2769 1978 potius
2787 1913 2976 1979 justus
2995 1920 3121 1981 post
3145 1917 3368 1980 fune-ra,
3402 1932 3526 1968 nam
3560 1919 3660 1984 qui

2257 2003 2444 2055 Fictile
2473 2019 2567 2055 vas
2593 2006 2797 2070 fuerat.
2825 2020 3029 2070 gemma.
3060 2007 3294 2074 superba
3321 2011 3501 2060 micat.

2186 2095 2366 2160 Hujus
2405 2111 2556 2163 opem
2590 2113 2652 2148 ac
2685 2099 2930 2149 meritum
2958 2101 3118 2151 mutis
3145 2099 3275 2152 (lata
3300 2102 3462 2153 verba
3496 2102 3842 2169 loquuntur.

2257 2187 2516 2240 Redditus
2549 2192 2597 2240 et
2629 2191 2778 2241 cwcis
2801 2191 3072 2257 pra’tlicat
3101 2207 3190 2243 ore
3216 2193 3348 2244 dies.

2185 2280 2342 2333 Nunc
2367 2281 2452 2332 vir
2476 2281 2799 2347 apostolicus
2826 2284 3042 2350 supinis
3071 2284 3136 2336 de
3162 2301 3323 2337 carne
3352 2287 3652 2354 (rep/mcum

2256 2373 2384 2424 lure
2415 2373 2736 2440 triumphali
2764 2375 3002 2427 considet
3033 2391 3154 2428 arce
3183 2377 3382 2430 throni.

2255 2464 2612 2517 'l‘ranslatum
2655 2469 2741 2518 est
2780 2483 3004 2519 sacrum
3043 2469 3310 2522 Germani
3355 2487 3560 2540 corpus
3593 2473 3672 2526 ad
3701 2492 3848 2529 ma-

2179 2555 2366 2625 jorem
2396 2557 2692 2610 ecclesiam
2724 2574 2819 2610 vni
2849 2559 2971 2611 Kal.
2997 2560 3234 2629 Augusti
3263 2577 3415 2616 anno
3444 2565 3567 2630 7ὅίν,
3593 2569 3849 2622 astante

2184 2647 2383 2718 Pipino
2418 2665 2576 2718 rege,
2609 2650 2755 2702 latus
2787 2651 2908 2719 ejus
2951 2651 3293 2721 stipantibus
3332 2656 3735 2713 Carlomanno
3783 2665 3850 2714 et

2186 2741 2386 2794 Carolo
2416 2741 2510 2811 qui
2542 2745 2740 2811 postea
2771 2742 2952 2796 dictus
2980 2748 3065 2797 est
3094 2745 3348 2816 Magnus,
3380 2749 3482 2801 sub
3513 2749 3845 2807 Lansfrido

2185 2833 2364 2886 sancti
2396 2834 2663 2887 Germani
2692 2835 2919 2900 abbate,
2951 2836 3112 2906 cujus
3139 2839 3267 2892 festi
3301 2841 3584 2895 memoria
3609 2846 3845 2900 recoli-

2185 2928 2276 2977 tur
2319 2925 2410 2977 die
2447 2929 2512 2980 23
2547 2926 2696 2980 Julii.
2731 2927 2863 2996 Ejus
2904 2928 2960 2981 in
3001 2929 3283 2985 honorem
3325 2933 3842 3005 Bertichramnus,

2185 3019 2648 3072 Cenomanorum
2691 3019 3008 3091 episcopus,
3044 3023 3139 3092 qui
3177 3024 3247 3076 ab
3286 3042 3354 3078 eo
3387 3027 3698 3097 presbyter
3734 3048 3842 3086 or-

2185 3109 2413 3163 dinatus
2471 3111 2689 3176 fuerat,
2750 3113 3163 3168 monasterium
3232 3117 3385 3186 apud
3449 3119 3848 3178 Cenomanos

2187 3203 2332 3254 ultra
2380 3201 2614 3256 ﬂuvium
2665 3203 2882 3257 Sarthae
2939 3207 3196 3261 condidit
3253 3212 3310 3262 et
3359 3209 3596 3277 dotavit,
3662 3217 3846 3285 quod

2186 3311 2336 3346 nunc
2377 3294 2672 3348 redactum
2719 3299 2804 3348 est
2850 3295 2907 3349 in
2953 3299 3314 3368 parzecialem
3347 3304 3651 3358 ecclesiam
3688 3309 3845 3364 sub-

2187 3387 2486 3439 urbanam.
2523 3387 2608 3439 Ab
2643 3387 2764 3456 ejus
2804 3405 3033 3459 quoque
3074 3393 3309 3447 nomine
3349 3395 3500 3450 dicta
3529 3397 3690 3467 apud
3717 3402 3844 3456 Pa-

2185 3477 2346 3531 risios
2378 3479 2616 3531 ecclesia
2643 3480 2823 3532 sancti
2849 3483 3119 3536 Germani
3150 3486 3376 3553 veteris,
3410 3488 3566 3558 prius
3594 3495 3848 3562 capella

2185 3570 2376 3624 Sancti
2423 3571 2658 3624 Joannis
2701 3572 2965 3642 Baptistae
3012 3576 3082 3628 ab
3116 3577 3236 3647 ipso
3282 3584 3480 3634 sancto
3523 3583 3844 3644 Germano

2185 3667 2317 3715 tunc
2381 3663 2587 3715 abbate
2647 3662 2839 3717 Sancti
2887 3667 3291 3738 Symphoriani
3346 3677 3700 3744 constructa,
3775 3680 3842 3734 in

2184 3771 2355 3824 quam
2405 3756 2476 3809 ob
2526 3757 2747 3809 metum
2796 3759 3260 3816 Normannorum
3315 3764 3574 3834 ejusdem
3631 3774 3840 3828 sancti

2182 3864 2387 3918 cin'pus
2428 3849 2767 3902 translatum
2809 3867 2961 3906 anno
3003 3858 3125 3921 886,
3159 3872 3262 3925 per
3293 3856 3591 3913 biennium
3629 3861 3832 3934 depo-

2183 3941 2350 3994 situm
2396 3943 2626 3994 mansit.
2659 3944 2867 3998 Sancto
2913 3946 3200 4002 Germano
3241 3949 3508 4005 tribuitur
3547 3969 3698 4024 opus
3747 3959 3832 4012 de

2178 4033 2339 4086 Missa
2361 4038 2528 4089 tome
2556 4037 2596 4089 V
2625 4037 2926 4104 Anecdot.,
2958 4040 3064 4093 col.
3094 4043 3180 4096 9t.

2640 4300 3830 4327 -——-————————__,

2658 4319 3265 4332 __—___.___
3620 4319 3830 4327 κὴ-

1533 4682 2173 4765 PARlSlENSlS
2254 4685 2718 4768 EPISCOPI

1823 4883 2453 5052 νΙΤΑη

945 5123 1310 5190 AUCTORE
1369 5123 1770 5191 VENANTIO
1834 5126 2307 5192 FORTUNATO
2367 5128 2744 5194 EPISCOPO
2807 5130 3301 5196 PIGTAVIENSI

1488 5251 1600 5314 Ad
1623 5269 1772 5314 mss.
1812 5252 2018 5317 Codd.
2052 5253 2394 5333 diligenter
2423 5255 2769 5334 recognita.

1376 5403 2959 5446 ψ

516 5536 556 5586 ῐ.
589 5535 792 5588 Beatus
836 5535 1009 5604 igitur
1054 5537 1370 5591 Germanus
1401 5537 1748 5592 Parisiorum
1791 5537 2066 5607 pontifex,
2089 5551 2148 5622 D
2173 5537 2327 5607 quod
2357 5538 2506 5590 hunc
2539 5543 2667 5609 post
2691 5540 2933 5592 alterum
2957 5540 3106 5594 intra
3126 5541 3296 5596 breve
3325 5545 3576 5614 spatium
3607 5565 3819 5607 conce-

448 5625 714 5680 territorii
742 5629 1272 5698 Augustodunensis
1298 5629 1590 5700 indigena,
1619 5633 1782 5700 patre
1811 5631 2070 5683 Eleuthe-

447 5720 550 5785 rio,
584 5724 768 5775 matre
811 5739 1036 5793 quoque
1073 5724 1332 5790 Eusebia,
1370 5723 1626 5778 honestis
1657 5723 2068 5792 honoratisque

447 5813 778 5882 parentibus
816 5821 1148 5888 procreatus
1189 5821 1293 5872 est.
1337 5817 1509 5886 Cujus
1551 5815 1814 5886 genitrix,
1854 5833 1956 5886 pro
2001 5832 2067 5870 eo

2172 5630 2345 5698 pisset
2377 5630 2432 5683 in
2455 5635 2637 5694 utero,
2663 5632 2879 5701 pudore
2901 5636 3058 5686 mota
3081 5634 3343 5688 muliebri
3367 5637 3641 5706 cupiebat
3673 5651 3814 5700 ante

2172 5726 2397 5791 partum
2419 5723 2702 5777 infantem
2725 5725 3117 5796 exstinguere:
3145 5730 3202 5779 et
3222 5733 3456 5799 accepta
3476 5733 3726 5800 potione
3755 5744 3815 5792 ut

2171 5815 2488 5870 abortivum
2519 5815 2842 5888 projicerct,
2869 5818 3005 5872 dum
3039 5835 3246 5875 nocere
3267 5837 3382 5876 non
3407 5829 3627 5894 posset,
3653 5828 3816 5886 incu-
