3968 6492
195 373 244 431 ὃῖ
515 379 532 390 ’”
1065 371 1070 376 ’
1809 396 1832 451 η

1943 416 1976 451 ι.
3482 401 3548 456 58

193 479 348 538 babat
379 481 440 539 in
467 489 726 597 jventre,
765 496 833 546 ut
870 495 1130 564 pondere
1165 496 1512 566 praefodaret
1549 517 1721 572 quem
1748 518 1840 555 ve-
1863 525 1922 597 Α
2015 503 2096 557 IV.
2129 503 2306 575 Igitur
2335 504 2582 576 quadam
2612 504 2728 560 vice
2759 505 2896 560 dum
2923 503 3110 560 cibum
3135 505 3316 560 fessus
3337 503 3551 578 accipe-

200 591 330 631 nena
369 578 612 635 caedere
663 600 793 638 non
839 587 1120 641 valerent.
1169 588 1439 645 Certabat
1483 595 1670 646 mater
1713 609 1841 648 cum
1863 578 2046 662 “ret,
2067 595 2424 666 ingrediente
2453 597 2714 652 Amando
2734 597 3017 652 monacho
3039 598 3097 652 in
3117 597 3290 652 fenile
3311 613 3440 652 cum
3469 599 3550 652 lu-

202 671 439 738 parvulo,
492 673 886 732 renitebatur
935 677 1126 733 infans
1167 681 1240 734 ab
1291 685 1494 737 utero:
1536 687 1660 738 erat
1702 701 1840 756 ergo

202 776 379 832 pugna
419 762 584 818 inter
622 769 946 824 mulierem
983 776 1042 825 et
1081 771 1313 826 viscera.
1348 774 1686 830 Lasdebatur
1717 793 1837 831 ma-

199 857 374 920 trona,
420 873 532 910 nec
575 860 915 914 nocebatur
955 862 1240 918 infantia:
1285 865 1682 921 obluctabatur
1719 885 1838 922 sar-

199 945 337 1012 cina,
365 963 441 1000 ne
487 949 751 1018 genitrix
785 953 960 1007 ﬂeret
996 954 1298 1025 parricida.
1328 957 1390 1011 ld
1420 961 1610 1012 actum
1643 963 1746 1026 est,
1780 964 1842 1014 ut

196 1042 448 1092 servatus
475 1039 816 1110 incolumis,
849 1045 971 1115 ipse
1007 1046 1214 1100 illresus
1252 1050 1607 1118 procederet,
1635 1054 1693 1105 et
1716 1069 1835 1106 ma-

195 1133 339 1183 trem
375 1131 666 1189 redderet
705 1135 1102 1192 innocentem.
1146 1139 1282 1192 Erat
1307 1140 1439 1194 hinc
1466 1142 1658 1197 futura
1693 1160 1838 1214 pra:-

193 1237 455 1288 noscere,
484 1229 627 1280 ante
659 1227 868 1282 fecisse
892 1229 1033 1299 [Αι.,
1060 1231 1274 1286 factam
1306 1247 1408 1302 pro
1439 1233 1529 1302 eo]
1551 1234 1835 1302 virtutem,

191 1330 366 1384 quam
402 1317 568 1370 nasci
601 1319 939 1390 contigerit.

255 1407 322 1460 II.
357 1407 592 1462 Deinde
625 1427 761 1464 cum
785 1413 1062 1467 Avallone
1093 1419 1278 1470 castro
1300 1417 1386 1486 ,(a)
1409 1433 1538 1470 cum
1569 1417 1837 1472 Stratidio

185 1497 529 1570 propinquo
546 1517 696 1570 puer
711 1503 924 1557 scholis
939 1511 1281 1574 excurreret,
1297 1511 1482 1562 mater
1498 1509 1748 1578 parentis
1764 1508 1837 1580 (b)

185 1593 247 1643 ut
297 1591 431 1660 ejus
477 1592 891 1649 haereditatem
946 1597 1288 1667 acquireret,
1335 1600 1404 1653 de
1463 1600 1838 1655 adolescentis

181 1681 450 1736 fallitura
477 1701 624 1738 nece
655 1687 944 1741 tractavit.
970 1688 1105 1752 Quae
1135 1693 1516 1761 temperatam
1543 1692 1836 1762 potionem

179 1773 238 1826 in
261 1776 604 1844 ampullula
625 1777 907 1846 condidit,
929 1779 1126 1834 vinum
1148 1798 1376 1852 quoque
1398 1783 1457 1836 in
1479 1785 1677 1850 altera,
1701 1802 1839 1855 prae-

1940 685 2113 753 mine,
2127 687 2374 742 carbone
2393 687 2710 755 decidente,
2725 688 2959 743 ﬂamma
2973 690 3168 743 fenum
3187 689 3477 760 corripuit,
3493 692 3551 744 et

1940 777 2100 831 arida
2133 777 2482 834 nutrimenta
2505 796 2675 834 vorax
2705 780 2853 850 ignis
2882 780 3156 834 allambit.
3190 780 3546 835 Concurren-

1939 869 2086 922 tibus
2113 870 2363 940 reliquis,
2387 887 2491 924 nec
2511 874 2704 924 tamen
2735 871 3170 936 incurrentibus,
3193 871 3408 925 tardius
3429 871 3546 943 ipse

1937 959 2254 1030 prosiliens,
2283 963 2448 1032 rapta
2476 961 2547 1016 de
2582 963 2710 1016 foco
2751 979 3007 1030 cucuma,
3040 961 3352 1016 ascendens
3377 979 3548 1034 supra

1938 1051 2211 1106 fabricam
2227 1053 2532 1106 concinens
2547 1053 2804 1120 Alleluia,
2819 1053 3064 1107 fundens
3081 1054 3371 1124 paululum
3384 1070 3545 1125 aqum

1938 1141 1996 1194 in
2021 1143 2198 1196 crucis
2223 1143 2536 1214 imaginem
2561 1143 2821 1198 restinxit
2848 1145 3148 1200 incendia:
3173 1161 3238 1200 ac
3269 1144 3340 1198 de
3370 1160 3546 1199 manu

1939 1233 2130 1287 Sancti
2168 1233 2350 1288 imbre
2389 1235 2588 1289 sedata
2633 1239 2717 1289 est
2757 1235 2905 1306 ignis
2929 1236 3103 1303 unda,
3133 1252 3307 1307 quam
3337 1236 3424 1290 vix
3452 1253 3546 1290 ex-

1937 1325 2294 1394 stinguerent
2315 1325 2570 1380 ﬂumina.
2596 1327 2758 1390 Quod
2787 1329 2984 1382 tamen
3013 1332 3241 1398 postero
3264 1327 3357 1382 die
3390 1328 3548 1399 cuius

1935 1416 2154 1470 insidiis
2183 1420 2371 1472 actum
2411 1421 2496 1471 est
2519 1419 2696 1472 hostis
2725 1419 2843 1489 ipse
2875 1419 3166 1474 confessus
3197 1421 3298 1473 est.

2005 1509 2066 1561 V.
2090 1507 2410 1563 Chariulfus
2440 1509 2671 1580 quidam
2702 1511 2948 1564 Francus
2979 1511 3192 1588 partim
3226 1511 3372 1566 villa:
3403 1510 3548 1564 basi-

1937 1598 2055 1652 licae
2086 1615 2177 1653 res
2207 1600 2522 1654 obstinatus
2550 1601 2851 1655 invaserat.
2877 1601 3058 1666 Quem
3087 1618 3216 1656 cum
3235 1602 3332 1656 Vir
3351 1601 3450 1656 Dei
3471 1601 3544 1655 ad

1935 1690 2291 1745 reddendum
2337 1691 2697 1762 aliquatenus
2741 1697 3154 1760 commoneret,
3197 1709 3302 1747 nec
3348 1697 3542 1747 tamen

1936 1781 2255 1851 proficeret,
2279 1783 2353 1836 ad
2379 1783 2698 1838 orationem
2730 1800 2788 1838 se
2815 1785 3111 1851 convertit,
3140 1801 3245 1838 nec
3269 1784 3412 1838 ﬁdes
3430 1783 3545 1838 vin-

178 1865 411 1936 cipiens
434 1869 648 1937 puellae
671 1871 734 1946 ut
753 1871 1116 1926 venientibus
1133 1874 1410 1928 ambobus
1427 1875 1506 1928 illi
1524 1876 1843 1946 porrigeret
1862 1867 1916 1936 Β
1940 1872 2150 1926 dictam
2193 1873 2424 1928 distulit.
2459 1874 2662 1928 Statim
2703 1891 2770 1929 ex
2809 1875 2992 1930 vicino
3029 1877 3184 1930 ferus
3211 1892 3373 1930 ursus
3401 1873 3544 1928 exsi-

180 1957 252 2011 de
284 1958 454 2025 vino,
488 1959 585 2012 isti
627 1961 700 2014 de
740 1963 1049 2017 maleﬁcio.
1084 1965 1198 2019 Sed
1237 1965 1513 2035 ignorans
1552 1967 1835 2034 ministra,

179 2051 584 2120 ampullulam
625 2056 814 2106 mutat
859 2057 919 2107 et
960 2057 1194 2125 pocula;
1233 2057 1427 2112 vinum
1467 2062 1662 2114 sancto
1700 2061 1834 2114 Ger-

179 2157 387 2207 mano,
415 2159 720 2198 venenum
751 2145 852 2198 dat
876 2146 1184 2212 Stratidio;
1215 2152 1273 2202 et
1300 2149 1438 2203 dum
1461 2149 1673 2204 insonti
1700 2167 1840 2221 pree-

179 2235 436 2300 paratur
483 2234 787 2304 interitus,
838 2241 1040 2292 auctor
1081 2239 1236 2293 cadit
1278 2241 1336 2294 in
1384 2242 1674 2312 laqueum.
1714 2243 1836 2306 Quo

180 2327 381 2378 mater
427 2326 561 2395 ejus
609 2329 866 2398 cognito,
905 2331 1158 2400 puellam
1206 2331 1465 2402 increpat
1509 2350 1636 2386 cum
1678 2334 1835 2400 ﬂetu,

180 2417 533 2471 exstinxisse
565 2435 626 2472 se
649 2419 851 2474 ﬁlium.
877 2421 980 2475 Cui
1005 2421 1296 2488 Stratidio,
1322 2424 1555 2478 sollicite
1577 2425 1836 2496 impenso

182 2509 404 2574 studio,
453 2509 614 2564 facto
665 2511 736 2564 de
781 2511 917 2582 ipsis
959 2513 1256 2567 maleficiis
1305 2515 1482 2582 vario,
1529 2516 1633 2569 etsi
1685 2532 1838 2571 mors

182 2601 364 2654 vitam
398 2617 524 2655 non
554 2602 812 2669 abstulit,
847 2605 1047 2657 tamen
1080 2604 1308 2674 signum
1340 2607 1542 2660 mortis
1567 2607 1763 2661 infixit.

253 2693 348 2745 Ill.
370 2693 524 2746 Hinc
548 2693 623 2748 ad
645 2698 956 2764 parentem
977 2712 1145 2750 suum
1166 2701 1424 2752 sanctum
1457 2699 1838 2768 SCOpilionem

183 2785 394 2839 Lausia
428 2785 501 2854 (ο)
533 2802 596 2838 se
629 2786 958 2851 conferens,
989 2788 1245 2842 moribus
1290 2789 1542 2843 honestis
1587 2791 1752 2844 alitus
1782 2793 1840 2844 et

181 2878 491 2930 institutus
517 2881 626 2930 est.
653 2877 914 2941 Quicum
937 2879 1056 2932 fere
1078 2881 1233 2933 mille
1255 2897 1452 2950 passus
1472 2882 1642 2952 longe
1665 2899 1698 2934 a
1717 2882 1837 2935 vico

181 2969 606 3035 consisterent,
632 2969 856 3039 jugiter
885 2969 960 3023 ad
990 2971 1304 3026 matutinos
1330 2973 1652 3040 currebant,
1686 2973 1838 3026 ducti

183 3061 319 3115 fidei
343 3061 546 3114 calore
571 3077 678 3130 per
698 3063 1127 3131 tempestatem,
1151 3080 1254 3132 per
1273 3063 1542 3116 hiemem.
1563 3064 1669 3127 Qui
1689 3065 1840 3118 intra

184 3153 338 3206 terni
372 3151 546 3204 lustri
580 3151 835 3222 spatium
859 3152 940 3222 (εἰ)
968 3169 1001 3206 a
1028 3153 1198 3208 beato
1223 3155 1536 3225 Agrippino
1568 3155 1840 3210 diaconus

183 3244 536 3310 instituitur,
559 3246 618 3296 et
640 3247 924 3313 sequente
945 3243 1192 3299 triennio
1211 3247 1508 3315 presbyter
1522 3246 1835 3301 ordinatur.

184 3336 411 3390 Dehinc
440 3352 478 3388 a
497 3335 778 3406 pontifice
801 3335 1068 3389 Nectario
1091 3337 1268 3390 abbas
1290 3337 1362 3390 ad
1387 3338 1657 3392 Sanctum
1683 3338 1842 3408 Sym-

183 3429 505 3498 porianum
525 3427 739 3481 merito
758 3427 971 3496 dignus
988 3428 1292 3481 asciscitur.
1311 3429 1535 3492 Quanta
1550 3446 1683 3484 vero
1701 3429 1841 3483 inibi

182 3519 553 3574 abstinentia
600 3519 824 3584 vixerit,
865 3519 1096 3589 quantis
1136 3536 1362 3590 quoque
1408 3520 1612 3590 vigiliis
1658 3521 1838 3574 conti-

181 3613 430 3666 nuando
466 3611 785 3676 duraverit,
816 3610 1025 3680 quibus
1051 3612 1427 3682 eleemosynis
1457 3614 1720 3682 profusus
1753 3629 1841 3666 ex-

181 3703 420 3770 stiterit,
453 3703 554 3756 illa
591 3719 686 3755 res
725 3719 844 3756 una
883 3701 1048 3755 testis
1079 3706 1182 3768 est,
1213 3720 1342 3756 cum
1362 3703 1485 3774 jam
1515 3704 1684 3757 rebus
1707 3703 1835 3758 reli-

179 3796 312 3865 quis
355 3795 723 3865 pauperibus
765 3793 1022 3863 erogatis
1059 3810 1163 3847 nec
1203 3795 1367 3864 panis
1408 3795 1528 3864 ipse
1565 3795 1841 3848 resideret

178 3890 485 3956 quatenus
511 3887 725 3940 fratres
749 3885 1148 3939 reficerentur.
1175 3886 1297 3950 Qua
1319 3887 1388 3940 de
1411 3903 1471 3939 re
1493 3887 1838 3957 insurgenti-

177 3979 286 4032 bus
322 3979 644 4032 adversum
677 3994 736 4031 se
765 3976 1089 4043 monachis,
1114 3978 1416 4032 retrudens
1445 3995 1502 4032 se
1534 3977 1592 4032 in
1613 3980 1836 4046 cellula,

175 4088 388 4124 amare
415 4070 581 4124 ﬂevit
600 4073 660 4123 et
680 4069 884 4123 doluit.
911 4070 1066 4122 Inter
1080 4069 1199 4123 hmo
1217 4069 1338 4139 ipso
1357 4073 1556 4124 orante
1575 4070 1837 4140 quaedam

172 4167 356 4216 Anna
384 4166 667 4216 matrona
697 4161 949 4214 duorum
980 4161 1400 4215 saumariorum
1429 4161 1495 4231 (e)
1529 4178 1657 4215 cum
1688 4177 1837 4232 pane

172 4256 390 4326 dirigit
418 4270 628 4309 onera.
654 4253 938 4324 Sequenti
969 4253 1142 4306 etiam
1171 4252 1262 4306 die
1296 4269 1425 4306 cum
1449 4269 1680 4307 annona
1709 4253 1836 4307 des-

171 4349 394 4403 tinavit
448 4348 630 4418 plena
687 4345 949 4416 carpenti
1009 4345 1267 4398 vehicula
1315 4361 1328 4398 ς
1374 4344 1456 4398 ita
1513 4347 1576 4398 ut
1633 4345 1836 4399 exinde

171 4440 466 4496 monachi
508 4455 645 4492 cum
685 4439 1088 4491 saturarenlur
1129 4437 1304 4502 cibo,~
1333 4439 1687 4490 terrerentur
1727 4437 1834 4490 mi-

171 4534 384 4587 raculo
428 4532 532 4600 (Γ).
581 4529 679 4583 His
728 4529 925 4599 itaque
975 4527 1278 4582 celebriter
1323 4527 1576 4582 intentus
1613 4528 1832 4595 officiis,
1855 4549 1912 4620 Ι)

173 4641 295 4680 non
335 4623 516 4678 desiit
547 4620 938 4693 praedicandis
967 4619 1324 4674 manifestari
1354 4620 1658 4674 miraculis.

242 4784 332 4850 (ιι)
348 4783 558 4836 Avallo
579 4797 680 4834 seu
700 4781 904 4834 Aballo
927 4778 1526 4850 (rivullon‘yz-Oppidum
1550 4779 1609 4850 in
1626 4778 1837 4850 ducatu

173 4848 531 4920 Bu‘rguntiae
575 4852 734 4905 inter
774 4848 1255 4920 Augustodunum
1281 4848 1339 4902 et
1360 4848 1832 4920 Antissiodorum.

249 4928 263 4988 (
273 4918 330 4990 δέ
351 4923 487 4976 Alia
505 4918 1124 4990 exemplaria—habent,
1136 4921 1456 4988 prepinqw',
1475 4918 1576 4971 sed
1597 4921 1836 4987 utraque

176 4987 321 5056 vox,
330 5007 553 5062 parens
582 4993 642 5043 et
658 4987 1033 5058 propinquus,
1055 4987 1364 5062 Fortunato
1392 5003 1708 5062 synonyma
1729 4991 1832 5062 est.

181 5059 353 5117 llinc—
369 5063 451 5116 ad
482 5066 780 5130 parentem
819 5075 982 5112 suum
1012 5064 1258 5112 sanctum
1301 5059 1674 5126 Scopil-ionem,
1703 5059 1832 5122 etc.,

182 5132 292 5196 hic,
333 5148 507 5186 num.
545 5134 598 5186 3.

251 5204 328 5271 (ς)
366 5201 582 5255 [.ausia
629 5215 732 5252 seu
777 5199 1019 5271 Lansea
1051 5197 1279 5271 (Luzyl,
1311 5197 1644 5271 oppidulum
1687 5196 1838 5271 inter

185 5261 686 5341 Augustodunum
734 5271 795 5322 et
832 5261 1083 5336 Ligerim
1130 5261 1322 5321 medio
1349 5261 1490 5320 "fere
1538 5266 1834 5319 intervallo

217 5343 470 5395 ositum.

191 5359 618 5480 poifsrliilgﬂbium
641 5411 729 5462 est
749 5424 825 5460 an
853 5407 1117 5480 spatium
1133 5405 1282 5480 istud
1307 5403 1632 5480 quindecim
1661 5421 1837 5459 anno-

197 5476 326 5535 rum'
347 5499 384 5534 a
410 5479 598 5534 sancti
631 5477 912 5534 Germani
949 5476 1260 5540 nativitate,
1286 5492 1356 5528 an
1379 5492 1412 5528 a
1442 5479 1699 5544 tempore
1722 5490 1833 5543 quo

200 5549 533 5620 Scopilionis
555 5547 933 5618 disciplinam
958 5545 1145 5620 subiit,
1161 5545 1236 5620 sit
1253 5545 1631 5620 metiendum.
1651 5545 1837 5620 Poste-

207 5613 318 5672 rius'
333 5622 516 5690 magis
548 5613 776 5676 arridet
801 5635 815 5671 :
844 5631 984 5669 nam
1007 5615 1351 5690 agrippinae
1371 5613 1665 5667 {Eduensis
1686 5613 1832 5690 epis-

209 5705 378 5766 copus,
401 5683 496 5766 qui
524 5695 903 5750 Germanum
927 5683 1212 5766 ordipavit
1231 5683 1562 5766 diaconum,
1578 5683 1836 5762 nondum

211 5707 260 5742 [το
303 5709 378 5758 us,
401 5711 495 5766 qui
524 5707 903 5750 Germanum
927 5707 1212 5737 uruuiavu.
1231 5707 1562 5761 ulucuuum,
1579 5707 1834 5762 uunuum

211 5707 371 5822 segem
405 5765 723 5825 obtinebat
765 5771 937 5832 anim
976 5757 1096 5817 517,
1127 5769 1240 5832 quo
1280 5754 1634 5832 Pragmatius
1662 5768 1834 5832 ipsms

180 5821 468 5920 "grippini
489 5821 810 5897 decessor
841 5822 1176 5896 Epaonensi
1206 5821 1444 5878 concilio
1487 5821 1830 5892 subscripsit.

1935 1963 2079 2017 liens
2121 1967 2236 2018 tres
2267 1964 2414 2018 illius
2451 1981 2628 2035 equos
2665 1965 2968 2034 interfecit,
3004 1983 3109 2021 nec
3147 1967 3226 2021 sic
3264 1984 3298 2020 a
3337 1966 3546 2020 duritia

1936 2055 2230 2126 resipiscit.
2261 2056 2531 2126 Sequenti
2561 2073 2693 2112 vero
2720 2061 2886 2112 nocte
2916 2058 3220 2129 duplicavit
3247 2059 3396 2112 ultor
3415 2073 3544 2128 per-

1937 2146 2162 2200 niciem.
2219 2147 2325 2202 Sex
2371 2147 2636 2218 jumenta
2691 2149 3003 2215 interemit,
3055 2166 3160 2203 nec
3216 2149 3263 2202 si
3318 2164 3548 2220 quoque

1937 2254 2105 2308 poena
2136 2238 2372 2292 suffecit.
2412 2239 2599 2294 Tertia
2636 2240 2790 2295 idem
2837 2244 3001 2295 nocte
3047 2257 3253 2296 novem
3289 2239 3548 2294 vehicula

1937 2330 2262 2399 prosternit,
2295 2331 2575 2400 triplicata
2605 2332 2880 2386 cadavere
2909 2347 2922 2386 :
2953 2331 3028 2386 sic
3061 2333 3223 2386 labor
3259 2331 3549 2386 crescebat

1937 2421 1994 2474 in
2026 2421 2264 2475 cladem.
2289 2422 2504 2475 Dehinc
2532 2423 2604 2476 ad
2629 2423 2862 2476 beatum
2888 2423 3081 2477 Virum
3111 2423 3329 2478 tardius
3353 2421 3550 2492 dirigit

1936 2528 2209 2582 puerum;
2235 2529 2438 2582 agrum
2465 2514 2742 2568 reformat
2765 2514 3042 2581 invasam,
3076 2514 3370 2568 calamitas
3397 2528 3548 2567 com-

1937 2603 2198 2673 pescitur.
2232 2603 2292 2656 ld
2337 2607 2526 2658 actum
2571 2608 2674 2671 est,
2711 2608 2774 2657 ut
2815 2605 2996 2658 bestia
3029 2605 3344 2675 castigante
3371 2605 3546 2658 homo

1937 2711 2166 2748 sensum
2210 2695 2508 2765 acciperet,
2537 2699 2595 2748 et
2623 2695 2787 2749 daret
2825 2713 2941 2750 non
2986 2695 3325 2767 intelligenti
3357 2695 3548 2750 bellua

1937 2787 2239 2840 rationem.

2007 2879 2091 2931 Vl.
2121 2879 2336 2932 Dehinc
2354 2879 2554 2933 beatus
2582 2880 2843 2949 Agricola
2869 2879 3280 2935 Cabillonensis
3303 2878 3548 2950 (Chelon-

1936 2971 2244 3040 sur-Sadne)
2272 2970 2566 3042 episcopus
2597 2972 2814 3026 habens
2854 2971 3262 3026 cubicularium
3301 2970 3549 3041 graviter

1937 3060 1989 3113 vi
2018 3061 2261 3115 febrium
2291 3063 2522 3129 fessum,
2553 3063 2648 3134 qui
2694 3063 2978 3118 destinato
3003 3063 3197 3117 animo
3229 3065 3380 3117 totus
3404 3077 3546 3132 pen-

1939 3151 2111 3206 debat
2139 3152 2195 3206 in
2217 3154 2476 3221 transitu,
2501 3153 2696 3225 dirigit
2717 3155 2788 3208 ad
2809 3157 3068 3209 sanctum
3089 3155 3282 3208 Virum
3302 3153 3546 3206 interce-

1939 3243 2110 3296 dendi
2145 3245 2496 3316 suffragium.
2529 3247 2683 3300 Tunc
2712 3246 2993 3317 perceptis
3022 3245 3274 3317 apicibus
3302 3243 3548 3299 basilice

1939 3334 2040 3388 sub
2070 3335 2289 3404 porticu
2329 3336 2400 3389 ad
2440 3337 2617 3390 sancti
2647 3337 3047 3408 Symphoriani
3075 3337 3395 3408 sepulcrum
3423 3350 3551 3405 pro-

1940 3426 2213 3496 greditur.
2243 3429 2468 3482 Interea
2507 3428 2593 3482 vir
2611 3428 2798 3498 justus
2841 3429 3086 3484 orationi
3126 3428 3400 3493 incubuit,
3433 3429 3546 3480 ter-

1937 3533 2062 3570 ram
2112 3535 2348 3588 corpore
2389 3535 2656 3590 premens
2695 3523 2753 3574 et
2793 3520 2980 3574 sidera
3017 3523 3210 3574 mente
3253 3523 3547 3573 transcen-

1939 3609 2108 3675 dens;
2141 3613 2198 3662 et
2227 3611 2388 3680 quasi
2419 3614 2550 3664 ante
2577 3628 2636 3664 se
2662 3612 2882 3665 habens
2910 3611 3273 3682 praesentiam
3298 3607 3546 3674 Domini,

1938 3716 2040 3770 pro
2086 3704 2216 3754 voto
2259 3701 2523 3771 supplicis
2568 3703 2894 3756 obsecrator
2937 3701 3172 3756 accedit.
3225 3702 3367 3754 Nam
3414 3715 3548 3753 mox

1937 3791 2150 3846 vicinus
2197 3793 2592 3863 Redemptoris
2634 3794 2862 3848 auribus
2904 3793 3218 3860 exauditur,
3263 3794 3322 3845 et
3361 3791 3548 3846 adhuc

1939 3883 2044 3936 isto
2075 3885 2382 3938 recubante
2421 3885 2477 3938 in
2503 3887 2754 3956 pulvere,
2787 3888 3067 3957 aegrotum
3096 3883 3384 3938 medicina
3413 3899 3546 3953 per-

1938 3975 2110 4042 fudit;
2156 3992 2222 4029 ac
2261 3977 2416 4046 justo
2453 3977 2682 4048 jacente
2735 3977 2796 4030 in
2844 3977 3193 4048 pavimento,
3241 3973 3547 4045 languidus

1938 4067 2119 4136 surgit
2161 4068 2230 4122 de
2277 4069 2503 4136 lectulo,
2542 4072 2676 4123 ante
2721 4072 3046 4123 currentem
3090 4068 3377 4122 medelam
3423 4067 3546 4137 [Pro

1937 4163 2198 4213 currente
2233 4161 2479 4230 medela]
2511 4177 2682 4232 quam
2713 4164 2943 4230 peroret
2975 4161 3068 4231 qui
3111 4159 3390 4230 supplicat
3420 4175 3434 4212 :
3467 4158 3546 4210 ita
3603 4177 3611 4188 σ

1938 4253 2001 4304 ut
2043 4251 2302 4322 portitori
2346 4252 2611 4307 redeunti
2653 4252 2876 4306 obviam
2914 4269 3058 4322 puer
3095 4253 3418 4306 occurreret
3455 4249 3544 4302 cui

1937 4343 2287 4412 parabantur
2319 4345 2634 4414 exsequias;
2659 4347 2722 4398 ut
2751 4361 2868 4399 non
2907 4347 3056 4398 esset
3087 4343 3420 4412 ambiguum
3447 4357 3542 4394 ea-

1937 4433 2069 4487 dem
2108 4435 2251 4488 hora
2287 4435 2622 4506 languidum
2661 4435 2826 4490 saluti
2866 4435 3036 4489 fuisse
3081 4434 3390 4498 redditum,
3431 4447 3544 4502 qua

1936 4524 2029 4577 Vir
2049 4524 2408 4580 beatissimus
2434 4527 2590 4580 fusus
2615 4543 2806 4581 orasse
2837 4525 3202 4597 comperitur.

2009 4618 2113 4670 Vll.
2145 4618 2257 4671 Nec
2295 4617 2433 4672 illud
2465 4619 2650 4673 omitti
2687 4618 2971 4685 convenit,
3001 4617 3157 4688 quod
3197 4617 3270 4671 ad
3308 4615 3544 4670 domum

1935 4779 2006 4830 At
2035 4793 2166 4830 vero
2201 4781 2427 4832 sanctus
2456 4778 2772 4832 Germanus
2802 4793 2954 4832 anno
2985 4777 3176 4847 citato,
3209 4775 3407 4847 viginti
3435 4775 3541 4829 mi-

1939 4847 2156 4918 nimum
2195 4864 2378 4901 annos
2407 4847 2530 4917 jam
2577 4847 2864 4917 attigerat,
2897 4846 3178 4918 siquidem
3221 4846 3342 4899 fere
3385 4848 3542 4918 octo-

1937 4917 2203 4986 genarius
2232 4913 2473 4972 evolavit
2511 4918 2582 4971 ad
2622 4913 2791 4972 caelos
2819 4918 2927 4988 (Ea:
2950 4913 3242 4972 Fortunato
3280 4931 3427 4969 num.
3454 4913 3542 4984 ‘76)

1937 5003 2088 5040 anno
2118 4990 2240 5040 676.

2007 5057 2084 5140 (θ),
2113 5056 2413 5138 Saumarii,
2459 5056 2590 5126 equi
2634 5055 2956 5122 Sarcinarii,
2989 5053 3159 5110 Gallis
3201 5054 3471 5108 sommiers
3511 5068 3546 5104 a

1934 5141 2113 5188 σαγμα,
2144 5141 2378 5180 sarcmu.

2007 5193 2080 5265 (Γ)
2112 5197 2242 5248 Post
2270 5196 2391 5249 haec
2420 5196 2592 5249 verba
2628 5195 2778 5265 apud
2812 5194 3039 5250 Surium
3080 5196 3137 5246 et
3169 5193 3238 5265 in,
3257 5191 3544 5265 nonnullis

1936 5263 2280 5334 apographis
2308 5265 2636 5334 posterioris
2661 5263 2843 5318 astatis
2873 5265 3200 5318 inseruntur
3227 5263 3286 5316 hi
3311 5277 3506 5316 versus
3528 5277 3542 5314 :

1939 5333 2340 5403 «’Cujus’bonis
2363 5335 2628 5404 operibus
2648 5334 3034 5388 inﬂammatus
3053 5333 3367 5403 episcopus,
3391 5347 3546 5384 sanc-

1936 5406 2058 5480 tum
2097 5403 2523 5480 Virum__neque
2563 5405 2748 5480 adhuc
2795 5405 3326 5480 i_sta_recusantem,
3362 5415 3545 5480 quem

1936 5472 2107 5543 etiam
2147 5471 2533 5543 praedicabant
2576 5474 2880 5539 daemonia,
2916 5474 2974 5528 in
3014 5471 3329 5543 custodiam
3359 5471 3542 5543 trusit:

1935 5541 2034 5596 Cui
2063 5538 2246 5617 fateor
2274 5543 2634 5617 nutu_divino
2665 5543 3026 5617 aperiebatur
3053 5542 3421 5617 ergastulum,
3445 5538 3544 5617 sed

1935 5628 2049 5687 non
2081 5612 2226 5687 hinc
2266 5613 2686 5687 egrediebatur,
2703 5608 2826 5667 'nisi
2861 5615 3092 5687 supplex
3123 5608 3181 5664 et
3209 5608 3543 5687 episcopalis

1935 5681 2168 5761 daretur
2204 5677 2526 5762 préceptio.
2558 5705 2584 5731 υ
2616 5686 2688 5762 at
2716 5700 2845 5762 cum
2881 5677 3086 5762 ista_in
3127 5677 3538 5762 antiquioribus

1934 5747 2446 5822 sincerioribusque
2479 5753 2828 5822 membranis
2857 5769 2971 5806 non
2997 5752 3280 5822 legantur,
3311 5747 3420 5800 huc
3449 5757 3539 5795 re-

1933 5821 2188 5877 vocanda
2215 5821 2274 5877 in
2301 5821 2582 5878 secessum
2612 5821 2890 5878 duximus.
