3968 6424
469 379 535 438 39
1379 379 1670 439 SANCTUS
1705 375 2079 443 GERMANUS,
2119 375 2526 436 PARISIENSIS
2563 376 2935 437 EPISCOPL‘S.
3759 383 3818 439 00

475 482 716 546 Ebronis
761 501 865 560 pro
904 484 1016 544 ﬁde
1055 487 1196 544 Iusti
1235 488 1509 544 collatum
1551 489 1654 542 est.
1697 485 1867 558 Cuius
1904 484 2095 556 ingre-
2121 483 2548 570 Atestimonio.
2586 483 2710 550 Qua
2753 484 3052 542 occasione
3094 483 3195 542 ﬁlii
3232 483 3322 542 vel
3362 481 3495 542 filim
3524 481 3604 542 ita
3633 488 3817 544 sancte

475 580 670 636 die‘nte
691 580 946 649 domum,
967 582 1135 636 Anna
1153 584 1420 637 matrona
1439 581 1758 653 proclamat
1776 595 1900 633 rem
1921 578 2094 633 mira-

473 672 648 728 bilem
673 690 731 728 se
753 673 962 728 videre.
988 674 1262 746 lnquisita
1282 690 1315 729 a
1341 674 1586 746 conjuge
1609 672 1745 745 quid
1766 673 1916 728 esset
1945 669 2100 742 quod

476 765 796 837 inspiceret,
821 765 937 821 ait:
963 767 1106 822 Ecce
1132 767 1334 822 beatus
1355 768 1672 822 Germanus
1695 766 1934 819 cornuta
1954 763 2098 818 fa‘cie

472 858 613 914 mihi
639 858 866 914 videtur
897 859 1165 914 incedere
1191 876 1204 914 ε
1237 859 1390 930 quod
1414 875 1560 930 pene
1590 858 1679 912 vix
1704 859 1865 912 valeo
1893 859 1992 910 aut
2009 856 2097 910 in-

472 950 618 1006 tueri
649 951 888 1018 lumine,
913 954 1011 1005 aut
1034 969 1298 1007 sermone
1327 954 1610 1018 conferre,
1635 936 1897 1004 sanctum
1915 949 2100 1003 virum

471 1059 620 1098 novo
677 1060 840 1098 more
895 1044 1160 1098 cornibus
1213 1045 1559 1099 radiantem.
1608 1044 2098 1112 Consternataque

472 1135 794 1190 mirabatur
812 1137 1020 1191 mulier
1034 1137 1330 1192 hominem
1350 1140 1545 1191 nostro
1563 1140 1824 1206 tempore
1841 1134 1900 1188 in
1917 1134 2101 1203 ﬁgura

472 1228 645 1300 Moysi
675 1229 926 1300 potuisse
955 1231 1303 1300 conspicere.
1335 1229 1699 1284 Credendum
1729 1227 1882 1298 quod
1913 1230 1970 1278 et
1997 1225 2100 1278 iste

474 1323 604 1392 post
650 1321 1000 1392 colloquium
1050 1322 1276 1376 Domini
1324 1321 1510 1392 potuit
1557 1337 1590 1374 a
1638 1319 1879 1374 muliere
1923 1334 2099 1372 cornu

474 1414 752 1468 exaltatus
783 1414 1034 1484 agnosci.
1063 1414 1235 1484 Cujus
1261 1431 1443 1468 causae
1471 1428 1679 1484 pavore
1719 1412 1863 1466 Ebro
1896 1410 2100 1464 eadem

473 1503 567 1558 die
607 1505 771 1575 juxta
811 1507 1084 1560 Sanctum
1133 1507 1334 1560 sedere
1379 1507 1702 1560 nullatenus
1741 1501 2101 1575 praesumpsit

475 1597 686 1667 duplici
719 1614 823 1668 pro
855 1598 1081 1665 merito,
1112 1615 1358 1653 mozrore
1388 1597 1605 1668 pariter
1629 1600 1686 1650 et
1715 1599 1953 1663 terrore.

543 1691 676 1743 Vlll.
738 1690 990 1760 Contigit
1057 1695 1118 1744 ut
1191 1707 1293 1761 pro
1355 1690 1498 1744 villis
1569 1687 2100 1759 Augustodunensis

473 1782 736 1836 Ecclesia
788 1783 1182 1837 Theodeberto
1241 1783 1364 1852 regi
1413 1782 1705 1836 Cabillono
1752 1781 2096 1834 occurreret.

472 1874 688 1928 Memor
724 1875 906 1928 sancti
944 1875 1347 1945 Symphoriani
1381 1875 1438 1928 in
1479 1874 1740 1944 ingressu
1771 1872 1992 1942 palatii,
2022 1852 2176 1925 itaC

475 1966 688 2036 Spiritu
718 1967 819 2020 Dei
845 1967 1208 2020 redundante
1239 1968 1460 2021 locutus
1486 1970 1591 2032 est,
1623 1969 1684 2019 ut
1711 1969 1844 2018 ante
1875 1981 1972 2017 rex
1998 1980 2100 2016 an-

477 2061 700 2124 nueret,
735 2075 908 2128 quam
949 2059 1124 2114 verba
1161 2059 1372 2128 petitor
1406 2059 1730 2128 explicaret.
1766 2057 1866 2111 Cui
1908 2060 1966 2109 et
2005 2071 2100 2109 ore

475 2151 810 2221 prophetico
858 2151 1034 2204 finem
1086 2151 1225 2204 dixit
1273 2151 1342 2204 de
1387 2150 1650 2204 transitu.
1695 2148 1859 2212 Quod
1911 2147 2104 2218 paucis

475 2242 709 2296 interim
755 2242 954 2296 diebus
990 2242 1064 2312 (α)
1108 2243 1242 2296 dum
1291 2243 1362 2296 ad
1409 2243 1659 2296 Rhemos
1706 2239 2002 2305 remeavit,
2044 2239 2101 2293 in

476 2333 600 2404 ipso
634 2334 838 2388 itinere
868 2351 965 2387 rex
995 2337 1251 2388 extrema
1291 2338 1442 2388 sorte
1472 2333 1700 2399 defecit,
1732 2332 1892 2402 quasi
1923 2331 2102 2386 sancti

475 2427 590 2480 Viri
617 2442 805 2480 sermo
837 2427 1020 2480 dictus
1044 2427 1243 2480 fuisset
1275 2427 1344 2479 ab
1377 2428 1602 2496 angelo.

547 2520 627 2573 IX.
656 2520 723 2572 Et
747 2519 1020 2588 quoniam
1049 2519 1380 2572 beatissimo
1409 2522 1531 2572 erat
1559 2517 1842 2572 familiare
1873 2517 1933 2570 in
1960 2514 2104 2568 basi-

476 2611 582 2665 lica
608 2611 787 2665 sancti
815 2611 1217 2681 Symphoriani
1247 2611 1348 2664 soli
1375 2611 1593 2680 vigilias
1617 2610 1845 2674 ducere,
1870 2611 2103 2662 euntem

477 2719 609 2758 eum
653 2703 970 2757 monachus
1011 2703 1295 2772 Sylvester
1336 2703 1717 2772 prosequitur.
1757 2703 1824 2754 Et
1863 2700 2103 2770 ingressi

475 2795 693 2866 pariter
741 2795 814 2848 ad
857 2795 1036 2848 sancti
1080 2795 1346 2864 martyris
1385 2796 1686 2859 tumulum,
1729 2793 1878 2846 circa
1924 2792 2104 2846 noctis

476 2886 735 2942 medium
757 2886 826 2940 ab
851 2885 1016 2940 altari
1039 2888 1344 2940 tumultum
1362 2887 1828 2956 frequentantem
1845 2901 2104 2938 rumores

479 2979 782 3049 accipiunt,
814 2982 1090 3048 tanquam
1120 2978 1164 3032 si
1192 2979 1265 3031 ad
1291 2979 1555 3048 rapinam
1585 2979 1821 3031 collecta
1851 2980 2105 3030 curreret

478 3071 804 3124 multitudo.
838 3071 1090 3125 Credens
1121 3070 1276 3124 enim
1319 3071 1401 3124 vir
1441 3071 1542 3124 Dei
1574 3070 1785 3124 versari
1817 3071 2100 3122 latronum

476 3163 786 3229 incursum,
819 3163 1068 3232 imperat
1099 3164 1384 3216 monacho
1428 3167 1560 3218 ante
1601 3163 1923 3232 sepulcrum
1955 3163 2101 3231 psal-

477 3256 614 3309 lere.
644 3257 768 3325 Ipse
807 3271 940 3309 vero
986 3255 1204 3309 accedit
1235 3255 1308 3309 ad
1339 3257 1538 3309 altare.
1568 3256 1784 3309 Dehinc
1813 3255 1907 3307 illa
1937 3254 2105 3306 turba

479 3347 551 3401 ad
582 3347 929 3401 monachum
952 3363 1064 3417 quo
1086 3349 1368 3417 psaltebat
1389 3348 1652 3402 alacriter
1673 3349 1959 3416 properat.
1981 3346 2102 3408 Quo

477 3443 726 3494 mactato
761 3439 1010 3510 graviter
1039 3442 1094 3492 et
1125 3439 1180 3492 in
1217 3443 1429 3493 terram
1456 3440 1712 3510 projecto
1741 3455 1805 3492 ac
1835 3438 2103 3491 semivivo

479 3532 695 3598 relicto,
725 3533 946 3586 veloces
969 3532 1267 3600 effugiunt.
1293 3533 1399 3596 Qui
1423 3533 1506 3586 vix
1529 3549 1664 3586 voce
1685 3531 1858 3584 ﬂebili
1882 3530 2104 3583 cladem

477 3641 636 3678 suam
667 3625 970 3694 replicans,
1004 3643 1037 3680 a
1068 3626 1426 3680 daemonibus
1453 3643 1511 3678 se
1539 3641 1746 3678 cassum
1779 3623 1934 3693 gravi
1967 3640 2101 3676 con-

479 3735 674 3787 gressu
701 3719 994 3771 confessus
1027 3723 1128 3772 est.

544 3811 603 3862 Χ.
633 3810 853 3863 Accidit
899 3814 958 3864 ut
1001 3811 1256 3865 Sabarici
1300 3811 1546 3864 famulus
1589 3809 1836 3864 [Esarius
1869 3807 2108 3884 nomine

478 3901 549 3955 ad
582 3901 764 3955 virum
797 3902 868 3954 de
900 3919 1013 3971 quo
1053 3903 1342 3972 loquimur
1375 3903 1644 3972 injuriam
1676 3919 1873 3972 passus
1903 3900 2104 3954 confu-

477 3996 659 4062 geret,
701 3994 1026 4063 supplicans
1068 3997 1128 4047 ut
1169 3995 1425 4064 quolibet
1463 3995 1645 4064 pretio
1689 4009 1820 4045 eum
1849 3992 1918 4044 de
1952 3991 2101 4044 inso-

476 4085 647 4139 lentis
693 4085 911 4140 domini
955 4085 1182 4140 servitio
1232 4087 1521 4140 liberaret.
1569 4085 1732 4150 Quod
1775 4083 2106 4153 indignatus

479 4177 778 4232 Sabaricus
802 4195 904 4248 pro
925 4179 1140 4232 Aisario
1161 4182 1219 4231 et
1240 4179 1484 4248 conjuge
1507 4179 1590 4230 vel
1619 4178 1782 4230 unico
1806 4176 1927 4246 ejus
1945 4177 2101 4238 Filio,

479 4271 772 4340 octoginta
799 4271 1010 4325 solidos
1040 4271 1205 4341 pretii
1236 4287 1448 4325 nomen
1478 4271 1660 4341 petiit,
1687 4269 1992 4340 quominus
2020 4269 2101 4322 fa-

478 4363 664 4416 mulos
695 4363 882 4416 servili
909 4363 1125 4418 ditione
1153 4364 1388 4416 laxaret.
1417 4364 1630 4418 Tamen
1661 4363 1769 4416 hoc
1796 4379 1911 4416 non
1939 4361 2100 4415 dubi-

479 4454 616 4507 tavit
656 4455 1050 4510 misericordia
1077 4456 1217 4510 Justi
1261 4457 1344 4508 vel
1385 4456 1717 4526 perquirere
1749 4456 1834 4508 vel
1865 4454 2100 4507 donare.

2123 3207 2180 3278 B

2200 578 2520 634 conversati
2565 581 2714 646 sunt,
2763 582 2826 634 ut
2867 597 2970 650 per
3021 579 3374 635 monasteria
3429 595 3581 634 nunc
3623 585 3821 652 regant

2201 673 2435 742 agmina
2480 672 2916 726 monachorum.
2958 672 3094 737 Quae
3141 689 3311 728 causa
3356 671 3532 727 modo
3579 672 3821 728 mirabili

2199 764 2415 835 profuit
2470 764 2618 835 patri
2675 765 2762 818 vel
2817 765 3084 835 germini,
3146 768 3208 820 ut
3259 781 3498 836 parvum
3553 764 3820 836 genitoris

2199 857 2479 927 ﬂagitium
2506 855 2748 927 posteris
2779 857 3048 910 transiret
3078 856 3136 911 in
3163 859 3398 912 luctum.

2269 951 2352 1004 Xl.
2383 951 2445 1003 In
2479 965 2629 1020 pago
2669 949 2945 1003 Alisiense
2970 949 3041 1019 (b)
3074 951 3194 1003 hzec
3220 967 3312 1003 res
3351 953 3512 1020 gesta
3544 953 3647 1004 est.
3679 951 3820 1006 Con-

2193 1040 2294 1111 jux
2340 1041 2572 1096 illustris
2614 1041 2716 1096 viri
2766 1042 3022 1110 Vulfarii,
3056 1043 3313 1096 Destasia
3355 1042 3612 1109 nomine,
3646 1041 3824 1096 vitalis

2201 1135 2320 1206 spei
2348 1134 2617 1188 destituta
2643 1133 2876 1202 solatiis,
2909 1135 3119 1206 linguae
3150 1151 3352 1188 carens
3383 1135 3604 1200 ofﬁciis,
3628 1152 3730 1205 per
3749 1135 3824 1189 bi-

2202 1227 2377 1281 duum
2387 1227 2511 1296 jam
2528 1230 2706 1294 muta,
2727 1227 2926 1297 spiritu
2948 1227 3249 1281 deﬁciente
3267 1227 3638 1293 decumbens,
3661 1243 3826 1298 appa-

2200 1319 2337 1374 ratis
2367 1319 2646 1388 exsequiis
2659 1319 2782 1389 jam
2807 1319 3124 1389 palpitabat
3147 1319 3443 1373 exanimis.
3468 1319 3568 1374 Cui
3590 1319 3826 1391 eulogiis

2201 1429 2304 1483 per
2321 1413 2718 1482 presbyterum
2740 1428 2904 1464 suum
2925 1411 3154 1464 directis
3171 1414 3227 1464 et
3243 1411 3525 1466 violenter
3543 1411 3826 1482 adapertis

2202 1507 2563 1574 praemortuus
2589 1504 2854 1558 dentibus
2885 1503 2944 1557 in
2967 1519 3066 1558 ore
3089 1503 3428 1574 transjectis,
3453 1519 3587 1558 mox
3619 1507 3681 1558 ut
3704 1505 3822 1558 fau-

2201 1613 2293 1650 ces
2339 1595 2620 1650 semivivus
2670 1597 2857 1667 liquor
2901 1596 3321 1650 benedictionis
3363 1596 3603 1664 introiit,
3638 1597 3822 1650 statim

2202 1690 2399 1760 incipit
2426 1693 2774 1760 praemortua
2800 1689 2927 1742 vita}
2954 1688 3181 1742 ﬂatibus
3202 1689 3496 1755 anhelare,
3521 1689 3669 1743 oculi
3690 1704 3825 1742 nece

2201 1783 2458 1852 praeclusi
2484 1783 2678 1834 lumen
2707 1780 2819 1834 diei
2850 1781 3164 1850 requirere,
3189 1783 3251 1834 ut
3277 1785 3405 1850 post
3424 1781 3696 1834 funerum
3717 1781 3828 1850 pal-

2205 1877 2383 1929 lorem
2432 1873 2606 1927 facies
2648 1873 2707 1926 in
2743 1873 3012 1926 ruborem
3057 1872 3347 1938 transiret,
3392 1873 3580 1926 donec
3616 1871 3827 1926 cunctis

2203 1967 2560 2036 stupentibus
2588 1965 2865 2018 viviticata
2891 1967 3282 2034 consurgeret,
3315 1969 3372 2018 et
3397 1965 3828 2018 circumstantes

2204 2063 2496 2113 auctorem
2539 2057 2794 2110 muneris
2832 2056 3077 2127 gratiam
3109 2057 3518 2126 praedicarent.
3546 2058 3686 2120 Quae
3717 2057 3826 2110 siu-

2205 2151 2350 2222 gulis
2376 2149 2540 2203 annis
2570 2149 2846 2202 tributum
2874 2149 2999 2202 vita:
3032 2149 3196 2202 solvit
3225 2165 3328 2219 pro
3355 2150 3563 2220 pretio.

2272 2245 2378 2296 XII.
2402 2244 2684 2297 Caeterum
2709 2240 3123 2294 revelationum
3147 2258 3380 2295 suarum
3403 2243 3529 2312 quis
3551 2245 3832 2296 scrutator

2203 2335 2470 2400 introeat,
2502 2333 2591 2387 cui
2624 2337 2756 2386 ante
2788 2335 3034 2402 quatuor
3062 2349 3346 2387 annorum
3379 2334 3684 2400 curricula,
3713 2335 3830 2404 ipsa

2205 2429 2561 2497 episcopatus
2603 2425 2684 2478 sui
2727 2441 2895 2478 causa
2942 2443 3056 2478 non
3098 2429 3184 2478 est
3218 2426 3600 2480 abscondita?
3640 2429 3830 2496 Itaque

2203 2519 2418 2589 positus
2462 2519 2521 2572 in
2564 2534 2788 2588 sopore,
2822 2517 3047 2586 inspicit
3091 2533 3124 2570 a
3171 2517 3424 2587 quodam
3467 2534 3608 2571 sene
3653 2519 3832 2572 claves

2204 2613 2308 2665 sibi
2339 2614 2518 2682 portae
2545 2610 2840 2663 Parisiacae
2878 2609 3115 2679 porrigi.
3146 2611 3516 2680 Interrogans
3548 2610 3689 2681 quid
3729 2611 3831 2664 hoc

2204 2706 2385 2768 ﬂeret,
2435 2703 2653 2772 accepit
2704 2717 3064 2770 responsum,
3112 2705 3172 2754 ut
3225 2703 3406 2755 salvas
3452 2719 3550 2756 eas
3599 2704 3830 2756 faceret.

2206 2796 2369 2860 Quod
2394 2799 2522 2865 post
2547 2795 2784 2848 civitatis
2813 2795 2932 2863 ejus
2961 2795 3224 2864 episcopo
3249 2794 3314 2864 (ο)
3342 2794 3664 2849 decedente
3701 2796 3833 2849 dum

2204 2887 2726 2958 praecellentissimo
2746 2887 2869 2956 regi
2887 2887 3250 2941 Childeberto
3271 2891 3620 2955 occurreret,
3637 2888 3694 2941 in
3718 2889 3836 2958 ejus

2205 2981 2480 3034 electione
2511 2979 2777 3033 etfectum
2800 2979 2895 3032 illa
2917 2995 3017 3033 vox
3041 2979 3378 3049 promeruit.
3409 2979 3836 3050 Ordinatusque

2205 3073 2458 3143 pontifex
2480 3072 2661 3142 qualis
2682 3075 3042 3142 quantusque
3065 3088 3122 3124 se
3147 3071 3406 3142 gesserit,
3433 3073 3541 3126 hoc
3567 3073 3836 3144 expedire

2205 3166 2400 3235 lingua
2433 3164 2690 3217 mortalis
2733 3180 2848 3218 non
2882 3165 3108 3229 sufficit,
3140 3163 3415 3232 quoniam
3443 3181 3620 3234 supra
3651 3165 3832 3220 homi-

2207 3275 2336 3310 nem
2367 3257 2476 3310 fuit
2501 3273 2672 3310 omne
2705 3257 2859 3324 quod
2895 3255 3091 3308 edidit.
3131 3256 3386 3325 Denique
3425 3257 3676 3326 adeptus
3710 3273 3835 3328 gra-

2205 3352 2340 3404 dum
2373 3366 2522 3402 curae.
2555 3348 2876 3418 pastoralis,
2911 3349 2982 3400 de
3021 3349 3244 3418 reliquo
3278 3349 3603 3402 monachus
3633 3350 3836 3419 persis-

2207 3444 2380 3496 tcbat.
2415 3442 2553 3494 Hinc
2584 3458 2640 3494 se
2669 3440 3066 3510 frequentibus
3103 3440 3407 3493 exercebat
3438 3441 3673 3510 vigiliis,
3707 3442 3837 3495 inde

2205 3533 2548 3588 continuatis
2586 3533 2917 3586 maccrcbat
2961 3532 3184 3584 inediis.
3212 3533 3604 3586 Pernoctabat
3649 3533 3838 3604 algida

2205 3630 2466 3680 senectus
2510 3643 2613 3695 per
2655 3625 2906 3678 hiemem
2951 3625 3237 3678 sustinens
3277 3625 3585 3694 dupliciter
3619 3628 3837 3696 frugus,

2205 3719 2386 3772 aetatis
2413 3721 2469 3772 et
2499 3717 2792 3787 temporis,
2817 3717 2970 3786 quod
3001 3734 3106 3770 nec
3141 3719 3390 3770 tolerare
3418 3717 3648 3786 possint
3676 3724 3838 3787 petu-

2205 3811 2341 3864 lcnti
2364 3811 2604 3880 juvenes
2629 3825 2642 3863 :
2668 3809 2916 3878 seipsum
2945 3826 3092 3878 pene
3116 3808 3452 3862 obliviscens
3474 3826 3578 3879 pro
3607 3811 3840 3864 victoria

2205 3903 2476 3973 corporis,
2511 3905 2788 3971 tanquam
2819 3901 2863 3953 si
2905 3901 3070 3954 simul
3099 3901 3470 3954 accessissent
3501 3901 3763 3972 dignitas
3789 3907 3840 3956 et

2207 3995 2543 4058 necessitas;
2595 4011 2721 4064 quae
2765 4009 2897 4046 vero
2955 3995 3336 4063 eleemosynae
3387 3995 3506 4046 tam
3552 3993 3628 4047 de
3674 3995 3843 4048 rebus

2206 4087 2454 4142 ecclesia:
2487 4103 2659 4156 quam
2708 4085 2902 4155 populi
2933 4085 3222 4139 oblatione
3263 4087 3350 4138 vel
3384 4086 3546 4156 regio
3593 4103 3838 4140 munere

2206 4198 2307 4250 per
2344 4196 2548 4232 manus
2587 4177 2779 4232 Sancti
2821 4179 2984 4231 facta:
3019 4181 3170 4242 sunt,
3200 4178 3351 4231 solus
3381 4178 3474 4231 ille
3508 4178 3608 4248 qui
3643 4179 3840 4232 omnia

2205 4275 2294 4337 sit,
2327 4272 2483 4326 novit
2509 4275 2562 4324 et
2597 4274 2880 4324 numerat.
3853 4257 3860 4263 ’

2273 4365 2402 4419 Xlll.
2423 4363 2678 4432 Denique
2701 4362 2952 4432 quadam
2975 4361 3090 4416 vice
3109 4362 3679 4432 praecellentissimus
3697 4364 3844 4418 Chil-

2205 4449 2474 4511 debertus
2495 4473 2590 4510 rex
2621 4472 2750 4508 cum
2782 4455 2833 4508 ei
2861 4455 3156 4509 direxisset
3185 4472 3278 4508 sex
3309 4453 3490 4508 millia
3517 4456 3842 4510 solidorum

477 4545 600 4609 QUO
649 4548 832 4617 pretio
879 4550 1188 4618 persolutO,
1237 4547 1479 4618 conligit
1531 4551 1594 4602 ut
1633 4551 1764 4602 ante
1811 4546 2101 4600 baSilicam
2122 4560 2181 4631 D
2208 4549 2550 4621 pauperibus
2581 4548 2894 4616 eroganda,
2919 4547 3249 4617 expendens
3272 4547 3380 4601 tria
3403 4547 3585 4602 millia
3607 4549 3845 4602 reverti-

473 4655 622 4708 seepe
663 4640 845 4694 dictus
882 4641 1184 4696 Sabaricus
1224 4642 1562 4710 prasteriret,
1592 4657 1697 4694 nec
1734 4644 1930 4694 tamen
1971 4656 2098 4693 ora-

477 4731 616 4784 tioni
663 4748 891 4804 quoque
937 4736 1276 4787 occurreret.
1310 4733 1414 4796 Qui
1449 4734 1684 4787 domum
1714 4749 1877 4786 suam
1907 4731 2097 4801 ingre-

476 4823 658 4890 diens,
693 4826 887 4879 statim
919 4825 1212 4894 afﬂigitur,
1239 4825 1466 4894 ligatur,
1492 4829 1548 4878 et
1575 4825 1790 4879 catenis
1819 4824 2103 4878 revinctus

474 4915 548 4970 ad
579 4916 852 4972 Sanctum
881 4917 1229 4989 perducitur.
1263 4918 1456 4988 Neque
1483 4918 1559 4972 sic
1591 4936 1624 4972 a
1654 4919 1748 4988 pio
1781 4917 1900 4970 viro
1931 4917 2099 4970 mise-

473 5009 722 5064 ricordia
769 5012 1004 5077 tollitur,
1035 5010 1134 5063 sed
1175 5010 1366 5063 statim
1403 5011 1576 5065 missa
1605 5026 1771 5081 prece
1803 5010 1925 5079 ejus
1957 5009 2102 5062 obti-

477 5105 650 5156 nente
685 5104 795 5157 ﬁde
838 5107 1134 5174 purgatur.
1165 5103 1318 5158 Tunc
1350 5105 1560 5175 adjecit
1592 5102 1893 5158 Sabaricus
1919 5102 2104 5156 adhuc

476 5197 677 5266 viginti
724 5213 928 5250 aureos
974 5199 1044 5250 ad
1095 5200 1343 5270 pretium
1385 5197 1538 5268 quod
1583 5199 1902 5266 acceperat,
1937 5197 1995 5248 et
2035 5195 2104 5247 de

480 5292 711 5342 centum
733 5289 928 5342 solidis
944 5305 1074 5344 crux
1093 5292 1166 5345 ad
1183 5293 1506 5362 sepulcrum
1522 5289 1675 5343 beati
1701 5286 2108 5358 Symphoriani

483 5382 554 5435 ab
599 5380 720 5452 ipso
757 5399 1030 5452 suspensa
1071 5387 1154 5438 est
1186 5401 1198 5439 :
1229 5401 1356 5455 quae.
1395 5399 1574 5454 usque
1615 5381 1789 5436 hodie
1823 5398 1914 5434 res
1942 5383 2025 5432 est
2051 5379 2106 5432 in

556 5493 631 5561 (α)
665 5494 730 5545 Et
779 5495 972 5564 tamen
1017 5494 1323 5564 Gregorius
1365 5491 1810 5564 Turon.__in_lib.
1846 5508 1902 5544 ιιι
1946 5491 2106 5555 llist.,

483 5579 606 5632 cap.
659 5566 744 5626 36,
793 5563 985 5618 scribit
1034 5561 1500 5619 TlieOdobertum
1559 5561 1873 5632 diutissime
1906 5577 2108 5632 aegro-

488 5631 653 5696 tassc,
687 5638 745 5686 et
793 5651 916 5704 cap.
947 5639 1032 5700 37,
1068 5652 1221 5688 anno
1271 5638 1336 5686 37
1388 5635 1516 5702 post
1555 5631 1820 5704 Clodovci
1869 5631 2108 5696 obitum,

483 5704 644 5772 regni
677 5704 758 5756 sui
796 5701 878 5771 ti»,
911 5705 1116 5759 Christi
1149 5703 1361 5757 scilicet.
1391 5705 1512 5767 558,
1545 5701 1771 5772 obiisse.

558 5769 628 5841 (ὁ)
673 5769 867 5828 Alexia
909 5775 1124 5844 (Alisc).
1170 5773 1444 5844 Oppidum
1478 5770 1786 5844 quondam
1817 5769 2110 5844 _validissi-

485 5840 644 5898 mum
678 5844 732 5898 in
761 5840 1084 5914 colle'apud
1112 5840 1443 5899 Mandubios
1475 5840 1532 5896 in
1567 5840 1894 5910 Burgundia
1921 5840 2111 5908 situm,

2201 4649 2294 4696 tur
2323 4641 2396 4696 ad
2424 4640 2729 4711 palatium;
2765 4639 3151 4709 interrogatus
3182 4657 3215 4693 a
3246 4656 3382 4710 rege
3411 4640 3453 4692 si
3484 4639 3680 4694 adhuc
3701 4641 3842 4695 resi-

2203 4736 2366 4788 deret
2395 4734 2550 4803 quod
2581 4732 2776 4801 egenis
2809 4733 3105 4798 tribueret,
3129 4732 3428 4802 respondit
3458 4732 3844 4788 medietatem

2203 4827 2500 4891 resedisse,
2527 4841 2631 4878 nec
2655 4824 2936 4877 invenisse
2965 4824 3164 4894 inopes
3185 4824 3391 4894 quibus
3411 4826 3599 4878 totum
3635 4841 3847 4896 expen-

2205 4921 2386 4972 deret.
2412 4918 2512 4973 Cui
2532 4934 2628 4970 rex
2653 4916 2839 4987 inquit
2863 4934 2874 4971 :
2903 4938 2930 4964 ‹‹
2953 4915 3216 4983 Domine,
3233 4916 3385 4971 dona
3409 4917 3566 4986 quod
3588 4919 3808 4972 restitit
3831 4935 3843 4970 :

2207 5029 2338 5064 nam
2369 5009 2590 5066 Christo
2623 5009 2902 5078 largiente
2935 5008 3088 5078 quod
3119 5009 3368 5062 donetur
3388 5025 3505 5062 non
3527 5009 3798 5064 deﬁciet:
3821 5032 3845 5056 ››

2207 5103 2465 5157 incidens
2487 5105 2649 5155 orata
2669 5101 2948 5167 missoria,
2971 5103 3248 5171 argentea
3263 5118 3396 5154 vasa
3413 5101 3849 5162 comminuens,

2209 5194 2483 5264 quidquid
2502 5193 2750 5262 primum
2768 5193 2966 5246 habuit
2987 5193 3130 5246 dans
3149 5193 3430 5247 sacerdoti
3453 5210 3522 5246 ne
3547 5195 3850 5263 perderet.

2211 5289 2342 5340 Erat
2363 5302 2502 5354 ergo
2525 5285 2906 5354 exspectanda
2927 5285 3218 5340 contentio
3236 5285 3387 5339 inter
3403 5285 3778 5340 sacerdotem
3800 5290 3857 5339 ct

2208 5377 2546 5448 principem.
2563 5377 2861 5431 Faciebant
2873 5378 3024 5447 apud
3035 5393 3092 5431 se
3106 5377 3172 5432 de
3187 5377 3572 5432 misericordia
3586 5395 3853 5451 pugnam

2212 5485 2419 5541 Caesari
2461 5487 2820 5540 notissimum
2853 5487 2947 5541 lib.
2982 5503 3056 5540 vn
3091 5487 3160 5540 de
3205 5487 3340 5541 Bell.
3375 5488 3544 5556 Gall.,
3573 5506 3738 5543 nunc
3774 5489 3855 5543 vi-

2212 5575 2308 5610 cus
2336 5561 2418 5610 est
2450 5558 2574 5610 colli
2606 5557 2835 5612 declivis
2866 5557 3183 5628 impositus.

2286 5628 2349 5694 (ο)
2379 5629 2618 5682 Eusebio
2645 5631 2872 5682 sanctus
2909 5629 3226 5682 Germanus
3256 5629 3529 5684 successit
3551 5628 3614 5683 in
3649 5631 3856 5686 sedem

2213 5698 2552 5752 Parisiacam
2587 5702 2718 5752 ante
2755 5699 3058 5752 concilium
3088 5699 3404 5753 Parisiensc
3439 5718 3520 5767 ιιι,
3549 5717 3714 5757 anno
3757 5707 3856 5756 ὄὃῖ

2215 5770 2586 5835 celebratum,
2621 5769 2708 5822 cui
2736 5770 3052 5823 Germanus
3080 5769 3427 5840 subscripsit.
