3968 6434
190 376 242 440 n
511 452 523 459 ,
1812 393 1815 398 -

1949 425 1977 450 ιι
3480 401 3547 459 62

193 493 246 584 et
264 485 334 546 de
356 485 576 584 pietate
609 495 942 566 certamen,
973 493 1267 554 thesauros
1305 498 1371 554 ut
1407 502 1760 571 spargerent,
1789 503 1846 555 et
1863 509 1924 584 Α
1943 501 2146 560 Christi
2170 504 2398 563 nomine
2423 504 2694 578 invocato,
2725 522 2992 564 concussa
3027 507 3228 565 sanctis
3255 505 3444 582 digitis
3475 506 3547 564 ad

193 582 259 637 de
285 582 403 638 suis
435 584 680 642 talentis
720 588 901 660 egeni
927 589 1282 660 ditescerent,
1312 588 1502 646 festini
1541 590 1612 646 ad
1650 589 1843 646 futura
1866 582 1996 652 "se
2027 596 2290 666 junctum
2326 598 2646 670 revertitur,
2695 605 2752 656 et
2792 615 2908 655 sum
2949 599 3081 656 fidei
3121 600 3322 656 merito
3364 599 3546 655 salvus

189 674 368 745 lucra,
397 681 466 732 ut
485 677 810 734 bratheum
840 697 1036 737 semen
1063 681 1134 752 (a)
1161 686 1430 749 sererent,
1458 686 1515 737 et
1539 687 1666 754 post
1690 699 1839 737 mes-

189 783 346 824 sores
362 770 711 826 accederent
725 774 1086 829 aurolentam
1103 789 1206 844 per
1217 777 1494 845 segetem:
1513 778 1577 828 ut
1590 775 1841 829 sacerdos

190 860 648 932 locupletaretur
674 865 968 936 regalibus
990 865 1281 934 thesauris,
1301 870 1360 921 et
1378 865 1438 920 in
1463 852 1656 937 regem
1683 867 1842 921 ﬂore-

189 960 278 1010 ret
307 954 502 1026 gratia
528 955 866 1028 sacerdotis,
893 957 993 1030 qui
1021 973 1192 1014 suum
1224 957 1408 1014 solum
1445 957 1551 1012 hoc
1585 957 1837 1026 credidit,

189 1049 347 1122 quod
366 1049 568 1106 nudus
585 1055 689 1106 aut
714 1066 935 1122 egenus
963 1051 1200 1122 accepit.

260 1143 399 1198 XIV.
421 1142 536 1198 Sed
556 1147 918 1198 revertamur
935 1143 1002 1198 ad
1026 1142 1304 1198 ordinem.
1321 1142 1560 1207 Quidam
1579 1141 1637 1195 in
1655 1141 1844 1196 Exona

187 1235 434 1304 (Eamne,
465 1250 650 1305 prope
679 1234 1026 1305 Corbolium)
1052 1235 1173 1289 vico
1209 1234 1279 1290 de
1307 1233 1584 1288 ﬁscalibus
1621 1232 1844 1286 famulis

184 1327 537 1382 Gildomeris
563 1326 821 1394 nomine,
840 1342 975 1381 cum
994 1326 1084 1381 die
1111 1325 1397 1380 Dominico
1423 1325 1692 1396 quiddam
1716 1339 1844 1394 ope-

185 1423 350 1474 ratus
377 1419 476 1488 sit,
501 1418 584 1472 ita
611 1417 970 1472 contrahitur
989 1417 1198 1488 digitis,
1221 1422 1282 1471 ut
1304 1417 1585 1488 unguium
1605 1431 1844 1470 acumen

185 1515 422 1582 partem
447 1509 726 1566 transiret
752 1509 813 1564 in
831 1509 1089 1564 alteram.
1117 1509 1223 1573 Qui
1247 1509 1488 1562 Parisius
1511 1512 1699 1562 sancto
1726 1506 1845 1561 viro

186 1602 447 1657 occurrit
473 1602 538 1656 in
569 1601 859 1669 oratorio;
889 1605 946 1655 et
972 1600 1224 1655 oratione
1250 1600 1396 1670 data,
1416 1615 1700 1670 manuque
1724 1614 1845 1668 per-

183 1700 368 1748 uncta
394 1694 548 1761 oleo,
585 1707 810 1764 ungues
845 1693 918 1748 de
954 1692 1142 1762 palma
1174 1695 1426 1746 retractas
1465 1695 1616 1745 sunt.
1648 1689 1847 1760 Digitis

181 1785 465 1840 redditur
496 1801 784 1856 organum
806 1789 865 1839 et
881 1785 944 1838 in
962 1783 1194 1854 antiquo
1219 1783 1402 1837 officio
1417 1797 1717 1837 nervorum
1739 1781 1847 1834 tela

1937 689 2169 745 domum
2195 691 2504 746 reducitur.

2007 782 2131 836 XIX.
2157 783 2294 836 Item
2320 783 2496 853 faber,
2528 783 2792 858 Ligarius
2811 783 3040 838 nomine
3079 781 3386 838 turbulenti
3427 782 3543 839 daa-

1938 873 2119 927 monis
2154 880 2411 946 arreptus
2446 875 2683 942 insania,
2725 876 2803 930 ita
2837 875 3052 930 bestiali
3086 875 3302 928 feritate
3341 890 3542 947 prom-

1938 969 2114 1034 perat,
2141 970 2206 1018 ut
2229 966 2437 1020 catenis
2475 967 2616 1019 collo
2651 967 3022 1037 manibusque
3050 965 3328 1020 revinctus
3355 965 3448 1020 vix
3473 965 3546 1022 ad

1938 1055 2083 1110 beati
2109 1055 2221 1110 Viri
2244 1056 2565 1112 traheretur
2591 1057 2968 1128 prmsentiam.
2998 1057 3131 1111 Inde
3159 1055 3544 1124 miserabilior,

1937 1151 2003 1202 ut
2027 1147 2124 1218 qui
2149 1147 2454 1202 sustinebat
2475 1149 2545 1202 ab
2564 1150 2723 1204 hoste
2750 1147 3092 1217 violentiam,
3118 1147 3226 1219 ipsi
3248 1147 3548 1203 adderetur

1939 1239 2110 1293 altera
2134 1255 2298 1310 pcena
2320 1255 2422 1310 per
2445 1240 2684 1295 vincula.
2705 1241 2883 1304 Quem
2907 1245 3098 1294 tamen
3118 1239 3370 1294 sacerdos
3397 1239 3546 1310 apud

1941 1346 1999 1384 se
2027 1331 2268 1402 imperat
2312 1331 2584 1401 detineri;
2641 1335 2723 1400 et,
2782 1331 2926 1385 sicut
2979 1331 3216 1402 septimo
3266 1331 3355 1386 die
3405 1331 3546 1385 Deus

1940 1422 2152 1492 quievit
2177 1423 2246 1476 ab
2274 1439 2460 1493 opere,
2487 1423 2576 1489 {ita
2604 1427 2660 1478 et
2696 1438 2866 1493 opera
2892 1423 2989 1476 Dei
3026 1427 3299 1478 transacta
3333 1423 3545 1478 hebdo-
3595 1404 3605 1413 ’

1941 1514 2106 1568 mada
2131 1513 2369 1584 eripitur
2394 1530 2426 1567 a
2454 1515 2744 1583 daemone;
2781 1515 2969 1585 sicque
3010 1515 3070 1568 in
3107 1515 3335 1586 propria
3371 1514 3550 1570 redire

1942 1620 2168 1659 securus
2193 1605 2398 1659 meruit
2424 1605 2694 1660 liberatus
2718 1606 2788 1658 ab
2817 1605 2996 1660 hoste.
3058 1675 3063 1679 _

2012 1697 2113 1750 XX.
2161 1696 2371 1750 Waddo
2407 1697 2493 1750 vir
2527 1696 2762 1765 illuster,
2794 1696 3035 1750 consiliis
3074 1696 3223 1768 regis
3247 1695 3548 1767 particeps,

1944 1789 2141 1858 typum
2164 1787 2462 1858 dupliciter
2474 1787 2768 1843 incurrens
2791 1787 2962 1842 febris
2977 1792 3033 1842 et
3049 1787 3294 1858 frigoris,
3325 1801 3555 1858 exsput-

183 1878 504 1932 retexitur.
537 1853 721 1941 Quem
745 1876 1018 1930 clericum
1043 1853 1169 1945 post
1194 1874 1474 1941 effectum,
1507 1879 1562 1928 et
1599 1877 1663 1927 ut
1698 1872 1844 1926 inte-
1865 1853 1923 1926 Β
1948 1853 2162 1948 gandus
2200 1853 2375 1933 sancti
2409 1879 2522 1933 Viri
2569 1883 2942 1950 praesentatur
2981 1853 3286 1933 obtutibus.
3332 1853 3550 1932 Interea

190 1986 375 2040 grum
409 1969 638 2022 salvum
662 1969 897 2034 faceret,
925 1971 1080 2038 peste
1103 1967 1360 2020 liberavit
1387 1970 1444 2020 et
1467 1965 1720 2020 crimine.

263 2062 378 2116 XV.
420 2062 644 2116 Rursus
683 2060 950 2131 quaedam
991 2059 1200 2114 mulier
1243 2057 1472 2112 nomine
1507 2056 1747 2110 Favonia
1783 2055 1844 2110 in

183 2154 338 2207 urbe
367 2152 660 2206 Parisiaca
679 2168 784 2222 per
809 2168 1013 2206 novem
1039 2150 1156 2204 dies
1180 2147 1496 2220 percipiens
1521 2147 1664 2202 nihil
1705 2163 1847 2218 prae-

183 2250 281 2298 ter
305 2245 681 2315 pulticulam,
711 2259 810 2298 ore
834 2247 1030 2313 aperto
1057 2241 1280 2296 inhians
1303 2244 1490 2294 sancto
1511 2239 1637 2292 Viro
1663 2239 1845 2293 oblata

181 2343 295 2390 est.
325 2337 472 2401 Quae
504 2336 658 2390 velut
683 2336 836 2389 ferro
861 2333 1114 2405 opposito
1143 2332 1293 2388 nulla
1322 2331 1447 2400 lege
1477 2334 1695 2400 poterat
1713 2330 1848 2400 jun-

188 2444 334 2498 gere
365 2427 574 2481 dentes
597 2432 700 2480 aut
740 2425 908 2480 labia.
945 2427 1126 2488 Quam
1160 2423 1218 2476 in
1245 2421 1489 2476 oratorio
1517 2437 1672 2475 sacro
1713 2437 1841 2490 per-

181 2523 368 2574 uncta
426 2519 575 2587 oleo,
619 2519 849 2589 palpato
891 2517 1144 2586 undique
1197 2513 1376 2584 capite
1414 2513 1533 2566 sine
1581 2511 1841 2566 tarditate

185 2611 366 2665 saluti
395 2609 673 2665 restituit.

259 2703 403 2756 XVI.
433 2701 658 2754 Accidit
685 2703 752 2754 ut
777 2699 967 2770 puella
994 2699 1256 2768 quaedam
1282 2697 1350 2750 de
1377 2693 1620 2750 Medardi
1649 2693 1835 2763 Mogli-

183 2792 478 2848 dimensis
524 2792 594 2861 (ὁ)
639 2791 858 2845 familia
902 2791 1064 2844 ﬁlans
1101 2789 1190 2843 die
1230 2787 1536 2854 Dominico,
1565 2788 1843 2838 contracta

183 2901 373 2938 manu
393 2884 776 2938 damnaretur
791 2881 1087 2952 supplicio.
1115 2882 1232 2944 Qua
1251 2882 1504 2932 contacta
1523 2877 1645 2930 oleo
1664 2875 1842 2928 virtus

183 2975 411 3030 infudit
437 2974 786 3028 remedium.
814 2974 952 3026 Hinc
971 2975 1261 3042 stupentes
1276 2969 1438 3039 digiti
1455 2969 1706 3038 vigorem
1733 2966 1843 3035 pri-

183 3069 419 3122 stinum
446 3065 816 3136 resipiscunt,
837 3064 1075 3118 oblitum
1098 3062 1232 3116 artis
1259 3059 1507 3114 ofﬁcium
1526 3058 1741 3113 reducti
1758 3073 1843 3110 ar-

1941 1971 2080 2024 hora
2105 1970 2264 2024 solita
2287 1970 2440 2024 febre
2466 1986 2764 2024 concussus
2794 1969 3136 2040 gravissima,
3167 1973 3232 2023 ut
3260 1969 3554 2038 refrigera-

1941 2065 2100 2116 retur
2123 2062 2210 2116 vel
2236 2078 2440 2132 aquam
2465 2061 2738 2116 instanter
2761 2061 3096 2131 expostulat.
3124 2061 3243 2124 Qua
3267 2059 3371 2113 sibi
3390 2060 3557 2114 dene-

1945 2157 2070 2222 gata
2103 2153 2162 2207 in
2201 2153 2376 2208 sancti
2414 2153 2690 2224 pontiﬁcis
2728 2152 3011 2206 insolescit
3046 2152 3331 2222 injuriam.
3359 2151 3453 2204 Vir
3477 2153 3557 2203 ta-

1942 2261 2074 2298 men
2098 2245 2194 2302 Dei
2227 2249 2521 2298 contentus
2559 2249 2624 2298 ut
2664 2245 2944 2298 obtineret
2965 2243 3278 2310 victoriam,
3303 2241 3555 2296 oratione

1942 2336 2235 2406 explicata,
2266 2341 2464 2406 potum
2492 2337 2545 2390 ei
2584 2336 2798 2390 donans
2822 2335 2882 2389 in
2908 2335 3106 2402 calida,
3134 2333 3424 2388 hominem
3462 2349 3552 2386 re-

1942 2427 2153 2482 vocavit
2167 2427 2406 2482 salutem
2425 2428 2493 2480 ad
2511 2427 2828 2498 pristinam,
2849 2432 2905 2480 et
2919 2426 3218 2480 imminens
3237 2424 3552 2496 periculum

1945 2519 2038 2572 tali
2065 2519 2278 2573 curavit
2302 2519 2570 2586 antidoto,
2600 2519 2815 2572 febrem
2840 2535 3042 2572 curans
3069 2533 3172 2588 per
3199 2517 3459 2570 calidam.

2009 2611 2136 2664 XXI.
2173 2610 2281 2663 Nec
2327 2609 2469 2663 illud
2516 2613 2600 2663 est
2637 2609 3094 2678 praetereundum
3140 2607 3336 2662 similis
3374 2622 3554 2660 causa:

1939 2701 2293 2754 miraculum.
2327 2699 2555 2770 Regium
2582 2699 2963 2753 Chrodosintas
2994 2699 3055 2768 (θ)
3083 2699 3357 2766 minister,
3397 2697 3555 2751 Ulfus

1939 2792 2188 2859 nomine,
2216 2795 2350 2860 typo
2383 2789 2463 2861 [Id
2487 2797 2583 2852 est,
2613 2792 2757 2857 febri
2776 2790 3067 2860 per‘iodica]
3099 2789 3406 2844 vexabatur
3435 2804 3557 2858 gra-

1938 2883 2180 2937 vissime.
2209 2883 2444 2936 Poscens
2469 2882 2733 2952 suffragia
2766 2881 3021 2950 medelas,
3048 2880 3299 2952 perrexit
3324 2880 3395 2934 ad
3420 2896 3558 2951 pon-

1937 2974 2162 3028 tiﬁcem.
2191 2975 2366 3037 Quem
2391 2974 2473 3026 vir
2513 2974 2606 3026 Dei
2643 2978 2959 3027 constanter
2991 2973 3143 3026 ducit
3177 2973 3245 3026 ad
3284 2971 3552 3042 baptiste-

1937 3065 2109 3119 rium.
2143 3065 2246 3120 Sed
2286 3069 2552 3120 exorante
2595 3065 2791 3118 Sancto
2825 3064 2993 3135 coepit
3028 3063 3203 3134 afﬂigi
3241 3062 3462 3134 gravius
3495 3062 3554 3116 in

181 3159 352 3213 ticuli
379 3157 762 3222 meditantur,
789 3171 996 3209 manus
1014 3170 1232 3207 ramosa
1257 3149 1612 3219 distenditur,
1639 3153 1695 3202 et
1713 3163 1843 3218 plu“
1869 3185 1924 3258 Ο
1949 3157 2203 3227 proximo
2219 3156 2557 3211 liberandus.
2579 3156 2826 3210 Postulat
2843 3155 3043 3210 ardens
3067 3160 3123 3209 et
3139 3159 3376 3209 aestuans
3393 3169 3555 3225 aqua;

185 3257 328 3321 gata
357 3249 500 3303 vitio
529 3249 764 3302 dextera
791 3246 956 3300 saluti
985 3245 1288 3299 reducitur.

261 3343 430 3396 XVII.
456 3342 630 3394 Recte
659 3339 919 3393 creditur
943 3336 1310 3390 inserendum
1329 3334 1470 3387 illud
1497 3348 1722 3404 quoque
1750 3331 1852 3385 mi-

183 3435 488 3488 raculum.
515 3431 827 3485 Bobolinus
849 3428 1083 3498 quidam
1103 3427 1170 3480 de
1188 3427 1306 3480 vico
1333 3426 1596 3478 Noviomo
1623 3425 1847 3492 (Noyon,

183 3528 248 3580 in
279 3524 564 3594 Picardia)
595 3523 971 3576 vehementer
988 3519 1205 3572 inimici
1227 3533 1491 3588 pervnsus
1515 3516 1750 3582 insidiis,
1778 3513 1849 3567 ad

183 3619 510 3671 Hominem
541 3615 641 3669 Dei
666 3613 911 3668 vinculis
934 3627 1114 3665 nexus
1149 3609 1470 3676 adducitur,
1498 3607 1688 3661 rebelli
1733 3605 1846 3676 spi-

182 3712 308 3764 ritu
341 3713 568 3762 rotatus
605 3700 908 3760 excutitur"
938 3719 1042 3758 nec
1079 3699 1338 3755 lassatur.
1389 3699 1515 3765 Qui,
1584 3702 1849 3754 exorante

184 3807 394 3855 sancto
429 3800 585 3864 Viro,
627 3797 790 3868 quasi
818 3796 892 3850 de
927 3794 1100 3864 longo
1135 3793 1333 3846 itinere
1371 3791 1442 3846 ad
1478 3807 1537 3844 se
1579 3804 1848 3858 suamque

185 3898 463 3948 mentem
493 3889 745 3960 septimo
771 3887 865 3942 die
906 3885 1226 3940 revertitur.
1265 3884 1350 3938 Sic
1387 3881 1684 3952 dupliciter
1704 3879 1845 3934 libe-

185 3992 380 4052 ratus,
411 3983 558 4037 dum
583 3981 732 4051 fugit
760 3979 970 4033 umbra
998 3977 1065 4031 de
1092 3975 1366 4042 sensibus,
1389 3979 1583 4028 catena
1609 3971 1756 4026 cadit
1779 3971 1847 4024 de

184 4077 469 4132 manibus
494 4079 553 4128 et
577 4088 752 4126 sanus
781 4069 1044 4125 redditur
1067 4073 1123 4122 et
1150 4067 1385 4120 solutus.

263 4168 457 4223 XVIII.
487 4167 602 4219 Hoc
633 4169 825 4218 autem
855 4160 1149 4216 memoriae
1174 4159 1304 4230 jure
1331 4161 1605 4227 perpetuo
1635 4159 1718 4208 est
1741 4159 1849 4208 tra-

181 4261 220 4314 d
247 4261 480 4314 :ndum.
534 4255 778 4320 Quidam
821 4269 895 4308 ex
942 4249 1264 4305 Nantharici
1313 4248 1417 4319 [An
1453 4245 1848 4316 Nemptodori?

179 4357 472 4409 Nanterre
486 4349 533 4420 ?]
567 4346 807 4412 familia,
839 4343 1115 4415 separatis
1140 4342 1210 4395 ab
1231 4341 1471 4394 invicem
1493 4339 1848 4392 maxillarum

173 4443 510 4513 jnnctnris,
542 4456 642 4493 ore
669 4437 863 4508 aperio
892 4436 964 4490 ad
991 4439 1244 4487 sanctum
1275 4432 1471 4485 Virum
1496 4429 1844 4501 perducitur.

1949 3248 2251 3316 modicum,
2279 3248 2373 3302 sed
2403 3252 2663 3318 negatur.
2685 3247 2790 3311 Qui
2808 3247 2954 3302 fellis
2983 3246 3352 3301 amaritudine
3382 3245 3554 3300 susci-

1948 3343 2094 3394 tatus
2131 3339 2421 3407 acerrime,
2459 3340 2706 3393 balteum‘
2754 3355 2920 3393 suum
2971 3339 3041 3392 ad
3090 3338 3273 3393 Sancti
3325 3337 3557 3408 vestigia

1948 3431 2181 3500 projecit
2217 3432 2461 3484 clamans
2507 3447 2521 3484 :
2570 3432 2652 3484 Tu
2690 3446 2800 3499 me,
2829 3430 3072 3498 domine,
3101 3429 3384 3497 interﬁcis,
3427 3444 3557 3482 cum

1949 3539 2143 3576 sanare
2173 3522 2462 3576 debueras.
2502 3523 2606 3576 Sed
2643 3523 2747 3576 hoc
2790 3522 2891 3576 tibi
2925 3527 3121 3576 notum
3163 3521 3250 3586 sit,
3291 3520 3421 3592 quia
3455 3535 3558 3590 per

1947 3619 2000 3668 te
2027 3614 2255 3668 morior.
2287 3613 2407 3666 Vita
2442 3629 2565 3667 mea
2591 3631 2623 3667 a
2661 3618 2714 3668 te
2741 3614 2848 3667 erit
2875 3613 3209 3682 requirenda
3243 3629 3276 3665 a
3313 3627 3444 3681 rege
3468 3611 3554 3664 vel

1947 3722 1979 3758 a
2012 3705 2352 3774 parentibus.
2396 3705 2687 3760 Interdum
2725 3721 2841 3774 pra:
2877 3705 3056 3759 calore
3102 3720 3204 3774 per
3239 3701 3550 3773 baptisterii

1946 3797 2328 3867 pavimentum
2363 3797 2664 3850 volutatur.
2701 3797 2903 3850 Orante
2941 3795 3100 3850 beato
3139 3795 3264 3848 Viro
3299 3795 3358 3848 in
3385 3809 3550 3864 sopo-

1947 3905 2068 3942 rem
2097 3889 2455 3956 convertitur,
2485 3894 2540 3942 et
2573 3886 2983 3958 aliquantulum
3015 3891 3142 3958 post
3166 3901 3425 3940 somnum
3455 3902 3553 3940 ex-

1947 3980 2163 4046 citatus,
2197 3980 2267 4033 ab
2295 3979 2417 4050 ipso
2447 3979 2506 4033 in
2541 3996 2767 4034 omnem
2794 3979 3235 4032 incolumitatem
3259 3978 3558 4048 languidus

1947 4071 2300 4125 reformatur.
2325 4071 2624 4142 Inquisitus
2649 4087 2682 4124 a
2701 4069 2964 4141 pontifice
2984 4086 3084 4124 cur
3102 4074 3320 4124 tantum
3341 4069 3558 4123 locutus

1947 4161 2017 4215 sit
2039 4162 2107 4215 ad
2136 4161 2401 4230 injuriam
2421 4162 2737 4229 sacerdotis,
2770 4160 3054 4231 respondit
3074 4161 3256 4214 solum
3283 4160 3332 4214 ei
3353 4159 3558 4230 gratias

1947 4253 2212 4322 referens,
2241 4252 2383 4307 nihil
2413 4269 2472 4308 se
2499 4254 2568 4308 de
2607 4253 2722 4308 suis
2756 4253 2936 4307 verbis
2974 4252 3250 4306 recordari
3275 4252 3556 4306 confessus

1948 4348 2050 4398 est.

2019 4437 2168 4490 XXII.
2219 4436 2763 4490 Praecellentissimus
2823 4432 3208 4490 Childebertus
3259 4449 3357 4488 rex
3423 4425 3551 4486 cum

182 4540 380 4600 Quem
408 4533 581 4603 signo
608 4529 791 4584 01Ἦοίὸ
807 4529 1086 4596 impresso
1111 4523 1332 4578 sanitati
1361 4523 1642 4576 Γεάἀίῐωῐι
1673 4520 1923 4596 νθῐυίῐΙ)
1946 4543 2153 4598 equum
2201 4528 2575 4582 necessarium
2613 4529 2683 4581 ad
2721 4527 2914 4581 sellam
2951 4525 3100 4580 beati
3138 4525 3242 4580 viri
3293 4526 3555 4579 donasset

183 4645 266 4682 ne
293 4627 590 4696 acciperet
633 4621 752 4675 vini
791 4624 993 4690 potum
1018 4621 1118 4670 aut
1141 4614 1322 4669 carnis
1355 4613 1606 4668 edulium
1636 4612 1718 4684 (ο).
1745 4613 1852 4676 Qui

186 4723 494 4789 praecepto
539 4712 856 4786 postposito
891 4709 961 4763 ad
989 4723 1249 4762 normam
1274 4706 1360 4759 sui
1383 4705 1630 4776 langoris
1663 4704 1851 4758 statim

189 4812 473 4864 reductus
503 4811 612 4862 est.
649 4804 758 4860 Sed
781 4819 855 4857 ne
880 4798 1302 4871 pragvaricantis
1329 4797 1676 4868 negligentia
1695 4796 1849 4866 justo

191 4902 572 4956 subtraheret
600 4895 866 4967 gloriam,
889 4892 948 4946 in
975 4891 1289 4962 Spedotcno
1317 4889 1390 4959 (ἀ)
1421 4889 1550 4942 villa
1575 4903 1766 4942 rursus
1796 4887 1848 4942 ei

192 4995 422 5048 oblatus
440 4996 549 5046 est.
568 4988 748 5058 Cujus
767 4985 890 5040 loca
907 4982 1264 5038 maxillarum
1282 4985 1470 5034 sancto
1486 4996 1663 5050 perun
1671 4995 1848 5050 guens

192 5087 342 5156 oleo,
375 5102 443 5139 ac
467 5081 657 5138 beatis
683 5077 952 5134 manibus
975 5078 1235 5128 mentum
1261 5072 1576 5142 astringens
1611 5076 1666 5126 et
1701 5071 1847 5125 labia

268 5236 340 5304 (a)
375 5237 455 5288 Ita
481 5249 626 5287 mss.
655 5227 859 5294 Codd.,
883 5225 984 5304 ubi
1000 5222 1306 5304 legendum
1331 5222 1552 5304 videtur
1579 5223 1843 5304 bructczmi

192 5292 386 5373 semen,
419 5306 532 5358 hoc
559 5313 812 5373 aureum
837 5292 926 5373 vel
949 5292 1328 5373 argenteum":
1356 5307 1490 5373 nam
1515 5292 1740 5373 bractea
1763 5298 1843 5373 est

195 5377 314 5430 auri
342 5361 432 5430 vel
463 5369 713 5443 argenti
737 5365 954 5443 lamina
971 5363 1244 5443 subtilior.
1273 5363 1374 5416 Cui
1395 5361 1842 5443 interpretationi

193 5449 236 5500 fa
249 5452 332 5501 vet
358 5433 915 5518 quod_§equiturfle
943 5433 1232 5518 aurulenta
1257 5437 1464 5518 segete.

257 5500 328 5586 (bl
352 5500 743 5586 Elelodunurn
777 5505 1020 5586 (Melan),
1049 5501 1119 5554 ad
1145 5500 1459 5586 Sequanam
1485 5500 1681 5586 decem
1713 5501 1834 5586 ἔξω-

187 5569 460 5659 (ις’ὲῖιῆιίει
507 5569 809 5659 Lutetiam
835 5572 1210 5659 Parisiorum;
1230 5569 1308 5623 'ln
1345 5569 1674 5659 quibusdam
1712 5572 1834 5624 Mss.

185 5641 386 5730 legitur
413 5658 495 5730 de
515 5655 686 5730 domo
702 5641 1694 5730 ‘Medarttijlfeq‘lt‘t‘ipnegsignifies.

243 5708 722 5796 maleaeque
767 5715 1066 5796 deam?"
1101 5708 1590 5796 Ρειίνθηθθηθάίθίθ
1631 5709 1839 5782 legitur

174 5799 228 5854 in
246 5781 357 5856 lib:
368 5781 451 5854 ii.
491 5781 620 5850 Dial
647 5802 828 5863 grcg.
858 5781 1062 5852 Magni,
1091 5795 1214 5849 cap.
1251 5781 1332 5832 I6.

1948 4619 2268 4674 vehiculum
2295 4623 2456 4689 rogat
2482 4619 2599 4689 ipse
2639 4619 2736 4689 qui
2773 4618 3001 4673 dederat
3032 4623 3099 4672 ut
3133 4633 3262 4672 eum
3288 4617 3392 4670 sibi
3417 4617 3553 4670 reti-

1947 4715 2126 4778 neret,
2157 4727 2260 4765 nec
2295 4711 2556 4780 cuiquam
2592 4711 2884 4764 tribueret.
2925 4710 3154 4764 Interim
3201 4709 3397 4763 beatus
3449 4709 3552 4776 vir,

1945 4803 2260 4872 postulante
2283 4802 2518 4872 captivo,
2548 4819 2758 4872 equum
2787 4802 2956 4856 donat
2979 4801 3038 4854 in
3061 4802 3260 4872 pretio,
3291 4801 3555 4870 quoniam

1945 4893 2094 4962 apud
2125 4893 2443 4964 pontiﬁcem
2471 4893 2598 4964 plus
2631 4895 2742 4948 fuit
2777 4909 2946 4964 quam
2971 4893 3068 4947 illa
3096 4892 3242 4962 regis
3279 4908 3383 4945 vox
3413 4907 3552 4961 pau-

1945 4985 2112 5054 peris.
2142 4985 2307 5039 Jubet
2332 4985 2505 5054 igitur
2531 4990 2595 5039 ut
2616 4985 2936 5056 quindecim
2957 4999 3087 5038 eum
3104 4983 3449 5038 venundaret
3473 4999 3556 5036 so-

1943 5075 2109 5130 lidis:
2151 5092 2322 5146 quem
2363 5093 2574 5146 pauper
2608 5075 2727 5146 ipse
2765 5092 2894 5130 cum
2946 5076 3193 5142 duceret,
3237 5074 3559 5144 negotiator

2015 5225 2086 5295 (d)
2113 5224 2236 5295 AL,
2278 5223 2904 5295 Spedenoto_(Esporzc),_
2926 5223 3078 5278 vicus
3104 5240 3288 5295 prope
3323 5224 3554 5279 Medun-

1941 5293 2345 5348 tam'Castrum
2383 5293 2624 5361 (Manios)
2665 5293 2855 5346 decem
2892 5293 3062 5348 leucis
3099 5293 3243 5346 infra
3284 5295 3555 5348 Lutetiam

1942 5363 2300 5432 Parisiorum,
2337 5378 2450 5416 non
2482 5363 2648 5434 longe
2673 5379 2706 5415 a
2731 5363 3046 5418 confluente
3082 5364 3323 5418 Mandras
3362 5364 3418 5418 in
3455 5364 3555 5418 Se-

1981 5449 2180 5486 uanam
2193 5474 2205 5486 .

1940 5450 2365 5574 qualugi‘legorio
2401 5504 2608 5574 Iuron.
2642 5502 2707 5574 In
2748 5503 2825 5557 lib
2868 5520 2943 5572 1v,
2997 5519 3117 5574 cap.
3167 5507 3247 5574 3,7
3271 5503 3550 5574 Clotsinda

1936 5571 2181 5644 vocatur,
2209 5571 2432 5627 Clotarii
2459 5573 2609 5642 regis
2633 5571 2769 5644 ﬁlia,
2795 5571 2935 5644 qua:
2962 5571 3195 5644 Alboino
3209 5571 3212 5572 ⁷
3231 5572 3549 5644 Langobar-

1937 5643 2138 5696 dorum
2183 5643 2304 5713 regi
2363 5641 2831 5713 posteawnupsitf
2879 5645 2959 5696 Ex
3017 5644 3123 5696 hoc
3185 5643 3324 5713 loco,
3358 5641 3544 5713 rideas

1937 5728 2140 5782 regum
2169 5709 2506 5768 Francorum
2535 5709 2764 5783 filias—in
2794 5717 3025 5783 paterna
3053 5713 3216 5766 domo
3239 5712 3418 5764 adhuc
3446 5709 3539 5760 de-

1940 5781 2131 5852 gentes
2157 5783 2378 5853 reginas
2405 5781 2687 5852 appellari.
