3968 6434
377 361 441 426 ⁸³
1271 379 1562 437 SANCTUS
1597 383 1970 448 GERMANL’S,
2011 381 2416 437 PARISIENSIS
2451 377 2824 436 EPISCOPCS.
3659 361 3734 423 6’s

343 473 636 574 _occurrit,
669 477 926 554 eruitque
951 483 1282 554 praedictum
1321 504 1530 560 equum
1555 490 1847 546 duodecim
1889 507 1988 544 au-
2015 501 2072 574 Α
2091 491 2268 557 retur,
2313 487 2600 559 ingressus
2643 485 2704 539 in
2747 479 3060 538 oratorium
3101 477 3291 574 statim
3329 473 3556 574 mulieri
3581 475 3738 574 alter

375 569 506 624 reis.
535 571 654 634 Quo
680 579 869 644 empto
889 577 1205 648 negotiator
1221 579 1448 638 adducit
1464 581 1534 637 ad
1555 583 1856 638 stabulum.
1889 584 1992 640 Sed

375 663 642 732 quoniam
681 665 868 721 minus
905 668 1134 726 dederat
1171 689 1343 744 quam
1380 675 1466 730 vir
1489 675 1588 730 Dei
1624 680 1991 748 praeceperat,

374 769 552 825 equus
580 757 683 812 sub
709 763 870 814 nocte
893 762 1154 828 moritur,
1185 782 1258 820 ne
1289 767 1473 824 Sancti
1505 769 1740 823 verbum
1763 769 1870 824 iret
1903 769 1992 823 in-

374 861 610 903 cassum.
641 851 798 906 Unde
827 856 1084 926 sequenti
1121 857 1210 912 die
1237 859 1495 915 sellarem
1521 861 1590 916 de
1618 862 1837 916 stabulo
1859 863 1994 934 jun-

373 938 477 992 ctis
503 940 682 995 bobus
709 945 1020 1000 extinctum
1061 951 1292 1002 retraxit
1329 958 1548 1021 emptor
1581 959 1870 1008 mortuum
1897 971 1994 1009 ve-

373 1029 646 1100 hiculum,
677 1036 773 1106 qui
801 1053 960 1092 versa
987 1039 1104 1094 vice
1130 1041 1369 1112 capistro
1395 1059 1509 1098 non
1535 1045 1737 1117 capite,
1767 1047 1864 1101 sed
1891 1063 1993 1119 pe-

373 1122 536 1178 dibus
562 1126 823 1198 alligatus
852 1131 1126 1188 educitur.

445 1217 619 1273 XXIII.
651 1222 744 1275 Est
773 1239 958 1293 operte
985 1226 1230 1295 pretium
1267 1228 1410 1284 illud
1435 1231 1728 1286 memoria;
1753 1231 1993 1300 tradere,

375 1311 618 1380 qualiter
642 1313 906 1370 Sacerdos
934 1317 1136 1373 Christi
1163 1321 1357 1375 solitus
1379 1327 1498 1378 erat
1517 1324 1585 1379 de
1611 1324 1748 1396 ipsis
1771 1341 1998 1396 quoque

374 1403 601 1474 regibus
621 1405 988 1478 triumphare.
1015 1411 1194 1481 Igitur
1212 1429 1340 1468 cum
1364 1415 1603 1486 glorioso
1619 1417 1858 1472 Clotario
1875 1417 1998 1488 regi

374 1497 702 1553 occurrisset
731 1516 799 1554 ex
826 1501 1007 1570 solito,
1039 1520 1142 1558 nec
1167 1509 1356 1560 tamen
1380 1507 1448 1562 de
1469 1513 1658 1564 sancto
1676 1509 1804 1564 Viro
1819 1514 1998 1564 stante

375 1593 504 1642 ante
533 1591 802 1660 palatium
835 1595 886 1648 ei
919 1595 1090 1651 fuerit
1125 1599 1468 1670 nuntiatum,
1507 1618 1666 1656 mora
1699 1603 1840 1656 facta
1868 1607 1998 1656 ante

373 1681 710 1736 vestibulum
739 1701 852 1740 non
883 1695 1316 1758 reprazsentatus
1345 1692 1474 1748 inde
1513 1693 1746 1748 domum
1771 1695 2000 1749 reverti-

375 1775 486 1827 tur.
516 1773 763 1844 Sequcns
791 1795 900 1832 nox
931 1780 990 1834 in
1019 1783 1258 1836 oratorio
1277 1784 1482 1855 vigiliis
1508 1786 1752 1856 ducitur,
1779 1803 1876 1841 rex
1903 1787 2000 1841 do-

2093 581 2287 636 oculus
2309 579 2582 651 aperitur,
2613 581 2668 632 et
2691 579 2992 648 praestante
3011 572 3249 628 Domino
3281 569 3520 644 gemello
3547 583 3606 624 se
3637 566 3734 622 vi-

2092 673 2222 728 dere
2248 673 2462 727 lumine
2485 670 2824 743 gratulatur.

2163 766 2332 820 XXVI.
2365 757 3258 836 Magnotledis[Al.,Rannoﬂidis}
3277 756 3466 828 puella
3485 771 3616 810 cum
3649 757 3740 808 ta-

2092 857 2238 912 libus
2267 857 2498 928 decepta
2515 855 2848 910 illuderetur
2869 852 3107 920 insidiis,
3129 855 3194 906 ut
3217 850 3436 922 quoties
3459 847 3532 904 ad
3551 846 3740 903 eccle-

2092 951 2232 1006 siam
2250 949 2512 1004 voluisset
2540 947 2823 1014 accedere,
2853 961 3104 1016 gressum
3131 944 3314 998 facere
3345 957 3462 997 non
3491 940 3738 1005 valeret,

2094 1059 2252 1098 servo
2273 1041 2371 1096 Dei
2399 1041 2460 1095 in
2483 1040 2614 1094 villa
2633 1040 2832 1095 Savara
2849 1039 2916 1108 (δ)
2935 1041 3271 1110 praesentata
3297 1039 3400 1090 est.
3417 1033 3742 1090 Confestim

2093 1139 2158 1190 ut
2177 1134 2360 1190 Sancti
2385 1149 2586 1188 manus
2615 1149 2785 1204 super
2803 1135 2970 1202 caput
2997 1129 3200 1202 puellae
3225 1128 3522 1183 titubantis
3545 1128 3745 1198 impo-

2095 1227 2268 1296 nitur,
2295 1226 2392 1280 tali
2415 1224 2843 1297 investigatione
2861 1223 3110 1278 occultus
3137 1223 3341 1292 hospes
3365 1219 3500 1293 [Al.,
3521 1219 3739 1294 hostis]

2097 1318 2398 1391 detegitur,
2425 1323 2481 1372 et
2509 1335 2566 1372 se
2587 1317 2682 1372 diu
2710 1316 2938 1371 latuisse
2957 1316 3136 1370 multo
3163 1313 3380 1386 gemitu
3399 1313 3740 1369 confitetur.

2095 1429 2196 1466 nec
2221 1411 2280 1466 in
2307 1411 2460 1466 Beati
2485 1409 2785 1482 praesentia
2819 1409 3024 1464 clamat
3057 1407 3286 1479 proprio
3327 1423 3386 1460 se
3425 1423 3589 1478 posse
3635 1423 3742 1461 ee-

2095 1505 2211 1559 lare
2245 1503 2555 1576 praestigio.
2585 1504 2732 1574 Ergo
2761 1502 2838 1556 ita
2863 1517 2920 1556 se
2949 1500 3236 1573 proditum
3267 1504 3324 1554 et
3359 1515 3746 1571 egressurum

2100 1596 2254 1667 gravi
2289 1596 2488 1650 ardore
2525 1594 2909 1666 conqueritur.
2949 1592 3180 1648 Interim
3217 1608 3334 1646 non
3359 1597 3608 1648 cessante
3641 1609 3744 1647 sa-

2097 1689 2320 1744 cerdote
2343 1704 2517 1742 manu
2543 1687 2723 1742 crucis
2765 1687 2989 1758 signum
3019 1685 3346 1758 depingere,
3377 1686 3747 1756 expectanti-

2097 1782 2202 1836 bus
2229 1781 2492 1836 omnibus
2517 1781 2576 1834 in
2613 1796 2822 1834 muscae
2863 1777 3298 1833 similitudinem
3325 1793 3745 1850 prorumpens,

371 1863 489 1918 lore
529 1871 698 1937 atque
737 1869 908 1926 febris
949 1872 1302 1931 infestatione
1343 1881 1656 1948 torquetur.
1689 1879 1786 1933 Vix
1815 1879 1998 1950 primo
2019 1865 2074 1936 Β
2099 1890 2228 1928 cum
2253 1873 2528 1944 δεηϐιιὶῐιθ
2556 1873 2626 1927 de
2655 1872 2884 1926 naribus
2903 1870 3156 1926 muneris
3180 1870 3442 1924 inimicus
3469 1887 3752 1943 egressus

372 1955 615 2012 diluculo
644 1961 712 2015 ad
741 1961 974 2018 domum
1002 1967 1250 2022 ecclesiae
1275 1985 1308 2022 a
1341 1971 1668 2040 proceribus
1701 1987 2000 2028 concursa-

373 2053 502 2118 tur;
537 2067 701 2120 poena
729 2055 880 2126 regis
916 2059 1236 2128 exponitur,
1265 2065 1329 2114 ut
1364 2079 1464 2116 sua
1498 2062 1814 2118 visitatione
1851 2066 2002 2135 regis

374 2141 582 2196 doloris
607 2144 720 2199 vim
743 2147 966 2219 mitiget
989 2151 1284 2220 optimates
1297 2153 1687 2224 deprecantur.
1705 2157 1826 2211 Mox
1851 2159 2002 2228 apud

377 2233 644 2303 pietatem
685 2237 909 2309 injuria:
959 2259 1126 2296 causa
1165 2247 1541 2316 postponitur,
1579 2248 1678 2318 qui
1719 2254 1848 2304 ante
1899 2266 2002 2304 nec

377 2327 762 2398 nuntiabatur,
791 2331 964 2387 intrat
991 2335 1298 2391 honoratus
1323 2343 1378 2392 et
1406 2344 1666 2394 exoratus
1707 2341 1999 2412 palatium.

379 2420 494 2474 Rex
511 2420 604 2474 vix
630 2425 872 2494 assurgit
889 2427 958 2480 de
981 2428 1206 2496 lectulo,
1231 2447 1440 2484 cmsum
1471 2449 1528 2486 se
1555 2433 1745 2488 divino
1777 2433 2002 2505 ﬂagello

377 2515 758 2582 conqueritur.
787 2518 1058 2574 Allambit
1093 2523 1268 2576 sancti
1305 2524 1618 2594 palliolum,
1651 2531 1863 2580 vestem
1901 2529 1998 2582 Sa-

377 2604 614 2659 cerdotis
648 2607 872 2664 deducit
901 2627 1002 2681 per
1029 2612 1150 2667 loca
1191 2614 1414 2671 doloris.
1447 2617 1680 2688 Culpam
1717 2619 2002 2674 confessus

376 2697 626 2752 criminis
651 2716 782 2754 mox
811 2703 969 2757 dolor
988 2706 1170 2760 omnis
1187 2707 1456 2777 fugatur:
1479 2709 1649 2780 idque
1677 2715 1866 2765 actum
1895 2717 1998 2780 est,

375 2793 440 2844 ut
463 2791 622 2861 cujus
649 2790 962 2850 incurrerat
991 2796 1059 2850 de
1085 2803 1411 2870 contemptu
1455 2801 1794 2872 periculum,
1827 2804 2000 2859 senti-

378 2885 466 2935 ret
491 2885 646 2937 tactu
673 2886 1010 2941 remedium.

451 2975 617 3028 XXIV.
665 2977 724 3030 In
765 2993 911 3048 pago
951 2980 1223 3036 Parisiaco
1259 2983 1386 3038 Vico
1423 2985 1572 3038 Novo
1613 2985 1806 3056 (Infra,
1851 3004 1999 3044 num.

381 3065 466 3134 40)
509 3083 599 3120 res
643 3073 798 3138 gesta
841 3075 943 3125 est.
981 3072 1216 3136 Quidam
1261 3075 1318 3129 in
1367 3077 1564 3132 eodem
1611 3080 1732 3134 loco
1784 3081 2002 3152 impetu

378 3158 498 3230 lupi
537 3159 716 3214 rabidi
751 3162 1024 3218 laceratus
1060 3171 1115 3220 et
1141 3172 1296 3222 extra
1321 3185 1548 3224 sensum
1579 3171 1806 3228 effectus
1837 3175 2000 3230 beato

380 3251 661 3307 Sacerdoti
687 3254 1022 3311 miseranter
1040 3259 1258 3314 oblatus
1285 3266 1387 3316 est.
1418 3263 1514 3317 Hic
1543 3265 1612 3319 ad
1641 3265 1734 3319 illa
1765 3283 1881 3321 sum
1907 3283 1998 3320 ar-
2021 3223 2074 3296 Ο

377 3343 449 3396 tis
491 3361 786 3400 recurrens
823 3349 1108 3420 suffragia,
1146 3369 1278 3406 mox
1313 3355 1539 3409 brachio
1573 3358 1682 3412 olei
1721 3358 2004 3413 benedicti

376 3435 594 3506 liquore
634 3439 945 3496 circumlito
983 3448 1038 3496 et
1065 3446 1234 3499 sacris
1259 3462 1324 3500 eo
1363 3447 1554 3518 digitis
1597 3450 2004 3505 medicabiliter

376 3533 664 3584 attrectato
715 3533 885 3602 pestis
923 3535 1019 3588 illa
1059 3553 1186 3608 qua:
1226 3539 1436 3594 viscera
1479 3541 1670 3596 dolore
1714 3547 2002 3614 grassante

374 3627 712 3694 pervaserat,
745 3625 862 3680 loca
889 3628 1034 3699 fugit
1053 3630 1293 3698 obsessa,
1321 3637 1374 3686 et
1385 3633 1504 3704 jam
1531 3635 1832 3705 putredine
1857 3651 2004 3691 reso-

374 3714 510 3782 luta,
541 3715 731 3787 vigore
757 3720 993 3789 pristino
1020 3724 1298 3794 restituto,
1321 3725 1441 3780 sine
1468 3728 1821 3784 cunctatione
1849 3729 2002 3784 velut

374 3814 698 3878 experrecto
727 3811 794 3865 de
823 3831 1021 3884 30pore
1050 3817 1206 3870 dolor
1230 3819 1473 3886 recessit,
1505 3837 1666 3874 mens
1693 3821 1880 3877 rediit.

445 3901 592 3956 XXV.
625 3903 762 3958 Item
796 3905 863 3959 de
894 3907 1022 3961 Vico
1049 3910 1286 3964 ltlantola
1313 3912 1383 3980 (a)
1413 3913 1672 3967 Waldulﬁ
1707 3915 2002 3984 cujusdam

375 3995 598 4062 ancilla,
623 4013 771 4050 anno
797 4003 852 4054 et
879 4017 1082 4056 novem
1109 4003 1396 4058 mensibus
1423 4005 1578 4075 gravi
1605 4006 1851 4060 czecitate
1881 4023 2004 4077 per-

376 4103 554 4158 cussa,
584 4107 687 4161 per
711 4107 970 4162 soporem
997 4096 1282 4150 admonita
1311 4101 1378 4151 ut
1415 4097 1699 4152 fimbriam
1734 4099 1918 4154 Sancti
1955 4099 2004 4152 si

377 4185 652 4253 tangeret,
681 4201 813 4240 mox
835 4187 1016 4242 visum
1039 4189 1336 4260 reciperet,
1357 4189 1444 4244 die
1465 4191 1712 4260 quadam
1731 4192 2004 4246 sacerdoti

375 4276 645 4346 occurrit;
675 4277 772 4332 sed
803 4280 982 4334 multa
1019 4287 1180 4335 nocte
1223 4283 1566 4336 circumdata
1593 4283 1670 4336 ita
1695 4285 2005 4338 constrictis

373 4367 702 4437 luminibus,
735 4375 794 4425 ut
819 4373 970 4427 unde
998 4375 1184 4427 oleum
1213 4375 1574 4430 benedictum
1607 4375 1879 4446 injiceret,
1911 4377 2000 4432 lu-

370 4461 537 4515 minis
563 4463 818 4518 additum
839 4481 954 4519 non
979 4471 1290 4537 praestaret.
1311 4468 1520 4522 Tamen
1539 4469 1800 4538 peruncti
1818 4470 2004 4540 palpe-

369 4553 485 4607 bris
511 4554 754 4626 desuper
780 4561 836 4611 et
871 4557 1004 4612 locis
1045 4559 1276 4652 reliquis
1316 4559 1533 4629 capitis,
1565 4561 1814 4616 oratione
1852 4563 1998 4632 data,
2022 4581 2079 4652 D

367 4661 513 4716 pane
539 4651 594 4700 et
623 4649 734 4702 sale
759 4649 998 4720 signato,
1028 4651 1252 4706 mulieri
1271 4653 1536 4723 praecepit
1561 4653 1632 4708 ad
1653 4654 2004 4710 mansionem

371 4755 430 4794 se
457 4740 719 4794 condere.
755 4743 874 4812 Ipse
899 4759 933 4796 a
957 4744 1144 4814 primo
1163 4761 1362 4798 somno
1387 4745 1446 4798 in
1469 4746 1711 4801 oratorio
1738 4747 1999 4820 pervigil,

371 4831 517 4885 circa
567 4833 822 4888 medium
859 4836 1038 4890 noctis
1089 4835 1294 4890 mulier
1341 4837 1544 4892 clamat
1606 4839 1884 4911 hospitem
1945 4858 2004 4896 se

371 4923 681 4996 lacrymare
717 4927 968 4998 profuse.
1015 4929 1156 4982 Tum
1203 4945 1433 4983 accenso
1479 4930 1696 4988 lumine
1747 4933 1818 4986 ab
1866 4949 2000 4988 ocu-

373 5015 558 5072 lorum
585 5036 857 5092 compage
878 5021 1058 5076 cernit
1079 5037 1308 5076 manare
1329 5023 1684 5094 sanguinem.
1711 5026 1846 5090 Quae
1873 5043 2004 5081 eum

373 5110 570 5164 eodem
597 5129 796 5167 cruore
821 5129 987 5168 mane
1011 5115 1082 5168 ad
1107 5115 1372 5170 Sanctum
1399 5117 1584 5186 rediit,
1607 5118 1702 5172 sed
1729 5117 1844 5190 ipse
1873 5135 2004 5173 cum

371 5219 522 5272 aqua
549 5203 848 5274 palpebras
871 5205 1065 5262 fovens
1100 5212 1156 5262 et
1191 5209 1442 5278 abluens,
1470 5210 1816 5265 orationibus
1841 5211 2000 5266 addi-

370 5294 440 5348 tis
469 5296 664 5350 oculus
693 5313 842 5351 unus
868 5302 1092 5370 apertus
1119 5303 1203 5355 est
1219 5319 1235 5371 ;
1276 5301 1478 5357 deinde
1517 5303 1691 5357 altero
1731 5308 2005 5374 peruncto

369 5387 580 5443 mulier
605 5389 838 5444 domum
867 5393 1187 5448 revertitur.
1222 5394 1432 5449 Dehinc
1457 5395 1650 5449 eadem
1677 5395 1781 5450 sub
1818 5399 2001 5465 nocte,

371 5479 618 5535 nimium
634 5483 760 5536 fuso
776 5485 1073 5556 sanguine,
1093 5487 1582 5559 appropinquante
1598 5488 1708 5556 die,
1724 5489 2006 5544 Sacerdoti

371 5589 427 5624 se
447 5573 670 5628 obtulit.
691 5576 794 5640 Qui
815 5593 944 5632 cum
973 5579 1040 5633 de
1070 5581 1218 5650 regis
1243 5597 1478 5635 occursu
1494 5581 1726 5634 domum
1757 5585 2004 5636 reverte-

446 5711 516 5780 (a)
547 5715 634 5788 An
661 5719 908 5770 castrum
949 5717 1210 5771 Medunta
1253 5718 1374 5774 aliis
1419 5717 1807 5788 appellatum?
1849 5717 2008 5774 Certe

375 5783 740 5910 vernacpéum
769 5801 978 5841 nomen
1001 5790 1228 5856 Mantes,
1255 5789 1386 5844 satis
1404 5783 1635 5842 accedit.
1657 5787 1792 5842 Vide
1813 5805 2004 5861 supra,

380 5868 541 5908 num.
649 5895 662 5909 .

380 5868 541 5908 num.
579 5868 662 5909 ιδ.

2101 1971 2203 2020 est.
2241 1967 2420 2030 Quam
2445 1965 2667 2019 sanitati
2694 1964 3032 2032 restitutam,
3071 1963 3388 2017 monachali
3419 1968 3572 2018 veste
3597 1981 3749 2019 mu-

2100 2063 2294 2128 tatam,
2331 2057 2428 2112 Dei
2471 2057 2694 2112 servitio
2735 2055 3003 2110 traditam
3047 2055 3134 2110 bis
3183 2055 3538 2128 triumphare
3573 2056 3748 2126 fecit,

2101 2151 2260 2206 hoste
2285 2150 2429 2204 victo
2453 2149 2540 2204 vel
2567 2150 2790 2203 saeculo.

2171 2245 2363 2297 XXVII.
2395 2242 2538 2306 Quid
2573 2242 2712 2296 illud
2747 2241 2900 2312 quod
2947 2240 3070 2295 sine
3119 2257 3278 2295 mora
3312 2241 3528 2296 curavit
3565 2241 3748 2296 debi-

2099 2335 2212 2390 lem
2247 2335 2576 2390 dexteram?
2604 2335 2743 2389 Cum
2783 2334 2854 2388 ad
2893 2333 3251 2388 festivitatem
3291 2333 3466 2388 sancti
3506 2333 3754 2388 Martini

2100 2428 2336 2482 Turonis
2363 2427 2703 2496 accessisset,
2733 2441 2958 2498 egresso
2983 2426 3052 2480 de
3093 2426 3435 2480 monasterio
3467 2425 3638 2480 oﬁ'ert
3683 2441 3756 2482 se

2101 2521 2306 2574 mulier
2343 2520 2600 2586 barbara,
2639 2535 2814 2572 manu
2853 2517 3040 2573 nervis
3083 2523 3386 2587 contracta,
3437 2519 3756 2590 postulans

2103 2613 2458 2667 medicinam.
2495 2612 2675 2676 Quam
2713 2611 2817 2664 sub
2861 2611 3050 2664 casula
3085 2613 3391 2681 receptam,
3424 2627 3526 2665 suo
3564 2617 3754 2683 sputo

2101 2705 2302 2760 illitam
2347 2705 2502 2759 velut
2539 2719 2796 2774 sparsum
2837 2703 3034 2757 farinae
3070 2702 3366 2757 collectum
3412 2719 3754 2761 commace-

2101 2801 2208 2852 rat.
2235 2797 2372 2850 Hinc
2409 2796 2710 2851 resudante
2748 2795 2980 2850 dextera
3013 2795 3216 2867 digitos
3251 2795 3432 2851 tendit
3458 2801 3516 2851 et
3553 2795 3754 2868 repli-

2101 2895 2208 2960 cat,
2239 2893 2526 2962 torporem
2561 2891 2876 2944 veteratum
2904 2888 2976 2942 ad
3015 2887 3370 2943 vivacitatem
3408 2890 3753 2945 resuscitat.

2103 2985 2168 3038 Et
2193 2982 2526 3054 priusquam
2545 2981 2764 3037 veniret
2780 2981 2850 3034 ad
2872 2980 3022 3036 beati
3041 2980 3262 3036 Martini
3274 2981 3512 3052 januam
3539 2981 3758 3054 digitis

2103 3076 2217 3130 suis
2255 3081 2543 3130 extensam
2571 3074 2816 3129 reddidit
2837 3073 3182 3128 incolumem
3213 3074 3523 3129 dexteram.
3550 3074 3758 3138 Quam

2101 3186 2232 3224 mox
2259 3169 2503 3223 sentiens
2530 3183 2648 3222 esse
2675 3167 2968 3234 directam,
2995 3166 3296 3222 mulierem
3321 3183 3354 3220 a
3380 3183 3436 3222 se
3470 3167 3759 3240 repulsus

2102 3267 2183 3317 est
2214 3261 2337 3333 [Pro
2363 3261 2616 3332 repulit],
2647 3260 2936 3330 ingressus
2965 3259 3271 3314 basilicam.

2171 3355 2394 3408 XXVIII.
2441 3353 2650 3407 Deinde
2688 3351 3013 3422 egrediente
3051 3351 3120 3406 de
3165 3351 3434 3423 praedicta
3482 3349 3754 3426 basilica,

2102 3463 2232 3501 cum
2271 3462 2330 3500 se
2371 3445 2440 3499 ad
2479 3445 2830 3498 mansionem
2869 3459 3060 3498 servus
3099 3443 3195 3498 Dei
3233 3443 3528 3514 reciperet,
3568 3443 3760 3502 oﬂ'ert

2103 3555 2160 3592 se
2180 3554 2379 3592 manca
2403 3537 2578 3592 altera
2601 3537 2790 3608 palma
2813 3536 3003 3607 digitis
3029 3535 3216 3606 afﬁxa,
3247 3553 3375 3607 qua:
3402 3535 3562 3606 prius
3592 3541 3766 3595 tacta

2103 3633 2170 3686 de
2215 3631 2402 3706 saliva,
2454 3629 2658 3684 dehinc
2713 3629 2834 3683 oleo
2872 3631 3166 3698 peruncta,
3217 3628 3472 3699 pristinae
3513 3629 3762 3688 sanitati

2102 3725 2170 3779 de
2199 3723 2466 3796 praesenti
2489 3727 2574 3776 est
2595 3721 2832 3776 reddita.
2864 3721 3005 3775 Nam
3034 3737 3226 3776 causas
3253 3720 3598 3776 inﬁrmitatis
3619 3722 3746 3780 hoc

2103 3821 2222 3871 erat
2247 3821 2436 3870 sancto
2467 3815 2596 3869 Viro
2621 3830 2818 3868 curare
2843 3813 2996 3885 quod
3023 3818 3280 3884 tangere.

2173 3910 2338 3962 XXIX.
2388 3909 2518 3962 Erat
2570 3923 2700 3962 sane
2745 3906 3024 3976 mirabile,
3083 3907 3302 3979 quoties
3349 3908 3595 3964 famulus
3648 3909 3760 3966 Dei

2103 4002 2174 4056 ad
2199 4001 2674 4072 Augustodunum
2703 3999 2964 4054 voluisset
2991 3999 3276 4070 accedere,
3303 4017 3436 4056 mox
3478 4001 3550 4056 ad
3593 4001 3748 4058 San-

2103 4099 2256 4150 ctum
2271 4093 2746 4165 Symphorianum
2762 4093 3046 4148 demones
3065 4093 3422 4149 nuntiabant.
3445 4095 3511 4149 Et
3538 4111 3756 4151 occur-

2103 4191 2290 4242 rentes
2331 4203 2435 4258 per
2475 4186 2792 4240 Murvinum
2837 4185 3016 4256 (Num.
3064 4187 3173 4256 32),
3219 4186 3356 4240 ﬂetu
3408 4187 3757 4260 gemituque

2104 4279 2420 4334 clamabant
2447 4297 2460 4334 :
2493 4279 2590 4332 Vir
2617 4283 2826 4348 sancte,
2855 4279 2903 4332 si
2943 4279 3013 4333 de
3051 4278 3184 4333 locis
3211 4279 3376 4334 cultis
3401 4295 3504 4334 nos
3531 4279 3747 4336 incon-

2105 4372 2418 4427 sideranter
2455 4371 2684 4443 repellis
2725 4371 2811 4425 vel
2845 4371 3120 4440 habitare,
3173 4372 3414 4427 concede
3469 4372 3754 4430 silvarum

2104 4483 2206 4537 per
2223 4465 2603 4534 solitudinem,
2623 4468 2690 4518 ut
2704 4463 2870 4519 liceat
2893 4463 3113 4518 miseris
3145 4481 3248 4536 per
3272 4465 3492 4520 deserta
3510 4480 3752 4523 securos

2105 4574 2313 4614 errare.
2356 4561 2502 4613 Ante
2547 4561 2674 4612 tuos
2711 4557 2900 4611 oculos
2939 4572 3044 4611 nec
3097 4573 3334 4628 corpora
3383 4573 3490 4612 nos
3533 4559 3750 4630 celant,

2103 4667 2204 4706 nec
2229 4667 2481 4707 nemora.
2513 4649 2620 4714 Qui
2663 4650 2931 4704 deﬂentes
2969 4653 3026 4704 et
3061 4650 3249 4705 Sancti
3285 4667 3400 4704 non
3435 4649 3752 4709 tolerantes

2101 4745 2483 4818 praesentiam,
2515 4743 2742 4798 admota
2763 4743 2885 4813 ejus
2911 4743 3142 4797 dextera
3167 4743 3238 4798 de
3265 4743 3506 4798 obsessis
3533 4761 3748 4817 corpo-

2102 4839 2259 4893 ribus
2289 4837 2499 4909 passim
2526 4835 2893 4891 vertebantur
2919 4835 2980 4889 in
3003 4835 3221 4906 fugam,
3249 4840 3304 4890 et
3330 4835 3400 4891 de
3429 4837 3609 4892 salute
3635 4853 3752 4910 po-

2101 4931 2220 5002 puli
2243 4930 2492 5002 projecta
2517 4927 2800 4984 daemonia
2825 4927 3264 4983 lamentabatur.

2173 5025 2317 5078 XXX.
2345 5023 2693 5078 Producatur
2717 5021 2777 5075 in
2799 5020 3054 5075 medium
3089 5021 3278 5076 nobile
3315 5021 3453 5076 illud
3491 5021 3754 5079 miracu-

2103 5119 2242 5172 lum.
2275 5117 2413 5170 Cum
2435 5114 2832 5186 regrederetur
2859 5113 3114 5185 pontifex
3145 5113 3214 5168 de
3239 5117 3432 5169 sancto
3463 5114 3754 5187 Sympho—

2105 5211 2282 5276 riano,
2333 5209 2556 5262 castello
2595 5205 2860 5270 Avallone
2915 5205 3112 5276 (Supra
3149 5221 3298 5260 num.
3335 5207 3383 5276 1)
3420 5206 3530 5261 iter
3568 5223 3759 5280 agens

2105 5300 2440 5374 ingreditur,
2455 5299 2552 5354 ubi
2565 5313 2793 5353 reorum
2808 5297 3110 5353 multitudo
3123 5297 3425 5354 tenebatur
3435 5302 3754 5371 ergastulo.

2105 5395 2242 5448 Hinc
2293 5409 2326 5447 a
2371 5391 2588 5447 Nicasio
2626 5391 2828 5446 comite
2871 5390 3138 5446 invitatus
3177 5391 3247 5445 ad
3287 5391 3620 5463 prandium,
3653 5395 3758 5450 Vir

2105 5487 2202 5542 Dei
2245 5485 2411 5556 coepit
2451 5483 2520 5539 de
2559 5483 2946 5538 misericordia
2985 5483 3194 5538 habere
3237 5484 3630 5556 colloquium:
3677 5493 3758 5542 ut

2107 5579 2249 5634 datis
2274 5577 2693 5648 ﬁdejussoribus
2720 5577 3048 5633 laxarentur
3073 5575 3144 5632 de
3163 5577 3410 5645 vinculo,
3433 5581 3490 5632 et
3517 5582 3756 5648 partem

2180 5717 2247 5786 (ὁ)
2279 5717 2477 5772 Savara
2519 5715 2760 5786 (Sévres),
2781 5783 2794 5786 _
2803 5713 3022 5786 duabus
3067 5713 3240 5786 leucis
3287 5713 3438 5769 infra
3483 5714 3764 5774 Parisios.

2107 5783 2285 5860 prope
2313 5783 2601 5842 Meudouis
2630 5783 2920 5840 castellum
2951 5783 3238 5856 (Meudon).
