3968 6444
213 398 273 448 65
1849 405 2016 461 VITA.

217 501 388 620 culp?
411 502 668 620 fedaret
689 503 1174 620 pietatis'injtuitu.
1195 506 1360 570 Quod
1376 509 1471 564 ille
1490 510 1677 565 facere
1697 511 1864 620 distu-
1884 525 1942 596 Α
1963 513 2194 615 suinthi]
2217 520 2499 588 matrona,
2523 519 2658 578 dum
2689 529 2944 600 tempore
2969 536 3294 602 litaniarum
3319 566 3437 620 pra;
3467 501 3571 610 cae;

217 594 277 648 lit
306 593 610 650 obstinato
647 597 880 668 spiritu.
905 598 1064 653 Unde
1091 602 1404 671 antequam
1433 604 1863 673 perpranderet,

219 701 275 739 se
302 685 375 739 de
409 702 629 741 mensa
663 688 915 744 Sanctus
944 691 1244 762 proripuit,
1269 695 1328 746 et
1351 693 1561 747 carceri
1589 695 1868 751 subterra-

219 793 328 832 neo
361 779 735 850 superjectus
767 780 983 836 diutius
1026 783 1209 837 oravit
1240 800 1370 838 cum
1399 784 1555 852 ﬂetu,
1585 789 1645 839 ut
1673 787 1863 844 divino

219 870 591 924 conferretur
606 871 823 926 auxilio
843 873 997 943 quod
1015 890 1048 928 a
1064 875 1366 945 temporali
1377 875 1569 945 judice
1587 894 1701 932 non
1721 883 1867 934 esset

220 961 551 1016 obtentum.
573 962 669 1017 Sic
690 979 892 1018 cursus
911 964 1004 1018 ille
1021 965 1403 1036 lacrymarum
1420 983 1523 1037 per
1537 984 1672 1022 aera
1687 971 1867 1041 surgit

217 1053 278 1107 in
300 1055 535 1119 caelum,
563 1058 626 1107 et
656 1055 911 1125 gemitus
933 1057 1194 1126 pervenit
1213 1057 1286 1111 ad
1309 1061 1522 1112 votum.
1548 1061 1742 1130 Itaque
1764 1062 1860 1114 de-

216 1148 461 1216 putatur
487 1147 738 1216 angelus
765 1147 839 1200 ad
873 1147 1160 1201 eti‘ectum.
1185 1149 1401 1203 Dehinc
1421 1149 1505 1203 vir
1527 1152 1865 1207 venerabilis

214 1252 386 1308 spem
402 1237 760 1306 promittens
778 1238 1028 1294 inclusos
1044 1239 1324 1296 hortatur.
1343 1242 1454 1295 Nec
1468 1242 1658 1311 perdit
1676 1259 1862 1299 sermo

216 1327 380 1399 quod
407 1328 707 1399 loquitur:
733 1330 880 1384 ﬁdes
913 1331 1086 1401 gestis
1116 1331 1402 1401 impletur.
1431 1333 1509 1386 Eo
1538 1333 1861 1390 discedente

213 1420 355 1474 mox
382 1423 733 1475 catenarum
761 1421 923 1476 baca:
950 1423 1025 1492 (a)
1056 1423 1422 1492 franguntur,
1451 1423 1650 1479 vinctae
1669 1427 1862 1496 januaa

211 1515 582 1577 reserantur,
613 1511 738 1566 dies
768 1512 828 1567 in
859 1529 1150 1568 carcerem
1178 1513 1486 1581 reducitur,
1516 1515 1770 1572 damnati
1792 1519 1861 1573 de

215 1603 482 1657 tenebris
515 1603 576 1656 in
609 1604 800 1658 lucem
835 1605 1175 1674 procedunt,
1208 1622 1312 1659 nec
1344 1606 1553 1660 diutius
1581 1624 1748 1678 poena
1777 1613 1858 1663 te-

212 1694 348 1748 nuit
380 1710 529 1764 quos
564 1697 890 1765 torqueret.
923 1696 1014 1750 Sic
1058 1697 1258 1766 erepti,
1289 1697 1531 1752 Parisios
1562 1705 1864 1755 occurrunt

208 1786 506 1857 pontiﬁci,
536 1786 638 1857 qui
677 1787 1154 1856 periclitabantur
1181 1786 1400 1842 inclusi.
1429 1790 1540 1844 Sed
1580 1795 1641 1844 ut
1670 1793 1858 1862 culpa-

3509 453 3574 503 66

1965 606 2103 659 catis
2146 608 2319 662 oculis
2364 628 2478 666 non
2526 622 2717 684 posset
2763 621 2843 675 ire
2887 642 3014 681 cum
3057 638 3286 706 populo,
3319 606 3573 701 ‘audiens

1966 696 2202 751 chorum
2234 703 2594 770 psallentium
2625 726 2753 764 cum
2783 713 3044 786 lacrymis
3065 696 3284 783 domini
3303 733 3571 793 Germani

1966 786 2232 890 implorat
2256 794 2557 898 auxilium:
2577 800 2762 898 Tertia
2791 813 3048 876 sequenti
3079 821 3242 872 nocte
3277 786 3569 898 per

1964 894 2087 932 rem
2116 881 2264 935 visus
2305 889 2389 938 est
2425 887 2474 940 ei
2508 889 2593 942 vir
2626 892 2986 953 beatissimus
3019 909 3202 962 astare
3240 881 3417 984 prope
3457 881 3569 974 l‘ec-

1963 970 2143 1024 tulum
2193 977 2251 1026 et
2299 977 2456 1044 quasi
2515 983 2675 1035 caecis
2730 989 2904 1042 oculis
2956 993 3152 1051 fecisse
3197 970 3567 1071 signaculum.

1963 1060 2248 1158 Evigilans
2274 1068 2478 1121 mulier
2505 1073 2713 1128 marito
2743 1085 2939 1135 narrat
2959 1101 3083 1154 qua)
3106 1060 3571 1158 gestasunt.ilii—o;

1963 1151 2211 1208 stillante
2234 1159 2510 1227 sanguine
2534 1161 2653 1216 dies
2673 1169 2847 1222 oculis
2867 1151 3141 1244 redditur,
3164 1186 3220 1234 et
3241 1151 3567 1246 diuturnum

1965 1246 2092 1311 post
2120 1246 2377 1302 nubilum
2408 1251 2623 1308 lumina
2652 1273 2853 1314 sereno
2882 1265 3044 1320 radio
3076 1272 3411 1333 micuerunt.
3445 1282 3567 1337 Cla-

1964 1696 2278 1755 infantulee.
2311 1704 2450 1758 Cum
2482 1707 2538 1761 in
2565 1711 2840 1770 Turonico
2873 1719 3098 1778 illustris
3123 1729 3222 1782 viri
3241 1733 3422 1789 Pienti
3453 1754 3569 1793 ma-

1958 1791 2127 1887 trona
2147 1794 2413 1862 exposita:
2428 1798 2557 1854 ﬁlia:
2575 1802 2916 1863 lamentaret
2931 1817 3201 1887 extrema,
3223 1826 3277 1876 et
3295 1791 3568 1885 obseratis

207 1876 433 1931 bilibus
466 1877 690 1948 aliquid
723 1879 852 1948 plus
883 1879 1191 1947 conferret,
1215 1897 1249 1933 a
1269 1896 1405 1949 rege
1426 1881 1700 1952 quidquid
1728 1884 1861 1938 fisco
1883 1881 1938 1952 Β
1963 1882 2137 1934 oculis
2178 1900 2283 1938 nec
2318 1888 2571 1944 anhelitu
2601 1897 2796 1950 mobili
2841 1905 3144 1972 respiraret
3166 1876 3567 1986 infantum-3d

207 1985 322 2039 pro
355 1968 450 2022 his
484 1968 812 2022 debebatur
843 1970 1110 2024 obtinuit.

284 2061 463 2114 XXXI.
494 2059 720 2114 Dehinc
770 2060 844 2114 ad
894 2064 1156 2115 sanctum
1203 2062 1386 2117 virum
1435 2064 1683 2120 Nicasius
1733 2083 1861 2120 cum

208 2152 395 2205 vellet
410 2167 741 2218 occurrere,
760 2155 820 2205 et
827 2152 952 2221 jam
970 2157 1365 2222 praesentatus,
1384 2171 1514 2209 mox
1533 2157 1860 2226 gravissimo

209 2259 354 2297 casu
386 2243 448 2296 in
479 2245 640 2296 terra
672 2245 994 2312 prostratus
1015 2248 1119 2311 est,
1142 2249 1199 2298 et
1218 2261 1365 2315 pene
1387 2247 1650 2301 omnibus
1670 2249 1862 2302 salutis

210 2334 505 2388 destituto
548 2333 789 2400 solatiis,
822 2333 946 2405 ipso
978 2335 1186 2390 Sancto
1223 2335 1614 2391 intercedente
1645 2339 1860 2393 homini

210 2426 540 2496 desperato
580 2425 762 2480 virtus
797 2429 856 2478 et
893 2442 1094 2480 sensus
1131 2443 1424 2498 regressus
1460 2432 1562 2482 est.
1593 2430 1715 2484 Mox
1740 2431 1858 2484 bal-

209 2520 382 2572 teum
413 2533 533 2588 quo
567 2517 914 2587 cingebatur
945 2521 1004 2571 et
1031 2522 1254 2588 spatam
1291 2536 1394 2589 pro
1432 2537 1670 2574 munere
1693 2522 1861 2575 beato

211 2610 521 2664 Germano
549 2608 906 2662 contradidit
935 2627 947 2663 :
972 2611 1127 2680 quod
1158 2611 1278 2681 ipse
1309 2627 1500 2666 comes
1526 2612 1658 2667 dato
1679 2614 1861 2683 pretio

208 2703 348 2771 post
379 2699 660 2754 redemit.
690 2699 753 2753 Id
796 2703 988 2755 actum
1029 2705 1116 2755 est
1156 2705 1216 2755 ut
1244 2703 1399 2772 quod
1429 2703 1583 2773 prius
1611 2704 1859 2758 incarce-

208 2793 360 2846 ratis
387 2791 718 2846 concedere
760 2791 999 2858 distulit,
1032 2793 1123 2847 hic
1155 2793 1443 2864 duplicato
1474 2797 1673 2849 fenore
1704 2796 1858 2849 debi-

207 2889 309 2940 tor
329 2887 768 2954 compensaret,
789 2887 850 2938 et
868 2887 1034 2938 aucta
1055 2884 1188 2939 dote
1210 2885 1421 2940 damna
1441 2887 1691 2952 sarciret,
1709 2887 1863 2957 prius

210 2992 325 3047 pro
368 2976 456 3030 eis
497 2974 796 3042 differens,
829 2979 960 3047 post
993 2979 1051 3030 et
1088 2977 1335 3047 seipsum
1378 2977 1685 3032 redimens.
1717 2981 1863 3032 Ante
1963 2971 1976 3024 ἱ

210 3084 339 3123 non
375 3066 494 3121 illis
522 3067 672 3137 pius,
701 3067 881 3122 modo
923 3071 981 3120 et
1012 3067 1082 3121 de
1115 3084 1173 3122 se
1200 3069 1477 3139 trepidus,
1511 3069 1705 3123 didicit
1732 3085 1863 3124 casu

209 3159 461 3230 proprio
496 3159 775 3214 aerumnis
804 3175 1134 3214 succurrere
1161 3160 1380 3214 alienis.

1961 1973 2272 2074 sanctiViri
2296 1983 2659 2076 praesentiam
2681 1989 2799 2042 tota
2830 1999 3133 2053 committit
3155 2007 3434 2072 prasidia.

1962 2079 2064 2131 per
2081 2064 2316 2120 missum
2338 2068 2621 2141 invitatus,
2646 2085 2922 2147 quantum
2940 2089 3088 2143 valet
3108 2064 3179 2146 ad
3200 2064 3565 2156 conclamatae

1961 2155 2162 2261 puella?
2187 2157 2427 2261 cadaver
2447 2163 2659 2261 [ant-ig.
2683 2169 2872 2236 Codd.,
2897 2177 3252 2256 cadaverem]
3274 2197 3560 2261 properat.

1961 2244 2234 2354 Erceptus
2257 2252 2456 2354 multis.
2471 2254 2713 2326 ﬂetibus,
2739 2262 3072 2334 deplorante
3100 2244 3333 2347 familia,
3367 2244 3566 2354 appro;

1960 2341 2202 2430 pinquat
2233 2341 2496 2398 subsellio
2536 2363 2647 2417 quo
2673 2351 2797 2420 jam
2832 2357 3055 2428 rigebat
3079 2341 3378 2426 infantula.
3401 2341 3562 2430 ‘C‘a-lo

1960 2426 2073 2478 vim
2100 2428 2233 2482 facit
2257 2435 2563 2500 questibus.
2597 2440 2732 2496 Fere
2757 2449 3042 2507 transacto
3071 2455 3220 2511 inter
3248 2461 3367 2516 hac
3399 2466 3563 2522 unius

1961 2516 2116 2616 horta
2137 2522 2338 2623 spatio,
2363 2527 2558 2582 mobili
2579 2532 2828 2603 singultu
2848 2540 3013 2596 ﬂatus
3032 2550 3233 2615 puellae
3254 2516 3560 2626 reducitur,

2241 3160 2482 3254 Quidam
2509 3170 2741 3227 clericus
2767 3176 2836 3231 de
2861 3179 3022 3249 juxta
3045 3193 3390 3248 monasterio
3411 3196 3561 3254 beati

284 3227 489 3306 XXXII.
519 3252 760 3305 Prorsus
786 3251 928 3305 illud
957 3252 1203 3322 stuporis
1229 3255 1516 3307 retexatur
1534 3253 1591 3306 in
1622 3253 1850 3324 pagina.
1877 3227 1928 3299 C
1956 3244 2221 3355 §ylvestri
2259 3252 2316 3306 in
2345 3256 2754 3320 Ternoderinse
2775 3227 3022 3340 Et)

211 3344 415 3398 Eunte
462 3345 664 3398 sancto
708 3343 832 3397 viro
876 3343 951 3397 ad
983 3343 1138 3397 beati
1168 3345 1434 3414 martyris
1464 3345 1864 3415 Symphoriani

210 3450 554 3501 occursum,
585 3433 727 3489 dum
775 3435 848 3488 de
892 3434 1014 3488 vico
1046 3435 1376 3490 Cervedone
1416 3436 1473 3488 in
1511 3437 1760 3490 Murvino
1792 3437 1862 3507 (b)

1963 3337 2250 3445 loquimur
2273 3361 2339 3398 ex
2369 3357 2794 3426 consuetudine,
2819 3363 3027 3434 caligas
3047 3369 3386 3445 circinasset,
3412 3337 3565 3436 debi-

1964 3428 2180 3529 litatem
2209 3451 2483 3496 manuum
2518 3447 2602 3499 vel
2638 3450 2848 3518 pedum
2881 3428 3130 3515 inburrit.
3162 3464 3272 3519 Sed
3299 3428 3560 3529 de’bwe'a'tb

209 3526 621 3600 progreditur,
644 3525 1006 3580 habitatores
1030 3527 1140 3581 loci
1161 3531 1523 3582 occurrentes
1551 3533 1866 3628 suggerunt
1964 3519 2244 3628 sylvestro
2270 3545 2494 3598 gressus
2520 3541 2734 3608 recepit
2764 3545 3041 3616 officium;
3064 3567 3166 3622 per
3185 3519 3564 3628 sopor-emad-

211 3624 279 3675 ut
305 3623 576 3690 segetem
601 3618 844 3673 Panitise
876 3619 1034 3689 [An.,
1061 3619 1378 3689 Pistoﬁciae]
1410 3619 1662 3673 mulieris
1682 3619 1862 3674 viduae
1961 3613 2210 3669 monii-US
2254 3625 2496 3678 Occurrit
2539 3635 2733 3686 Sancto
2772 3613 3326 3713 Germano-poscens
3369 3655 3564 3710 salutis

209 3712 364 3768 nihil
396 3710 671 3765 habentis
691 3709 930 3777 residui,
955 3726 1081 3780 qua
1103 3711 1174 3764 ab
1200 3711 1344 3764 ursis
1364 3711 1711 3777 vastabatur,
1733 3711 1860 3764 visi-
1961 3709 2380 3775 compendium.
2399 3717 2445 3769 A
2463 3733 2573 3787 quo
2592 3721 2992 3798 interrogatus,
3007 3709 3234 3792 causam
3246 3743 3422 3813 culpae
3435 3709 3565 3801 con-

207 3808 342 3858 me
370 3802 741 3909 Pracgwiet,
777 3805 1060 3904 etsancto
1089 3817 1191 3904 suo
1210 3803 1465 3909 adventu
1491 3803 1863 3909 repelleretur
1959 3797 2138 3909 fessus
2162 3804 2263 3854 est.
2291 3805 2434 3908 Tum
2460 3807 2704 3880 imperat
2732 3818 2934 3874 clerico
2964 3797 3024 3876 ut
3048 3827 3320 3885 clamaret
3336 3797 3562 3909 per};

206 3894 496 3950 incursio.
535 3893 644 3957 Qui
685 3893 945 3948 concitus
979 3894 1254 3948 ministris
1283 3893 1648 3948 irridentibus
1677 3895 1749 3948 ad
1777 3896 1858 3948 lo-
1961 3891 2175 3959 pulum,
2207 3909 2311 3948 nec
2343 3899 2466 3967 quis
2495 3904 2711 3959 temere
2751 3909 2842 3964 die
2887 3924 3219 3984 operaretur
3244 3891 3557 3986 Dominibo.

210 4001 353 4042 cum
416 3985 776 4056 perducitur,
825 3988 885 4038 et
938 3985 1199 4040 oratione
1257 3985 1392 4040 data
1439 3986 1683 4057 desuper
1730 3987 1864 4040 fecit
1962 3980 2104 4049 Quo,
2140 3985 2338 4078 quinto
2379 3989 2470 4045 die
2515 3997 2822 4070 transacto,
2864 3980 3158 4077 superfuso
3199 4015 3323 4071 oleo
3364 3980 3562 4078 debilis

207 4078 612 4150 signaculum.
674 4077 818 4130 Hinc
873 4076 1145 4131 instinctu
1201 4077 1391 4132 divino
1437 4078 1495 4131 in
1539 4078 1861 4148 parentales
1960 4075 2150 4170 Iffilma
2181 4076 2460 4150 dirigitur,
2493 4089 2550 4140 et
2573 4089 2645 4143 ad
2673 4096 2904 4164 propria
2931 4075 3110 4156 eundi
3140 4121 3266 4160 cum
3301 4075 3560 4170 libertate

207 4169 440 4226 bestias
487 4169 688 4223 feralis
731 4168 820 4222 ira
869 4169 1252 4236 succenditur,
1283 4169 1479 4223 odium
1518 4169 1766 4223 nascitur
1800 4170 1860 4223 in
1961 4164 2278 4224 dimittitur.

208 4262 456 4328 aﬂ'ectu,
486 4261 548 4314 in
593 4275 738 4331 pace
771 4276 969 4362 pugna
998 4260 1390 4368 committitur.
1426 4262 1632 4316 Furore
1665 4261 1860 4368 bestiae
2027 4259 2234 4368 XXXVI.
2267 4264 2328 4368 in
2354 4281 2503 4368 pago
2531 4273 2874 4332 Amoniense
2907 4280 3116 4354 (Mosny
3143 4287 3199 4342 in
3231 4293 3375 4364 Bria)
3409 4300 3562 4368 quod

204 4354 304 4411 bis
336 4355 670 4418 armantur,
700 4353 896 4406 statim
935 4353 1280 4422 praefocatur
1307 4369 1453 4407 unus
1487 4370 1647 4407 ursus
1677 4353 1747 4408 ab
1778 4354 1856 4408 al-
1961 4353 2294 4451 gestum—est
2317 4359 2638 4427 replicetur.
2674 4367 2980 4441 Rotegiaco
3012 4377 3224 4451 [Rozoy]
3252 4353 3379 4440 villa
3403 4353 3558 4446 ﬁari:

207 4451 367 4513 tero,
405 4448 466 4500 et
493 4444 618 4516 ipse
645 4443 744 4515 qui
773 4444 1066 4498 restiterat
1095 4444 1231 4498 dum
1258 4446 1428 4499 vellet
1455 4447 1609 4500 foras
1640 4445 1856 4516 egredi,
1958 4441 2121 4497 siacae
2167 4445 2425 4504 Ecclesize
2467 4457 2686 4524 septem
2717 4459 2767 4512 ei
2807 4462 2908 4516 viri
2944 4441 3358 4530 debacchantes
3385 4441 3560 4538 oblati

207 4538 371 4610 sepis
399 4538 538 4608 palo
585 4536 988 4592 transfoditur.
1020 4537 1111 4592 Sic
1141 4537 1366 4609 utrique
1397 4541 1710 4592 vastatores
1742 4553 1857 4592 uno
1877 4569 1936 4648 ὓ
1959 4537 2106 4636 sunt.
2139 4536 2349 4600 Quibus
2393 4546 2598 4600 curatis
2639 4566 2781 4606 unus
2815 4555 2911 4624 qui
2953 4561 3210 4626 graviore
3254 4536 3563 4629 vexabatur

207 4633 531 4686 momento
576 4628 946 4701 perimuntur
976 4632 1034 4683 et
1070 4627 1176 4701 ipsi
1216 4629 1321 4684 sibi
1361 4630 1660 4685 confestim
1699 4625 1934 4684 arma"
1958 4625 2157 4696 Spiritu
2190 4645 2318 4685 cum
2353 4634 2502 4690 exire
2537 4646 2855 4712 cogeretur,
2889 4625 3108 4708 homini
3146 4657 3246 4713 Dei
3275 4625 3560 4731 professus

208 4722 430 4777 mortis
456 4721 652 4776 effecti
683 4724 836 4776 sunt.
865 4721 1001 4776 Post
1027 4720 1133 4792 ipsi
1163 4721 1429 4804 redeunti
1451 4721 1657 4777 mulier
1684 4723 1860 4793 pelles
1959 4720 2322 4816 esu-expulso
2348 4741 2407 4779 se
2447 4727 2517 4783 de
2553 4729 2650 4786 illo
2682 4735 2807 4790 loco
2834 4755 3063 4809 gravem
3088 4720 3559 4816 lamentationem

208 4830 494 4870 ursorum
537 4812 750 4869 obtulit
792 4829 861 4867 ex
893 4812 1102 4880 studio,
1137 4815 1195 4866 et
1223 4813 1384 4885 quasi
1411 4813 1607 4869 victori
1637 4830 1738 4868 suo
1767 4830 1858 4868 re-
1957 4811 2250 4868 ParisiaCis
2287 4817 2494 4873 facere.
2523 4821 2675 4879 Tunc
2702 4827 2900 4900 fugata
2936 4837 3108 4904 pestis
3151 4840 3221 4896 de
3251 4811 3558 4906 sancti

209 4907 544 4979 presentat
570 4905 841 4976 spolium,
872 4903 1258 5007 quodctamen
1289 4905 1524 4960 omnino
1554 4905 1672 5008 ipse
1697 4922 1856 4960 recu-
1961 4902 2226 5008 Germani
2281 4911 2520 4968 transitu
2569 4915 2785 4974 famam
2836 4902 2983 4980 fudit
3031 4945 3135 4998 per
3183 4902 3441 5008 populos;

211 4999 364 5054 ,ατη
395 4997 702 5069 accipere;
734 5001 791 5051 et
831 4997 929 5069 qui
968 4995 1124 5068 prius
1150 4997 1414 5065 riserant,
1447 4998 1722 5069 poenitere
1749 5015 1859 5054 cce~
1959 4997 2200 5099 pastoris
2243 5016 2347 5070 pro
2391 5004 2548 5060 obitu
2590 5023 2826 5081 gregem
2872 4995 3049 5072 movit
3090 5021 3146 5076 in
3183 4995 3559 5099 lﬂe‘tum.'Qui

213 5093 437 5162 perunt
463 5088 735 5144 videntes
760 5089 1122 5144 miraculum.
1960 5089 2154 5143 tamen
2209 5107 2629 5164 energumenus
2676 5104 2779 5157 etsi
2825 5109 3124 5167 seminavit
3173 5088 3556 5198 mendacium,

288 5181 494 5198 υνυς..
551 5181 616 5198 π.
663 5197 683 5198 η
745 5197 753 5198 ,
1057 5180 1153 5198 π.
1210 5179 1253 5198 ,ν
1326 5197 1334 5198 ,
1546 5181 1561 5198 ς
1602 5182 1617 5198 .
1682 5185 1691 5198 .
2109 5181 2121 5198 .
2411 5187 2427 5198 η
2476 5188 2496 5198 -
2715 5194 2728 5198 -

285 5181 515 5238 XXXIII.
551 5181 624 5236 Et
651 5180 929 5252 quoniam
958 5180 1028 5235 de
1055 5180 1156 5235 Dei
1194 5179 1346 5236 dono
1382 5199 1499 5236 non
1530 5181 1701 5237 debet
1739 5200 1861 5238 esse
1961 5181 2220 5250 expulsus
2248 5201 2364 5238 non
2395 5187 2652 5245 defendit
2679 5194 2988 5257 obsessum.

215 5271 706 5375 fastidium,illud
725 5272 1857 5380 etiambreviterducimuserplicandtum.
2407 5281 2538 5380 quia
2579 5285 2719 5340 Justi
2762 5304 2936 5360 opera
2980 5311 3231 5358 crescere
3279 5311 3565 5380 cogebant

216 5359 560 5422 Beretmdis
605 5364 881 5436 quaedam
926 5364 1133 5418 mulier
1176 5365 1499 5419 Munsunthi
1535 5366 1673 5436 [Al.,
1703 5367 1858 5422 Mun-
1959 5364 2251 5434 miracula,
2274 5368 2410 5423 item
2436 5371 2494 5425 in
2524 5359 2948 5443 praedictoloco
2975 5389 3210 5449 affertur

291 5486 372 5557 (a)
407 5485 596 5551 Bacaz,
633 5499 750 5578 seu‘
780 5483 994 5578 Baccm,
1027 5483 1172 5537 lauri
1216 5483 1858 5578 vel‘juniperipfructps,
2031 5484 2569 5578 (CLTernojdorenslig.
2569 5497 2779 5552 tractus
2794 5503 2952 5578 cujus
2967 5514 3135 5578 caput
3148 5513 3536 5578 Ternodorum

221 5552 363 5611 item
395 5571 667 5649 gemmas
695 5557 756 5608 et
778 5556 1140 5649 mprtuorum
1161 5552 1426 5649 capulum
1447 5552 1745 5625 signiﬁcat,
1771 5552 1860 5612 hic
1960 5552 2058 5649 seu
2081 5552 2474 5649 ‘To‘rpodorum
2501 5552 3558 5649 (Tonnerrejfiﬁ'éﬁ‘égﬁﬁ‘diééuﬁﬁéiiﬁ’

223 5627 453 5649 2..--13ι.-
494 5626 586 5649 ---2
641 5640 730 5649 -..Α
769 5639 831 5649 Α..
867 5638 1100 5649 una...“
1133 5640 1281 5649 ...σι-ι..
1313 5639 1370 5649 Α-
1964 5641 2025 5649 -.-
2058 5641 2121 5649 Α..
2170 5642 2182 5649 .
2216 5644 2282 5649 --..
2305 5645 2470 5649 -------
2559 5634 2574 5649 ἱ
2810 5645 2818 5649 .
2897 5644 2907 5649 -
3542 5636 3556 5649 ι

223 5624 458 5682 insolito
489 5624 734 5697 quidem
766 5625 1104 5677 catenarum
1130 5624 1391 5678 annulos.
1507 5624 1516 5625 “
1961 5625 2282 5680 extenditur
2305 5645 2480 5700 usque
2506 5624 2577 5688 ‘ad
2603 5624 3556 5732 monagt'ea‘UIB'hoeB-r-Eézs;«$323

296 5697 368 5732 nn
401 5695 664 5732 Γονηιοιῖη
713 5692 964 5732 (Πρηιηιηκ
1027 5693 1178 5732 vin":
1218 5710 1396 5732 ἠν-ητις»
1441 5694 1834 5732 Πηνᾘίηἶοηιινη
1966 5695 2545 5732 Πηηρίῑοα-Εηιίηο-ΐηηκ
2593 5707 2675 5732 ,ηε
2708 5711 2824 5732 an...
2860 5729 2928 5732 ,μ
2993 5720 3004 5732 .
3105 5720 3178 5732 Α..
3286 5729 3294 5732 .
3357 5699 3370 5724 ²
3419 5727 3471 5732 --

318 5697 368 5767 δ)
401 5692 664 5794 ﬁeri?“
713 5692 1182 5794 (Samaria
1191 5710 1422 5794 11:22:.
1441 5694 1863 5794 maiae;
1959 5692 2566 5794 £°3§£¥r€af£§£€ﬁe
2591 5707 2677 5760 συί
2708 5692 2829 5794 ιιιᾲᾲ
2841 5692 3079 5794 ξέῖιὲῖιὲἑ
3086 5692 3370 5794 "$135912?
3384 5692 3557 5794 εἱὲἑῗιξ

225 5761 392 5857 2118.0
407 5761 760 5857 S:_Léop9rd
777 5761 1774 5857 $18“ngnyinlmhégyoryigggsi
1795 5761 1863 5857 (ἐξ
1959 5770 2220 5834 ρι’ωθτει.
2254 5768 2402 5838 Lege
2432 5761 2614 5828 Vitam
2645 5761 2829 5837 sancti
3104 5761 3453 5857 ἓξὲξ]ξᾶεὲ

223 5830 488 5912 [of-3,“),
512 5837 614 5911 qui
641 5835 874 5892 tractus
895 5830 1278 5900 Burgundiam
1301 5850 1334 5886 a
1353 5833 1606 5890 Nivernis
1626 5830 1856 5894 dirimit.
1961 5830 1979 5834 ’
2333 5830 2362 5838 ”
2849 5830 2869 5839 ⁷
2884 5830 3080 5843 "mm
3112 5830 3460 5876 "wmwmi

3501 6012 3560 6030 ἠέ
