3968 6452
369 397 433 458 ὓῒ
1155 434 1159 438 -
1268 401 1562 458 SANCTUS
1596 404 1971 468 GERMANUS,
2012 403 2416 459 PABISIENSIS
2452 401 2826 458 EPISCOPUS.
3677 397 3758 443 4ῖὸ

371 526 469 565 cus
497 507 770 564 membris
797 507 1118 574 dissolutus,
1143 512 1418 578 carpento
1446 509 1762 578 subvectus,
1794 527 1990 596 gressu
2013 526 2070 597 Α
2091 510 2335 582 pecunia
2377 509 2436 563 in
2483 509 2657 564 domo
2688 505 2908 562 lumina
2938 505 3316 576 dispensaret.
3354 501 3468 558 Sed
3512 502 3653 554 hinc
3687 497 3758 552 in

371 603 674 663 destitutus
727 605 785 653 et
837 603 983 654 actu.
1043 599 1165 663 Quo
1217 601 1554 656 sanctiﬁcati
1609 603 1718 657 olei
1769 603 1992 674 liquore

370 694 599 766 perfuso
625 709 752 748 cum
780 692 922 746 cutis
942 707 1169 746 summa
1194 693 1495 763 tetigisset,
1529 695 1690 764 vigor
1714 695 1994 748 medullas

371 786 605 840 introiit.
635 785 852 839 Dehinc
887 784 1152 839 redivivas
1182 802 1388 839 manus
1419 785 1492 840 ad
1524 803 1687 840 usum
1720 786 1994 841 mobilem

370 878 616 932 redeunt
639 894 652 932 :
680 878 914 931 thorace
941 877 1188 948 pectoris
1213 878 1366 931 vitali
1394 879 1662 948 appulsus
1687 879 1752 932 ﬁt
1769 878 1991 944 fortior,

372 965 561 1040 genua
592 969 940 1024 columnaris
967 969 1322 1022 imbecillitas
1343 971 1648 1024 roboratur
1668 970 1764 1040 (α),
1783 972 1995 1040 plantas

372 1061 626 1116 solidatis
651 1060 881 1115 basibus
911 1061 1298 1131 subriguntur.
1333 1064 1488 1116 Inter
1512 1062 1634 1116 haec
1663 1065 1785 1116 tota
1810 1079 1994 1116 mem-

371 1155 610 1208 brorum
659 1153 872 1207 fabrica
912 1155 1214 1223 reparatur
1253 1170 1266 1208 :
1309 1155 1406 1224 qui
1453 1155 1697 1208 sanitate
1742 1157 1994 1224 recepta,

373 1246 652 1300 redeunte
679 1238 874 1298 sancto
901 1245 1020 1299 viro
1057 1245 1302 1299 occurrit
1327 1246 1384 1299 in
1417 1245 1642 1312 itinere,
1675 1249 1996 1317 praeparato

377 1339 578 1392 exenio
642 1337 854 1409 gratias
903 1337 1124 1392 Christo
1173 1339 1430 1392 referens
1479 1339 1550 1392 de
1599 1339 1826 1393 reddito
1871 1353 1994 1392 cor-

374 1431 627 1502 pusculo.

446 1524 702 1577 XXXVIII.
755 1523 866 1577 Nec
921 1522 1030 1576 hoc
1085 1522 1550 1593 prmtereundum
1599 1525 1702 1589 est,
1755 1523 2000 1593 qualiter

377 1614 544 1670 simili
573 1615 778 1669 merito
811 1615 1014 1668 claruit
1042 1615 1218 1668 virtus
1248 1615 1306 1668 in
1334 1615 1535 1668 altero.
1564 1614 1742 1685 Igitur
1768 1615 1998 1668 Emme-

2094 603 2351 658 cubiculo
2382 604 2662 672 praesente
2689 617 2782 654 me
2813 602 2971 670 gesta
2997 601 3146 651 sunt.

2164 697 2289 750 XLI.
2322 697 2464 750 Cum
2505 694 2578 748 ad
2617 693 3035 764 possessionem
3068 689 3320 744 ecclesia:
3359 704 3486 760 qua:
3519 686 3764 741 dicitur

2094 789 2293 842 Inethe
2323 787 2462 858 (AL,
2488 787 2547 840 in
2577 785 2782 856 1Ethe),
2814 784 3091 839 Sacerdos
3137 783 3452 847 accederet,
3488 778 3761 850 quidaJn

2097 880 2146 934 ei
2175 881 2239 934 ﬁt
2265 880 2480 945 obvius,
2513 895 2873 949 conquerens
2901 877 2972 930 de
3005 875 3256 946 quadam
3285 875 3416 927 villa
3448 889 3504 925 se
3540 872 3760 926 solum

2095 972 2422 1026 incolumen
2451 987 2592 1037 esse,
2622 970 2916 1024 universos
2943 985 3078 1022 vero
3112 967 3332 1021 accolas
3363 965 3520 1035 gravi
3555 962 3761 1017 taedio

2095 1065 2379 1118 laborare.
2407 1063 2578 1134 Cujus
2607 1062 2846 1132 eulogiis
2868 1061 2940 1115 ad
2963 1061 3222 1114 infirmos
3246 1059 3506 1129 portatis,
3531 1055 3758 1109 statim

2098 1157 2168 1210 ab
2191 1155 2420 1225 aegrotis
2437 1157 2682 1224 languor
2699 1155 2885 1208 omnis
2907 1154 3136 1223 fugatus
3153 1155 3256 1215 est,
3277 1154 3334 1204 et
3349 1150 3538 1220 primo
3560 1151 3760 1219 gustu

2098 1247 2456 1318 eulogiarum
2496 1247 2731 1301 morbus
2757 1262 2886 1300 cum
2915 1263 3066 1316 pane
3093 1245 3466 1312 consumptus
3496 1244 3605 1295 est.
3648 1239 3761 1294 Sic

2098 1340 2206 1394 fuit
2235 1340 2306 1394 ab
2334 1340 2432 1393 illa
2457 1339 2626 1393 turba
2651 1355 2778 1392 cum
2809 1355 2934 1391 esca
2963 1338 3176 1391 sanitas
3203 1334 3582 1390 manducata!

2168 1433 2318 1486 XLII.
2345 1434 2486 1485 Item
2513 1447 2642 1485 cum
2673 1431 2916 1484 Parisios
2949 1430 3020 1484 ad
3051 1429 3346 1483 basilicam
3386 1427 3576 1480 beatae
3605 1440 3758 1478 cru-

2101 1525 2178 1578 cis
2203 1525 2268 1594 (e)
2294 1523 2379 1577 vir
2404 1523 2502 1577 Dei
2529 1523 2888 1594 procederet,
2921 1522 3128 1576 mulier
3157 1521 3456 1591 parvulum
3489 1518 3548 1572 in
3590 1517 3762 1570 albis

2103 1617 2304 1670 ultimo
2343 1616 2481 1668 tlatu
2517 1616 2894 1685 palpitantem
2939 1618 2996 1667 et
3024 1615 3148 1684 jam
3179 1613 3566 1682 migraturum
3599 1613 3759 1664 ante

379 1707 587 1778 gesilus
613 1707 682 1760 de
715 1707 834 1760 vico
858 1706 1126 1760 Bucciaco
1149 1707 1242 1776 (ὁ),
1267 1706 1500 1776 quidam
1522 1723 1665 1776 puer
1685 1707 1999 1760 admodum
2103 1709 2373 1763 Sanctum
2405 1707 2664 1778 exposuit
2689 1707 2884 1760 dicens
2911 1723 2925 1760 :
2959 1707 3054 1760 Pie
3081 1707 3267 1769 Pater,
3293 1705 3336 1757 si
3360 1704 3534 1756 velles
3562 1701 3642 1755 ad
3669 1702 3764 1754 la-

376 1801 640 1870 parvulus
684 1797 958 1852 membris
998 1798 1342 1867 paralyticus
1383 1797 1441 1851 in
1483 1800 1622 1852 sella
1651 1798 1895 1853 Parisios
1928 1797 2002 1852 ad
2102 1803 2459 1854 mentantem
2502 1799 2804 1870 respicere,
2843 1802 3028 1852 mater
3070 1797 3274 1850 ﬁebilis
3310 1813 3427 1850 non
3471 1795 3757 1849 orbarer.

378 1895 636 1944 sanctum
663 1891 844 1944 virum
867 1889 1134 1943 manibus
1153 1890 1535 1960 bajulantium
1557 1891 1780 1946 delatus
1802 1891 1998 1961 est,(c).
2022 1878 2078 1949 B
2102 1895 2294 1967 Neque
2323 1892 2452 1945 hinc
2479 1892 2770 1945 discedere
2795 1892 2994 1944 malles
3020 1891 3250 1959 plenam
3281 1888 3500 1958 gemitu
3525 1903 3759 1939 vacua-

379 1984 489 2038 Nec
525 1983 723 2036 dextra
759 1983 957 2052 vigens
988 1982 1206 2047 mobili,
1241 1999 1346 2035 nec
1385 1983 1585 2052 planta
1617 1999 1859 2052 surgens
1889 1986 2000 2036 sta-

376 2075 498 2142 bili,
541 2092 646 2128 ncc
689 2059 886 2144 lingua
933 2091 1143 2128 sonans
1189 2073 1442 2141 volubili,
1479 2075 1652 2129 totius
1698 2075 2006 2128 debilitatis

382 2183 640 2221 marcore
662 2167 933 2237 captivus,
957 2167 1388 2236 quodammodo
1412 2167 1532 2220 sine
1562 2170 1781 2220 natura)
1803 2167 2005 2221 ordine

381 2259 440 2314 in
490 2276 683 2313 rerum
733 2262 939 2314 natura
981 2259 1278 2328 praefusus.
1320 2259 1502 2322 Quem
1544 2259 1784 2314 Sanetus
1823 2259 2002 2314 conti-

382 2352 604 2406 nuatim
653 2368 757 2422 per
813 2349 1066 2404 triduum
1119 2367 1279 2404 sacro
1328 2351 1536 2404 liniens
1581 2352 1728 2418 oleo,
1777 2351 2005 2406 sanitati

382 2443 688 2499 restituens
717 2460 829 2497 uno
870 2443 972 2496 sub
1001 2446 1297 2497 momento
1329 2460 1485 2509 voce,
1519 2460 1716 2510 manu,
1745 2443 2003 2513 vestigio.

383 2538 626 2592 Cunctos
658 2539 856 2606 stupor
887 2536 1268 2606 amplectitur,
1302 2536 1520 2589 clamor
1549 2536 1606 2588 in
1639 2537 1842 2589 cmlum
1875 2536 2007 2588 edu-

383 2630 527 2683 citur
557 2645 789 2683 omnem
821 2631 1002 2682 artem
1034 2627 1388 2682 medicorum
1423 2631 1682 2682 sanctum
1711 2643 2005 2697 superasse

385 2723 756 2775 Germanum.

454 2814 659 2867 XXXIX.
693 2815 834 2866 Item
887 2811 958 2865 de
1010 2811 1214 2866 eodem
1262 2812 1384 2866 vico
1425 2812 1694 2866 Bucciaco
1743 2811 2008 2882 quaedam

385 2905 631 2960 occurrit
674 2903 916 2958 Parisios
953 2903 1033 2957 ita
1072 2921 1248 2957 manu
1289 2907 1601 2970 contracta,
1634 2907 1696 2958 ut
1729 2905 2006 2974 unguium

385 3013 628 3053 acumen
669 2997 922 3066 palmam
965 2997 1182 3049 foraret
1215 2995 1274 3049 in
1315 2996 1598 3049 intimam.
1635 2995 1738 3060 Qui
1783 2999 2008 3049 tantum

387 3090 501 3145 oris
549 3089 630 3142 sui
677 3087 845 3141 ducta
888 3087 1062 3141 saliva
1105 3088 1328 3158 pollice,
1364 3105 1669 3143 nervorum
1711 3087 2006 3142 distentio-

387 3198 541 3248 nem,
573 3197 778 3234 manus
804 3180 1084 3234 reformat
1110 3179 1444 3250 imaginem.

2105 1989 2222 2038 tam
2251 1985 2320 2037 de
2350 1985 2553 2037 fructu.
2588 1985 2655 2036 Et
2683 1983 2787 2036 nisi
2823 1982 3057 2035 festines
3084 1997 3432 2045 succurrere,
3459 1979 3624 2032 vides
3653 1978 3758 2030 in-

2105 2077 2328 2130 felicem
2351 2079 2722 2145 extorquente
2744 2079 2929 2128 morte
2951 2074 3074 2144 rapi
3099 2077 3294 2126 natum
3319 2072 3389 2125 ab
3406 2071 3609 2124 ubere.
3631 2071 3764 2124 Aut

2105 2169 2283 2222 ﬁlium
2307 2169 2560 2234 restitue,
2581 2171 2679 2222 aut
2699 2167 2914 2237 pariter
2932 2182 3062 2220 cum
3079 2166 3199 2235 ipso
3221 2166 3624 2219 funeraturam
3648 2178 3761 2215 me

2107 2260 2320 2315 obtine.
2354 2260 2610 2329 Indulge,
2645 2262 2859 2329 pastor,
2901 2259 3126 2311 miseras
3171 2245 3345 2328 quam
3390 2272 3527 2308 suus
3573 2255 3766 2309 dolor

2105 2353 2242 2406 facit
2267 2352 2564 2406 audacem.
2591 2352 2714 2415 Qua
2739 2351 3007 2404 ﬂebiliter
3025 2353 3318 2420 poscente,
3339 2365 3473 2402 mox
3497 2351 3559 2400 ut
3580 2347 3762 2401 Beati

2108 2445 2342 2498 dextera
2368 2461 2537 2514 supra
2565 2444 2919 2514 expirantem
2958 2443 3183 2513 signum
3216 2441 3397 2495 crucis
3423 2439 3762 2510 impressit,

2108 2536 2268 2607 quasi
2303 2537 2436 2606 vigil
2475 2536 2544 2589 de
2587 2552 2791 2606 sopore
2827 2537 2914 2588 lac
2949 2535 3149 2588 matris
3189 2532 3441 2603 expetiit,
3484 2532 3584 2602 qui
3617 2533 3762 2601 jam

2107 2629 2355 2698 frigebat
2385 2628 2443 2681 in
2483 2629 2706 2682 funere.
2737 2631 2820 2681 Ita
2849 2630 3146 2681 momento
3183 2625 3461 2695 temporis
3489 2625 3650 2678 ﬁlius
3679 2625 3764 2680 de

2108 2721 2308 2775 mortis
2339 2721 2522 2786 fauce,
2550 2724 2736 2774 mater
2775 2721 2993 2774 tollitur
3034 2719 3104 2773 de
3138 2734 3403 2772 maerore.
3441 2717 3583 2771 Hinc
3617 2718 3761 2772 cir-

2108 2817 2397 2867 cumstans
2454 2813 2696 2883 populus
2750 2815 2982 2882 stupore
3032 2811 3372 2877 concutitur,
3424 2811 3632 2880 fragor
3693 2811 3764 2865 in

2107 2909 2298 2976 partes
2317 2906 2612 2972 attollitur,
2635 2905 2846 2975 gratias
2873 2905 3126 2960 Creatori
3159 2904 3476 2957 referentes
3501 2902 3576 2956 de
3601 2919 3766 2974 prae-

2107 2999 2225 3052 mio
2271 3002 2531 3068 tempore
2579 2996 2901 3052 Sacerdotis
2944 2997 3252 3068 praecipuo,
3298 3013 3331 3050 a
3371 3011 3485 3066 quo
3521 2997 3767 3050 morbis

2102 3091 2322 3160 jugiter
2349 3094 2407 3144 et
2430 3090 2711 3145 mortibus
2741 3090 3075 3161 imperetur.

2177 3183 2350 3236 XLIII.
2394 3182 2610 3236 Deinde
2651 3182 2958 3236 accedente
2999 3183 3058 3236 in
3107 3181 3346 3236 Bradeia
3394 3182 3516 3235 vico
3567 3183 3768 3251 (Βήθ-

456 3230 559 3328 XII.
585 3272 812 3326 Retinet
837 3272 958 3342 ejus
985 3273 1210 3326 laureas
1230 3230 1294 3326 ξι
1313 3289 1493 3343 pagus
1515 3272 1809 3328 Bituricus.
1833 3273 2010 3342 Igitur
2029 3230 2084 3305 Ο
2109 3275 2528 3337 Comte-Robert,
2565 3275 2624 3328 in
2665 3275 2834 3345 Bria),
2873 3275 3006 3346 pagi
3045 3274 3332 3341 Parisiaci,
3375 3274 3549 3328 missa
3568 3230 3762 3329 \cele-

388 3367 587 3422 Pastor
613 3365 798 3419 bonus
828 3381 956 3418 cum
984 3364 1054 3418 de
1087 3364 1206 3419 vico
1235 3365 1549 3435 Novigento
1583 3366 1655 3419 ad
1681 3365 1878 3420 Vicum
1906 3367 2010 3419 N0-

387 3475 522 3515 vum
548 3458 624 3530 (d)
650 3455 915 3512 visitandi
953 3456 1106 3527 regis
1144 3473 1279 3511 cura
1315 3457 1479 3511 solita
1519 3458 1888 3528 pervenisset,
1923 3458 2008 3511 of-

388 3553 502 3608 fert
515 3567 573 3604 se
598 3549 863 3622 quadam
883 3550 1072 3604 vetula
1093 3566 1376 3604 annorum
1394 3550 1478 3604 bis
1503 3553 1782 3620 quaterna
1805 3566 2010 3620 gerens

389 3645 449 3700 in
495 3645 748 3700 caecitate
793 3644 1089 3698 curricula.
1134 3643 1305 3714 Cujus
1337 3660 1508 3715 super
1547 3642 1741 3699 oculos
1782 3643 2010 3714 signum

391 3741 597 3792 nostris
613 3737 1026 3808 redemptionis
1048 3737 1325 3792 Sacerdos
1347 3737 1668 3807 imponens,
1688 3737 1937 3808 imperat
1951 3739 2013 3789 ut

389 3847 634 3902 sequens
665 3831 774 3885 iret
808 3847 922 3900 qua
949 3830 1211 3884 Pontifex
1248 3832 1536 3900 pergeret.
1564 3831 1758 3883 Altera
1784 3845 2011 3899 quoque

390 3925 482 3978 die
503 3939 633 3978 cum
653 3923 924 3994 praedicto
943 3925 1269 3976 occurreret
1287 3921 1339 3975 ei
1362 3937 1427 3974 ex
1445 3921 1772 3991 improviso,
1791 3920 2016 3990 sangui-

390 4033 525 4072 nem
545 4017 883 4069 manantem
903 4013 973 4066 de
994 4013 1210 4066 lumine
1232 4015 1392 4082 largo
1416 4014 1574 4066 fonte
1595 4014 1835 4066 salutem
1853 4029 2014 4066 suam

392 4108 538 4165 oculi
561 4106 972 4176 lacrymabant.
995 4105 1132 4168 Quae
1150 4105 1300 4158 inter
1314 4104 1564 4175 reliquos
1581 4107 1802 4159 astante
1819 4108 2014 4160 sancto

392 4202 512 4256 viro
537 4197 902 4268 conspicitur.
927 4196 1033 4260 Qui
1069 4197 1273 4251 tollens
1307 4213 1365 4250 se
1397 4197 1468 4250 de
1502 4214 1789 4263 consessu,
1811 4197 2011 4250 mulie-

393 4309 519 4350 rem
550 4293 769 4362 utpote
800 4305 1013 4344 caecam
1043 4289 1218 4342 trahit
1245 4289 1302 4342 in
1341 4288 1732 4356 diveesorium,
1771 4306 1884 4360 quo
1912 4289 2014 4343 sibi

395 4388 522 4442 erat
549 4383 889 4438 cubiculum.
910 4381 1082 4451 Cujus
1107 4380 1326 4434 lumina
1354 4397 1504 4451 aqua
1535 4381 1727 4452 tepida
1753 4382 1868 4436 suis
1891 4399 2011 4436 ma-

395 4478 562 4534 nibus
593 4477 850 4542 abluens,
879 4473 1030 4528 diem
1055 4472 1268 4527 refudit
1291 4471 1350 4528 in
1386 4473 1579 4527 oculis.
1609 4473 1745 4538 Quae
1772 4491 1902 4530 mox
1928 4476 2014 4528 lu-

2107 3368 2292 3434 brata,
2316 3371 2373 3422 et
2389 3368 2450 3424 in
2471 3368 2718 3422 sacrario
2746 3368 3018 3422 cathedra
3050 3367 3352 3438 deportata
3373 3367 3617 3422 offertur
3644 3384 3767 3439 pa-

2110 3461 2346 3532 ralytica
2373 3460 2765 3516 universorum
2801 3461 3194 3515 membrorum
3228 3459 3504 3514 damnata
3533 3476 3770 3531 gerens

2112 3554 2318 3621 ofﬁcia,
2339 3555 2557 3608 nullum
2580 3552 2834 3624 vigorem
2853 3553 3108 3607 retinens
3127 3553 3338 3624 plantae
3358 3553 3445 3607 vel
3467 3551 3763 3612 dexteras.

2109 3645 2230 3701 Mox
2250 3647 2471 3700 habens
2491 3647 2548 3700 in
2573 3663 2640 3701 eo
2661 3647 2948 3712 ﬁduciam,
2974 3647 3069 3716 qui
3095 3646 3246 3700 dona
3273 3646 3378 3700 sibi
3409 3647 3572 3716 larga
3601 3663 3770 3718 pras-

2113 3739 2318 3806 stabat,
2347 3754 2476 3792 eam
2498 3743 2561 3792 ut
2583 3739 2766 3792 vitalis
2794 3738 2902 3793 olei
2929 3739 3330 3793 benedictione
3353 3739 3764 3810 superlinivit;

2113 3832 2305 3885 statim
2344 3831 2578 3886 morbus
2614 3831 2947 3898 excluditur,
2985 3832 3224 3886 salubris
3256 3832 3420 3902 vigor
3449 3831 3765 3903 illabitur;

2113 3923 2494 3994 recreatisque
2505 3923 2828 3990 visceribus,
2845 3923 3047 3980 melius
3058 3924 3376 3978 renascitur
3386 3925 3462 3978 sal
3473 3923 3552 3978 uti
3567 3940 3767 3995 quam

2115 4015 2381 4085 germini,
2415 4017 2540 4087 plus
2571 4017 2872 4087 acquirens
2897 4033 2962 4069 ex
2992 4033 3232 4071 munere
3262 4033 3434 4087 quam
3468 4019 3768 4088 sumpsis-

2115 4111 2202 4162 set
2245 4107 2486 4179 origine.
2530 4111 2613 4162 Ita
2662 4113 2724 4162 ut
2771 4109 2884 4162 suis
2929 4113 3127 4179 postea
3173 4110 3442 4164 manibus
3487 4110 3768 4167 tunicam

2115 4202 2323 4256 Sancto
2350 4203 2566 4255 faceret
2594 4201 2754 4271 quasi
2776 4201 3066 4272 acquisitae
3087 4201 3389 4256 tributaria
3415 4201 3762 4260 medicinas.

2184 4293 2353 4348 XLIV.
2399 4291 2655 4350 Tradidit
2696 4294 2991 4348 memoriae
3040 4293 3196 4364 quod
3234 4295 3398 4365 juvat
3441 4294 3499 4348 in
3547 4295 3763 4352 laude.

2116 4388 2310 4456 Itaque
2323 4385 2681 4456 Audegisilus
2697 4385 2886 4456 major
2897 4387 3102 4440 domus
3116 4387 3290 4458 regis:
3309 4403 3439 4441 cum
3456 4391 3765 4458 quartano

2116 4481 2250 4548 typo
2287 4477 2534 4548 graviter
2567 4482 2854 4548 ageretur,
2893 4479 3137 4533 occurrit
3175 4479 3346 4534 beato
3385 4480 3528 4546 viro,
3555 4479 3764 4537 ﬁdens

397 4586 523 4626 cem
551 4567 796 4639 inspicit,
825 4565 1005 4620 sancti
1030 4565 1136 4619 viri
1162 4564 1370 4644 digitos
1387 4565 1654 4620 insatiata
1675 4566 1884 4637 gaudio
1905 4567 2018 4622 suis
2035 4590 2094 4662 D
2118 4570 2188 4624 de
2215 4570 2514 4624 beneﬁcio.
2539 4572 2720 4625 Homo
2742 4571 2842 4625 Dei
2875 4571 2934 4626 in
2962 4588 3062 4625 sua
3088 4572 3230 4626 cella
3257 4571 3514 4642 deputat,
3535 4575 3765 4629 etcum

396 4659 682 4720 immersit
716 4658 993 4725 faucibus,
1035 4657 1362 4729 pariterque
1397 4658 1670 4712 ministris
1706 4675 2014 4731 compunc-

2118 4679 2232 4717 uno
2260 4662 2501 4716 diacono
2530 4661 2782 4717 residere
2795 4662 2962 4733 jubet
2980 4663 3283 4718 inclusum;
3303 4664 3445 4718 Tum
3466 4663 3676 4719 anxius
3701 4672 3769 4723 et

399 4755 555 4812 tione
584 4750 927 4807 deﬁentibus
962 4748 1153 4806 videre
1183 4767 1244 4804 se
1273 4750 1568 4806 hominem
1597 4751 1692 4822 qui
1724 4752 1884 4810 caecis
1913 4770 2016 4825 pro
2109 4752 2380 4826 jejunans
2417 4755 2698 4823 minister,
2732 4755 2870 4826 quid
2916 4757 3131 4812 faceret
3163 4755 3450 4827 excogitat
3486 4757 3766 4829 trepidus

473 4889 550 4961 (α)
593 4890 676 4944 Ita
715 4888 840 4942 Mss.
891 4886 1070 4961 codd.
1115 4885 1449 4961 Legendum
1493 4890 1688 4944 tamen
1735 4888 1960 4945 videtur
2000 4906 2012 4946 :

401 4959 624 5032 τηδναρτ
647 4961 875 5032 pectoris
898 4959 1057 5032 vitali
1073 4959 1241 5032 pulsu
1259 4962 1321 5032 ﬁt
1335 4961 1537 5032 fortior
1559 4961 2016 5032 genuum_colum-

399 5029 553 5103 ἦανεε
590 5029 952 5096 ξηιδεεῃῐιιὶιαε,
989 5031 1097 5083 etc.
1132 5045 1145 5084 :
1178 5029 1285 5084 nisi
1324 5031 1471 5084 forte
1510 5046 1699 5100 genua
1741 5029 2017 5101 adjective

533 5115 678 5168 atur.

401 5129 874 5257 sugiuliudcciacus
904 5168 1152 5257 (Pp_issy),
1185 5171 1354 5245 paulo
1389 5185 1560 5244 supra
1592 5171 1896 5240 Lutetiam,
1929 5170 2014 5229 in-

403 5247 492 5311 ter
519 5247 851 5324 Sequanam
876 5251 933 5303 et
960 5247 1294 5324 ῥίφω-θρέψις

495 5325 541 5396 c)
579 5310 660 5396 1ῐῖΔ
684 5319 942 5396 pluribus
977 5317 1100 5371 Mss.
1136 5315 1228 5369 hic
1268 5315 1598 5396 inseruntur
1639 5311 1748 5396 ista
1787 5310 1962 5368 verba
2001 5326 2014 5366 :

460 5325 541 5451 ISc)
579 5326 641 5378 In
729 5325 942 5376 luribus
977 5325 1100 5371 Mss.
1137 5325 1228 5369 mc
1268 5325 1598 5392 inseruntur
1639 5325 1748 5368 ista
1787 5325 1962 5368 verba
2001 5326 2014 5366 :

409 5415 438 5446 α
507 5411 570 5450 er
591 5339 846 5447 triifuum
870 5403 1027 5454 voce,
1055 5401 1251 5451 manu,
1283 5385 1541 5455 vestigio,
1567 5383 1785 5454 pudore
1810 5400 2015 5455 concu-

404 5467 563 5531 titur,
590 5476 791 5536 rumor
819 5459 875 5536 in
908 5460 1098 5528 partes
1124 5455 1366 5536 tollitur,
1387 5454 1598 5536 gratias
1625 5454 2018 5536 creatorisure-

403 5524 678 5597 ferentes,
711 5524 1006 5584 homin—em
1033 5543 1066 5582 a
1091 5542 1202 5597 quo
1223 5524 1437 5580 morbis
1450 5525 1668 5595 jugiter
1687 5527 1745 5576 et
1765 5524 2020 5597 moribus

402 5594 742 5676 imperetur.
781 5623 808 5650 »
853 5599 963 5655 Sed
1011 5594 1141 5654 cum
1181 5601 1336 5653 textu
1381 5594 1498 5650 non
1539 5597 1687 5650 bene
1731 5594 2019 5650 cohaerere

402 5676 690 5737 videntur.

477 5743 946 5818 (diFortunatus,
975 5753 1358 5818 supra,.nun_1.
1388 5737 1475 5818 2Q,
1497 5733 1860 5818 mentionem
1888 5735 2024 5816 fecit

401 5803 521 5876 Vici
539 5803 678 5888 Novi
695 5828 866 5888 quem
875 5803 1294 5888 juglgParisios
1308 5804 1594 5888 locat.‘Hic
1609 5803 1764 5888 idem
1785 5806 2020 5863 omnino

404 5873 529 5960 esse
547 5873 784 5944 videtin
807 5873 960 5958 ap'ud
985 5877 1258 5938 Bituricae
1283 5893 1319 5935 θ.
1341 5873 1593 5952 quodam
1616 5874 1826 5934 Gallico
1853 5891 2020 5952 para...

2157 4891 2348 4946 hraste
2368 4908 2673 4974 perperam
2693 4889 2981 4974 quaasitus,
3001 4909 3134 4974 cum
3151 4893 3318 4974 solita
3337 4909 3472 4974 cura
3495 4899 3763 4974 asangto

2135 4963 2403 5034 3ermano
2429 4963 2768 5034 visitaretur.
2801 4964 2990 5034 Fuerit
3013 4963 3255 5034 proinde
3285 4964 3496 5034 mulier
3527 4964 3629 5020 illa
3658 4967 3762 5022 Bi-

2117 5033 2415 5107 turicensis
2463 5031 2878 5107 dioecesistsed
2919 5031 3290 5107 nequaquam
3333 5033 3758 5107 Novigentum,

2117 5104 2216 5181 vel
2257 5104 2421 5181 Vicus
2455 5103 2932 5181 _Novus.__Sancti
2962 5177 2970 5181 _
2997 5103 3292 5181 Clodoaldi
3328 5103 3525 5181 Avicus',
3572 5103 3761 5181 vulgo

2119 5173 2488 5244 Saint-Cloud,
2523 5173 3078 5244 olimiNovigentum
3119 5174 3433 5230 dicebatur.
3471 5177 3622 5231 Vero
3658 5173 3757 5234 ta-

2118 5259 2252 5315 men
2303 5243 2626 5315 simileuest
2677 5243 3062 5315 hunc’locum
3116 5244 3621 5315 interpretandum
3677 5249 3760 5306 de

2117 5313 2629 5386 Novigento_silvze
2677 5313 3332 5386 VincensijVincennés)
3376 5316 3666 5386 proximo,
3721 5338 3760 5376 a

2119 5399 2232 5452 quo
2273 5382 2618 5462 'nonhlonge
2662 5382 2834 5462 distat
2885 5382 3025 5440 Villa
3074 5386 3229 5440 Nova
3276 5382 3458 5442 sancti
3509 5382 3760 5462 Georgii

2118 5451 2502 5524 communiter
2528 5451 2832 5524 appellata.

2191 5523 2256 5592 (e)
2293 5523 3016 5602 BasilicahsanctteCIucis,
3052 5525 3196 5602 alias
3222 5525 3401 5602 sancti
3435 5525 3756 5602 Vincentii,

2120 5609 2272 5648 nunc
2313 5593 2492 5648 sancti
2531 5594 2798 5649 Germani
2840 5596 3144 5661 Pratensis,
3182 5596 3241 5649 in
3279 5596 3554 5653 suburbio
3584 5593 3758 5658 Pari;

2120 5663 2533 5742 siensi.._Lege
2602 5665 2790 5742 Vitam
2858 5665 3036 5742 sancti
3099 5667 3438 5742 Droctrovei
3491 5669 3755 5742 abbatis,

2121 5749 2281 5814 num.
2317 5735 2888 5814 13.__Am_anuei_is_ium
2925 5737 3328 5814 interpretatio
3341 5807 3350 5814 _
3363 5741 3451 5814 est
3487 5738 3548 5814 id
3589 5735 3760 5814 quod

2119 5803 2180 5862 in
2196 5805 2504 5882 nonnullis
2535 5805 2680 5882 mss.
2700 5806 2991 5882 Editisque
3023 5803 3182 5865 libris
3219 5803 3471 5882 additur,
3508 5803 3755 5875 in-‘hub.

2121 5875 2276 5936 ιιι-δίο
2297 5875 2534 5952 ejusdem
2558 5878 2792 5938 civitatis
2813 5875 3065 5951 positam.
