3968 6440
193 379 245 425 I39
1799 388 1965 444 VITA.
3473 415 3537 467 ΤΟ

190 480 323 535 unde
361 483 673 536 curaretur
719 482 1028 544 inﬁrmus.
1058 489 1263 544 Idcirco
1296 489 1706 548 febricitantem
1749 497 1830 550 vi-
1853 510 1910 580 Α
1931 502 2012 551 tes
2045 514 2059 552 :
2085 498 2232 553 Bone
2258 505 2464 572 pastor,
2494 503 2674 559 adhuc
2705 509 2852 578 quod
2882 508 3011 564 huic
3036 509 3317 583 languida
3357 517 3536 572 medi-

187 587 304 626 rum
329 571 428 626 Dei
465 573 636 628 Servi
662 576 922 633 rachena
941 579 1015 650 (α)
1042 581 1294 652 undique
1321 583 1646 639 obvolutum
1675 603 1828 642 com-

182 664 334 735 ponit
359 665 487 734 ejus
514 665 578 719 in
608 667 848 725 lectulo.
878 672 1093 726 Eadem
1118 690 1342 744 quoque
1372 675 1462 730 die
1488 681 1638 731 tactu
1663 680 1830 734 vestis

179 755 378 810 nobilis
423 758 596 826 quasi
643 758 874 831 impetu
911 763 1182 834 ﬂuminis,
1210 765 1288 820 ita
1329 771 1622 836 quartanae
1661 771 1829 825 febris

173 847 321 918 ignis
354 849 552 904 omnis
591 853 914 908 exstinctus
943 861 1046 909 est.
1075 857 1144 911 Et
1173 858 1447 912 redeunte
1473 859 1540 914 de
1571 863 1825 932 prandio,

173 945 424 994 reserato
463 942 756 1012 cubiculo,
795 961 970 1000 sanus
1015 949 1259 1002 surrexit
1305 965 1336 1004 e
1378 950 1599 1020 lectulo,
1639 955 1825 1008 exsul-

171 1034 326 1085 tante
353 1031 645 1088 eministro
672 1051 782 1106 pro
816 1038 1075 1093 sanitatis
1099 1041 1354 1110 pramio,
1385 1047 1516 1097 tunc
1543 1044 1647 1100 sibi
1671 1039 1822 1099 reso-
1870 1052 1879 1061 '

167 1120 291 1176 luto
311 1123 572 1192 jejunio.
607 1126 698 1181 Sic
726 1131 883 1182 tactu
915 1130 1072 1184 Beati
1099 1131 1265 1186 vestis
1301 1133 1536 1190 salutem
1567 1141 1824 1205 operatus

167 1218 254 1267 est
281 1213 520 1270 absens.

237 1301 396 1356 XLV.
449 1304 852 1376 Exsequamur
885 1306 1106 1361 itineris
1149 1311 1359 1379 accepti
1395 1311 1676 1368 viaticum.
1714 1315 1820 1368 Ita-

163 1408 280 1462 que
323 1410 466 1448 cum
503 1396 746 1450 Pictavis
789 1399 1058 1469 (Poiti'ers)
1088 1399 1175 1452 vir
1209 1401 1305 1455 Dei
1338 1403 1408 1456 ad
1446 1403 1674 1458 beatum
1697 1421 1823 1460 con-

159 1485 448 1540 fessorem
487 1487 950 1558 proficisceretur
995 1491 1288 1560 Hilarium,
1329 1495 1589 1564 quadam
1634 1497 1822 1552 Baudo

161 1577 320 1631 Feit‘a
345 1579 422 1632 de
458 1579 607 1634 Sene
637 1580 906 1636 Corbiaco
933 1583 1200 1652 (Secorbi),
1233 1583 1362 1638 villa
1386 1585 1535 1640 inter
1561 1587 1700 1641 duos
1729 1589 1820 1643 vix

155 1669 402 1724 advecta
447 1671 504 1724 ei
533 1677 944 1741 repraesentata
972 1679 1072 1742 est,
1105 1691 1234 1744 qua
1272 1680 1393 1730 erat
1418 1682 1592 1746 muta,
1626 1680 1821 1735 clauda

154 1761 244 1814 vel
271 1777 526 1815 manca.
559 1763 780 1832 Lingua
806 1764 1032 1834 rigebat
1066 1765 1388 1834 immobilis,
1419 1769 1670 1824 anhelitu
1694 1771 1815 1840 pal-

1929 588 2069 642 cina
2095 594 2267 645 restat
2293 591 2574 663 impende.
2593 597 2732 652 Nam
2750 599 2853 654 tibi
2873 601 3150 657 credimus
3169 613 3534 678 reservatum,

1926 681 2075 734 unde
2091 685 2309 736 teneres
2327 687 2565 754 praeconi
2574 705 2690 760 um,
2706 695 2770 746 ut
2788 693 3042 747 restituta
3059 695 3266 750 familia
3289 699 3540 770 acquirat

1924 787 1958 824 a
1983 774 2260 828 sacerdote
2287 778 2437 844 quod
2462 779 2647 834 amisit
2674 782 2741 836 de
2769 784 3041 853 germine.
3074 787 3224 842 Tunc
3251 789 3429 858 pietas
3455 791 3540 846 in-

1925 862 2098 932 signis
2136 865 2438 922 advocatur
2474 869 2532 923 in
2573 871 2845 943 lacrymas
2863 891 2882 943 ;
2927 891 3058 930 mox
3083 878 3152 932 ad
3177 879 3392 934 militiae
3419 898 3535 936 sua

1923 953 2160 1024 belliger
2195 973 2350 1010 arma
2390 962 2748 1033 convertitur,
2777 971 2832 1019 et
2865 967 2935 1020 ad
2970 968 3328 1025 obtinendam
3361 973 3532 1028 victo-

1923 1044 2064 1097 riam
2092 1062 2284 1115 preces
2309 1049 2470 1104 oii‘ert
2495 1052 2653 1107 fortis
2681 1059 2888 1110 orator.
2911 1059 3062 1112 Tunc
3089 1061 3174 1114 vir
3196 1061 3391 1116 beatus
3417 1080 3535 1130 sur-

1925 1151 2062 1204 gens
2101 1138 2169 1191 ab
2211 1139 2492 1211 oratione,
2532 1144 2654 1199 oleo
2703 1146 2994 1203 benedicto
3041 1151 3161 1205 loca
3213 1169 3534 1225 perungens

1921 1227 2136 1297 capitis,
2157 1229 2214 1282 in
2240 1231 2518 1288 Trinitatis
2543 1237 2773 1292 nomine
2799 1239 2950 1293 trino
2977 1241 3207 1312 depulso
3236 1244 3526 1316 languore,

1921 1319 2108 1372 statim
2152 1322 2437 1390 patefactis
2490 1327 2713 1381 aurium
2771 1331 3173 1404 oculorumque
3235 1337 3528 1406 meatibus,

1919 1409 2308 1478 plaudentibus
2341 1415 2614 1470 universis
2637 1425 2794 1473 muta
2825 1422 3028 1492 loquax
3062 1425 3258 1481 effecta
3281 1432 3384 1482 est.
3413 1429 3531 1491 Quo

1917 1499 2062 1554 facto
2103 1504 2476 1572 negotiatores
2523 1509 2756 1564 civitatis
2798 1513 3114 1569 Nannetica
3161 1518 3396 1588 quisque
3445 1520 3530 1574 sui

1918 1593 2247 1660 remedium,
2276 1598 2590 1668 pecuniam,
2618 1605 2681 1654 ut
2713 1604 2914 1673 potuit,
2943 1611 3132 1661 sancto
3159 1609 3278 1663 viro
3303 1610 3527 1681 dispen-

1916 1683 2144 1737 sandam
2167 1688 2504 1756 pauperibus
2534 1691 2728 1746 devote
2753 1695 2838 1747 vel
2863 1695 3066 1752 obtulit
3091 1699 3178 1755 vel
3207 1701 3429 1756 direxit.

1984 1775 2148 1828 XLIX.
2190 1777 2580 1848 Leudegesilus
2617 1783 2703 1836 vir
2744 1785 2960 1840 illuster
3001 1789 3166 1857 juxta
3219 1793 3367 1861 quod
3406 1793 3526 1864 ipse

153 1853 409 1922 pitante,
437 1869 575 1922 pars
601 1859 722 1908 erat
744 1859 863 1909 tota
883 1855 954 1909 de
974 1856 1192 1925 funere,
1221 1864 1285 1912 ut
1303 1859 1619 1915 videntibus
1643 1862 1816 1916 oculis
1837 1855 1892 1926 B
1915 1865 2194 1933 professus
2229 1873 2330 1936 est,
2359 1885 2488 1924 cum
2517 1873 2717 1943 aliquis
2751 1891 2820 1930 ex
2852 1853 3065 1933 familia
3089 1898 3189 1935 sua
3212 1853 3411 1937 domus
3427 1853 3522 1938 in-

154 1943 463 2014 reliquum
485 1951 635 1999 esset
660 1946 969 2000 cadaveris.
993 1948 1172 2018 Super
1195 1965 1364 2020 quam
1385 1951 1817 2008 misericorditer

154 2039 220 2088 ut
258 2035 509 2105 signum
552 2053 726 2090 sacra
767 2039 977 2096 crucis.
993 2040 1285 2110 expressit,
1314 2042 1604 2097 confestim
1634 2047 1815 2101 omnis

156 2127 326 2196 vigor
371 2143 486 2198 per
542 2129 802 2182 membra
851 2128 1209 2199 diffunditur,
1255 2147 1526 2188 venarum
1574 2135 1815 2192 ﬂuxuosi

157 2218 331 2271 rivuli
359 2219 740 2288 suscitantur,
773 2235 1084 2274 nervorum
1106 2221 1397 2277 imbecillis
1423 2230 1618 2296 stupor
1642 2243 1810 2282 excu-

158 2311 319 2377 titur,
379 2310 748 2364 naturalibus
796 2311 1050 2364 motibus
1097 2313 1169 2366 ad
1219 2313 1443 2368 vitalem
1487 2332 1652 2372 usum
1699 2323 1814 2374 tota

159 2401 374 2454 fabrica
421 2405 754 2456 renovatur.
783 2403 911 2456 Mox
948 2403 1158 2474 linguae
1193 2405 1472 2474 plectrum
1497 2408 1808 2480 resolvitur,

159 2492 486 2562 digitorum
527 2492 702 2562 glomi
742 2493 1080 2561 tenduntur,
1123 2496 1334 2565 pedum
1372 2497 1530 2552 bases
1567 2500 1807 2555 solidan-

161 2589 270 2647 tur,
305 2589 498 2637 totam
525 2599 657 2653 qua
687 2583 974 2638 viscerum
1003 2587 1207 2640 molem
1238 2587 1343 2640 hoc
1367 2588 1475 2642 fuit
1503 2591 1652 2660 apud
1679 2609 1808 2646 san-

160 2679 312 2728 ctum
365 2674 658 2728 vivificare
701 2675 858 2745 quod
913 2680 1166 2746 tangere.
1217 2678 1352 2740 Qua
1397 2681 1808 2737 convalescente

159 2766 379 2820 medela
409 2766 586 2820 tertia
623 2765 716 2820 die
758 2767 834 2821 ad
873 2766 1156 2823 civitatem
1197 2769 1394 2824 Sancto
1431 2772 1634 2842 gratias
1661 2773 1806 2828 refe-

160 2873 284 2911 rens
314 2857 442 2911 suis
467 2857 722 2912 occurrit
751 2858 1030 2928 vestigiis.

218 2947 406 3000 XLVI.
441 2946 646 3016 Opera
685 2946 941 3018 pretium
981 2947 1229 3004 creditur
1266 2951 1436 3004 etiam
1474 2952 1612 3006 illud
1653 2955 1804 3010 inse-

159 3052 278 3092 rere
324 3037 647 3092 curationis
685 3037 1064 3108 praconium.
1102 3041 1252 3111 Pago
1285 3040 1677 3098 Viudocinensi
1721 3047 1808 3114 (Le

162 3131 533 3200 Vendomois),
563 3129 649 3183 vir
686 3129 893 3183 beatus
941 3129 1078 3184 dum
1124 3133 1461 3202 praeteriret,
1507 3135 1567 3189 in
1616 3137 1807 3191 Ransi—

50 3259 52 3272 .
155 3220 358 3275 donem
383 3195 655 3290 (Baiiscé),
680 3220 958 3274 manendi
983 3195 1165 3292 gratia
1193 3195 1521 3279 declinavit:
1543 3227 1640 3281 ubi
1664 3230 1804 3284 tanti
1825 3195 1878 3267 Ο

155 3313 330 3367 robur
359 3312 786 3368 benedictionis
824 3312 1084 3382 invaluit,
1115 3319 1180 3368 ut
1225 3315 1486 3385 stipulam
1525 3317 1713 3373 lectuli
1745 3320 1804 3376 in

153 3421 259 3476 quo
280 3406 372 3460 vir
407 3409 645 3458 sanctus
675 3403 979 3475 requievit,
1009 3405 1262 3476 quisquis
1289 3407 1530 3463 ﬁdeliter
1552 3409 1800 3482 abstulit,

151 3495 367 3552 donum
406 3497 652 3552 medela
688 3495 1021 3566 portaverit,
1049 3501 1105 3552 et
1134 3497 1202 3552 de
1243 3499 1455 3554 semine
1481 3501 1656 3571 paleae
1679 3502 1800 3557 fru-

150 3604 276 3660 gem
305 3593 563 3644 meteret
591 3587 918 3644 medicinae.
1753 3644 1771 3652 κ

207 3679 424 3733 XLVII.
456 3677 679 3732 Reddat
715 3675 809 3730 hic
850 3675 1239 3732 testimonium
1274 3678 1475 3734 nobilis
1502 3678 1634 3736 facti
1671 3681 1802 3738 urbs

145 3769 482 3825 Nannetum
518 3769 748 3837 (Nautes
785 3769 846 3822 in
888 3769 1214 3839 Armorica).
1241 3771 1360 3834 Quo
1390 3771 1473 3825 vir
1510 3773 1606 3826 Dei
1643 3791 1798 3829 acce-

143 3863 304 3931 dens,
325 3861 612 3932 religioso
631 3859 950 3914 admodum
969 3866 1235 3931 exceptus
1255 3862 1542 3934 obsequio,
1561 3866 1803 3922 occurrit

143 3957 187 4010 ei
210 3956 392 4010 Tecla
418 3953 686 4008 Damiani
706 3957 969 4006 matrona
997 3951 1242 4008 hominis
1269 3956 1514 4026 prompti
1538 3957 1796 4028 negotiis,

137 4048 481 4119 supplicans
503 4049 571 4100 ut
599 4045 793 4099 virum
819 4060 988 4098 suum
1015 4049 1113 4099 aut
1135 4045 1256 4116 ipse
1287 4052 1495 4118 pastor,
1523 4054 1620 4103 aut
1644 4049 1798 4104 missi

135 4141 218 4193 sui
245 4139 652 4211 requirerent.
685 4137 808 4200 Quo
835 4135 971 4208 quia
997 4137 1105 4206 ipsi
1129 4137 1238 4192 fuit
1264 4154 1514 4194 accessus
1541 4140 1795 4212 difficilis,

131 4248 269 4286 cum
304 4229 675 4286 chrismariis
705 4229 777 4298 (b)
814 4227 931 4282 suis
960 4227 1260 4284 diaconum
1286 4230 1508 4286 direxit.
1535 4232 1640 4296 Qui
1665 4249 1794 4304 per-

1913 1962 2161 2012 curreret
2188 1962 2386 2029 typum
2413 1963 2794 2034 cujuscunque
2813 1967 2982 2022 febris
3003 1976 3101 2024 aut
3124 1973 3334 2044 aliquid
3359 1975 3527 2047 frigo-

1912 2047 2007 2114 ris,
2035 2047 2222 2102 lavans
2259 2050 2378 2103 illas
2402 2053 2611 2108 litteras
2636 2072 2773 2125 quas
2808 2057 2867 2111 in
2895 2060 3300 2132 subscriptione
3327 2082 3525 2122 manus

1911 2137 2093 2192 Sancti
2143 2140 2506 2214 depinxerat,
2549 2148 2912 2218 quamplures
2969 2169 3096 2205 suos
3162 2155 3266 2208 hac
3309 2158 3527 2212 medela

1910 2229 2074 2284 saluti
2102 2232 2360 2288 restituit.
2594 2235 2601 2240 ’

1980 2316 2038 2370 L.
2076 2319 2324 2373 Breviter
2356 2321 2444 2374 his
2487 2326 2794 2392 perstrictis
2834 2345 3242 2402 prosequamur
3277 2352 3344 2391 ex
3386 2338 3521 2392 relic

1909 2407 2053 2476 quis.
2089 2409 2365 2464 Chusinus
2397 2413 2624 2482 quidam
2665 2417 2976 2490 incongrue
3026 2425 3160 2478 dum
3207 2426 3296 2480 die
3332 2428 3520 2483 Domi.

1906 2498 2031 2552 nico
2074 2515 2218 2570 equo
2255 2517 2448 2556 curam
2481 2504 2850 2577 impenderet,
2890 2513 3058 2566 missa
3093 2531 3264 2571 manu
3299 2518 3358 2572 in
3397 2521 3520 2574 vul-

1906 2605 2040 2644 nere
2077 2591 2282 2661 digitus
2310 2594 2429 2662 ejus
2462 2595 2752 2653 intumuit.
2782 2601 2938 2668 Hinc,
2971 2611 3254 2673 grassante
3282 2609 3518 2679 fervore,

1905 2685 2019 2734 tota
2061 2698 2188 2751 pars
2225 2683 2439 2738 brachii
2477 2687 2759 2743 relaxatur
2795 2695 3111 2760 putredine.
3140 2699 3244 2762 Qui
3269 2717 3370 2770 per
3395 2704 3515 2758 Bel-

1905 2787 2025 2825 sam
2076 2773 2170 2841 (La
2220 2777 2434 2846 Beauce)
2481 2777 2678 2834 Sancto
2729 2782 3027 2840 itinerante
3069 2791 3131 2843 ut
3175 2791 3245 2844 ad
3287 2793 3517 2849 domum

1906 2879 2065 2918 suam
2107 2864 2404 2921 diverteret
2449 2871 2704 2938 precibus
2746 2872 2880 2928 fusis
2921 2877 3182 2935 obtinuit.
3228 2883 3350 2938 Mox
3399 2885 3520 2955 ejus

1902 2954 2196 3009 brachium
2223 2957 2306 3010 vir
2329 2958 2425 3012 Dei
2449 2975 2594 3030 aqua
2621 2962 2817 3018 callida
2840 2967 3113 3038 confovit;
3142 2971 3374 3044 insuper
3397 2954 3518 3032 oleo

1901 3043 2192 3102 benedicto
2216 3064 2539 3120 perungens
2567 3057 2928 3126 superpositis
2956 3061 3130 3115 caulis
3158 3043 3304 3119 foliis
3328 3067 3518 3124 miriﬁ-

1903 3152 1998 3190 cus
2035 3139 2284 3193 medicus
2317 3141 2584 3212 alligavit.
2629 3145 2715 3199 Sic
2761 3149 3035 3220 quidquid
3075 3153 3253 3210 inerat
3293 3157 3514 3230 ulceris,

1902 3229 2140 3298 pretiosa
2178 3247 2312 3284 cura
2358 3233 2634 3290 restinxit.
2677 3238 2807 3292 Post
2850 3241 2967 3310 ipse
3013 3246 3216 3314 gratias
3270 3229 3517 3307 referens

1901 3326 2090 3375 sancto
2115 3321 2235 3376 viro
2260 3325 2500 3380 occurrit
2524 3326 2620 3380 tali
2647 3335 2870 3386 curatus
2893 3334 3248 3406 malagmate.

1972 3408 2055 3462 LI.
2109 3411 2244 3464 Item
2291 3426 2483 3466 servus
2531 3415 2794 3485 ecclesia,
2833 3419 3095 3478 Libanius
3136 3427 3383 3498 nomine,
3425 3428 3515 3487 die

1903 3499 2186 3555 Dominico
2224 3517 2414 3571 sepem
2447 3503 2759 3571 inconsulte
2800 3510 2936 3565 dum
2979 3514 3278 3588 clauderet,
3312 3535 3514 3578 manus

1901 3591 1952 3644 ei
1977 3596 2271 3646 contracta
2311 3598 2442 3648 sunt
2463 3595 2675 3651 ultione
2703 3604 2966 3669 praesenti
2994 3621 3008 3658 :
3040 3607 3138 3676 qui
3161 3610 3231 3663 ad
3257 3617 3512 3668 sanctum

1899 3681 2082 3736 virum
2126 3683 2360 3738 Parisios
2401 3687 2596 3740 morbo
2637 3691 2938 3761 castigante
2985 3701 3282 3765 percurrit.
3331 3703 3510 3766 Quem

1899 3773 2008 3827 olei
2039 3774 2317 3828 benedicti
2345 3775 2560 3846 liquore
2593 3780 2884 3848 perfusum
2927 3800 2990 3839 ac
3033 3791 3283 3858 mysterii
3326 3795 3510 3864 potius

1897 3870 2189 3936 unguento
2242 3882 2558 3938 respersum
2611 3871 2796 3928 addita
2844 3877 3092 3935 oratione
3142 3881 3511 3942 incolumitati

1896 3957 2158 4013 restituit.

1969 4045 2076 4100 LII.
2117 4047 2222 4100 Per
2267 4045 2617 4119 singulorum
2661 4053 2995 4126 compendia
3037 4069 3264 4120 currant
3285 4113 3295 4128 η
3319 4077 3511 4125 rerum

1897 4135 2186 4191 miracula.
2215 4139 2464 4211 Namque
2493 4142 2765 4198 Andulfus
2799 4147 3054 4205 Ecclesia
3085 4154 3371 4214 Parisiaca
3396 4161 3508 4218 cle-

1895 4227 2043 4282 ricus
2080 4228 2218 4296 dum
2252 4229 2340 4286 die
2381 4233 2820 4292 Resurrectionis
2865 4238 2947 4310 [Id
2983 4249 3060 4298 est
3101 4247 3188 4302 die
3222 4253 3506 4330 Dominico]

129 4339 382 4378 currens
420 4323 496 4377 ad
531 4321 838 4376 hominem
867 4323 933 4374 ut
971 4319 1075 4374 sibi
1107 4321 1333 4392 jussum
1357 4322 1558 4393 fuerat,
1586 4323 1798 4380 infirmi
1892 4319 1952 4374 in
1969 4320 2188 4375 vincula
2205 4338 2305 4376 sua
2325 4339 2497 4378 nuces
2516 4325 2585 4378 ab
2603 4326 2800 4382 arbore
2830 4339 3134 4407 excuteret,
3155 4355 3258 4410 pro
3277 4359 3341 4397 eo
3361 4347 3512 4415 quod

127 4418 358 4471 viscera
388 4415 606 4486 tangit.
637 4414 829 4468 Altera
855 4412 945 4467 die
981 4418 1242 4468 exemtus
1278 4413 1398 4484 ipse
1424 4417 1678 4471 sacerdos
1702 4434 1793 4472 ac~

125 4509 284 4564 cedit
315 4508 392 4562 ad
423 4506 706 4573 debilem,
737 4503 837 4576 qui
867 4504 1078 4575 duplici
1103 4505 1207 4560 sub
1235 4510 1464 4576 tortore,
1485 4507 1872 4612 hinc‘pres-D

125 4616 218 4654 sus
257 4597 632 4667 valetudine,
682 4596 820 4651 inde
859 4597 1126 4668 podagra
1169 4599 1403 4654 vulnere
1447 4599 1797 4656 cruciabatur

124 4689 312 4748 homo
331 4689 709 4747 miserandus
728 4686 1060 4759 procaciter.
1082 4690 1224 4744 Tum
1243 4689 1508 4746 Sacerdos
1526 4691 1795 4748 Altissimi

123 4782 446 4840 inﬁmum
473 4782 606 4837 oleo
633 4781 934 4836 benedicto
959 4782 1247 4852 perunxit.
1278 4783 1354 4836 Eo
1392 4788 1677 4839 momento
1705 4785 1796 4841 de-

123 4873 262 4932 bilis
296 4876 506 4932 statim
532 4872 803 4928 manibus
841 4873 1068 4930 directis
1092 4873 1403 4946 longinquo
1432 4876 1500 4931 de
1525 4875 1795 4948 languore

128 4983 342 5039 gressu
370 4967 622 5022 solidato
651 4965 951 5036 prosilivit.

189 5055 444 5112 XLVIII.
487 5053 601 5110 Sed
639 5057 707 5108 ut
732 5051 1120 5124 duplicaretur
1154 5053 1214 5108 in
1250 5069 1366 5109 una
1391 5055 1556 5110 domo
1583 5061 1792 5128 myste-

129 5148 307 5220 rium,
344 5152 408 5204 et
434 5163 575 5220 qua
603 5144 899 5218 praecessit
936 5144 1001 5199 in.
1031 5151 1192 5216 patre
1233 5146 1454 5202 medela
1477 5147 1796 5219 perveniret

137 5241 196 5296 ad
233 5241 499 5314 prolem,
529 5237 813 5293 habentes
841 5235 1035 5304 ﬁliam,
1064 5235 1307 5292 offerunt
1332 5238 1403 5308 ei,
1433 5239 1662 5296 nomine
1689 5241 1796 5295 Ma-

139 5332 281 5388 riam
327 5347 574 5398 eaeam,
613 5329 852 5384 surdam
893 5333 950 5383 et
988 5334 1226 5384 mutam.
1269 5331 1570 5402 Exponunt
1609 5333 1794 5387 vivum

145 5425 380 5482 cadaver
413 5423 557 5498 [Al.,
585 5419 940 5493 cadaverem]
975 5425 1104 5476 ante
1141 5423 1316 5478 sancti
1342 5423 1575 5495 vestigia
1603 5425 1792 5481 dicen-

210 5547 283 5613 (α.)
327 5545 444 5601 Alii
481 5544 747 5622 scribunt
785 5541 1057 5622 radiata,
1085 5541 1193 5622 sed
1233 5545 1538 5622 utrumque
1563 5548 1796 5622 recte,_a

157 5610 314 5670 verbo
351 5617 554 5672 Graeco
583 5614 737 5682 ῥάκη,
766 5610 922 5680 quod
953 5611 1287 5682 divulsioues
1314 5610 1609 5682 signiﬁcat.
1641 5615 1794 5669 Unde

161 5687 409 5756 ηοω,
441 5675 595 5766 νίξὶἐ
710 5675 908 5766 lacera
922 5681 1098 5766 vestis
1125 5681 1310 5766 Xossio
1335 5675 1408 5766 de
1433 5683 1589 5766 Vitiis
1620 5699 1791 5766 serm.

167 5754 376 5818 videtur,
395 5746 517 5819 ἐρα
553 5746 783 5822 aptior_
803 5748 941 5805 huic
972 5749 1090 5822 loco
1128 5751 1376 5808 Menardi
1412 5752 1588 5808 nostri
1615 5753 1792 5812 inter-

154 5831 367 5893 Pretatio
401 5831 462 5892 in
505 5819 814 5887 Cohcord.
845 5819 1044 5892 tegul.,
1075 5837 1208 5898 pag.
1239 5823 1362 5894 921,
1389 5823 1490 5878 ubi
1530 5824 1795 5882 rachanas

1895 4417 2153 4482 Operatus
2181 4415 2346 4469 estin
2371 4415 2460 4470 die
2485 4415 2925 4492 illuminationis,
2947 4427 3193 4486 cacitate
3217 4449 3511 4502 percussus

1894 4507 1996 4572 est,
2024 4509 2080 4559 et
2105 4507 2264 4560 vultu
2294 4507 2590 4564 tenebroso
2617 4513 2863 4580 perstitit
2895 4518 3029 4572 anni
3071 4523 3268 4590 spatio.
3298 4526 3510 4584 Dehinc

1893 4595 2146 4650 Pontiﬁci
2188 4597 2424 4668 oblatus,
2469 4604 2526 4654 et
2562 4607 2750 4657 sancto
2791 4606 3046 4677 unguine
3087 4614 3366 4688 perfusus,
3399 4618 3512 4677 diei

1893 4702 2086 4742 rursus
2113 4689 2384 4758 redditus,
2414 4696 2471 4746 et
2494 4693 2793 4749 sacerdotis
2826 4713 3087 4757 serenum
3111 4709 3373 4779 purgavit
3395 4713 3507 4770 cle.

1893 4778 1998 4833 rici
2035 4780 2314 4836 nubilum.
2344 4783 2430 4838 Sic
2455 4785 2729 4858 quidquid
2764 4789 3022 4848 minister
3052 4778 3244 4854 amisit
3263 4803 3505 4860 medica-

1892 4869 2020 4926 bilis
2049 4872 2254 4943 prasul
2278 4875 2538 4933 obtinuit.
2769 4942 2776 4947 η

1961 4960 2095 5014 LIII.
2135 4962 2202 5016 Et
2244 4962 2378 5034 quia
2419 4971 2676 5022 crescunt
2717 4985 2925 5040 genera
2965 4973 3364 5038 miraculorum
3405 4995 3508 5057 per

1893 5055 2174 5122 tempora;
2214 5071 2344 5110 cum
2377 5057 2497 5128 regi
2525 5063 2948 5129 prasentandus
2979 5066 3063 5120 vir
3087 5066 3282 5129 beatus
3310 5055 3504 5138 occur-

1891 5148 2041 5199 reret
2063 5145 2192 5200 villa
2216 5147 2494 5218 Roteiaco,
2519 5150 2752 5207 clericus
2771 5151 2824 5209 ei
2842 5156 3107 5228 nequitia
3127 5163 3325 5234 spiritu
3348 5187 3510 5231 vexa-

1892 5246 1983 5296 tus
2023 5237 2337 5295 adducitur.
2368 5237 2524 5296 Unde
2563 5243 2799 5314 expulso
2838 5247 3153 5310 adversario
3193 5259 3508 5326 videntibus

1893 5332 2398 5400 circumstantibus,
2428 5333 2580 5390 velut
2615 5336 2730 5390 avis
2761 5341 2994 5408 parvula
3031 5345 3100 5402 de
3135 5352 3317 5422 capite
3341 5372 3503 5415 ener-

1895 5426 2146 5500 gumeni,
2167 5423 2369 5480 umbra
2391 5424 2602 5497 fugata,
2622 5431 2928 5500 egreditur.
2945 5435 3123 5500 Quam
3147 5441 3285 5500 dum
3302 5449 3505 5523 reliqui

1891 5545 2289 5623 proiectorum
2321 5542 2681 5623 operimentis
2707 5555 2956 5623 usurpat.
2987 5555 3130 5611 Alibi
3157 5563 3344 5619 tamen
3370 5567 3502 5623 Vos-

1893 5613 1962 5669 §ii
1985 5614 2254 5694 expositio
2279 5613 2534 5694 quadrat,
2561 5621 2626 5671 ut
2651 5617 2711 5672 in
2738 5613 2903 5676 abin
2933 5623 3070 5680 Vita
3102 5613 3504 5694 magna;

1894 5684 2117 5756 gundis,
2144 5684 2314 5756 num;
2333 5684 2389 5756 4.

1963 5755 2031 5828 (b)
2059 5754 2394 5812 Chrismaria
2432 5770 2564 5814 vasa
2607 5762 2768 5817 erant
2806 5760 2875 5820 ad
2918 5765 3300 5842 recipiendum
3337 5773 3496 5846 Chri-

1891 5840 2008 5880 ama
2017 5865 2030 5884 ο
