3968 6432
479 374 537 430 7i
1373 371 1666 428 SANCTUS
1700 369 2078 436 GERMANUS,
2117 367 2524 424 PARISIENSIS
2560 365 2934 422 EPISCOPUS.
3771 371 3834 420 7‘2

464 496 569 555 per
595 479 830 536 domum
856 473 1180 534 volitantem
1217 477 1675 550 insequerentur,
1707 477 1827 550 ipse
1865 478 2097 534 Sanctus
2118 487 2177 561 Α
2195 476 2380 548 potuit
2414 492 2427 530 :
2465 473 2837 545 manibusque
2873 471 3172 528 contractis
3215 471 3286 527 ad
3327 471 3596 544 reliquias
3633 471 3836 541 sancti,

465 573 583 629 suis
623 588 748 628 eam
781 571 1042 626 contrivit
1079 570 1328 643 vestigiis
1359 588 1380 629 ι
1405 575 1462 626 et
1496 588 1626 626 cum
1662 573 1806 643 pede
1849 570 2095 642 compri-

469 670 742 732 meretur,
770 679 1036 719 conversa
1061 667 1146 719 est
1176 667 1409 735 repente
1448 664 1616 718 fallax
1651 663 1712 718 in
1743 663 2095 734 sanguinem,

468 757 756 830 geminato
785 755 1091 828 praeconio,
1120 761 1186 811 ut
1224 773 1326 812 nec
1364 757 1690 825 calcaretur,
1719 761 1776 812 et
1812 757 1900 811 sui
1939 773 2100 812 casus

464 849 671 905 iudicio
707 847 1052 904 multifarius
1091 848 1294 904 artifex
1331 849 1492 904 ﬁeret
1529 849 1774 920 sanguis,
1807 865 1936 905 reus
1969 866 2097 904 sau-

469 943 734 1016 guinum.

537 1037 667 1090 LIV.
713 1033 990 1090 Producat
1033 1051 1212 1106 pagus
1253 1033 1568 1091 Oximensis
1607 1034 1679 1104 (a)
1722 1033 1872 1089 inter
1911 1037 2103 1088 nostra

469 1128 622 1201 quod
647 1144 816 1182 suum
839 1131 942 1197 est,
963 1143 1034 1182 ne
1059 1131 1320 1182 teneatur
1338 1128 1399 1181 in
1420 1125 1656 1181 obscuro
1681 1126 1994 1198 posteritati
2015 1143 2104 1181 res

470 1220 726 1276 luminis.
757 1219 1046 1290 Siquidem
1079 1219 1166 1274 vir
1201 1218 1585 1274 sanctissimus
1621 1219 1694 1273 ad
1730 1218 1920 1273 villam
1948 1219 2101 1272 Tasi-

469 1313 679 1368 liacum
710 1311 1137 1383 (Ville-Taillac)
1164 1328 1296 1367 cum
1323 1311 1654 1366 declinasset
1679 1310 1904 1377 itinere,
1935 1309 2102 1365 offer-

471 1410 568 1460 tur
591 1405 644 1460 ei
670 1405 878 1459 mulier
900 1403 991 1458 cui
1017 1403 1226 1474 duplex
1253 1403 1482 1458 morbus
1512 1407 1650 1469 erat,
1680 1403 1812 1458 inde
1840 1407 2103 1468 vetustas,

472 1497 606 1554 hinc
645 1497 882 1552 cmcitas.
919 1497 1170 1551 Salutem
1197 1495 1487 1568 deprecari
1512 1495 1694 1550 verbis
1731 1495 2108 1550 trementibus

472 1589 706 1661 incepit.
753 1590 873 1652 Qua
917 1589 1322 1660 supplicatione
1360 1591 1546 1642 motus
1587 1588 1732 1642 senis
1768 1587 2020 1642 mulieris
2053 1591 2110 1642 et

473 1681 675 1738 debilis
701 1680 950 1736 oratione
976 1681 1330 1752 praecedente
1363 1680 1486 1734 oleo
1523 1679 1836 1750 superfuso,
1861 1680 2108 1734 lucernae

474 1773 768 1828 oculorum
794 1773 1040 1828 reddunt
1068 1773 1299 1828 luminis
1324 1771 1532 1841 radios,
1565 1775 1620 1827 et
1645 1771 1785 1826 datis
1811 1771 2112 1843 speculari-

2197 585 2371 624 manu
2406 566 2592 623 mariti
2633 570 2854 637 portata
2890 569 2994 620 est.
3025 567 3177 620 Inter
3211 565 3334 620 haec
3360 565 3492 620 dicti
3532 565 3838 637 paenitens,

2197 662 2498 716 miserante
2535 660 2629 730 pio
2657 659 2776 713 viro
2813 658 2975 712 saluti
3015 658 3248 713 reducta
3281 664 3384 728 est,
3415 659 3694 713 conﬁtens
3719 657 3842 728 ejus

2199 755 2461 824 despectu
2490 751 2593 806 sibi
2619 751 2980 822 repentinum
3005 751 3298 805 accessisse
3323 751 3665 822 periculum.

2269 847 2443 900 LVIII.
2471 847 2539 900 Et
2578 845 2846 916 quoniam
2886 859 2988 897 suo
3023 843 3226 897 merito
3264 843 3479 898 semina
3510 843 3714 898 salutis
3741 859 3844 915 per

2199 954 2440 1010 qumque
2482 938 2605 992 loca
2644 937 2896 1008 dispersa
2930 941 3080 1002 sunt,
3124 935 3360 1007 contigit
3398 939 3466 990 ut
3500 935 3844 991 venerabilis

2201 1030 2470 1086 Flameris
2511 1029 2654 1083 abba
2693 1029 2762 1084 de
2802 1029 3022 1083 Cadone
3067 1029 3312 1098 (Chinon,
3355 1044 3528 1099 supra
3571 1027 3843 1100 Ligerim)

2201 1123 2496 1189 Turonico,
2541 1136 2714 1175 manu
2763 1120 2910 1175 beati
2957 1120 3218 1176 Germani
3261 1120 3639 1191 subscriptam
3681 1135 3844 1174 acce-

2202 1215 2372 1286 pisset
2399 1213 2712 1284 epistolam.
2730 1212 2984 1277 Quicum
3014 1229 3182 1267 suum
3207 1212 3553 1266 monachum
3579 1229 3687 1284 per
3707 1211 3848 1266 duos

2203 1323 2379 1362 annos
2398 1306 2648 1362 febribus
2673 1305 3046 1360 decubantem
3071 1305 3143 1359 ad
3166 1304 3441 1359 lectulum
3465 1305 3742 1373 visitaret,
3765 1321 3851 1359 re-

2205 1399 2380 1472 quirit
2402 1399 2661 1454 inﬁrmus
2685 1399 2837 1453 unde
2861 1397 3102 1452 venisset
3121 1397 3350 1468 pagina.
3371 1397 3685 1468 Respondit
3703 1397 3848 1452 abba

2205 1509 2238 1546 a
2261 1491 2498 1546 Domino
2521 1491 2797 1546 Germano
2824 1490 2926 1544 sibi
2954 1489 3124 1544 fuisse
3155 1490 3446 1545 directam.
3473 1491 3658 1554 Quam
3686 1490 3851 1562 petiit

2207 1585 2312 1640 sibi
2347 1584 2582 1656 porrigi.
2609 1584 2713 1648 Qui
2751 1583 2820 1638 de
2847 1582 3254 1653 subscriptione
3281 1583 3404 1653 ejus
3429 1583 3631 1654 lingua
3657 1582 3845 1637 deter-

2211 1692 2349 1750 gens
2366 1678 2632 1745 litteram,
2655 1677 2801 1730 salus
2825 1675 3113 1730 descendit
3134 1675 3194 1728 in
3216 1675 3446 1744 viscera,
3470 1681 3526 1730 et
3544 1675 3850 1730 atramenti

2207 1771 2427 1843 pictura
2479 1773 2681 1824 cuncta
2725 1768 2857 1823 vicit
2907 1772 3219 1838 unguenta.
3258 1768 3414 1822 Unde
3467 1767 3850 1839 approbatum

477 1867 582 1922 bus
604 1865 853 1920 tenebrae
877 1865 1170 1936 fugerunt.
1189 1865 1307 1929 Qua
1327 1865 1664 1931 illuminata,
1683 1865 1795 1918 Deo
1813 1864 2110 1918 reddentes
2129 1851 2187 1922 B
2211 1868 2295 1918 est
2325 1862 2596 1934 languido
2623 1865 2952 1932 recuperato
2977 1865 3042 1914 ut
3067 1859 3320 1914 dicamus
3347 1861 3756 1930 communiter,
3786 1860 3852 1913 de

478 1959 716 2031 gloriam
741 1973 845 2030 per
869 1973 1042 2028 quem
1073 1956 1326 2012 Christus
1351 1961 1636 2028 operatur,
1665 1960 1911 2011 astantes
1937 1955 2112 2010 sancti

480 2050 745 2106 Germani
772 2049 1081 2120 praeconati
1111 2053 1245 2104 sunt
1268 2049 1492 2104 merita.

549 2144 657 2198 LV.
687 2141 1090 2197 Dinumerandi
1127 2146 1262 2196 sunt
1295 2142 1498 2212 morbi,
1522 2146 1586 2196 ut
1618 2141 1958 2213 praedicetur
1990 2143 2114 2196 fons

481 2234 706 2292 medici.
737 2234 1026 2306 Daningus
1064 2233 1280 2288 Ardulﬁ
1321 2233 1468 2288 filius
1505 2234 1585 2288 ita
1619 2233 1818 2305 capite,
1849 2235 2024 2288 oculis
2061 2240 2116 2289 et

481 2329 612 2384 totis
655 2327 924 2398 hydropis
957 2326 1154 2380 morbo
1189 2330 1384 2382 tensus
1420 2331 1541 2382 erat
1576 2326 1902 2396 visceribus,
1942 2331 2008 2381 ut
2056 2326 2115 2380 in

482 2421 625 2477 utris
661 2419 1089 2474 similitudinem
1131 2419 1290 2490 quasi
1324 2423 1475 2474 totus
1511 2424 1708 2474 venter
1745 2423 1909 2488 esset,
1938 2435 2114 2490 pene-

481 2513 640 2570 tratis
671 2512 934 2567 vitalibus
957 2511 1111 2566 velut
1145 2511 1356 2566 vitrum
1390 2511 1705 2583 perlnceret
1739 2511 1942 2566 infecta
1976 2511 2119 2566 cutis

481 2605 837 2662 intrinsecus.
865 2604 970 2668 Qui
994 2621 1029 2658 a
1056 2604 1287 2659 medicis
1315 2604 1661 2674 desperatus,
1688 2603 1758 2657 ad
1798 2603 1953 2657 Beati
1981 2620 2116 2658 con-

481 2697 632 2770 fugit
658 2702 911 2753 extrema
950 2701 1098 2752 sorte
1133 2695 1470 2751 remedium.
1497 2697 1680 2760 Quem
1711 2712 1846 2750 mox
1869 2696 2122 2750 vestibus

485 2795 723 2846 exutum
753 2793 812 2844 et
839 2788 1010 2842 sacris
1047 2788 1310 2842 manibus
1339 2793 1699 2858 perunctum,
1730 2788 2000 2859 hydropis
2029 2787 2118 2842 in-

487 2882 676 2938 clusus
706 2881 894 2952 liquor
929 2880 1147 2951 liquore
1180 2879 1552 2947 consumitur,
1585 2884 1642 2934 et
1673 2895 1819 2950 aqua
1844 2880 2123 2934 iufusione

487 2974 598 3032 olei
624 2973 951 3029 desiccatur.
977 2973 1064 3028 Sic
1089 2973 1258 3028 modo
1281 2971 1600 3026 admirabili
1624 2989 1728 3026 nec
1752 2973 1962 3027 humor
1987 2972 2122 3027 foris

488 3082 747 3140 egressus
798 3070 902 3134 est,
939 3081 1044 3120 nec
1085 3065 1240 3120 intus
1281 3065 1526 3136 languor
1568 3068 1821 3120 retentus
1863 3071 1966 3134 est,
2004 3070 2124 3120 arte

487 3157 837 3233 praedicabili
861 3159 1161 3214 humorem
1189 3175 1260 3212 ex
1296 3157 1537 3212 humore
1567 3157 1782 3213 siccari.

561 3253 692 3308 LVI.
722 3253 861 3306 Item
891 3268 1023 3307 cum
1066 3251 1138 3306 ad
1171 3249 1458 3304 basilicam
1490 3249 1941 3306 beatissimorum
1983 3251 2120 3306 Ger-
2143 3206 2198 3280 Ο

487 3345 627 3402 vasii
671 3350 730 3400 et
759 3344 993 3400 Protasii
1031 3343 1362 3414 vigilaturus
1401 3343 1709 3408 accederet,
1735 3343 1968 3415 quidam
2009 3360 2119 3398 cae-

490 3455 590 3495 cus
637 3436 844 3494 institit
886 3435 1330 3492 misericordiam
1383 3435 1692 3507 postulans.
1746 3435 1848 3490 Cui
1895 3436 1981 3490 vir
2026 3435 2124 3490 Dei

489 3531 764 3606 prmcepit
789 3530 941 3584 inter
964 3528 1142 3584 altare
1167 3533 1222 3583 et
1247 3533 1570 3583 sanctorum
1597 3527 1860 3598 reliquias
1883 3531 1948 3582 ut
1967 3527 2122 3598 jace-

489 3630 596 3682 ret.
626 3625 746 3688 Quo
783 3626 1010 3695 peracto
1041 3620 1226 3692 primo
1267 3620 1532 3689 diluculo,
1565 3637 1700 3674 mox
1734 3636 1906 3690 super
1939 3620 2127 3674 oculos

489 3718 720 3790 signum
762 3715 943 3771 crucis
989 3713 1196 3784 intulit,
1239 3713 1339 3768 lux
1387 3712 1612 3768 effulsit.
1653 3715 1722 3768 Et
1772 3717 1921 3768 totus
1969 3712 2129 3768 labor

490 3809 699 3866 medici
717 3825 914 3864 curam
937 3807 1144 3864 virtute
1171 3807 1352 3862 crucis
1369 3805 1665 3878 impendit.

565 3903 718 3957 LVII.
750 3901 949 3958 Mulier
974 3900 1043 3955 de
1071 3900 1370 3955 Oximense
1395 3903 1594 3970 petens
1618 3897 2070 3970 redemptionem
2095 3913 2129 3951 a

496 3999 689 4052 sancto
716 3993 856 4064 viro,
878 4009 990 4064 qua
1017 3997 1187 4060 sorte,
1213 3991 1359 4046 nihil
1386 3991 1639 4062 accipere
1665 3990 1892 4046 meruit.
1921 3990 2128 4046 Dehinc

497 4087 833 4144 Britannum
853 4084 1249 4156 presbyterum
1280 4099 1385 4154 pro
1407 4083 1738 4140 inﬁrmitate
1771 4083 2002 4138 rectoris
2037 4099 2132 4153 pa-

497 4181 623 4236 tria
651 4195 769 4234 suae
804 4176 1257 4232 benedictionem
1284 4175 1544 4246 praedicti
1579 4181 1636 4230 et
1675 4175 1943 4247 reliquias
1968 4191 2133 4246 expe-

497 4273 610 4330 tiit.
629 4271 736 4336 Qui
760 4271 868 4326 iter
891 4285 1060 4324 suum
1085 4269 1402 4341 egrediens,
1419 4269 1773 4323 mansionem
1791 4269 1851 4323 in
1875 4269 2002 4323 villa
2021 4285 2134 4340 qua

498 4364 766 4440 praedicta
801 4363 1010 4418 mulier
1046 4361 1334 4418 habitabat
1372 4361 1634 4416 obtinuit.
1675 4362 1856 4426 Quam
1895 4361 2134 4416 maritus

497 4459 772 4514 allocutus
797 4461 862 4512 ut
888 4455 1033 4512 sicut
1056 4454 1151 4510 alii
1175 4459 1231 4510 et
1253 4453 1363 4526 ipsi
1386 4454 1458 4510 ad
1485 4454 1751 4526 reliquias
1775 4455 1969 4510 domui
1994 4455 2130 4510 Ger-

498 4551 655 4609 mani
679 4553 1060 4606 occurrerent.
1087 4549 1224 4613 Quae
1249 4547 1506 4620 despexit
1527 4563 1632 4620 pro
1657 4563 1723 4602 eo
1750 4549 1902 4619 quod
1927 4548 1978 4602 ei
2004 4564 2132 4603 sau-

499 4649 623 4702 ctus
657 4644 744 4699 vir
778 4641 1229 4714 redemptionem
1266 4658 1383 4696 non
1421 4641 1671 4696 dederat.
1707 4641 1813 4696 Sed
1852 4641 2041 4696 statim
2076 4641 2139 4696 in

495 4739 624 4794 loco
648 4752 762 4812 quo
787 4735 940 4791 stetit
962 4735 1118 4790 velut
1141 4735 1254 4790 ﬁxa
1277 4733 1468 4806 stipite
1489 4749 1747 4805 gressum
1771 4750 1998 4790 movere
2023 4750 2139 4790 non

574 4857 1210 4939 (a).V_ieus_9ximensis
1238 4857 1498 4939 (Hyesme)
1518 4899 1533 4928 ,
1579 4857 1640 4913 in
1671 4857 2032 4939 Normannia,
2071 4875 2139 4939 ex

502 4930 680 4992 sancti
717 4930 929 4987 Ebrulﬁ
961 4930 1299 4985 monasterio
1334 4945 1543 4984 nomen
1579 4931 1814 5001 accepit,
1842 4930 2141 4986 vemacule

499 5003 924 5064 Saint-Euroul.
2071 5017 2077 5032 ι

578 5076 646 5146 (b)
672 5073 899 5146 Phrasis
918 5069 1186 5146 inusitata
1214 5073 1272 5126 et
1305 5069 1608 5146 Fortunato
1632 5069 1947 5146 peculiaris,
1979 5071 2048 5126 ab
2064 5087 2141 5146 eo

502 5140 808 5223 iterumin
842 5142 943 5223 lib:
972 5158 991 5196 1
1017 5140 1168 5223 Vitas.
1189 5145 1396 5221 sanctae
1429 5140 1824 5223 ‘tt‘adegnndis,
1853 5155 2016 5223 num.
2054 5142 2138 5223 1:4,

504 5217 798 5287 usurpata,
843 5213 942 5268 sed
983 5211 1286 5282 utrobique
1327 5211 1387 5265 in
1429 5211 1613 5266 libris'
1635 5212 1802 5267 editis
1845 5211 2143 5284 depravata

503 5284 844 5362 foedissime:
875 5285 1034 5337 Hunc
1070 5281 1259 5362 locum
1299 5281 1910 5362 Suriusreeentiorum
1928 5299 2140 5362 .exem-

505 5355 754 5431 plarium
773 5353 944 5431 fidem
955 5357 1183 5431 secutus
1200 5352 1278 5431 ita
1297 5352 1546 5431 exhibet,
1567 5352 1827 5431 «_Vi_gili_i_s
1846 5353 1907 5407 iu
1927 5353 2142 5431 honore

507 5422 686 5484 Sancti
719 5425 919 5479 eodem
951 5423 1012 5476 iu
1049 5423 1292 5476 oratorio
1317 5423 1512 5477 devote
1543 5422 1835 5478 celebratis
1862 5440 1926 5477 ac
1954 5424 2140 5490 missa,

508 5497 578 5553 de
605 5495 868 5567 praesenti
895 5497 1090 5548 curata
1123 5497 1229 5567 est.
1251 5514 1280 5542 ››
1307 5493 1549 5567 Omnino
1572 5509 1708 5548 vero
1732 5495 2144 5567 exemplaribus

505 5564 826 5622 veterrimis
851 5565 912 5619 in
940 5571 1192 5618 nostram
1215 5565 1514 5618 lectionem
1541 5564 1872 5618 coeuntibus
1897 5565 2140 5618 subscri-

505 5637 780 5716 bendum.
833 5634 978 5700 Quid
1019 5651 1156 5716 ergo
1205 5638 1370 5690 missa
1416 5633 1714 5716 revocata}
1743 5634 1975 5716 .Nempe
2025 5635 2146 5690 dies

508 5709 686 5765 festus
725 5723 913 5762 annua
961 5703 1236 5765 vertigine
1288 5719 1608 5760 recurrens.
1661 5703 1818 5758 Patet
1869 5703 1939 5759 ex
1985 5721 2142 5760 conc.

505 5776 925 5850 Pistensisgcap.
949 5780 980 5834 3
1003 5792 1017 5832 :
1041 5797 1069 5827 «
1091 5773 1390 5850 Communi
1413 5773 1617 5850 placito
1645 5773 2148 5850 constituimus,_ut

506 5865 688 5927 usque
733 5849 804 5907 ad
833 5842 1063 5907 missam
1109 5845 1305 5924 (sancti
1332 5842 1618 5920 Remigii),
1653 5843 1761 5901 hoc
1798 5849 1854 5902 et
1879 5842 2148 5910 kalendas

2211 1955 2394 2011 Sancti
2419 1953 2827 2025 subscriptione
2855 1953 2960 2007 sibi
2987 1953 3226 2008 salutem
3249 1952 3500 2008 linxisse.

2283 2049 2408 2103 LIX.
2439 2047 2648 2102 Dehinc
2676 2063 2808 2102 cum
2843 2045 2914 2102 ad
2947 2047 3264 2101 Camonam
3301 2045 3554 2115 (Charoy,
3581 2045 3645 2100 in
3671 2048 3854 2100 tractu

2213 2140 2583 2211 Wastinensi).
2607 2139 2898 2194 castellum
2935 2139 3252 2207 accederet;
3293 2138 3524 2209 quidam
3568 2155 3628 2193 se
3667 2138 3719 2192 ei
3767 2138 3852 2192 in-

2216 2234 2361 2304 gerit
2395 2249 2570 2287 manu
2603 2237 2887 2286 contracta
2912 2231 3108 2286 debilis
3134 2247 3238 2302 pro
3271 2246 3337 2284 eo
3366 2231 3518 2302 quod
3550 2231 3646 2286 die
3673 2231 3859 2286 Domi-

2213 2326 2340 2381 nico
2379 2325 2592 2396 aliquid
2641 2329 2904 2396 operatus
2947 2323 3036 2378 sit.
3081 2324 3258 2387 Quem
3304 2322 3578 2394 praecepit
3626 2323 3690 2378 in
3730 2323 3860 2378 villa

2215 2417 2436 2474 Cariaco
2485 2418 2728 2488 (Chcvry)
2772 2421 2897 2488 post
2945 2431 3003 2471 se
3057 2415 3329 2470 festiuum
3377 2432 3702 2472 occurrere.
3741 2416 3857 2481 Quo

2217 2509 2534 2579 accedente,
2563 2509 2702 2563 dum
2740 2509 2945 2580 digitos
2980 2507 3102 2578 ejus
3142 2524 3298 2562 sacro
3325 2514 3682 2580 perungeret
3716 2509 3857 2575 oleo,

2217 2602 2402 2657 subito
2429 2601 2572 2656 sicca
2596 2601 2781 2672 palma
2810 2600 3094 2656 revirescit
3127 2616 3195 2655 ex
3220 2601 3414 2656 altera.
3444 2600 3690 2656 Astricta
3721 2601 3860 2656 cutis

2219 2694 2434 2748 ossibus
2484 2694 2894 2748 intercurrente
2953 2693 3194 2748 humore
3251 2691 3520 2748 relaxavit
3567 2693 3860 2748 articulos.

2219 2787 2502 2842 Juncturae
2551 2802 2696 2858 pene
2745 2785 3038 2856 disjunctae
3089 2785 3464 2840 retenduntur
3513 2784 3575 2839 in
3631 2786 3861 2858 digitos,

2221 2879 2448 2933 ariditas
2473 2879 2739 2933 diuturna
2776 2878 2985 2932 suffusa
3021 2877 3329 2932 reﬂorescit
3366 2877 3425 2932 in
3452 2893 3617 2944 vena,
3651 2879 3865 2933 statim-

2221 2987 2332 3042 que
2354 2971 2584 3026 vulnere
2611 2972 2800 3025 clausa
2833 2971 3064 3025 dextera
3089 2969 3237 3026 inter
3261 2987 3464 3026 manus
3493 2971 3708 3027 medici
3735 2989 3866 3027 sana

2221 3063 2476 3120 redditur
2501 3069 2558 3118 et
2582 3064 2844 3119 distensa.

2294 3157 2394 3211 LX.
2428 3157 2641 3212 Accidit
2675 3161 2739 3211 ut
2763 3159 2985 3210 sanctus
3010 3155 3096 3209 vir
3122 3171 3380 3212 remeans
3407 3157 3476 3212 de
3508 3158 3864 3230 Namnetico,

2223 3249 2455 3304 domum
2481 3249 2763 3304 Nunnichi
2801 3247 3032 3303 illustris
3063 3247 3174 3320 [AL
3203 3248 3437 3322 illuster]
3471 3250 3790 3308 illustraret
3817 3258 3870 3307 et

2221 3341 2474 3413 vestigia.
2530 3342 2606 3396 De
2655 3341 2814 3411 cujus
2865 3346 3015 3396 veste
3064 3345 3352 3408 matrona,
3405 3347 3570 3414 rapto
3626 3344 3870 3401 fideliter

2223 3433 2336 3504 ﬁlo,
2369 3434 2620 3488 recondit
2659 3433 2718 3488 in
2754 3433 3026 3503 oratorio;
3064 3449 3193 3504 quae
3219 3434 3608 3490 valetudinem
3646 3436 3869 3492 irruens

2231 3525 2600 3598 [incurrens],
2650 3525 2856 3598 vigiliis
2915 3525 2974 3580 in
3031 3525 3247 3581 honore
3305 3527 3484 3582 sancti
3533 3529 3872 3585 solemniter

2225 3618 2516 3674 celebratis
2551 3634 2616 3673 ac
2647 3619 2818 3674 missa
2854 3623 3108 3674 revocata
3149 3619 3218 3690 (b)
3257 3619 3325 3674 de
3363 3621 3641 3691 praesenti
3679 3627 3874 3678 curata

2227 3716 2331 3766 est.
2363 3713 2440 3766 Ita
2476 3711 2833 3767 Beatissimus
2868 3728 2984 3766 non
3024 3712 3207 3766 solum
3245 3729 3421 3767 manu
3462 3715 3688 3771 sanavit
3723 3715 3872 3788 quod

2227 3805 2433 3875 tetigit,
2462 3804 2560 3859 sed
2583 3804 2908 3860 nominatus
2933 3820 3095 3860 curas
3125 3805 3347 3876 sparsit.

2298 3898 2424 3952 LXI.
2454 3896 2621 3952 Attila
2649 3897 2734 3951 vir
2756 3896 2973 3952 illuster
2999 3913 3063 3952 ac
3092 3899 3296 3970 regalis
3325 3899 3470 3954 aulte
3501 3899 3870 3970 domesticus,

2229 4005 2495 4046 corruens
2531 3989 2590 4042 in
2625 3989 2848 4058 balneo,
2879 3989 3012 4044 lzeso
3053 3991 3298 4061 graviter
3334 3991 3598 4062 brachio,
3631 4011 3873 4067 compu-

2228 4087 2444 4138 truerat
2486 4082 2607 4153 ipsa
2647 4086 2764 4136 tota
2810 4098 3012 4136 manus
3059 4083 3130 4137 ab
3181 4083 3442 4140 humero.
3491 4085 3602 4149 Qui
3653 4087 3876 4142 medico

2229 4175 2479 4230 adhibito
2518 4174 2658 4230 dum
2695 4191 2890 4230 curam
2935 4175 3080 4230 velet
3128 4175 3480 4248 impendere,
3518 4184 3696 4250 rupta
3739 4197 3879 4236 vena

2229 4269 2506 4323 viscerum
2556 4285 2702 4340 pene
2755 4267 2939 4322 omnis
2991 4268 3050 4322 in
3093 4273 3384 4324 momento
3450 4270 3580 4324 vitae
3643 4273 3879 4345 sanguis

2232 4361 2438 4416 effusus
2480 4364 2581 4416 est.
2637 4360 2936 4416 Nuntiatur
2983 4361 3238 4416 Pontiﬁci
3291 4362 3587 4418 hominem
3642 4383 3770 4422 esse
3823 4367 3879 4420 in

2230 4455 2450 4509 funere.
2477 4453 2708 4508 Pietatis
2751 4453 3019 4525 impulsu,
3051 4455 3296 4510 occurrit
3331 4455 3540 4512 senior.
3571 4458 3762 4522 Quem
3796 4459 3877 4514 la-

2237 4547 2444 4618 crymis
2487 4546 2938 4601 couclamantum
2979 4547 3100 4603 sine
3143 4547 3258 4604 ulla
3301 4565 3401 4620 spe
3452 4549 3632 4604 oculis
3683 4553 3883 4607 clausis

2237 4655 2566 4712 oppressum
2610 4639 2824 4694 invenit
2877 4639 3218 4710 expositum.
3261 4641 3434 4712 Cujus
3483 4643 3576 4698 vix
3627 4645 3890 4717 adaperit

2236 4733 2424 4788 fauces
2457 4749 2588 4787 cum
2629 4731 2838 4788 cultelli
2879 4733 3203 4800 manubrio,
3231 4735 3485 4790 oratione
3529 4737 3696 4808 prius
3737 4739 3887 4808 data,

2239 4855 2460 4933 Octob”
2491 4854 2737 4933 spatium
2773 4855 3023 4933 habeant
3048 4857 3130 4913 illi
3155 4858 3340 4933 quiin
3366 4859 3500 4933 istis
3527 4862 3892 4933 temporibus

2241 4927 2847 4999 istasdepraadationes
2864 4931 2922 4999 et
2946 4928 3054 4984 alia
3079 4927 3227 4985 male
3249 4930 3400 4985 facta
3424 4927 3810 4988 criminaliter
3837 4937 3892 4986 et

2238 4997 2764 5137 publice'fecerunt,
2787 5001 2850 5052 ut
2875 4998 3172 5070 indeapud
3197 5000 3500 5056 Dominum
3523 5005 3581 5056 et
3607 5005 3770 5075 apud
3799 5020 3892 5058 eos

2261 5069 2482 5137 quibus)
2534 5070 2918 5135 malefecerunt
2967 5085 3025 5124 se
3074 5070 3394 5137 pacificent.
3445 5090 3475 5124 υ
3529 5073 3592 5126 lu
3653 5075 3889 5137 capitul.

2301 5069 2482 5139 uibus)
2534 5070 2918 5146 male/egerunt
2967 5085 3027 5146 se
3056 5069 3394 5140 ipacificent.
3415 5145 3421 5146 γ
3445 5090 3475 5124 υ
3529 5073 3592 5126 lu
3644 5069 3889 5146 capitul.

2238 5139 2339 5194 lib.
2370 5154 2441 5210 n,
2457 5155 2580 5210 cap.
2614 5141 2699 5210 10,
2727 5139 2953 5194 Carolus
2980 5139 3212 5210 Magnus
3235 5145 3480 5197 monetae
3507 5139 3891 5200 emendanda:

2241 5209 2504 5283 concedit
2523 5209 2782 5283 spatium
2817 5226 2992 5282 usque
3026 5209 3112 5283 ad
3133 5211 3367 5266 missam
3401 5213 3580 5268 sancti
3617 5216 3888 5283 Martini;

2243 5285 2300 5360 et
2335 5295 2458 5360 cap.
2485 5282 2580 5360 29,.
2607 5280 3281 5360 pontibus__resarcien_di_s
3324 5283 3398 5360 ad
3433 5284 3674 5360 missam
3702 5280 3891 5360 sancti

2241 5351 2500 5430 andreas.
2523 5351 2793 5430 -S_i_igi_tur
2819 5351 3205 5430 missausaucti
3234 5353 3502 5430 Remigii,
3530 5357 3717 5430 sancti
3743 5358 3889 5412 Mar-

2243 5421 2367 5502 tini,
2387 5421 2560 5502 sancti
2579 5422 2819 5502 Andreae
2843 5421 3058 5502 prodie
3084 5423 3217 5502 ipsis
3237 5421 3431 5502 dicato
3439 5421 3714 5502 sumitur,
3740 5433 3806 5482 ut
3824 5443 3892 5483 ex

2241 5491 2376 5544 locis
2413 5491 2666 5562 adductis
2711 5491 3075 5546 manifestum
3104 5491 3226 5562 'est,
3259 5498 3410 5549 recte
3445 5499 3504 5549 et
3544 5497 3618 5552 ad
3663 5491 3890 5553 textum

2242 5561 2886 5642 appositeFortunathum
2916 5563 3093 5642 hicde
3117 5561 3518 5642 anniversario,
3539 5571 3604 5622 ut
3637 5569 3889 5642 loquun-

2244 5634 2356 5700 tur,
2383 5631 2509 5709 festi
2544 5632 2722 5709 sancti
2761 5633 3292 5709 Germanigrecursu
3331 5631 3699 5709 interpretari
3715 5631 3887 5703 ‘licet.

2243 5717 2350 5756 nec
2379 5702 2542 5756 aliter
2571 5704 2805 5757 fortasse
2843 5703 2994 5758 licet.
3025 5705 3166 5759 Cum
3205 5706 3358 5760 enim
3398 5708 3468 5763 de
3481 5702 3664 5764 ‘sacro
3697 5702 3890 5766 sancto

2243 5771 2428 5850 missas
2457 5772 2724 5850 sacriﬁcio
2750 5771 2797 5828 is
2820 5778 3016 5830 auctor
3039 5775 3181 5850 agit,
3197 5791 3312 5850 non
3338 5778 3554 5836 recedit
3576 5780 3648 5837 ab
3684 5781 3890 5850 usitato

2243 5843 2514 5924 loquendi
2539 5859 2720 5914 more,
2752 5861 2942 5922 supra,
2967 5843 3130 5902 num.
3159 5843 3248 5905 43.
