3968 6464
149 414 205 467 73
431 463 437 471 ,
1762 421 1796 476 ν

1901 454 1930 476 ι.
3432 417 3496 478 Ti

142 520 322 575 intulit
350 519 404 574 ei
431 520 496 576 in
523 537 628 578 ore
657 523 974 596 paululum
1013 539 1176 596 aquae
1216 525 1438 598 frigidas
1474 490 1666 598 sem-el,
1699 544 1786 584 se-
1811 529 2128 612 Aclamore
2170 528 2547 599 prosequitur,
2607 525 2784 582 multa
2817 527 2936 598 ipse
2978 526 3382 600 concrepitans,
3433 537 3496 583 ut

140 613 317 666 eundo
341 614 434 668 vel
473 615 675 675 tertio.
719 616 959 672 Interim
995 622 1320 689 exspectans
1357 620 1482 691 quis
1521 624 1667 676 esset
1705 621 1786 676 rei

139 705 338 775 exitus,
367 707 589 762 assedit
623 708 781 763 circa
821 709 1118 765 lectulum.
1149 711 1444 766 Transacta
1475 712 1592 768 fere
1629 714 1786 782 hora,

137 797 384 852 redivivo
424 799 694 870 singultu
731 801 1092 856 exanimatus
1128 804 1465 874 concutitur,
1504 821 1567 860 ac
1608 805 1790 860 mollis

136 894 294 944 motu
323 891 621 946 anhelitus
649 899 919 948 evocatus
944 894 1252 950 reducitur.
1285 896 1549 950 Faucium
1577 900 1792 952 meatus

136 983 406 1037 relaxatis
433 984 756 1039 visceribus
791 985 996 1056 spiritu
1035 986 1446 1043 intercurrente
1483 989 1787 1058 reducitur,

134 1075 418 1146 paulatim
477 1077 906 1146 convalescens,
961 1077 1074 1131 vita
1121 1079 1191 1133 de
1243 1084 1424 1134 morte
1472 1081 1788 1136 revertitur.

135 1167 356 1222 Dehinc
388 1168 559 1240 quasi
591 1169 666 1223 de
693 1185 899 1240 sopore
926 1171 1370 1241 expergefactus,
1390 1172 1701 1244 interrogat
1723 1173 1792 1227 ad

133 1263 306 1330 caput
351 1260 481 1330 ejus
523 1262 656 1332 quis
695 1261 828 1316 fuit.
857 1261 1062 1317 Adesse
1091 1262 1365 1318 domuum
1393 1265 1732 1319 Germanum
1761 1281 1792 1318 a

137 1351 652 1407 circumstantibus
707 1353 938 1408 dicitur.
1005 1355 1253 1410 Postulat
1323 1372 1557 1410 manum
1609 1357 1790 1412 Sancti

151 1443 243 1498 sibi
267 1445 590 1516 dignanter
614 1445 861 1516 porrigi,
892 1445 970 1498 ita
988 1445 1263 1517 incipiens
1279 1447 1485 1518 alloqui
1515 1464 1529 1502 :
1559 1449 1788 1518 Domne,

153 1540 206 1590 tu
252 1553 371 1600 me_
408 1537 692 1592 revocasti
747 1539 922 1608 longo
979 1541 1210 1593 euntem
1277 1539 1495 1594 itinere.
1565 1540 1788 1595 Statim-

153 1645 250 1699 que
289 1629 514 1684 obtulit
557 1629 851 1684 sacculum
898 1629 1134 1701 plenum
1168 1631 1406 1702 pecunia
1448 1635 1504 1686 et
1544 1631 1793 1686 balteum

151 1721 314 1792 ampli
333 1721 641 1793 ponderis,
667 1738 814 1793 quos
832 1722 1176 1794 pauperibus
1196 1725 1455 1795 erogaret
1477 1725 1793 1780 mercedem

153 1814 268 1868 vita:
296 1814 394 1868 vel
425 1814 652 1885 gratias.

1886 620 2040 691 loqui
2065 621 2206 674 solet
2229 620 2530 674 calamitas.
2558 621 2710 674 Tunc
2736 621 2911 674 sancti
2931 621 3190 674 Germani
3216 637 3388 674 manu
3415 621 3498 675 lu-

1887 729 2018 767 men
2045 713 2102 767 in
2140 712 2322 766 locum
2361 712 2667 780 reducitur,
2696 717 2752 766 et
2787 713 2856 766 ab
2883 729 2949 766 eo
2985 713 3054 766 ad
3083 713 3309 767 beatum
3333 713 3494 783 Sym-

1887 805 2224 875 phorianum
2278 803 2560 874 dirigitur.
2605 803 2710 867 Qui
2748 820 2852 874 pro
2899 803 3018 874 ipso
3056 805 3251 859 tandiu
3294 804 3498 874 vigiliis

1888 897 2108 963 institit,
2138 897 2311 950 donec
2336 895 2573 949 amissus
2596 895 2790 949 oculus
2831 899 3072 966 purgata
3104 895 3338 966 pristina
3373 913 3494 950 ma-

1891 989 2015 1043 cula
2054 988 2240 1043 addito
2278 987 2548 1042 beneﬁcio
2579 987 2855 1056 integrior
2897 987 3170 1055 redditur,
3208 993 3264 1042 et
3299 989 3498 1043 melius

1890 1083 2035 1137 redit
2058 1084 2185 1152 post
2215 1080 2466 1149 vulnera,
2499 1095 2670 1150 quam
2697 1079 2848 1149 quod
2871 1082 3034 1133 natus
3059 1083 3178 1134 erat
3203 1097 3306 1150 per
3330 1085 3495 1134 natu-

1889 1191 2032 1228 ram.
2071 1173 2173 1238 Qui
2207 1173 2558 1226 Florentinus
2595 1173 2954 1240 (Florentinus
2979 1175 3138 1240 episc.
3167 1173 3492 1244 Matiscon.),

1891 1265 2150 1336 deinceps
2175 1265 2467 1320 Matiscone
2495 1263 2722 1333 (Macen)
2752 1263 3040 1318 ordinatus
3067 1268 3150 1318 est
3186 1263 3494 1335 episcopus.

1962 1359 2106 1412 LXV.
2150 1358 2365 1420 Quanta
2416 1371 2544 1409 vero
2592 1355 2761 1409 fuerit
2803 1355 2978 1409 virtus
3029 1355 3148 1425 ejus
3203 1357 3494 1427 signaculi,

1890 1451 2046 1506 adest
2071 1450 2218 1503 inter
2244 1447 2457 1518 reliqua
2473 1463 2561 1501 res
2575 1447 2679 1500 ista
2705 1447 3006 1502 testimonii
3033 1463 3159 1518 quas
3173 1449 3501 1518 producitur

1889 1543 1950 1597 in
1977 1540 2250 1613 sequenti.
2273 1541 2410 1595 Cum
2435 1540 2503 1594 de
2528 1539 2752 1592 basilica
2777 1539 2950 1594 sancti
2975 1539 3192 1594 Martini
3216 1541 3287 1595 ad
3312 1541 3499 1596 villam

1891 1638 2093 1690 sancta:
2120 1632 2362 1688 ecclesiae
2387 1632 2670 1687 Severiaco
2698 1631 2917 1701 (Sivray.
2939 1632 3090 1702 apud
3116 1633 3378 1703 Turones)
3405 1649 3495 1687 re-

1891 1730 2158 1796 curreret,
2183 1725 2441 1796 adjungit
2452 1724 2513 1785 in
2537 1724 2736 1779 itinere
2757 1725 3058 1795 quemdam
3077 1727 3396 1782 Amantium
3409 1728 3500 1798 ju-

1890 1835 2108 1888 venem,
2133 1833 2303 1890 quem
2332 1816 2701 1887 deprehendit
2741 1834 2774 1870 a
2809 1817 3015 1872 Iudaeis
3040 1817 3166 1872 duci
3202 1835 3412 1874 nexum
3436 1819 3497 1874 in

215 1907 372 1960 LXII.
414 1908 672 1976 Pergens
709 1906 1188 1978 Augustodunum
1237 1908 1322 1962 vir
1356 1911 1578 1963 sanctus
1625 1909 1789 1964 Rota-
1811 1893 1868 1964 B
1890 1911 2103 1966 ferreis.
2130 1910 2451 1980 Requiritur
2479 1909 2612 1980 quid
2663 1909 2873 1963 fecerit.
2913 1911 3056 1964 Puer
3091 1911 3374 1982 respondit
3401 1928 3494 1966 ve-

155 1998 300 2069 giaco
337 1999 564 2069 (Rozoy,
614 1999 678 2053 in
715 1999 863 2070 Bria)
914 1999 1052 2053 dum
1100 2001 1376 2070 pervenit,
1425 2001 1699 2072 comperit
1721 2001 1791 2055 ab

151 2091 376 2146 Abbone
425 2091 713 2162 quosdam
765 2094 1017 2146 retrusos
1061 2090 1123 2145 in
1167 2108 1408 2147 carcere.
1458 2093 1635 2164 Igitur
1687 2109 1791 2164 pro

153 2182 509 2238 absolvendis
533 2183 778 2254 supplex
803 2183 1038 2238 tribuno
1065 2183 1356 2254 suggerit;
1387 2185 1484 2239 sed
1507 2185 1596 2239 ille
1618 2185 1792 2239 durus

153 2291 257 2330 non
283 2275 522 2330 annuit.
567 2275 710 2330 Hinc
749 2275 872 2346 ipse
916 2279 1078 2330 cauto
1111 2276 1339 2330 consilio
1379 2276 1517 2330 dum
1562 2275 1694 2330 dicit
1735 2292 1792 2330 se

146 2384 418 2439 campum
447 2367 786 2434 circumire,
809 2367 993 2422 currit
1017 2367 1250 2422 devotus
1273 2368 1344 2422 ad
1369 2383 1669 2422 carcerem.
1695 2369 1793 2422 Ita-

139 2476 252 2532 que
304 2460 383 2514 ad
443 2459 808 2514 exorandum
855 2460 1186 2530 provolutus
1246 2460 1547 2528 sternitur,
1604 2460 1793 2531 ibique

141 2558 408 2623 tempore
459 2555 750 2606 nocturno
799 2555 1014 2607 catenas
1073 2553 1336 2606 discussa:
1379 2555 1530 2621 sunt,
1582 2553 1794 2606 validus

142 2645 423 2700 tormenti
468 2643 635 2715 rigor
671 2644 744 2699 ad
789 2645 1112 2716 fragmenta
1149 2645 1428 2716 redigitur
1454 2661 1578 2700 sera
1613 2643 1793 2716 gravis

141 2737 407 2807 illiditur,
433 2737 620 2808 postis
631 2737 866 2792 cardine
893 2735 1138 2806 vellitur,
1169 2736 1358 2791 feralis
1383 2753 1572 2791 carcer
1609 2737 1790 2791 reclu-

144 2831 318 2900 ditur,
364 2829 636 2884 damnati
687 2829 760 2884 ad
805 2829 1001 2884 vitales
1043 2846 1206 2884 auras
1248 2829 1406 2900 quasi
1448 2829 1685 2884 redeunt
1727 2829 1794 2883 de

143 2923 434 2995 sepulcro.
472 2923 556 2975 Ita
584 2921 652 2976 ﬁt
687 2925 755 2976 ut
791 2921 845 2976 ei
887 2921 1188 2992 Rotagiaco
1225 2921 1502 2976 matutino
1545 2924 1795 2992 tempore

145 3015 396 3087 ingressi
437 3017 813 3068 occurrerent
853 3030 867 3067 :
913 3017 969 3067 et
1007 3013 1107 3085 qui
1147 3014 1349 3068 Sancto
1387 3030 1502 3068 non
1539 3013 1798 3084 praestitit

145 3125 246 3180 pro
272 3106 566 3162 absolutis
591 3105 726 3175 reis,
758 3105 1024 3160 tribunus
1052 3122 1184 3161 reus
1212 3105 1439 3161 effectus
1465 3109 1564 3161 est.

209 3201 399 3255 LXIII.
427 3199 619 3270 Igitur
644 3201 985 3253 cunctorum
1014 3198 1178 3253 saluti
1204 3215 1427 3270 semper
1453 3199 1668 3252 instans
1686 3199 1796 3253 sol-

144 3291 356 3362 licitus,
390 3307 534 3346 cum
565 3290 842 3345 Bituricas
886 3289 1156 3362 (Bourges)
1201 3291 1518 3345 accessisset
1557 3308 1660 3362 pro
1703 3308 1794 3346 or-

147 3384 452 3440 dinatione
508 3382 712 3438 Felicis
763 3381 1043 3454 episcopi,
1111 3383 1452 3454 praedicante
1517 3383 1798 3438 sacerdote

145 3478 405 3550 Sigerius
444 3475 688 3547 quidam
727 3475 943 3530 Judeus
981 3474 1112 3529 ﬁdei
1151 3479 1498 3530 sacramento
1537 3479 1798 3546 percepto

143 3585 459 3626 conversus
485 3573 574 3623 est
603 3609 617 3637 ,
647 3565 869 3622 habens
893 3567 954 3621 in
976 3567 1258 3622 Judaismo
1295 3569 1669 3622 Mammonam
1703 3585 1800 3622 no-

144 3663 300 3718 mine
329 3663 671 3732 conjugem.
702 3660 844 3723 Quae
873 3675 1005 3713 cum
1029 3659 1098 3714 de
1127 3659 1482 3736 conversione
1517 3675 1620 3715 nec
1645 3677 1801 3716 men-

143 3757 364 3812 tionem
391 3753 699 3825 reciperet,
732 3755 792 3807 et
817 3767 924 3823 per
950 3751 1150 3806 missos
1195 3751 1347 3806 Beati
1383 3753 1668 3808 admonita
1705 3769 1796 3808 re-

143 3851 397 3922 fugeret,
429 3847 582 3901 facta
603 3845 676 3899 ab
703 3861 773 3899 eo
805 3843 1002 3915 vigilia
1027 3844 1228 3899 Doctor
1243 3844 1362 3915 ipse
1386 3845 1668 3916 profectus
1695 3849 1795 3900 est.

141 3943 278 4006 Quae
309 3955 452 3996 cum
476 3939 728 3993 beatum
752 3937 943 3991 virum
978 3953 1082 3991 nec
1119 3936 1242 3991 visu
1280 3937 1447 3991 vellet
1484 3937 1794 4008 intendere,

140 4037 372 4090 cantato
404 4046 583 4086 cursu
611 4029 819 4097 tertiae,
849 4045 1085 4084 manum
1116 4045 1278 4084 suam
1305 4029 1558 4084 Pontifex
1581 4030 1653 4085 ad
1677 4046 1798 4084 mu-

137 4125 297 4183 lieris
323 4125 588 4181 frontem
623 4121 937 4193 dignanter
963 4121 1228 4189 admovit,
1257 4120 1480 4192 pietatis
1507 4137 1577 4176 ex
1605 4139 1796 4194 opere.

137 4219 350 4276 Statim
371 4235 410 4272 a
440 4213 948 4271 circumstantibus
985 4213 1054 4269 de
1092 4213 1346 4268 mulieris
1390 4214 1617 4270 naribus
1649 4215 1796 4270 scin-

137 4311 366 4367 tillante
394 4311 539 4380 igne
566 4308 763 4362 fumus
789 4305 987 4378 egredi
1011 4307 1161 4360 visus
1181 4309 1286 4374 est,
1311 4309 1377 4360 ut
1393 4307 1606 4362 cunctis
1629 4307 1800 4363 clare-

133 4403 327 4474 lieret,
357 4403 548 4474 ejecto
576 4399 909 4455 insidiatore
931 4397 1230 4454 mulierem
1261 4415 1440 4470 usque
1466 4404 1600 4454 tunc
1642 4400 1799 4455 illum

135 4497 314 4552 saluti
345 4511 474 4551 suae
497 4508 856 4566 repugnasse
882 4508 988 4564 per
1023 4492 1294 4547 obsidem.
1323 4493 1476 4546 Tunc
1503 4497 1801 4547 exonerata

1818 3244 1872 3317 C

1888 2003 2090 2058 raciter
2113 2002 2184 2057 ob
2208 2003 2312 2056 hoc
2339 2001 2467 2056 duci
2491 2001 2550 2054 in
2576 2001 2830 2068 vinculis,
2859 2000 2992 2070 quia
3019 2018 3076 2056 se
3103 2009 3383 2058 recusaret
3413 2004 3496 2058 le-

1892 2095 2054 2166 gibus
2078 2095 2240 2149 subdi
2269 2093 2528 2149 Judaicis.
2558 2095 2710 2147 Tunc
2747 2091 3169 2148 dissimulabant
3191 2111 3320 2148 cum
3349 2095 3498 2150 clave

1888 2186 2063 2242 Judtei
2104 2187 2324 2240 vincula
2371 2185 2506 2240 ferri
2557 2200 2824 2239 reserare.
2872 2184 3032 2239 Facto
3077 2202 3111 2238 a
3153 2189 3340 2240 sancto
3381 2186 3498 2240 viro

1890 2279 2130 2350 desuper
2152 2277 2330 2333 crucis
2359 2277 2666 2348 signaculo,
2699 2293 2832 2330 mox
2856 2276 2990 2330 ferri
3029 2293 3150 2331 sera
3194 2279 3496 2334 revellitur.

1960 2371 2130 2426 LXVI.
2176 2370 2370 2424 Itidem
2412 2386 2542 2424 cum
2583 2369 2816 2422 Parisios
2859 2367 2928 2422 ad
2968 2368 3251 2423 basilicam
3277 2376 3495 2425 sancto-

1891 2479 2020 2517 rum
2057 2461 2298 2518 Gervasii
2353 2466 2408 2516 et
2444 2459 2676 2514 Protasii
2711 2460 2906 2514 orandi
2943 2477 3108 2514 causa
3150 2463 3496 2532 procederet,

1885 2555 2074 2625 januis
2105 2554 2371 2608 obseratis
2395 2553 2678 2624 ingressus
2707 2551 2785 2605 illi
2809 2556 3048 2622 negatus
3073 2557 3172 2606 est.
3211 2555 3361 2608 Tunc
3406 2573 3496 2609 re-

1892 2646 2108 2718 quisitis
2149 2645 2410 2711 clavibus,
2443 2661 2546 2698 nec
2581 2643 2715 2714 ipsis
2750 2643 3147 2714 aperientibus,
3186 2645 3261 2699 sic
3283 2662 3497 2701 resera-

1891 2739 1974 2792 vit
1997 2737 2302 2809 pessulum,
2331 2737 2476 2791 facto
2502 2736 2679 2790 crucis
2705 2735 3013 2806 signaculo.
3053 2737 3260 2808 Stupor
3280 2739 3497 2794 animos

1893 2831 2092 2885 invasit
2126 2829 2388 2900 praesenti
2425 2828 2712 2896 miraculo,
2742 2827 2947 2898 aperiri
2987 2827 3056 2882 de
3098 2828 3302 2884 virtute
3351 2831 3500 2902 quod

1893 2923 2041 2977 clave
2068 2923 2208 2976 duce
2242 2937 2357 2975 non
2380 2920 2584 2992 potuit.
2614 2921 2741 2974 Haec
2776 2935 2999 2991 quoque
3035 2922 3348 2976 veneranda
3364 2940 3506 2994 pra:-

1894 3020 2050 3070 sente
2077 3031 2168 3069 me
2197 3017 2352 3085 gesta
2377 3016 2526 3068 sunt.

1963 3107 2155 3161 LXVII.
2187 3107 2254 3160 Et
2281 3105 2415 3176 quia
2449 3105 2612 3160 beato
2649 3103 2768 3158 viro
2807 3103 3027 3158 nullum
3071 3104 3282 3159 obstitit
3313 3109 3504 3162 metal-

1894 3199 2034 3267 lum,
2064 3213 2194 3252 cum
2215 3197 2390 3268 ligna,
2417 3213 2566 3265 saxa,
2596 3197 2936 3250 ferramenta
2961 3198 3090 3250 ante
3113 3197 3302 3268 ipsum
3326 3200 3503 3256 soluta

1897 3295 2046 3360 sunt,
2098 3289 2295 3344 accidit
2345 3306 2455 3343 una
2503 3288 2724 3343 dierum
2768 3287 2990 3342 Parisiis
3018 3288 3330 3344 orationem
3373 3309 3503 3348 cum

1896 3383 2054 3438 daret
2079 3382 2149 3436 ad
2177 3381 2382 3437 ostium
2407 3381 2659 3449 carceris,
2677 3380 2932 3452 sequenti
2957 3386 3118 3436 nocte
3145 3383 3314 3436 trusis
3339 3401 3506 3455 appa-

1896 3477 1984 3530 ret
2005 3474 2200 3530 lumen
2233 3475 2292 3528 in
2337 3489 2576 3528 carcere.
2608 3472 2765 3526 Visus
2803 3475 2887 3527 est
2926 3473 3006 3528 eis
3031 3473 3328 3530 admonere
3355 3479 3504 3548 quod

1894 3567 2150 3622 foderent
2173 3571 2237 3621 ut
2263 3566 2396 3621 foris
2420 3565 2806 3636 procederent.
2837 3565 2942 3628 Qui
2982 3565 3226 3620 dicentes
3261 3568 3330 3621 ad
3367 3569 3506 3624 invio

1897 3676 2020 3714 cem
2044 3660 2316 3714 domuum
2341 3659 2679 3712 Germanum
2699 3673 2758 3712 se
2784 3657 3002 3724 vidisse,
3032 3660 3088 3711 et
3111 3657 3272 3728 signa
3296 3660 3505 3731 singuli

1895 3753 2164 3806 referunt.
2193 3752 2417 3805 Inventa
2437 3753 2586 3803 costa
2609 3749 2678 3804 de
2702 3749 2934 3819 pecude,
2953 3748 3224 3804 fodientes
3243 3759 3504 3810 amovent

1895 3845 2157 3916 lapidem,
2184 3847 2240 3897 et
2267 3842 2531 3912 prazdicto
2555 3841 2732 3895 amico
2767 3839 2861 3896 Dei
2903 3845 3204 3896 occurrunt
3227 3843 3296 3898 ad
3327 3846 3502 3902 eccle-

1897 3937 2036 3992 siam
2081 3935 2356 3990 matutino
2395 3937 2665 4005 tempore,
2694 3949 2824 3988 cum
2864 3933 3073 3988 rediret
3111 3934 3180 3988 ad
3224 3937 3500 4007 requiem.

1897 4029 1984 4084 Sic
2014 4029 2204 4083 multis
2229 4045 2394 4083 causa
2419 4026 2606 4082 salutis
2654 4026 2762 4080 fuit
2798 4025 2985 4097 imago
3026 4027 3326 4098 Pontiﬁcis,
3354 4035 3410 4086 et
3436 4033 3508 4088 ad

1896 4121 2074 4176 vicem
2100 4121 2249 4176 beati
2273 4119 2420 4176 Petri
2446 4119 2600 4174 dedit
2627 4118 2804 4174 nostri
2828 4119 3134 4174 Sacerdotis
3168 4119 3288 4192 ipsa
3323 4121 3507 4194 ﬁgura

1897 4215 2160 4269 remedia.
2575 4279 2582 4286 ,

1968 4307 2181 4362 LXVIII.
2239 4304 2448 4360 Dehinc
2501 4304 2610 4358 illis
2663 4302 2886 4374 ereptis,
2941 4303 3200 4360 tribunus
3272 4306 3505 4366 civitatis

1897 4398 2088 4454 saivire
2115 4398 2282 4469 coepit
2312 4398 2371 4451 in
2411 4397 2637 4464 milites,
2673 4396 2946 4466 deputans
2971 4411 3165 4451 eorum
3204 4395 3372 4456 fuisse
3410 4417 3506 4458 ne-

1899 4491 2248 4564 gligentiam,
2277 4490 2430 4562 quod
2455 4489 2574 4542 viro
2599 4487 2942 4542 sanctissimo
2967 4489 3265 4559 deputatur
3281 4492 3352 4546 ad
3382 4495 3502 4566 glo.

136 4588 370 4646 inimici
420 4589 601 4656 fasce,
648 4585 939 4657 respirans
983 4585 1232 4640 confessa
1275 4588 1360 4639 est
1399 4600 1693 4656 nunquam
1743 4601 1800 4640 se
1819 4603 1878 4674 D
1899 4586 2062 4640 riam.
2113 4584 2388 4639 Conversa
2418 4581 2478 4636 in
2515 4579 2770 4634 custodes
2807 4580 3098 4636 iracundia
3135 4583 3362 4656 judicis,
3407 4589 3506 4660 qui

137 4683 306 4753 prius
325 4681 548 4736 faciem
572 4678 726 4733 beati
760 4677 869 4732 viri
902 4677 1147 4748 potuisse
1179 4677 1516 4748 conspicere.
1558 4679 1676 4742 Qua
1698 4694 1798 4749 pe-

139 4778 302 4832 tente
356 4791 427 4829 ac
481 4774 778 4844 precante,
835 4769 982 4824 efﬁci
1030 4769 1344 4825 Christiana
1393 4785 1524 4824 cum
1576 4771 1804 4842 propria

137 4867 318 4924 domo
345 4864 704 4941 promeruit,
757 4866 816 4918 et
857 4861 1020 4935 quasi
1060 4862 1243 4934 capite
1285 4861 1506 4920 subdito
1547 4864 1802 4934 exemplo

139 4962 264 5032 ejus
291 4960 478 5017 multi
503 4957 842 5014 Iudaeorum
867 4955 1120 5012 conversi
1148 4959 1300 5012 sunt.
1397 4990 1408 4993 -

204 5055 394 5110 LXIV.
431 5054 613 5108 Decet
636 5049 731 5105 hic
755 5049 900 5104 illud
923 5048 1117 5120 inseri,
1159 5047 1404 5120 qualiter
1441 5049 1805 5120 peregrinula

145 5145 210 5203 sit
231 5149 514 5204 revocata
534 5143 640 5198 lux
652 5141 825 5198 oculi.
850 5143 1043 5213 Itaque
1064 5156 1309 5213 pergens
1333 5142 1804 5213 Augustodunum

145 5252 247 5309 pro
275 5237 656 5297 ordinatione
686 5234 910 5308 Syagrii
947 5233 1218 5306 episcopi,
1248 5235 1362 5288 huc
1386 5233 1536 5289 inter
1561 5234 1806 5307 reliquos

151 5332 296 5390 cives
342 5329 722 5389 Florentinus
757 5327 980 5382 illuster
1015 5343 1120 5398 pro
1154 5341 1426 5381 consensu
1471 5326 1688 5382 delatus
1723 5331 1808 5383 est

154 5421 370 5483 habens
413 5439 659 5482 naavum
694 5421 760 5476 in
804 5419 987 5475 oculo.
1007 5418 1343 5491 speciositati
1387 5419 1664 5492 derogans
1700 5419 1804 5474 ali-

159 5521 511 5590 quantulum
519 5533 598 5573 ne
612 5515 828 5572 ﬂorens
842 5512 1150 5568 haberetur
1163 5511 1225 5567 in
1239 5511 1420 5567 vultu.
1436 5513 1651 5568 Interea
1669 5513 1805 5568 dum

161 5609 348 5671 laudes
371 5612 780 5670 acclamantur
790 5605 1072 5679 episcopo,
1093 5621 1126 5660 a
1151 5603 1396 5677 quodam
1420 5603 1711 5675 ignorante
1738 5622 1806 5662 ex

169 5703 464 5782 improviso
489 5702 828 5781 percutitur
853 5697 1056 5754 eodem
1100 5693 1159 5752 in
1205 5697 1384 5768 oculo,
1417 5697 1713 5770 evulsoque
1738 5699 1806 5755 de

175 5791 280 5858 loco
309 5793 478 5876 carpit
500 5815 685 5874 supra
711 5791 1012 5852 maxillam
1035 5789 1206 5846 dubio
1229 5790 1480 5863 pendere
1508 5806 1637 5846 cum
1661 5791 1804 5847 visu.

182 5893 263 5961 Qui
288 5914 450 5957 cursu
492 5899 902 5976 praepropero
938 5883 1008 5938 ad
1041 5878 1268 5952 beatum
1303 5883 1645 5943 Germanum
1679 5900 1810 5941 cum

506 5995 827 6068 ΡΑΤιιοι.
881 5978 1112 6047 LXXII.

1901 4677 2153 4734 solebant
2178 4690 2476 4744 asservare,
2503 4672 2731 4728 tradidit
2761 4673 3058 4728 servandos
3098 4674 3157 4729 in
3181 4692 3420 4751 carcere,
3453 4688 3510 4738 et

1899 4770 2094 4826 ablatis
2122 4768 2363 4824 clavibus
2389 4766 2567 4837 judex
2592 4765 2657 4820 ﬁt
2682 4769 2864 4820 custos
2889 4767 3230 4824 custodibus.
3279 4771 3506 4829 Interim

1900 4864 1988 4918 vir
2029 4863 2223 4918 beatus
2260 4859 2549 4914 tribunum
2590 4846 2748 4913 vocat
2796 4858 2866 4912 ad
2909 4860 3230 4930 prandium.
3255 4865 3332 4918 Ac
3369 4865 3504 4920 dum

1900 4955 2112 5028 pariter
2133 4955 2390 5010 sederent
2411 4953 2472 5007 in
2497 4952 2694 5008 eodem
2721 4951 2990 5020 convivio,
3012 4952 3083 5006 ad
3107 4969 3359 5010 mensam
3386 4973 3510 5014 san-

1902 5049 1978 5103 cti
2005 5047 2110 5102 viri
2131 5048 2432 5102 occurrunt
2455 5049 2511 5099 et
2527 5044 2632 5115 ipsi
2656 5044 2756 5115 qui
2769 5043 2992 5100 fuerant
3012 5044 3169 5100 missi
3193 5063 3295 5117 pro
3320 5049 3430 5104 reis
3447 5050 3510 5107 in

1903 5141 2190 5212 compede.
2217 5139 2404 5194 Claves
2428 5137 2640 5192 habens
2681 5136 2742 5191 in
2784 5135 3043 5192 manibus
3085 5155 3215 5194 cum
3252 5141 3512 5200 tribunus

1903 5235 1972 5290 de
2001 5231 2206 5304 ereptis
2238 5231 2332 5286 vix
2369 5230 2620 5286 crederet
2652 5229 2804 5300 quod
2838 5227 3071 5298 videret,
3099 5247 3405 5304 agnoscens
3452 5253 3512 5294 se

1904 5327 1980 5382 sic
2023 5323 2320 5380 custodisse
2357 5321 2614 5377 similiter
2664 5321 2808 5376 sicut
2853 5326 2909 5377 et
2957 5322 3160 5379 milites
3209 5342 3509 5402 carcerem,

1905 5419 2034 5474 data
2056 5416 2298 5472 vicissim
2319 5411 2503 5487 venia,
2536 5415 2700 5486 culpa
2725 5414 2926 5470 transit
2949 5415 3011 5470 in
3033 5414 3294 5488 gratiam.

1973 5511 2138 5566 LXIX.
2197 5509 2401 5566 Inferat
2461 5507 2774 5564 Aurelianis
2833 5507 3094 5580 (Orléans)
3163 5512 3348 5570 nobile
3409 5516 3514 5572 viri

1903 5604 2268 5678 praeconium.
2296 5603 2414 5668 Qu‘a
2439 5601 2508 5658 de
2532 5601 2752 5656 civitate
2779 5600 2862 5655 vir
2896 5605 3116 5656 sanctus
3149 5607 3513 5676 progrediens

1906 5699 2298 5755 damnatorum
2336 5712 2494 5751 voces
2528 5693 2808 5750 exaudivit
2841 5693 2902 5748 in
2945 5710 3182 5763 carcere,
3215 5715 3328 5769 quo
3365 5703 3511 5756 certe

1905 5790 2332 5848 subterraneum
2385 5787 2696 5844 habebatur
2752 5787 3118 5859 ergastulum.
3171 5791 3290 5853 Quo
3345 5805 3514 5860 super

1905 5883 2208 5941 ascendens
2248 5887 2304 5941 et
2340 5883 2646 5956 prostratus
2688 5879 2961 5936 accubans
3013 5880 3319 5956 orationem
3361 5879 3512 5946 dedit

3161 5980 3196 6038 3
