3968 6440
491 386 557 445 75
1397 389 1691 446 SANCTUS
1727 392 2102 456 GERMANUS,
2144 391 2550 446 PABISIENSIS
2588 389 2962 445 EPISCOPL'S.
3798 388 3860 438 ’ῖϋ

489 497 702 552 amicus
730 495 932 552 Christi
959 511 1088 550 cum
1115 495 1397 567 lacrymis.
1438 499 1670 552 Prorsus
1713 498 1944 552 obtentu
1987 515 2112 552 ora—
2138 515 2196 584 Α
2217 497 2401 568 digus,
2433 497 2698 567 explicari
2723 513 2836 550 non
2866 494 3094 566 poterit,
3123 510 3227 550 nec
3256 495 3302 550 si
3328 495 3500 550 totius
3524 495 3728 567 populi
3756 513 3862 550 vox

488 589 598 645 culi
624 590 942 662 insequenti
968 594 1131 645 nocte
1156 606 1378 645 carcere
1405 592 1679 662 patefacto
1721 591 1790 646 ab
1829 591 2117 646 basilicam

487 683 661 738 sancti
709 683 911 738 Aniani
962 683 1316 755 confugiunt.
1363 685 1430 739 Et
1478 684 1559 738 ita
1609 684 1804 739 beatus
1858 683 2115 738 Pontifex

487 775 742 848 quamvis
764 777 1161 848 prastereundo
1185 782 1310 848 post
1335 793 1392 832 se
1421 777 1650 849 reliquit
1691 777 2044 848 suffragium.

558 871 701 924 LXX.
757 871 880 926 Non
927 870 1218 932 fastidium
1285 870 1358 924 sit
1418 871 1614 926 audire
1665 871 1818 942 quod
1870 871 2118 927 Christus

484 966 718 1034 praestat
762 963 1043 1034 ﬁdelibus,
1095 965 1233 1018 dum
1280 964 1686 1019 miraculorum
1728 963 1898 1018 simul
1940 963 2117 1018 virtus

485 1055 686 1111 crescit
707 1058 763 1110 et
788 1073 1080 1112 numerus.
1115 1059 1306 1129 Itaque
1336 1057 1696 1112 Sanctissimo
1717 1055 1961 1112 occurrit
1988 1056 2115 1128 qui-

486 1149 617 1204 dam
667 1151 934 1220 Parisius,
989 1150 1150 1221 cujus
1198 1151 1359 1222 quasi
1407 1167 1639 1223 pugnus
1692 1149 2120 1206 extuberaverat

487 1243 700 1313 oculus,
728 1247 793 1298 ut
817 1243 984 1298 etiam
1011 1243 1192 1298 dictus
1218 1248 1478 1315 vergeret
1521 1244 1580 1298 in
1609 1244 1775 1298 ruina
1817 1248 1947 1316 post
1990 1243 2116 1297 vul-

485 1353 642 1392 nera.
674 1338 793 1402 Quo
818 1340 1094 1408 regnante
1117 1337 1202 1391 vir
1225 1337 1323 1392 Dei
1348 1337 1418 1392 de
1447 1337 1620 1392 saliva
1639 1337 1750 1392 oris
1777 1337 1865 1391 sui
1891 1336 2118 1392 oculum

485 1429 754 1502 illiniens,
784 1431 1064 1486 medelam
1092 1429 1298 1484 lumini
1324 1431 1601 1486 revocavit
1629 1433 1685 1485 et
1709 1430 1971 1501 gratiam.

556 1524 721 1578 LXXI.
777 1525 1021 1578 Moverta
1079 1521 1191 1595 [AL
1244 1524 1508 1594 Noverca]
1577 1525 1838 1595 quaedam
1898 1523 2119 1578 Parisiis

482 1617 771 1688 pustulam
796 1617 1008 1672 habens
1036 1616 1096 1672 in
1119 1617 1371 1684 brachio,
1402 1617 1649 1672 cruciata
1676 1617 1983 1686 doloribus,
2022 1633 2116 1670 oc-

483 1725 714 1765 currens
761 1711 923 1765 beato
977 1709 1117 1780 viro,
1158 1711 1280 1781 pari
1321 1710 1694 1766 medicamine
1733 1715 1884 1766 tactu
1933 1709 2120 1764 salivae

485 1806 676 1856 curata
701 1807 804 1858 est.

2208 591 2276 671 in
2303 606 2414 644 uno
2443 607 2500 645 se
2533 590 2794 661 glutinet.
2822 589 2927 654 Qui
2963 589 3290 660 frequenter
3340 591 3642 644 contentus
3673 589 3864 644 casula

2216 684 2300 737 vel
2327 684 2536 753 tunica,
2569 683 2843 754 quidquid
2872 686 2992 736 erat
3033 682 3262 751 residui,
3290 683 3510 736 nudum
3545 699 3860 754 pauperem

2216 777 2506 845 vestiebat,
2531 777 2764 846 utinops
2784 776 3064 830 calefieret
3084 776 3354 847 largitore
3369 776 3617 847 algente.
3641 776 3864 840 Quanta

2217 870 2388 924 etiam
2411 869 2582 924 fuerit
2600 869 3010 940 redemptionis
3025 869 3242 939 effusio,
3264 869 3592 924 nullatenus
3620 869 3866 940 explica-

2216 962 2371 1017 bitur
2391 963 2476 1018 vel
2500 963 2621 1017 loco
2649 963 2734 1017 vel
2760 979 3020 1018 numero.
3053 963 3207 1018 Unde
3239 965 3371 1016 sunt
3398 962 3687 1034 contiguae
3720 979 3861 1032 gen-

2218 1059 2302 1110 tes
2324 1056 2384 1111 in
2409 1056 2819 1126 testimonium,
2848 1057 3125 1127 Hispanus
3171 1057 3387 1126 Scotus,
3429 1056 3607 1124 Brito,
3637 1057 3864 1122 Wasco,

2220 1149 2382 1216 Saxo,
2407 1148 2753 1220 Burgundio,
2773 1166 2901 1203 cum
2929 1149 3000 1203 ad
3026 1159 3240 1204 nomen
3271 1149 3425 1204 Beati
3453 1152 3864 1203 concurrerent

2177 1231 2181 1235 ’
2218 1241 2467 1312 undique
2487 1241 2765 1296 liberandi
2775 1242 2916 1313 jugo
2944 1242 3174 1298 servitii.
3192 1243 3330 1296 Cum
3354 1258 3486 1295 vero
3503 1241 3868 1312 aliquatenus

2216 1334 2360 1389 nihil
2401 1337 2547 1390 esset
2584 1351 2700 1406 pra:
2745 1335 3026 1404 manibus,
3080 1335 3254 1389 tristis
3309 1335 3510 1390 sedens
3558 1338 3616 1390 et
3661 1335 3868 1388 anxius

2220 1429 2462 1483 severior
2483 1428 2543 1482 in
2599 1429 2775 1496 vultu,
2821 1432 3077 1483 austerus
3123 1431 3243 1483 erat
3293 1429 3563 1500 alloquio.
3611 1429 3772 1482 Tunc
3822 1427 3866 1480 si

2217 1523 2470 1575 fortassis
2495 1521 2563 1576 ab
2582 1521 2772 1593 aliquo
2801 1521 3134 1577 invitaretur
3159 1522 3228 1576 ad
3254 1521 3581 1592 prandium,
3615 1521 3870 1592 compel-

2217 1615 2367 1670 lebat
2392 1616 2652 1670 convivas
2677 1619 2774 1669 aut
2801 1616 3092 1670 ministros
3118 1615 3395 1686 proprios,
3422 1618 3484 1669 ut
3505 1616 3870 1670 conferentes

2219 1708 2430 1779 pariter
2458 1709 2604 1765 unde
2632 1710 2716 1764 vel
2745 1727 2920 1763 unum
2951 1709 3234 1780 captivum
3275 1709 3501 1763 servitio
3526 1708 3870 1775 liberarent,

2220 1805 2276 1856 et
2303 1803 2380 1855 sic
2403 1802 2818 1873 aliquantulum
2849 1803 3160 1858 Sacerdotis
3201 1802 3508 1872 respiraret
3533 1801 3774 1856 animus
3803 1818 3871 1855 ex

553 1896 746 1952 LXXII.
789 1895 900 1951 Sed
944 1895 990 1950 si
1015 1913 1394 1968 exsequamur
1443 1897 1853 1952 miraculorum
1900 1896 2121 1968 singula
2141 1883 2196 1954 B
2221 1911 2482 1950 maerore.
2513 1896 2670 1959 Quod
2699 1895 2743 1950 si
2771 1895 3040 1950 Dominus
3072 1894 3282 1966 aliquid
3305 1912 3408 1966 per
3435 1911 3642 1949 manus
3671 1894 3874 1948 Sancti

483 2004 612 2060 quas
635 1988 750 2043 suis
777 1989 949 2060 gestis
973 1989 1242 2061 praesenti
1260 1991 1577 2045 ﬂoruerunt
1593 1990 1653 2044 in
1679 1989 1812 2058 vita,
1845 1991 1966 2044 haac
1995 1990 2114 2046 sine

484 2082 598 2135 ﬁne
633 2084 767 2136 sunt
807 2086 1006 2153 coepta,
1051 2099 1171 2138 non
1215 2083 1322 2138 erit
1374 2083 1574 2138 modus
1604 2083 1664 2138 in
1707 2083 1938 2154 pagina.
1976 2083 2115 2146 Quia

484 2189 859 2246 quaecumque
893 2174 1176 2230 Pontiﬁcis
1204 2193 1261 2231 se
1291 2176 1566 2231 convertit
1613 2176 1935 2247 praesentia,
1963 2177 2116 2231 nulla

483 2267 815 2322 morborum
841 2268 1142 2340 generibus
1180 2269 1361 2324 defuit
1397 2269 1680 2324 medicina
1721 2273 1778 2324 et
1819 2273 2028 2341 quanta
2059 2287 2116 2325 se

483 2361 813 2416 obtulerunt
839 2362 1234 2434 languentium
1259 2363 1512 2431 vulnera,
1543 2362 1740 2418 salutis
1758 2363 1908 2418 fudit
1928 2368 2009 2418 tot
2037 2380 2117 2418 se-

485 2454 660 2510 mina.
689 2455 938 2526 Namque
967 2455 1152 2527 prima
1191 2455 1476 2511 Pontificis
1516 2473 1896 2528 exsequamur
1921 2457 2008 2511 vel
2037 2457 2144 2512 ul—"

482 2549 642 2616 tima,
683 2564 814 2603 cum
838 2565 942 2620 per
967 2549 1194 2604 salivam
1221 2549 1335 2604 oris
1361 2549 1442 2603 sui
1483 2550 1664 2605 multa
1689 2554 1882 2606 curata
1905 2550 2119 2605 fuerint

482 2642 693 2713 ulcera,
723 2647 960 2714 purgata
983 2642 1097 2697 sint
1132 2659 1537 2714 energumena.
1555 2647 1699 2700 Ante
1725 2660 1898 2716 quem
1923 2660 2119 2716 quam-

482 2736 564 2790 vis
585 2736 800 2791 occulte
833 2735 1077 2792 venisset
1112 2736 1289 2791 hostis
1327 2735 1602 2807 nequitia,
1631 2737 1820 2792 statim
1857 2753 1916 2792 se
1941 2737 2120 2792 mani-

481 2829 703 2885 festavit
731 2829 1091 2884 fraudulenta
1117 2829 1335 2885 fallacia
1363 2847 1376 2886 :
1407 2847 1472 2884 ac
1498 2830 1568 2885 de
1603 2835 1908 2902 conspectu
1943 2830 2118 2885 sancti

482 2923 586 2977 viri
609 2923 746 2994 quia
769 2922 937 2978 celari
962 2939 1079 2977 non
1103 2926 1384 2995 poterant,
1408 2939 1513 2978 nec
1532 2923 1849 2980 tolerabant
1872 2940 2119 2996 praesen—

481 3015 642 3086 tiam,
670 3015 908 3071 terribili
935 3015 1158 3071 ululatu
1187 3033 1286 3071 sua
1329 3017 1635 3088 gemebant
1677 3017 1957 3088 incendia,
1987 3035 2116 3089 pas-

484 3109 592 3164 sim
621 3126 726 3181 per
753 3109 872 3164 loca
909 3109 1199 3166 volitantia
1226 3111 1585 3181 exponebant
1614 3115 1671 3166 et
1704 3111 1960 3178 crimina,
1993 3128 2115 3166 sus-

483 3203 647 3274 pensi
666 3220 769 3274 per
785 3218 914 3258 aera
938 3219 951 3258 :
970 3204 1298 3275 frequenter
1308 3221 1413 3259 nec
1430 3204 1764 3276 interrogati
1781 3204 2120 3260 conﬁteban-

485 3299 580 3350 tur
604 3298 661 3350 et
685 3296 940 3352 nomina.
966 3297 1107 3361 Cum
1137 3313 1286 3368 saepe
1317 3313 1416 3352 suo
1443 3297 1692 3368 impulsu
1718 3298 2023 3354 currebant
2047 3297 2118 3353 ad

484 3393 741 3444 sanctum
779 3390 963 3444 virum
1003 3391 1304 3446 crueianda
1329 3391 1627 3446 daemonia.
1657 3391 1826 3463 Cujus
1857 3391 2118 3448 minister

485 3499 598 3554 quo
623 3483 744 3538 loco
767 3483 954 3538 Sancti
981 3483 1210 3540 tenebat
1235 3484 1520 3552 baculum,
1554 3484 1667 3539 illic
1695 3501 2118 3556 energumenus

485 3577 768 3648 pendebat
805 3576 1078 3650 religatus
1117 3595 1250 3634 aere
1279 3577 1519 3649 vinculo,
1548 3583 1606 3634 et
1651 3577 1812 3650 quasi
1837 3577 2006 3634 clavis
2031 3580 2115 3634 af-

483 3670 596 3725 ﬁxo
625 3672 921 3728 tenebatur
945 3672 1202 3745 vestigio.

555 3765 768 3821 LXXIII.
798 3768 864 3821 Et
893 3765 1028 3838 quia
1069 3769 1259 3822 sancto
1303 3765 1422 3821 viro
1468 3783 1618 3838 saepe
1659 3765 1878 3822 inimici
1917 3765 2115 3821 tende-

483 3858 692 3913 bantur
712 3857 953 3929 insidiae,
994 3862 1056 3913 ut
1088 3863 1187 3913 aut
1211 3876 1391 3932 equus
1417 3860 1641 3931 lapsum
1667 3859 2002 3916 incurreret.
2032 3859 2119 3914 vel

487 3967 680 4006 ramus
705 3951 922 4006 arboris
962 3955 1236 4022 tangeret,
1281 3955 1379 4007 aut
1417 3969 1564 4024 aqua
1599 3953 1758 4008 vallis
1797 3953 1884 4008 vel
1914 3953 2119 4024 glacies

485 4044 802 4116 periculum
827 4048 1154 4116 generaret;
1184 4061 1318 4100 mox
1344 4045 1441 4117 qui
1465 4049 1563 4100 aut
1589 4046 1788 4118 quanti
1816 4049 1916 4101 aut
1941 4046 2120 4118 quali-

487 4142 574 4193 ter
601 4140 781 4192 totum
823 4137 1198 4208 energumina
1236 4139 1449 4193 factum
1491 4155 1662 4194 omne
1705 4139 2122 4195 conﬁtebantur

490 4235 549 4287 et
574 4221 900 4286 numerum.
936 4231 1076 4286 Cum
1102 4247 1234 4287 vero
1259 4232 1462 4304 pedem
1491 4232 1714 4288 efferret
1742 4233 1811 4289 de
1841 4234 2009 4289 domo
2038 4233 2124 4289 vel

491 4324 744 4394 ecclesia,
776 4325 991 4380 videres
1015 4327 1231 4396 strages
1256 4325 1582 4380 daemonum
1608 4330 1738 4381 ante
1765 4328 1906 4382 tanti
1928 4327 2121 4382 Ponti-

489 4418 612 4473 ficis
625 4435 689 4473 ac
707 4417 1137 4488 triumphatoris
1155 4419 1438 4474 obtutum.
1459 4420 1745 4476 Cadebant
1767 4421 1914 4476 circa
1935 4421 2123 4476 Sancti

489 4513 817 4568 catervatim
841 4511 1076 4584 vestigia
1099 4512 1333 4568 diversis
1358 4513 1542 4569 modis
1566 4514 1776 4570 effusa:
1800 4515 1922 4570 haec
1938 4517 2117 4582 muta,

2213 1989 2654 2060 dispensandum
2667 1988 2926 2044 alicunde
2946 1989 3235 2060 dirigeret,
3265 2005 3401 2043 mox
3421 1988 3482 2043 in
3497 1988 3711 2060 spiritu
3727 2005 3876 2058 prm-

2216 2083 2409 2137 videns
2435 2082 2627 2137 solitus
2667 2085 2788 2136 erat
2831 2083 3016 2137 dicere
3058 2099 3072 2136 :
3105 2081 3320 2136 Gratias
3369 2099 3608 2154 agamus
3654 2081 3874 2136 divina:

2214 2176 2562 2244 Clementiae,
2588 2192 2724 2230 nam
2769 2176 2916 2230 unde
2959 2175 3058 2229 ﬁat
3084 2175 3403 2245 redemptio
3430 2175 3872 2245 appropinqua-

2217 2269 2314 2324 vit.
2345 2269 2622 2324 Continuo
2653 2268 2772 2323 sine
2805 2269 3176 2340 ambiguitate
3215 2285 3468 2339 przescns
3511 2267 3874 2337 probabatur

2217 2363 2467 2418 effectus.
2498 2363 2656 2426 Quod
2687 2363 2823 2416 dum
2863 2361 3168 2433 accepisset
3210 2361 3270 2416 in
3297 2360 3582 2430 manibus,
3613 2362 3877 2416 resoluta

2217 2473 2361 2528 ruga
2385 2456 2587 2510 frontis
2621 2455 2780 2510 vultu
2820 2455 3063 2510 ﬂorebat
3099 2455 3308 2524 senior,
3342 2471 3539 2525 gressu
3581 2455 3874 2525 pergebat

2217 2549 2472 2619 alacrior,
2501 2549 2694 2620 lingua
2722 2549 2931 2604 ﬂuebat
2948 2549 3254 2620 jucundior
3274 2551 3365 2602 :ut
3396 2548 3659 2602 crederes
3687 2546 3880 2602 homi-

2217 2660 2351 2700 nem
2378 2660 2480 2714 pro
2509 2642 2854 2698 redimendis
2878 2643 2998 2697 aliis
3025 2659 3081 2697 se
3107 2642 3294 2713 ipsum
3322 2641 3612 2697 servitutis
3640 2641 3876 2697 vinculo

2217 2737 2598 2792 liberandum.

2289 2862 2478 2916 LXXV.
2501 2861 2634 2925 Quis
2650 2877 2780 2916 vero
2797 2859 2968 2931 digne
2984 2862 3205 2931 repetat
3223 2862 3436 2930 quanta
3463 2858 3645 2913 virtus
3675 2859 3882 2914 verbo-

2217 2971 2346 3010 rum
2369 2955 2438 3008 ab
2458 2971 2554 3009 ore
2576 2954 2866 3008 rotabatur
2890 2970 3018 3008 cum
3042 2953 3377 3024 praedicaret
3394 2952 3454 3006 in
3475 2952 3793 3029 populum,
3820 2957 3880 3006 ut

2218 3047 2374 3102 omni
2398 3047 2731 3102 litteraturae
2746 3049 3072 3101 nasceretur
3097 3049 3311 3116 stupor,
3342 3049 3399 3100 et
3426 3044 3589 3099 ﬁeret
3613 3046 3679 3100 in
3721 3063 3885 3100 com-

2217 3158 2390 3196 mune
2419 3141 2698 3212 generalis
2735 3127 3112 3210 compunctio,
3141 3142 3310 3210 atque
3357 3155 3428 3192 ex
3472 3155 3568 3192 ore
3623 3139 3880 3194 dicentis

2139 3247 2193 3322 ρ
2218 3235 2476 3290 crederes
2502 3238 2564 3287 ut
2591 3234 2758 3288 verba
2782 3234 3165 3287 formarentur
3189 3232 3260 3286 ab
3294 3231 3521 3304 angelo,
3556 3231 3701 3286 dum
3743 3233 3882 3303 plus

2217 3345 2389 3401 quam
2415 3327 2586 3383 homo
2609 3327 2938 3398 loqueretur
2967 3326 3268 3380 translatus
3287 3325 3346 3380 in
3368 3327 3580 3382 mentis
3605 3344 3880 3397 excessu,

2217 3439 2346 3478 cum
2398 3421 2610 3476 abrasis
2663 3420 2898 3475 maculis
2944 3419 3266 3474 sinceritate
3303 3419 3588 3492 dogmatis
3635 3426 3882 3492 pectora

2219 3515 2416 3586 plebis,
2447 3517 2674 3586 cogeret
2701 3513 2905 3569 divinis
2930 3513 3233 3585 effragrare
3260 3512 3592 3584 pigmentis.

2289 3647 2504 3701 LXXVI.
2535 3643 2638 3709 Qui
2663 3643 2921 3716 cquitans
2965 3642 3026 3697 in
3068 3624 3292 3709 itinere,
3341 3659 3568 3714 semper
3607 3644 3728 3700 Deo
3782 3647 3888 3702 ali-

2219 3739 2357 3812 quid
2383 3741 2482 3794 aut
2505 3738 2672 3794 verbo
2699 3737 2938 3792 contulit
2952 3739 3050 3790 aut
3067 3735 3336 3806 cantavit,
3358 3752 3591 3791 cursum
3621 3737 3697 3810 (a)
3717 3742 3887 3796 nudo

2219 3833 2398 3904 capite
2423 3832 2636 3901 'dicens,
2668 3831 2771 3886 etsi
2798 3829 2897 3886 nix
2922 3834 3020 3884 aut
3060 3829 3246 3889 imber
3283 3833 3536 3900 urgeret.
3560 3831 3708 3886 Cum
3742 3851 3888 3890 vero

2224 3926 2377 3982 venit
2400 3925 2471 3981 ad
2485 3941 2741 3980 mensam
2767 3923 3064 3979 confestim
3091 3923 3332 3978 recitans
3379 3923 3560 3979 adfuit
3599 3925 3890 3983 minister

2224 4020 2411 4076 divina
2437 4019 2736 4090 colloquia,
2766 4021 2829 4072 ut
2855 4017 3006 4072 inter
3051 4015 3160 4070 cibi
3205 4017 3416 4072 fercula
3457 4017 3639 4073 animi
3675 4023 3888 4090 pastus

2219 4113 2492 4190 alimento
2528 4111 2656 4184 plus
2699 4112 3045 4166 saturaretur
3081 4110 3331 4166 conviva.
3367 4111 3596 4166 Nullum
3640 4114 3888 4186 tempus

2221 4207 2572 4280 interpolans
2599 4222 2710 4278 quo
2728 4221 2844 4260 non
2871 4207 2970 4258 aut
2992 4202 3119 4258 aliis
3146 4205 3458 4277 prodesset,
3481 4208 3581 4260 aut
3608 4222 3735 4262 non
3749 4208 3889 4282 ipse

2224 4301 2546 4374 proﬁceret.

2291 4419 2526 4474 LXXVII.
2569 4420 2846 4484 Quantam
2879 4434 3014 4474 vero
3051 4417 3375 4490 vigiliarum
3411 4434 3609 4474 curam
3639 4437 3890 4495 semper

2219 4511 2577 4583 impenderet
2601 4511 2726 4584 quis
2752 4513 3024 4567 enarret?
3063 4513 3172 4566 Aut
3210 4511 3479 4568 toleratos
3516 4513 3748 4585 algores
3780 4533 3885 4572 ar-

491 4605 586 4660 illa
611 4605 946 4686 clamantia;
1002 4607 1094 4661 illa
1119 4607 1252 4677 ﬁxa,
1286 4607 1409 4662 haec
1459 4607 1696 4663 lubrica.
1738 4609 1820 4662 —Et
1863 4608 2014 4664 velut
2054 4608 2125 4664 ad
2144 4619 2203 4692 D
2226 4606 2360 4662 dore
2387 4605 2522 4662 ﬁdei
2545 4606 2850 4677 praedicet?
2880 4621 3011 4660 cum
3035 4605 3366 4677 frequenter
3388 4606 3449 4660 in
3474 4600 3685 4662 lectulo
3714 4615 3891 4667 ante-

485 4698 740 4771 judicem
769 4699 907 4754 dum
943 4703 1102 4770 gesta
1140 4701 1421 4756 referrent
1457 4701 1707 4772 propria,
1753 4717 1871 4756 non
1897 4701 2128 4772 effugie-

491 4793 631 4848 bant
659 4796 962 4876 tormenta.
990 4793 1096 4849 Sed
1121 4795 1192 4849 ad
1219 4795 1408 4850 Sancti
1427 4795 1779 4866 praeconium
1805 4799 2016 4867 quanta
2042 4799 2127 4851 est

491 4887 616 4943 haec
635 4886 901 4957 laudatio,
926 4903 1056 4942 cum
1083 4887 1444 4944 ineffabiliter
1463 4889 1643 4944 multa
1668 4891 1726 4944 et
1755 4889 2030 4961 stupenda
2053 4889 2123 4944 ab

495 4997 562 5036 eo
585 4981 786 5037 fierent
811 4981 912 5035 sub
939 4985 1232 5037 momento
1251 4983 1278 5038 ?

568 5076 782 5131 LXXIV.
813 5077 1094 5132 Caeterum
1125 5077 1496 5150 eleemosynis
1520 5078 1798 5150 quantum
1815 5077 1989 5133 fuerit
2001 5094 2128 5150 pro-

572 5193 644 5266 (ξι.)
673 5191 996 5266 Scriptores
1014 5193 1229 5266 antiqui
1262 5211 1452 5250 cursus
1481 5211 1579 5250 seu
1607 5194 1866 5248 decursus
1892 5195 2126 5266 nomine

499 5263 687 5319 divina
713 5264 916 5333 officia,
957 5264 1069 5320 sive
1111 5263 1301 5335 horas,
1345 5269 1408 5320 ut
1449 5268 1668 5333 vocant,
1723 5265 2019 5320 canonicas
2043 5267 2128 5320 in-

500 5335 850 5408 telligebant,
879 5337 1030 5406 quod
1051 5338 1440 5408 persolvuntur
1463 5337 1712 5408 quotidie
1737 5355 1800 5392 ac
1829 5337 2127 5393 decurran-

499 5411 613 5460 tur.
659 5407 873 5478 Regula
914 5407 1090 5461 sancti
1129 5407 1370 5476 Macarii,
1398 5407 1519 5478 cap.
1546 5411 1576 5462 9
1609 5423 1623 5461 :
1659 5409 1952 5463 «Cursum
1998 5425 2124 5464 mo-

500 5477 732 5531 nasterii
758 5494 927 5548 super
949 5479 1137 5532 omnia
1163 5479 1396 5548 diliges;
1439 5477 1537 5548 qui
1574 5493 1704 5532 vero
1732 5479 1936 5548 saepius
1964 5496 2126 5534 orare

501 5549 758 5616 voluerit,
787 5548 1104 5604 uberiorem
1123 5549 1372 5604 inveniet
1395 5548 1842 5602 misericordiam
1859 5550 2122 5605 Christi.»

502 5619 564 5692 In
593 5621 631 5673 V
636 5619 711 5692 ita
739 5637 846 5674 ms.
877 5620 1053 5674 sancti
1080 5619 1327 5692 Serenici
1341 5618 1558 5692 abbatis
1586 5619 1796 5692 (saeculo
1815 5637 1886 5672 vn
1904 5622 2124 5692 Bcned.)

500 5691 623 5744 hmo
653 5691 950 5761 leguntur:
989 5712 1016 5738 ‹‹
1048 5692 1107 5743 In
1132 5688 1616 5761 orationisautem
1645 5691 1830 5744 studio
1858 5694 2044 5745 tantus
2064 5688 2128 5745 il-

497 5761 617 5816 lum
660 5759 846 5815 fervor
869 5761 1218 5829 accenderat,
1262 5764 1324 5833 u_t
1352 5759 1572 5833 absque
1613 5761 1879 5832 peculiari
1920 5763 2127 5833 suppli-

497 5833 719 5887 catione
762 5833 1084 5887 Romanum
1127 5847 1226 5886 seu
1270 5830 1637 5900 Gallicanum,
1694 5835 1752 5887 et
1805 5830 2125 5890 sancto—rum

499 5903 728 5967 Patrum
759 5900 1041 5958 Benedicti
1070 5920 1165 5959 seu
1199 5901 1533 5960 Columbani
1568 5919 1794 5960 cursum
1834 5903 1986 5960 horis
2017 5904 2126 5964 sin-

2226 4716 2397 4772 quam
2408 4699 2657 4772 reliquos
2669 4701 2738 4755 de
2760 4715 2958 4771 sopore
2977 4701 3368 4754 commoneret
3389 4716 3713 4774 assurgere,
3730 4705 3891 4775 quin

2227 4794 2500 4866 quaginta
2519 4793 2769 4865 psalmos
2793 4793 2879 4849 vel
2907 4792 3170 4864 amplius,
3201 4792 3516 4848 indefessus
3539 4793 3602 4848 in
3645 4797 3888 4868 templo

2228 4887 2314 4942 sui
2340 4887 2582 4959 pectoris
2606 4887 2842 4942 Domino
2868 4887 3210 4942 decantaret.
3237 4887 3344 4942 Sed
3379 4887 3506 4959 quis
3549 4887 3698 4943 illud
3745 4890 3888 4946 fur-

2228 4985 2350 5036 tum
2375 4981 2507 5037 felix
2531 4981 2675 5053 ML,
2701 4981 2942 5052 felicem]
2986 4981 3072 5036 vel
3107 4980 3304 5036 auditu
3353 4981 3596 5036 senserit
3623 4983 3716 5038 vel
3745 4984 3892 5042 visu

2226 5075 2682 5148 deprehenderit,
2709 5092 2838 5130 cum
2864 5075 2986 5147 ipse
3026 5075 3095 5131 de
3135 5075 3338 5130 lectulo
3374 5075 3713 5147 frequenter
3745 5078 3890 5136 sine

2229 5193 2376 5265 gulis
2418 5192 2656 5265 Domino
2697 5193 3038 5249 decantaret.
3069 5212 3096 5245 »
3146 5193 3251 5248 Ubi
3288 5191 3563 5265 particula
3589 5208 3688 5265 seu
3717 5197 3892 5251 utro-

2224 5264 2395 5336 hique
2413 5264 2734 5336 copulativa
2774 5269 2878 5332 est,
2923 5282 3026 5320 nec
3051 5281 3246 5336 cursus
3283 5264 3574 5319 Romanus
3602 5264 3699 5318 hic
3727 5267 3890 5323 alius

2227 5335 2318 5390 est
2338 5353 2372 5390 a
2395 5335 2696 5390 Gallicano.
2719 5337 2860 5390 Nam
2885 5337 3064 5392 Gallos
3079 5335 3214 5390 olim
3243 5336 3528 5390 Romanos
3550 5337 3892 5406 appellatos

2225 5407 2286 5481 in
2312 5406 2448 5460 Vitae
2495 5407 2685 5481 sancti
2708 5407 2994 5481 Samsonis
3039 5407 3233 5478 episc.,
3261 5406 3710 5481 _pr£efat.,_pag.
3746 5413 3887 5481 165,

2227 5477 2572 5552 observavin
2582 5495 2656 5552 us,
2671 5478 2767 5552 (ἱη⁸
2780 5479 2934 5533 Actis
2971 5477 3156 5552 sanct.‘
3174 5477 3292 5552 or_d.
3303 5547 3314 5552 Δ
3325 5480 3504 5552 sancti
3539 5477 3888 5552 Benedicti).

2226 5549 2304 5601 De
2333 5565 2498 5603 cursu
2523 5550 2728 5604 Gallico
2753 5549 2958 5603 iterum
2981 5548 3197 5604 mentio
3213 5549 3277 5602 fit
3300 5547 3361 5602 in
3385 5549 3509 5602 Vita
3536 5551 3723 5604 sancti
3751 5547 3893 5608 Wd—

2227 5617 2383 5672 larici
2408 5621 2560 5688 abb.,
2589 5621 2739 5690 apud
2777 5621 3022 5689 Surium,
3068 5625 3087 5676 l
3134 5619 3332 5690 April.,
3362 5636 3526 5675 num.
3573 5620 3663 5677 14.
3694 5623 3889 5680 Porro

2226 5691 2367 5768 nihil
2392 5692 2494 5746 hac
2521 5708 2651 5746 voce
2674 5691 2934 5768 usitatius
2962 5691 3110 5762 apud
3131 5691 3475 5768 Cregorium
3500 5691 3748 5763 Turon.,
3778 5697 3890 5768 qui

2223 5760 2435 5844 librum
2455 5779 2632 5844 unum
2659 5760 3014 5844 decursibus
3038 5760 3421 5844 ecclesiasticis
3461 5779 3495 5818 ε.
3538 5779 3599 5821 se
3631 5760 3887 5844 compo-

2225 5833 2395 5890 situm
2421 5834 2480 5890 in
2505 5834 2604 5894 lib.
2634 5850 2666 5892 x
2693 5833 2833 5893 Hist.
2861 5837 3290 5892 commemorat.
