3968 6430
142 396 196 450 ’ἴῖ
1758 399 1926 454 VITA.
3432 396 3496 453 78

137 502 341 574 caligis,
355 519 434 558 ne
449 503 868 560 sentireturab
882 503 1093 577 aliquo,
1106 505 1360 576 perrexit
1372 505 1434 560 in
1457 505 1783 576 oratorium,
1809 521 1867 592 Α
1886 507 2168 576 premeret
2194 503 2345 558 illata
2371 501 2690 559 necessitas.
2721 503 2952 558 Paratus
2970 515 3074 575 pro
3093 502 3494 576 misericordia,

131 595 347 650 nullum
357 595 471 650 sibi
491 596 744 668 cupiens
757 601 970 653 testem
979 599 1038 653 in
1049 597 1192 653 illud
1216 597 1351 670 [Al.,
1373 597 1550 670 illum]
1573 599 1789 653 furtum

129 693 332 760 praeter
355 687 662 744 Christum
687 705 1016 745 occanere.
1043 689 1151 754 Qui
1179 691 1459 746 celebrata
1484 689 1670 761 vigilia
1695 705 1783 745 re-

132 796 325 835 means
354 781 430 835 ad
455 780 746 848 lectulum
777 782 947 853 quasi
975 781 1120 836 nihil
1150 782 1350 854 egerit,
1379 787 1516 836 tunc
1539 782 1784 852 primum

133 872 386 944 reliquos
413 873 725 928 excitaret.
757 874 983 938 Quanta
1016 889 1148 928 vero
1185 874 1257 928 ad
1289 873 1640 944 psallendum
1681 873 1786 928 fuit

127 965 470 1032 constantia,
502 965 652 1020 dum
679 965 840 1020 velut
879 964 1016 1021 ferri
1049 965 1238 1036 rigore
1271 965 1471 1020 induta
1499 982 1626 1020 caro
1651 965 1783 1021 sub-

126 1056 371 1127 sisteret,
416 1073 558 1112 cum
599 1073 743 1112 saxa
783 1056 971 1129 frigus
1010 1057 1376 1128 decrustaret,
1423 1062 1479 1112 et
1520 1073 1694 1129 aquas
1727 1057 1786 1112 in

126 1154 380 1204 crustam
405 1151 704 1206 verteret?
732 1149 843 1214 Qui
869 1165 1002 1205 cum
1025 1150 1141 1204 suis
1167 1149 1472 1204 visceribus
1497 1149 1787 1204 dimicaret

125 1245 180 1296 et
206 1242 492 1309 vinceret,
522 1257 675 1314 pene
715 1241 972 1314 seipsum
1007 1241 1358 1312 obliviscens,
1383 1247 1450 1296 ut
1485 1241 1784 1297 domestico

133 1338 424 1390 tormento
451 1337 728 1406 superato
758 1350 997 1406 corpore
1016 1335 1086 1390 de
1104 1351 1164 1391 se
1190 1334 1544 1404 triumphum
1567 1335 1628 1389 in
1649 1349 1784 1406 pace

141 1427 308 1482 factus
333 1430 570 1498 martyr
587 1426 917 1497 acquireret
944 1443 959 1481 :
985 1431 1072 1496 ut,
1093 1444 1151 1483 se
1178 1426 1526 1482 mutantibus
1549 1426 1781 1496 clericis,

144 1519 249 1575 sine
275 1519 680 1575 vicissitudine
719 1519 846 1590 ipse
876 1519 1209 1575 decantandi
1249 1519 1632 1576 modulamina
1669 1535 1784 1574 non

143 1611 340 1667 Iiniret.
371 1612 524 1668 Cum
551 1627 704 1683 pene
734 1611 845 1666 hoc
869 1610 1274 1666 incredibiliter
1291 1611 1497 1667 dicitur
1516 1611 1666 1682 quod
1685 1611 1786 1665 sci-

144 1709 259 1759 tur:
288 1703 436 1775 quia
462 1704 635 1758 tertia
658 1703 846 1758 noctis
871 1703 1012 1758 hora
1033 1703 1360 1774 ingrediens
1378 1703 1444 1763 .in
1473 1703 1780 1774 ecclesiam,

144 1811 242 1850 non
266 1800 360 1850 est
391 1811 664 1867 egressus
689 1795 936 1850 ulterius
961 1795 1326 1865 psallentium
1351 1795 1420 1850 ab
1449 1795 1666 1864 ordine,
1693 1795 1786 1851 do-

1885 613 2108 668 semper
2135 612 2366 652 currens
2398 613 2500 667 pro
2524 595 2705 665 venia,
2733 599 2892 666 pater
2923 599 2978 650 et
3002 601 3188 667 pastor
3209 597 3406 669 p0puli
3429 598 3499 653 ad

1885 705 1943 744 se
1979 689 2185 744 alienas
2225 705 2416 744 causas
2452 689 2793 744 transferens
2829 692 2886 742 et
2923 689 3197 759 querelas,
3239 693 3338 744 aut
3396 706 3498 760 pro

1883 785 2040 852 parte
2081 781 2394 851 mitigabat,
2423 781 2640 834 dolores
2677 779 3021 850 compatiens
3066 785 3162 834 aut
3219 785 3495 852 quantum

1883 879 2068 946 posset
2095 892 2163 930 ex
2186 878 2301 930 toto
2329 875 2560 930 curabat
2588 875 2753 929 corde
2783 873 3135 929 subveniens.

1954 967 2216 1022 LXXVIII.
2263 969 2324 1021 In
2371 971 2592 1022 tantum
2641 981 2865 1038 quoque
2911 965 3077 1020 sacris
3128 966 3492 1037 ampliﬁcatus

1882 1059 2252 1132 provectibus,
2285 1059 2454 1114 etiam
2479 1059 2628 1114 diem
2657 1041 2806 1113 beati
2832 1057 2922 1112 sui
2945 1057 3212 1112 transitus
3242 1058 3322 1112 ita
3343 1075 3490 1130 prae-

1882 1151 2024 1207 dixit
2041 1156 2106 1206 ut
2136 1151 2446 1206 subdimus.
2473 1153 2616 1206 Ante
2641 1150 2858 1221 aliquos
2885 1149 3002 1205 dies
3029 1167 3160 1205 nam
3187 1167 3387 1206 vocans
3423 1151 3494 1206 ad

1881 1259 1940 1298 se
1993 1243 2278 1298 notarium
2329 1259 2515 1312 suum,
2568 1241 2810 1313 imperat
2857 1241 2918 1296 in
2967 1241 3286 1298 cubiculum
3325 1259 3493 1314 supra

1880 1334 2088 1391 lectum
2142 1351 2309 1390 suum
2355 1334 2594 1390 scribere
2640 1335 2745 1388 hoc
2791 1335 3198 1406 tantummodo,
3255 1335 3351 1391 sed
3389 1350 3490 1390 ne-

1881 1427 2182 1482 scientibus
2235 1428 2285 1495 (v
2329 1427 2602 1481 Kalendas
2645 1425 2854 1493 Iunias)
2905 1426 3166 1481 omnibus
3211 1427 3348 1498 quid
3387 1427 3492 1482 hoc

1881 1523 2058 1589 esset;
2103 1524 2228 1590 post
2269 1519 2389 1588 ejus
2429 1520 2658 1574 Sanctus
2693 1517 2964 1572 discessus
3005 1519 3377 1576 manifestavit
3423 1521 3492 1576 de

1881 1612 2113 1681 saeculo;
2143 1627 2276 1665 nam
2317 1627 2502 1682 neque
2537 1612 2642 1666 hoc
2681 1609 2950 1664 Dominus
2987 1611 3251 1666 familiari
3287 1612 3492 1668 animae

1880 1703 2222 1758 abscondere
2259 1704 2513 1775 pertulit.
2551 1703 2799 1774 Denique
2829 1703 3024 1758 eadem
3058 1703 3298 1775 diefpost
3323 1719 3488 1775 pera-

1882 1799 2034 1849 ctum
2057 1795 2316 1866 praelium
2352 1797 2550 1851 Beatus
2581 1795 2842 1866 migravit
2877 1796 2948 1851 ad
2975 1795 3275 1851 Christum.
3307 1797 3400 1852 His
3436 1803 3492 1853 et

144 1903 234 1943 nec
277 1889 638 1943 clarescente
688 1887 804 1954 die,
861 1887 1189 1942 decantatus
1231 1887 1554 1942 solemniter
1590 1903 1784 1942 cursus
1804 1877 1860 1948 B
1883 1887 2258 1942 consimilibus
2304 1887 2501 1942 studiis
2541 1891 2838 1958 occupatus
2876 1904 2938 1942 ac
2987 1904 3208 1958 semper
3240 1888 3490 1944 intentus

144 1979 436 2036 universus
462 1982 969 2034 consummaretur
993 1995 1064 2034 ex
1091 1995 1324 2034 canone.
1353 1980 1494 2035 Cum
1516 1995 1647 2034 vero
1682 1980 1782 2034 do-

144 2088 290 2128 mum
319 2071 740 2144 regrederetur
759 2071 1034 2142 fatigatus
1058 2075 1220 2128 aetate
1240 2071 1327 2127 vel
1351 2071 1583 2143 frigore,
1609 2076 1708 2126 aut
1721 2071 1786 2126 i1-

145 2164 245 2220 lata
283 2165 657 2219 diversorum
696 2162 1052 2234 inquietabat
1075 2163 1383 2234 suggestio,
1413 2167 1512 2218 aut
1554 2163 1624 2217 ab
1663 2163 1785 2234 ipso

143 2255 545 2328 requirebatur
573 2255 674 2310 ubi
697 2255 985 2326 praeberet
1012 2254 1349 2326 suffragium
1379 2271 1392 2309 :
1421 2259 1487 2310 ut
1511 2254 1678 2310 etiam
1715 2255 1786 2310 ad

135 2349 394 2420 requiem
455 2346 783 2418 reclinanti,
805 2347 895 2402 vel
920 2347 1216 2418 paululum
1241 2347 1310 2402 de
1337 2347 1579 2419 querelis
1599 2363 1786 2402 occur-

132 2441 387 2497 rentium
409 2439 767 2495 afﬂictarum
786 2440 878 2494 vel
899 2455 1239 2510 pauperum,
1260 2455 1398 2494 crux
1417 2442 1709 2510 pararetur
1725 2437 1785 2493 in

132 2532 370 2604 lectulo;
401 2537 762 2604 postponens
801 2546 932 2586 suas
969 2530 1224 2602 injurias,
1273 2547 1346 2586 ne
1387 2535 1785 2603 suggerentem

195 2691 270 2759 (α)
297 2689 383 2743 De
427 2686 913 2766 sanctiﬁermani
957 2686 1117 2766 obi_t_u
1140 2685 1698 2766 Gregorius-Turonn
1726 2686 1786 2766 in

135 2756 226 2816 lib.
253 2756 312 2828 v,
348 2774 485 2828 cap.
520 2760 576 2828 8,
611 2757 692 2828 ita
710 2756 949 2828 scribit:
982 2777 1010 2828 ς(
1050 2758 1126 2812 Eo
1160 2756 1308 2810 anno
1345 2757 1548 2826 (primo
1580 2756 1787 2812 scilicet

133 2826 485 2884 Childeberti
497 2826 772 2898 junioris,
791 2826 1001 2882 Christi
1019 2829 1161 2898 526),
1185 2831 1242 2898 et
1256 2828 1453 2898 beatus
1477 2828 1786 2882 Germanus

133 2897 513 2954 Parisiorum’
531 2897 834 2969 episcopus
875 2897 1097 2969 transiit
1139 2913 1154 2952 :
1199 2897 1261 2950 in
1305 2897 1466 2967 cujus
1506 2897 1786 2969 exsequiis

134 2915 490 2954 ransrorum
531 2915 834 3020 episcopus
875 2915 1097 2951 transnt
1139 2915 1154 2952 :
1199 2915 1261 2950 1n
1305 2915 1466 2967 cujus
1506 2915 1783 2968 exsequus

134 2970 324 3047 multis
348 2968 589 3047 virtuti“
601 2985 691 3036 us,
721 2983 864 3047 quas
888 2967 950 3021 in
975 2983 1220 3047 corpore,
1247 2970 1514 3037 gesserat,
1543 2968 1648 3047 hoc
1673 2967 1783 3021 mi-

134 3042 394 3096 raculum
440 3037 943 3094 conﬁrmationem
981 3037 1131 3092 fecit.
1177 3037 1316 3091 Nam
1345 3037 1666 3091 carcerariis
1701 3054 1786 3091 ac-

135 3109 545 3189 clamantibus,
575 3124 787 3189 corpus
815 3107 878 3161 in
895 3107 1091 3189 platea
1115 3113 1484 3189 aggravatum
1507 3113 1612 3188 est,
1640 3108 1786 3162 solu-

133 3183 314 3262 tisque
353 3181 444 3260 eis
483 3177 698 3234 rursus
725 3179 850 3258 sine
895 3177 1087 3258 labore
1124 3177 1382 3258 levatur:
1415 3177 1522 3248 ipsi
1560 3193 1783 3302 quoq’ue

133 3270 223 3306 aui
253 3251 439 3306 soluti
460 3251 697 3304 fuerant
722 3249 784 3302 1d
803 3248 1141 3306 obsequium
1168 3249 1382 3302 funeris
1406 3263 1584 3306 usque
1601 3248 1668 3302 ad
1729 3265 1785 3302 a-
1803 3233 1856 3306 C

1729 3265 1785 3302 a-

133 3248 234 3333 qui
253 3250 439 3332 soluti
460 3251 697 3304 fuerant
722 3248 1141 3333 id‘obsequiu‘m
1168 3248 1382 3329 funeris
1406 3263 1584 3319 usque
1601 3248 1668 3333 ad

132 3318 349 3400 silicam
383 3322 450 3376 in
485 3336 604 3400 qua
643 3319 902 3400 sepultus
940 3318 1045 3400 est,
1071 3318 1234 3400 liberi
1273 3318 1783 3400 perveneruntftd

132 3395 464 3466 sepulcrum
490 3388 690 3446 autem
705 3388 856 3460 _ejus
875 3389 1094 3470 omultas
1134 3389 1366 3470 virtutes
1388 3388 1652 3470 Domino.
1677 3389 1779 3443 tri-

131 3464 340 3540 buente
361 3461 671 3540 credentes
689 3463 1070 3540 experiuntur
1091 3475 1106 3514 :
1129 3464 1210 3540 ita
1223 3463 1289 3540 ut
1305 3474 1544 3540 quisque
1563 3475 1610 3540 si
1630 3463 1784 3529 Justa

130 3536 364 3606 petierit
404 3531 682 3606 velociter
695 3531 980 3606 _e_1toptata
1016 3533 1282 3606 reportet.
1333 3531 1405 3606 Si.
1430 3531 1554 3606 quis
1592 3533 1782 3606 tamen

130 3599 392 3662 itrenuas
419 3603 670 3673 virtutes
687 3599 848 3673 illius
873 3616 1014 3673 quas
1038 3599 1363 3673 incorpore
1378 3599 1525 3673 fecit,
1553 3599 1782 3654 sollicite

129 3678 242 3732 mlt
277 3675 612 3747 inquirere,
658 3669 1039 3747 librum—vitae
1076 3669 1235 3726 illius
1269 3669 1441 3747 quia
1480 3671 1782 3747 Fortunato

155 3739 469 3819 nesbytéro
479 3739 843 3819 compositus
863 3746 967 3812 est,
987 3741 1212 3819 legens,
1235 3739 1443 3819 cuncta
1459 3739 1730 3819 reperiet._
1743 3759 1778 3819 Δ››

159 3822 184 3872 t
201 3809 314 3872 lib:
336 3817 414 3872 de
429 3815 588 3872 Glor.
605 3809 786 3881 cont,
800 3883 805 3884 ί
817 3809 1041 3884 ωρέθθ
1059 3809 1085 3884 ξ
1109 3831 1147 3884 Δί(
1171 3809 1553 3884 Ingrediehte,
1575 3809 1780 3882 inquit,

127 3887 458 3969 Chilperico
475 3901 616 3958 rege
720 3881 930 3969 urbem
947 3881 1305 3969 Parisiacam,
1324 3881 1592 3962 postridie
1611 3881 1783 3952 quam

126 3971 220 4015 rex
247 3951 578 4031 ingressus
599 3959 686 4012 est
729 3953 1039 4026 civitatem,
1069 3951 1408 4026 paral'ytiéus
1435 3951 1534 4024 qui
1557 3951 1779 4024 in’por-

1881 1979 1998 2034 fere
2025 1979 2414 2050 octogenarius
2440 1995 2542 2050 per
2567 1979 2760 2034 orbem
2784 1979 3052 2033 mirandis
3081 1980 3294 2036 actibus
3321 1982 3488 2036 ascis-

1883 2070 2092 2126 candus
2139 2071 2498 2142 martyribus,
2529 2071 2790 2142 apostolis
2829 2071 3240 2142 aggregandus,
3286 2073 3492 2143 glorifi-

1883 2162 2092 2235 candus
2117 2161 2350 2232 meritis,
2379 2162 2728 2218 coronandus
2752 2163 2814 2218 in
2840 2162 3082 2234 populis,
3111 2168 3334 2234 ereptus
3369 2180 3490 2219 cor-

1883 2269 2054 2324 poreo
2071 2253 2310 2322 vinculo,
2333 2253 2690 2309 immaculato
2714 2255 2917 2326 spiritu
2933 2255 3108 2310 beatis
3129 2255 3258 2310 ﬁdei
3275 2255 3494 2312 dotibus

1882 2345 2283 2416 perpetualiter
2309 2346 2578 2416 victurus,
2615 2347 2794 2401 victor
2830 2346 3062 2402 evolavit
3095 2347 3166 2402 ad
3207 2347 3391 2416 ccelos,
3422 2349 3492 2420 (a)

1883 2442 2154 2508 regnante
2183 2438 2418 2493 Domino
2441 2444 2633 2494 nostro
2657 2440 2786 2494 Jesu
2809 2439 3046 2509 Christo,
3070 2439 3161 2494 cui
3188 2444 3273 2494 est
3293 2440 3490 2510 gloria,

1884 2528 2066 2584 honor
2092 2534 2148 2584 et
2170 2535 2414 2601 potestas
2447 2531 2508 2586 in
2533 2531 2735 2586 saecula
2761 2531 3114 2586 saeculorum.
3146 2533 3345 2587 Amen.

1883 2684 1999 2738 ticu
2021 2683 2465 2757 basilicaesancti
2492 2685 2788 2754 Vincentii,
2817 2685 2890 2757 in
2905 2701 3016 2757 qua
3033 2685 3235 2757 beatus
3272 2687 3494 2742 Germa-

1883 2771 1992 2827 nus
2016 2754 2314 2827 requiescit
2339 2756 2399 2827 in
2423 2754 2994 2827 corpore,residebat,
3017 2755 3299 2827 dirigitur.
3329 2779 3357 2807 »
3388 2759 3494 2812 Ad-

1884 2825 1969 2880 dit
2009 2825 2301 2898 Aimoiuus
2338 2826 2400 2898 in
2432 2825 2538 2880 lib:
2569 2843 2627 2898 in
2667 2826 2735 2880 de
2778 2827 2924 2898 Gest.
2964 2825 3180 2896 Francl,
3233 2843 3356 2898 cap.
3406 2831 3491 2896 I6,

1887 2913 1922 2967 a_
1945 2895 2248 2967 quodcum
2272 2897 2736 2967 regipnuntiatum
2766 2897 2910 2951 foret
2936 2912 3143 2966 magna
3168 2895 3321 2951 cum_
3335 2897 3496 2953 devo-

1882 2965 2036 3038 tione
2061 2965 2193 3038 i_ll_uc
2221 2965 2540 3038 adveniens,
2569 2971 2625 3038 et
2648 2972 2802 3038 tanto
2831 2965 3055 3038 gavisus
3078 2967 3348 3022 miraculo
3373 2969 3495 3038 ejus

1884 3035 2233 3116 epitaphium
2273 3037 2361 3090 his
2400 3037 2650 3118 distichis
2687 3035 2960 3109 rhytmice
2993 3038 3322 3108 composuit,
3356 3035 3494 3094 n'ab

1883 3109 2143 3160 Almomo
2169 3106 2401 3162 fortasse
2425 3107 2701 3162 exnolltis.

1931 3121 2143 3160 111101110
2169 3121 2401 3162 Ιοτῑδεεθ
2425 3121 2701 3178 expouus.

1937 3201 2272 3265 Epitaphium
2300 3203 2466 3252 sancti
2489 3204 2728 3253 Germani
2763 3217 2857 3267 per
2883 3202 3227 3266 Chilpericum
3253 3219 3438 3269 regem.

2004 3280 2249 3346 Ecclesiae
2271 3283 2560 3346 speculum,
2583 3283 2762 3346 patriai
2788 3283 2955 3346 vigor,
2979 3296 3068 3332 ara
3090 3295 3298 3334 reorum

2063 3341 2127 3392 Et
2149 3341 2369 3408 pater'et
2393 3341 2644 3408 medicus,
2671 3341 3122 3408 pastor—amorque
3150 3346 3343 3408 gregis,

2001 3404 2286 3469 Germanus
2309 3405 2496 3456 virtute
2514 3405 2636 3466 ﬁde,
2661 3404 2839 3467 éorde,
2869 3421 2958 3456 ore
2981 3404 3178 3469 be'atus',

2065 3466 2228 3533 Carne
2246 3471 2396 3533 _tenet
2417 3469 2690 3533 tamulum,
2715 3466 2902 3533 mentis
2928 3469 3126 3533 honore
3154 3466 3353 3533 polum,

2003 3525 2204 3602 Virncui
2230 3527 2360 3599 daora
2381 3528 2508 3577 nihil
2533 3525 2826 3579 nocuerunt
2846 3525 3200 3602 fata‘sepulciri.
3229 3544 3243 3578 :

2064 3587 2202 3658 Vivit
2224 3589 2382 3658 enim,
2405 3603 2528 3658 nam
2552 3603 2692 3658 mors
2715 3604 2880 3658 quem,
2895 3591 3011 3658 tplit
3030 3587 3142 3654 ipsa
3164 3591 3329 3642 timet.

2001 3649 2363 3718 Crevitadhuc
2381 3651 2564 3718 potius
2581 3649 2749 3715 justus
2772 3656 2888 3716 post
2909 3649 3090 3718 funer'a
3104 3667 3127 3718 ξ
3145 3665 3267 3718 nam
3291 3653 3380 3718 qui

2063 3665 2172 3699 'ev1t
2193 3665 2363 3700 aanuc
2375 3665 2564 3760 fponus
2581 3665 2749 3715 justus
2772 3665 2888 3716 post
2909 3665 3122 3714 Iunera;
3145 3665 3234 3702 nar

2063 3711 2238 3783 lfictile
2261 3725 2352 3762 vas
2398 3716 2556 3784 uerat,
2567 3727 2786 3784 gemma
2812 3713 3035 3784 superba
3057 3714 3234 3784 micat.

2001 3772 2164 3884 Huljus
2182 3785 2336 3844 opem
2355 3787 2415 3823 ac
2432 3772 2671 3826 meritum
2698 3775 2859 3846 muris
2875 3772 3180 3848 datayerba
3195 3777 3492 3841 loquuntur,

2109 3833 2308 3884 additus
2338 3840 2390 3884 et
2411 3849 2562 3884 caecis
2583 3836 2832 3884 praedicat
2852 3850 2943 3884 ore
2967 3836 3094 3884 dies.

2109 3833 2308 3900 additus
2338 3840 2390 3884 et
2411 3849 2562 3900 eiecta
2583 3836 2832 3900 pradicet
2852 3850 2943 3887 ore
2967 3836 3094 3886 dies.

2003 3896 2150 3965 Nunc
2177 3897 2268 3965 vir.
2280 3896 2604 3965 apostolicus
2619 3899 2826 3965 rapiens
2851 3900 2915 3949 de
2944 3912 3098 3965 carne
3128 3903 3398 3965 trapetum,

2060 3958 2182 4010 Jure
2205 3957 2504 4025 triumphali
2527 3957 2753 4014 conﬁdet
2771 3975 2894 4014 arce
2911 3961 3036 4027 poli.

1035 4338 1666 4476 SANCTI
1788 4339 2634 4505 GERMANI,

1325 4574 1868 4660 PARISIENSIS
1921 4575 2348 4668 EPISCOPI,

804 4763 1293 4894 EPISTOLA
1374 4764 1494 4892 Ill
1557 4761 2297 4894 BRUNIGHILDEII
2381 4756 2848 4892 REGINMI.

1377 4991 2268 5030 ψ-

173 5147 459 5204 Dominae
508 5139 975 5202 clementissimae
1013 5146 1186 5216 atque
1228 5139 1774 5214 praecellentissimae,
1797 5153 1856 5227 D
1876 5158 2016 5199 nunc
2039 5147 2244 5214 tempus
2267 5141 2606 5212 acceptabile,
2638 5157 2746 5198 ecce
2769 5155 2909 5197 nunc
2943 5137 3056 5198 dies
3088 5139 3303 5196 salutis.
3333 5139 3490 5196 Nunc

118 5245 167 5296 et
191 5243 374 5298 nobis
395 5255 638 5312 semper
660 5237 932 5311 piissimae
960 5237 1206 5293 dominae
1237 5240 1294 5292 et
1315 5235 1376 5290 in
1400 5235 1618 5292 Christo
1647 5252 1775 5292 san-

119 5338 216 5390 cta:
243 5334 526 5392 Ecclesiae
555 5332 689 5388 ﬁlice
715 5329 1072 5387 Brunichildi
1089 5328 1304 5402 reginae
1322 5328 1629 5384 Germanus
1653 5345 1779 5401 pec-

123 5434 291 5486 cator.
341 5426 495 5494 Quia
539 5425 792 5481 charitas
843 5423 1162 5496 congaudet
1211 5421 1432 5478 veritati
1485 5427 1541 5478 et
1589 5423 1778 5478 omnia

127 5521 362 5579 sustinet
401 5525 463 5578 et
507 5533 820 5592 nunquam
863 5516 1100 5585 excedit,
1132 5518 1430 5588 propterea
1457 5531 1524 5570 ex
1567 5517 1774 5572 contri-

131 5607 310 5671 bulato
335 5615 512 5672 corde
543 5620 604 5670 et
628 5629 704 5670 ex
733 5609 940 5666 intima
965 5609 1142 5664 animi
1173 5608 1470 5664 dilectione
1507 5609 1778 5666 audemus

138 5708 277 5764 vobis
301 5724 643 5784 suggerere.
663 5704 818 5772 Quia
837 5719 904 5758 eo
931 5707 1184 5775 tempore
1210 5701 1435 5775 quando
1453 5700 1642 5756 minor
1659 5708 1778 5758 erat

147 5811 392 5861 numerus
416 5801 628 5880 populi
655 5794 995 5864 Christiani,
1021 5799 1232 5852 etcum
1264 5794 1362 5850 Dei
1397 5794 1606 5850 auxilio
1641 5794 1776 5856 lice-

148 5888 217 5954 bat
237 5899 477 5962 residere
514 5896 830 5976 quietum,
871 5904 1001 5944 cum
1039 5887 1273 5962 apostoli
1314 5887 1570 5946 dicebant
1599 5903 1612 5945 :
1653 5891 1779 5946 Ecce

1879 5252 1910 5292 e
1945 5236 2224 5292 contrario
2273 5239 2390 5290 tam
2425 5234 2675 5290 funestos
2717 5238 2774 5290 et
2812 5234 3094 5290 luctuosos
3132 5239 3262 5290 ante
3304 5235 3490 5290 oculos

1874 5328 2144 5384 habentes
2171 5329 2306 5400 dies,
2335 5328 2536 5384 ﬂenter
2563 5327 2800 5383 dicimus
2832 5345 2846 5384 :
2880 5329 3016 5384 Ecce
3044 5327 3162 5384 dies
3185 5327 3492 5384 tribulatio-

1874 5421 1962 5478 nis
1989 5426 2045 5477 et
2069 5421 2400 5494 perditionis
2433 5425 2638 5477 nostrae
2674 5419 2998 5477 adveniunt.
3033 5421 3127 5477 Vw
3161 5420 3320 5476 nobis
3357 5420 3488 5492 quia

1872 5515 2244 5586 peccavimus.
2275 5515 2332 5571 Si
2355 5531 2457 5570 nos
2482 5515 2604 5570 istae
2642 5513 3048 5571 conteruissent
3087 5513 3488 5568 amaritudines

1875 5607 2341 5678 ettribulationes,
2371 5613 2427 5665 et
2447 5609 2666 5680 corpori
2677 5607 3058 5664 exhibuissent
3079 5605 3484 5670 inﬁrmitatem,

1873 5717 1977 5774 per
1999 5701 2368 5774 nosmetipsos
2392 5706 2586 5758 vestrae
2611 5700 2908 5757 debuimus
2944 5715 3235 5755 occurrere
3269 5696 3483 5770 pietati.

1873 5794 2012 5862 Quia
2039 5795 2084 5850 si
2111 5795 2193 5850 fas
2219 5796 2330 5852 dici
2355 5801 2436 5852 est
2464 5794 2820 5868 singulariter
2845 5797 2900 5850 et
2924 5791 3095 5848 vestri
3133 5789 3484 5846 dilectionem

1873 5887 1934 5944 in
1959 5893 2150 5947 nostro
2176 5892 2460 5963 gestamus
2486 5892 2727 5963 pectore,
2757 5892 2811 5944 et
2839 5885 3000 5942 unice
3031 5885 3100 5939 de
3126 5887 3305 5938 vestra
3335 5897 3482 5954 prae-
