3968 6426
517 413 582 464 79
2114 403 2284 459 VITA.
3794 405 3852 457 80

516 517 691 572 sentia
717 513 992 588 spirituali
1038 487 1315 569 desiderio
1341 514 1612 584 sitientes,
1643 513 1785 568 sicut
1819 512 2058 568 cultores
2085 517 2140 566 et
2162 525 2220 596 Α
2240 512 2555 581 sustinebit,
2588 527 2757 583 quam
2788 527 2903 565 suae
2931 509 3250 581 cupiditatis
3284 508 3657 564 consuluisset
3689 509 3850 563 avidi-

515 610 822 682 peculiares
860 607 961 662 ﬁlii
986 607 1102 677 Dei,
1141 607 1584 662 ambientissime
1619 624 1712 662 vos
1745 607 1930 661 vivere
1969 610 2136 676 atque

513 703 784 774 proﬁcere
819 701 879 755 in
917 700 1182 755 omnibus
1218 701 1310 772 pie
1351 706 1628 772 optamus.
1669 701 1775 755 Sed
1816 700 2138 771 quicunque

513 795 803 849 hominem
824 793 883 848 in
900 793 1088 847 anima
1104 793 1308 864 diligit,
1336 793 1381 847 si
1405 794 1592 848 minus
1617 793 1790 847 oculis
1824 791 2139 846 carnalibus

513 905 644 942 eum
679 888 828 941 valet
875 886 1105 952 intueri,
1149 902 1276 956 quae
1318 886 1388 940 ad
1417 885 1620 939 animae
1659 889 1715 939 et
1757 883 2004 956 corporis
2048 882 2137 936 vel

511 979 945 1053 prosperitatem
964 978 1251 1050 pertinent
1269 983 1324 1032 et
1349 979 1608 1047 salutem,
1631 977 1970 1032 omnimodis
1995 977 2140 1030 litte-

512 1073 661 1128 rario
687 1071 868 1126 ofﬁcio
897 1071 1120 1126 reticeri
1146 1087 1260 1124 non
1277 1070 1462 1125 debet.
1483 1071 1648 1142 Vulgi
1676 1070 1845 1126 verba
1870 1065 2139 1125 iterantes

513 1182 642 1238 quas
668 1183 772 1220 nos
796 1166 1041 1220 maxime
1067 1167 1296 1232 terrent,
1326 1167 1524 1217 vestrae
1559 1164 1756 1235 pietati
1783 1163 1843 1217 in
1878 1163 2137 1217 notitiam

513 1259 872 1331 deponimus,
917 1275 1045 1330 quae
1089 1259 1168 1313 ita
1213 1258 1556 1327 disseminat,
1610 1255 2000 1327 eloquentium
2041 1271 2139 1308 ora

513 1353 906 1420 detrahuntur,
943 1351 1102 1422 quasi
1136 1356 1321 1406 vestro
1354 1355 1502 1418 voto,
1541 1349 1771 1404 consilio
1814 1353 1869 1403 et
1911 1347 2140 1418 instiga-

509 1447 663 1501 tionc
689 1444 958 1498 Dominus
985 1443 1418 1515 gloriosissimus
1449 1443 1760 1514 Sigibertus
1789 1458 1886 1496 rex
1912 1445 2030 1495 tam
2054 1457 2139 1494 ar-

513 1540 623 1594 due
651 1539 796 1592 hanc
816 1537 948 1591 velit
972 1537 1208 1608 perdere
1225 1536 1536 1607 regionem.
1563 1536 1680 1590 Non
1701 1539 1996 1606 propterea
2017 1534 2137 1587 hzec

513 1632 772 1700 dicimus,
812 1630 970 1700 quasi
1003 1647 1035 1683 a
1075 1630 1236 1684 nobis
1271 1629 1571 1683 credatur:
1607 1627 1702 1682 sed
1737 1628 2135 1698 supplicamus.

510 1729 578 1780 ut
600 1725 756 1778 nulla
789 1721 1002 1777 occasio
1037 1723 1320 1776 tribuatur
1362 1720 1602 1791 dicendi,
1639 1719 1792 1775 unde
1828 1719 1980 1773 vobis
2021 1722 2138 1772 tam

511 1817 824 1871 maximum
862 1817 918 1868 et
945 1815 1323 1885 periculosum
1359 1816 1662 1884 generetur
1700 1811 2135 1884 blasphemiam.

2237 607 2356 662 tati.
2400 607 2518 676 Ipse
2554 606 2735 660 Judex
2773 608 3018 658 aeternus
3056 619 3208 658 nunc
3247 603 3488 673 judicat,
3531 605 3852 672 perpetuam

2228 699 2587 771 judiciariam
2631 697 2876 768 possidet
2913 700 3250 767 potestatem
3283 712 3296 750 :
3325 713 3441 750 non
3481 695 3855 764 corrumpitur

2235 792 2506 864 prmmiis,
2535 797 2631 845 aut
2655 789 2851 860 aspicit
2877 790 2946 842 ad
2972 794 3099 843 vota
3125 789 3455 860 impiorum,
3486 789 3582 842 sed
3609 787 3850 841 conside-

2237 891 2323 939 rat
2341 884 2708 956 cogitationes
2732 882 3008 948 cordium,
3031 886 3088 936 et
3112 881 3311 936 reddet
3338 880 3648 951 unicuique
3675 896 3856 934 secun-

2237 978 2374 1032 dum
2397 993 2566 1048 opera
2597 993 2715 1030 sua.
2753 975 3052 1030 Inhonesta
3088 974 3318 1028 victoria
3352 979 3437 1028 est
3477 974 3711 1028 fratrem
3735 973 3853 1026 vin-

2237 1087 2382 1139 cere,
2412 1069 2742 1124 domesticas
2771 1069 2965 1122 domos
2990 1067 3291 1122 humiliare
3319 1071 3376 1121 et
3399 1067 3802 1138 possessionem
3828 1083 3857 1119 a

2236 1163 2564 1235 parentibus
2589 1165 2968 1216 constructam
3001 1165 3272 1214 evertere.
3299 1161 3508 1214 Contra
3534 1159 3855 1229 semetipsos

2235 1260 2494 1327 pugnant
2527 1271 2799 1326 suamque
2833 1254 3158 1308 felicitatem
3203 1253 3586 1307 exterminant
3616 1268 3630 1305 :
3659 1251 3727 1306 de
3765 1266 3859 1304 sua

2235 1349 2548 1420 perditione
2591 1348 2798 1419 gaudet
2829 1347 3144 1401 accelerans
3181 1345 3464 1400 inimicus.
3501 1346 3622 1408 Qua
3657 1343 3762 1398 ﬁde
3808 1348 3860 1396 et

2237 1458 2305 1496 ex
2332 1442 2542 1508 animo,
2569 1457 2680 1512 qua
2709 1441 3004 1494 devotione
3040 1441 3160 1493 base
3199 1439 3499 1492 scribimus
3525 1439 3639 1490 Deo
3664 1435 3859 1490 sufﬁcit

2237 1551 2417 1604 nosse,
2449 1539 2513 1588 ut
2535 1533 2689 1587 vobis
2721 1533 2866 1586 bona
2904 1532 3093 1586 futura
3125 1531 3476 1602 prmparetis,
3507 1535 3566 1584 et
3596 1546 3698 1583 nos
3737 1545 3857 1583 cum

2237 1629 2348 1681 Deo
2373 1627 2652 1681 absolutos
2678 1643 2797 1680 esse
2817 1625 2902 1680 vel
2926 1625 3224 1696 paululum
3250 1624 3576 1681 sentiamus.
3603 1622 3708 1677 Sed
3735 1622 3860 1693 quia

2237 1721 2616 1776 sacerdotibus
2642 1724 2993 1790 praeceptum
3023 1723 3108 1772 est
3148 1734 3162 1772 :
3199 1721 3266 1772 Ut
3291 1718 3420 1772 tuba
3460 1717 3650 1772 emalta
3695 1730 3859 1770 vocem

2238 1817 2388 1868 tuam
2417 1818 2468 1868 et
2493 1815 2760 1867 annuntia
2775 1813 2974 1882 populo
2998 1827 3110 1866 meo
3130 1826 3290 1881 opera
3311 1826 3526 1876 eorum;
3551 1825 3708 1880 ergo,
3726 1807 3856 1878 piis-

510 1910 664 1964 Licet
691 1909 810 1962 hinc
836 1907 991 1978 regio
1009 1907 1129 1977 jam
1157 1907 1400 1961 caruisse
1426 1906 1772 1971 felicitatem,
1796 1909 1852 1960 et
1873 1905 2139 1976 perditio-
2158 1891 2214 1962 Β
2237 1907 2381 1960 sima
2410 1907 2656 1975 domina,
2686 1905 2984 1975 intelligite
3010 1905 3345 1976 mysterium
3371 1908 3428 1958 et
3459 1911 3650 1958 cavete
3676 1917 3858 1956 exem-

512 2003 602 2057 nis
625 2005 832 2056 nostrae
863 2000 1260 2054 concludamus
1297 1999 1606 2054 terminum
1637 2016 1650 2052 :
1683 1998 1780 2053 sed
1813 1998 1882 2052 de
1925 1997 2141 2052 miseri-

515 2095 701 2150 cordia
727 2109 844 2148 non
869 2092 1304 2163 desperabamus
1327 2091 1533 2158 divina,
1562 2091 1746 2146 adhuc
1769 2090 2000 2146 ultionis
2025 2107 2141 2144 sus-

513 2187 798 2259 pendendi
850 2202 1105 2254 manum,
1155 2185 1294 2239 dum
1346 2183 1752 2239 emendationis
1815 2187 2142 2255 expectatur

513 2279 852 2347 remedium,
873 2279 920 2332 si
938 2295 1053 2332 non
1071 2277 1458 2332 dominaretur
1473 2277 1730 2346 intentio,
1754 2293 1881 2347 quae
1897 2281 2140 2330 mortem

513 2374 809 2442 operatur;
833 2370 1109 2442 cupiditas
1127 2385 1254 2440 qum
1272 2369 1431 2424 radix
1449 2374 1530 2424 est
1549 2369 1805 2424 omnium
1825 2369 2102 2423 malorum
2119 2385 2135 2437 ;

512 2465 803 2519 iracundia
840 2479 968 2534 qua:
1013 2479 1240 2517 sensum
1283 2463 1467 2516 aufert
1511 2462 1849 2533 prudentiae.
1892 2462 2141 2517 Salvator

511 2562 706 2612 noster
733 2556 1084 2628 perspiciens
1111 2572 1228 2610 suae
1254 2555 1530 2626 passionis
1565 2555 1865 2609 imminere
1892 2559 2136 2625 tempus,

511 2651 655 2705 dixit
685 2669 698 2704 ε
736 2653 829 2706 Vw
857 2651 1060 2704 homini
1091 2665 1189 2719 per
1227 2665 1382 2718 quem
1419 2648 1736 2703 scandalum
1773 2651 1938 2702 venit.
1980 2647 2139 2711 Quod

511 2760 607 2799 ore
630 2742 860 2814 proprio
888 2742 1196 2796 detestatus
1213 2745 1318 2810 est,
1340 2741 1575 2812 impune
1587 2757 1702 2795 non
1721 2757 1882 2811 posse
1908 2755 2138 2795 manere

511 2835 816 2904 credimus,
873 2833 1135 2888 omnibus
1186 2835 1493 2888 clamamus
1543 2850 1738 2888 omnes
1783 2833 2138 2888 conscientia:

512 2946 630 2983 suae
660 2927 1026 2999 cogitationes
1065 2931 1121 2981 et
1158 2927 1404 2981 actiones
1442 2926 1797 2980 considerent
1831 2931 1887 2982 et
1911 2930 2139 2981 caveant

509 3039 582 3077 ne
609 3038 739 3076 cum
777 3021 921 3076 Iuda
955 3020 1240 3092 proditore
1281 3020 1453 3090 hujus
1494 3019 1974 3074 condemnationis
2015 3037 2135 3074 sor-

511 3115 728 3168 tiantur
745 3113 1048 3185 judicium.
1072 3114 1183 3168 Deo
1203 3113 1410 3168 sufﬁcit
1433 3129 1614 3183 nosse,
1639 3113 1902 3184 optabam
1919 3118 2016 3168 aut
2034 3129 2136 3184 pro

508 3207 646 3279 ipsis
671 3207 836 3277 mori,
869 3212 936 3262 ut
958 3207 1039 3262 illi
1064 3207 1316 3261 viverent
1337 3209 1436 3261 aut
1459 3211 1588 3262 ante
1616 3224 1813 3262 eorum
1839 3206 2135 3263 interitum

509 3317 848 3373 quocunque
873 3317 1002 3354 casu
1029 3301 1202 3354 vitam
1228 3299 1411 3368 ﬁnire,
1438 3304 1503 3354 ut
1525 3317 1627 3354 nec
1661 3316 1878 3370 eorum,
1911 3317 2014 3356 nec
2042 3316 2134 3354 re-

514 3395 696 3466 gionis
745 3410 1106 3450 cerneremus
1147 3393 1462 3448 interitum.
1510 3393 1616 3448 Sed
1657 3395 1800 3448 alter
1846 3394 1916 3448 ab
1960 3394 2137 3447 altero

513 3488 870 3544 excusatione
913 3487 1109 3556 utitur,
1149 3491 1205 3541 et
1246 3487 1436 3540 nullus
1477 3502 1547 3540 ex
1595 3486 1729 3557 ipsis
1769 3491 1902 3541 ante
1947 3487 2138 3541 oculos

513 3583 610 3636 Dei
631 3581 790 3653 ponit
810 3579 1125 3652 judicium;
1150 3597 1335 3652 neque
1359 3579 1573 3652 aliquid
1595 3579 1692 3635 Dei
1712 3583 1958 3634 reservat
1981 3585 2138 3652 pote-

509 3675 637 3731 stati
655 3675 1049 3746 judicandum,
1069 3689 1172 3728 nec
1193 3675 1424 3729 credent
1441 3691 1499 3729 se
1520 3675 1641 3745 jam
1671 3674 1774 3728 sub
1793 3673 1889 3728 Dei
1914 3674 2134 3753 notitia.

507 3769 648 3834 Quia
674 3785 707 3823 a
739 3769 896 3824 nullo
929 3767 1113 3822 audiri
1148 3784 1458 3836 meremur,
1489 3767 1645 3822 vobis
1683 3771 1739 3822 et
1764 3767 1889 3822 ideo
1917 3767 2133 3838 suppli-

509 3878 702 3918 camus
732 3877 745 3915 :
777 3861 909 3932 quia
935 3861 982 3914 si
1008 3860 1093 3914 illi
1117 3877 1362 3931 regnum
1387 3860 1756 3932 perdiderint,
1779 3877 1882 3915 nec
1909 3877 2005 3915 vos
2034 3877 2137 3915 nec

507 3955 613 4010 ﬁlii
636 3953 806 4008 vestri
833 3941 1107 4023 magnum
1132 3952 1485 4023 possidebitis
1511 3951 1890 4024 triumphum.
1923 3953 2006 4007 Ad
2031 3953 2136 4007 hoc

509 4065 606 4102 vos
633 4047 755 4102 haec
781 4045 939 4118 regio
975 4045 1281 4116 suscepisse
1323 4045 1656 4116 gratuletur,
1685 4049 1749 4099 ut
1786 4062 1890 4117 per
1923 4063 2018 4100 vos
2047 4063 2134 4100 sa-

511 4143 688 4196 lutem
716 4156 833 4194 non
855 4139 1146 4192 interitum
1173 4137 1463 4209 percipere
1490 4135 1765 4194 videatur.
1798 4141 1859 4194 ln
1889 4141 1995 4196 hoc
2031 4159 2134 4214 po-

510 4234 632 4308 puli
675 4231 1024 4304 restinguitis
1049 4232 1219 4287 verba
1263 4232 1309 4286 si
1341 4232 1610 4304 mitigatis
1649 4233 1922 4304 furorem,
1951 4237 1997 4290 si
2041 4237 2136 4291 Dei

512 4328 692 4384 facitis
727 4329 1048 4398 exspectare
1081 4325 1384 4396 judicium.
1428 4327 1488 4380 In
1524 4326 1754 4381 veritate
1790 4344 2053 4400 suggero,
2091 4331 2137 4385 si

511 4438 700 4477 meam
716 4419 990 4474 humilem
1008 4436 1122 4473 non
1142 4401 1422 4490 despicitis
1441 4419 1928 4490 supplicationem,
1952 4424 2137 4478 adhuc

512 4517 842 4572 devotorum
889 4517 1204 4568 vestrorum
1245 4511 1558 4584 gaudemus
1597 4515 1968 4585 plenitudine.
1999 4519 2134 4572 Pro-

2238 1999 2418 2070 plum.
2435 2001 2496 2053 In
2521 1998 2799 2070 principio
2825 1998 3044 2052 duobus
3063 1997 3334 2052 fratribus
3440 2000 3562 2052 erat
3588 1995 3855 2050 mundus:

2238 2107 2386 2146 unus
2411 2109 2479 2146 ex
2509 2092 2644 2163 ipsis
2667 2093 2801 2146 Cain
2828 2090 3201 2145 fratricidium
3230 2090 3578 2162 perpetravit
3603 2094 3660 2144 et
3690 2103 3860 2158 usque

2239 2185 2560 2256 septuplum
2573 2184 2887 2256 punitionis
2903 2184 3239 2238 sententiam
3261 2183 3526 2254 suscepit.
3545 2182 3750 2253 Joseph
3762 2182 3862 2236 fra-

2238 2282 2351 2332 tres
2378 2278 2463 2332 sui
2492 2294 2595 2349 per
2613 2277 2883 2332 invidiam
2899 2277 3296 2346 vendiderunt,
3318 2281 3374 2330 et
3392 2281 3588 2347 postea
3618 2274 3862 2330 servituti

2237 2370 2414 2440 ipsius
2442 2369 2725 2442 subjugati
2751 2375 2902 2425 sunt.
2931 2370 3059 2424 Saul
3085 2374 3339 2424 sanctum
3381 2369 3552 2424 David
3592 2385 3695 2440 per
3723 2367 3860 2422 invi-

2239 2463 2388 2517 diam
2417 2463 2703 2518 nitebatur
2725 2463 2997 2531 occidere,
3026 2463 3144 2534 ipse
3174 2467 3366 2533 postea
3391 2463 3450 2516 in
3476 2478 3609 2516 eum
3647 2460 3860 2517 miseri-

2238 2557 2485 2610 cordiam
2514 2557 2782 2612 exercuit.
2805 2557 3043 2610 Absalon
3071 2556 3302 2610 fratrem
3326 2555 3630 2624 interfecit,
3652 2561 3862 2626 patrem

2239 2664 2270 2702 e
2297 2666 2473 2720 regno
2501 2650 2673 2704 voluit
2708 2665 3016 2714 removere,
3047 2653 3104 2703 et
3131 2649 3354 2720 qualem
3395 2649 3647 2720 suscepit
3674 2647 3862 2702 interi-

2237 2747 2359 2798 tum
2371 2741 3445 2813 nullihabeturincognitumPrazcipue
3457 2759 3689 2814 quoque
3700 2740 3864 2795 David

2236 2837 2515 2908 propheta
2539 2837 2760 2891 dicente
2789 2855 2801 2890 :
2837 2838 3100 2904 Quoniam
3124 2837 3222 2904 qui
3235 2837 3481 2904 nequiter
3505 2841 3683 2905 agunt
3705 2839 3867 2890 exter—

2236 2932 2618 2996 minabuntur;
2646 2933 2742 3000 qui
2764 2946 2887 2984 vero
2914 2934 3222 3000 exspectant
3241 2931 3544 2996 Dominum,
3576 2932 3689 3001 ipsi
3713 2930 3868 2983 hare-

2236 3025 2490 3078 ditabunt
2515 3029 2734 3078 terram.
2765 3023 3062 3094 Apostolus
3090 3022 3293 3076 clamat
3321 3040 3335 3076 :
3368 3024 3476 3090 Qui
3497 3023 3615 3077 odit
3641 3026 3867 3091 fratrem

2233 3133 2409 3182 suum,
2445 3118 2713 3172 homicida
2741 3121 2837 3179 est,
2873 3121 2923 3171 et
2956 3119 3014 3170 in
3055 3116 3282 3171 tenebris
3314 3116 3584 3180 ambulat,
3626 3121 3678 3171 et
3711 3119 3867 3171 nescit

2157 3251 2210 3325 C
2237 3228 2339 3282 quo
2350 3212 2540 3266 vadat.
2559 3210 2807 3269 Salvator
2831 3208 3128 3264 denuntiat
3147 3226 3160 3262 :
3179 3211 3338 3264 Beati
3351 3213 3592 3280 paciﬁci,
3618 3213 3867 3280 quoniam

2233 3307 2340 3375 ﬁlii
2369 3307 2470 3360 Dei
2511 3305 2860 3358 vocabuntur.
2905 3305 3094 3358 Pacem
3130 3318 3303 3357 meam
3343 3303 3412 3357 do
3463 3304 3638 3368 vobis,
3689 3317 3867 3374 pacem

2236 3414 2409 3452 meam
2434 3398 2676 3466 relinquo
2700 3397 2865 3450 vobis.
2895 3395 2997 3450 Ubi
3025 3399 3109 3450 est
3135 3413 3247 3466 pax
3277 3400 3333 3450 et
3357 3395 3628 3466 charitas,
3662 3397 3867 3452 ibidem

2237 3495 2319 3546 est
2359 3491 2456 3545 Dei
2493 3491 2691 3561 pietas.
2720 3489 2985 3560 Legimus
3009 3506 3112 3561 per
3137 3489 3339 3544 Esther
3367 3490 3632 3562 reginam
3662 3489 3868 3562 populo

2235 3584 2402 3638 fuisse
2437 3598 2755 3638 concessam
2795 3582 3050 3637 salutem.
3086 3583 3145 3636 In
3184 3583 3286 3636 hac
3325 3587 3484 3654 parte
3527 3589 3587 3638 et
3630 3588 3870 3640 vestram

2235 3677 2510 3732 ostendite
2544 3676 2926 3748 prudentiam,
2976 3680 3030 3730 et
3068 3675 3195 3731 ﬁdei
3239 3681 3438 3730 vestra:
3476 3677 3869 3733 salubritatem

2235 3777 2402 3842 atque
2430 3770 2854 3843 perfectionem,
2883 3773 2947 3823 ut
2969 3773 3025 3824 et
3051 3769 3349 3824 dominum
3373 3786 3574 3841 regem
3605 3789 3638 3825 a
3670 3771 3769 3826 Dei
3792 3787 3871 3825 re-

2233 3865 2438 3920 vocetis
2473 3863 2682 3918 offensa
2709 3868 2762 3918 et
2788 3862 3065 3934 populum
3099 3879 3131 3917 a
3169 3867 3330 3936 parte
3360 3879 3461 3917 sua
3486 3863 3680 3920 vivere
3712 3865 3871 3918 liceat

2235 3957 2490 4030 quietum
2527 3959 2703 4012 donec
2733 3956 2910 4012 Judex
2949 3961 3194 4011 aeternus
3221 3962 3552 4013 consuetam
3593 3959 3873 4014 discernat

2227 4051 2528 4122 justitiam.
2545 4050 2684 4116 Quia
2701 4050 3116 4106 evidentissime
3137 4050 3402 4106 omnibus
3418 4057 3596 4124 patet,
3626 4053 3728 4124 qui
3749 4052 3871 4106 cha-

2235 4145 2460 4199 ritatem
2508 4144 2816 4199 fraternam
2867 4145 3156 4215 postponit
3202 4145 3441 4217 despicit
3497 4145 3869 4211 consortium,

2235 4255 2350 4293 non
2363 4237 2666 4309 acquiescit
2680 4236 2922 4292 veritati.
2939 4238 3145 4292 Omnes
3161 4240 3456 4310 propheta
3471 4245 3675 4295 contra
3687 4239 3871 4311 ipsum

2235 4331 2364 4403 loqu
2373 4336 2564 4401 untur,
2587 4347 2783 4386 omnes
2801 4331 3035 4402 apostoli
3053 4331 3240 4402 ipsum
3260 4332 3636 4404 detestantur,
3657 4338 3716 4388 et
3731 4332 3874 4386 Deus

2236 4425 2592 4496 omnipotens
2617 4424 2735 4496 ipse
2760 4425 2911 4496 quod
2939 4425 3227 4480 constituit
3245 4426 3544 4496 judicabit.
3575 4426 3874 4482 Praemissa

2236 4519 2565 4574 salutatione
2604 4518 2871 4588 obsequia
2905 4518 3309 4590 supplicamus,
3347 4525 3414 4574 ut
3447 4519 3696 4576 latorem
3737 4534 3876 4592 pra:-

512 4614 706 4683 pterea
730 4609 851 4663 hinc
872 4607 1067 4663 dolens
1093 4607 1293 4676 scribo,
1319 4607 1450 4678 quia
1474 4607 1634 4662 video
1664 4609 1907 4680 qualiter
1929 4611 2133 4682 praéci-
2153 4623 2214 4697 D
2237 4613 2501 4682 sentium,
2529 4629 2753 4666 servum
2782 4618 3030 4667 vestrum
3052 4612 3479 4684 Gundulphum,
3510 4612 3875 4668 commenda-

511 4705 770 4777 pitantur
797 4705 853 4755 et
881 4716 1042 4770 reges
1082 4704 1139 4754 et
1175 4700 1390 4772 populi,
1429 4706 1491 4756 ut
1518 4703 1615 4756 Dei
1639 4703 1929 4758 incurrant
1956 4705 2134 4760 offen-

512 4814 654 4853 sam.
687 4797 767 4850 lta
791 4795 1034 4866 legimus
1067 4813 1080 4848 :
1121 4796 1429 4864 Quicunque
1460 4797 1518 4850 in
1548 4796 1756 4850 brachii
1790 4799 1879 4852 sui
1907 4799 2136 4865 fortitu-

509 4893 638 4948 dine
671 4891 931 4960 speravit,
959 4892 1120 4942 antea
1144 4889 1502 4955 confusionem
1527 4905 1691 4958 quam
1714 4893 1996 4946 victoriam
2017 4908 2140 4963 pro-

509 4986 726 5041 meruit.
773 4982 1106 5053 Quicunque
1139 4980 1481 5036 adminiculo
1513 4982 1696 5054 gentis
1736 4983 1843 5037 sibi
1880 4985 2138 5056 adjuvari

511 5094 675 5152 posse
695 5075 942 5142 conﬁdit,
961 5080 1124 5130 antea
1144 5074 1460 5147 periculum
1483 5076 1682 5130 mortis
1701 5093 1875 5148 quam
1899 5080 2140 5136 salutem

511 5170 846 5245 promeruit.
863 5169 1195 5242 Quicunque
1213 5172 1446 5242 propter
1460 5169 1681 5242 copiam
1696 5170 1821 5226 auri
1837 5175 1894 5226 et
1916 5173 2142 5246 argenti

515 5266 766 5332 elevatur
780 5263 840 5320 in
853 5263 1197 5340 superbiam,
1213 5267 1380 5320 antea
1394 5263 1751 5321 desolationis
1770 5266 2137 5340 opprobrium

2236 4711 2359 4761 tum
2387 4705 2656 4772 habeatis,
2675 4711 2731 4760 et
2757 4723 2886 4779 quae
2911 4725 3015 4780 per
3042 4709 3308 4764 eumdem
3331 4707 3502 4764 verbo
3532 4707 3878 4763 mandamus

2237 4799 2446 4870 absque
2481 4799 2832 4857 haesitatione
2870 4803 3162 4858 credentes
3205 4801 3510 4873 recipiatis,
3545 4807 3605 4856 et
3634 4800 3877 4872 implere

2237 4910 2352 4948 non
2379 4892 2696 4964 despiciatis
2733 4898 2790 4950 et
2833 4895 3152 4965 elaboretis,
3192 4895 3437 4967 qualiter
3471 4895 3542 4951 de
3568 4899 3767 4951 vestra
3792 4909 3876 4948 sa-

2238 4989 2356 5044 lute
2386 4987 2549 5042 nobis
2594 4988 2797 5059 gaudia
2825 4989 3172 5060 praeparetis.
3209 4989 3353 5044 lllud
3387 4989 3645 5062 petimus
3674 4992 3743 5044 ut
3780 5001 3881 5060 per

2237 5086 2437 5136 vestrae
2487 5082 2709 5152 pietatis
2758 5083 3095 5156 rescriptum
3135 5099 3206 5139 ex
3254 5083 3520 5140 omnibus
3565 5078 3884 5158 jucundari

2239 5191 2579 5232 mereamur.
