3968 6422
1199 587 2435 786 ΡΜνιιΕίῖέιυΜ

576 861 1099 996 ΜθΝᾹδΤΕΒΙΙ
1182 862 1470 996 SANGTI
1555 863 1783 992 GERM

1864 865 1961 1003 tl.
2036 867 2540 1000 PARISIENSIS
2627 871 3026 1011 EPISCOPI.

185 1111 304 1157 ειγε
371 1109 626 1160 CHARTA
667 1103 694 1134 ⁸
757 1110 885 1169 ΩΠΔ
950 1109 1312 1167 GERMANUS,
1375 1111 1750 1157 PARISIENSIS
1822 1113 2176 1172 EPISCOPUS,
2243 1117 2662 1164 IMMUNITATES
2731 1119 3025 1164 CONCEDI’I‘
3091 1119 3427 1166 PARISIENSI

1019 1191 1311 1238 BASILICE
1354 1191 1602 1236 SANCTJZ
1643 1192 1850 1238 CRUCIS
1893 1194 1970 1236 ET
2013 1195 2228 1240 SANCTI
2267 1197 2596 1242 VINCENTII.

242 1315 326 1382 (Ex
340 1314 648 1386 Brequigny
669 1329 836 1385 opere
853 1316 938 1370 cui
954 1315 1131 1370 titulus
1148 1331 1161 1371 :
1178 1315 1487 1386 Diplomata,
1503 1316 1712 1378 chartte,
1728 1315 1958 1382 epistolis
1977 1321 2027 1369 et
2044 1318 2142 1373 alia
2162 1323 2496 1377 monumenta
2513 1321 2578 1376 ad
2596 1335 2681 1378 res
2699 1323 2995 1380 Franciscas
3005 1323 3362 1392 pertinentia.)

203 1581 254 1634 21
280 1581 418 1649 Aug.
442 1582 570 1634 566.
588 1609 665 1620 —
685 1580 944 1636 Dominis
963 1581 1093 1636 viris
1116 1581 1450 1653 apostolicis,
1475 1580 1678 1636 sanctis
1703 1584 1759 1635 et
1779 1592 1836 1664 Α
1855 1582 2182 1651 recordatio,
2211 1585 2267 1638 et
2293 1584 2364 1638 ob
2395 1600 2644 1640 amorem
2676 1585 2821 1642 illius
2858 1585 3060 1641 terruit
3095 1602 3187 1642 me
3215 1589 3367 1642 tanta
3392 1605 3472 1642 se-

147 1669 193 1725 in
205 1671 407 1726 Christo
425 1672 729 1743 fratribus,
746 1673 1013 1728 omnibus
1029 1674 1302 1748 episcOpis
1321 1674 1588 1728 Parisiace
1608 1673 1760 1729 urbis

145 1779 252 1817 cum
291 1765 468 1835 gratia
494 1765 598 1820 Dei
637 1766 872 1834 futuris,
903 1770 960 1821 et
985 1767 1176 1822 celesti
1204 1767 1514 1821 visitatione
1551 1766 1755 1836 ditatis,

147 1855 427 1911 Germanus
456 1861 752 1928 peccator.
785 1859 1060 1914 Omnibus
1086 1876 1200 1915 non
1231 1859 1473 1914 habetur
1515 1859 1761 1930 incogni-

145 1952 264 2014 tum,
286 1949 459 2019 qualis
481 1967 548 2004 ac
579 1955 838 2022 quantus
865 1952 1011 2005 circa
1039 1952 1376 2006 monasteria
1403 1954 1459 2006 et
1485 1951 1757 2020 ecclesias,

144 2043 221 2094 aut
254 2056 376 2112 erga
407 2042 590 2096 Deum
623 2043 956 2097 timentium
975 2043 1226 2098 virorum
1245 2043 1410 2098 fuerit
1434 2043 1622 2098 inclite
1647 2059 1761 2098 me-

146 2133 295 2187 morie
323 2133 770 2204 gloriosissimus
792 2135 1184 2190 Childebertus
1209 2153 1328 2205 rex,
1355 2136 1513 2206 cujus
1540 2152 1762 2190 summa

143 2224 486 2280 benivolentia
502 2227 931 2298 multiszlargita
947 2232 1030 2282 est
1049 2228 1270 2299 copiosa
1282 2227 1570 2295 beneﬁcia,
1589 2231 1644 2282 et
1662 2227 1761 2282 im-

144 2318 374 2372 munitati
391 2322 586 2373 nostra
608 2320 983 2375 stabilitatem
1001 2323 1351 2392 perpetuam.
1376 2321 1592 2376 Scilicet
1615 2320 1762 2391 cogi-

146 2413 247 2464 tans
279 2411 422 2482 quia,
465 2412 566 2482 qui
607 2411 719 2466 ista
761 2413 1093 2484 temporalia
1136 2416 1444 2468 reservaret
1476 2413 1757 2480 metenda,

146 2502 230 2555 sibi
244 2503 410 2556 multo
429 2504 664 2574 majora
677 2520 710 2558 a
726 2505 839 2558 Deo
855 2503 932 2558 illi
945 2504 1406 2574 attribuerentur,
1421 2505 1466 2558 si
1485 2505 1554 2559 ob
1570 2504 1616 2574 ej
1627 2521 1710 2559 us.
1721 2545 1733 2559 .
1745 2545 1758 2559 .

149 2596 232 2661 {Sic
251 2596 390 2665 apud
415 2596 798 2666 Bulliardum)
818 2595 1077 2652 ecclesias
1097 2602 1153 2652 et
1175 2597 1384 2668 templa
1402 2598 1682 2666 fundaret,
1707 2598 1764 2651 et

146 2689 401 2754 egentium
439 2688 706 2759 inOpiam
733 2691 1094 2758 sustentaret,
1117 2693 1174 2744 et
1209 2705 1314 2760 pro
1345 2690 1566 2760 magnis
1593 2705 1763 2760 parva

145 2777 357 2849 offerret,
397 2783 569 2851 atque
618 2797 731 2851 pro
781 2780 1021 2836 terrenis
1067 2780 1289 2835 celestia
1340 2781 1758 2852 adipisceretur.

146 2871 276 2924 Unde
294 2875 347 2924 et
370 2873 534 2926 nobis
559 2873 638 2926 ob
670 2871 980 2942 sepultura:
1006 2889 1121 2926 suae
1143 2871 1410 2926 meritum
1439 2873 1625 2943 aliqua
1649 2888 1682 2926 a
1704 2887 1761 2926 se

146 2962 466 3018 considerare
502 2941 811 3018 mandavit
857 2967 916 3018 et
959 2964 1304 3018 considerata
1347 2941 1550 3019 cessit.“
1572 2941 1836 3036 ItaqueB

146 3054 338 3108 inclitus
377 3056 479 3110 iste
524 3057 804 3126 princeps
839 3055 1082 3109 Parisius
1120 3055 1408 3109 basilicam
1452 3055 1510 3109 in
1549 3056 1762 3111 honore

144 3150 319 3200 sancta:
360 3147 542 3202 crucis
591 3151 656 3202 et
709 3148 906 3202 domni
951 3148 1226 3202 Vincentii
1278 3149 1366 3204 vel
1418 3149 1762 3220 reliquorum

143 3242 430 3294 sanctorum
469 3241 530 3295 in
579 3257 770 3294 unum
811 3241 1138 3294 membrum
1182 3241 1512 3308 construxit,
1557 3245 1614 3296 et
1656 3241 1762 3295 sibi

145 3331 462 3401 sepulturam
493 3333 644 3388 inibi
676 3332 988 3402 collocavit,
1020 3349 1083 3387 ac
1107 3333 1382 3404 largitatis
1406 3349 1521 3388 suae
1546 3333 1763 3404 copiam

143 3440 228 3493 per
249 3427 564 3481 testamenti
586 3425 682 3480 sui
709 3424 984 3496 paginam
1009 3425 1174 3479 nobis
1198 3426 1404 3480 habere
1429 3426 1688 3494 decrevit,
1709 3429 1765 3480 et

143 3515 358 3572 habendi
397 3519 682 3574 meritum
727 3518 854 3572 loco
892 3517 1033 3572 tanti
1075 3517 1287 3572 ordinis
1321 3517 1628 3572 constituit.
1657 3518 1764 3574 Sed

146 3607 258 3664 dum
273 3612 477 3682 pagina
495 3609 837 3668 testamenti
857 3609 943 3664 sui
960 3613 1016 3664 et
1035 3610 1218 3665 cordis
1235 3610 1372 3665 ﬁdes
1389 3611 1492 3665 sub
1518 3611 1764 3666 humana

145 3699 417 3773 fragilitate
461 3701 867 3776 temporaliter
897 3702 1134 3774 vigeret,
1169 3705 1373 3773 agente
1409 3702 1468 3757 in
1501 3718 1764 3773 quorum-

145 3793 253 3848 dam
277 3796 596 3865 calliditate,
626 3811 707 3850 ne
735 3797 948 3849 aeterna
973 3794 1054 3850 illi
1084 3795 1429 3850 tribueretur
1452 3795 1760 3862 beatitudo,

147 3900 196 3937 ac
217 3888 474 3958 scriptum
503 3905 627 3942 non
660 3887 964 3941 sortiretur
989 3886 1271 3956 effectum,
1292 3885 1568 3958 simulque
1593 3886 1765 3940 abbas

147 3982 188 4030 et
213 3981 566 4052 congregatio
595 3981 877 4050 deputata
903 3995 1018 4033 non
1059 3979 1436 4050 perciperent,
1465 3995 1527 4035 ac
1557 3978 1762 4034 sterili-

148 4073 239 4125 tate
265 4073 430 4128 victus
466 4076 525 4128 et
562 4073 809 4130 vestitus
851 4071 1196 4144 deperirent,
1231 4071 1452 4128 monuit
1491 4087 1582 4126 me
1619 4071 1766 4126 illius

205 4260 606 4340 {Privilegium
635 4261 750 4340 hoc
791 4258 1168 4340 immunitatis
1197 4258 1414 4340 primus
1439 4259 1586 4340 typis
1613 4276 1767 4340 man-

149 4327 250 4382 dari
275 4327 482 4385 curavit
507 4331 780 4385 Breulius
806 4346 936 4382 cum
962 4330 1110 4382 notis
1139 4327 1272 4396 suis,
1305 4329 1362 4382 in
1389 4327 1634 4384 editione
1656 4331 1769 4384 His-

152 4401 285 4470 toria:
307 4399 549 4456 Aimoini
591 4402 864 4469 (Aimoim'
888 4402 1054 4462 Hist,
1078 4417 1137 4468 ρ.
1167 4401 1236 4454 ’74
1264 4415 1397 4468 seq.,
1429 4401 1559 4454 edit.
1594 4403 1767 4470 1603),

151 4467 198 4520 in
221 4487 375 4541 quam
407 4472 548 4526 illud
575 4467 844 4526 inseruit.
866 4467 1124 4541 codicem
1151 4467 1394 4541 Aimoini
1423 4467 1774 4541 manuscrin

157 4539 256 4611 tum
291 4558 396 4611 quo
437 4559 574 4596 usus
615 4543 726 4608 est,
764 4556 882 4611 nos
910 4539 1017 4610 ipsi
1057 4539 1300 4594 vidimus
1339 4540 1398 4594 in
1433 4539 1772 4595 bibliotheca

156 4610 366 4665 abbatis:
391 4613 574 4666 sancti
615 4610 889 4666 Germani
918 4626 952 4663 α
973 4611 1150 4664 Pratis
1179 4613 1234 4664 et
1257 4611 1460 4664 saeculo
1488 4627 1542 4664 χι
1569 4611 1769 4664 tribui-

158 4695 281 4752 mus.
305 4683 360 4736 In
380 4698 446 4736 eo
465 4683 530 4736 tit
560 4681 786 4736 mentio
804 4680 1074 4752 pracepti
1103 4681 1478 4734 immunitatis
1497 4679 1769 4752 apChilde-

157 4749 292 4804 berto
315 4753 584 4819 concessi,
611 4755 673 4805 at
699 4751 776 4804 ibi
806 4749 1210 4820 transcriptum
1239 4767 1354 4804 non
1389 4753 1492 4804 est.
1510 4750 1771 4804 Chartam

155 4821 334 4890 sapius
352 4839 612 4876 recusam
631 4839 668 4875 a
684 4821 934 4875 Gerardo
951 4821 1155 4874 Dubois
1177 4821 1334 4884 (Hist.
1349 4822 1548 4882 eccles.,
1568 4824 1770 4883 Paria,

157 4889 324 4964 ξὸέηιᾳ,
366 4909 486 4964 cap.
537 4894 614 4961 6),
649 4891 871 4946 Cointio
904 4891 1126 4960 (Annal.
1165 4893 1364 4954 eccles.,
1396 4896 1435 4945 ί.
1469 4893 1549 4964 _Il,
1571 4907 1632 4960 Ρ.
1662 4893 1770 4964 63),

157 4958 632 5032 Ρριῶἱδιιο”(Ηὶέε.
677 4964 882 5023 Paris.,
911 4958 951 5016 ε.
981 4964 1077 5022 ΙΙΙ,
1104 4977 1163 5030 p.
1209 4965 1312 5032 16),
1343 4964 1398 5032 et
1434 4958 1676 5032 aliisqui
1705 4958 1772 5015 de

156 5031 557 5102 antiquitatibus
585 5032 934 5086 Parisiorum
959 5032 1251 5101 scripsere,
1274 5030 1518 5102 vulgavit
1545 5030 1772 5085 tandem

159 5099 442 5166 Bulliardus
481 5105 652 5172 (Hist.
685 5104 742 5158 S.
786 5103 1042 5158 Germani
1073 5099 1116 5155 ὶι
1155 5103 1356 5156 Pratis.
1380 5099 1654 5172 ’probnp.
1697 5103 1770 5170 2),

159 5184 212 5245 cx
245 5171 518 5243 originali,
551 5177 618 5254 ut
645 5175 828 5240 vocat,
861 5172 1276 5252 depromptam,
1317 5173 1545 5224 exarato
1571 5171 1638 5251 in.
1659 5187 1776 5224 cor-

160 5240 264 5315 tice,
301 5246 354 5296 et
395 5243 550 5315 quod
586 5259 715 5315 ipse
757 5243 1013 5315 B_reu11us
1049 5242 1284 5296 Viderat.
1325 5242 1525 5315 Magna
1564 5241 1669 5315 fuit
1707 5241 1775 5296 de

159 5283 447 5385 sinceritatis
511 5283 694 5385 hujtus
763 5312 1005 5385 chart_&_
1037 5283 1459 5385 contl‘oveI‘SiQ:
1493 5312 1776 5385 Ρΐεξίδίὲἓέθ

160 5380 284 5434 inter
339 5384 387 5436 Ι.
423 5380 752 5437 Launoium
799 5385 857 5435 et
909 5382 1049 5436 Rob.
1095 5380 1564 5444 Quatermairium
1591 5382 1632 5436 ‘.
1668 5380 1774 5435 illic

160 5451 454 5508 notabimus
498 5471 514 5508 :
547 5451 964 5522 Mabillonium,
997 5451 1084 5505 cui
1117 5451 1249 5522 jura
1282 5451 1778 5522 Sangermanensis

162 5524 456 5578 monasterii
497 5523 660 5578 cordi
699 5537 818 5576 esse
855 5521 1191 5587 debuerunt,
1222 5537 1338 5576 non
1375 5521 1572 5575 ausum
1609 5522 1778 5576 fuisse

161 5591 378 5664 veritatis
401 5594 577 5664 hujus
603 5593 991 5664 instrumenti
1005 5608 1064 5647 se
1079 5595 1412 5664 assertorem
1427 5592 1777 5664 constituere

1786 4293 1841 4367 C

1857 1674 2060 1729 curitas
2102 1673 2376 1748 simulque
2399 1677 2620 1747 pietatis
2644 1681 2699 1732 et
2725 1678 2971 1734 caritatis
2995 1678 3255 1749 affectus;
3279 1679 3369 1734 ille
3395 1683 3472 1735 et-

1857 1766 2008 1822 enim
2034 1769 2161 1838 post
2180 1768 2374 1838 Deum,
2405 1769 2540 1824 dum
2565 1774 2895 1841 superesset,
2923 1771 3029 1824 fuit
3046 1774 3236 1827 nostra
3261 1771 3469 1828 immu-

1855 1858 2000 1912 nitas
2027 1861 2082 1912 et
2105 1859 2388 1926 securitas,
2410 1877 2519 1931 pax
2555 1865 2611 1915 et
2647 1863 2994 1932 recuperatio
3017 1879 3081 1918 ac
3109 1865 3472 1936 sequestratio

1859 1951 2040 2004 omnis
2073 1967 2106 2004 a
2144 1951 2288 2005 civili
2325 1952 2572 2022 negotio.
2612 1955 2718 2006 Nos
2752 1969 2882 2007 vero
2927 1955 2985 2008 in
3028 1955 3134 2010 hac
3178 1972 3240 2010 re
3281 1956 3473 2026 pietati

1859 2042 2006 2096 illius
2031 2043 2400 2112 consulentes,
2422 2048 2477 2099 et
2497 2048 2828 2099 caeterorum
2848 2047 3067 2116 Regum
3091 2047 3225 2102 velle
3241 2047 3476 2102 stabiliri

1859 2137 2139 2204 conantes,
2169 2135 2455 2190 caritatem
2494 2137 2759 2191 fraterna:
2798 2137 3108 2193 dilectionis
3141 2142 3338 2195 vestrae
3371 2156 3475 2194 no-

1858 2225 2074 2280 biscum
2119 2227 2374 2282 volumus
2420 2229 2766 2298 concordari,
2806 2229 3068 2302 quatinus
3115 2231 3264 2287 illius
3303 2232 3476 2287 sancti

1857 2317 1962 2372 loci
1991 2319 2173 2372 honor
2199 2319 2594 2374 celeberrimus
2623 2324 2678 2374 et
2718 2321 2991 2376 memoria
3011 2322 3131 2393 jam
3159 2323 3289 2377 dicti
3327 2324 3480 2394 prin-

1860 2410 1996 2481 cipis
2017 2411 2240 2481 gloriosi
2269 2411 2478 2466 eniteat
2495 2412 2691 2468 eodem
2717 2413 2775 2466 in
2801 2413 2920 2467 loco
2949 2415 3208 2468 omnibus
3227 2416 3346 2486 ejus
3375 2416 3478 2471 aevi

1859 2503 2224 2573 temporibus,
2253 2503 2565 2574 habeatque
2600 2505 2862 2559 abbatem
2895 2521 2961 2560 ex
2989 2507 3216 2584 propria
3239 2524 3474 2578 congre-

1861 2595 2082 2666 gatione
2118 2595 2238 2666 ipsa
2269 2595 2516 2662 ecclesia,
2544 2596 2639 2666 qui
2677 2597 2779 2650 sub
2819 2597 3218 2668 gubernatione
3252 2617 3474 2670 regum,

1857 2702 1962 2756 per
2001 2687 2372 2740 successiones
2414 2688 2675 2742 eumdem
2714 2689 2897 2742 locum
2937 2689 3254 2760 provideat;
3297 2684 3477 2763 sitque

1859 2777 2070 2833 alienus
2095 2779 2346 2848 pontifex
2375 2779 2557 2832 omnis
2576 2779 2910 2835 Parisiorum
2931 2781 3001 2834 ab
3027 2781 3223 2836 eodem
3247 2782 3388 2850 loco,
3417 2786 3480 2838 ut

1858 2887 1972 2925 non
1997 2870 2258 2941 deinceps
2285 2871 2528 2942 aliquam
2564 2874 2899 2942 potestatem
2935 2873 2994 2927 in
3021 2874 3280 2929 omnibus
3305 2875 3375 2929 ad
3401 2876 3480 2947 ip-

1859 2979 1983 3016 sum
2011 2963 2196 3016 locum
2213 2963 2623 3033 pertinentibus
2644 2965 2851 3020 habeat
2863 2983 2878 3034 ;
2903 2965 3180 3038 simulque
3199 2968 3478 3024 sancimus

1860 3057 1925 3108 ut
1959 3054 2146 3108 nullus
2186 3055 2667 3125 metrOpolitanus,
2717 3059 2815 3110 aut
2859 3057 3060 3128 aliquis
3095 3056 3478 3130 suifraganeus

1861 3145 1998 3216 ejus,
2036 3161 2198 3200 causa
2233 3146 2466 3216 alicujus
2503 3147 2866 3202 ordinationis
2903 3149 3032 3203 illuc
3074 3149 3292 3221 ingredi
3329 3168 3476 3221 prm-

1859 3241 2062 3308 sumat,
2098 3237 2203 3292 nisi
2237 3239 2588 3294 solummodo
2623 3240 2691 3293 ab
2727 3241 2926 3296 abbate
2969 3242 3220 3312 ejusdem
3256 3243 3360 3298 loci
3389 3261 3484 3298 vo-

1861 3333 2016 3385 catus
2039 3330 2254 3385 venerit
2279 3331 2348 3385 ad
2377 3331 2683 3386 sanctitatis
2713 3333 3029 3388 misterium
3059 3335 3477 3404 celebrandum,

1851 3426 1958 3476 'aut
1991 3423 2060 3476 ad
2097 3423 2349 3477 ecclesias
2387 3425 2805 3491 consecrandus,
2835 3429 2932 3479 aut
2965 3427 3034 3480 ad
3069 3427 3482 3482 benedictiones

1862 3515 2188 3569 clericorum
2222 3515 2307 3568 vel
2337 3517 2744 3570 monachorum
2772 3517 3170 3588 instituendas;
3199 3521 3347 3590 quod
3381 3521 3478 3575 de-

1861 3605 2043 3660 bitum
2063 3622 2298 3661 renuere
2323 3607 2638 3660 nullatenus
2663 3608 2849 3662 debet.
2870 3608 3146 3663 Caeterum
3165 3611 3426 3680 quicquid
3447 3627 3480 3666 a

1862 3698 1950 3753 die
1970 3697 2252 3768 praesenti,
2283 3700 2396 3751 tam
2423 3714 2454 3751 a
2483 3701 2736 3768 tempore
2766 3715 2915 3768 meo,
2939 3716 3108 3770 quam
3127 3704 3183 3754 et
3201 3717 3478 3756 successo-

1864 3806 1988 3844 rum
2028 3805 2284 3843 meorum
2309 3789 2563 3844 omnium
2599 3791 2656 3844 in
2695 3791 2822 3845 sede
2861 3791 3198 3846 Parisiorum
3228 3794 3480 3848 residen-

1865 3882 2005 3936 tium
2040 3881 2448 3952 episcoporum,
2477 3883 2562 3937 vel
2590 3899 2623 3936 a
2647 3884 2824 3938 Deum
2855 3883 3182 3938 timentibus
3209 3886 3478 3957 principi-

1861 3975 1967 4028 bus
2005 3974 2253 4044 ejusdem
2291 3974 2491 4046 plebis,
2535 3975 2594 4032 in
2633 3975 2799 4044 fiscis,
2840 3975 2999 4044 villis,
3037 3977 3208 4048 agris,
3249 3977 3307 4032 in
3347 3995 3482 4033 auro

1863 4067 1949 4132 vel
1984 4067 2218 4138 argento
2241 4066 2410 4121 fuerit
2433 4067 2754 4139 delegatum
2781 4069 2866 4122 vel
2899 4068 3190 4137 donatum,
3221 4073 3284 4124 ut
3309 4071 3378 4124 ad
3403 4071 3485 4126 in-

1866 4256 2289 4329 Episcoporum,
2317 4272 2444 4326 quae
2479 4255 2595 4329 fere
2621 4272 2817 4329 omnes
2842 4256 2982 4329 nulli
3009 4259 3266 4329 episcopo
3293 4260 3482 4314 sedem

1870 4325 2026 4380 suam
2053 4325 2356 4397 assignant,
2383 4330 2445 4379 ut
2482 4325 2626 4397 infra
2651 4325 3074 4382 declarabimus.
3102 4325 3270 4383 Sic—et
3294 4331 3486 4384 Gerar-

1869 4398 1974 4459 dus
2001 4396 2223 4463 Dubois,
2251 4397 2348 4467 qui
2373 4396 2670 4468 conﬁctum
2699 4397 2922 4466 conjicit
2947 4400 3336 4468 apographum
3364 4404 3488 4468 post

1873 4471 2126 4547 tempora
2145 4466 2413 4547 “Gregorii
2449 4483 2609 4547 papae
2632 4468 2722 4520 Vll
2752 4468 2876 4547 (Ubi
2899 4466 3082 4538 supra,
3197 4472 3311 4547 92)..
3330 4466 3487 4547 Quod

1871 4538 1915 4591 si
1945 4537 2104 4591 nobis
2139 4537 2222 4590 fas
2258 4537 2329 4591 sit
2365 4537 2698 4607 sententiam
2736 4539 2985 4590 nostram
3025 4537 3242 4607 aperire
3281 4539 3348 4592 de
3380 4540 3488 4593 hoc

1871 4608 2264 4678 instrumento,
2314 4606 2703 4678 apographum
2752 4606 3214 4678 censemus’non
3259 4609 3486 4678 quidem

1871 4677 2024 4731 omni
2050 4694 2118 4748 ex
2142 4680 2300 4748 parte
2335 4676 2654 4748 conflictum,
2675 4677 2771 4730 sed
2796 4677 2938 4748 forte
2964 4677 3021 4731 in
3048 4676 3302 4748 pluribus
3331 4681 3485 4745 locis,

1871 4751 2020 4801 certe
2058 4747 2114 4800 in
2149 4746 2650 4818 ’subscriptionibus
2691 4747 2872 4818 quoad
2905 4746 3066 4802 sedes
3101 4749 3487 4818 episcoporum

1871 4817 2360 4888 subscribentium,
2381 4816 2755 4888 adulteratam
2773 4818 2842 4870 ab
2860 4817 3120 4888 imperito
3133 4816 3372 4887 falsario,
3392 4820 3486 4888 qui

1873 4889 2079 4942 chartae
2105 4888 2274 4941 ﬁdem
2305 4887 2554 4958 abstulit.
2577 4887 2898 4958 Fatebimur
2915 4887 3102 4958 plures
3131 4905 3198 4942 ex
3224 4887 3490 4942 Romanis

1871 4958 2225 5028 pontiﬁcibus
2249 4957 2602 5026 privilegium
2623 4957 2681 5010 in
2702 4973 2766 5010 ea
2787 4961 3112 5028 contentum
3133 4959 3488 5012 conﬁrmasse

1873 5026 2070 5082 seculis
2110 5043 2167 5082 xI
2203 5030 2258 5082 et
2301 5043 2377 5080 xu
2420 5027 2584 5096 (Gali.
2623 5029 2828 5090 christ,
2867 5026 2926 5080 2'
2961 5027 3117 5094 edit.,
3153 5030 3195 5082 t.
3226 5029 3339 5093 VII,
3381 5029 3486 5083 col.

1872 5099 2016 5167 417).
2061 5098 2198 5152 Cum
2233 5113 2384 5168 vero,
2416 5095 2604 5168 seculo
2640 5112 2748 5149 x-vn
2783 5097 3108 5166 frequenter
3144 5099 3486 5168 impetitum,

1871 5169 2058 5222 litium
2100 5167 2445 5220 infinitarum
2483 5167 2606 5219 fons
2643 5167 2784 5219 esset
2815 5170 3120 5236 perpetuus
3163 5167 3308 5222 inter
3343 5169 3492 5223 Pari-

1874 5239 2082 5292 sienses
2119 5236 2392 5290 antistites
2425 5239 2482 5290 et
2509 5236 3016 5304 Sangermanenses
3041 5238 3268 5292 abbates
3294 5243 3350 5293 et
3375 5257 3491 5293 mo-

1873 5309 2100 5372 nachos,
2114 5307 2260 5360 inter
2281 5309 2544 5376 utrosque
2564 5306 2860 5360 intervenit
2879 5309 3172 5362 concordia
3188 5326 3335 5362 anno
3358 5313 3490 5364 1668

1877 5378 2296 5458 (Gallachrist...
2323 5377 2416 5456 ubi
2459 5377 2666 5458 supra),
2703 5379 2760 5430 et
2801 5376 2968 5458 missa
3008 5378 3383 5458 disputatione
3423 5380 3491 5433 de

1875 5445 2190 5520 sinceritate
2215 5445 2536 5520 primigenii
2563 5447 2904 5516 documenti,
2926 5445 3225 5520 unicuique
3237 5450 3367 5520 jura
3393 5467 3491 5504 sua

1876 5518 1935 5572 in
1961 5516 2308 5590 postremum
2333 5516 2611 5588 assignata
2635 5520 2783 5572 sunt.

163 5641 375 5750 (alia:
387 5641 586 5750 ῇέιῗρξ.
595 5641 696 5726 ξ’ἱῖ
710 5641 858 5750 ᾇξῆ
868 5641 1060 5750 ἶ
1065 5641 1614 5750 ῥὸῖἱιὶίἱιὲιῖἰᾼᾶὐιξιξ
1625 5641 1774 5743 ἱεξὲῐῇ

1938 5688 1957 5709 '
1987 5686 2198 5736 Launoii
2233 5687 2513 5750 inquisitio
2537 5687 2590 5750 in
2630 5686 2873 5750 chartam,
2901 5687 3248 5736 immanitatis
3279 5689 3332 5736 S.
3371 5687 3488 5735 Ger-

162 5732 284 5802 _t._II,
305 5748 360 5801 ρ.
396 5736 464 5789 64-
508 5739 562 5788 et
596 5733 740 5802 seq.)
777 5747 881 5800 pro
921 5731 1116 5786 ﬁctitio
1153 5731 1480 5802 apographo
1515 5732 1776 5788 habuisse

161 5798 208 5851 id
228 5798 380 5882 quod
413 5798 1164 5882 Bulliarddahtpggaphpm
1187 5798 1384 5882 _vis'um
1415 5805 1518 5882 est.
1538 5802 1777 5882 .Fals‘um

161 5874 328 5926 autem
364 5874 656 5948 prazcipue
693 5872 891 5942 arguit
911 5872 1158 5943 Cointius
1182 5887 1252 5929 ex
1279 5872 1781 5944 subscriptionibus

1875 5750 2198 5811 mani,1657,
2225 5747 2582 5811 Quatermairii
2624 5748 2810 5798 Privilz
2846 5749 2898 5797 S.
2934 5749 3174 5797 Germani
3205 5759 3490 5810 propugna-

1881 5815 2007 5870 tum,
2035 5810 2255 5874 1657,.9.
2287 5810 2528 5860 Germani
2548 5810 2680 5874 jura
2701 5812 3040 5874 propugnata,
3069 5812 3206 5868 1668,
3234 5811 3331 5856 etc.
