3968 6430
481 410 548 464 83
1484 407 1714 460 SANCTI
1755 406 2050 460 GERMANI
2089 404 2496 461 PABlSlENSlS
2535 403 2846 460 EPISCOPI.
3513 443 3519 449 .
3795 403 3869 461 84

478 525 705 594 tegrum
749 514 952 576 habeat
993 513 1136 588 volo,
1183 533 1343 590 rogo,
1387 516 1642 589 conjuro.
1675 513 1899 572 Decrevi
1941 515 2110 572 etiam
2133 531 2190 606 Α
2212 514 2388 570 cetius
2411 511 2801 586 Lugdunensis
2826 512 3120 586 episcopus
3149 509 3208 571 in
3233 510 3438 572 Christi
3469 509 3733 586 nomine,
3761 532 3871 588 pe-

477 632 582 688 per
618 615 762 670 hanc
803 613 1074 669 cartulam
1109 611 1486 667 immunitatis
1515 615 1571 666 et
1610 610 1892 680 cessionis,
1919 626 2109 664 meam

477 707 760 763 basilicam
791 707 1048 778 superius
1079 708 1455 761 memoratam
1496 704 1615 758 sine
1645 705 1932 775 gestorum
1964 701 2107 758 obli-

477 801 701 872 gatione
746 815 996 855 manere.
1027 801 1093 854 Et
1135 798 1268 870 quia
1314 798 1370 853 id
1411 800 1578 852 antea
1617 797 1960 851 consuetudo
1993 812 2110 850 non

472 893 600 959 fuit,
633 895 689 948 et
715 893 884 947 modo
909 909 943 946 a
965 891 1192 962 regibus
1218 894 1274 947 et
1309 890 1658 963 principibus
1686 889 1826 944 mihi
1863 893 1947 945 est
1972 905 2108 944 con-

475 1004 716 1056 cessum,
755 987 1104 1040 voluntatem
1144 985 1368 1057 pietatis
1410 987 1611 1039 vestrae
1649 982 1708 1037 in
1751 983 1857 1037 hoc
1902 982 2110 1053 scripto

473 1078 892 1152 pretermittere
928 1077 1105 1146 nolui,
1143 1077 1240 1133 sed
1284 1076 1344 1132 in
1380 1076 1644 1131 omnibus
1681 1092 1784 1146 per
1809 1092 1904 1130 vos
1941 1075 2108 1130 robo-

471 1172 607 1242 rari,
640 1175 698 1226 et
736 1171 1074 1227 conformari
1101 1187 1361 1242 exposco,
1393 1174 1456 1224 ut
1487 1169 1752 1240 deinceps
1778 1173 1965 1224 ratum
1987 1185 2111 1240 per-

474 1269 720 1321 maneat.
750 1267 817 1320 Et
848 1265 892 1320 si
935 1264 1061 1337 quis
1097 1279 1348 1336 unquam
1385 1263 1575 1332 fuerit,
1603 1263 1699 1334 qui
1739 1265 1933 1316 contra
1964 1263 2111 1317 hanc

474 1358 936 1414 deliberationem
980 1373 1190 1424 meam,
1224 1372 1396 1428 quam
1431 1371 1538 1426 ego
1564 1373 1666 1427 pro
1692 1355 1972 1409 ﬁrmitatis
2001 1357 2113 1409 stu-

473 1451 566 1506 dio
605 1467 735 1505 cum
775 1449 1195 1530 metropolitani
1235 1453 1292 1504 et
1331 1449 1678 1520 reliquorum
1717 1447 2110 1518 episcoporum

473 1543 705 1599 consilio
755 1561 819 1598 ac
871 1543 1125 1598 suasione
1177 1541 1395 1596 decrevi
1447 1540 1833 1609 conscribere,
1887 1555 2112 1611 quoquo

472 1639 728 1708 tempore
757 1635 946 1692 venire
976 1634 1357 1707 temptaverit,
1388 1637 1486 1688 aut
1515 1633 1767 1689 fortassis
1799 1633 1989 1687 locum
2029 1649 2112 1688 re-

469 1729 729 1802 fragandi
771 1729 1058 1802 quesierit,
1088 1728 1147 1783 in
1172 1727 1372 1800 primis
1398 1744 1431 1782 a
1456 1726 1748 1782 liminibus
1788 1729 2110 1780 sanctarum

469 1821 831 1878 ecclesiarum
850 1823 920 1877 ab
941 1821 1204 1876 omnibus
1218 1819 1494 1892 episcopis
1512 1824 1568 1874 et
1588 1819 1970 1875 sacerdotibus
1993 1818 2108 1888 Dei,

2211 612 2364 664 tente
2404 608 2706 680 apostolico
2733 608 2946 663 domno
2976 612 3033 663 et
3071 609 3245 665 fratre
3271 626 3399 666 meo
3425 611 3716 666 Germano
3743 609 3874 682 epi-

2210 717 2381 773 scopo
2425 704 2483 756 et
2518 701 2728 756 domna
2766 701 3138 771 Ulthrogothe
3179 703 3399 774 regina,
3427 705 3598 776 atque
3635 703 3870 758 domna

2209 793 2578 850 Chrodesinta
2604 811 2667 848 ac
2685 793 3032 864 Chroberga,
3057 795 3526 851 constitutionem
3553 797 3731 866 hanc,
3755 795 3871 850 sci-

2209 887 2338 942 licet
2354 903 2386 940 a
2421 886 2671 958 presenti
2711 889 2968 958 tempore
2991 903 3026 940 a
3049 888 3465 943 successoribus
3491 888 3694 944 domni
3725 889 3872 943 Ger-

2211 979 2362 1034 mani
2390 978 2634 1050 episcopi
2663 982 2940 1050 perpetuo
2971 981 3402 1036 custodiendam
3423 982 3620 1053 relegi,
3651 986 3714 1038 et
3740 998 3873 1036 ma-

2210 1090 2316 1128 nus
2343 1089 2470 1127 mee
2501 1072 2912 1144 subscriptione
2939 1073 3292 1130 corroboravi
3319 1078 3513 1130 notato
3534 1075 3624 1131 die
3655 1075 3709 1131 ι).
3727 1077 3872 1132 Pre-

2213 1169 2456 1222 textatus
2479 1165 2880 1221 Cabillonensis
2905 1165 3219 1239 episc0pus,
3251 1167 3726 1223 deliberationem
3759 1185 3869 1223 su-

2210 1259 2400 1331 perius
2441 1259 2929 1330 comprehensam,
2961 1263 3200 1332 rogante
3235 1264 3292 1315 et
3325 1265 3588 1333 presente
3631 1261 3868 1318 domno

2211 1353 2488 1408 Germano
2510 1353 2792 1426 episcopo,
2815 1353 3126 1423 gaudenter
3145 1353 3365 1425 suscepi
3391 1355 3776 1426 relegendam
3809 1357 3873 1410 et

2212 1446 2514 1518 subscripsi
2548 1449 2747 1501 notato
2785 1446 2895 1502 die.
2926 1446 3081 1502 Felix
3107 1447 3521 1503 Aurelianensis
3547 1449 3872 1521 episcopus

2205 1540 2369 1612 juxta
2407 1555 2745 1594 consensum
2774 1543 2830 1593 et
2856 1540 3323 1595 deliberationem
3356 1542 3550 1596 domni
3578 1542 3872 1598 Germani

2215 1633 2271 1687 in
2296 1637 2571 1704 perpetuo
2598 1650 2943 1703 mansuram,
2972 1633 3275 1706 subscripsi
3302 1639 3496 1690 notato
3523 1635 3634 1691 die.
3654 1637 3874 1692 Eufro-

2213 1725 2340 1780 nius
2379 1727 2731 1782 Nivernensis
2771 1727 3086 1799 episcopus,
3117 1732 3353 1798 rogante
3386 1729 3601 1784 domno
3630 1733 3875 1801 aposto-

2211 1819 2317 1874 lico
2343 1821 2623 1874 Germano
2664 1819 2944 1892 episcopo,
2981 1819 3127 1874 hanc
3159 1821 3628 1877 deliberationem
3670 1823 3869 1895 relegi

469 1919 585 1972 tam
632 1915 909 1988 presentis
958 1915 1230 1987 temporis
1279 1930 1451 1985 quam
1503 1912 1714 1980 futuri,
1767 1912 1839 1966 sit
1888 1903 2265 1974 excom-Bet
2311 1912 2634 1984 subscripsi,
2675 1917 2871 1968 notato
2924 1913 3035 1968 die.
3077 1914 3440 1969 Domicianus
3483 1915 3870 1972 Carnotensis

468 2009 809 2078 municatus,
857 2011 914 2064 et
950 2008 1168 2062 alienus
1204 2024 1237 2062 a
1273 2023 1429 2078 pace,
1469 2010 1525 2060 et
1564 2005 1622 2060 in
1662 2005 1853 2060 futuro
1884 2003 2101 2075 judicio

468 2119 598 2158 cum
644 2101 848 2156 sanctis
887 2102 944 2156 et
980 2100 1175 2155 amicis
1213 2099 1332 2166 Dei,
1361 2099 1420 2154 in
1461 2115 1703 2170 quorum
1745 2099 1959 2153 honore
1996 2096 2102 2152 hec

467 2194 802 2266 conscriptio
829 2194 976 2248 facta
1008 2196 1111 2264 est,
1144 2209 1338 2248 meum
1364 2210 1427 2246 ac
1457 2191 1816 2246 dominorum
1843 2207 2102 2246 meorum

467 2287 1030 2360 metropolitanorum
1046 2303 1143 2342 seu
1159 2285 1553 2358 episcoporum
1569 2284 1914 2356 presentium
1934 2301 2104 2356 super

465 2398 524 2436 se
549 2381 740 2436 adesse
767 2379 972 2435 sentiat
989 2379 1290 2450 judicium,
1322 2382 1378 2434 et
1405 2378 1477 2432 sit
1509 2377 1811 2432 anathema
1837 2394 2098 2432 marana-

465 2475 584 2530 tha.
616 2476 686 2530 At
714 2473 944 2544 insuper
969 2476 1030 2526 ut
1054 2473 1158 2527 hec
1189 2471 1400 2526 cartula
1428 2470 1738 2526 firmiorem
1773 2471 1948 2542 possit
1976 2469 2098 2526 adi-

461 2567 602 2640 pisci
637 2566 1082 2639 plenitudinem,
1131 2564 1690 2638 comprovincialium
1734 2564 2099 2619 dominorum

461 2661 850 2734 episcoporum
870 2661 927 2714 et
957 2658 1198 2712 fratrum
1226 2674 1483 2713 meorum
1511 2656 1975 2728 presbyterorum
2001 2672 2098 2713 seu

459 2755 826 2810 diaconorum
869 2750 1373 2822 conscriptionibus
1425 2750 1606 2821 ipsam
1643 2749 1794 2803 volui
1843 2749 2100 2804 corrobo-

462 2862 608 2902 rare.
653 2847 855 2899 Actum
897 2843 1137 2898 Parisius
1179 2842 1421 2910 civitate,
1467 2841 1568 2896 sub
1617 2841 1707 2896 die
1747 2858 1820 2896 χιι
1865 2841 2095 2896 Kalend.

463 2937 820 3010 septembris,
871 2951 1020 2990 anno
1074 2939 1104 2990 5
1155 2934 1469 2990 Chariberti
1518 2933 1667 3005 regis
1693 2933 1739 2989 ⁸.
1785 2934 2098 2988 Germanus

463 3034 722 3104 peccator
771 3031 918 3084 hanc
971 3029 1242 3083 cartulam
1287 3027 1547 3082 cessionis
1595 3031 1652 3082 et
1693 3027 2018 3082 emunitatis
2065 3044 2100 3080 a

463 3142 556 3180 me
581 3125 786 3180 factam
807 3122 983 3196 relegi
1007 3125 1064 3178 et
1083 3121 1404 3193 subscripsi,
1429 3121 1531 3175 sub
1554 3120 1643 3176 die
1663 3136 1775 3192 quo
1795 3137 1987 3192 supra.
2009 3119 2098 3174 Ni-

2201 2006 2517 2077 episc0pus,
2533 2005 2698 2076 juxta
2724 2023 3063 2062 consensum
3087 2010 3143 2062 et
3163 2007 3632 2063 deliberationem
3655 2010 3870 2066 fratris

2202 2099 2315 2153 mei
2344 2099 2608 2154 Germani
2649 2099 2898 2170 episcopi
2935 2100 3194 2154 consensi
3228 2105 3285 2156 et
3313 2101 3622 2174 subscripsi
3652 2107 3869 2159 notato

2202 2193 2309 2247 die.
2339 2193 2621 2246 Donnolus
2658 2192 3094 2248 Cenomanensis
3133 2193 3462 2266 episc0pus,
3495 2197 3771 2251 consensi
3804 2202 3866 2252 et

2201 2285 2503 2357 subscripsi
2523 2288 2716 2340 notato
2743 2285 2854 2341 die.
2883 2287 3185 2342 Caletricus
3211 2291 3496 2358 peccator,
3517 2289 3692 2360 juxta
3722 2307 3867 2345 con-

2201 2394 2426 2432 sensum
2456 2382 2512 2433 et
2539 2377 3002 2434 deliberationem
3032 2379 3229 2433 domni
3259 2380 3528 2434 Germani
3569 2382 3862 2454 episcopi,

2203 2471 2457 2526 consensi
2495 2475 2551 2526 et
2596 2471 2898 2542 subscripsi
2931 2474 3128 2526 notato
3169 2473 3280 2528 die.
3325 2473 3609 2528 Victurius
3650 2492 3866 2547 pecca-

2203 2567 2311 2634 tor,
2346 2564 2510 2634 juxta
2538 2564 3006 2620 deliberationem
3054 2566 3221 2635 hanc,
3251 2566 3533 2622 Germano
3572 2574 3865 2640 presente

2200 2658 2372 2712 fratre
2403 2673 2529 2712 meo
2555 2661 2612 2712 et
2637 2661 2875 2728 rogante
2893 2701 2906 2728 ,
2936 2658 3195 2714 consensi
3222 2661 3280 2714 et
3307 2660 3615 2732 subscripsi
3642 2667 3861 2718 notato

2200 2753 2309 2806 dic.
2361 2751 2760 2806 Leodebaudus
2811 2755 3074 2824 peccator
3114 2753 3371 2808 consensi
3427 2757 3485 2810 et
3530 2755 3861 2830 subscripsi

2199 2847 2393 2899 notato
2415 2844 2525 2900 die.

2267 2938 2637 2992 Amanuensis
2663 2937 2934 3008 notarius,
2960 2940 3063 2993 sub
3076 2939 3329 3010 jussione
3351 2917 3546 2996 domui
3569 2942 3860 2999 Germani

2199 3029 2463 3102 episcopi,
2512 3031 2617 3085 hoc
2651 3031 3012 3104 privilegium
3058 3033 3324 3088 cessionis
3373 3034 3574 3106 scripsi
3614 3040 3679 3090 et
3720 3039 3865 3093 sub-

2197 3141 2388 3196 scrrpsr
2399 3165 2412 3178 .

535 3291 712 3376 fCur‘n
739 3289 1074 3376 Chlotarius,
1102 3289 1414 3376 Charibert‘i
1442 3293 1620 3376 pater,
1639 3289 1711 3344 ad
1737 3305 1951 3376 annum
2084 3331 2098 3376 ,
2122 3269 2176 3343 C
2202 3290 2476 3372 signatur.
2498 3293 2868 3376 I'rzetextatus
2890 3291 3198 3376 θρίω-ιιιΕο
3216 3297 3336 3376 erat
3353 3294 3655 3376 episcopus
3677 3299 3866 3356 Roto-

465 3366 614 3420 ultra
658 3364 808 3418 diem
859 3362 1139 3418 decimam
1181 3361 1504 3416 novembris
1541 3361 1714 3414 vitam
1770 3361 2103 3430 produxerit

464 3436 905 3514 (Longumqnu,_
919 3449 993 3514 p.-
1015 3434 1134 3514 inti-1,
1163 3432 1280 3514 dies
1303 3431 1686 3514 xijkalzs-ept.
1717 3431 1774 3486 id
1800 3435 1884 3485 est
1900 3435 2102 3514 21‘Au-

465 3501 788 3595 gusti,nanni
814 3501 998 3576 quinti
1025 3501 1374 3572 Chariberti,’
1391 3502 1587 3558 incidit
1607 3501 1670 3558 in
1695 3519 1908 3557 annum
1934 3501 2098 3556 Chri-

461 3580 529 3632 sti
564 3580 682 3631 566.

531 3649 558 3688 δ
588 3651 666 3702 Ex
683 3647 959 3718 episcopis
979 3662 1218 3718 quorum
1242 3643 1611 3718 hicapposita
1625 3648 1757 3718 sunt
1775 3643 2030 3718 nomina,
2055 3645 2100 3699 si

461 3717 748 3775 Necetium
779 3722 836 3774 et
863 3717 1204 3773 Domholum
1233 3717 1498 3788 excipias,
1521 3717 1662 3772 nulli
1697 3733 1797 3770 sua
1835 3717 1994 3770 sedes
2018 3731 2101 3770 as-

2201 3363 2506 3441 magensis,
2538 3363 3108 3441 Felix_Nannetensis,
3131 3363 3452 3441 AEufronius
3464 3363 3858 3441 Turonensis,

2200 3434 3036 3511 Domitianus.Andegavensis;
3082 3439 3148 3511 ut
3183 3437 3679 3511 arguit__G_ointius
3723 3434 3865 3511 (Ubi

2197 3519 2386 3578 supra,
2401 3521 2460 3575 p.
2493 3504 2580 3574 67)
2603 3520 2670 3559 ex
2701 3506 3210 3578 subscriptionibus
3235 3504 3461 3562 concilii
3485 3504 3860 3568 Turonensis

2199 3575 2387 3656 habiti
2418 3579 2548 3656 post
2585 3591 2808 3656 menses
2850 3575 2993 3656 duos
3029 3580 3084 3631 et
3122 3581 3187 3656 27
3217 3578 3334 3632 dies
3359 3596 3392 3633 a
3419 3582 3691 3653 tempore
3732 3601 3859 3656 quo

2199 3646 2327 3701 data
2355 3647 2591 3717 tingitur
2628 3647 2822 3702 charta
2848 3647 2916 3703 de
2941 3665 3056 3720 qua
3079 3648 3322 3720 agimus.

1335 3986 1971 4188 SANCTI
2097 4060 2966 4219 GERMANI,

1615 4296 2156 4382 PARISIENSIS
2228 4299 2626 4381 EPISCOPI
2648 4361 2665 4392 ,

1033 4497 2304 4643 EXPOSITIO
2436 4503 3260 4648 BREVIS

1296 4762 1758 4856 ANTIQU/E
1844 4762 2331 4844 LITURGI/E
2406 4763 2990 4845 GALLICANxE

456 4938 568 5004 Ex
603 4958 723 5003 ms.
762 4935 996 5003 Codice
1023 4936 1236 4999 sancti
1263 4936 1542 5002 Martini
1568 4935 2175 5018 Augustodunensis
2213 4957 2254 5000 (ι
2294 4939 2372 5002 D.
2405 4939 2702 5003 Martem
2743 4939 3067 5022 exscripta
3116 4939 3292 5005 Thes.
3331 4943 3627 5007 anecdot.
3662 4954 3715 5009 t.
3771 4949 3848 5014 V.

1508 5117 2785 5170 ψ

1263 5286 1388 5393 D.
1472 5201 2114 5394 MARTENE
2215 5285 3002 5400 ADMONITIO.

527 5497 653 5550 Post
688 5494 1017 5566 abrogatam
1057 5495 1207 5568 apud
1248 5500 1436 5565 patres
1465 5498 1686 5548 nostros
1725 5495 2017 5566 antiquam
2046 5495 2306 5552 Ecclesiae
2337 5496 2636 5552 Gallicanae
2663 5497 2999 5570 Liturgiam,
3029 5515 3160 5571 quin
3190 5500 3243 5556 ei
3271 5500 3504 5559 suffecta
3532 5512 3622 5563 est
3661 5513 3848 5570 missa

451 5585 722 5652 Romana,
754 5584 907 5640 brevi
940 5590 1193 5656 tempore
1233 5584 1372 5638 adeo
1409 5583 1728 5654 praevaluit,
1760 5589 1825 5639 ut
1863 5586 2058 5656 paucis
2092 5590 2218 5658 post
2244 5586 2405 5640 annis
2441 5587 2626 5642 omnis
2655 5587 2808 5643 illius
2848 5589 3125 5644 memoria
3161 5591 3312 5661 apud
3353 5593 3654 5654 universos
3679 5618 3843 5672 pene

450 5673 768 5728 oblitterata
795 5674 1099 5740 videretur,
1130 5673 1335 5744 vixque
1372 5669 1552 5744 ipsius
1588 5687 1797 5727 nomen
1837 5675 1989 5745 apud
2025 5675 2244 5748 aliquos
2285 5676 2468 5733 audiri
2507 5677 2882 5750 contingeret.
2910 5679 3262 5751 Quapropter
3299 5681 3398 5752 qui
3430 5690 3630 5742 nostra
3662 5669 3844 5750 aetate

449 5764 518 5818 de
548 5763 717 5818 rebus
744 5763 1022 5836 liturgicis
1059 5766 1440 5818 tractaverunt
1478 5761 1776 5833 scriptores
1805 5765 2071 5832 accurati,
2101 5765 2245 5820 hanc
2271 5765 2329 5821 in
2367 5784 2425 5823 se
2452 5767 2802 5840 provinciam
2842 5769 2903 5823 in
2932 5769 3132 5840 primis
3169 5780 3562 5842 susceperunt,
3595 5781 3664 5834 ut
3702 5799 3846 5838 eam

439 5853 725 5922 jacentem
751 5869 814 5906 ac
854 5869 999 5922 pene
1036 5851 1312 5921 sepultam
1346 5851 1404 5906 in
1443 5851 1708 5921 tenebris,
1740 5869 1806 5906 ex
1850 5854 2082 5924 pulvere
2127 5855 2479 5910 suscitarent.
2509 5857 2733 5912 Primus
2767 5874 2872 5912 nec
2912 5858 3032 5913 sine
3067 5858 3240 5930 digna
3273 5859 3440 5916 laude
3481 5862 3542 5918 id
3585 5871 3846 5927 tentavit

446 5940 555 6012 pia:
593 5939 884 5997 memoria:
920 5939 1215 5995 cardinalis
1257 5941 1406 5996 Bona
1439 5939 1498 5995 in
1531 5940 1674 5997 libro
1706 5957 1720 5996 :
1755 5942 1963 6000 lterum
2003 5944 2420 6016 liturgicarum,
2456 5963 2579 6018 cap.
2617 5949 2698 6017 l2,
2731 5945 2827 6002 ubi
2863 5946 3080 6019 antiqui
3111 5947 3251 6002 ritus
3279 5948 3553 6008 Gallicani
3581 5959 3840 6032 vestigia
