3968 6426
171 395 222 445 85
946 391 1289 448 EXPOSI'I‘IO
1327 393 1560 450 BREVIS
1599 396 1923 452 LITURGIAi
1959 397 2211 451 GALLIC.
2253 426 2319 436 -—-
2357 397 2712 453 .XDEIONITIO
3419 407 3484 458 86

167 518 221 557 ex
257 497 534 556 veteribus
570 497 948 571 scriptoribus
981 501 1052 556 ob
1090 502 1280 556 oculos
1317 502 1497 574 ponit.
1527 501 1632 556 Sed
1672 502 1794 557 haec
1824 519 1926 573 pro
1965 503 2048 557 rei
2089 502 2362 574 dignitate
2407 508 2464 558 et
2500 502 2894 575 magnitudine
2935 504 3080 563 levia
3122 513 3272 566 sunt.
3318 511 3487 568 Multo

166 587 352 646 felicius
369 603 494 643 rem
513 593 824 645 exsecutus
843 593 928 645 est
945 590 1032 645 vir
1051 591 1246 646 multae
1271 590 1603 646 eruditionis
1625 592 1897 663 Iosephus
1913 591 2262 662 Thomasius,
2283 592 2382 664 qui
2401 594 2592 648 Romae
2618 597 2730 647 tres
2747 598 2962 650 veteres
2979 597 3202 654 Codices
3220 599 3488 673 Liturgia

164 682 431 739 Gallicanae
466 696 542 737 ex
569 680 922 739 bibliotheca
955 681 1172 754 reginae
1205 682 1418 738 Suecia:
1455 683 1602 754 typis
1641 683 1954 753 mandavit,
1985 699 2212 739 rursum
2247 683 2470 738 Parisiis
2505 699 2727 738 recusos
2751 701 2784 738 a
2807 685 3122 743 Mabillonio
3159 705 3290 744 cum
3312 690 3488 746 veteri

164 770 483 827 Lectionario
513 769 809 826 Gallicano
841 771 914 826 ab
940 788 1006 826 eo
1032 771 1095 826 in
1121 770 1456 826 Luxoviensi
1483 771 1822 826 monasterio
1846 775 2088 842 reperto,
2118 776 2174 826 et
2199 771 2432 827 eruditis
2457 772 2934 854 observationibus
2961 775 3233 832 illustrato
3260 795 3274 832 :
3303 779 3402 849 qui
3433 783 3488 834 et

165 860 263 931 ipse
300 862 572 932 quartum
599 859 878 932 Liturgia“:
917 859 1214 916 Gallicana:
1241 859 1501 915 Codicem
1539 875 1608 914 ex
1648 859 1983 914 bibliotheca
2013 859 2272 914 Bobiensi
2299 859 2512 930 publici
2527 859 2674 930 juris
2699 861 2828 915 fecit
2854 861 2913 916 in
2941 863 3111 918 Musei
3141 865 3308 920 Italici
3332 870 3485 921 tomo

164 949 344 1019 primo.
374 949 591 1003 Verum
633 947 729 1004 his
771 949 1039 1004 omnibus
1068 948 1128 1004 in
1167 947 1344 1014 libris,
1387 947 1446 1004 id
1487 964 1668 1003 unum
1709 948 1997 1014 duntaxat,
2035 948 2184 1019 quod
2223 952 2410 1002 tamen
2446 948 2800 1020 praecipuum
2837 953 2941 1020 est,
2969 951 3262 1020 habemus,
3290 957 3355 1008 ut
3392 969 3486 1008 eas

165 1038 376 1090 sciamus
417 1052 642 1106 preces,
676 1054 820 1111 quas
861 1039 937 1094 ad
975 1038 1147 1093 altare
1187 1037 1472 1092 celebrans
1513 1037 1767 1092 sacerdos
1805 1037 2083 1105 recitaret,
2111 1053 2242 1091 cum
2278 1036 2609 1091 lectionibus
2645 1053 2784 1108 quas
2823 1038 2963 1093 sacri
3003 1040 3245 1095 ministri
3274 1041 3486 1112 populo

162 1126 602 1197 pronuntiabant.
632 1131 704 1182 At
732 1127 875 1200 quid
898 1127 1128 1183 interim
1160 1127 1366 1182 chorus
1391 1126 1732 1196 decantaret,
1761 1141 1940 1197 quove
1967 1125 2184 1196 ordine,
2217 1141 2320 1180 nos
2345 1125 2616 1180 hactenus
2644 1127 2872 1182 latebat.
2903 1127 2962 1182 Id
2986 1128 3215 1199 quidem
3242 1130 3484 1185 auctori-

164 1219 255 1268 tate
274 1218 528 1270 veterum
572 1216 973 1272 demonstrare
1013 1215 1249 1288 quidam
1285 1219 1676 1281 tentaverunt;
1707 1229 1904 1270 verum
1930 1213 2162 1269 omnino
2203 1214 2319 1270 fere
2345 1213 2648 1271 incassum.
2680 1216 2818 1272 Nam
2842 1219 3222 1289 praeterquam
3248 1217 3398 1292 quod
3425 1217 3486 1274 in

163 1303 336 1360 multis
362 1303 721 1375 defecerunt,
755 1304 820 1359 in
844 1305 1127 1377 aliquibus
1152 1303 1324 1361 etiam
1349 1307 1696 1360 erraverunt.

221 1418 348 1474 Illud
374 1423 572 1477 autem
599 1421 981 1478 emolumenti
1005 1438 1076 1476 ex
1108 1421 1365 1493 sequenti
1400 1421 1754 1492 Expositione
1791 1419 2040 1494 antiquae
2075 1420 2368 1477 Gallicanae
2396 1419 2662 1493 Liturgiae
2691 1421 2909 1493 accidit,
2936 1427 3001 1478 ut
3023 1423 3309 1496 integrum
3337 1425 3486 1480 illius

163 1507 410 1579 ordinem,
439 1509 655 1580 quidve
681 1510 745 1565 in
770 1510 946 1567 choro
967 1513 1309 1580 cantaretur,
1339 1508 1564 1581 penitus
1593 1510 1914 1566 resciamus.

219 1623 347 1678 Nam
393 1624 588 1696 primo
639 1624 900 1698 Liturgia
944 1625 1248 1697 incipiebat
1289 1625 1360 1680 ab
1410 1623 1738 1696 antiphona,
1787 1640 1958 1700 quam
2001 1640 2131 1679 cum
2178 1640 2341 1680 versu
2379 1624 2579 1697 psalmi
2621 1629 2677 1681 et
2734 1625 2910 1698 gloria
2957 1628 3238 1684 Trinitatis
3287 1630 3488 1686 chorus

159 1712 502 1782 praecinebat.

216 1833 265 1886 2.
290 1831 685 1903 Antiphonem
715 1831 1064 1904 sequebatur
1085 1829 1362 1902 praefatio,
1389 1846 1489 1886 seu
1516 1829 1823 1885 admonitio
1843 1829 1910 1884 ad
1929 1829 2226 1900 populum,
2251 1845 2422 1900 quam
2446 1830 2700 1885 sacerdos
2712 1831 3053 1904 praelegebat
3067 1833 3139 1888 ad
3157 1835 3486 1890 hortandam

161 1920 381 1991 plebem,
411 1925 475 1975 ut
517 1921 594 1975 ad
623 1937 804 1992 quam
841 1923 1181 1974 convenerat
1215 1919 1630 1974 solemnitatem
1669 1917 1854 1974 debita
1889 1934 2021 1973 cum
2048 1918 2404 1973 veneratione
2441 1918 2770 1973 celebraret.
2796 1920 2916 1974 Non
2941 1937 3033 1976 me
3057 1923 3190 1978 latet
3217 1923 3490 1995 quosdam

161 2009 289 2063 inter
311 2009 696 2080 antiphonam
722 2014 780 2064 et
807 2007 1200 2079 praefationem
1225 2007 1566 2062 constituere
1594 2007 1875 2078 hymnum
1903 2007 2219 2078 angelicum
2247 2024 2281 2061 a
2307 2006 2478 2060 choro
2505 2006 2936 2062 decantandum.
2964 2010 3170 2064 Verum
3196 2011 3253 2065 id
3279 2013 3490 2084 absque

160 2096 259 2151 ullo
284 2097 635 2153 auctoritatis
661 2098 1059 2153 fundamento.
1091 2097 1229 2151 Nam
1260 2097 1372 2152 duo
1399 2112 1466 2151 ex
1495 2096 1762 2167 Gregorio
1786 2095 2096 2151 'I‘uronensi
2125 2096 2265 2165 loca,
2294 2111 2420 2166 qua:
2447 2094 2516 2148 ad
2541 2094 2599 2149 id
2627 2094 2983 2166 probandum
3009 2097 3320 2169 proferunt,
3347 2100 3491 2154 nihil

162 2200 366 2255 prorsus
411 2186 712 2256 evincunt,
763 2187 864 2242 sed
911 2186 1194 2257 hymnum
1246 2185 1410 2240 illum
1456 2184 1518 2239 in
1561 2185 1896 2256 quibusdam
1939 2184 2062 2238 aliis
2101 2183 2600 2255 supplicationibus
2643 2183 2880 2253 publicis
2921 2185 3276 2242 decantatum
3320 2187 3491 2244 fuisse

162 2274 548 2330 demonstrant.
581 2277 708 2330 Imo
733 2275 794 2330 in
825 2274 1079 2346 Liturgia
1106 2273 1405 2342 Gallicana,
1433 2289 1603 2344 quam
1637 2290 1706 2328 ex
1737 2273 1936 2328 Codice
1969 2272 2232 2328 Bobiensi
2267 2271 2513 2342 vulgavit
2549 2271 2916 2342 Mabillonius,
2945 2273 3191 2345 hymnus
3217 2276 3398 2331 Gloria
3435 2279 3494 2330 in

162 2365 350 2419 ercelsis
372 2368 477 2420 Deo
503 2381 615 2436 pro
647 2364 966 2436 gratiarum
991 2363 1306 2418 actionibus
1336 2366 1462 2434 post
1488 2363 1716 2417 missam
1755 2361 2017 2433 privatim
2046 2361 2365 2416 recitandus
2390 2359 2767 2415 constituitur.
2802 2363 2988 2432 Itaque
3013 2363 3379 2434 antiphonam
3401 2381 3488 2419 se-

162 2451 415 2522 quebatur
438 2454 714 2525 praefatio
753 2469 855 2508 seu
883 2451 1191 2524 praelectio,
1220 2452 1372 2506 unde
1401 2451 1460 2504 in
1492 2455 1683 2505 nostra
1710 2450 1965 2522 sequenti
2007 2449 2352 2520 expositione
2380 2448 2588 2504 dicitur
2620 2449 2930 2519 Antiphona
2955 2450 3030 2504 ad
3047 2451 3402 2522 praelegendo,
3435 2451 3492 2507 id

164 2546 232 2594 est
255 2545 376 2596 ante
403 2541 814 2613 praefationem
842 2557 1017 2614 quam
1044 2557 1148 2612 per
1173 2539 1406 2594 modum
1435 2537 1835 2593 exhortationis
1860 2538 2204 2610 prmlegebat
2230 2536 2498 2592 sacerdos.

222 2671 266 2722 3.
293 2669 418 2723 Post
449 2669 860 2738 praefationem
895 2668 1164 2723 diaconus
1199 2667 1312 2722 alta
1343 2681 1477 2721 voce
1502 2665 1786 2721 silentium
1827 2665 2126 2732 indicebat,
2155 2665 2314 2735 cujus
2353 2664 2494 2718 ritus
2531 2663 2790 2719 meminit
2829 2665 3130 2737 Gregorius
3155 2667 3490 2724 Turonensis

163 2755 243 2810 lib.
276 2772 345 2810 vu
375 2757 518 2812 Hist.
557 2759 768 2813 Franc.
797 2774 922 2829 cap.
962 2759 1018 2824 8,
1047 2757 1135 2811 his
1159 2755 1346 2811 verbis
1379 2771 1393 2810 :
1426 2773 1454 2806 «
1493 2755 1649 2809 Unde
1684 2755 1895 2810 factum
1933 2759 2036 2822 est,
2079 2758 2141 2808 ut
2173 2753 2418 2825 quadam
2457 2752 2547 2808 die
2585 2752 2866 2807 dominica
2902 2759 3197 2826 postquam
3227 2756 3490 2812 diaconus

164 2843 424 2900 silentium
459 2845 719 2917 populis,
747 2851 814 2900 ut
851 2845 1038 2900 missae
1078 2844 1546 2912 auscultarentur,
1573 2842 1796 2913 indixit,
1828 2862 1855 2894 »
1884 2846 1989 2897 etc.
2019 2843 2138 2906 Quo
2173 2841 2294 2896 loco
2327 2843 2500 2896 missae
2536 2857 2638 2912 pro
2666 2843 2930 2898 orationes
2962 2843 3108 2898 sumi
3134 2859 3250 2899 non
3275 2845 3489 2900 dubito.

218 2971 266 3024 4.
295 2971 508 3026 Indicto
555 2971 810 3039 silentio,
840 2971 1098 3026 sacerdos
1143 2968 1420 3041 populum
1465 2968 1758 3037 salutabat,
1788 2983 1852 3021 ac
1896 2966 2094 3038 populi
2132 2966 2481 3038 responsioni
2523 2966 2811 3023 collectam
2848 2967 3172 3040 subjiciebat
3207 2986 3240 3023 a
3278 2971 3490 3026 cunctis

163 3058 299 3113 ﬂexis
326 3061 569 3132 genibus
605 3061 809 3115 devote
837 3059 1200 3128 audiendam,
1231 3062 1294 3112 ut
1319 3057 1561 3130 probant
1585 3057 1760 3111 sancti
1787 3056 2014 3112 Caesarii
2039 3055 2270 3128 quidam
2300 3071 2607 3112 sermones.

220 3187 266 3238 5.
295 3185 421 3240 Post
459 3185 770 3240 collectam
813 3185 1021 3238 chorus
1063 3181 1322 3237 cantabat
1366 3180 1680 3252 trisagium,
1721 3184 1776 3234 et
1817 3179 2049 3251 quidem
2095 3195 2277 3252 graece
2321 3184 2377 3235 et
2417 3180 2609 3250 latine,
2644 3182 2794 3253 quod
2836 3182 3172 3254 sequebatur
3209 3183 3491 3240 canticum

161 3273 414 3328 Zachariae
450 3274 781 3330 Benedictus
814 3274 1071 3328 Dominus
1104 3274 1241 3327 Deus
1276 3269 1464 3326 Israel.
1497 3270 1608 3324 Hoc
1636 3271 1826 3324 tamen
1860 3268 2140 3326 canticum
2179 3269 2241 3324 in
2265 3269 2702 3341 Quadragesima
2726 3287 2857 3326 cum
2883 3270 3004 3326 aliis
3027 3271 3237 3327 laetitiae
3263 3272 3490 3344 hymnis

163 3362 629 3434 supprimebatur.

220 3491 266 3542 6.
303 3488 666 3560 Sequebatur
702 3486 870 3542 lectio
913 3501 984 3542 ex
1033 3484 1324 3557 prophetis
1369 3487 1425 3538 et
1471 3499 1542 3538 ex
1584 3481 1854 3554 apostolo.
1897 3481 2037 3536 Nam
2086 3485 2292 3553 praeter
2333 3482 2618 3554 Evangelii
2670 3483 2985 3553 lectionem,
3013 3485 3169 3554 duas,
3198 3503 3372 3542 unam
3420 3504 3488 3543 ex

162 3577 332 3646 veteri,
361 3578 604 3632 alteram
647 3592 722 3630 ex
759 3576 912 3630 Novo
949 3575 1325 3640 Testamento,
1352 3572 1617 3627 lectiones
1659 3570 1975 3640 cantabant,
2009 3586 2181 3640 quem
2218 3570 2390 3626 ritum
2430 3571 2619 3626 videre
2654 3577 2738 3628 est
2766 3574 2916 3644 apud
2950 3575 3279 3646 Gregorium
3309 3578 3486 3631 Turo-

159 3681 365 3720 nensem
390 3667 490 3722 lib.
519 3683 542 3721 1
571 3667 647 3722 de
674 3663 958 3722 Miraculis
993 3662 1172 3717 sancti
1207 3659 1428 3717 Martini
1451 3677 1575 3732 cap.
1606 3663 1657 3729 5,
1688 3659 1783 3713 ubi
1813 3659 1934 3714 haec
1965 3659 2133 3714 habet
2162 3675 2176 3714 :
2209 3677 2236 3710 ‹‹
2263 3660 2493 3714 Factum
2519 3665 2602 3715 est
2625 3665 2690 3715 ut
2715 3661 2809 3716 illa
2837 3662 3138 3731 Dominica,
3161 3663 3487 3734 prophetica

157 3754 368 3810 lectione
395 3757 521 3828 jam
559 3756 736 3824 lecta,
766 3758 898 3809 ante
929 3751 1195 3808 altarium
1231 3754 1421 3820 staret,
1449 3749 1550 3822 qui
1585 3747 1884 3804 lectionem
1911 3748 2058 3802 beati
2085 3747 2241 3802 Pauli
2271 3748 2567 3818 proferret.
2597 3771 2624 3798 »
2660 3750 2720 3804 In
2754 3754 3072 3805 sanctorum
3098 3751 3486 3810 festivitatibus

159 3843 253 3897 sive
280 3849 620 3916 martyrum,
653 3843 773 3898 sive
807 3841 1194 3896 confessorum
1219 3844 1343 3894 acta
1375 3853 1574 3894 eorum
1597 3837 1763 3892 etiam
1788 3835 2011 3908 publice
2040 3836 2391 3906 legebantur,
2421 3841 2486 3892 ut
2512 3837 2717 3892 auditis
2747 3853 2944 3894 eorum
2968 3839 3264 3894 virtutibus
3291 3841 3486 3912 populi

160 3931 216 3985 ad
248 3932 446 3987 similia
478 3931 875 4004 perpetranda
911 3930 1373 3985 accenderentur.
1403 3929 1481 3983 Ita
1509 3925 1810 3998 Gregorius
1837 3925 2196 3996 Turonensis,
2227 3925 2325 3980 lib.
2356 3942 2376 3980 1
2399 3925 2467 3981 de
2494 3927 2679 3982 Gloria
2706 3932 3019 4000 martyrum
3043 3945 3142 4000 cap
3169 3932 3256 4000 86,
3283 3929 3485 3985 lectam

159 4020 304 4076 fuisse
328 4022 506 4076 sancti
535 4020 844 4093 Polycarpi
869 4020 1191 4092 passionem
1218 4021 1428 4073 narrat.

216 4148 264 4199 7.
295 4146 657 4202 Lectionibus
707 4143 1119 4216 pronunciatis,
1162 4143 1368 4196 chorus
1417 4141 1696 4212 hymnum
1744 4138 1919 4194 trium
1970 4153 2279 4210 puerorum
2321 4139 2668 4210 decantabat,
2713 4145 2770 4196 et
2813 4141 3063 4214 quidem,
3100 4146 3164 4197 ut
3203 4157 3348 4212 reor,
3385 4159 3486 4214 per

157 4233 366 4289 modum
409 4233 785 4306 responsorii,
823 4249 997 4304 quem
1040 4247 1174 4286 sane
1210 4231 1490 4302 hymnum
1538 4246 1572 4283 a
1613 4227 1881 4300 Gregorio
1916 4229 2248 4298 Turonensi,
2292 4228 2546 4284 Historiae
2592 4231 2935 4286 Francorum
2975 4231 3073 4286 lib.
3113 4247 3228 4300 vm,
3268 4247 3389 4302 cap.
3429 4236 3487 4300 3,‘

155 4323 398 4389 psalmum
421 4326 830 4396 responsorium
860 4321 969 4376 dici
994 4320 1251 4392 conjicio.
1281 4321 1421 4374 Nam
1447 4317 1714 4389 quaslibet
1737 4333 1806 4372 ex
1831 4316 2133 4388 Scripturis
2157 4317 2369 4373 cantica
2396 4318 2744 4388 psalmorum
2767 4319 2996 4374 nomine
3024 4319 3232 4374 donare
3261 4337 3485 4375 consue-

159 4416 331 4466 verant
353 4417 594 4468 veteres.
624 4415 804 4467 Porro
847 4411 920 4464 ad
956 4411 1109 4464 hunc
1151 4409 1324 4464 ritum
1363 4412 1612 4480 spectare
1651 4405 1911 4461 existimo
1948 4421 2222 4461 canonem
2262 4410 2327 4462 13
2361 4407 2583 4462 concilii
2617 4408 2864 4464 Toletani
2890 4424 2961 4476 iv,
2991 4427 3019 4457 ‹‹
3046 4409 3114 4462 Ut
3151 4424 3254 4478 per
3289 4424 3484 4463 omnes

160 4496 410 4569 Hispaniae
446 4501 728 4558 Ecclesias
753 4500 843 4556 vel
879 4499 1071 4556 Galliae
1107 4498 1166 4554 in
1203 4497 1461 4553 omnium
1497 4495 1797 4552 missarum
1833 4495 2186 4552 solemnitate
2224 4495 2550 4552 decantetur
2584 4497 2830 4568 hymnus
2865 4495 3042 4551 trium
3081 4511 3388 4566 puerorum
3423 4495 3482 4550 in

159 4588 372 4658 pulpito.
401 4609 429 4642 ››

219 4718 265 4769 8.
292 4717 432 4771 Dum
461 4717 742 4772 diaconus
757 4717 831 4772 ad
849 4715 1177 4788 analogium
1203 4713 1572 4786 Evangelium
1599 4716 1924 4768 cantaturus
1947 4713 2291 4784 procederet,
2323 4712 2528 4767 chorus
2551 4711 2778 4768 interim
2803 4711 3096 4785 trisagium
3121 4711 3480 4785 prmcinebat,

159 4803 287 4871 quod
311 4810 586 4876 quantato
617 4805 930 4878 Evangelia
953 4806 1162 4860 iterum
1192 4804 1494 4876 repetebat.

219 4929 267 4980 9.
290 4930 410 4984 Post
437 4931 850 5002 Evangelium,
881 4929 1177 5001 episcopus
1210 4929 1447 4983 verbum
1469 4944 1498 4982 e
1518 4931 1788 4999 suggestu
1811 4926 2055 4982 habebat
2071 4927 2142 4982 ad
2167 4926 2474 4999 populum;
2501 4930 2599 4981 aut
2617 4927 2661 4980 si
2678 4942 2778 4997 per
2797 4925 3079 4981 infirmam
3104 4925 3482 4983 valetudinem

160 5011 204 5066 id
239 5015 333 5070 sibi
371 5035 490 5074 non
524 5020 753 5089 liceret,
793 5018 881 5072 vel
928 5019 1072 5073 forte
1107 5017 1366 5072 tardioris
1401 5020 1544 5070 esset
1581 5017 1812 5087 linguae,
1848 5015 2113 5100 homilias
2149 5015 2405 5087 proprias
2441 5020 2540 5070 aut
2575 5015 2644 5070 ab
2683 5014 2805 5070 aliis
2843 5015 3192 5086 compositas,
3237 5015 3481 5074 maxime

161 5110 454 5162 sanctorum
481 5109 748 5174 Patrum,
775 5106 1135 5178 pronuntiari
1153 5123 1186 5161 a
1212 5104 1593 5161 sacerdotibus
1619 5109 1716 5160 aut
1740 5104 1990 5159 diaconis
2009 5104 2266 5176 jubebat.

227 5235 300 5287 10.
328 5234 542 5290 Deinde
579 5233 859 5289 diaconus
899 5249 1070 5306 super
1105 5233 1396 5288 audientes
1434 5234 1490 5286 et
1529 5231 1962 5286 catechumenos
2000 5245 2192 5302 preces
2225 5228 2548 5284 constitutas
2585 5228 2924 5300 effundebat,
2950 5229 3018 5285 de
3057 5229 3259 5302 quibus
3285 5229 3484 5287 ritibus

162 5320 275 5374 satis
301 5323 520 5393 egimus
545 5323 612 5378 in
638 5321 790 5378 libro
814 5339 834 5375 ι
861 5322 928 5377 de
953 5320 1200 5392 antiquis
1233 5319 1491 5376 Ecclesiae
1520 5319 1739 5374 ritibus.

224 5439 298 5491 ll.
325 5437 527 5509 Ejectis
569 5436 1018 5503 catechumenis,
1057 5436 1323 5492 diaconus
1359 5434 1641 5492 silentium
1690 5433 2000 5502 indicebat;
2037 5437 2159 5487 tum
2200 5450 2402 5505 corpus
2435 5435 2657 5490 Domini
2700 5435 2759 5491 in
2799 5435 2944 5492 turri
2986 5441 3372 5493 conservatum
3411 5454 3478 5493 ex

163 5526 473 5590 praecedenti
500 5524 787 5581 sacrificio
813 5524 1096 5582 deferebat
1119 5525 1190 5579 ad
1215 5526 1406 5591 altare,
1437 5527 1502 5578 ut
1531 5526 1746 5578 constat
1773 5527 1895 5576 tum
1932 5537 2001 5576 ex
2039 5523 2144 5578 hac
2167 5527 2355 5579 nostra
2391 5523 2757 5595 expositione,
2785 5527 2907 5580 tum
2931 5542 3000 5580 ex
3025 5526 3276 5598 Gregorii
3303 5527 3478 5580 Turo-

164 5613 324 5668 nensis
360 5614 508 5670 libro
551 5616 627 5670 de
670 5613 866 5668 Gloria
896 5618 1230 5686 martyrum,
1263 5629 1384 5684 cap.
1415 5615 1494 5668 85.
1527 5610 1765 5667 Romani
1802 5625 1916 5665 non
1958 5611 2016 5666 in
2050 5612 2216 5682 turri,
2242 5613 2338 5668 sed
2372 5612 2432 5668 in
2466 5629 2628 5684 capsa
2661 5613 2799 5669 illud
2837 5613 3180 5683 deferebant,
3207 5614 3374 5685 idque
3419 5613 3478 5668 in

163 5703 419 5756 nonnullis
461 5703 644 5758 etiam
686 5701 985 5756 Gallicanis
1020 5702 1278 5759 Ecclesiis
1317 5701 1735 5756 observabatur.
1766 5702 1937 5754 Porro
1967 5717 2036 5754 ex
2070 5701 2177 5756 hoc
2205 5702 2318 5758 ritu
2357 5703 2543 5758 lucem
2570 5702 2816 5774 aliquam
2843 5703 3042 5758 afferre
3063 5718 3357 5774 possumus
3384 5717 3476 5754 ca-

163 5789 280 5842 noni
318 5795 373 5845 l7
416 5791 646 5846 concilii
690 5789 1019 5846 Arausicani
1053 5809 1103 5862 1,
1133 5791 1203 5846 ad
1241 5807 1412 5862 quem
1451 5805 1647 5844 omnes
1690 5789 1808 5844 fere
1845 5789 2048 5859 eruditi
2090 5790 2360 5847 hactenus
2398 5791 2699 5846 caecutiunt
2736 5808 2750 5845 :
2796 5809 2824 5844 α
2853 5791 2996 5846 Cum
3034 5806 3196 5860 capsa
3237 5793 3292 5842 et
3334 5787 3476 5842 calix

163 5875 452 5936 efferendus
488 5887 575 5938 est
610 5885 670 5938 et
711 5877 1061 5938 admixtione
1094 5879 1456 5938 Eucharistiae
1495 5879 1920 5949 consecrandus,
1951 5899 1978 5927 »
2017 5883 2081 5936 ut
2122 5880 2331 5938 scilicet
2368 5897 2529 5953 capsa
2570 5879 2913 5936 dominicum
2951 5893 3153 5951 corpus
3189 5875 3477 5933 continens
