3968 6446
448 397 514 463 87
1153 401 1221 458 ΙΝ
1259 401 1312 456 S.
1353 400 1556 457 GKRM.
1597 398 2081 455 EXPOSITIONEM
2118 397 2449 452 LlTURGL'E
2485 396 2674 452 GALL.
2716 397 3096 454 ADMONITIO.
3749 390 3821 451 88

447 514 715 574 efferatur
746 512 817 569 ad
850 511 1042 578 altare,
1065 523 1202 582 cum
1234 507 1492 566 facienda
1526 510 1612 564 est
1647 507 1707 563 in
1740 505 1910 562 missa
1946 503 2152 561 oblatio
2190 503 2376 584 calicis
2415 520 2546 560 cum
2583 503 2929 562 admixtione
2967 520 3068 560 seu
3095 502 3398 578 prementia
3432 502 3820 562 Eucharistim

452 603 832 662 consecrandi.

522 707 606 758 l2.
629 701 804 758 Allata
834 700 905 754 ad
942 699 1120 754 altare
1155 697 1522 767 Eucharistia,
1553 698 1724 752 ﬁebat
1755 689 1916 768 panis
1953 698 2009 751 et
2030 695 2144 750 vini
2181 695 2542 750 consecrandi
2579 693 2809 764 oblatio,
2841 699 3010 766 atque
3049 693 3278 749 interim
3319 695 3526 750 chorus
3567 695 3824 751 canebat

445 796 662 855 Sanum,
686 791 741 844 id
775 793 857 844 est
885 789 1257 860 antiphonam
1285 805 1412 860 quae
1447 792 1636 841 nostro
1669 785 1953 840 oﬁ‘ertorio
1984 785 2376 856 respondebat,
2407 789 2505 840 aut
2531 783 2666 855 quid
2696 783 2900 838 simile.
2928 784 3090 838 Forte
3117 785 3290 840 Sanus
3325 783 3481 839 aliud
3506 784 3825 838 nihil‘erat

446 898 617 954 quam
642 879 795 952 quod
821 877 1102 950 Expositio
1127 882 1320 932 nostra
1343 893 1477 930 mox
1503 877 1710 932 Laudes
1744 875 2010 947 appellat.
2036 878 2178 931 Laus
2204 878 2396 928 autem
2425 873 2484 928 in
2511 873 2708 928 Missali
2746 873 3103 928 Mozarabum
3134 877 3352 928 constat
3387 889 3456 928 ex
3486 873 3738 928 Alleluia
3765 876 3824 927 et

444 986 560 1025 uno
596 969 894 1037 versiculo,
922 968 1019 1023 sed
1056 967 1115 1022 in
1152 966 1430 1022 Gallicana
1463 965 1715 1037 Liturgia
1747 971 1834 1020 ter
1869 965 2172 1036 repetitum
2212 963 2384 1018 fuisse
2423 963 2660 1018 Alleluia
2693 963 2764 1018 ad
2803 962 3172 1034 signiﬁcanda
3211 962 3321 1017 tria
3361 966 3650 1034 tempora,
3684 965 3824 1017 ante

445 1060 654 1131 legem,
685 1059 788 1112 sub
814 1059 960 1128 lege,
988 1060 1044 1110 et
1071 1056 1175 1110 sub
1203 1055 1402 1126 gratia,
1432 1054 1594 1110 docet
1620 1058 1811 1109 nostra
1839 1053 2144 1126 Expositio,
2173 1053 2342 1125 idque
2370 1052 2556 1106 forsan
2583 1068 2713 1106 cum
2740 1051 2946 1123 triplici
2973 1052 3264 1108 versiculo.

457 1171 460 1176 ‘
520 1163 606 1215 l3.
634 1160 798 1213 Facta
841 1157 1140 1222 oblatione,
1171 1172 1328 1211 sacra
1366 1155 1750 1209 recitabantur
1791 1153 2078 1226 diptycha,
2123 1153 2229 1207 hoc
2277 1155 2360 1207 est
2400 1151 2634 1207 nomina
2673 1151 3068 1224 episcoporum
3115 1155 3172 1206 et
3212 1150 3459 1206 aliorum
3500 1150 3721 1222 scripta
3763 1149 3824 1204 in

449 1249 654 1304 tabella
691 1246 853 1302 altari
894 1246 1264 1318 superposita.
1294 1244 1627 1316 Hujusmodi
1661 1244 1926 1299 tabellam
1969 1243 2279 1297 eburneam
2307 1241 2420 1296 vidi
2459 1241 2518 1296 in
2563 1240 2802 1295 Ecclesia
2828 1241 3180 1310 Bituricensi,
3210 1240 3268 1296 in
3292 1257 3404 1313 qua
3427 1239 3822 1311 archiepisco-

446 1353 652 1409 porum
680 1336 913 1391 nomina
942 1335 1325 1404 continentur,
1361 1334 1456 1388 sed
1483 1333 1651 1388 hodie
1677 1334 1866 1387 nullus
1890 1331 2037 1386 illius
2059 1347 2201 1386 usus
2230 1335 2486 1403 superest
2513 1330 2663 1401 apud
2691 1329 2988 1401 Biturigas.

518 1438 603 1492 14.
635 1435 899 1492 Recitatis
938 1434 1240 1506 diptychis,
1274 1433 1533 1488 sacerdos
1567 1433 1933 1490 Collectionem
1966 1434 2090 1502 post
2121 1433 2340 1484 nomina
2367 1430 2605 1497 dicebat,
2637 1432 2829 1499 postea
2867 1428 3020 1499 pacis
3059 1429 3313 1484 osculum
3354 1429 3550 1483 ﬁdeles
3589 1427 3704 1482 sibi
3743 1427 3826 1482 in-

443 1525 624 1580 vicem
651 1525 1088 1596 impertiebant;
1121 1528 1246 1578 tum
1271 1523 1528 1577 sacerdos
1554 1522 1826 1576 recitabat
1853 1521 2222 1579 Collectionem
2246 1520 2322 1574 ad
2334 1535 2542 1591 pacem,
2571 1535 2744 1590 quam
2771 1519 3156 1590 sequebantur
3182 1517 3510 1574 contestatio
3539 1517 3642 1587 (ita
3667 1534 3822 1589 pra:-

443 1614 714 1670 fationem
741 1614 821 1668 illi
850 1613 1227 1685 appellabant)
1258 1617 1313 1667 et
1338 1627 1516 1666 canon
1549 1611 1646 1682 qui
1675 1609 2038 1664 brevissimus
2067 1612 2205 1664 erat.

520 1716 606 1766 l5.
634 1713 766 1766 Post
791 1711 1266 1766 consecrationem
1293 1709 1548 1763 sacerdos
1573 1708 1845 1762 recitabat
1867 1707 2183 1761 orationem
2213 1708 2338 1761 Post
2363 1709 2584 1768 secreta,
2615 1721 2743 1776 quae
2759 1706 2932 1760 verba
2959 1707 3350 1762 demonstrant
3380 1704 3824 1760 consecrationis

444 1801 616 1855 verba
659 1805 872 1855 secreto
913 1817 977 1854 ac
1019 1800 1124 1854 sub
1162 1798 1382 1853 silentio
1411 1815 1444 1851 a
1469 1797 1754 1852 sacerdote
1796 1795 1968 1850 fuisse
2004 1795 2240 1866 prolata.
2270 1796 2400 1848 Post
2439 1809 2506 1848 ea
2545 1795 2718 1848 fiebat
2755 1794 3058 1849 contractio
3093 1798 3151 1850 et
3187 1795 3518 1849 commixtio
3549 1795 3824 1864 Corporis

444 1889 670 1944 Christi.
707 1892 886 1961 Atque
929 1889 1160 1943 interim
1204 1889 1408 1942 chorus
1448 1887 1821 1957 antiphonam
1863 1884 2212 1952 concinebat,
2255 1899 2433 1954 eaque
2477 1883 2654 1952 ﬁnita,
2687 1883 2944 1938 sacerdos
2984 1883 3275 1938 collectam
3315 1889 3448 1938 ante
3492 1883 3822 1938 orationem

444 1977 793 2032 Dominicam
823 1977 1114 2046 recitabat,
1143 1977 1456 2031 orationem
1482 1975 1834 2030 Dominicam
1864 1974 2203 2045 sequebatur
2227 1973 2402 2028 altera
2429 1973 2660 2026 collecta
2686 1990 2719 2026 a
2744 1972 3029 2026 sacerdote
3059 1972 3448 2043 pronuntiata.

518 2082 605 2132 16.
635 2080 779 2132 Ante
817 2075 1298 2143 communionem,
1328 2075 1648 2130 benedictio
1681 2073 1891 2145 populo
1933 2072 2386 2144 impertiebatur,
2419 2075 2476 2125 et
2518 2071 2752 2142 quidem
2792 2071 2974 2126 tribus
3018 2072 3366 2126 orationibus
3413 2072 3483 2126 ab
3526 2072 3819 2142 episcopo,

445 2167 614 2224 unica
643 2182 822 2238 eaque
847 2165 1004 2220 brevi
1039 2181 1072 2218 a
1099 2164 1341 2236 simplici
1369 2163 1674 2232 sacerdote,
1704 2163 1809 2216 hoc
1850 2162 2017 2216 modo
2051 2179 2064 2217 :
2096 2165 2235 2223 Pam,
2263 2161 2414 2230 ﬁdes,
2444 2165 2494 2215 et
2529 2163 2788 2224 aha-ritas,
2818 2165 2869 2215 et
2902 2163 3307 2216 communicatio
3335 2163 3574 2232 corporis
3613 2167 3667 2216 et
3689 2176 3821 2215 san-

449 2259 630 2328 guinis
654 2257 872 2311 Domini
895 2257 966 2309 sit
991 2269 1196 2324 semper
1218 2255 1505 2308 vobiscum.

525 2359 609 2409 l7.
639 2354 784 2408 Dum
811 2353 980 2407 fiebat
1005 2351 1351 2419 communio,
1381 2355 1479 2404 aut
1517 2367 1580 2404 ea
1609 2354 1854 2421 peracta,
1883 2351 2088 2404 chorus
2116 2349 2392 2420 psallehat
2419 2349 2753 2403 Trecanum.
2781 2349 2923 2412 Quid
2960 2353 3149 2403 autem
3178 2352 3323 2403 esset
3351 2350 3676 2403 Trecanum
3706 2365 3821 2403 non

455 2443 588 2497 satis
627 2443 806 2513 capio.
839 2439 1138 2511 Triplicem
1177 2443 1406 2494 cantum
1431 2439 1580 2492 vocis
1617 2443 1672 2493 et
1701 2437 2040 2510 etymologia
2069 2436 2386 2508 significare
2413 2437 2654 2491 videtur.
2687 2438 2747 2491 ln
2781 2438 2979 2509 regula
3012 2443 3204 2492 autem
3231 2438 3519 2492 Aureliani
3551 2438 3819 2508 praescri-

448 2532 622 2598 bitur,
649 2534 715 2584 ut
737 2530 1020 2600 psallendo
1052 2545 1228 2582 omnes
1256 2530 1656 2582 communicent.
1690 2527 1807 2582 Erit
1829 2527 1972 2581 forte
2006 2526 2104 2598 qui
2133 2527 2445 2579 Trecanum
2479 2526 2886 2596 interpretetur
2915 2527 3232 2598 symbolum
3266 2528 3656 2598 apostolorum
3690 2543 3818 2580 san-

447 2625 551 2674 ctae
576 2618 860 2674 Trinitatis
885 2617 1056 2671 ﬁdem
1087 2617 1392 2688 explicans,
1417 2616 1570 2687 quod
1596 2615 1655 2669 in
1680 2616 1876 2671 Missali
1904 2614 2136 2686 quidem
2163 2615 2516 2668 Mozarabum
2547 2619 2672 2685 post
2697 2615 3177 2670 consecrationem
3198 2621 3328 2670 ante
3350 2616 3820 2670 communionem

446 2707 750 2761 dicendum
777 2705 1181 2777 praescribitur,
1212 2705 1270 2758 in
1285 2704 1582 2758 Gallicana
1609 2719 1740 2758 vero
1766 2703 2019 2774 Liturgia
2044 2705 2172 2773 post
2199 2703 2663 2756 communionem
2693 2703 3044 2759 recitaretur.

405 2827 423 2846 ε
525 2810 609 2861 18.
636 2804 885 2858 Tandem
910 2803 1169 2857 sacerdos
1199 2803 1420 2857 dicebat
1446 2801 1760 2856 orationem
1790 2805 1916 2856 Post
1940 2803 2361 2864 Eucharistiam,
2393 2817 2564 2872 quam
2593 2793 2936 2872 sequebatur
2963 2803 3069 2856 alia
3099 2803 3348 2858 collecta.

519 2905 615 2957 Ha:
642 2904 775 2956 sunt
801 2901 916 2956 fere
945 2917 1142 2954 omnes
1168 2900 1418 2970 antiquas
1447 2899 1746 2953 Gallicana
1773 2899 2041 2970 Liturgiaa
2070 2902 2278 2970 partes,
2307 2914 2448 2969 quas
2480 2898 2573 2952 hic
2613 2898 2860 2954 breviter
2883 2900 2954 2953 ob
2981 2900 3170 2954 oculos
3207 2917 3418 2971 ponere
3450 2906 3506 2956 et
3535 2901 3823 2956 illustrare

447 2991 616 3047 libuit
639 2991 709 3044 ad
736 2989 1144 3060 promptiorem
1175 2988 1462 3059 sequentis
1487 2988 1673 3058 operis
1708 2987 2173 3057 intelligentiam;
2207 2988 2264 3041 in
2302 2987 2463 3057 cujus
2499 2991 2658 3058 parte
2687 3003 2787 3042 seu
2818 2989 3050 3058 epistola
3077 2990 3326 3044 secunda
3360 2991 3544 3045 multa
3581 2991 3694 3045 alia
3717 3007 3820 3045 no-

449 3085 570 3136 tatu
603 3079 936 3150 dignissima
961 3081 1292 3143 occurrunt,
1322 3093 1386 3132 ea
1426 3077 1674 3131 maxime
1702 3093 1830 3148 quae
1872 3077 1940 3131 de
1969 3076 2408 3148 Quadragesima
2433 3079 2490 3130 et
2517 3077 2586 3131 de
2612 3076 2911 3133 traditione
2937 3077 3178 3148 symboli
3208 3079 3672 3150 competentibus
3698 3095 3824 3135 nar.

448 3174 554 3237 rat,
584 3167 642 3222 in
671 3167 878 3238 quibus
906 3167 1048 3221 ritus
1077 3151 1350 3220 hactenus
1378 3165 1557 3236 ignoti
1589 3165 2007 3236 expenduntur.
3759 3197 3790 3216 ,ρ

523 3269 730 3320 Verum
754 3265 822 3319 ad
854 3265 1218 3336 antiquorum
1245 3264 1463 3318 rituum
1490 3263 1891 3334 cognitionem,
1923 3281 2096 3336 quam
2129 3281 2195 3319 ex
2220 3263 2477 3336 sequenti
2505 3279 2674 3335 opere
2712 3265 3039 3336 accipimus,
3072 3266 3210 3321 illud
3235 3267 3470 3335 accedit,
3500 3273 3561 3322 et
3587 3270 3822 3340 quidem

449 3357 620 3427 longe
648 3354 876 3426 majoris
901 3353 1196 3420 momenti,
1218 3353 1373 3424 quod
1401 3353 1512 3408 duo
1539 3354 1828 3426 praecipua
1855 3355 2113 3408 Ecclesia:
2149 3354 2441 3408 catholicae
2468 3355 2732 3425 dogmata
2759 3355 2827 3409 de
2853 3356 3205 3410 Eucharistia
3228 3355 3288 3410 in
3315 3373 3380 3412 ea
3407 3357 3560 3412 clare
3588 3359 3823 3413 omnino

451 3448 802 3500 asseruntur.
832 3443 1543 3498 Transsubstantiationcm
1585 3443 1733 3512 dico,
1764 3447 1820 3498 et
1856 3445 2062 3498 reale'm
2101 3444 2303 3500 Christi
2339 3444 2442 3498 sub
2470 3443 2764 3516 speciebus
2805 3445 2966 3516 panis
3005 3449 3062 3500 et
3086 3446 3203 3500 vini
3244 3447 3616 3517 prmsentiam
3649 3465 3663 3503 :
3697 3464 3824 3520 quas

450 3535 564 3588 duo
593 3532 909 3603 praesertim
941 3532 1287 3603 impugnant
1314 3531 1482 3586 hodie
1511 3531 1860 3586 heterodoxi.
1893 3533 2146 3587 Primum
2188 3534 2334 3587 clare
2361 3533 2688 3587 enuntiatur
2716 3533 2804 3586 his
2829 3534 3012 3588 verbis
3042 3552 3056 3588 :
3088 3537 3255 3591 Panis
3281 3551 3406 3590 vero
3440 3538 3500 3590 in
3524 3553 3750 3608 corpore
3777 3539 3825 3590 et

449 3625 636 3677 vinum
675 3625 1103 3690 trans/“armatur
1142 3626 1200 3676 in
1239 3625 1522 3691 sanguine,
1551 3623 1756 3676 dicente
1794 3625 2016 3678 Domino
2052 3624 2118 3678 de
2151 3639 2366 3694 corpore
2405 3639 2500 3678 suo
2529 3641 2544 3677 :
2576 3626 2712 3680 Caro
2749 3639 2868 3678 mea
2896 3641 3017 3679 cere
3042 3629 3120 3678 est
3147 3625 3312 3686 cibus,
3341 3628 3392 3679 et
3417 3629 3650 3695 sanguis
3680 3640 3824 3680 meus

449 3729 570 3768 vere
593 3717 670 3768 est
690 3716 868 3783 potus.
897 3713 1153 3767 Alterum
1181 3729 1312 3766 cum
1339 3712 1417 3767 ait
1447 3729 1460 3766 :
1495 3715 1814 3782 Antiquitas
1837 3715 2039 3768 sanctis
2067 3714 2321 3768 Patribus
2346 3715 2479 3780 fuit,
2507 3717 2570 3767 ut
2595 3714 2726 3768 dum
2753 3715 2998 3768 sacerdos
3022 3715 3343 3770 oblationem
3369 3717 3661 3785 frangeret
3683 3715 3826 3770 vide-

451 3805 613 3858 batur
639 3805 798 3873 quasi
838 3803 1061 3872 angelus
1097 3805 1196 3857 Dei
1235 3803 1475 3856 membra
1511 3803 1774 3870 fulgentis
1811 3805 1975 3873 pueri
2011 3804 2180 3858 cultro
2221 3803 2509 3863 concidere,
2538 3807 2589 3857 et
2629 3805 2946 3871 sanguinem
2983 3803 3092 3872 ejus
3140 3806 3199 3858 in
3245 3805 3464 3860 calicem
3505 3805 3822 3876 excipiendo

449 3894 715 3960 colligere,
746 3894 808 3945 ut
829 3893 1070 3945 aeracius
1095 3891 1292 3946 diceret
1316 3891 1535 3946 verbum
1563 3892 1768 3946 dicente
1795 3892 2030 3953 domino,
2062 3907 2276 3946 carnem
2307 3891 2418 3959 ejus
2445 3906 2551 3946 esse
2578 3891 2752 3945 cibum
2777 3895 2828 3946 et
2852 3894 3168 3961 sanguinem
3193 3908 3300 3948 esse
3317 3897 3532 3964 potum.
3605 3923 3612 3931 -

523 3988 824 4059 Reliquum
851 3991 936 4042 est
958 3992 1024 4042 ut
1049 3987 1117 4041 de
1142 3991 1369 4041 auctore
1395 3988 1566 4058 hujus
1597 3989 1782 4060 operis
1811 3993 1870 4044 et
1897 3989 1966 4044 de
1993 3993 2250 4059 tempore
2277 4004 2390 4058 quo
2415 3987 2688 4059 scriptum
2709 3988 2780 4042 sit
2800 3988 3048 4044 breviter
3072 3989 3445 4060 inquiramus.
3469 3991 3549 4045 De
3570 3995 3818 4058 auctore,

453 4094 584 4132 cum
610 4091 821 4130 nomen
849 4075 971 4146 ejus
999 4092 1111 4129 non
1139 4076 1405 4146 praeferat
1423 4081 1578 4131 vetus
1601 4077 1784 4132 Codex
1812 4077 1989 4132 sancti
2019 4076 2237 4132 Martini
2266 4077 2810 4147 Augustodunensis,
2830 4093 2899 4132 ex
2926 4095 3037 4149 quo
3063 4079 3202 4133 illud
3223 4079 3656 4151 descripsimus,
3679 4078 3821 4134 nihil

454 4169 607 4221 certo
637 4164 872 4220 definire
910 4181 1240 4236 possumus;
1288 4166 1641 4236 conjecturas
1679 4169 1902 4221 tantum
1940 4167 2163 4221 damus.
2213 4165 2376 4219 Initio
2418 4165 2540 4219 haec
2579 4166 2894 4236 leguntur:
2927 4168 3222 4224 Germanus
3259 4171 3538 4239 episcopus
3579 4173 3821 4225 Parisius

451 4255 666 4324 scripsit
690 4253 756 4307 de
791 4255 975 4308 missa.
1010 4253 1190 4324 Igitur
1215 4258 1315 4310 aut
1341 4255 1604 4310 Germani
1641 4255 1818 4310 fetum
1861 4256 1955 4310 hic
1985 4271 2102 4309 esse
2133 4254 2545 4322 existimamus,
2573 4259 2671 4310 aut
2694 4255 3013 4326 prolixioris
3040 4257 3162 4328 ejus
3187 4258 3373 4328 Operis
3401 4257 3720 4328 epitomen,
3751 4257 3818 4310 ab

453 4345 644 4414 aliquo
674 4341 794 4412 ejus
820 4341 1094 4412 discipulo
1121 4343 1496 4416 conscriptam
1527 4348 1584 4399 et
1611 4344 1756 4399 forte
1784 4349 1844 4400 in
1873 4343 2136 4399 Eduensi
2163 4343 2338 4397 sancti
2365 4343 2758 4414 Symphoriani
2794 4345 3064 4415 coenobio,
3092 4345 3190 4401 ubi
3218 4346 3312 4402 ille
3339 4346 3519 4401 vitam
3548 4345 3816 4403 monasti-

455 4449 580 4487 cam
608 4431 996 4503 proﬁtebatur,
1025 4431 1356 4504 priusquam
1389 4433 1459 4488 ad
1485 4433 1688 4498 infulas
1717 4433 1966 4488 ecclesias
1994 4432 2320 4487 Parisiensis
2347 4433 2700 4488 eveheretur.

525 4533 602 4586 De
629 4534 884 4602 tempore
927 4547 1040 4602 quo
1079 4531 1288 4602 scripta
1326 4532 1497 4588 fuerit
1539 4549 1778 4604 sequens
1811 4533 1998 4586 missae
2039 4531 2336 4586 Gallicanae
2378 4531 2682 4603 Expositio,
2715 4533 2826 4588 duo
2867 4534 3007 4588 mihi
3052 4539 3205 4590 certo
3240 4539 3500 4591 constare
3536 4536 3816 4600 videntur,

453 4621 705 4692 primum
731 4625 856 4691 post
879 4624 1232 4692 assumptum
1263 4621 1333 4676 ad
1353 4621 1542 4676 sedem
1565 4622 1938 4687 Parisiensem
1965 4621 2340 4688 Germanum;
2368 4619 2612 4674 alterum
2631 4624 2762 4676 ante
2791 4623 3119 4694 abrogatam
3149 4625 3208 4679 in
3238 4625 3538 4680 Gallicanis
3564 4623 3818 4680 Ecclesiis

453 4711 745 4780 antiquam
772 4713 1003 4780 patrum
1035 4713 1361 4766 nostrorum
1392 4711 1726 4782 Liturgiam,
1759 4728 1888 4782 qua:
1915 4709 2106 4764 statim
2135 4711 2262 4781 post
2288 4708 2581 4764 inductam
2619 4711 2742 4782 ejus
2769 4711 2892 4766 loco
2921 4712 3152 4767 missam
3179 4715 3497 4768 Romanam
3524 4730 3643 4769 non
3671 4727 3818 4766 com-

453 4799 644 4870 paruit
669 4797 934 4869 scriptam
965 4799 1135 4856 fuisse
1166 4815 1179 4854 :
1208 4800 1267 4854 id
1299 4803 1493 4854 autem
1535 4800 1746 4854 factum
1773 4787 1816 4854 ai
1831 4799 2025 4854 Carolo
2067 4799 2285 4870 Magno,
2313 4799 2578 4854 hortante
2613 4799 2857 4856 Adriano
2882 4818 3047 4872 papa,
3075 4803 3246 4873 vulgo
3273 4803 3477 4858 docent
3501 4803 3603 4875 qui
3639 4802 3708 4856 de
3734 4801 3818 4854 his

453 4888 622 4942 rebus
645 4887 958 4942 accuratius
986 4889 1354 4960 scripserunt,
1388 4889 1494 4942 hoc
1523 4893 1608 4943 est
1643 4889 1746 4943 sub
1784 4890 1958 4943 finem
1987 4887 2176 4942 saeculi
2205 4903 2321 4942 vui.
2351 4888 2560 4943 Verum
2587 4892 2650 4942 ut
2677 4889 2747 4943 ad
2787 4889 3048 4944 Germani
3087 4891 3333 4963 episcopi
3371 4896 3638 4962 tempora
3675 4890 3815 4944 hanc

453 4977 815 5048 scriptionem
845 4977 1108 5045 referam,
1139 4977 1280 5030 illud
1309 4977 1463 5046 facit,
1497 4977 1649 5048 quod
1696 4981 1826 5048 post
1851 4979 2020 5032 lectas
2061 4981 2385 5031 sanctorum
2426 4978 2657 5031 Patrum
2695 4978 2976 5048 homilias,
3007 4979 3252 5036 declarat
3287 4998 3488 5052 preces
3511 4999 3546 5034 a
3582 4979 3816 5036 diacono

452 5081 622 5136 super
650 5065 1085 5120 catechtunenos
1110 5066 1284 5120 factas
1309 5069 1439 5119 ante
1465 5081 1664 5120 eorum
1691 5071 1748 5120 et
1775 5066 2088 5122 inﬁdelium
2109 5065 2176 5120 de
2197 5065 2428 5119 ecclesia
2449 5065 2802 5135 ejectionem,
2824 5067 2920 5138 qui
2952 5067 3095 5122 ritus
3120 5069 3214 5122 vix
3249 5069 3518 5124 Germani
3557 5075 3813 5140 tempora

451 5153 662 5224 attigit.
690 5154 1043 5224 Quapropter
1068 5155 1263 5208 saltem
1292 5153 1480 5208 medio
1506 5155 1710 5208 saeculo
1739 5171 1790 5208 v1
1818 5171 1958 5226 opus
1983 5170 2222 5226 sequens
2248 5153 2520 5223 scriptum
2549 5154 2716 5209 fuisse
2747 5155 3157 5226 existimamus,
3188 5158 3350 5228 cujus
3381 5158 3470 5212 vel
3498 5158 3813 5214 inconditus

453 5240 732 5294 scribendi
768 5241 970 5295 modus
999 5245 1054 5296 et
1100 5243 1355 5298 barbarae
1397 5259 1560 5298 voces
1596 5244 1991 5316 antiquitatem
2031 5244 2447 5308 demonstrant;
2480 5244 2628 5299 unde
2659 5250 2713 5299 et
2740 5243 2939 5316 religio
2974 5245 3136 5301 nobis
3161 5247 3269 5301 fuit
3301 5247 3620 5321 quidquam
3652 5249 3709 5302 in
3737 5247 3810 5301 eis

454 5333 760 5400 corrigere.
1495 5333 1504 5345 ‘
