3968 6444
1286 415 1296 432 Ι

155 432 3496 480 Μ

901 473 1935 740 EXPDSITIO
2061 596 2757 746 BREVIS
2839 589 2949 750 λ

234 820 1152 976 ANTIQUE
1259 826 2172 955 LITUBGIE
2275 835 3387 962 GALLIGANE

975 1025 1090 1106 IN
1169 1026 1455 1111 DUAS
1535 1031 2114 1114 EPISTOLAS
2191 1034 2675 1118 DIGESTA.

1400 1189 2287 1228 ψ

1218 1309 1534 1412 ΕΡ18
1550 1311 1888 1416 ΤοιΑ
1967 1313 2445 1432 PRIMA,

199 1475 500 1530 QUOMODO
548 1479 873 1527 SOLEMNIS
918 1483 1081 1530 OBDO
1123 1485 1424 1531 ECCLESUE
1468 1484 1718 1540 AGITUR,
1765 1487 2066 1541 QUIBUSVE
2108 1486 2646 1534 INSTRUCTIONIBUS
2685 1489 2886 1535 CANON
2928 1489 3423 1538 ECCLESIASTICUS

1639 1565 2022 1610 DECORATUB.

197 1753 516 1810 Germanus
542 1758 854 1830 episcopus
898 1760 1138 1815 Parisius
1177 1761 1398 1833 scripsit
1440 1761 1508 1816 de
1556 1760 1724 1816 missa
1757 1779 1770 1817 :
1797 1774 1853 1845 Α
1873 1759 2076 1816 Christi
2104 1762 2350 1817 Hebraeis
2374 1763 2570 1819 litteris
2595 1765 2786 1820 edidit.
2813 1765 3037 1820 Servate
3055 1781 3190 1837 ergo
3216 1766 3489 1822 honorem

139 1845 398 1900 —Prima
425 1847 616 1919 igitur
632 1867 698 1904 ac
718 1867 947 1906 summa
962 1853 1218 1908 omnium
1230 1854 1588 1910 carismatum
1607 1855 1774 1909 missa

137 1941 376 2007 canetur,
433 1940 496 1994 in
539 1945 1090 2000 commemoratione
1129 1946 1326 2001 mortis
1363 1945 1602 2014 Domini,
1644 1947 1777 2019 quia

137 2046 270 2084 mors
295 2031 520 2088 Christi
547 2033 699 2090 facta
729 2041 815 2092 est
841 2037 955 2091 vita
989 2038 1208 2108 mundi,
1237 2043 1302 2094 ut
1329 2039 1612 2095 offerendo
1641 2056 1774 2111 pro-

135 2121 295 2179 ﬁcerit
325 2124 389 2178 in
419 2127 615 2182 salute
637 2127 954 2183 viventium
993 2134 1048 2184 et
1071 2131 1328 2202 requiem
1362 2131 1773 2188 defunctorum.

667 2223 755 2279 DE
809 2227 1256 2282 PRZELEGERE.

194 2310 529 2382 Antiphona
568 2311 645 2366 ad
683 2313 1051 2385 prmlegendo
1075 2319 1326 2384 canetur,
1377 2316 1435 2370 in
1468 2317 1648 2388 specie
1673 2335 1772 2388 pa-

133 2402 510 2458 triarcharum
556 2404 790 2460 illorum
839 2407 937 2477 qui
975 2412 1102 2462 ante
1151 2408 1444 2478 diluvium,
1475 2409 1777 2466 adventum

133 2494 320 2549 Christi
355 2495 630 2566 mysticis
655 2495 889 2552 vocibus
917 2503 1242 2570 tonuerunt,
1290 2500 1432 2555 sicut
1469 2502 1615 2556 Enoc
1656 2519 1776 2573 sep-

133 2586 284 2640 timus
310 2587 388 2641 ab
421 2588 634 2655 Adam,
665 2589 764 2660 qui
791 2591 1094 2645 translatus
1135 2596 1220 2646 est
1253 2608 1285 2645 a
1321 2593 1454 2659 Deo,
1482 2594 1776 2664 propheta-

133 2679 196 2732 vit
221 2680 426 2734 dicens
459 2697 474 2734 :
509 2683 649 2735 Ecce
676 2685 826 2735 venit
850 2685 1110 2738 Dominus
1133 2686 1188 2737 in
1208 2667 1410 2738 sanctis
1436 2687 1774 2742 mirabilibus

130 2775 227 2825 sm’s
250 2777 446 2840 facere
461 2773 752 2840 judicium
781 2774 978 2844 (Judw,
1009 2777 1113 2844 14),
1145 2780 1201 2830 et
1228 2776 1464 2847 reliqua.
1483 2778 1638 2842 Quod
1671 2783 1776 2832 tes-

129 2864 431 2918 timonium
457 2865 640 2920 Judas
669 2866 958 2936 apostolus
985 2867 1162 2922 frater
1183 2868 1404 2936 Jacobo,
1451 2869 1508 2922 in
1535 2870 1777 2940 Epistola

131 2973 214 3010 sua
242 2963 697 3013 commemorat.
726 2958 883 3014 Sicut
930 2959 1082 3013 enim
1117 2961 1582 3031 prophetantibus
1625 2963 1778 3019 venit

130 3065 319 3103 manus
349 3049 592 3104 Domini
640 3067 816 3122 super
857 3067 1066 3120 arcam,
1099 3057 1159 3106 ut
1197 3053 1258 3106 in
1311 3053 1585 3107 damnatis
1622 3055 1779 3110 daret

1873 1853 2102 1924 linguas,
2131 1871 2257 1925 quae
2278 1855 2458 1926 prima
2483 1857 2850 1928 Evangelium
2869 1858 3073 1912 Christi
3100 1859 3184 1912 vel
3206 1875 3304 1913 suo
3333 1859 3490 1914 senio

1875 1946 2088 2016 recipit,
2115 1946 2202 2000 vel
2229 1947 2342 2000 suis
2360 1948 2559 2002 litteris
2580 1949 2768 2004 docuit
2794 1949 3042 2020 primum
3073 1951 3373 2005 canticum.
3406 1952 3488 2005 ln-

1873 2037 2111 2108 cipiente
2149 2039 2390 2110 praesule
2428 2040 2678 2094 Ecclesia:
2718 2041 2888 2095 Aiusc
2923 2042 3123 2112 psallet
3160 2041 3346 2096 dicens
3382 2043 3486 2096 La-

1873 2129 1992 2184 tino
2019 2147 2148 2184 cum
2172 2131 2380 2200 Grmco,
2403 2136 2469 2186 ut
2493 2133 2747 2186 ostendat
2763 2133 3025 2202 junctum
3071 2135 3489 2190 Testamentum

1873 2223 2040 2276 Vetus
2077 2228 2133 2278 et
2157 2223 2392 2278 Novum.
2423 2225 2642 2278 Dictum
2669 2227 2838 2280 Amen
2865 2241 2933 2280 ex
2963 2225 3195 2280 Hebraeo
3226 2226 3399 2280 instar
3425 2226 3492 2280 ti-

1873 2315 1978 2370 tuli
2013 2316 2163 2386 quod
2188 2315 2247 2370 in
2274 2315 2520 2371 trinitate
2548 2317 2872 2388 linguarum
2907 2317 3208 2389 instigante
3230 2319 3340 2372 Deo
3353 2319 3492 2373 Pila-

1873 2409 1962 2461 tus
1988 2407 2174 2478 posuit
2202 2424 2372 2478 super
2405 2425 2629 2463 crucem
2655 2409 2924 2464 conﬁtens
2963 2411 3217 2481 quamvis
3259 2411 3491 2481 ignarus

1872 2502 2019 2553 Iesus
2057 2503 2388 2562 Nazarenus,
2439 2500 2495 2554 id
2536 2505 2620 2555 est
2665 2501 2928 2556 Sanctum
2977 2506 3032 2556 et
3077 2503 3306 2573 Regem.
3358 2503 3490 2556 Tres

1873 2594 2063 2644 autem
2091 2591 2299 2661 parvoli
2331 2591 2429 2662 qui
2459 2608 2554 2647 ore
2579 2609 2694 2646 uno
2720 2597 3014 2663 sequentes
3055 2595 3255 2663 Khyrie
3279 2595 3490 2650 Eleison

1875 2682 2103 2736 Hebraea
2127 2683 2332 2737 scilicet
2357 2684 2545 2737 Grarca
2585 2689 2641 2738 et
2677 2685 2888 2754 Latina,
2931 2685 3018 2740 vel
3055 2685 3229 2740 trium
3266 2689 3485 2756 tempo-

1875 2791 2000 2828 rum
2024 2775 2236 2845 saeculi,
2259 2779 2387 2830 ante
2401 2777 2584 2847 legem
2605 2777 2812 2832 scilicet
2829 2778 2930 2832 sub
2949 2779 3073 2850 lege
3091 2782 3146 2833 et
3169 2778 3272 2832 sub
3290 2778 3486 2848 gratia.

2408 2873 2508 2941 pe
2544 2873 2944 2928 PBOPHETIA.

1945 2959 2272 3014 Canticum<l
2315 2965 2503 3014 autem
2531 2961 2810 3015 Zacharias
2831 2961 3110 3032 pontificis
3129 2961 3188 3015 in
3217 2962 3489 3016 honorem

1877 3051 2051 3106 sancti
2077 3051 2342 3106 Johannis
2371 3053 2630 3124 Baptistae
2659 3058 2931 3120 cantatur,
2960 3071 3062 3124 pro
3097 3070 3163 3108 eo
3191 3055 3340 3124 quod
3370 3056 3489 3126 pri-

127 3142 383 3212 reliquias
441 3147 656 3212 terrae;
701 3121 780 3196 ita
837 3143 1206 3214 psallentibus
1259 3144 1473 3199 clericis
1527 3121 1853 3216 proceditB
1877 3143 2158 3198 mordium
2204 3144 2395 3198 salutis
2438 3121 2495 3198 in
2535 3146 2794 3216 baptismi
2837 3121 3181 3201 sacramenta
3208 3121 3488 3214 consistit,

126 3235 375 3288 sacerdos
421 3235 484 3289 in
535 3235 727 3306 specie
765 3235 977 3290 Christi
1011 3236 1078 3290 de
1116 3236 1358 3291 sacrario
1395 3241 1664 3309 tanquam
1706 3239 1776 3294 de

125 3327 250 3380 cmlo
287 3328 350 3383 in
390 3343 533 3381 arca
572 3327 818 3396 Domini,
867 3344 992 3399 quae
1031 3332 1114 3382 est
1142 3328 1379 3383 Ecclesia
1415 3333 1480 3383 ut
1523 3334 1638 3385 tam
1663 3347 1778 3386 mo-

124 3420 370 3474 nendum
399 3427 427 3455 ⁸
455 3437 640 3492 quam
667 3420 1092 3475 exhortandum
1117 3421 1329 3476 nutriat
1355 3421 1414 3475 in
1441 3422 1602 3493 plebe
1628 3423 1775 3479 bona

124 3528 302 3582 opera,
333 3517 396 3569 et
423 3513 736 3585 extinguat
765 3513 937 3568 mala.

734 3610 824 3664 DE
863 3610 1190 3666 SILENTIO.

183 3698 499 3752 Silentium
535 3701 736 3752 autem
779 3697 1049 3752 diaconus
1091 3715 1196 3770 pro
1233 3698 1451 3754 duobus
1487 3701 1654 3756 rebus
1681 3719 1776 3758 an-

121 3792 370 3859 nunciat,
432 3789 653 3845 scilicet
703 3793 770 3845 ut
809 3795 1003 3844 tacens
1064 3791 1306 3862 populus
1350 3791 1554 3847 melius
1586 3795 1777 3850 audiat

117 3883 355 3937 verbum
389 3883 516 3951 Dei,
547 3886 607 3937 et
634 3881 798 3937 sileat
834 3899 933 3936 cor
975 3887 1234 3938 nostrum
1271 3883 1340 3938 ab
1380 3885 1534 3938 omni
1573 3886 1777 3957 cogita-

122 3976 266 4030 tione
287 3975 549 4043 sordida,
583 3991 700 4046 quo
729 3974 938 4029 melius
967 3974 1272 4046 recipiatur
1297 3976 1533 4031 verbum
1558 3961 1692 4033 Dei.-

182 4069 462 4124 Sacerdos
493 4067 626 4122 ideo
653 4067 824 4122 datur
847 4067 1082 4139 populo,
1107 4072 1169 4122 ut
1197 4067 1334 4123 dum
1362 4068 1455 4124 ille
1495 4069 1774 4126 benedicit

117 4160 278 4230 plebe
309 4161 516 4216 dicens
552 4177 566 4214 :
601 4162 864 4216 Dominus
893 4162 966 4214 sit
990 4176 1196 4230 semper
1230 4161 1515 4225 vobiscum,
1543 4163 1612 4216 ab
1651 4180 1773 4218 om-

117 4252 280 4307 nibus
307 4252 699 4308 benedicatur
744 4252 1063 4307 dicentibus
1093 4269 1107 4306 :
1138 4255 1208 4308 Et
1262 4269 1380 4307 cum
1419 4257 1616 4324 spiritu
1641 4259 1730 4310 tuo
1757 4273 1773 4310 :

115 4351 174 4398 ut
209 4351 376 4400 tanto
421 4345 615 4416 magis
653 4345 750 4400 ille
801 4344 1014 4416 dignus
1053 4344 1124 4398 sit
1165 4345 1375 4416 populo
1423 4346 1774 4414 benedicere,

115 4444 425 4507 quantum,
467 4439 701 4492 favente
731 4438 865 4505 Deo,
894 4437 963 4492 de
1002 4453 1098 4492 ore
1135 4437 1305 4492 totius
1348 4439 1541 4510 populi
1580 4439 1778 4511 recipit

116 4529 612 4587 benedictionem.

778 4623 866 4676 DE
917 4623 1070 4677 AlIIS
1100 4622 1147 4678 δ.

174 4719 320 4773 Aius
370 4732 518 4771 vero
567 4720 702 4771 ante
751 4715 1052 4786 prophetia
1107 4731 1208 4786 pro
1263 4715 1368 4770 hoc
1410 4719 1664 4771 cantatur
1718 4717 1776 4772 in

117 4811 308 4866 Graeca
335 4811 570 4882 lingua,
619 4809 756 4880 quia
796 4807 1120 4880 prmdicatio
1156 4808 1289 4862 Novi
1339 4809 1676 4864 Testamenti
1719 4809 1777 4864 in

118 4905 332 4958 mundo
386 4919 500 4974 per
548 4901 748 4956 Greca
800 4899 1000 4970 lingua
1041 4899 1328 4971 processit,
1378 4905 1609 4971 excepto
1663 4902 1775 4955 Ma-

119 4996 242 5050 theo
295 4995 588 5070 apostolo,
647 4992 750 5065 qui
793 4992 1016 5064 primus
1077 4992 1137 5046 in
1188 4993 1363 5048 Judea
1411 4993 1775 5064 Evangelium

179 5168 204 5196 ⁸
229 5163 289 5218 ld
319 5169 406 5218 est
435 5159 738 5217 monendo
763 5161 818 5212 et
851 5157 1225 5212 exhortando.

178 5231 207 5306 ’ξ
232 5235 368 5288 Aius
394 5251 505 5306 pro
537 5231 718 5306 Agios
749 5229 845 5306 hic
872 5228 1008 5306 pon_i
1036 5243 1207 5306 nemo
1242 5245 1356 5306 non
1402 5230 1572 5296 videt,
1601 5229 1769 5306 intel-

129 5298 418 5376 ligiturqué
446 5305 520 5361 de
561 5298 808 5376 trisagio
839 5314 937 5351 seu
968 5298 1131 5376 brevi
1159 5299 1410 5376 oratione
1433 5317 1605 5376 quam
1645 5300 1773 5376 cho-

133 5368 205 5427 nis
222 5368 347 5438 post
373 5368 858 5432 benedictionem
886 5373 1015 5422 ante
1041 5368 1399 5438 prophetiam
1417 5368 1767 5437 decantabat,

134 5438 326 5512 qualem
355 5449 506 5503 forte
533 5445 805 5515 legimus
835 5438 894 5515 in
931 5438 1100 5515 missa
1139 5439 1490 5515 Mezarabum
1535 5441 1592 5495 in
1621 5441 1771 5494 hunc

137 5510 347 5587 modum,
377 5521 577 5591 Agim,
600 5510 1033 5591 19‘1'08,_Agio8,
1056 5511 1281 5591 Domi-ne
1309 5513 1571 5591 Deus‘rea:
1613 5516 1768 5591 teter-

121 5594 185 5653 pe,
215 5592 308 5647 ab,“
327 5578 529 5648 Ῐααᾶεε
557 5578 639 5642 ἐτ
670 5578 938 5653 bruttius:
962 5582 1074 5653 Aut
1109 5578 1358 5653 similent
1405 5579 1484 5632 illi
1513 5597 1686 5653 quam
1712 5581 1771 5634 in

103 5645 703 5721 Psaméé’ébicinii
725 5647 1170 5721 EcclesiaAgios
1206 5665 1237 5704 ο
1283 5651 1462 5711 Theos,
1495 5645 1664 5720 A'gios
1687 5653 1768 5706 Is-

87 5715 1276 5810 τᾶάὶὁὲλὸῶἷίίυιαηαἑοὶθείίὲοίξ,ἰηξειὶε

53 5838 82 5868 ,_.
142 5787 482 5868 ’ἔῇἕιῖιῖ
509 5787 1022 5868 ῥὲιιτειεοενθξηάίε
1070 5789 1329 5868 Ecclesia_
1353 5789 1538 5868 G_ra:ce
1582 5793 1639 5868 et
1664 5790 1766 5868 La-

57 5857 83 5907 t
119 5857 488 5947 ne'geaﬁgt
509 5857 742 5944 Ἀσίω
781 5877 817 5917 ο
870 5858 1052 5924 Thoas,
1095 5859 1260 5930 Agios
1297 5859 1555 5929 Ischyros,
1603 5861 1768 5930 Agios

1875 3236 2025 3307 quod
2054 3237 2113 3290 in
2140 3236 2517 3294 ministerium
2541 3238 2808 3292 Johannis
2853 3239 2964 3292 Deo
2992 3239 3233 3294 donante
3264 3239 3496 3310 suscipit

1875 3332 1931 3382 et
1956 3327 2241 3384 deﬁciente.
2284 3329 2476 3383 umbra
2522 3330 2744 3396 veteris,
2786 3335 2843 3385 et
2880 3331 3095 3386 oriente
3138 3347 3280 3386 nova
3321 3334 3492 3386 Evan-

1877 3420 2004 3491 gelii
2030 3421 2277 3476 claritate
2313 3421 2590 3476 Johannes
2611 3423 2829 3477 medius
2846 3426 2929 3477 est
2952 3424 3358 3494 prophetarum
3382 3440 3488 3478 no-

1875 3513 2132 3566 vissimus
2160 3517 2215 3567 et
2239 3514 2706 3584 evangelistarum
2735 3514 2951 3585 primus
2974 3519 3101 3570 ante
3120 3515 3314 3570 faciem
3345 3532 3490 3570 verte

1876 3605 2036 3660 Lucis
2073 3605 2296 3660 radians
2333 3605 2561 3660 lucerna
2600 3606 2754 3660 fulsit
2783 3623 2796 3660 :
2826 3607 2952 3660 ideo
2985 3607 3280 3678 prophetia
3318 3624 3488 3678 quam

1874 3702 2033 3768 pater
2059 3698 2180 3768 ejus
2203 3697 2324 3768 ipso
2348 3700 2608 3752 nascente
2634 3697 2853 3768 cecinit,
2879 3698 3107 3752 alternis
3131 3699 3357 3753 vocibus
3392 3715 3483 3752 ec-

1838 3829 1848 3838 .
1875 3789 2037 3844 clesia
2056 3790 2274 3861 psallet.

2175 3887 2261 3942 DE
2297 3886 2654 3942 PROPHETA
2695 3887 2776 3942 ET
2813 3886 3184 3942 APOSTOLO.

1945 3975 2126 4029 Lectio
2154 3990 2285 4028 vero
2313 3974 2640 4046 prophetica
2666 3991 2832 4028 suum
2856 3978 3010 4029 tenet
3039 3974 3315 4043 ordinem,
3345 3978 3491 4028 vete-

1875 4067 1953 4120 ris
1971 4066 2227 4121 videlicet
2253 4066 2570 4121 testamenti
2591 4067 2897 4138 corripiens
2912 4066 3057 4120 mala
3081 4070 3138 4121 et
3148 4067 3492 4121 adnuncians

1875 4159 2082 4226 futura,
2109 4163 2174 4214 ut
2191 4158 2573 4230 intelligamus
2599 4159 2786 4230 ipsum
2812 4160 2987 4214 Deum
3009 4175 3146 4226 esse,
3162 4159 3258 4230 qui
3284 4159 3342 4212 in
3368 4176 3492 4228 pro-

1875 4251 2066 4322 phetia
2093 4251 2292 4320 tonuit,
2321 4268 2488 4322 quam
2516 4251 2615 4322 qui
2641 4255 2698 4306 et
2731 4251 2789 4306 in
2819 4251 3080 4322 Apostolo
3107 4250 3312 4322 docuit,
3346 4256 3401 4306 et
3429 4251 3488 4306 in

1876 4343 2204 4414 Evangelico
2234 4344 2527 4416 splendore
2553 4343 2788 4398 refulsit.

2430 4442 2517 4494 DE
2555 4439 2929 4496 APOSTOLO.

1798 4524 1851 4596 C
1945 4527 2100 4590 Quod
2129 4527 2280 4580 enim
2324 4526 2600 4598 propheta
2643 4527 2846 4580 clamat
2879 4527 3156 4595 futurum,
3207 4525 3490 4596 apostolus

1876 4619 2035 4673 docet
2057 4619 2288 4673 factum.
2318 4622 2484 4672 Actus
2522 4623 2713 4673 autem
2751 4619 3128 4688 apostolorum
3167 4618 3251 4672 vel
3277 4621 3488 4689 Apoca-

1875 4711 2044 4783 lypsis
2068 4707 2333 4766 Johannis
2356 4729 2459 4783 pro
2486 4711 2728 4766 novitate
2755 4710 2944 4781 gaudii
2982 4711 3258 4766 Paschalis
3286 4711 3486 4782 legun-

1878 4808 1986 4871 tur,
2016 4807 2296 4858 servantes
2321 4803 2577 4858 ordinem
2608 4807 2926 4874 temporum
2955 4804 3097 4858 sicut
3131 4804 3361 4858 historia
3394 4805 3488 4856 Te-

1875 4896 2138 4951 stamenti
2165 4897 2377 4950 Veteris
2415 4897 2472 4950 iu
2515 4896 3010 4968 Quinquagesimo,
3046 4897 3132 4950 vel
3171 4901 3322 4965 gesta
3359 4911 3485 4948 san-

1873 4992 2132 5043 ctorum°
2191 4989 2570 5044 confessorum
2598 5005 2661 5044 ac
2690 4992 3002 5059 martyrum
3037 4988 3093 5041 in
3119 4986 3485 5041 solemnitati-
3520 4995 3530 5006 ‘

1873 5157 2172 5210 Athanatos
2197 5157 2403 5224 eleyson
2432 5157 2590 5209 imas.
2611 5157 2836 5211 Sanctus
2864 5157 3019 5215 Deus,
3045 5154 3270 5209 Sanctus
3306 5155 3487 5220 fortis,

1870 5230 2094 5284 Sanctus
2120 5227 2438 5280 immortalis
2461 5228 2706 5279 miserere
2724 5225 2892 5278 nobis.

1938 5295 1965 5335 ά
1993 5295 2279 5351 Canticum
2307 5296 2444 5348 illud
2496 5295 2704 5365 ipsum,
2729 5299 2811 5348 est
2856 5294 3003 5365 quod
3049 5294 3292 5350 refertur
3323 5294 3486 5365 Lucae

1870 5368 2051 5438 capite
2101 5382 2140 5433 1,
2189 5366 2454 5488 guodque
2504 5364 2746 5418 Ecclesia
2796 5364 3045 5446 quotidie
3095 5365 3152 5418 in
3199 5364 3488 5418 matutinis

1872 5436 2150 5488 Laudibus
2213 5440 2542 5488 reauentare
2580 5435 2739 5488 solet.
2785 5436 2995 5488 scilicet
3028 5436 3334 5488 Benedictus
3381 5438 3485 5488 Do-

1872 5435 2150 5491 l.aizdibus
2189 5435 2542 5506 frequentare
2580 5435 2739 5501 solet,
2785 5435 2995 5490 seilicet
3028 5436 3334 5490 Benedictus
3381 5438 3485 5490 Do-

1869 5511 2044 5562 minus
2069 5510 2204 5561 Deus
2228 5507 2414 5567 Israel,
2443 5509 2550 5560 etc.

1939 5587 1960 5614 °
1987 5581 2122 5631 Acta
2161 5581 2478 5630 sanctorum
2506 5580 2833 5646 martyrum
2871 5578 2939 5646 et,
2995 5575 3376 5646 confessorum
3429 5574 3487 5646 in

1870 5646 2129 5718 Liturgia
2143 5647 2420 5718 Gallicana
2444 5645 2588 5718 olim
2603 5643 2844 5718 recitata
2864 5645 3036 5718 fuisse
3081 5643 3482 5718 demonstravi-

1869 5733 1994 5772 mus
2020 5715 2077 5770 in
2097 5716 2195 5772 lib.
2225 5733 2243 5770 ι
2269 5717 2338 5772 de
2363 5715 2622 5786 Antiquis
2645 5715 2899 5770 Ecclesiae
2927 5715 3272 5786 ritibusgcap‘.
3305 5716 3354 5778 4,
3376 5716 3481 5765 art.

1869 5788 1920 5857 4,
1953 5803 2123 5860 quem
2152 5787 2324 5842 ritum
2353 5783 2588 5840 Ecclesia
2620 5787 2868 5842 Romana
2894 5800 3007 5838 non
3036 5783 3354 5855 recipiebat.
