3968 6430
499 387 558 450 91
1501 397 1730 459 Saxon
1767 402 2062 460 cumam
2102 399 2506 456 mmsuaxsns
2546 397 2836 455 EPISCOI’I
3789 395 3850 456 92

495 501 601 559 bus
627 517 845 574 eorum,
876 508 937 562 ut
962 504 1200 579 populus
1234 507 1514 582 intellegit
1553 514 1830 584 quantum
1868 509 2120 566 Christus
2141 519 2200 594 Α
2221 510 2336 565 sola
2361 506 2757 581 praedicatione
2788 509 3100 580 ponuntur,
3136 507 3202 561 ut
3240 501 3510 578 quicquid
3550 501 3848 576 propheta,

497 597 767 651 amaverit
791 598 1086 671 famulum,
1115 601 1253 658 dans
1280 603 1331 658 ei
1355 603 1579 660 virtutis
1619 605 1911 672 indicium,
1941 620 2112 679 quem
2215 603 2530 676 Apostolus,
2561 601 2649 657 vel
2681 600 3046 672 Evangelium
3072 597 3378 669 mandavit,
3406 597 3512 654 hoc
3541 596 3744 652 doctor
3769 596 3853 651 vel

496 689 692 746 devota
727 691 1000 765 plebicula
1030 711 1197 752 suum
1226 697 1463 769 postulat
1491 702 1812 771 patronum.

1087 812 1174 866 DE
1221 813 1524 870 HYMNUM.

563 917 848 988 Hymnum
867 923 1056 976 autem
1074 922 1244 976 trium
1259 940 1586 994 puerorum,
1609 924 1756 996 quod
1787 928 1911 996 post
1930 923 2118 979 lectio-

491 1009 579 1064 nis
603 1015 836 1066 canetur
861 1014 920 1068 in
943 1014 1124 1083 ﬁgura
1151 1021 1470 1072 sanctorum
1496 1021 1773 1087 veterum,
1793 1017 1891 1090 qui
1914 1018 2115 1074 seden-

491 1107 574 1157 tes
602 1103 658 1158 in
687 1106 931 1161 tenebris
963 1109 1267 1166 adventum
1295 1111 1518 1166 Domini
1547 1113 1936 1182 expectabant.
1965 1113 2119 1167 Sicut

493 1195 645 1251 enim
661 1197 768 1252 illis
795 1199 1086 1255 silentibus
1108 1209 1341 1273 quartus
1365 1205 1602 1275 angelus
1627 1205 1808 1259 adfuit
1827 1205 1884 1258 in
1905 1205 2118 1260 nubem

492 1289 655 1358 roris,
683 1289 928 1346 inferens
953 1293 1100 1364 ignis
1128 1296 1382 1351 incendia
1411 1298 1543 1352 vicit
1573 1314 1586 1352 :
1617 1297 1692 1352 ita
1729 1302 1785 1353 et
1813 1297 1930 1353 istis
1953 1299 2116 1353 Chri-

492 1385 577 1434 sto
602 1384 1053 1452 praestolantibus
1077 1387 1196 1459 ipse
1224 1390 1320 1444 Dei
1353 1391 1519 1444 Filius
1543 1390 1736 1461 magni
1763 1391 1978 1445 consilii
2001 1396 2116 1445 An-

494 1474 654 1545 gelus
677 1476 874 1546 adfuit,
898 1480 992 1550 qui
1017 1481 1244 1535 tartaria
1263 1483 1532 1554 frangens
1561 1483 1816 1554 imperia,
1849 1484 2120 1554 gaudium

491 1569 916 1624 resurrectionis
942 1571 1068 1626 illos
1085 1573 1326 1629 libemus
1352 1576 1564 1643 intulit,
1593 1577 1741 1648 quod
1771 1577 2120 1648 Evangelista

495 1661 672 1715 docet.
703 1662 1019 1720 Secundum
1046 1667 1151 1721 hoc
1178 1668 1348 1724 etiam
1373 1669 1603 1724 ecclesia
1633 1675 1813 1724 servat
1839 1670 2117 1740 ordinem,

493 1756 558 1808 ut
581 1752 730 1808 inter
754 1755 1202 1814 benedictionem
1224 1765 1280 1814 et
1306 1762 1672 1832 Evangelium
1699 1763 1860 1818 lectio
1890 1763 2123 1818 interce-

495 1845 587 1901 dat
613 1847 718 1903 nisi
743 1852 963 1904 tantum
985 1853 1152 1906 modo
1181 1855 1621 1924 responsorium,
1645 1857 1798 1928 quod
1824 1874 1856 1910 a
1883 1857 2122 1926 parvolis

493 1943 744 2009 canetur,
779 1942 952 1996 instar
965 1944 1331 2000 innocentum
1360 1948 1456 2018 qui
1477 1949 1653 2018 pressi
1678 1949 1737 2003 in
1759 1949 2124 2019 Evangelium

495 2034 765 2091 consortis
807 2035 1011 2090 Christi
1047 2038 1395 2093 nativitatem
1451 2041 1740 2111 leguntur,
1796 2043 1881 2096 vel
1927 2059 2123 2096 eorum

494 2127 852 2194 parvolorum
898 2129 994 2200 qui
1039 2136 1376 2202 properante
1410 2134 1481 2188 ad
1521 2134 1837 2204 passionem
1879 2135 2121 2204 Domini,

495 2216 812 2274 clamabant
837 2219 894 2274 in
925 2224 1202 2294 templum
1231 2226 1446 2280 Osanna
1473 2228 1582 2281 Fili
1607 2229 1804 2297 David,
1837 2228 2125 2282 Psalmista

496 2315 729 2366 canente
755 2328 822 2367 ex
845 2330 932 2370 ore
959 2318 1255 2383 infantium
1284 2323 1334 2372 ct
1362 2320 1671 2374 laetantium
1691 2323 1975 2391 perfecisti
2001 2323 2122 2376 lau-

495 2403 614 2458 dem
646 2405 753 2475 (Ps.
788 2423 900 2477 Vlll,
939 2411 1013 2479 3).

808 2523 892 2577 DE
931 2525 1084 2580 AlUS
1139 2528 1316 2582 ANTE
1359 2529 1811 2585 EVANGELIUM.

565 2629 717 2682 Tunc
731 2628 788 2682 in
810 2630 1052 2686 adventu
1070 2634 1244 2688 sancti
1261 2636 1549 2706 Evangelii
1569 2636 1720 2690 claro
1741 2637 2126 2692 modulamine

496 2719 680 2774 denuo
713 2723 909 2791 psallat
951 2725 1133 2780 clerus
1171 2728 1305 2781 Aius
1335 2728 1390 2781 in
1428 2729 1610 2798 specie
1635 2730 1967 2799 angelorum
1997 2735 2127 2786 ante

494 2811 693 2866 faciem
729 2815 935 2869 Christi
967 2818 1036 2870 ad
1069 2823 1258 2888 portas
1293 2821 1459 2874 inferi
1488 2821 1853 2875 clamantium
1889 2839 1902 2876 :
1941 2825 2128 2878 Tollite

491 2909 680 2973 portas
699 2910 972 2978 principes
995 2916 1219 2974 vestras,
1252 2917 1302 2967 et
1332 2915 1619 2968 elcvamini
1639 2919 1812 2985 porta:
1832 2917 2127 2979 aeternales,

497 3001 547 3051 et
575 3000 820 3055 introibit
845 3005 1097 3058 Dominus
1121 3007 1384 3060 virtutum
1415 3023 1508 3061 rea:
1534 3009 1718 3076 gloria:
1749 3009 1854 3079 (Ps.
1873 3025 2028 3078 xxm,
2052 3012 2126 3079 7).

1044 3121 1129 3173 DE
1180 3121 1581 3178 EVANGELIO.

569 3224 872 3292 Egreditur
888 3227 1164 3297 processio
1187 3228 1360 3283 sancti
1379 3229 1664 3300 Evangelii
1703 3231 1854 3286 velut
1880 3230 2127 3302 potentia

495 3315 702 3370 Christi
731 3318 1134 3390 triumphantis
1162 3321 1230 3376 de
1259 3325 1460 3392 morte,
1485 3339 1614 3377 cum
1641 3324 1924 3394 praedictis
1948 3341 2129 3378 armo-

497 3409 624 3478 niis,
653 3413 710 3464 et
749 3428 880 3466 cum
923 3417 1136 3484 septem
1177 3401 1521 3470 candelabris
1565 3416 1798 3471 luminis
1837 3434 1964 3488 quae
2001 3422 2132 3472 sunt

499 3505 714 3572 septem
739 3504 886 3559 dona
913 3506 1148 3577 Spiritus
1177 3508 1354 3564 sancti
1383 3509 1466 3564 vel
1497 3525 1548 3564 v.
1577 3510 1720 3580 legis
1761 3511 1977 3564 lumina
2004 3527 2129 3581 my-

501 3595 672 3650 sterio
702 3599 882 3653 crucis
900 3600 1136 3670 confixa,
1158 3603 1462 3657 ascendens
1483 3603 1542 3657 in
1567 3603 1808 3658 tribunal
1825 3603 2066 3673 analogii
2083 3603 2128 3672 ⁸,

499 3691 650 3745 velut
677 3692 930 3747 Christus
957 3694 1146 3748 sedem
1175 3695 1338 3764 regni
1367 3700 1636 3766 paternae,
1673 3701 1734 3750 ut
1761 3697 1889 3751 inde
1931 3697 2133 3750 inlonit

498 3784 643 3838 dona
665 3785 813 3856 vitae,
837 3787 1209 3842 clamantibus
1229 3789 1442 3844 clericis
1465 3791 1649 3846 Gloria
1672 3791 1790 3853 tibi,
1812 3793 2051 3852 Domine,
2073 3791 2132 3844 in

496 3877 677 3946 specie
697 3881 1028 3950 angelorum
1044 3881 1141 3952 qui
1154 3887 1416 3937 nascente
1436 3883 1675 3937 Domino
1692 3885 1875 3940 Gloria
1895 3887 1949 3937 in
1969 3885 2133 3938 excel-

496 3972 570 4025 sis
588 3973 692 4025 Deo
707 3970 849 4040 (Luc.
867 3977 954 4040 u,l
968 3974 1016 4043 4)
1031 3974 1350 4044 pastoribus
1368 3976 1769 4046 apparentibus
1785 3977 2129 4031 cecinerunt.

747 4091 835 4145 DE
873 4093 1168 4148 SANCTUS
1219 4095 1384 4149 POST
1423 4096 1878 4152 EVANGELIL'M.

571 4197 804 4252 Sanctus
846 4201 1037 4254 autem
1075 4201 1226 4271 quod
1271 4201 1545 4256 redeunte
1595 4207 1784 4257 sancto
1829 4204 2130 4274 Evangelia

499 4290 681 4345 clerus
729 4296 937 4362 cantat,
979 4293 1038 4348 in
1087 4294 1269 4364 specie
1332 4300 1674 4365 sanctorum,
1721 4297 1815 4368 qui
1860 4297 2131 4352 redeunte

500 4383 736 4440 Domino
763 4387 892 4440 Jesu
918 4386 1138 4440 Christo
1165 4387 1233 4442 de
1263 4387 1454 4441 inferis
1482 4389 1762 4444 canticum
1807 4391 1984 4445 laudis
2021 4391 2130 4445 Do-

500 4477 718 4556 minuip
745 4481 1032 4550 sequentis
1060 4485 1443 4549 cantaverunt,
1477 4482 1562 4536 vel
1606 4484 1960 4555 septuaginta
1990 4499 2129 4554 qua-

496 4574 626 4624 tuor
651 4572 933 4626 seniorum
977 4590 1118 4644 quos
1159 4573 1217 4628 in
1254 4576 1627 4647 Apocalypsin
1671 4577 1950 4632 Johannes
1985 4594 2132 4630 com-

498 4670 795 4735 memorat,
833 4666 931 4737 qui
976 4668 1263 4722 mittentes
1303 4686 1534 4723 coronas
1574 4687 1700 4725 suas
1748 4675 1877 4726 ante
1905 4672 2129 4741 Agnum

498 4757 659 4813 dulce
684 4759 966 4814 canticum
994 4765 1382 4817 cantaverunt.

1092 4882 1177 4936 DE
1218 4883 1530 4941 OMELIAS.

566 4987 846 5043 Homelias
881 4991 1072 5042 autem
1119 4994 1442 5044 sanctorum
1481 5006 1609 5062 quas
1653 4991 1922 5062 leguntur
1947 4990 1974 5031 δ
2029 5008 2132 5062 pro

570 5140 595 5168 ⁸
625 5128 960 5214 Analogiufn
984 5141 1190 5196 dicitur
1214 5143 1368 5196 locus
1393 5143 1540 5197 altus
1560 5159 1729 5214 supra
1753 5143 2010 5210 chorum,
2037 5145 2128 5199 ubi

500 5215 650 5286 stant
673 5211 813 5286 libri
827 5217 1030 5265 sanctae
1060 5214 1494 5282 praedicationis,
1524 5211 1710 5286 inquit
1737 5216 1930 5286 Petrus
1957 5216 2131 5269 Bohe—

496 5281 615 5358 rius
635 5297 648 5334 :
668 5281 758 5358 cui
786 5282 932 5358 favet
959 5281 1180 5358 sanctus
1206 5286 1445 5338 Isidorus
1469 5281 1569 5358 lib.
1592 5281 1660 5358 iv
1679 5285 1899 5355 Origin.
1927 5303 2048 5358 cap.
2075 5287 2126 5341 4.

498 5353 602 5426 Alii
626 5353 956 5426 analogium
982 5354 1428 5425 interpretantur
1455 5357 1756 5426 pulpitum.

568 5425 596 5463 ι)
625 5424 760 5496 Hinc
795 5425 1022 5490 colliges
1055 5424 1306 5496 pastores
1346 5424 1478 5479 olim
1525 5424 1677 5480 intra
1721 5427 2018 5481 missarum
2049 5445 2131 5482 so-

497 5495 708 5567 lemnia
732 5512 848 5550 non
879 5495 1103 5567 semper
1129 5513 1416 5567 perorasse
1460 5497 1528 5550 ad
1579 5499 1872 5566 populum,
1907 5499 2003 5552 sed
2033 5517 2128 5552 eos

535 5567 595 5620 ui
621 5565 991 5636 impeditioris
1036 5565 1195 5621 erant
1235 5567 1448 5636 linguae
1498 5565 1595 5619 aut
1639 5565 1880 5620 inﬁrmae
1911 5570 2126 5623 valetu-

535 5585 595 5620 ιιι
621 5585 991 5636 impeditioris
1036 5585 1195 5621 erant
1235 5585 1448 5636 linguae
1498 5585 1595 5619 aut
1639 5585 1880 5620 mnrmar
1911 5585 2126 5623 valetu-

497 5585 663 5705 dinis,
693 5639 952 5710 homilias
979 5644 1315 5710 sanctorum
1341 5639 1591 5710 Patrum,
1617 5643 1714 5692 aut
1741 5655 1782 5710 7a
1811 5656 1867 5692 se
1895 5655 2127 5710 compo-

497 5709 627 5762 sitas
655 5709 857 5779 legisse
899 5713 997 5779 aut
1034 5708 1103 5760 ab
1139 5707 1262 5760 aliis
1303 5707 1410 5773 legi
1455 5708 1704 5777 jussisse.
1739 5709 1816 5761 Ita
1859 5707 2130 5765 Caesarius

497 5778 838 5851 Arelatensis
877 5778 1130 5845 antistes,
1160 5795 1290 5830 cum
1333 5782 1566 5849 propter
1596 5779 1976 5851 valetudinem
2007 5783 2129 5851 jam

497 5850 812 5922 concionari
843 5864 946 5918 per
972 5864 1028 5902 se
1067 5864 1180 5901 non
1219 5855 1438 5922 posset;
1491 5867 1522 5903 a
1560 5849 1936 5904 sacerdotibus
1961 5849 2130 5922 atque

499 5920 746 5974 diaconis
791 5933 1080 5975 sermones
1109 5919 1388 5992 proprios,
1417 5924 1514 5974 aut
1545 5925 1863 5975 sanctorum
1901 5919 2132 5978 Ambro-

2216 701 2405 770 pastor
2431 695 2684 751 Ecclesiae
2717 694 2984 767 apertiori
3023 709 3284 749 sermone
3321 691 3533 764 populo
3560 691 3853 763 praedicet,

2217 792 2290 846 ita
2316 795 2435 845 arte
2463 795 2804 860 temperans,
2837 794 2902 844 ut
2925 797 3026 846 nec
3047 787 3330 844 rusticitas
3360 786 3645 856 sapientes
3671 783 3851 839 offen-

2217 884 2328 954 dat,
2358 901 2460 939 nec
2487 886 2678 939 onesta
2705 882 3010 956 loquacitas
3037 882 3272 938 obscura
3297 878 3522 938 rusticis
3551 879 3673 935 ﬁat.

2840 1001 2926 1054 DE
2974 999 3211 1054 PRECE.

2277 1109 2472 1162 Preces
2502 1124 2629 1162 vero
2648 1107 2881 1178 psallere
2907 1107 3098 1162 levitas
3119 1123 3222 1178 pro
3249 1107 3456 1178 populo
3469 1106 3538 1160 ab
3552 1105 3777 1178 origine
3799 1105 3858 1162 1i-

2216 1201 2332 1256 bris
2352 1201 2612 1272 Moysacis
2630 1201 2782 1255 ducit
2798 1201 3112 1269 exordium,
3141 1204 3200 1254 ut
3219 1201 3408 1254 audita
3426 1201 3698 1271 apostolis
3718 1217 3859 1272 prae-

2218 1294 2513 1363 dicatione,
2540 1295 2720 1350 levitae
2750 1312 2854 1366 pro
2881 1294 3090 1366 populo
3118 1295 3510 1365 deprecentur,
3530 1298 3588 1348 et
3608 1294 3859 1348 sacerdo—

2219 1391 2300 1442 tes
2320 1387 2578 1458 prostrati
2603 1393 2732 1443 ante
2759 1388 3061 1442 Dominum
3085 1405 3186 1458 pro
3212 1391 3439 1459 peccata
3465 1387 3671 1459 populi
3693 1387 3861 1442 inter-

2218 1481 2436 1549 cedant,
2455 1481 2673 1536 dicente
2694 1481 2928 1535 Domino
2943 1482 3012 1536 ad
3032 1485 3214 1536 Aaron
3235 1497 3248 1536 :
3274 1484 3354 1536 Tu
3372 1485 3422 1536 et
3436 1481 3541 1550 ﬁlii
3558 1483 3646 1535 tui
3663 1481 3748 1535 vel
3759 1497 3860 1534 om-

2219 1576 2300 1628 nis
2314 1575 2482 1628 tribus
2499 1575 2922 1644 chiporlabitis
2937 1580 3158 1645 peccata
3170 1575 3368 1644 populi
3385 1577 3509 1636 mei,
3527 1573 3734 1645 utique
3749 1587 3858 1628 non

2218 1667 2510 1737 poenaliter
2539 1667 2900 1736 sustinendo;
2931 1667 3044 1722 suis
3073 1668 3171 1723 sed
3202 1667 3463 1738 precibus
3491 1666 3856 1722 sublevando.

2747 1779 2834 1833 DE
2885 1778 3318 1834 CATICUMINO.

2145 1903 2198 1973 Β
2290 1874 2699 1930 Caticuminum
2743 1893 2880 1946 ergo
2932 1875 3198 1930 diaconus
3252 1877 3377 1930 ideo
3433 1876 3646 1930 clamat
3695 1875 3859 1946 juxta

2221 1968 2468 2022 anticum
2501 1969 2750 2023 ecclesiae
2779 1969 2974 2039 ritum,
3006 1973 3071 2023 ut
3105 1972 3216 2023 tam
3240 1969 3442 2039 Judaei,
3474 1986 3654 2040 quam
3679 1969 3860 2024 haere-

2225 2061 2336 2128 tici,
2365 2063 2450 2116 vel
2477 2062 2682 2132 pagani
2711 2062 2992 2129 instructi,
3022 2062 3120 2133 qui
3149 2062 3376 2134 grandis
3413 2063 3484 2116 ad
3511 2062 3862 2133 baptismum

2222 2153 2538 2223 veniebant,
2569 2159 2625 2209 et
2667 2158 2796 2209 ante
2826 2155 3168 2226 baptismum
3194 2155 3508 2226 probantur
3545 2159 3767 2209 starent
3807 2156 3862 2208 in

2224 2247 2472 2316 ecclesia,
2501 2251 2556 2302 et
2580 2248 2838 2302 audirent
2866 2249 3164 2303 consilium
3195 2249 3411 2302 Veteris
3439 2252 3495 2302 et
3517 2248 3659 2302 Novi
3685 2250 3864 2302 Testa-

2223 2341 2422 2409 menti,
2455 2345 2648 2411 postea
2700 2341 3069 2412 deprecarent
3107 2359 3209 2413 pro
3245 2342 3368 2396 illos
3415 2341 3625 2410 levitae,
3657 2341 3862 2396 diceret

2225 2433 2479 2487 sacerdos
2511 2434 2759 2504 collecta,
2807 2439 2932 2505 post
2969 2451 3133 2506 prece
3169 2435 3409 2504 exirent,
3459 2441 3659 2505 postea
3710 2434 3861 2501 foris,

2224 2526 2323 2597 qui
2349 2527 2508 2597 digni
2534 2544 2648 2581 non
2689 2533 2851 2582 erant
2895 2531 3062 2596 stare,
3091 2529 3227 2583 dum
3255 2528 3611 2583 inferebatur
3639 2528 3862 2596 oblatio,

2226 2622 2280 2672 et
2307 2619 2452 2674 foras
2475 2624 2606 2675 ante
2631 2622 2839 2675 ostium
2858 2621 3236 2676 abscultarent
3261 2621 3527 2694 prostrati
3558 2621 3632 2675 ad
3658 2627 3863 2676 terram

2228 2713 2509 2782 magnalia
2541 2730 2554 2766 :
2583 2731 2708 2784 quae
2735 2731 2868 2767 cura
2894 2715 2962 2768 ad
3003 2715 3303 2768 diaconum
3349 2715 3435 2769 vel
3459 2715 3532 2768 ad
3563 2714 3864 2768 ostiarium

2233 2805 2563 2874 pertinebat,
2597 2812 2655 2860 ut
2684 2807 2792 2860 illis
2829 2808 3159 2861 admoneret
3193 2807 3366 2877 exire,
3409 2807 3514 2862 iste
3547 2807 3865 2878 provideret

2232 2914 2303 2952 ne
2333 2899 2457 2970 quis
2483 2899 2749 2968 indignus
2775 2901 3159 2954 retardaretur
3183 2900 3243 2955 in
3269 2902 3482 2972 templo
3507 2900 3752 2956 dicendo
3777 2917 3866 2953 no-

2227 2987 2329 3045 lite
2358 2991 2488 3046 dare
2506 2994 2773 3046 Sanctum
2797 2993 3047 3062 canibus,
3069 3010 3252 3065 neque
3269 2993 3506 3048 mittatis
3527 2993 3862 3064 margaritas

2233 3091 2441 3140 vestras
2468 3089 2598 3139 ante
2625 3103 2839 3156 porcos.
2863 3086 3004 3150 Quid
3030 3087 3182 3141 enim
3203 3087 3263 3140 in
3287 3091 3439 3140 terra
3467 3086 3722 3142 sanctius
3746 3102 3867 3140 con-

2234 3178 2469 3233 fectione
2497 3180 2744 3250 corporis
2776 3183 2831 3234 et
2868 3179 3158 3250 sanguinis
3193 3179 3446 3235 Christi?
3485 3184 3542 3234 et
3579 3180 3723 3252 quid
3749 3179 3867 3250 plus

2148 3269 2201 3342 C
2230 3272 2589 3326 immundum
2616 3272 2766 3326 canis
2788 3278 2843 3326 et
2869 3273 3069 3344 porci?
3116 3272 3497 3327 Similitudine
3524 3288 3864 3345 comparan-

2229 3367 2364 3420 dum
2395 3382 2480 3435 eo,
2513 3365 2599 3419 vel
2623 3367 2718 3437 qui
2749 3383 2863 3420 non
2893 3371 2976 3421 est
3001 3370 3276 3438 purgatus
3302 3367 3610 3438 baptismo,
3645 3367 3735 3422 vel
3760 3381 3866 3420 non

2230 3459 2477 3512 monitus
2503 3459 2682 3513 crucis
2713 3459 3089 3527 signaculum.

2303 3551 2638 3622 Spiritaliter
2658 3552 2931 3622 jubemur
2965 3552 3252 3606 silentium
3291 3553 3473 3607 facere
3509 3554 3867 3608 observantes

2231 3644 2300 3698 ad
2330 3644 2559 3712 ostium,
2595 3645 2648 3697 id
2671 3650 2754 3698 est
2782 3651 2841 3700 ut
2869 3646 3102 3700 tacentis
3121 3663 3152 3698 a
3177 3646 3428 3700 tumultu
3455 3647 3768 3701 verborum
3782 3647 3862 3700 vel

2231 3737 2495 3790 vitiorum
2542 3738 2768 3804 signum
2802 3739 2982 3792 crucis
3026 3755 3304 3809 ponamus
3355 3743 3485 3794 ante
3527 3739 3738 3794 faciem
3769 3756 3866 3794 no-

2234 3836 2426 3899 stram,
2455 3847 2524 3884 ne
2570 3831 2740 3886 intret
2783 3831 3239 3902 concupiscentia
3282 3848 3384 3901 per
3430 3833 3630 3902 oculis,
3661 3834 3746 3888 ira
3772 3849 3869 3905 per

2231 3941 2449 3992 aurem,
2497 3940 2568 3977 ne
2611 3925 2842 3994 prodeat
2885 3941 3068 3978 sermo
3123 3925 3303 3995 turpis
3345 3941 3413 3979 ex
3452 3925 3641 3996 labiis,
3671 3932 3728 3982 et
3769 3927 3868 3981 hoc

2233 4017 2415 4071 solum
2441 4035 2537 4072 cor
2564 4018 2839 4086 intendat,
2871 4021 2931 4072 ut
2959 4017 3016 4072 in
3043 4034 3100 4072 se
3127 4017 3414 4072 Christum
3445 4018 3739 4092 suscipiat.

2883 4135 2970 4188 DE
3011 4133 3210 4189 SONO.

2304 4242 2517 4295 Sonum
2574 4246 2783 4311 autem,
2833 4241 2985 4313 quod
3035 4244 3266 4296 canetur
3321 4241 3546 4314 quando
3621 4241 3871 4314 procedit

2232 4335 2461 4404 oblatio,
2513 4334 2645 4389 hinc
2697 4334 2866 4388 traxit
2907 4333 3226 4390 exordium.
3276 4335 3551 4406 Praecepit
3602 4336 3866 4391 Dominus

2230 4428 2418 4500 Moysi,
2449 4433 2509 4483 ut
2532 4429 2740 4483 faceret
2767 4428 2927 4483 tubas
2963 4431 3280 4498 argenteas,
3310 4445 3451 4500 quas
3485 4428 3677 4484 levita:
3717 4431 3865 4484 clan-

2233 4526 2432 4592 gerent
2449 4522 2676 4593 quando
2693 4522 3030 4576 offerebatur
3047 4521 3251 4590 hostia,
3270 4526 3326 4576 et
3337 4522 3443 4576 hoc
3461 4527 3608 4577 esset
3619 4524 3864 4594 signum,

2151 4639 2208 4710 D
2234 4632 2334 4686 per
2359 4615 2508 4687 quod
2542 4615 2884 4686 intelligeret
2917 4615 3160 4686 populus
3187 4631 3300 4686 qua
3343 4615 3484 4670 hora
3520 4616 3869 4671 inferebatur

2232 4709 2456 4779 oblatio,
2512 4712 2568 4764 et
2619 4725 2814 4764 omnes
2864 4707 3138 4762 incurvati
3187 4708 3492 4763 adorarent
3542 4709 3864 4776 Dominum,

2232 4803 2406 4858 donec
2436 4803 2655 4858 veniret
2680 4803 2940 4857 columna
2968 4800 3118 4872 ignis
3131 4804 3244 4879 .aut
3269 4802 3470 4870 nubes,
3500 4803 3601 4874 qui
3645 4802 3868 4858 benedi-

2231 4901 2381 4952 ceret
2408 4895 2764 4951 sacriﬁcium.
2794 4896 2952 4950 Nunc
2979 4898 3168 4948 autem
3190 4895 3599 4965 procedentem
3629 4896 3701 4950 ad
3730 4896 3865 4949 alta-

2231 4991 2381 5045 rium
2407 5003 2640 5061 corpusc
2676 4988 2882 5044 Christi
2908 5003 3022 5042 non
3036 4987 3157 5058 jam
3185 4987 3335 5042 tubis
3361 4988 3864 5060 inrepraehensibi-

2231 5144 2317 5212 sii,
2348 5143 2667 5214 Augustini,
2697 5143 2810 5196 sive
2835 5142 3076 5196 aliorum
3104 5141 3405 5196 conciones
3439 5142 3668 5198 recitari
3701 5142 3865 5214 jube-

2231 5216 2344 5282 bat,
2377 5213 2673 5284 utilegitur
2699 5214 2756 5268 in
2783 5214 2904 5283 ejus
2936 5213 3077 5266 Vita.

2301 5299 2324 5326 ο
2375 5285 2520 5340 Olim
2542 5282 3004 5356 'solemnismissa
3030 5299 3148 5356 non
3177 5282 3590 5356 celebrabatur,
3623 5285 3766 5356 quin
3802 5299 3865 5356 es

2230 5357 2599 5426 praecedentis
2627 5356 2736 5410 diei
2763 5355 3030 5409 sacriticio
3059 5354 3408 5426 Eucharistia
3451 5354 3776 5411 deferrétur
3800 5355 3866 5408 ad

2230 5425 2441 5493 altare;
2471 5427 2529 5480 id
2563 5427 2620 5480 in
2662 5427 2891 5498 ecclesia
2931 5427 3182 5479 Romana
3211 5425 3374 5479 initio
3421 5426 3616 5480 missae
3642 5430 3868 5498 praesta-

2230 5499 2365 5551 bant
2389 5498 2636 5568 acolythi
2662 5497 2718 5551 in
2745 5496 2946 5566 capsis,
2977 5500 3040 5568 ut
3067 5499 3284 5568 constat
3335 5513 3403 5550 ex
3435 5497 3615 5551 veteri
3645 5496 3863 5552 'Ordine

2232 5571 2482 5622 Romano
2500 5566 2538 5634 ι’,
2567 5585 2728 5622 num.
2750 5571 2803 5621 8.
2828 5566 2995 5621 Musei
3021 5567 3191 5620 Italici
3221 5570 3358 5621 tom.
3389 5568 3454 5620 ll.
3487 5568 3552 5621 1n
3583 5568 3864 5622 Gallicana

2231 5655 2360 5693 vero
2387 5641 2607 5694 diaconi
2635 5640 2739 5692 hoc
2779 5654 2986 5690 munus
3018 5637 3251 5692 obibant
3299 5640 3432 5692 ante
3487 5638 3860 5704 oblationem,

2230 5727 2430 5780 corpus
2455 5710 2656 5765 Christi
2681 5708 2993 5762 deferentes
3019 5708 3076 5761 in
3104 5708 3379 5780 turribus,
3410 5712 3472 5762 ut
3496 5714 3654 5779 patet
3675 5727 3745 5764 ex
3762 5711 3860 5762 hoc

2229 5779 2368 5846 loco,
2401 5798 2570 5851 quem
2595 5781 2737 5834 mire
2765 5780 3005 5832 illustrat
3021 5779 3322 5851 Gregorius
3345 5779 3696 5851 Turonensis
3721 5780 3862 5834 libro

2231 5853 2297 5906 de
2325 5849 2506 5906 Gloria
2535 5855 2849 5920 martyrum
2885 5866 3008 5920 cap.
3053 5851 3139 5921 857,
3176 5850 3268 5921 his
3303 5849 3528 5904 verbis:
3565 5869 3593 5901 ‹(
3624 5853 3863 5921 Tempus

2229 5924 2299 5978 ad
2325 5922 2658 5977 sacriﬁcium
2684 5909 3037 5976 offerendum
3065 5909 3310 5990 advenit,
3338 5924 3686 5994 acceptaque
3712 5909 3861 5977 tu‘rre
