3968 6432
141 407 190 464 93
900 410 1244 469 EXPOSITIO
1280 415 1516 470 BREVTIS
1550 416 1854 483 ANTIQUI:
1895 417 2220 475 LITURGle
2257 413 2661 475 GALLICANzE.
3372 417 3437 474 94

137 513 268 584 libus,
303 510 428 615 sed.
473 508 852 615 spiritali-bus
905 519 1132 615 vocibus
1183 521 1466 615 praeclara
1527 522 1729 578 Christi
1751 539 1808 615 Α
1829 524 1991 580 caelos
2019 524 2341 596 ascendens,
2365 541 2551 598 pacem
2588 507 2830 596 relinquo
2866 525 3032 590 vobis,
3054 540 3241 598 pacem
3266 540 3436 583 meam

139 605 373 679 magualia
396 604 550 662 dulci
582 608 824 666 modilia
848 611 1050 683 psallet
1075 613 1336 670 Ecclesia.
1361 615 1574 686 Corpus
1598 629 1730 671 vero

137 698 316 756 Domini
333 698 458 755 ideo
474 699 738 758 defertur
755 702 821 759 in
837 703 1111 775 turribus,
1136 705 1267 777 quia
1296 713 1731 764 monumentum

134 793 316 848 Domini
338 791 396 846 in
422 791 869 852 similitudinem
889 797 1062 853 turris
1079 797 1186 853 fuit
1207 799 1439 854 scissum
1463 801 1522 856 in
1549 805 1727 873 petra,

133 889 176 940 et
214 884 348 940 intus
387 884 607 941 lectum
649 887 751 942 ubi
803 891 1062 960 pausavit
1115 907 1317 963 corpus
1363 892 1728 963 dominicum,

131 979 252 1033 unde
288 979 533 1033 surrexit
574 981 699 1035 Rex
744 981 943 1053 gloriae
977 981 1037 1036 in
1071 983 1448 1055 triumphum.
1491 985 1731 1057 Sanguis

132 1087 236 1125 vero
265 1070 460 1126 Christi
494 1071 632 1128 ideo
675 1074 997 1144 specialiter
1040 1075 1275 1131 offertur
1297 1076 1355 1132 in
1386 1077 1571 1147 calice,
1601 1078 1733 1150 quia

130 1163 289 1218 intale
313 1179 506 1218 vasum
558 1170 954 1221 consecratum
991 1167 1100 1223 fuit
1135 1169 1468 1240 mysterium
1507 1171 1728 1225 Eucha-

129 1256 268 1310 ristiae
299 1256 475 1328 pridie
511 1273 697 1328 quam
727 1263 1020 1330 pateretur
1043 1261 1312 1318 Dominus
1337 1261 1458 1333 ipso
1492 1261 1728 1332 dicente,

130 1352 205 1406 Hic
226 1354 294 1405 est
330 1351 476 1404 calta:
507 1353 808 1420 sanguinis
844 1356 952 1414 mei
993 1357 1308 1422 mysterium
1342 1355 1470 1424 ﬁdei
1503 1359 1600 1424 qui
1633 1371 1730 1426 pro

127 1443 277 1496 multis
305 1441 621 1512 emindetur
656 1446 716 1498 in
753 1447 1116 1500 remissionem
1148 1450 1488 1517 peccatorum
1514 1447 1728 1516 (Matth.

127 1551 242 1603 xxvi,
265 1535 370 1605 28).
396 1535 578 1589 Panis
601 1551 740 1592 vero
779 1536 842 1591 in
881 1553 1115 1610 corpore
1143 1543 1199 1593 et
1234 1539 1432 1594 vinum
1456 1540 1729 1594 transfor-

126 1629 280 1681 matur
299 1627 356 1681 in
380 1627 695 1699 sanguine,
725 1628 947 1684 dicente
971 1630 1209 1685 Domino
1231 1631 1300 1686 de
1328 1647 1559 1703 corpore
1588 1647 1688 1686 suo
1712 1650 1726 1688 :

127 1722 236 1776 Caro
259 1723 391 1775 enim
413 1735 543 1775 mea
575 1736 702 1777 vere
725 1725 806 1777 est
829 1723 996 1785 cibus,
1025 1727 1076 1778 et
1099 1725 1322 1794 sanguis
1344 1740 1490 1780 meus
1513 1740 1631 1780 vere
1655 1729 1731 1780 est

123 1816 250 1882 potus
281 1811 449 1881 (Joan.
506 1829 595 1882 v1,
641 1815 752 1884 55).
795 1815 876 1870 De
923 1831 1070 1886 pane
1116 1816 1257 1871 dixit
1300 1819 1394 1872 hoc
1427 1821 1504 1872 est
1545 1833 1730 1888 corpus

1827 618 1894 672 do
1917 618 2065 674 vobis
2093 617 2264 687 (Joan.
2296 635 2406 690 xxv,
2433 621 2541 690 27),
2572 622 2629 676 et
2655 619 2715 674 in
2739 619 2845 674 hoc
2880 623 3218 690 cognoscent
3242 634 3437 675 omnes

1827 711 1976 782 quod
2002 710 2258 782 discipuli
2284 711 2396 766 mei
2433 712 2584 781 estis,
2632 711 2678 766 si
2709 727 2810 766 nos
2837 711 3072 766 invicem
3097 712 3434 768 dilexeretis.

1897 803 2131 858 Sursum
2171 803 2337 860 corda
2374 804 2500 860 ideo
2538 805 2793 859 sacerdos
2824 805 3030 858 habere
3064 805 3347 874 admonet,
3373 809 3440 858 ut

1826 894 1984 949 nulla
2007 895 2270 966 cogitatio
2299 899 2520 951 terrena
2545 901 2770 951 maneat
2801 896 2860 951 in
2887 896 3201 967 pectoribus
3229 896 3434 952 nostris

1827 986 1888 1042 in
1916 987 2056 1042 hora
2083 1004 2252 1042 sacrae
2285 989 2598 1059 oblationis,
2626 992 2682 1043 et
2711 992 2866 1043 tanto
2894 989 3096 1043 melius
3137 987 3438 1058 recipiatur

1827 1079 2076 1134 Christus
2103 1080 2161 1134 in
2180 1084 2388 1150 mente,
2407 1085 2618 1152 quanto
2641 1082 2754 1134 sola
2777 1080 3039 1152 cogitatio
3065 1081 3253 1151 ipsum
3273 1096 3431 1136 cona-

1828 1175 1922 1226 tur
1946 1173 2252 1228 attendere.
2281 1173 2592 1228 Confractio
2617 1158 2750 1228 vero
2787 1176 2845 1228 et
2873 1173 3198 1228 commixtio
3245 1189 3440 1245 corpo-

1829 1263 1905 1318 ris
1946 1264 2166 1319 Domini
2221 1264 2388 1319 tantis
2449 1265 2729 1336 mysteriis
2787 1266 3061 1320 declarata
3131 1264 3439 1337 antiquitus

1829 1356 2040 1411 Sanctis
2075 1355 2328 1411 Patribus
2367 1356 2495 1427 fuit,
2539 1361 2606 1412 ut
2641 1358 2778 1412 dum
2815 1358 3067 1412 sacerdos
3099 1357 3438 1412 oblationem

1829 1449 2236 1520 confrangeret,
2263 1449 2556 1504 videbatur
2578 1449 2738 1521 quasi
2774 1451 3022 1522 Angelus
3049 1450 3146 1505 Dei
3184 1449 3438 1506 membra

1826 1541 2098 1612 fulgentis
2122 1543 2286 1613 pueri
2311 1543 2491 1596 cultro
2512 1543 2849 1612 concredere,
2878 1547 2935 1598 et
2958 1542 3293 1615 sanguinem
3319 1542 3438 1614 ejus

1828 1633 1888 1688 in
1912 1633 2139 1688 calicem
2163 1634 2488 1706 excipiendo
2518 1635 2799 1706 colligere,
2828 1638 2895 1690 ut
2918 1635 3167 1690 veracius
3191 1635 3440 1690 dicerent

1827 1726 2063 1781 verbum
2089 1727 2308 1783 dicente
2338 1727 2568 1782 Domino
2605 1743 2832 1783 carnem
2866 1727 2987 1798 ejus
3023 1743 3142 1784 esse
3167 1727 3354 1782 cibum
3381 1731 3439 1782 et

1827 1819 2159 1889 sanguinem
2175 1835 2292 1874 esse
2316 1825 2534 1891 potum.
2564 1821 2626 1876 In
2651 1820 2756 1875 hac
2783 1819 3158 1876 contractione
3183 1819 3438 1875 sacerdos

126 1921 284 1969 manu,
309 1909 363 1960 et
387 1905 457 1960 de
481 1905 630 1960 vino
661 1907 751 1962 hic
770 1910 996 1977 Sanguis
1022 1923 1168 1964 meus
1195 1908 1411 1980 (Matth.
1438 1926 1589 1978 xxvr,
1615 1910 1723 1980 26).
1749 1898 1804 1969 B
1827 1911 1944 1966 vult
1965 1927 2192 1984 augere,
2217 1911 2426 1966 ibidem
2454 1912 2620 1968 debet
2645 1912 3014 1984 addere,quia
3037 1916 3172 1966 tunc
3196 1911 3436 1968 caelestia

126 1999 254 2071 Aqua
286 2001 471 2053 autem
514 1998 656 2053 ideo
695 1998 977 2069 miscitur,
1029 2000 1116 2054 vel
1160 2001 1294 2072 quia
1331 2001 1489 2056 decet
1522 2002 1728 2073 populo
1827 2004 2064 2058 terrenis
2088 1993 2424 2072 mixceritur,
2453 2008 2508 2060 et
2536 2005 2606 2058 ad
2634 2004 2942 2060 orationem
2978 2003 3276 2072 sacerdotis
3315 2003 3438 2059 caeli

124 2091 312 2146 unitum
341 2106 459 2146 esse
485 2107 636 2145 cum
661 2090 926 2161 Domino,
954 2093 1042 2146 vel
1071 2096 1204 2164 quia
1232 2093 1301 2148 de
1327 2093 1501 2148 latere
1525 2093 1730 2149 Christi
1828 2096 2178 2167 aperiuntur.
2232 2097 2523 2152 Sacerdote
2583 2101 2772 2152 autem
2831 2096 3147 2168 frangente,
3199 2088 3435 2166 supplex

123 2182 169 2237 in
189 2199 334 2237 cruce
371 2183 618 2256 sanguis
641 2183 896 2239 manavit
919 2187 973 2240 et
997 2200 1164 2256 aqua,
1193 2189 1251 2240 et
1281 2201 1464 2240 unum
1497 2185 1730 2240 munde-

123 2291 228 2330 mur
259 2293 290 2330 a
328 2275 452 2332 labe
490 2277 836 2349 culparum,
879 2276 988 2331 alio
1027 2293 1418 2350 praeparemur
1445 2277 1516 2334 ad
1554 2294 1728 2350 regna

127 2367 355 2423 caelorum
365 2411 378 2424 .

181 2463 363 2516 Patena
393 2464 592 2517 autem
649 2465 890 2518 vocatur
938 2462 1037 2518 ubi
1091 2466 1447 2518 consecratur
1503 2463 1726 2531 oblatio,

127 2554 232 2624 quia
270 2555 608 2625 mysterium
664 2554 1037 2610 Eucharistiae
1089 2555 1151 2610 iu
1199 2555 1730 2611 commemoratione

127 2647 321 2703 offertur
363 2646 646 2719 passionis
700 2646 950 2702 Domini.
987 2647 1137 2702 Palla
1180 2664 1312 2704 vero
1353 2647 1634 2703 linostima
1671 2647 1731 2703 in

125 2739 246 2793 illius
265 2739 582 2795 indumenti
605 2741 771 2795 tenet
795 2739 1219 2812 figuramﬁquia
1236 2740 1296 2794 in
1313 2757 1451 2811 gyro
1475 2744 1732 2796 contexta

126 2848 150 2884 a
182 2831 429 2887 militibus
457 2849 580 2888 non
625 2831 746 2887 fuit
789 2831 985 2898 divisa,
1026 2833 1214 2888 tonica
1256 2832 1466 2888 scilicet
1505 2833 1728 2887 Christi.

125 2923 394 2994 Corporalis
421 2941 560 2980 vero
585 2924 747 2996 palla
772 2923 900 2978 ideo
924 2941 1072 2996 pura
1089 2923 1227 2979 linia
1256 2929 1340 2980 est
1364 2941 1534 2996 super
1561 2941 1733 2996 quam

126 3015 292 3071 oblatio
315 3016 564 3088 ponitur,
593 3016 737 3089 quia
775 3032 980 3088 corpus
1009 3016 1229 3071 Domini
1265 3016 1421 3088 puris
1449 3016 1730 3072 linteami-

125 3107 258 3162 nibus
291 3125 417 3164 cum
457 3109 826 3165 aromatibus
872 3109 982 3164 fuit
1021 3109 1352 3164 obvolutum
1395 3109 1454 3163 in
1491 3110 1730 3164 tumulo.

123 3200 424 3274 Coopertum
475 3218 618 3258 vero
686 3205 1176 3256 sacramentorum
1228 3201 1354 3256 ideo
1407 3205 1728 3270 exornatur,

125 3294 230 3363 quia
253 3295 434 3351 omnia
461 3297 814 3351 ornamenta
841 3293 1115 3364 praecellit
1141 3290 1478 3349 resurrectio
1504 3293 1728 3364 Christi,

123 3387 190 3441 vel
213 3403 421 3443 camara
449 3388 575 3442 caeli
603 3404 742 3460 quae
770 3402 929 3441 nunc
954 3387 1258 3441 Dominum
1283 3390 1438 3458 teget
1463 3385 1533 3440 ab
1553 3385 1731 3441 oculis

124 3481 309 3536 nostris.
334 3481 576 3536 Siricum
603 3484 806 3535 autem
847 3483 1100 3548 ornatur,
1133 3482 1232 3533 aut
1267 3468 1538 3548 auro,’vel
1569 3495 1728 3550 gem-

123 3571 222 3638 mis,
245 3574 370 3645 quia
398 3573 684 3628 Dominus
709 3573 915 3644 Moysaa
941 3571 1001 3626 in
1041 3571 1404 3626 tabernaculo
1433 3571 1554 3624 ﬁeri
1576 3572 1729 3626 vela-

123 3664 246 3719 mina
275 3667 439 3736 jussit
464 3683 536 3722 ex
563 3681 735 3734 auro,
767 3663 1028 3730 iacincto,
1061 3669 1116 3718 et
1153 3679 1427 3734 purpura,
1457 3679 1730 3734 coccoque

122 3755 187 3810 bis
206 3757 366 3814 tincto
389 3763 445 3815 et
469 3759 644 3830 bysso
673 3759 891 3812 retorta
920 3773 934 3810 :
967 3755 1102 3828 quia
1128 3755 1319 3810 omnia
1343 3755 1433 3810 illa
1467 3755 1732 3827 mysteria

124 3848 170 3902 in
193 3850 377 3904 Christi
405 3853 841 3923 praecesserunt
867 3848 1153 3920 stigmata.

177 3941 367 3999 Laudes
392 3947 611 4014 autem,
645 3943 761 3997 hoc
789 3943 878 3996 est
900 3939 1156 3996 Alleluia.
1187 3940 1468 3995 Iohannes
1491 3938 1549 3994 in
1579 3941 1729 4010 Apo-

123 4034 296 4106 calypsi
329 4040 454 4108 post
498 4033 992 4090 resurrectionem
1039 4031 1255 4088 audivit
1296 4031 1552 4104 psallere.
1607 4032 1731 4087 [deo

123 4126 234 4181 hora
265 4127 353 4182 illa
379 4128 611 4184 Domini
653 4127 842 4199 palleo
872 4125 1032 4197 quasi
1058 4125 1311 4180 Christus
1340 4123 1548 4196 tegitur
1571 4124 1728 4190 calo,

122 4219 325 4275 Ecclesia
363 4222 502 4277 solet
535 4219 877 4292 angelicum
919 4217 1238 4272 canticum'
1285 4235 1300 4272 :
1343 4217 1494 4290 quod
1540 4222 1730 4271 autem

123 4311 260 4369 habet
283 4299 395 4386 ipsa
419 4313 674 4371 Alleluia
704 4311 894 4385 prima
923 4315 980 4366 et
1003 4310 1248 4366 secunda
1273 4313 1328 4364 et
1352 4309 1516 4365 tertia
1543 4309 1731 4381 signat

121 4404 207 4458 tria
229 4413 473 4481 tempora
499 4412 642 4463 ante
672 4407 828 4476 lege,
857 4403 962 4458 sub
988 4403 1134 4475 lege,
1163 4402 1266 4457 sub
1295 4401 1493 4474 gratia.

177 4499 388 4556 Nomina
411 4501 827 4557 defunctorum
847 4496 973 4551 ideo
998 4496 1136 4550 hora
1156 4494 1254 4549 illa
1280 4493 1592 4549 recitantur
1616 4511 1730 4567 qua

1753 3248 1806 3322 C

1826 2187 2008 2243 clerus
2027 2189 2226 2260 psallet
2241 2189 2566 2260 antiphona,
2595 2189 2728 2262 quia
2753 2188 3002 2262 patiente
3027 2188 3216 2244 dolore
3241 2188 3439 2245 mortis

1827 2281 2016 2336 omnia
2041 2281 2332 2337 trementis
2353 2284 2553 2336 testata
2575 2286 2706 2337 sunt
2731 2281 3026 2338 elementa.

1900 2373 2088 2429 Oratio
2114 2390 2246 2429 vero
2278 2373 2565 2428 Dominica
2593 2391 2695 2445 pro
2731 2375 2837 2429 hoc
2861 2374 3070 2430 ibidem
3097 2373 3346 2446 ponitur,
3376 2376 3442 2428 ut

1827 2466 2010 2521 omnis
2033 2466 2209 2520 oratio
2233 2469 2422 2520 nostra
2446 2466 2506 2520 in
2529 2465 2814 2521 Dominica
2835 2468 3086 2521 oratione
3128 2466 3440 2520 claudatur.

1828 2557 2279 2614 Benedictionem
2329 2574 2461 2613 vero
2518 2559 2716 2630 populi
2767 2559 3144 2614 sacerdotibus
3201 2557 3438 2613 fundere

1828 2651 2094 2706 Dominus
2129 2665 2232 2722 per
2259 2651 2499 2722 Moysem
2527 2651 2811 2706 mandavit
2835 2651 3026 2706 dicens
3053 2667 3068 2706 :
3099 2654 3330 2721 Loquere
3353 2650 3439 2704 'ad

1829 2745 2013 2799 Aaron
2049 2747 2099 2797 et
2119 2744 2193 2797 ad
2229 2744 2366 2812 ﬁlios
2389 2744 2531 2812 ejus;
2557 2746 2632 2798 sic
2671 2743 2980 2798 benedicetis
3007 2745 3205 2814 populo
3231 2762 3248 2797 :
3273 2746 3436 2798 Bene-

1831 2837 1978 2891 dicat
2003 2836 2102 2890 tibi
2131 2840 2182 2890 et
2203 2835 2470 2890 custodiat
2495 2840 2543 2890 te
2567 2835 2746 2906 (Num.
2777 2852 2850 2902 vr,
2877 2838 2986 2906 23),
3015 2838 3071 2891 et
3095 2839 3277 2890 cetera
3311 2851 3439 2906 quae

1831 2932 2162 3000 sequuntur.
2213 2931 2396 2982 Aaron
2444 2927 2623 2998 igitur
2669 2928 2855 2982 locum
2898 2927 3124 2994 Christi,
3176 2927 3274 2982 ﬁlii
3319 2928 3441 2999 ejus

1830 3021 2016 3074 locum
2041 3019 2500 3090 presbyterorum
2536 3023 2918 3090 portaverunt.
2949 3020 3232 3076 Ambobus
3266 3019 3441 3091 igitur
3511 3028 3515 3032 ‘

1828 3112 2113 3167 mandavit
2142 3112 2410 3166 Dominus
2441 3113 2772 3168 benedicere
2793 3113 3100 3186 pOpulum;
3131 3113 3226 3167 sed
3251 3115 3440 3168 tamen

1830 3208 2062 3276 propter
2089 3205 2417 3260 servandam
2453 3205 2726 3260 honorem
2765 3205 3064 3278 pontificis,
3095 3222 3264 3260 sacrae
3306 3221 3440 3260 con-

1831 3297 2135 3352 stituerunt
2168 3313 2431 3366 canones,
2469 3300 2536 3352 ut
2565 3297 2593 3338 δ
2639 3298 2954 3369 longiorem
2999 3298 3442 3354 benedictionem

1831 3390 2120 3461 episcopus
2159 3389 2454 3460 proferret,
2483 3389 2796 3445 breviorem
2831 3391 3125 3462 presbyter
3158 3391 3439 3459 funderet,

1831 3482 1963 3538 dicit
1995 3499 2009 3536 :
2035 3485 2156 3538 Pam
2177 3482 2306 3551 ﬁdes
2325 3487 2374 3536 et
2399 3485 2598 3538 caritas
2625 3487 2676 3538 et
2699 3486 3100 3538 communicatio
3127 3486 3358 3554 corporis
3392 3488 3444 3538 et

1829 3577 2107 3644 sanguinis
2125 3577 2341 3628 Domini
2355 3577 2427 3629 sit
2450 3589 2654 3644 semper
2677 3577 2961 3630 vobiscum.
2983 3577 3121 3630 Nam
3135 3575 3266 3630 licet
3287 3575 3442 3630 illam

1829 3665 2272 3722 benedictionem
2300 3682 2466 3736 quam
2506 3667 2671 3736 Moysi
2708 3668 2854 3722 Deus
2895 3667 3122 3722 dictavit
3157 3671 3213 3722 et
3249 3667 3441 3722 nullus

1830 3758 2206 3814 contradicere
2232 3757 2556 3829 presbytero
2582 3763 2791 3831 potest,
2815 3759 2946 3830 quia
2976 3760 3173 3814 ceelum
3209 3763 3266 3814 et
3290 3762 3440 3814 terra

1833 3851 2168 3906 transibunt.
2191 3851 2303 3905 Hoc
2331 3867 2466 3922 ergo
2495 3854 2622 3906 ante
2651 3852 3106 3907 communionem
3129 3852 3441 3907 benedictio

1831 3944 2089 4014 traditur,
2119 3948 2180 3998 ut
2206 3943 2264 3998 in
2293 3960 2386 3998 vas
2411 3943 2769 4000 benedictum
2791 3945 3193 4002 benedictionis
3228 3952 3436 4017 myste-

1828 4037 1980 4092 rium
2023 4036 2392 4109 ingrediatur.
2421 4037 2543 4092 Jam
2565 4054 2696 4093 vero
2726 4055 2898 4111 quam
2933 4038 3110 4094 dulcis
3143 4038 3214 4094 sit
3239 4039 3443 4094 animus

1829 4133 1884 4184 et
1923 4131 2172 4200 corporis
2207 4147 2364 4186 sacra
2402 4131 2742 4202 communio,
2772 4131 3024 4187 Christus
3060 4131 3240 4186 verbis
3271 4147 3440 4187 evan-

1829 4222 2023 4294 gelicis
2049 4224 2290 4279 ostendit
2309 4226 2499 4280 dicens
2527 4241 2541 4280 :
2569 4227 2631 4281 Si
2653 4227 2958 4280 manseritis
2989 4227 3047 4279 in
3073 4241 3174 4288 me,
3202 4229 3252 4280 et
3285 4225 3445 4280 verba

1826 4330 1946 4368 mea
1970 4317 2028 4369 in
2043 4317 2187 4372 vobis
2209 4321 2522 4380 manserint,
2537 4318 2899 4388 quodcumque
2922 4319 3190 4388 petieritis
3219 4320 3434 4373 Patrem

1826 4410 1884 4461 in
1911 4411 2120 4462 nomine
2144 4425 2275 4473 meo,
2301 4413 2392 4479 ﬁet
2413 4411 2557 4466 vobis
2583 4411 2754 4480 (Joan.
2782 4426 2870 4480 xv,
2903 4411 2976 4481 7).

1895 4501 2203 4556 Trecanum
2223 4518 2354 4556 vero
2378 4503 2528 4574 quod
2559 4503 2830 4574 psalletur
2854 4502 3081 4573 signum
3107 4505 3190 4557 est
3213 4501 3443 4556 catholi-

121 4591 268 4658 palleo
305 4595 553 4664 tolletur,
581 4591 724 4664 quia
763 4595 902 4646 tunc
949 4588 1056 4644 erit
1096 4586 1430 4642 resurrectio
1471 4591 1724 4642 mortuo-
1748 4605 1804 4676 D
1828 4609 1904 4646 cae
1926 4591 2054 4647 fidei
2076 4593 2144 4648 de
2162 4594 2443 4649 Trinitatis
2467 4594 2801 4650 credulitate
2827 4593 3149 4664 procedere.
3172 4594 3259 4649 Sic
3285 4594 3438 4650 enim

121 4697 242 4752 rum,
280 4687 499 4759 quando
536 4684 889 4742 adveniente
909 4681 1132 4736 Christo
1176 4680 1377 4735 caelum
1410 4679 1553 4734 sicut
1584 4679 1728 4737 liber

121 4776 400 4842 Plicabitur.
440 4781 654 4835 Pacem
691 4779 887 4830 autem
927 4774 1054 4828 ideo
1101 4771 1306 4828 Christi
1345 4774 1546 4826 mutuo
1590 4789 1724 4844 pro-

121 4866 293 4938 ferunt,
321 4877 385 4940 ut
411 4889 520 4944 per
545 4873 760 4926 mutuo
788 4867 980 4923 osculo
1027 4869 1256 4921 teneant
1289 4864 1350 4918 in
1389 4880 1447 4920 se
1485 4865 1728 4922 caritatis

119 4960 363 5033 attactum,
402 4970 460 5020 et
484 4964 590 5036 qui
633 4960 829 5032 aliqua
858 4960 1111 5014 fuscatur
1150 4956 1446 5026 discordia,
1487 4958 1596 5012 cito
1633 4973 1723 5012 re-

121 5061 276 5110 currat
319 5057 386 5112 ad
443 5056 703 5129 gratiam
735 5054 823 5108 vel
867 5057 1021 5124 petat
1066 5051 1326 5122 proximo
1369 5049 1612 5120 veniam,
1653 5067 1726 5106 ne

122 5161 282 5212 pacem
303 5149 499 5204 falsam
525 5147 730 5204 dando
756 5145 1010 5200 incurrat
1035 5143 1335 5214 proditoris
1360 5143 1722 5210 consortium,

123 5240 164 5289 et
185 5243 382 5298 tantum
407 5241 625 5298 melius
669 5237 932 5311 proﬁciat
970 5235 1319 5290 Eucharistia
1353 5239 1612 5308 suscepta
1637 5237 1724 5292 vel

124 5328 396 5390 benedictio
447 5334 688 5401 tradita,
747 5332 1024 5402 quantum
1081 5329 1336 5384 Christus
1395 5329 1727 5400 conspicerit

123 5423 311 5490 paciﬁca
355 5443 474 5483 esse
526 5425 731 5494 corda,
755 5421 892 5494 quia
939 5421 1056 5492 ipse
1107 5420 1390 5476 mandavit
1441 5421 1724 5492 discipulis

126 5536 349 5614 diaconus
368 5543 426 5597 in
455 5559 575 5614 qua
603 5535 952 5614 mysterium
979 5533 1252 5614 Dominici
1276 5533 1526 5614 corporis
1551 5534 1725 5614 habe-

127 5605 278 5684 batur,
300 5613 443 5669 ferre
469 5605 652 5684 coepit
670 5605 754 5662 ad
774 5605 983 5684 ostium
1005 5607 1404 5684 ingressusque
1425 5607 1722 5677 templum,

125 5683 173 5730 nt
183 5696 299 5753 eam
323 5684 484 5738 altari
509 5680 960 5753 superponeret,
1000 5697 1028 5730 η
1059 5681 1166 5732 etc.

181 5749 200 5775 ⁸
225 5752 361 5808 Adde
389 5749 647 5808 cantare.

179 5816 203 5857 δ
229 5821 548 5898 Longiorem
593 5816 1060 5898 benedictionem
1089 5833 1259 5898 super
1291 5815 1562 5898 populum
1595 5821 1724 5898 ante

130 5887 541 5950 communionem
587 5887 928 5965 proferebat
959 5887 1094 5945 olim
1129 5887 1445 5958 episcopus,
1489 5891 1548 5941 ut
1596 5893 1726 5960 pote

1830 4681 2013 4757 prima
2039 4685 2094 4740 in
2115 4687 2378 4756 secunda,
2399 4687 2640 4742 secunda
2669 4687 2730 4742 in
2757 4688 2922 4743 tertia
2947 4691 3004 4742 et
3027 4703 3254 4742 rursum
3279 4688 3443 4742 tertia

1827 4777 1884 4832 in
1923 4779 2167 4833 secunda
2194 4783 2250 4834 et
2279 4781 2519 4836 secunda
2538 4785 2755 4836 rotatur
2778 4780 2836 4835 in
2860 4780 3064 4853 prima.
3093 4781 3171 4836 Ita
3199 4783 3356 4851 pater
3383 4780 3442 4834 in

1827 4869 1986 4940 Filio,
2045 4872 2376 4942 mysterium
2426 4873 2708 4928 Trinitatis
2773 4875 3121 4944 complectet,
3173 4875 3332 4927 Pater
3382 4872 3441 4926 in

1828 4962 1979 5032 Filio,
2026 4963 2196 5018 Filius
2226 4965 2286 5019 in
2327 4966 2536 5036 Spiritu
2585 4969 2794 5034 sancto,
2836 4965 3070 5036 Spiritus
3113 4968 3334 5019 sanctus
3380 4963 3440 5019 in

1826 5054 1982 5126 Filio,
2025 5060 2081 5110 et
2117 5057 2286 5112 Filius
2323 5074 2551 5112 rursum
2593 5058 2652 5112 in
2694 5060 2874 5112 Patre.
2911 5057 3016 5112 Sed
3045 5057 3441 5129 jam‘epistola

1825 5146 1998 5202 ﬁnem
2023 5148 2256 5219 accipiat
2277 5150 2333 5203 in
2359 5166 2469 5220 qua
2485 5149 2768 5205 sollemnis
2790 5149 2936 5205 Ordo
2960 5150 3114 5206 brevi
3135 5151 3442 5205 declaratus

1827 5241 2142 5294 ostenditur
2165 5245 2442 5312 quatenus
2473 5241 2530 5296 in
2573 5245 2880 5314 sequutura
2918 5243 3150 5315 epistola
3181 5243 3250 5299 de
3285 5260 3437 5298 com-

1824 5348 1997 5386 mune
2053 5332 2234 5387 oiiicio
2287 5334 2526 5389 donante
2576 5336 2810 5390 Domino
2862 5337 3090 5392 auribus
3139 5337 3437 5408 pandatur.

1826 5424 1929 5488 Qui
1956 5424 2109 5480 vivit.

1823 5539 2004 5616 tribus
2037 5545 2390 5616 constantem
2418 5544 2782 5613 orationibus,
2811 5544 3035 5616 qualem
3059 5542 3246 5600 videre
3271 5549 3353 5616 est
3381 5545 3436 5598 in

1823 5610 2080 5680 plurimis
2116 5611 2602 5686 Sacramentorum
2635 5610 2788 5686 libris
2815 5610 2972 5683 13153.,
3008 5616 3230 5686 qualem
3268 5615 3436 5686 etiam

1823 5696 1974 5760 nunc
2001 5683 2298 5760 proferunt
2320 5685 2507 5760 adhuc
2518 5685 2895 5760 pontiﬁcesin
2915 5683 3248 5760 quibusdam
3265 5683 3435 5738 eccle-

1823 5755 1936 5817 siis,
1965 5767 2096 5818 cum
2114 5755 2454 5810 solemnibus
2477 5755 2671 5811 diebus
2699 5755 2998 5811 celebrant.
3023 5757 3062 5810 E
3090 5757 3279 5809 contra
3302 5767 3433 5805 vero

1821 5820 2133 5947 itionediitio
2161 5826 2614 5898 presbyterorum
2639 5826 2801 5882 unica
2841 5828 2898 5880 et
2939 5825 3088 5879 brevi
3115 5821 3432 5894 perficieba-

1847 5907 1916 5944 ur
1935 5909 2031 5946 ora
2059 5909 2209 5947 ione.

1847 5907 1916 5944 ιιι*
1935 5907 2209 5950 oratione.
