3968 6422
490 416 3847 444 HW

1261 554 1712 681 lNCIPIT
1789 571 2405 680 EPISTOLA
2481 573 3060 682 SECUNDA

1808 789 1888 833 DE
1929 788 2210 835 COMMUNI
2251 786 2490 834 OFFICIO
2500 817 2513 833 .

545 934 689 1001 Quia
718 931 940 990 favente
975 931 1210 988 Domino
1239 931 1499 989 ordinem
1521 948 1693 988 sacras
1719 931 2018 989 oblationis
2044 933 2105 988 in
2125 946 2185 1020 Α
2204 931 2552 990 conﬁcienda
2593 938 2904 1005 unguenta,
2943 934 3026 989 vel
3066 934 3438 1007 praeparanda
3473 933 3742 1005 lucerna,
3774 933 3861 988 vel

474 1029 663 1106 priore
712 1027 944 1100 epistola
968 1026 1213 1082 breviter
1250 1026 1606 1097 explananda
1641 1026 2100 1099 perstrinximus,

475 1139 630 1179 nunc
659 1121 876 1178 diversa
914 1121 1169 1176 Ecclesiae
1219 1120 1514 1176 carismata
1555 1136 1668 1193 qua
1707 1119 1924 1176 ratione
1967 1120 2102 1175 sub-

475 1217 674 1278 sistant
695 1215 861 1287 juxta
889 1213 1042 1286 quod
1068 1213 1336 1268 Dominus
1355 1213 1518 1269 nobis
1543 1213 1858 1286 intelligere
1885 1213 2102 1286 tribuit,

473 1308 629 1369 brevi
658 1307 927 1381 paginola
954 1307 1438 1364 commendemus.

543 1429 895 1501 Antiphonas
924 1444 1056 1482 vero
1083 1445 1223 1500 quas
1253 1427 1401 1483 dulci
1429 1427 1734 1483 cerimonia
1774 1427 1972 1498 psallat
2001 1429 2103 1482 Ec-

473 1523 640 1578 clesia
663 1522 798 1577 hinc
839 1526 1134 1577 traxerunt
1169 1521 1486 1577 exordium.
1525 1523 1646 1576 Rex
1677 1520 1937 1576 Salomon
1975 1537 2108 1576 cum

473 1617 707 1672 domum
735 1615 1169 1671 celeberrimum
1209 1615 1582 1684 instruxisset,
1617 1614 1828 1670 ibidem
1852 1617 2108 1670 cantores

471 1709 736 1778 instituit,
765 1709 862 1782 qui
892 1725 1023 1763 cum
1053 1709 1286 1764 diversis
1314 1708 1541 1780 organis
1573 1707 1667 1762 Dei
1694 1707 1980 1778 magnalia
2005 1708 2105 1763 de-

475 1806 786 1872 cantarent,
808 1807 872 1857 ut
899 1802 1048 1857 inter
1067 1803 1287 1874 reliqua
1311 1805 1643 1856 ornamenta
1667 1817 1797 1872 quas
1817 1801 2110 1872 fulgebant

473 1896 532 1951 in
573 1896 806 1967 templo,
839 1896 1011 1950 etiam
1049 1896 1242 1950 divina
1281 1895 1504 1966 eloquia
1541 1893 1692 1950 dulci
1719 1895 2112 1965 proferrentur

475 1989 720 2061 eloquio,
757 1992 820 2042 ut
849 1991 966 2043 toto
1020 1987 1162 2059 [Leg.
1209 1987 1384 2059 tanto]
1431 1987 1560 2058 plus
1603 1986 1976 2041 delectaretur
2012 1986 2109 2042 Dei

474 2082 732 2152 verbum,
761 2085 972 2152 quanto
999 2080 1309 2152 elegantius
1347 2079 1668 2134 volvebatur
1701 2079 1849 2133 vocis
1885 2084 2106 2134 ornatu.

475 2177 709 2245 Propter
756 2174 994 2228 carnalis
1047 2190 1293 2244 namque
1340 2172 1399 2228 in
1443 2173 1674 2228 ecclesia
1721 2188 1836 2226 non
1879 2177 2112 2243 propter

475 2267 778 2340 spiritualis
807 2267 1154 2322 consuetudo
1184 2272 1267 2321 est
1294 2266 1595 2320 constituta
1621 2265 1903 2332 cantandi,
1936 2270 2002 2320 ut
2013 2265 2111 2336 qui

475 2361 658 2418 verbis
696 2377 812 2414 non
857 2363 1342 2431 compunguntur,
1401 2359 1671 2413 suavitate
1719 2357 2109 2413 modolaminis

437 2458 826 2523 'moveantur,
867 2457 1167 2525 pensantes
1205 2457 1417 2524 quanta
1465 2453 1536 2506 sit
1592 2452 1828 2506 dulcedo
1881 2451 2111 2506 caelestis

475 2548 694 2618 cantici,
723 2548 948 2618 quando
979 2547 1038 2602 in
1066 2546 1311 2600 incolatu
1341 2546 1511 2616 hujus
1537 2545 1731 2599 saeculi
1746 2550 1862 2599 tam
1887 2545 2113 2615 elegan-

2131 2315 2186 2386 B

475 2644 562 2696 ter
588 2643 814 2696 resonat
838 2640 1079 2696 Ecclesia
1104 2640 1298 2694 laudes
1316 2639 1544 2693 Christi.
1573 2638 1895 2709 Antiphona
1919 2641 2113 2693 autem

474 2735 624 2789 dicta
675 2734 809 2806 quia
848 2734 1008 2804 prius
1047 2733 1166 2804 ipsa
1203 2731 1590 2802 anteponitur,
1633 2735 1690 2784 et
1742 2731 1818 2785 sic
1870 2734 2114 2801 ponetur

475 2827 679 2900 psalmi
706 2827 1066 2892 versiculum,
1095 2842 1226 2879 cum
1254 2825 1431 2896 gloria
1449 2823 1736 2878 Trinitatis
1761 2823 2110 2891 adnectetur,

474 2935 723 2992 quarum
763 2922 1040 2992 quaterna
1079 2921 1213 2972 sunt
1259 2933 1489 2989 genera,
1518 2933 1732 2988 organo
1761 2933 1830 2971 ex
1864 2917 2111 2988 prophe-

481 3013 611 3082 tico,
640 3016 910 3084 tympano
937 3029 1009 3067 ex
1049 3011 1322 3082 evangelii
1352 3027 1508 3064 sacro
1544 3011 1812 3079 tonitruo,
1843 3010 1930 3064 vel
1957 3027 2111 3064 com-

481 3106 738 3177 passione
787 3106 930 3178 [Leg.
975 3103 1398 3176 compositione]
1441 3103 1850 3158 catholicorum
1883 3104 2114 3158 Patrum

482 3216 587 3270 pro
641 3199 839 3256 ordine
887 3204 1234 3270 temporum,
1285 3197 1373 3252 vel
1421 3196 1794 3267 deprecando,
1848 3195 1938 3250 vel
1978 3213 2110 3250 nar-

483 3293 660 3348 rando
711 3293 799 3347 vel
855 3292 1050 3348 laudes
1109 3291 1327 3345 divinas
1385 3289 1818 3362 tympanizando
1881 3305 2112 3361 compo-

485 3385 629 3441 sitm.

554 3505 930 3578 Responsoria
970 3522 1101 3562 vero
1135 3521 1263 3578 quae
1302 3505 1361 3559 in
1407 3504 1610 3560 divinis
1647 3502 1844 3559 ofﬁciis
1884 3503 1973 3558 die
2018 3507 2116 3559 aut

481 3604 642 3655 nocte
660 3603 981 3670 cantantur,
1000 3599 1068 3653 de
1095 3599 1472 3654 Pentateucho
1492 3597 1663 3669 Moysi
1688 3598 1976 3653 duxerunt
1999 3597 2113 3650 ori-

483 3694 694 3766 ginem,
726 3693 954 3766 quando
999 3693 1288 3747 Pharaone
1307 3693 1620 3760 submerso,
1664 3690 1832 3746 Maria
1876 3681 2192 3762 prophe—C

481 3787 615 3842 tissa
663 3804 892 3841 sumens
939 3791 1296 3858 tympanum,
1337 3785 1680 3857 princinebat
1715 3783 2017 3854 canticum,
2061 3789 2119 3839 et

482 3880 856 3951 respondebat
885 3880 1128 3950 populus
1149 3879 1426 3934 adunatus
1441 3879 1501 3933 in
1519 3879 1712 3933 choro.
1744 3879 1958 3932 Horum
1985 3893 2117 3932 vero

484 3977 761 4044 quaterna
806 3971 950 4026 ratio
993 3975 1228 4040 constat,
1261 3972 1404 4025 sicut
1443 3971 1510 4026 de
1552 3970 1980 4042 Antiphonabus
2019 3987 2116 4026 su-

482 4065 674 4137 perius
700 4065 1041 4120 continetur.
1063 4064 1419 4119 Consuetudo
1445 4063 1790 4135 praecinendi
1811 4068 1867 4118 et
1889 4080 2120 4136 respon-

484 4158 656 4214 dendi
682 4175 799 4212 non
836 4158 1021 4212 solum
1059 4157 1131 4212 ad
1171 4174 1326 4212 mare
1369 4157 1644 4224 Rubrum,
1689 4157 1786 4212 sed
1825 4157 1885 4212 in
1927 4157 2120 4212 multis

484 4251 811 4307 Ebrteorum
870 4251 1132 4323 gentibus
1197 4251 1615 4322 comprobatur,
1681 4250 1833 4322 quod
1893 4251 2121 4322 plenius

484 4345 698 4401 Veteris
725 4345 1064 4400 Testamenti
1092 4349 1285 4399 narrat
1311 4343 1565 4399 historia.

557 4461 791 4517 Sanctus
844 4461 989 4516 Deus
1038 4461 1508 4532 archangelorum
1568 4461 1629 4514 in
1685 4459 2120 4531 quadragesimo

487 4556 815 4610 concinetur
857 4559 913 4610 et
951 4572 1067 4610 non
1119 4555 1400 4609 canticum
1455 4553 1736 4609 Zachariae
1759 4595 1774 4623 ,
1828 4553 1961 4625 quia
2016 4553 2124 4607 ista

486 4649 796 4704 modulatio
819 4648 1186 4720 deprecabilis
1211 4653 1295 4704 est
1321 4648 1553 4720 populo,
1583 4646 1728 4701 sicut
1765 4647 1936 4702 verba
1980 4646 2120 4701 texti

487 4741 668 4814 ipsius
699 4741 1081 4796 continentur.
1100 4743 1167 4796 Et
1194 4747 1427 4814 prOpter
1453 4741 1559 4796 hoc
1586 4757 1701 4794 non
1730 4742 1966 4794 canetur
1985 4756 2118 4811 pro-

487 4835 700 4908 phetia,
729 4839 964 4907 propter
993 4834 1144 4907 quod
1170 4840 1226 4890 et
1248 4834 1644 4907 baptisterium
1669 4833 1991 4902 claudatur;
2021 4832 2125 4886 sci-

489 4929 622 4986 licet
649 4930 783 5002 quia
822 4929 1051 4984 canonis
1083 4929 1440 5001 praecipiunt,
1473 4928 1559 4984 vel
1602 4926 1948 4999 baptismum
1977 4943 2121 4998 qua-

489 5023 823 5095 dragesimae
849 5039 964 5078 non
991 5028 1094 5077 est.

561 5137 759 5191 Oleum
809 5140 1002 5190 autem
1052 5135 1204 5206 quod
1259 5151 1391 5189 cum
1449 5133 1698 5188 chrisma
1750 5131 2124 5188 benedicitur.

410 5232 423 5247 ‘
490 5245 624 5283 voce
673 5229 875 5301 psalmi
929 5229 1264 5298 ostenditur,
1313 5228 1413 5300 qui
1460 5227 1529 5283 de
1567 5225 1790 5282 Christo
1847 5225 2136 5296 profertur

492 5323 659 5392 (Psal.
689 5339 830 5392 XLIV,
859 5324 910 5390 8)
959 5339 972 5376 :
1030 5325 1195 5379 Unan't
1241 5327 1291 5377 te
1333 5326 1469 5377 Deus
1509 5321 1575 5375 de
1614 5321 1725 5374 oleo
1773 5321 1979 5374 lwtitiw
2014 5335 2134 5390 prce

491 5417 816 5472 consortibus
843 5419 968 5481 tuis,
1013 5417 1098 5472 vel
1126 5416 1265 5471 illud
1295 5433 1308 5470 :
1342 5416 1465 5472 Oleo
1501 5418 1683 5470 sancto
1709 5429 1822 5468 meo
1852 5414 1994 5467 linui
2018 5429 2135 5468 eum

493 5510 658 5580 (Psal.
694 5525 950 5580 Lxxxvm,
995 5511 1106 5581 2i),
1148 5509 1306 5582 prius
1360 5522 1496 5578 ergo
1547 5506 1910 5576 ungebantur
1933 5505 2136 5562 veteris

492 5603 632 5672 oleo,
652 5603 729 5657 sic
754 5603 1242 5676 perfundebantur
1255 5603 1571 5671 unguento.
1601 5597 1928 5669 Specialiter
1943 5603 2135 5654 autem

489 5697 678 5752 oleum
714 5697 902 5752 Graece
954 5696 1148 5752 Latine
1188 5691 1576 5748 misericordia
1629 5689 1865 5761 dicitur,
1924 5695 1983 5747 et
2034 5707 2138 5762 per

495 5791 683 5846 oleum
710 5790 896 5846 Sancti
922 5789 1164 5861 Spiritus
1191 5785 1371 5858 gratia
1398 5784 1748 5856 designatur.
1779 5785 1936 5840 Hunc
1981 5784 2136 5840 enim

494 5883 776 5956 liquorem
831 5881 1176 5938 consecravit
1210 5880 1354 5935 Deus
1395 5877 1456 5934 in
1495 5877 1740 5936 Ecclesia
1785 5877 1855 5932 ad
1903 5879 2138 5952 mystica

2202 1025 2446 1083 fovenda
2471 1027 2867 1099 peccaminum
2896 1027 3150 1086 vulnera.

2276 1119 2604 1192 Symbolum
2632 1138 2858 1194 quoque
2887 1139 2990 1193 pro
3035 1122 3141 1177 hoc
3180 1122 3642 1195 competentibus
3683 1137 3864 1193 supra

2205 1213 2410 1285 scripto
2436 1213 2526 1269 die
2557 1214 2832 1285 tradetur,
2864 1218 2930 1270 ut
2959 1215 3106 1270 sicut
3133 1217 3364 1288 quando
3391 1216 3530 1272 dixit
3555 1217 3712 1272 Deus
3745 1215 3866 1270 Fiat

2203 1307 2324 1374 lux,
2354 1308 2505 1378 quod
2541 1307 2729 1380 signat
2772 1309 3110 1365 illuminatio
3149 1310 3519 1376 credulitatis,
3556 1313 3865 1380 appareat.

2205 1400 2452 1471 Septima
2476 1401 2574 1456 Die
2599 1401 2890 1457 benedixit
2917 1406 2974 1457 et
2999 1403 3365 1458 sanctiﬁcavit
3387 1403 3448 1458 in
3465 1402 3668 1475 requie
3692 1419 3707 1456 :
3733 1402 3867 1457 ideo

2205 1493 2310 1548 hac
2347 1494 2439 1550 die
2480 1493 2619 1550 fides
2657 1495 2854 1567 populi
2896 1495 3179 1566 ﬁrmatur,
3237 1497 3559 1567 symbolum
3605 1500 3668 1551 et
3715 1496 3868 1550 lacte

2206 1587 2522 1642 chrismatis
2563 1589 2868 1656 enutritur,
2907 1589 3041 1661 quia
3081 1590 3145 1645 in
3193 1589 3283 1645 die
3337 1590 3579 1661 septima
3619 1589 3870 1661 requies

2205 1680 2414 1736 Christi
2456 1681 2515 1735 in
2546 1682 2804 1753 sepulcro
2845 1683 3083 1752 coletur,
3129 1687 3186 1738 et
3233 1683 3547 1738 declinante
3593 1683 3730 1754 jam
3779 1682 3871 1738 die

2207 1773 2566 1845 triumphum
2619 1775 3046 1830 resurrectionis
3100 1775 3251 1830 illius
3294 1780 3684 1832 consecratur.
3731 1775 3870 1831 Ideo

2207 1872 2398 1922 autem
2423 1869 2746 1922 venientem
2773 1869 3121 1924 sacerdotem
3141 1870 3461 1940 symbolum
3481 1870 3738 1938 tradere,
3777 1887 3873 1925 ex-

2171 1960 2491 2031 ‘pandetur
2517 1977 2690 2032 super
2729 1963 3043 2016 cancellum
3090 1963 3349 2018 molliciis
3376 1965 3744 2035 plumarum,
3780 1965 3872 2018 vel

2209 2053 2446 2106 candida
2482 2054 2708 2121 sabana,
2737 2059 2793 2110 et
2821 2055 3072 2110 defertur
3108 2055 3170 2110 in
3207 2057 3391 2110 calicis
3428 2057 3656 2110 vascula
3708 2057 3871 2112 chri-

2210 2145 2402 2199 smatis
2437 2151 2492 2200 et
2526 2147 2630 2201 olei
2669 2147 3071 2219 benedicenda,
3095 2149 3187 2202 vel
3215 2149 3378 2204 codix
3404 2149 3546 2204 sacri
3595 2150 3873 2222 Evange-

2209 2238 2271 2292 lii
2311 2240 2486 2294 rubro
2531 2245 2721 2295 textus
2769 2241 3068 2310 velamine,
3108 2242 3244 2314 quia
3278 2243 3525 2314 populus
3563 2243 3636 2297 ad
3688 2243 3875 2300 fidem

2211 2331 2440 2386 veniens
2481 2333 2734 2388 infantiae
2776 2334 3021 2404 ﬁguram
3055 2340 3230 2390 tenet.
3271 2336 3424 2390 Sicut
3473 2335 3630 2390 enim
3675 2337 3878 2394 infans

2211 2430 2296 2480 est
2320 2429 2480 2480 tener
2509 2431 2565 2481 et
2591 2443 2768 2480 novus
2795 2427 2854 2481 in
2882 2443 3116 2498 corpore
3145 2445 3160 2482 :
3192 2428 3268 2482 ita
3295 2429 3680 2484 caticuminus
3701 2435 3879 2486 tener

2212 2522 2267 2572 et
2291 2535 2468 2574 novus
2497 2519 2557 2573 in
2586 2520 2776 2588 iidem,
2817 2520 3046 2574 infantis
3076 2522 3330 2576 membra
3367 2539 3539 2593 super
3572 2523 3878 2594 plumacia

2211 2616 2522 2682 ponuntur,
2560 2617 2625 2667 ut
2659 2613 2863 2667 melius
2908 2613 3214 2669 nutriatur.
3259 2615 3611 2670 Caticumino
3651 2617 3880 2673 blanda

2211 2705 2382 2759 verba
2409 2705 2630 2760 Domini
2659 2707 3046 2777 proferuntur,
3076 2724 3189 2779 quo
3231 2709 3474 2780 amplius
3522 2710 3878 2768 delectetur.

2213 2798 2333 2852 Non
2372 2798 2530 2854 enim
2581 2803 2765 2870 potest
2808 2800 3086 2855 sustinere
3125 2801 3359 2856 fortiora
3401 2809 3690 2874 praecepta
3739 2812 3880 2861 ante

2213 2907 2384 2964 quam
2412 2908 2515 2963 per
2539 2892 2886 2963 baptismum
2916 2893 3156 2964 Spiritus
3183 2894 3362 2950 sancti
3392 2896 3780 2953 conﬁrmetur
3817 2899 3881 2954 in

2216 2983 2414 3054 gratia.
2441 2985 2688 3040 Membra
2711 2985 2930 3056 parvoli
2957 2987 3186 3053 sabana,
3219 2987 3277 3042 id
3305 2993 3390 3042 est
3417 2989 3664 3044 candido
3695 3007 3768 3046 ac
3801 2993 3888 3046 vi-

2213 3077 2307 3130 lati
2336 3076 2512 3131 linteo
2557 3082 2953 3150 exterguntur,
2996 3095 3068 3134 ne
3107 3079 3324 3134 corium
3368 3081 3421 3136 ei
3467 3082 3740 3140 laedatur.
3800 3086 3885 3139 Ita

2215 3168 2552 3225 caticumino
2593 3171 2872 3227 subtilitas
2911 3171 3040 3226 ﬁdei
3085 3173 3342 3243 aperitur
3385 3174 3446 3228 in
3486 3176 3782 3246 symbolo,
3815 3182 3885 3233 ut

2213 3279 2316 3334 per
2325 3263 2656 3319 credulitate
2673 3269 2931 3336 tergatur
2943 3265 3014 3320 ab
3031 3266 3188 3320 omni
3207 3271 3462 3338 peccato.
3484 3268 3650 3323 Prius
3669 3269 3885 3326 liniter

2213 3372 2316 3426 per
2343 3356 2548 3411 blanda
2573 3363 2875 3429 praecepta,
2906 3375 2978 3412 ne
3009 3365 3378 3430 exasperetur
3401 3365 3568 3416 tener
3594 3362 3656 3417 in
3692 3363 3883 3420 intel-

2213 3448 2468 3520 ligentia,
2497 3455 2626 3522 post
2671 3451 3001 3506 modum....
3049 3468 3154 3522 per
3187 3452 3425 3508 fortiora
3474 3455 3758 3511 mandata
3813 3463 3887 3512 ut

2215 3543 2557 3598 convalescat
2583 3561 2686 3614 per
2717 3561 2909 3615 opera.
2938 3544 3126 3599 Infans
3151 3545 3294 3600 lacte
3321 3547 3596 3618 nutritur,
3645 3553 3705 3603 et
3741 3551 3890 3605 cati-

2218 3637 2470 3690 cumenis
2499 3637 2799 3692 chrismate
2838 3642 3151 3708 unguetur.
3183 3639 3289 3694 Lac
3329 3655 3399 3694 ex
3445 3641 3648 3696 matris
3689 3643 3890 3698 ubera

2217 3733 2511 3800 suggetur,
2545 3734 2601 3786 et
2627 3730 2874 3785 chrisma
2901 3730 2962 3784 in
2989 3731 3118 3786 sinu
3138 3736 3344 3788 sancite
3369 3733 3570 3790 matris
3601 3735 3889 3793 Ecclesiae

2216 3829 2600 3878 consecratur.

2290 3915 2454 3970 Liber
2477 3921 2668 3972 autem
2699 3918 2984 3989 Evangelii
3028 3918 3089 3973 in
3129 3919 3332 3991 specie.
3359 3921 3614 3992 corporis
3658 3923 3888 3980 Christi

2218 4007 2391 4062 rubro
2417 4009 2632 4080 tegitur
2658 4011 2958 4079 velamine,
2992 3999 3278 4084 sanguini;
3325 4013 3480 4084 tigno
3506 4020 3890 4074 monstrante

2221 4102 2282 4155 In
2305 4101 2492 4156 calicis
2529 4106 2723 4158 autem
2769 4105 3032 4160 chrisma:
3074 4107 3303 4161 vascula
3329 4107 3695 4180 deferuntur,
3740 4112 3890 4183 quia

2220 4195 2409 4250 omnia
2455 4202 2800 4252 sacramenta
2837 4199 3192 4270 baptismatis
3241 4199 3301 4254 in
3342 4201 3551 4256 Christi
3606 4205 3889 4274 passione

2220 4288 2539 4345 ﬁrmantur.
2569 4289 2752 4345 Vitrea
2780 4295 2972 4346 autem
2996 4291 3085 4347 vel
3110 4292 3415 4348 cristallina
3428 4311 3560 4349 vasa
3585 4296 3887 4354 chrisma-

2221 4381 2312 4450 tis,
2332 4382 2643 4438 claritatem
2662 4383 2887 4454 signant
2908 4385 3280 4456 baptismatis.
3305 4387 3632 4444 Balsamum
3670 4397 3891 4448 autem

2221 4474 2466 4530 chrisma
2511 4476 2826 4532 conﬁcitur.
2871 4477 3157 4534 Lentiscus
3205 4496 3389 4552 genus
3438 4481 3586 4553 ligni
3633 4483 3888 4556 dicitur,

2222 4568 2374 4623 unde
2427 4569 2603 4624 risina
2646 4571 2912 4626 balsama:
2959 4573 3206 4643 tolletur,
3253 4573 3324 4628 de
3377 4574 3486 4628 hoc
3535 4575 3787 4632 lentisco
3829 4580 3896 4634 in

2222 4678 2387 4716 cruce
2415 4663 2698 4718 dominica
2726 4663 2821 4718 illa
2847 4682 2978 4736 pars
3015 4665 3188 4721 fuisse
3218 4666 3482 4738 traditur,
3512 4669 3613 4723 ubi
3649 4677 3898 4728 sanctas

2222 4772 2424 4810 manus
2453 4757 2675 4811 Domini
2694 4757 2850 4812 clavo
2873 4759 3104 4814 conﬁxit
3127 4759 3358 4831 impius,
3390 4761 3715 4832 perficitur.
3747 4766 3898 4821 Ideo

2223 4853 2278 4904 et
2303 4849 2477 4904 risina
2500 4850 2643 4922 ligni
2669 4850 2844 4921 ipsius
2869 4851 3294 4923 dispensante...
3315 4853 3484 4908 etiam
3515 4855 3585 4909 ab
3623 4857 3901 4931 antiquis

2227 4943 2574 5013 temporibus
2617 4943 3049 5014 imprimatis....
3095 4947 3549 5002 transfundetur.
3612 4951 3900 5023 Angelus

2145 5048 2204 5120 D
2227 5035 2380 5092 enim
2407 5037 2504 5091 Dei
2531 5037 2599 5091 ad
2631 5042 2843 5092 secreta
2860 5055 3034 5110 super
3051 5039 3226 5094 altare
3255 5043 3526 5112 tanquam
3555 5057 3739 5114 super
3769 5063 3904 5102 mo-

2234 5133 2575 5184 numentum
2608 5129 2914 5201 descendit,
2961 5135 3017 5186 et
3052 5131 3238 5204 ipsam
3280 5133 3527 5188 hostiam
3569 5135 3900 5211 benedicit,

2233 5222 2411 5278 instar
2434 5222 2584 5277 illius
2614 5225 2800 5296 angeli
2825 5225 2922 5296 qui
2948 5225 3158 5280 Christi
3181 5228 3662 5284 resurrectionem
3702 5247 3903 5289 evan-

2237 5315 2510 5386 gelizavit.
2539 5317 2692 5371 Tunc
2727 5317 2904 5372 libera
2939 5317 3155 5390 lingua,
3209 5323 3266 5375 et
3304 5336 3438 5376 voce
3487 5323 3638 5377 clara
3688 5328 3907 5382 omnia

2235 5409 2452 5462 cantica
2493 5426 2620 5481 quae
2659 5409 2720 5464 in
2765 5411 3198 5482 quadragesima
3231 5413 3466 5469 fuenmt
3503 5416 3608 5470 sub
3652 5417 3905 5476 silentio

2237 5502 2421 5556 clausa
2461 5503 2830 5576 recipiuntur,
2864 5508 2922 5559 et
2945 5505 3260 5561 submersio
3297 5508 3608 5563 Pharaonis
3645 5515 3704 5567 et
3753 5515 3907 5570 San-

2237 5598 2358 5649 ctus
2388 5596 2456 5651 de
2483 5597 2632 5652 caelis
2673 5601 2730 5652 et
2763 5597 2983 5653 alleluia
3035 5615 3167 5654 cum
3206 5601 3424 5672 gaudiis
3465 5601 3598 5674 quia
3634 5610 3908 5665 surrexit

2238 5689 2523 5746 Dominus.
2565 5690 2742 5746 Media
2779 5695 2970 5747 autem
2999 5697 3163 5748 nocte
3200 5693 3261 5748 in
3297 5694 3482 5750 ofﬁcio
3511 5712 3904 5756 consumma-

2237 5787 2350 5853 tur,
2369 5783 2502 5855 quia
2530 5783 2716 5839 media
2743 5788 2906 5840 nocte
2935 5785 3110 5858 fregit
3135 5785 3427 5842 infernum
3449 5788 3724 5861 Salvator,
3746 5797 3904 5851 tunc

2237 5877 2305 5932 ab
2332 5895 2427 5935 ore
2453 5876 2634 5936 fidelis
2660 5880 2854 5952 populi
2873 5879 3023 5952 Agni
3042 5897 3170 5936 caro
3201 5881 3538 5955 comeditur,
3562 5889 3620 5940 et
3647 5892 3908 5960 sanguis
