3968 6432
129 404 180 452 97
907 395 1252 454 EXPOSITIO
1289 398 1526 454 BREVIS
1563 399 1869 466 ANTIQUJ‘Z
1908 401 2236 458 LITURGLE
2272 403 2677 458 GALLICAN/E.
3388 410 3454 462 98

127 503 330 560 dulciter
373 501 636 571 bibetur,
702 518 814 574 per
855 505 1004 576 quod
1041 505 1226 561 omnis
1276 507 1522 561 mundus
1557 507 1738 578 pretio
1762 519 1819 590 Α
1909 509 2313 564 Vestimentum
2340 510 2656 581 parvolum,
2679 509 2832 580 quod
2856 525 2972 564 non
3005 510 3076 566 sit
3113 509 3172 566 in
3199 511 3307 566 alio
3330 528 3453 582 uso,

124 598 247 652 claro
269 593 586 664 redimitur,
603 598 784 668 atque
811 597 958 652 illico
985 597 1218 652 discitur
1243 603 1304 654 ut
1332 599 1547 654 auroris
1569 603 1737 655 tentae

125 687 321 744 diliculo
369 687 495 740 laus
542 690 957 744 resurrectioni
1021 691 1242 746 Domini
1301 693 1451 746 claro
1521 692 1737 746 cantico

124 797 230 836 cum
253 779 748 834 benedictionibus
779 781 1112 838 celebretur.

178 873 410 928 Palleum
439 889 580 926 vero
612 872 675 927 in
703 875 924 945 pascha
948 891 1077 929 cum
1107 875 1502 930 tintinnabulis
1528 877 1738 931 Eucha-

122 965 256 1020 ristia
291 965 510 1019 velatus
548 964 738 1020 instar
785 967 988 1021 veteris
1027 968 1370 1038 testamenti,
1412 969 1508 1022 ubi
1552 967 1737 1022 tonica

122 1057 390 1111 sacerdotis
419 1057 598 1127 plena
627 1058 1036 1113 tintinnabulis
1061 1060 1296 1130 signans
1321 1060 1492 1115 verba
1530 1061 1732 1130 praedi-

120 1149 326 1203 cationis
378 1150 736 1205 ostenditur.
795 1151 1126 1206 Praecinctio
1175 1156 1366 1206 autem
1420 1151 1734 1206 vestimenti

121 1241 313 1295 candidi
350 1241 504 1311 quod
551 1243 818 1297 sacerdos
852 1243 1242 1314 baptizaturus
1276 1245 1645 1316 praecingitur
1676 1245 1734 1298 in

119 1335 255 1404 signa
283 1334 462 1388 sancti
493 1333 740 1388 Joannis
768 1337 992 1405 agetur,
1015 1336 1110 1406 qui
1132 1336 1467 1406 praecinctus
1493 1335 1736 1406 baptiza-

117 1427 178 1479 vit
219 1426 548 1480 Dominum.
584 1427 747 1480 Albis
791 1430 985 1481 autem
1027 1427 1272 1483 vestibus
1319 1428 1376 1481 in
1411 1427 1616 1482 Pascha
1652 1428 1737 1481 in-

115 1519 291 1573 duetur
337 1517 669 1572 secundum
703 1519 860 1590 quod
909 1521 1144 1590 angelus
1185 1521 1253 1573 ad
1301 1523 1733 1574 monumentum

117 1611 234 1664 albis
258 1610 507 1664 vestibus
539 1615 898 1667 cerneretur.
939 1611 1094 1666 Albae
1135 1611 1344 1667 etenim
1391 1611 1558 1666 vestis
1583 1612 1735 1666 exul-

119 1703 360 1757 tationem
385 1702 749 1772 signiﬁcant.

172 1795 358 1848 Casula
392 1811 578 1864 quam
621 1795 1018 1866 amphibalum
1049 1799 1270 1864 vocant,
1303 1795 1456 1866 quod
1484 1795 1734 1850 sacerdos

1837 601 1942 654 nisi
1993 601 2065 656 ad
2111 602 2587 672 frequentandum
2645 601 3000 671 sacriﬁcium,
3050 603 3137 657 vel
3179 603 3458 674 signiﬁcat

1836 693 1984 764 quod
1999 709 2116 748 non
2139 698 2445 763 graventur
2462 710 2666 748 manus
2683 698 2888 748 nostra:
2915 694 3222 749 honoribus
3245 696 3453 764 saeculi,

1836 785 1931 839 sed
1981 785 2401 841 circumdantur
2441 785 2664 840 subtilia
2729 785 3000 840 exercitia
3051 787 3455 842 mandatorum

1836 876 1951 930 Dei.
1991 875 2252 931 Prohibet
2281 881 2468 932 autem
2499 877 2722 931 manica
2751 877 2937 932 tonica
2960 893 3032 932 ne
3055 883 3326 949 appareat
3350 879 3458 934 vile

1833 969 2247 1036 vestimentum,
2302 973 2400 1024 aut
2465 985 2820 1041 quocumque
2876 969 3173 1040 indignum
3244 975 3455 1025 tactum

1834 1061 2082 1116 sordium
2121 1077 2289 1130 super
2312 1061 2502 1116 divina
2543 1061 2836 1131 sacriﬁcia,
2867 1078 2978 1133 quo
3018 1077 3223 1116 manus
3251 1061 3457 1117 immo-

1833 1153 2014 1208 lantes
2043 1153 2382 1208 discurrunt.

1903 1245 2067 1299 Albas
2100 1261 2249 1314 vero,
2281 1261 2416 1316 quas
2453 1245 2634 1300 levitas
2679 1249 2938 1315 utuntur,
2975 1245 3098 1300 ideo
3139 1250 3462 1302 statuerunt

1832 1341 2040 1408 patres,
2059 1337 2193 1408 quia
2219 1337 2276 1390 in
2302 1337 2636 1392 vestimento
2663 1337 2835 1392 tincto
2855 1353 2972 1392 non
2995 1338 3072 1391 sic
3091 1342 3330 1409 apparet
3350 1339 3458 1393 cito

1833 1429 2051 1482 macula
2078 1430 2361 1500 quomodo
2403 1430 2464 1483 in
2500 1430 2669 1484 albo:
2700 1434 2756 1484 et
2795 1429 3052 1484 minister
3103 1430 3294 1484 altaris
3339 1431 3463 1485 ideo

1831 1520 2029 1590 utitur,
2067 1525 2132 1574 ut
2172 1521 2426 1576 observet
2477 1525 2532 1576 et
2567 1526 2757 1575 caveat
2801 1537 3031 1575 omnem
3078 1523 3376 1591 maculam,
3409 1528 3464 1577 et

1830 1612 2154 1667 nullatenus
2171 1613 2502 1668 vestimenta
2517 1613 2960 1668 ministrantium
2980 1614 3066 1668 vel
3082 1614 3286 1669 leviore
3305 1617 3458 1669 tactu

1833 1707 2145 1774 appareant
2168 1705 2408 1773 sordita;
2439 1705 2534 1759 sed
2561 1705 2801 1760 candida
2844 1705 2958 1760 sint
2997 1706 3243 1761 exterius
3284 1711 3455 1776 veste,

1835 1796 2069 1850 interius
2098 1800 2304 1851 mente.
2335 1797 2504 1852 Sirico
2529 1802 2627 1852 aut
2651 1797 2856 1851 vellere
2885 1797 3070 1867 ﬁetur,
3107 1799 3240 1868 quia
3277 1799 3462 1854 Domi-

117 1887 375 1956 induetur,
406 1891 528 1965 tota
554 1887 730 1941 unita
757 1903 862 1958 per
887 1888 1127 1958 Moysem
1155 1887 1454 1958 legiferum
1484 1887 1738 1942 instituta
1758 1872 1814 1942 B
1836 1904 1942 1941 nus
1957 1888 2334 1942 sacerdotibus
2351 1889 2477 1943 ideo
2495 1889 2694 1944 exinde
2721 1889 2931 1944 habere
2951 1890 3281 1945 indumenta
3300 1907 3461 1945 man-

118 1977 353 2048 primitus
389 1979 856 2033 demonstratur.
907 1979 1078 2034 Jussit
1121 1995 1256 2050 ergo
1299 1979 1573 2032 Dominus
1619 1979 1741 2032 ﬁeri

119 2070 488 2124 dissimilatum
535 2071 977 2140 vestimentum,
1031 2075 1097 2125 ut
1140 2072 1311 2126 talem
1363 2071 1618 2125 sacerdos
1660 2071 1742 2124 in-

119 2162 295 2230 duerit,
313 2163 483 2232 quale
508 2162 682 2217 indui
703 2164 950 2234 populus
974 2179 1088 2218 non
1117 2163 1438 2218 auderetur.
1469 2163 1595 2216 Ideo
1622 2163 1740 2218 sine

119 2254 356 2323 manicas,
389 2255 528 2324 quia
569 2254 844 2309 sacerdos
879 2255 1065 2326 potius
1103 2255 1385 2310 benedicit
1428 2271 1601 2325 quam
1640 2254 1741 2309 mi-

118 2347 308 2401 nistrat.
334 2347 465 2401 Ideo
491 2347 671 2402 unita
687 2347 1002 2418 prinsecus,
1029 2364 1146 2402 non
1172 2347 1358 2416 scissa,
1386 2363 1500 2401 non
1525 2352 1738 2416 aperta,

119 2439 228 2510 quia
251 2439 444 2494 multa!
491 2442 640 2493 sunt
669 2439 966 2510 scripturae
1003 2456 1175 2494 sacrae
1209 2445 1422 2494 secreta
1450 2439 1737 2511 mysteria,

119 2547 225 2600 quae
246 2532 404 2604 quasi
435 2531 544 2586 sub
573 2531 774 2601 sigillo
805 2531 1080 2586 sacerdoti
1102 2532 1296 2587 doctus
1322 2531 1487 2586 debet
1515 2533 1742 2586 abscon-

118 2623 248 2693 dere,
296 2629 350 2680 et
393 2625 697 2679 unitatem
747 2623 879 2679 ﬁdei
919 2625 1216 2697 custodire,
1267 2641 1382 2678 non
1423 2623 1480 2678 in
1529 2625 1742 2679 haerese

117 2717 187 2770 vel
209 2717 511 2772 schismata
540 2716 866 2772 declinare.

173 2809 415 2866 Palleum
458 2826 602 2864 vero
656 2809 812 2880 quod
849 2808 999 2863 circa
1047 2809 1189 2863 collo
1225 2825 1400 2881 usque
1445 2809 1515 2863 ad
1551 2812 1742 2880 pectus

118 2903 270 2971 venit,
297 2903 580 2958 rationale
609 2901 931 2956 vocabatur
968 2899 1027 2954 in
1053 2905 1240 2956 vetere
1263 2904 1617 2971 testamento,
1645 2899 1744 2954 sci-

116 2995 229 3050 licet
254 2996 480 3066 signum
525 2993 854 3050 sanctitatis
897 3009 1068 3065 super
1101 2993 1436 3048 memoriam
1481 2993 1739 3064 pectoris,

119 3088 316 3144 dicente
343 3088 640 3159 propheta
663 3102 736 3141 ex
761 3102 1006 3156 persona
1031 3085 1254 3140 Domini
1273 3088 1508 3157 Spiritus
1536 3087 1748 3141 Domini

1839 1979 2006 2046 davit,
2035 1985 2100 2034 ut
2125 1996 2319 2034 eorum
2353 1981 2518 2035 vestis
2543 1997 2700 2052 spem
2741 1980 3164 2036 resurrectionis
3196 1983 3458 2036 ostende-

1839 2075 1942 2125 ret.
1971 2071 2140 2126 Sirico
2165 2072 2317 2126 enim
2353 2072 2421 2127 de
2460 2071 2615 2144 ligno
2661 2088 2762 2142 per
2799 2088 2986 2127 verme
3023 2073 3206 2128 ﬁctur.
3249 2074 3465 2128 Vermis

1837 2168 1963 2234 post
1986 2169 2228 2218 mortem
2264 2165 2516 2234 procedit
2556 2163 2616 2218 in
2642 2164 2808 2233 alate,
2857 2169 2912 2219 et
2959 2169 3082 2235 post
3124 2181 3379 2220 occasum
3412 2167 3468 2221 et

1837 2255 2086 2309 volatum
2133 2257 2386 2328 ﬁgurans
2431 2256 2736 2325 Christum,
2787 2255 2882 2328 qui
2951 2272 3020 2310 ex
3070 2257 3225 2327 ligno
3285 2257 3466 2313 crucis

1838 2347 2128 2418 quiescens
2153 2348 2210 2402 in
2235 2349 2531 2419 sepulchro
2560 2353 2858 2419 tamquam
2901 2349 3108 2404 vermis
3147 2349 3369 2404 clausus
3404 2351 3463 2404 in

1839 2441 2054 2494 sacculo
2096 2445 2358 2510 augusto,
2409 2440 2655 2494 surrexit
2703 2441 2770 2495 de
2815 2441 3055 2509 tumulo,
3097 2445 3153 2494 et
3194 2441 3266 2496 ad
3303 2442 3466 2496 caelos

1839 2532 2039 2586 sumsit
2079 2531 2350 2587 volatum.
2394 2532 2637 2586 Alterius
2694 2548 2823 2586 vero
2863 2533 3084 2587 velleris
3135 2533 3260 2588 alba
3307 2533 3466 2588 inno—

1839 2623 2083 2678 centiam
2111 2628 2332 2678 tantum
2363 2624 2488 2679 vita:
2515 2620 2927 2679 demonstrant.
2959 2625 3095 2678 Alba
3128 2630 3318 2680 autem
3347 2642 3460 2680 non

1840 2715 2242 2786 constringitur
2263 2716 2509 2786 cingulo,
2543 2717 2638 2770 sed
2665 2733 2936 2788 suspensa
2964 2717 3107 2788 tegit
3133 2717 3314 2772 levitas
3343 2735 3462 2772 cor-

1839 2807 2158 2880 pusculum,
2187 2809 2318 2879 quia
2348 2809 2531 2862 omnis
2557 2809 2904 2862 conversatio
2943 2808 3182 2863 Levitica
3223 2809 3282 2863 in
3326 2809 3468 2864 desi-

1841 2900 1996 2955 derio
2023 2901 2253 2954 caelestis
2278 2901 2477 2972 patrias
2508 2917 2541 2954 a
2579 2900 2815 2955 terrenis
2851 2901 3110 2971 operibus
3157 2885 3323 2957 debet
3348 2918 3466 2957 esse

1840 3009 2127 3064 suspensa,
2157 3008 2260 3046 nec
2287 2993 2514 3062 cingulo
2539 2997 2905 3064 peccatorum
2935 2993 3266 3049 constricta.-

1914 3085 2070 3140 Stola
2110 3090 2298 3140 autem
2335 3102 2508 3156 quam
2545 3101 2713 3156 super
2765 3085 2891 3139 alba
2939 3086 3210 3140 diaconus
3263 3085 3465 3155 induit,

118 3195 258 3250 super
277 3196 378 3236 me.
408 3182 477 3235 Et
502 3184 646 3252 post
671 3194 880 3250 pauca,
911 3183 974 3233 ut
1009 3193 1260 3248 ponerem
1302 3179 1531 3247 gloriam
1559 3179 1744 3248 lugen-
1769 3219 1822 3294 Ο
1847 3177 2124 3248 signiﬁcat
2149 3176 2469 3232 subtilitatis
2495 3176 2928 3248 intelligentiam
2955 3177 3013 3232 in
3040 3178 3229 3233 divina
3254 3183 3465 3250 myste-

123 3274 243 3294 £31---
281 3275 399 3294 n1-“
465 3279 506 3294 ,Α
566 3273 756 3294 _1_..-....
808 3273 876 3294 -.°-
919 3285 1156 3294 --..-.......
1198 3285 1294 3294 ..μη
1343 3272 1507 3294 -.⁸..-..-
1584 3271 1744 3294 ,πλη-ι.
1847 3269 1923 3294 ..2-
1971 3269 2288 3294 1:-..i..-i..-.:
2312 3269 2446 3294 ,ιΑιη
2479 3269 2776 3294 ε..,1.-,...ι,.-
2809 3270 3071 3294 ..κηλεη-υ.
3099 3271 3465 3294 --1.._._:L-1:_

122 3274 244 3328 tibus
277 3275 425 3336 Sion,
453 3279 506 3328 et
555 3273 762 3328 darem
800 3273 876 3326 eis
913 3285 1161 3326 coronam
1191 3285 1296 3340 pro
1337 3272 1526 3336 cinere,
1579 3271 1749 3324 oleum
1770 3269 1822 3294 υ
1847 3269 1948 3338 ria,
1970 3269 2101 3324 licet
2119 3269 2291 3324 veteri
2311 3269 2452 3324 stola
2479 3269 2778 3324 induentes
2805 3270 3076 3340 gaudium
3097 3271 3469 3326 solemnitatis

121 3366 295 3434 gaudii
325 3382 425 3437 pro
471 3367 629 3420 luctu
685 3363 836 3432 (Isai.
863 3379 972 3430 ιιι,
1003 3363 1075 3433 3).
1120 3362 1375 3416 Palleum
1411 3362 1604 3416 laudes
1644 3377 1747 3432 pro

121 3458 296 3528 spiritu
320 3458 607 3513 maeroris.
654 3455 818 3520 Quod
859 3460 1051 3510 autem
1097 3454 1239 3508 collo
1277 3454 1472 3526 cingit,
1502 3454 1748 3525 antiquas

121 3550 524 3606 consuetudinis
551 3554 672 3619 est,
705 3548 839 3620 quia
879 3563 1042 3618 reges
1079 3551 1138 3602 et
1181 3547 1495 3602 sacerdotes
1518 3547 1751 3601 circum-

118 3643 218 3697 dati
241 3649 400 3699 erant
443 3643 642 3714 palleo
701 3645 858 3695 veste
901 3640 1177 3710 fulgente,
1222 3640 1372 3711 quod
1401 3639 1585 3710 gratia
1610 3655 1751 3710 prse-

121 3735 376 3806 signabat.
389 3736 556 3801 Quod
567 3739 774 3789 autem
790 3731 1028 3787 ﬁmbriis
1044 3732 1376 3787 vestimenta
1391 3731 1750 3786 sacerdotalia

123 3829 510 3898 adnectuntur,
533 3826 824 3882 Dominus
869 3825 1040 3896 Moysi
1069 3825 1338 3896 praecepit
1377 3824 1436 3878 in
1473 3823 1748 3892 Numeris,

122 3925 177 3974 ut
191 3937 287 3992 per
303 3925 554 3996 quatuor
579 3917 838 3988 angulos
863 3918 1174 3988 palleorum
1195 3916 1294 3970 ﬁlii
1319 3915 1483 3971 Israel
1501 3914 1751 3970 ﬁmbrias

122 4013 366 4084 facerent,
396 4024 464 4073 ut
498 4036 612 4091 pop
695 4003 761 4066 fis
801 4010 1026 4064 Domini
1052 4025 1167 4064 non
1217 4009 1404 4064 solum
1441 4024 1630 4080 opere,
1657 4008 1752 4062 sed

127 4105 278 4160 etiam
301 4113 358 4161 et
377 4109 604 4161 vestitu"
622 4104 1036 4159 mandatorum
1079 4102 1178 4156 Dei
1213 4101 1440 4172 signum
1483 4104 1748 4171 portaret.

1846 3379 1903 3416 se
1931 3362 2140 3417 habere
2166 3361 2577 3416 monstrabant.
2607 3363 2675 3415 Et
2701 3378 2804 3432 pro
2830 3363 2934 3416 hac
2955 3379 3122 3416 causa
3150 3363 3210 3416 in
3230 3363 3470 3434 quadra-

1847 3455 2062 3524 gesima
2087 3470 2191 3525 pro
2222 3453 2604 3508 humiliatione
2628 3470 2742 3508 non
2771 3459 2982 3523 utetur,
3013 3455 3154 3510 sicut
3188 3471 3290 3509 nec
3337 3455 3469 3510 alle-

1845 3546 1957 3601 luia
2006 3547 2065 3600 in
2109 3531 2305 3601 nostra
2373 3546 2635 3614 Ecclesia,
2690 3547 2942 3613 Sanctus,
3008 3548 3092 3601 vel
3145 3546 3464 3618 prophetia,

1849 3639 2129 3709 hymnum
2151 3638 2321 3693 trium
2341 3654 2670 3708 puerorum,
2690 3639 2776 3692 vel
2796 3639 3079 3692 canticum
3101 3639 3275 3694 Rubri
3296 3637 3467 3692 maris

1849 3730 1958 3784 illis
1983 3731 2177 3784 diebus
2202 3729 2584 3784 decantantur.
2615 3730 2764 3784 Stola
2793 3730 2918 3784 alba
2959 3746 3207 3802 namque
3235 3731 3466 3801 angelus

1847 3822 2178 3894 praecinctus
2205 3821 2468 3892 apparuit
2506 3823 2729 3892 quando
2767 3823 2964 3877 sedens
3005 3822 3064 3877 in
3098 3825 3468 3878 monumento

1849 3915 2090 3984 Domini,
2137 3913 2549 3968 solemnitatem
2589 3915 3010 3970 resurrectionis
3052 3914 3196 3970 illius
3239 3915 3468 3970 nuncia-

1849 4007 1948 4062 vit;
1983 4007 2109 4062 Ideo
2147 4006 2207 4061 in
2247 4006 2686 4077 Quadragesima
2721 4007 3136 4079 prohibendum
3185 4008 3308 4063 haec
3345 4024 3469 4064 can-

1850 4100 1979 4170 tica,
2009 4100 2142 4170 quia
2179 4099 2422 4154 caelestia
2453 4100 2510 4154 et
2545 4100 2800 4171 angelica
2839 4106 2987 4154 sunt.
3022 4101 3096 4157 Dc
3135 4101 3284 4156 caelis
3311 4101 3469 4156 enim

183 4197 447 4255 Manualia
479 4215 646 4266 vero,
677 4197 830 4252 idest
853 4195 1106 4250 manicas
1130 4193 1365 4250 induere
1382 4193 1756 4248 sacerdotibus
1852 4194 2117 4247 columna
2157 4191 2304 4262 ignis
2347 4191 2406 4246 in
2439 4195 2621 4261 nocte,
2665 4197 2722 4247 et
2757 4193 3020 4248 columna
3061 4193 3228 4248 nubis
3271 4194 3329 4248 in
3357 4193 3468 4262 die,

127 4305 234 4344 mos
251 4296 333 4346 est
359 4294 545 4347 instar
572 4289 967 4357 armillarum,
995 4303 1138 4360 quas
1161 4303 1364 4358 regum
1392 4286 1481 4341 vel
1505 4285 1756 4340 sacerdo-

127 4387 233 4438 tum
256 4385 484 4441 brachia
511 4381 1088 4454 constringebantur.
1122 4380 1251 4434 Ideo
1275 4383 1466 4434 autem
1491 4394 1558 4434 ex
1585 4379 1758 4450 quoli-

1853 4285 2086 4355 angelus
2111 4285 2170 4338 in
2199 4284 2422 4339 camino
2453 4285 2698 4340 ﬂammae
2723 4285 2782 4340 in
2809 4285 2956 4340 cselis
2982 4286 3174 4340 audita
3197 4291 3299 4342 est.
3327 4287 3472 4341 Alles

1852 4378 1966 4432 luia
1989 4377 2078 4433 vel
2102 4377 2283 4432 Sancti
2337 4381 2592 4432 tacentur
2617 4394 2754 4450 ergo
2781 4378 2839 4432 in
2863 4378 3206 4448 paenitentia,
3241 4382 3303 4432 ut
3326 4393 3472 4433 nova

128 4472 208 4530 bet
232 4477 474 4548 pretioso
497 4478 744 4544 vellere,
787 4490 907 4529 non
949 4472 1160 4528 metalli
1199 4471 1407 4527 duritia
1434 4475 1647 4540 extant,
1674 4471 1759 4525 vel
1855 4471 1992 4525 ﬁant
2015 4470 2075 4524 in
2105 4469 2531 4525 Resurrectione
2572 4469 2851 4524 dominica
2883 4470 3109 4542 quando
3149 4472 3472 4524 reserantur

128 4574 183 4622 ut
205 4585 392 4626 omnes
416 4567 824 4626 communiter
849 4566 1184 4635 sacerdotes,
1213 4565 1382 4620 etiam
1408 4563 1642 4619 minoris
1672 4563 1758 4618 di-

131 4661 336 4731 gnitatis
361 4661 422 4719 in
447 4662 672 4720 sieculo
697 4659 922 4716 facilius
945 4657 1254 4714 inveniant.

1857 4567 1915 4618 et
1951 4562 2246 4633 baptisma.
2279 4561 2513 4632 Oportet
2552 4577 2688 4633 ergo
2744 4561 2910 4617 levita
2952 4561 3231 4618 caelestem
3283 4563 3472 4618 cantet

1860 4655 2164 4712 canticum.
2961 4663 2971 4674 '

191 4841 213 4868 ³
235 4829 290 4885 Id
319 4833 403 4886 est
443 4832 660 4887 breves
702 4826 988 4898 orationes
1023 4825 1134 4882 illae
1171 4841 1298 4898 quas
1337 4841 1371 4880 a
1406 4821 1579 4880 verbo
1609 4825 1836 4883 Sanctus
1877 4819 2241 4894 incipiebant,
2281 4818 2470 4894 quales
2513 4821 2884 4879 cantabantur
2921 4826 3051 4880 ante
3091 4821 3468 4897 prophetiam,

134 4905 244 4956 ante
267 4907 321 4958 et
345 4906 476 4975 post
505 4895 918 4972 Evangelium.

195 5040 350 5120 Non.
379 5045 442 5120 in
469 5043 584 5097 hac
615 5043 678 5097 S.
713 5037 986 5120 Germani
1015 5037 1356 5120 Repositione
1391 5035 1710 5119 recudenda
1744 5034 2202 5120 Mabillonianum
2228 5031 2535 5120 exemplar,
2565 5035 2679 5091 sive
2715 5035 2867 5120 qugd
2901 5034 3056 5120 idem
3091 5035 3473 5120 estheodicem

138 5111 714 5186 Augustodunensemq
733 5109 806 5164 de
822 5109 1005 5186 _verbo
1030 5105 1364 5186 {id—verbum
1391 5108 1809 5181 exscripsimus.
1835 5107 2034 5163 Menda
2061 5107 2236 5179 igitur
2259 5105 2462 5179 quibus
2487 5121 2603 5161 non
2635 5105 2807 5162 seniel
2843 5105 3088 5178 syntaxis
3115 5105 3357 5180 laeditur,
3385 5105 3473 5168 cui

138 5179 239 5256 ρει-⁷
247 5187 326 5240 est
349 5184 574 5242 tribuat
597 5183 797 5242 lector
821 5179 1148 5239 benevolus.
1175 5179 1324 5237 Edit.
