3968 6436
655 515 670 530 ’
835 606 2120 816 APPENDIX
2229 609 2558 774 AD
2682 605 3524 780 OPERA

1030 879 1549 992 SANCTI
1588 912 1597 921 '
1641 881 2306 992 GERMANI
2399 882 3356 1017 PARISIENSIS,

943 1085 1276 1191 VABIA
1367 1084 1944 1162 LITURGICA
2040 1083 2708 1163 MONUMENTA
2803 1084 3440 1162 CONTINENS.

1923 1372 2452 1446 MONITUM.

579 1515 635 1572 Si
657 1512 782 1587 quis
805 1511 1080 1568 lectorum
1116 1505 1566 1578 interrogaverit,
1596 1522 1860 1578 quamam
1889 1505 2084 1562 relatio
2121 1506 2176 1562 S.
2205 1505 2469 1561 Germani
2495 1522 2666 1578 opera
2695 1505 3060 1578 sequentibus
3089 1506 3478 1562 monumentis
3502 1507 3586 1562 ita
3627 1506 3900 1578 colliget,

505 1610 572 1661 ut
598 1605 688 1660 his
711 1601 1037 1674 Appendicis
1060 1615 1269 1653 nomen
1289 1597 1478 1668 aliquo
1504 1596 1672 1650 modo
1688 1595 2001 1664 conveniat,
2029 1596 2180 1650 ultro
2204 1596 2530 1664 fatebimur,
2559 1613 2676 1652 non
2701 1597 2868 1651 aliam
2893 1597 3225 1652 relationem
3251 1596 3402 1652 inter
3425 1601 3688 1668 utraque
3717 1596 3905 1651 inter-

507 1695 707 1750 cedere
729 1691 838 1746 nisi
865 1689 1020 1760 quod
1043 1691 1269 1742 sanctus
1295 1686 1414 1758 ipse
1439 1686 1751 1740 Germanus
1779 1702 1957 1756 pauca
1985 1685 2248 1757 quaedam
2272 1685 2341 1740 de
2369 1685 2598 1756 liturgia
2623 1685 2903 1740 Gallicana
2925 1685 3229 1758 scripserit,
3259 1701 3476 1756 nosque
3508 1703 3581 1741 ex
3617 1685 3895 1756 Scripto-

503 1799 638 1838 rum
665 1781 818 1836 illius
845 1779 1089 1834 editione
1111 1775 1300 1830 minus
1327 1791 1553 1830 causam
1575 1791 1747 1846 quam
1777 1775 2128 1830 occasionem
2153 1775 2301 1829 hanc
2330 1775 2674 1830 summulam
2708 1775 3030 1846 liturgicam
3067 1775 3390 1847 proferendi
3420 1775 3782 1848 suscepisse,
3815 1775 3901 1828 rei

503 1872 672 1926 etiam
703 1867 1126 1941 opportunitate
1155 1865 1502 1934 stimulante,
1529 1863 1809 1936 siquidem
1837 1865 2077 1919 Ecclesia
2102 1869 2293 1918 nostra
2319 1864 2660 1936 quotidianis
2689 1864 2758 1919 de
2783 1865 2889 1918 hoc
2925 1865 3174 1920 themate
3199 1864 3414 1920 ferveat
3441 1863 3896 1919 controversiis.

503 1961 803 2028 Caeterum,
830 1959 1213 2028 praeterquam
1248 1954 1401 2026 quod
1427 1954 1481 2008 S.
1510 1953 1821 2008 Germanus
1845 1953 2137 2024 liturgiam
2175 1954 2388 2007 calamo
2413 1953 2685 2025 attigerit,
2714 1953 2935 2008 nullum
2974 1953 3122 2008 inter
3145 1957 3403 2009 auctores
3440 1953 3895 2022 ecclesiasticos,

503 2047 710 2120 quibus
735 2045 907 2100 Gallia
943 2047 1140 2098 nostra
1176 2046 1307 2098 ante
1331 2043 1596 2098 Carolum
1625 2043 1890 2111 Magnum
1927 2042 2161 2114 gloriata
2187 2046 2290 2113 est,
2319 2042 2686 2098 illustriorem
2718 2043 3039 2114 excogitare
3067 2043 3378 2114 potuimus,
3407 2043 3573 2114 cujus
3607 2042 3896 2114 operibus

469 2136 630 2192 -hasc
673 2136 1041 2189 monumenta
1081 2131 1302 2186 meliori
1329 2131 1462 2202 jure
1495 2131 1928 2202 subjicerentur.
1967 2133 2033 2186 Et.
2067 2131 2192 2203 quis
2230 2131 2578 2204 antiquitatis
2617 2131 3005 2187 ecclesiasticas
3047 2132 3334 2188 studiosus
3377 2131 3669 2186 maximas
3721 2129 3898 2186 nobis

509 2223 715 2296 gratias
741 2221 1045 2293 abjudicet,
1078 2237 1208 2274 cum
1236 2219 1621 2292 perpenderit,
1653 2236 1710 2274 se
1731 2220 2074 2292 jamdudum
2106 2221 2470 2292 conspicuam
2494 2221 2742 2293 liturgiae
2769 2223 3035 2277 Romanae
3062 2225 3285 2293 partem
3307 2221 3458 2276 inter
3481 2219 3698 2275 Gelasii
3727 2235 3896 2291 papae

506 2311 932 2368 lucubrationes
961 2309 1108 2382 typis
1126 2310 1334 2364 nostris
1372 2326 1694 2381 expressam
1741 2309 2042 2382 accepisse,
2074 2311 2443 2382 ejusdemque
2481 2312 2894 2382 complemento
2935 2311 3103 2366 simul
3141 2327 3205 2365 ac
3233 2309 3490 2382 Gregorii
3518 2309 3724 2382 Magni
3755 2325 3895 2380 ope-

506 2402 664 2459 ribus
699 2418 818 2458 esse
856 2401 1212 2473 potiturum?
1249 2400 1464 2466 Quibus
1503 2401 1549 2456 si
1588 2400 1880 2471 liturgiam
1920 2401 2342 2472 Mozarabicam,
2388 2402 2580 2456 lsidori
2615 2401 2954 2474 Hispalensis
2995 2401 3218 2474 scriptis
3257 2401 3746 2470 subnectendam,
3789 2399 3891 2453 ad-

500 2491 779 2564 junxerit,
819 2490 1007 2545 statim
1047 2489 1204 2562 quasi
1245 2506 1343 2562 spe
1382 2491 1679 2562 repentina
1721 2495 2039 2546 commotus
2081 2491 2400 2563 exsultabit,
2441 2491 2836 2548 traditionibus
2879 2491 3128 2565 antiqua
3167 2491 3415 2563 liturgiee
3452 2488 3896 2562 pretiosissimis

511 2581 807 2637 fruiturus.

580 2681 671 2736 His
698 2679 1005 2752 prmmissis
1043 2680 1358 2736 notandum
1383 2680 1548 2736 nobis
1577 2684 1854 2753 superest,
1884 2687 2184 2754 sequentes
2210 2682 2384 2738 libros
2419 2683 2488 2738 de
2513 2682 2685 2738 verbo
2723 2681 2794 2736 ad
2819 2681 3057 2737 verbum
3099 2698 3170 2737 ex
3207 2680 3609 2738 Mabilloniana
3636 2677 3894 2736 editione

507 2771 678 2826 fuisse
703 2771 1030 2842 exscriptos,
1059 2787 1132 2824 ne
1157 2770 1390 2840 scilicet,
1419 2787 1548 2825 cum
1576 2787 1756 2841 voces,
1787 2772 2212 2844 orthographia,
2241 2772 2491 2844 syntaxis
2526 2775 2901 2827 exauctoratze
2928 2772 3014 2826 vel
3042 2771 3210 2826 etiam
3244 2771 3536 2827 mendosae
3563 2767 3891 2827 identidem

509 2859 880 2929 occurrerint,
906 2871 1022 2914 non
1045 2864 1162 2914 tam
1189 2859 1447 2914 codicum
1474 2863 1809 2915 vetustatem
1836 2877 2008 2933 quam
2037 2865 2288 2916 nostram
2314 2861 2592 2917 incuriam
2617 2877 2855 2934 arguere
2882 2860 3196 2916 videantur.

1107 3177 1325 3355 na
1443 3177 2230 3360 Ll’l‘UltGlA
2355 3121 3276 3360 GALLICANA

1525 3481 2131 3704 LIBRI
2222 3479 2862 3671 TBES,

1279 3759 1499 3814 QUIBUS
1544 3757 1962 3806 SUBJUNGITUR
2003 3755 2376 3812 DISQUISITIO
2418 3757 2498 3804 DE
2541 3757 2735 3806 CURSU
2777 3757 3122 3805 GALLICANO

1864 3867 2103 3906 sucrona
2144 3851 2521 3906 HABILLomo".

3296 3967 3347 3992 ν·
3378 3976 3438 3998 -ς,

3630 3997 3658 4004 μ.

1326 4102 1517 4176 Praeter
1553 4115 1638 4176 eos
1665 4101 1979 4176 beatissima;
2014 4105 2082 4176 et_
2101 4101 2401 4176 apostolicae
2435 4102 2579 4176 sedis
2610 4102 3286 4176 inviolabilessanctiones,
3314 4105 3508 4176 quibus
3535 4118 3638 4155 nos
3666 4098 3879 4176 piissimi

1299 4168 1458 4229 atras,
1477 4164 1738 4229 pestiferae
1764 4163 2010 4229 novitatis
2039 4163 2262 4229 elatione
2287 4165 2510 4229 dejecta,
2535 4169 2587 4216 et
2610 4165 2762 4216 bona:
2782 4167 3060 4216 voluntatis
3083 4163 3315 4229 exordia,
3331 4163 3386 4229 ct
3401 4163 3741 4229 incrementa
3757 4177 3877 4229 pro—

1299 4178 1458 4226 atres,
1477 4178 1738 4228 pesmerte
1764 4178 2010 4214 novuans
2039 4178 2262 4216 elatione
2287 4178 2491 4228 delecta
2535 4178 2587 4216 et
2611 4178 2762 4216 bona:
2782 4178 3060 4216 vomntaus
3083 4178 3315 4226 exorata,
3333 4178 3386 4216 et
3411 4178 3741 4217 mcrementa
3763 4178 3874 4229 pro-

1262 4178 1521 4293 gabilium
1543 4227 1876 4293 studiorum,
1899 4230 1952 4276 et
1987 4227 2042 4276 in
2081 4227 2156 4277 eis
2193 4241 2356 4292 usque
2389 4227 2445 4277 in
2468 4201 2629 4293 tinem
2653 4229 3110 4292 perseverantiam,
3135 4227 3200 4293 ad
3225 4227 3412 4293 Christi
3435 4229 3662 4293 gratiam
3686 4227 3874 4293 referre

1265 4289 1560 4355 docuerunt
1577 4305 1600 4355 ;Δ
1621 4289 2042 4355 obsecrationum
2065 4289 2289 4355 quoque
2301 4289 2700 4355 sacerdptaliuin
2715 4296 3040 4355 sacramenta
3058 4289 3560 4355 respiciamus,_quaa
3585 4291 3653 4342 ab
3677 4292 3876 4355 aposto-

1260 4351 1326 4402 lis
1345 4350 1558 4415 tradita,
1578 4350 1649 4415 in
1667 4353 1778 4415 toto
1807 4351 2028 4414 mundo,
2048 4350 2206 4415 atque
2225 4352 2449 4415 inomni
2473 4352 2707 4402 Ecclesia
2729 4352 2987 4403 catholica
3006 4350 3332 4415 unifo'rmiter
3357 4350 3794 4415 celebrantur,'ut_
3806 4350 3872 4400 le-

1259 4427 1381 4478 gem
1404 4412 1654 4465 credendi
1675 4413 1760 4464 lex
1783 4415 1972 4465 statuat
1993 4412 2342 4479 supplicandi.
2369 4415 2656 4478 (Caelestius
2675 4429 2810 4480 papa
2837 4417 2888 4465 in
2911 4415 3138 4480 epistola
3171 4414 3242 4467 ad
3265 4415 3544 4482 Episcopo:
3568 4412 3802 4477 Gallia.)

1443 4675 2051 4848 (Epistula
2123 4676 2888 4822 hebimtoria.

513 4889 904 4951 lLLUsrmssmo
951 4888 1217 4948 ECCLESM!
1255 4906 1481 4948 PRINClPl
1519 4895 1733 4951 CAROLO
1769 4896 2036 4951 MAURICIO
2071 4896 2337 4950 TELLERIO
2382 4897 2690 4952 Hannonem
2739 4909 3176 4962 mcmmscoro,
3215 4909 3368 4967 num,
3409 4909 3574 4952 pinno
3623 4894 3862 4953 Fassus

1027 4997 1168 5049 PAR],
1211 4998 1424 5037 SANCTE
1462 4999 1607 5038 SEDIS
1644 4999 1975 5039 APOSTOLICE
2013 4999 2216 5038 LEGATO
2253 5001 2391 5039 ΝΑΤΟ
2428 4985 2644 5040 GALLIE
2680 4987 2924 5042 BELGICE
2961 5001 3198 5054 PRIHATI,
3241 5001 3354 5040 ETC.

587 5109 737 5185 Quod
773 5109 1006 5185 litterati
1033 5123 1211 5185 omnes
1249 5111 1307 5163 in
1349 5112 1398 5185 te
1425 5112 1746 5185 suspiciunt,
1775 5110 1919 5185 quod
1957 5113 2107 5185 tuum
2146 5113 2392 5185 certatim
2414 5115 2778 5185 patrocinium
2816 5113 3083 5175 ambiunt,
3109 5111 3472 5168 illustrissime
3499 5108 3860 5185 archiprzSu}.

513 5177 608 5254 hoc
645 5181 908 5254 dignitati
931 5182 1240 5254 meritisque
1276 5183 1404 5254 tuis,
1435 5177 1534 5236 hoc
1563 5187 1670 5237 tuw
1697 5184 1756 5236 in
1781 5177 2007 5236 litteras
2041 5183 2306 5236 charitati
2329 5186 2380 5236 et
2405 5177 2762 5238 sollicitudini
2803 5185 2956 5240 debes
2994 5186 3304 5252 imputare;
3331 5199 3396 5238 ne
3423 5184 3561 5254 quid
3599 5177 3776 5240 dicam
3803 5179 3862 5234 de

511 5251 790 5322 splendore
824 5252 1170 5324 amplissimae
1199 5253 1432 5318 familia
1463 5257 1588 5316 tuae,
1621 5269 1742 5323 quae
1769 5255 1950 5308 omnia
1986 5268 2216 5317 summa,
2248 5255 2449 5307 virtute
2483 5253 2632 5316 duce,
2665 5257 2897 5309 inanimi
2929 5251 3196 5324 principis
3224 5251 3452 5322 judicio“
3469 5260 3746 5312 consecuta
3772 5254 3856 5307 est.

511 5271 790 5322 Spit’ﬂaO’l'e
824 5271 1170 5321 αγηριιδδιπιεθ
1199 5271 1432 5318 laminae
1463 5271 1588 5316 tuae,
1621 5271 1742 5323 quae
1769 5271 1950 5308 omnia
1986 5271 2216 5317 summa,
2248 5271 2449 5307 virtute
2483 5271 2632 5316 auce,
2665 5271 2896 5309 memmi
2971 5271 3196 5324 mncipis
3224 5271 3437 5322 Juaicio
3469 5271 3746 5312 consecuta
3772 5271 3856 5307 est.

511 5325 652 5396 Mihi
676 5338 796 5377 vero
823 5323 956 5376 adeo
983 5338 1089 5376 non
1113 5322 1522 5396 desuntgcausaz,
1548 5340 1668 5394 quae
1691 5339 1774 5378 me
1799 5324 1875 5378 ad
1907 5325 2046 5378 hunc
2069 5324 2267 5379 librum
2283 5325 2503 5396 nomini
2535 5329 2624 5379 tuo
2649 5271 3044 5381 inscribendum
3082 5326 3421 5396 impulerint,
3450 5330 3513 5381 ut
3548 5333 3734 5382 contra
3758 5329 3858 5396 tam

512 5394 607 5450 diu
628 5396 980 5466 praetermzbsi
1000 5409 1082 5448 me
1106 5394 1414 5466 suppudeat
1439 5391 1626 5464 ofﬁcii;
1655 5399 1705 5451 et
1725 5396 1877 5464 longe
1899 5397 2074 5466 magis
2095 5395 2390 5450 timendum
2415 5397 2508 5459 sit,
2533 5411 2598 5450 ne
2614 5399 2752 5452 mihi
2769 5397 2946 5452 desint
2961 5395 3127 5466 justas
3151 5391 3534 5462 excusationis,
3555 5414 3722 5469 quam
3748 5391 3864 5450 libri

582 5542 603 5564 ’
629 5541 854 5613 Integer
879 5539 1265 5614 hujusoperis
1289 5540 1486 5594 titulus
1511 5540 1674 5614 sicise
1699 5540 1868 5595 habet
1896 5558 1909 5596 :
1937 5545 2010 5597 De
2043 5541 2135 5599 Li-
2238 5558 2397 5597 cursu
2440 5544 2739 5611 Gallicana,
2773 5559 2867 5600 seu
2905 5543 2971 5600 de
3005 5545 3313 5600 divinorum
3338 5547 3634 5614 o/ﬁciorum
3671 5543 3859 5614 origine

510 5615 693 5684 iurgia
721 5611 1005 5670 Gallicana
1051 5613 1180 5687 libri
1222 5613 1470 5687 tre§,_in_
1496 5613 1688 5687 quibus
1726 5615 1918 5666 veteris
1942 5615 2136 5687 missae,
2239 5617 2290 5687 et
2311 5630 2597 5684 progressu
2644 5619 2702 5670 in
2741 5616 2984 5672 Ecclesiis
3031 5617 3349 5673 Gallicanis.
3369 5611 3567 5687 'Opera
3612 5621 3664 5673 et
3697 5611 3857 5687 studio

508 5680 625 5757 quae
649 5690 772 5740 ante
798 5699 966 5740 annos
990 5683 1139 5736 mille
1167 5681 1318 5758 apud
1347 5681 1527 5758 Gallos
1568 5684 1627 5734 in
1659 5697 1762 5758 usu
1795 5685 2138 5758 erat,forma
2239 5680 2434 5738 damni
2459 5687 2687 5758 Joannis
2729 5687 3012 5750 Mabillon,
3035 5688 3342 5758 presbyteri
3379 5680 3449 5743 et”
3473 5689 3724 5744 monachi
3750 5680 3854 5758 0rd.

507 5753 748 5832 ritusque
771 5759 1035 5832 eruuntur
1059 5753 1390 5832 enuntiem
1401 5755 1780 5832 monumentis,
1810 5755 2140 5832 Lectionum
2237 5758 2422 5832 sancti
2441 5757 2714 5813 Benedicti
2748 5775 2775 5816 e
2812 5753 3217 5830 congregatione
3234 5761 3412 5818 sancti
3425 5761 3638 5828 Mauri,
3655 5755 3856 5818 Lutetia

509 5821 788 5887 Gallicana
824 5827 1078 5882 hactenus
1117 5821 1322 5896 inedita
1363 5827 1414 5878 et
1453 5825 1622 5896 tribus
1654 5824 1972 5896 iMissalibus
2001 5827 2138 5880 Tho-
2239 5828 2594 5896 Parisiorum,
2621 5845 2762 5888 anno
2789 5821 2946 5888 1785'.

508 5900 872 5971 masianisque
896 5897 1108 5964 integra
1137 5894 1468 5964 referuntur.
1497 5895 1716 5953 Accedit
1734 5895 2056 5958 Dlsomsmo
2077 5897 2142 5954 de
