3968 6432
118 382 127 427 ι
142 382 168 427 ξ)
182 378 190 427 Ι
1608 382 1967 439 ΡΒᾸΞΡΛΤΙΟ.
3342 392 3438 449 102

108 483 195 558 tibi
220 480 583 548 nuneupandi
605 482 879 558 rationes.
910 483 1141 558 Idenim
1154 483 1486 551 januludum
1513 492 1721 553 erigere
1747 492 2073 543 videbantw'
2091 494 2309 558 privata
2340 494 2393 545 in
2421 508 2499 546 me
2520 498 2633 554 tua,
2663 496 2764 548 imo
2795 502 2844 550 et
2865 500 3163 552 communia
3194 500 3251 552 in
3278 505 3439 553 totam

110 553 433 605 Hhemensem
453 552 808 618 provinciam
836 553 1108 621 beneﬁcia,
1149 571 1266 622 quae
1293 559 1561 623 peculiari
1604 552 1673 611 im
1717 576 1794 612 me
1829 562 1983 613 titulo
2008 552 2316 614 redundare
2346 567 2529 616 merito
2561 552 2949 620 existimabam.
2979 569 3117 623 Nam
3144 585 3259 622 cum
3294 552 3353 622 in
3379 587 3439 623 ea

110 624 327 707 diceresis
354 626 468 707 tua:
489 623 756 707 rfgione,‘
773 638 897 690 quae
920 629 970 705 te
994 639 1162 706 sacra?
1187 626 1490 706 disciplina:
1519 630 1930 707 instauratorem
1959 634 2217 695 agnoscit,
2264 633 2398 685 lueis
2434 649 2673 695 usuram,
2710 639 2813 688 Deo
2851 639 3076 700 volente,
3124 642 3435 707 acceperim,

109 700 147 745 et
171 693 341 773 initio
368 691 690 773 Academiae
713 694 993 773 Bernensis
1020 691 1340 773 seminaria:
1372 698 1526 773 cujus
1561 701 1698 773 alter
1728 691 2014 765 fundator-
2031 717 2103 761 es,
2136 704 2319 768 prima
2352 691 2675 765 litterarum,
2716 722 2834 773 quae
2870 709 3002 759 mihi
3034 691 3107 760 ad
3145 714 3195 761 te
3229 691 3439 763 aditum

111 764 475 821 eoneiliarunt,
498 762 772 848 pletnenta
797 764 1087 848 didicerim
1116 783 1132 817 :
1164 780 1294 846 sane
1319 762 1747 848 committendum
1768 786 1875 848 non
1907 762 2260 848 erat,_ut‘non
2283 775 2337 824 in
2365 790 2445 826 me
2464 762 2675 842 partem
2695 762 3013 844 susciperem
3039 794 3219 848 eorum
3245 762 3435 848 beneﬁ-

110 838 311 889 ciorum,
340 846 467 899 quae
495 836 595 884 tua
625 832 999 886 sollicitudine
1025 838 1075 887 et
1100 838 1465 903 muniﬁcentia
1496 841 1736 906 utrisque
1764 841 1890 892 locis
1916 841 2245 908 amplissinm
2268 832 2648 910 provenerunt.
2832 832 2853 844 ’
3118 845 3131 861 ’

170 921 284 997 Fuit
308 919 623 997 aliquando
652 924 898 997 tempus,
915 937 1035 997 cum
1058 926 1309 997 remotior
1332 924 1431 975 illa.
1456 926 1762 993 Campaniae
1782 929 1969 994 plaga,
2004 930 2060 980 in
2086 945 2193 997 qua
2228 931 2593 985 Rhemcnsium
2628 935 2933 986 antistitum
2963 935 3132 986 altera
3161 937 3308 988 sedes
3336 941 3432 997 est,

110 991 282 1043 eisdem
309 991 368 1069 in
398 990 621 1069 deliciis
651 996 791 1043 erat.
820 993 951 1069 Istic
972 994 1286 1069 frequentia
1309 997 1555 1069 secundae
1577 990 1801 1061 Belgicae
1828 990 2071 1059 concilia,
2094 990 2455 1053 Mosomensia
2497 1005 2737 1069 inquam,
2779 1005 3152 1066 Duciacensia,
3203 1012 3251 1058 et
3287 990 3434 1059 Atti;

111 1061 359 1139 niacensia
390 1061 683 1139 complura
705 1078 721 1124 ;
742 1076 840 1112 nec
867 1064 1036 1139 ferme
1062 1065 1357 1139 uSpiam_in
1384 1069 1491 1139 tota
1509 1069 1791 1139 provincia
1814 1070 1985 1133 magis
2012 1070 2222 1133 vigebat
2245 1071 2449 1135 religio.
2469 1061 2722 1125 Ita‘beati
2742 1074 2967 1137 Remigii
2989 1088 3096 1126 aevo
3116 1061 3147 1139 ς’
3164 1076 3241 1127 ita
3266 1078 3431 1128 Hinc-

112 1133 229 1182 mari
247 1134 293 1182 et
314 1129 1044 1212 Adalberonispontiﬁcatu
1071 1147 1154 1184 res
1185 1148 1239 1185 se
1266 1129 1550 1212 habebant.
1576 1136 1651 1189 At
1669 1129 1922 1212 processu
1953 1129 2199 1212 temporis
2222 1129 2420 1212 eumvin
2445 1146 2643 1194 statum
2668 1129 2912 1195 revolutd
2929 1148 3055 1195 sunt
3076 1129 3251 1197 omnia
3276 1145 3436 1212 (quod

112 1208 381 1277 mimorum
410 1201 712 1277 iniquitati
736 1201 946 1277 malim,
980 1217 1142 1277 quam
1164 1206 1509 1277 superiorum
1538 1201 1849 1274 pontiﬁcum
1875 1201 2097 1260 incuril'e
2129 1210 2408 1277 ascribere)
2436 1216 2496 1263 ut
2527 1212 2601 1263 ad
2628 1213 2775 1265 illam
2811 1217 3016 1277 gentem
3049 1201 3435 1268 emendandum

111 1272 458 1323 strenuissimo
496 1275 555 1322 et
581 1271 957 1349 eccleszasticaz
978 1271 1705 1349 disciplinaestudiosissimo
1742 1278 2121 1349 archipra’sule
2146 1294 2278 1346 Opus
2318 1271 2466 1333 esset.
2498 1283 2753 1335 Jacebant
2793 1271 2931 1349 pene
2977 1285 3092 1335 sine
3136 1288 3436 1337 reverentia

114 1343 322 1403 neglecta
352 1356 515 1421 sacra
549 1358 566 1401 ;
593 1342 712 1421 sine
741 1342 992 1421 doctrina
1017 1346 1066 1395 et
1091 1344 1381 1421 disciplina
1403 1351 1668 1421 pastores,
1690 1342 2203 1421 prater—admodum
2233 1365 2457 1421 paucos,
2488 1366 2618 1418 quos
2660 1354 2715 1403 in
2746 1342 2899 1405 ta-nta
2925 1353 3139 1405 licentia
3166 1354 3350 1421 pudor
3374 1371 3435 1407 ac

113 1415 190 1464 Dei
206 1413 360 1463 timor
379 1412 539 1462 intra
565 1410 844 1491 modestiae
861 1415 994 1491 ﬁnes
1017 1414 1353 1491 continuerat
1374 1410 1494 1491 :ad
1508 1416 1621 1491 lucc
1638 1410 1807 1483 legum
1831 1417 2158 1491 divinarum.
2181 1410 2251 1471 ne
2266 1410 2445 1473 dicam
2464 1410 2840 1482 humanarum,
2870 1424 2963 1474 vim
2983 1423 3128 1475 ullus
3147 1410 3431 1491 respectus.

117 1483 524 1554 Dmiqmerara,
568 1482 618 1554 si
645 1485 828 1554 tamen
853 1483 991 1554 ulla,
1026 1484 1246 1535 summis
1278 1486 1519 1551 pastoris
1558 1487 1667 1537 illis
1694 1489 1751 1538 in
1772 1488 2025 1554 partibus
2056 1490 2334 1551 visitatio;
2363 1496 2421 1541 ut
2456 1506 2542 1541 eas
2578 1507 2681 1543 non
2717 1494 2912 1544 mirum
2946 1498 3079 1545 esset
3103 1482 3435 1547 densissimis

116 1552 409 1624 ignorantiae
436 1551 687 1624 tenebris
718 1566 831 1603 esse
857 1552 1075 1605 obrutas
1102 1569 1164 1605 ac
1183 1555 1446 1624 sepultas,
1474 1570 1591 1622 quae
1618 1551 1811 1608 tandiu
1836 1558 1963 1609 solis
1989 1563 2203 1624 aspectu
2225 1562 2538 1612 caruissent.
2563 1562 2793 1613 eresis
2814 1577 2881 1613 ea:
2904 1562 3126 1614 adverso
3145 1565 3288 1616 inter
3309 1565 3465 1617 illas;

116 1623 367 1686 caligines,
396 1623 688 1699 negotium
706 1636 1021 1699 promovere
1048 1623 1421 1699 tenebrarum,-
1460 1627 1519 1676 in
1556 1627 1676 1693 ipsa
1718 1628 1952 1699 regionis
1979 1623 2137 1694 quasi
2161 1631 2437 1697 metropoli
2461 1632 2633 1683 altera
2669 1632 2843 1684 sedem
2868 1646 3023 1684 suam
3046 1635 3223 1699 ﬁgere,
3262 1650 3433 1687 arcem

119 1692 360 1767 catholica?
390 1692 659 1767 religioni
695 1692 929 1767 abjicere
948 1708 1086 1759 pene
1112 1694 1435 1767 inaccessam
1463 1700 1511 1746 et
1535 1692 1796 1763 perversa:
1838 1692 2094 1749 doctrina?
2117 1692 2463 1753 academiam.
2501 1703 2694 1755 Verum
2719 1702 2830 1762 ubi,
2858 1692 3104 1755 Antistes
3128 1692 3431 1767 vigilantis-

119 1766 224 1813 sime
252 1762 855 1839 Rhemensis‘lzcclesiae
880 1763 1088 1815 clavum
1112 1763 1385 1839 moderari
1408 1766 1928 1839 cupisti,_quidquid
1951 1770 2287 1839 auctoritatis
2315 1772 2370 1821 in
2397 1786 2603 1823 summa
2636 1772 2921 1835 dignitate,
2950 1762 3219 1839 quidquid
3242 1773 3430 1827 indus-

119 1834 213 1883 triae
237 1836 283 1883 et
306 1831 711 1883 sollicitudinis
737 1833 795 1883 in
825 1837 1045 1908 actuosa
1076 1834 1294 1908 virtute,
1322 1835 1591 1902 quidquid
1618 1831 1872 1908 doctrinae
1896 1842 1947 1889 et
1969 1838 2287 1891 eruditionis
2311 1842 2367 1891 in
2402 1856 2592 1905 magno
2634 1831 2786 1906 genio
2814 1831 3049 1908 positum
3076 1831 3227 1907 fuit;
3267 1848 3433 1896 totum

122 1903 415 1968 irlquantum
452 1906 737 1977 quantum
771 1906 870 1977 est,
909 1902 983 1955 ad
1015 1902 1111 1977 hoc
1144 1906 1375 1977 maxime
1419 1907 1743 1965 convertisti,
1786 1912 1844 1958 ut
1891 1908 1988 1957 illa
2026 1909 2296 1974 parochizc
2329 1914 2433 1961 tua;
2469 1902 2665 1976 portio,
2708 1902 2831 1977 quin
2858 1902 3086 1963 remedio
3125 1902 3341 1977 fortiori
3372 1929 3435 1965 ac

117 1973 433 2047 promptior?"
464 1972 781 2047 indigebat,
831 1974 889 2047 in
930 1972 1196 2047 meliorem
1240 1975 1472 2039 formam
1502 1977 1906 2047 restitueretur;
1946 1972 2108 2043 idque
2144 1978 2351 2031 (tinuum
2391 1972 2612 2047 e/fécisti
2649 1972 2894 2033 ut'modo
2927 1983 3021 2033 vis:
3060 1972 3175 2035 ulla
3211 1984 3281 2035 sit
3322 1984 3434 2037 alia

122 2042 461 2095 ecclesiasticis
488 2042 707 2107 regulis
735 2043 909 2106 magis
940 2042 1180 2104 addicta,
1209 2048 1258 2095 et
1284 2060 1402 2110 qua:
1431 2050 1655 2098 rectores
1686 2046 1879 2099 habeat
1904 2042 2161 2099 meliores.

178 2130 314 2193 Quod
338 2130 387 2181 si
417 2132 579 2203 tanta
607 2130 729 2203 fuit
754 2130 811 2181 in
844 2132 1150 2203 remotiores
1176 2131 1299 2183 illas
1326 2134 1615 2199 provinciae
1641 2138 1745 2187 tuae
1764 2135 1959 2201 plagas
1985 2135 2288 2188 sollicitudo
2318 2153 2380 2189 ac
2404 2138 2685 2203 diligentia
2712 2140 2835 2203 tua;
2869 2152 2975 2191 non
3006 2138 3201 2192 mirum
3229 2140 3278 2193 si
3304 2141 3432 2193 vici-

124 2200 270 2249 niores
296 2215 360 2251 ea:
383 2199 578 2277 eadem
608 2200 693 2251 ita.
715 2202 1070 2277 profecerim,
1104 2205 1164 2252 ut
1188 2202 1237 2252 si
1274 2218 1383 2277 qua
1419 2199 2029 2277 late-rentneglecturum
2058 2208 2234 2277 ovium
2259 2209 2395 2259 vitia
2425 2199 2524 2259 aut
2540 2200 2931 2274 pericula,nec
2975 2212 3168 2261 summi
3199 2214 3436 2277 pastoris

124 2270 303 2321 (mlum
326 2269 569 2344 vigilem,
606 2284 708 2344 nec
739 2270 1003 2344 medicam
1022 2286 1241 2344 manum
1263 2272 1566 2339 effugerint.
1596 2274 1747 2327 Nihil
1771 2290 1930 2335 curae,
1954 2276 2092 2327 nihil
2108 2277 2467 2342 providentia:
2497 2269 2601 2329 tua:
2641 2293 2850 2344 egepers.
2880 2279 2928 2330 A
2958 2282 3006 2331 te
3027 2269 3223 2332 habent
3247 2281 3435 2333 divina

125 2342 293 2405 officia,
322 2344 370 2391 et
413 2341 565 2391 sacri
609 2341 785 2417 ritus,
835 2340 1030 2417 quibus
1075 2340 1535 2417 administrantur
1573 2348 1929 2417 sacramenta.
1966 2340 2325 2417 decentiorem
2350 2351 2399 2399 et
2436 2340 2797 2412 augustiorem
2837 2351 3097 2414 formam;
3126 2364 3159 2400 a
3200 2353 3246 2401 te
3276 2351 3439 2417 probi

125 2411 448 2463 Ecclesiarum
476 2410 732 2481 ministri
760 2412 996 2475 gratiam
1024 2414 1072 2463 et
1094 2413 1478 2478 patrocinium,
1506 2414 1736 2481 improbi
1758 2415 2301 2477 animadversionem;
2330 2410 2576 2469 Ecclesia
2600 2410 2951 2478 visitationcs,
2992 2410 3438 2473 instaurationem

126 2486 164 2533 et
182 2483 502 2549 profectum;
537 2480 783 2547 denique
810 2481 1061 2533 universa
1089 2482 1325 2535 dimeesis
1354 2488 1552 2535 rectum
1573 2484 1813 2537 ordinem
1837 2489 1887 2537 et
1915 2486 2381 2552 tranquillitatem.

181 2569 340 2644 Atque
366 2573 438 2644 ut-
451 2583 593 2644 opus
624 2573 739 2644 tam
765 2568 1003 2644 arduum
1028 2584 1091 2622 ac
1116 2570 1359 2644 difﬁcile,
1386 2572 1435 2623 si
1448 2573 1574 2644 ﬁeri
1588 2576 1799 2644 posset,
1815 2573 2129 2644 redderetur
2156 2574 2478 2635 immortale.-
2505 2579 2658 2635 etne,
2682 2574 3045 2642 deﬁcientibus
3070 2576 3276 2643 probis,
3304 2591 3435 2644 quos

125 2640 361 2707 praeipr
400 2638 619 2691 delectu
658 2640 971 2711 instituisti,
1010 2641 1343 2711 pastoribus,
1383 2643 1541 2693 etiam
1579 2642 1684 2694 Ιιειεισ
1718 2642 1952 2695 salubris
1989 2643 2275 2711 disciplina
2311 2645 2504 2696 sensim
2542 2638 2813 2711 deﬁceret;
2851 2647 2908 2697 in
2943 2638 3087 2697 urbe-
3112 2652 3205 2699 tua
3243 2638 3437 2700 novum

129 2726 151 2761 τι
184 2709 544 2780 fundamentis
581 2710 946 2780 seminarium
981 2710 1292 2771 condidisti,
1332 2712 1677 2778 amplissimis
1712 2713 1951 2779 aedificiis
1995 2709 2217 2779 copiosis
2248 2709 2966 2780 proventibusinstructum.
3004 2717 3105 2768 Hic
3129 2716 3201 2768 ad
3230 2722 3438 2770 centum

128 2779 296 2852 selectae
314 2779 632 2852 juventutis
661 2778 1045 2852 adolescentes,
1074 2782 1310 2845 gratuito
1328 2783 1595 2848 plerique,
1629 2778 1946 2843 educantur,
1975 2787 2024 2835 et
2045 2778 2145 2835 sub
2170 2778 2383 2850 optimis
2427 2783 2756 2851 eruditisque
2779 2786 3196 2852 praeceptoribus
3232 2802 3293 2839 ac
3320 2803 3436 2839 ma-

129 2851 281 2914 gistris
309 2850 379 2902 ad
397 2851 669 2917 pietatem
690 2850 1110 2921 doctrinamque
1140 2852 1543 2916 informantur;
1572 2856 1631 2904 ut
1659 2852 1966 2905 obeuntium
1984 2858 2263 2920 pastorum
2288 2856 2422 2905 vices
2453 2850 2749 2920 aliquando
2774 2850 3082 2921 suppliiant,
3110 2860 3159 2909 et
3188 2857 3440 2909 rediviva:

130 2921 368 2984 religionis
398 2936 462 2972 ac
489 2920 815 2993 disciplina;
840 2920 1082 2972 studium
1117 2922 1338 2986 foveant
1371 2926 1420 2973 et
1452 2926 1777 2993 conservent.
1808 2924 1916 2974 Hos
1946 2938 2122 2975 omnes
2153 2928 2203 2976 et
2226 2924 2464 2989 singulos
2496 2939 2561 2976 ea:
2585 2926 2814 2985 nomine,
2838 2920 3126 2993 eorumque
3155 2942 3322 2979 mores
3352 2942 3435 2979 co-

130 2993 272 3055 gnitos
302 2995 349 3041 et
368 2995 690 3059 perSpectos
716 2990 882 3063 habes
905 3007 935 3063 _:
963 2993 1222 3063 tantaque
1250 2995 1329 3063 est
1358 2992 1414 3043 in
1441 3007 1621 3044 eorum
1650 2992 1854 3045 delectu
1884 2994 2110 3060 zequitas
2151 2998 2201 3045 et
2227 2995 2563 3060 perspicacia
2593 2999 2707 3054 tua,
2736 2998 2796 3046 ut
2846 3010 2984 3048 unus
3008 2990 3288 3063 gbcneﬁciis
3337 3012 3438 3049 au-

132 3066 306 3123 geatur,
334 3076 488 3128 quem
516 3061 709 3127 majus
738 3060 1000 3131 doctrina:
1028 3064 1076 3113 et
1096 3060 1387 3127 probitatis
1412 3064 1661 3114 meritum
1686 3064 2147 3115 commendaverit.
2190 3065 2329 3115 Hinc
2353 3065 2565 3131 proficit
2600 3079 2666 3115 ea:
2698 3065 2864 3116 vicini
2901 3060 3179 3118 seminarii
3218 3068 3435 3120 aemula-

132 3134 244 3181 tione
280 3135 327 3182 et
362 3131 682 3203 eruditione
719 3130 1041 3203 {the-morum
1082 3132 1434 3203 Universitas,
1469 3147 1586 3200 quae
1614 3134 1672 3184 in
1712 3137 1922 3185 tantum
1951 3133 2050 3185 sub
2093 3134 2199 3185 tuis
2237 3130 2493 3201 auspiciis
2534 3136 2839 3200 reﬂorescit,
2880 3140 2941 3187 ut
2972 3150 3088 3188 cum
3121 3137 3247 3189 olim
3273 3140 3438 3203 ferme

132 3201 303 3253 inculta
328 3206 481 3262 esset,
510 3206 563 3254 et
596 3201 937 3254 scholarium
964 3215 1190 3254 numera
1217 3201 1493 3264 destituta,
1520 3217 1663 3256 nunc
1686 3218 1866 3255 eorum
1888 3204 2251 3270 frequentiam
2277 3206 2370 3256 via,-
2393 3205 2612 3271 capiant
2643 3206 2750 3271 ipsi
2766 3207 3022 3271 parietes.

188 3288 278 3340 Sed
298 3305 361 3342 ne
384 3291 443 3342 in
462 3294 753 3357 posterum
771 3288 1002 3360 haeresis
1029 3289 1245 3342 attollat
1267 3295 1447 3358 caput,
1482 3306 1596 3344 eam
1622 3292 1680 3343 in
1708 3293 1828 3358 ipsa
1856 3291 1973 3357 ejus
1999 3306 2117 3344 arce
2130 3306 2384 3358 egressus
2409 3305 2482 3352 es,
2510 3306 2627 3345 cum
2650 3292 2855 3344 scholas
2881 3292 2997 3359 ejus
3028 3292 3164 3346 male
3187 3295 3437 3360 feriatas,

135 3359 263 3411 etiam
286 3364 333 3412 et
357 3361 597 3422 dotatas,
626 3361 695 3412 in
721 3359 882 3412 aliud
904 3361 1215 3412 clericorum
1237 3363 1585 3413 seminarium
1612 3363 1935 3422 convertisti,
1957 3362 2160 3414 reditus
2181 3378 2214 3413 a
2240 3377 2358 3427 rege
2381 3364 2681 3427 assignatas
2708 3362 2790 3414 his
2815 3363 3157 3416 attribuenda
3182 3359 3241 3417 in
3264 3366 3439 3419 Eccle-

134 3432 206 3501 siae
222 3433 535 3497 profectum,
565 3429 778 3499 quibus
804 3432 967 3482 antea
998 3430 1215 3483 haeresis
1240 3433 1299 3483 in
1329 3431 1445 3497 ejus
1466 3432 1763 3498 perniciem
1785 3430 2125 3484 abutebatur.
2160 3434 2232 3485 De
2262 3433 2344 3484 his
2374 3432 2618 3485 omnibus
2644 3434 2830 3484 merito
2850 3432 3071 3499 plaudit
3099 3449 3162 3486 ac
3191 3434 3297 3488 sibi
3317 3450 3441 3501 gra-

136 3500 311 3569 tutatur
344 3501 565 3567 Belgica
597 3501 917 3569 provincia,
958 3501 1063 3553 imo
1104 3505 1216 3553 tota
1251 3502 1487 3554 Ecclesia
1522 3500 1824 3562 Gallicana,
1852 3517 1971 3569 quae
1998 3520 2025 3551 «
2053 3504 2219 3563 novit,
2252 3520 2279 3551 »
2309 3506 2369 3554 ut
2391 3503 2569 3555 Ivonis
2600 3501 2674 3554 ad
2704 3502 2977 3555 Urbanum
3000 3503 3058 3556 II
3078 3504 3253 3557 verbis
3292 3500 3436 3566 utar,

134 3568 413 3624 Rhemorum
441 3588 471 3622 «
497 3568 689 3625 sedZ’m
719 3569 975 3623 diadema
1004 3572 1160 3637 regni
1182 3571 1397 3631 habere,
1431 3575 1481 3625 et
1507 3571 1752 3625 omnibus
1770 3586 1908 3641 pene
1938 3572 2232 3625 Gallicanis
2259 3571 2507 3626 Ecclesiis
2539 3572 2837 3640 exemplum
2860 3574 3034 3626 ruinae
3057 3575 3140 3626 vel
3167 3590 3435 3629 resurrec-

137 3642 266 3693 tionis
290 3644 530 3695 existere.
575 3660 605 3691 »

191 3727 508 3798 Quapropter
529 3743 867 3797 magnopere
880 3742 1103 3797 peccare
1122 3727 1254 3783 mihi
1270 3728 1500 3792 viderer,
1523 3729 1887 3785 illustrissime
1903 3732 2129 3799 primas,
2153 3732 2203 3784 si
2218 3730 2497 3786 Rhemensi
2510 3732 2803 3799 provinciae
2834 3736 2882 3784 et
2911 3747 3002 3799 ego
3040 3733 3156 3800 ejus
3187 3731 3438 3785 alumnus

138 3796 187 3849 ob
212 3796 308 3852 tam
332 3796 476 3855 laetos
502 3796 790 3854 successus
816 3796 926 3852 non
967 3801 1314 3866 gratularer;
1360 3816 1529 3868 neque
1560 3817 1728 3869 porro
1766 3796 2085 3855 committere
2121 3804 2258 3859 licet.
2284 3807 2345 3854 ut
2368 3808 2478 3854 tum
2504 3796 2567 3854 ob
2600 3803 2696 3855 has
2723 3796 3078 3863 causasftum
3104 3804 3167 3856 ob
3193 3804 3435 3869 singula-

140 3883 226 3920 rem
247 3871 300 3923 in
323 3887 399 3923 me
424 3872 715 3925 tantillum
740 3871 1007 3923 hominem
1040 3871 1459 3925 benevolentiam
1489 3877 1539 3925 et
1561 3875 1796 3938 gratiam.
1822 3877 1990 3933 tuam,
2019 3874 2164 3940 quod
2191 3878 2432 3940 superest
2451 3876 2573 3925 vitae
2598 3888 2659 3926 ac
2683 3875 2927 3940 spiritus,
2952 3875 3067 3926 sine
3092 3875 3278 3941 aliqua
3302 3875 3449 3939 grati

141 3941 279 3992 animi
306 3944 681 4011 testiﬁcatione
707 3941 857 3994 elabi
884 3943 1080 3995 sinam.
1110 3944 1178 3995 Et
1219 3943 1436 4010 quidem
1476 3942 1728 3996 hactenus
1756 3945 1958 3995 occasio
1982 3946 2163 4011 potius
2190 3943 2366 4009 defuit
2391 3958 2553 4011 quam
2576 3944 2824 3996 voluntas
2851 3961 2867 3995 :
2888 3949 3180 4011 propterea.
3214 3945 3357 4012 quod
3384 3959 3445 3997 ea

141 4024 237 4076 quae
256 4012 525 4083 versabant
550 4012 747 4066 studia
779 4014 1012 4083 nominis
1039 4014 1124 4064 tui
1144 4012 1404 4077 dignitati
1440 4028 1547 4066 non
1576 4015 1708 4065 satis
1738 4014 2136 4081 responderent.
2168 4012 2274 4065 Sed
2301 4028 2418 4067 cum
2453 4028 2589 4065 nova
2630 4015 2687 4066 in
2728 4029 2814 4083 me
2839 4018 3176 4067 accessissent
3201 4015 3449 4083 beneﬁcia

140 4082 235 4151 tua,
259 4082 479 4145 feliciter
508 4098 624 4137 sese
665 4082 869 4136 obtulit
902 4082 1159 4135 LITURGIA
1194 4084 1521 4144 GALLICANA,
1555 4099 1717 4151 quam
1758 4086 1887 4136 meis
1923 4086 2286 4151 sociorumque
2328 4099 2563 4136 meorum
2608 4082 2805 4137 studiis
2839 4098 2865 4136 e
2892 4085 3122 4137 tenebris
3165 4082 3347 4138 eruere
3399 4090 3449 4138 et

143 4150 384 4223 illustrare
408 4167 704 4221 aggressus
732 4167 873 4206 sum.
904 4151 1047 4215 Quid
1073 4154 1213 4206 enim
1243 4168 1444 4206 summo
1469 4150 1735 4207 sacerdoti
1761 4157 2158 4208 convenientius
2187 4150 2376 4221 offerri
2382 4159 2615 4222 poterat,
2636 4169 2797 4222 quam
2811 4154 2990 4207 divini
3002 4158 3180 4221 forma
3197 4156 3450 4223 sacriﬁcii

140 4221 268 4286 cujus
302 4225 463 4277 ritum
488 4226 860 4278 instituerunt
887 4225 997 4276 sive
1030 4227 1319 4277 tenuerunt
1356 4224 1657 4277 clarissima
1690 4224 1982 4278 Gallicanae
2013 4226 2259 4279 Ecclesiae
2292 4221 2517 4285 lumina,
2550 4225 2817 4283 Hilarius,
2846 4226 3140 4287 Martinus,
3168 4221 3447 4288 Sidonius,

141 4291 325 4353 Avitus,
363 4295 661 4361 Remigius,
701 4293 992 4353 Cwsarius,
1030 4294 1233 4361 aliique
1270 4296 1597 4348 sanctissimi
1627 4297 1934 4347 antistites?
1990 4294 2133 4359 Quid
2169 4297 2391 4362 inquam
2426 4295 2694 4348 catholica:
2738 4295 3014 4361 religionis
3060 4297 3448 4350 studiosissimo

139 4365 347 4435 pontifici
366 4368 640 4434 acceptius
674 4379 842 4433 quam
868 4367 1099 4431 antiqua
1123 4365 1222 4417 illa
1249 4364 1647 4418 Gallicanorum
1675 4367 1897 4418 Patrum
1929 4366 2169 4425 oracula,
2202 4368 2259 4417 in
2285 4366 2479 4432 quibus
2505 4370 2691 4417 nostra
2717 4365 2781 4417 de
2806 4366 3151 4419 Eucharistia
3174 4367 3306 4435 ﬁdes
3337 4370 3447 4419 tam

146 4432 279 4503 claris
301 4439 347 4487 et
360 4432 674 4489 illus—tribus
702 4436 1024 4500 consignata
1050 4437 1128 4488 est
1152 4437 1506 4488 monumentis
1527 4439 1554 4488 ?
1572 4438 1747 4489 Erunt
1767 4436 1869 4488 alii
1889 4437 1986 4503 qui
2009 4437 2123 4489 alia
2149 4435 2251 4488 tibi
2269 4436 2493 4502 majoris
2520 4450 2691 4502 operte
2715 4439 2765 4488 et
2789 4435 3108 4488 eruditionis
3125 4432 3443 4490 inscribant.

147 4502 235 4568 Ego
258 4518 384 4567 vero,
412 4508 499 4560 cui
520 4506 687 4560 nulla
712 4520 832 4574 spes
859 4509 936 4558 est
953 4506 1303 4573 perveniendi
1326 4506 1401 4559 ad
1423 4506 1578 4559 illam
1605 4506 1900 4574 aliquando
1929 4507 2264 4572 facultatem,
2289 4510 2351 4558 ut
2374 4520 2410 4559 a
2434 4520 2515 4559 me
2540 4505 2835 4573 quidquam
2859 4508 3147 4573 egregium,
3169 4510 3219 4560 et
3241 4508 3449 4559 nomine

147 4575 217 4623 tuo
234 4575 381 4645 plane
406 4577 639 4645 dignum
667 4578 972 4644 exspectari
995 4576 1216 4641 debeat;
1245 4576 1435 4629 saltem
1462 4576 1522 4629 id
1549 4580 1814 4631 assecutus
1838 4577 1974 4628 mihi
1996 4576 2197 4637 videor,
2223 4578 2285 4629 ut
2308 4577 2613 4643 argumenti
2640 4576 2880 4642 gravitas
2909 4578 3012 4629 tuz
3046 4575 3308 4643 dignitati
3333 4590 3445 4630 res-

137 4643 354 4708 pondeat,
382 4651 431 4699 et
460 4643 824 4702 observantiae
852 4647 910 4698 in
936 4649 984 4699 te
1008 4661 1167 4711 meae;
1197 4651 1247 4699 et
1270 4649 1319 4700 si
1343 4661 1445 4700 non
1470 4647 1586 4700 alia
1610 4662 1687 4709 re,
1718 4647 1801 4699 vel
1821 4646 2059 4699 utilitate
2081 4661 2180 4700 sua
2205 4647 2323 4713 ipsa
2349 4660 2403 4699 se
2430 4645 2725 4699 lucubratio
2753 4647 2987 4700 tueatur.
3008 4646 3264 4702 Caeterum
3284 4648 3448 4700 etiam

144 4716 275 4787 atque
296 4718 449 4771 etiam
473 4733 509 4771 a
536 4722 586 4771 te
607 4720 759 4787 peto,
786 4716 1148 4770 illustrissime
1174 4717 1416 4771 Ecclesiae
1447 4721 1709 4786 princeps,
1736 4720 1797 4770 ut
1834 4717 1993 4770 solita
2024 4717 2346 4787 benignitate
2384 4719 2434 4769 et
2466 4716 2821 4787 benevolentia
2846 4719 2943 4769 tua
2970 4716 3061 4769 hos
3094 4718 3296 4771 labores
3318 4730 3441 4787 nos:

146 4785 247 4851 tros,
274 4789 362 4852 qui
385 4791 477 4841 tua
503 4784 835 4842 auctoritate
858 4788 981 4840 nixi
1000 4788 1058 4839 in
1076 4787 1352 4855 publicum
1372 4784 1655 4857 prodeunt,
1685 4786 1785 4841 tibi
1807 4786 2136 4855 accipiendos
2164 4788 2448 4841 existimes.
2480 4786 2631 4852 Quod
2664 4787 2713 4839 si
2743 4800 2844 4855 pro
2891 4790 2983 4840 tua
3012 4787 3344 4841 humanitate
3382 4784 3444 4840 id

144 4859 427 4939 concesseris,
450 4873 565 4939 non
592 4858 787 4912 dubito
815 4858 909 4939 hoc
933 4871 1063 4927 opus
1102 4859 1203 4911 toti
1235 4858 1527 4939 Gallicanae
1571 4858 1822 4939 Ecclesiae.
1851 4857 2207 4939 approbatum
2250 4858 2342 4939 iri,
2562 4856 2661 4939 tibi
2696 4860 2910 4924 gratum
2948 4860 3003 4939 et
3034 4861 3303 4939 acceptum
3340 4870 3447 4939 esse

147 4927 415 4997 malem.
440 4929 508 4984 Id
527 4943 705 4997 porro
733 4943 843 4984 non
866 4926 979 4983 tam
1007 4942 1120 4984 meo
1143 4944 1305 4997 quam
1332 4930 1492 4983 totius
1517 4930 1935 4997 congregationis
1958 4932 2152 4983 nostra
2175 4929 2384 4982 nomine
2409 4927 2510 4981 tibi
2531 4926 2689 4995 offero
2719 4944 2735 4980 :
2765 4941 2927 4995 quam
2953 4928 3003 4979 si
3033 4930 3122 4981 tuo
3148 4926 3448 4997 patrocinio

148 4995 260 5050 ηιθτί
272 5012 479 5069 pergas,
509 4995 609 5057 hoc
636 5014 727 5056 me
750 4999 963 5056 beatum
988 4995 1267 5071 reputabo,
1298 5003 1348 5055 et
1373 4995 1641 5070 egregium
1679 4995 1875 5055 laboris
1900 5000 2005 5055 mei
2025 5001 2265 5069 fructum
2292 4998 2533 5054 retulisse
2562 4998 2699 5051 mihi
2729 4996 3061 5065 gratulabor.

2370 5086 2426 5144 F.
2465 5087 2714 5144 Joannes
2748 5085 3026 5141 MAEILLON
3062 5084 3130 5140 Μ.
3174 5084 3232 5139 Β.

152 5215 3446 5243 W

1291 5377 2282 5516 PRZEFATIO.

210 5585 244 5641 Ι.
267 5589 387 5653 Quae
414 5592 679 5648 omnium
706 5591 990 5663 apud-nos
1018 5592 1379 5648 ecclesiarum
1403 5610 1500 5649 ore
1523 5611 1587 5649 ac
1616 5593 1925 5650 reverentia
1942 5594 2228 5665 quondam
2246 5594 2571 5649 consecrata
2596 5589 2704 5645 fuit
2730 5587 2982 5661 Liturgia
3006 5586 3301 5658 Gallicana,
3328 5584 3449 5642 haec

156 5670 209 5725 Ab
230 5677 369 5733 annis
392 5686 539 5736 retro
569 5680 888 5753 nongentis
914 5681 992 5735 ita
1019 5698 1134 5736 non
1158 5682 1326 5737 modo
1350 5682 1412 5736 in
1438 5683 1881 5754 desuetudinem,
1913 5683 2009 5737 sed
2039 5683 2209 5738 etiam
2234 5683 2291 5736 in
2317 5679 2649 5735 oblivionem
2674 5678 2810 5733 abiit
2838 5696 2854 5747 ;
2900 5683 2964 5734 ut
2990 5677 3110 5748 ejus
3137 5694 3241 5733 nec
3280 5672 3445 5731 vesti-

158 5760 286 5829 είιιω
309 5784 443 5841 pene
472 5772 660 5828 ullum
685 5769 951 5828 relictum
977 5771 1065 5843 sit,
1097 5788 1201 5828 nec
1228 5771 1368 5827 ritus
1407 5773 1558 5846 apud
1580 5774 1727 5831 viros
1752 5776 1955 5829 nostrae
1984 5771 2181 5843 aetatis,
2213 5770 2384 5827 etiam
2410 5767 2776 5838 doctissimos,
2803 5773 2988 5823 certus
3026 5773 3081 5825 et
3105 5766 3440 5839 eXploratus.

158 5846 252 5908 Non
274 5853 555 5919 defuerunt
584 5878 615 5917 θ
642 5859 818 5916 Gallis
856 5860 1058 5917 nostris
1087 5861 1290 5919 eruditi
1309 5863 1587 5936 homines,
1617 5864 1712 5941 qui
1738 5864 1850 5921 hoc
1864 5866 2263 5935 argumentum
2284 5860 2559 5917 illustrare
2580 5861 2871 5915 tentarunt
2897 5873 2910 5913 :
2941 5856 3034 5911 sed
3059 5855 3215 5951 irrito
3241 5858 3440 5912 conatu
