  <div class='ocr_page' id='page_1' title='image "/cluster/home/n/w/nwhite01/storage/ocr_20150623/72/umn.31951002477365o/059.png"; bbox 0 0 3968 6438; ppageno 0'>
   <div class='ocr_carea' id='block_1_1' title="bbox 469 380 3833 452">
    <p class='ocr_par' dir='ltr' id='par_1_1' title="bbox 469 380 3833 452">
     <span class='ocr_line' id='line_1_1' title="bbox 469 380 3833 452; baseline -0.006 1"><span class='ocrx_word' id='word_1_1' title='bbox 469 401 566 452; x_wconf 78' lang='grc'>103</span> <span class='ocrx_word' id='word_1_2' title='bbox 1248 387 1578 442; x_wconf 81' lang='lat' dir='ltr'>APPENDIX</span> <span class='ocrx_word' id='word_1_3' title='bbox 1617 385 1703 442; x_wconf 76' lang='lat' dir='ltr'>AD</span> <span class='ocrx_word' id='word_1_4' title='bbox 1739 385 1959 441; x_wconf 74' lang='lat' dir='ltr'>OPERA</span> <span class='ocrx_word' id='word_1_5' title='bbox 1997 383 2229 440; x_wconf 75' lang='lat' dir='ltr'>SANCTI</span> <span class='ocrx_word' id='word_1_6' title='bbox 2267 381 2565 439; x_wconf 76' lang='lat' dir='ltr'>GERMANI</span> <span class='ocrx_word' id='word_1_7' title='bbox 2604 381 3029 438; x_wconf 78' lang='lat' dir='ltr'>PARISIENSIS.</span> <span class='ocrx_word' id='word_1_8' title='bbox 3737 380 3833 435; x_wconf 69' lang='lat' dir='ltr'>lO’i</span> 
     </span>
    </p>
   </div>
   <div class='ocr_carea' id='block_1_2' title="bbox 465 487 3836 568">
    <p class='ocr_par' dir='ltr' id='par_1_2' title="bbox 465 487 3836 568">
     <span class='ocr_line' id='line_1_2' title="bbox 465 487 3836 568; baseline -0.005 -9"><span class='ocrx_word' id='word_1_9' title='bbox 465 499 856 558; x_wconf 90' lang='lat' dir='ltr'>deﬁcientibus</span> <span class='ocrx_word' id='word_1_10' title='bbox 888 494 1095 568; x_wconf 85' lang='lat' dir='ltr'>quippe</span> <span class='ocrx_word' id='word_1_11' title='bbox 1125 493 1348 549; x_wconf 87' lang='lat' dir='ltr'>idoneis</span> <span class='ocrx_word' id='word_1_12' title='bbox 1374 494 1542 565; x_wconf 88' lang='lat' dir='ltr'>hujus</span> <span class='ocrx_word' id='word_1_13' title='bbox 1571 494 1653 549; x_wconf 90' lang='lat' dir='ltr'>rei</span> <span class='ocrx_word' id='word_1_14' title='bbox 1689 492 2099 548; x_wconf 77' lang='lat' dir='ltr'>monumentis.</span> <span class='ocrx_word' id='word_1_15' title='bbox 2133 491 2276 546; x_wconf 90' lang='lat' dir='ltr'>Illud</span> <span class='ocrx_word' id='word_1_16' title='bbox 2307 490 2456 562; x_wconf 91' lang='lat' dir='ltr'>apud</span> <span class='ocrx_word' id='word_1_17' title='bbox 2483 507 2685 545; x_wconf 90' lang='lat' dir='ltr'>omnes</span> <span class='ocrx_word' id='word_1_18' title='bbox 2715 489 2772 544; x_wconf 90' lang='lat' dir='ltr'>in</span> <span class='ocrx_word' id='word_1_19' title='bbox 2801 491 3062 545; x_wconf 90' lang='lat' dir='ltr'>confesso</span> <span class='ocrx_word' id='word_1_20' title='bbox 3095 492 3200 557; x_wconf 86' lang='lat' dir='ltr'>est,</span> <span class='ocrx_word' id='word_1_21' title='bbox 3229 487 3548 560; x_wconf 86' lang='lat' dir='ltr'>Liturgiam</span> <span class='ocrx_word' id='word_1_22' title='bbox 3581 487 3836 544; x_wconf 88' lang='lat' dir='ltr'>Gallica-</span> 
     </span>
    </p>
   </div>
   <div class='ocr_carea' id='block_1_3' title="bbox 464 571 3951 662">
    <p class='ocr_par' dir='ltr' id='par_1_3' title="bbox 464 571 3951 662">
     <span class='ocr_line' id='line_1_3' title="bbox 464 571 3951 662; baseline -0.005 -14"><span class='ocrx_word' id='word_1_23' title='bbox 464 609 598 648; x_wconf 92' lang='lat' dir='ltr'>nam</span> <span class='ocrx_word' id='word_1_24' title='bbox 643 587 919 662; x_wconf 91' lang='lat' dir='ltr'>principio</span> <span class='ocrx_word' id='word_1_25' title='bbox 951 603 984 640; x_wconf 93' lang='lat' dir='ltr'>a</span> <span class='ocrx_word' id='word_1_26' title='bbox 1020 586 1284 640; x_wconf 91' lang='lat' dir='ltr'>Romana</span> <span class='ocrx_word' id='word_1_27' title='bbox 1327 584 1499 639; x_wconf 89' lang='lat' dir='ltr'>fuisse</span> <span class='ocrx_word' id='word_1_28' title='bbox 1547 585 1848 650; x_wconf 82' lang='lat' dir='ltr'>diversam,</span> <span class='ocrx_word' id='word_1_29' title='bbox 1882 583 2118 653; x_wconf 84' lang='lat' dir='ltr'>ejusque</span> <span class='ocrx_word' id='word_1_30' title='bbox 2163 582 2545 636; x_wconf 80' lang='lat' dir='ltr'>mutationem</span> <span class='ocrx_word' id='word_1_31' title='bbox 2579 584 2713 635; x_wconf 88' lang='lat' dir='ltr'>ante</span> <span class='ocrx_word' id='word_1_32' title='bbox 2759 597 2976 634; x_wconf 89' lang='lat' dir='ltr'>annum</span> <span class='ocrx_word' id='word_1_33' title='bbox 3021 579 3231 635; x_wconf 89' lang='lat' dir='ltr'>Christi</span> <span class='ocrx_word' id='word_1_34' title='bbox 3273 577 3837 650; x_wconf 83' lang='lat' dir='ltr'>octingentesimum</span> 
     </span>
    </p>
   </div>
   <div class='ocr_carea' id='block_1_4' title="bbox 461 667 3840 750">
    <p class='ocr_par' dir='ltr' id='par_1_4' title="bbox 461 667 3840 750">
     <span class='ocr_line' id='line_1_4' title="bbox 461 667 3840 750; baseline -0.005 -13"><span class='ocrx_word' id='word_1_35' title='bbox 461 679 765 750; x_wconf 86' lang='lat' dir='ltr'>contigisse</span> <span class='ocrx_word' id='word_1_36' title='bbox 805 675 990 731; x_wconf 82' lang='lat' dir='ltr'>Caroli</span> <span class='ocrx_word' id='word_1_37' title='bbox 1033 675 1218 745; x_wconf 81' lang='lat' dir='ltr'>Magni</span> <span class='ocrx_word' id='word_1_38' title='bbox 1259 673 1599 744; x_wconf 82' lang='lat' dir='ltr'>principatu.</span> <span class='ocrx_word' id='word_1_39' title='bbox 1634 677 1683 727; x_wconf 91' lang='lat' dir='ltr'>Is</span> <span class='ocrx_word' id='word_1_40' title='bbox 1713 673 1867 726; x_wconf 86' lang='lat' dir='ltr'>enim</span> <span class='ocrx_word' id='word_1_41' title='bbox 1910 671 2089 724; x_wconf 87' lang='lat' dir='ltr'>sancti</span> <span class='ocrx_word' id='word_1_42' title='bbox 2122 670 2380 741; x_wconf 81' lang='lat' dir='ltr'>Gregorii</span> <span class='ocrx_word' id='word_1_43' title='bbox 2410 670 2954 735; x_wconf 89' lang='lat' dir='ltr'>Sacramentarium,</span> <span class='ocrx_word' id='word_1_44' title='bbox 2986 686 3098 740; x_wconf 89' lang='lat' dir='ltr'>quo</span> <span class='ocrx_word' id='word_1_45' title='bbox 3131 668 3376 722; x_wconf 90' lang='lat' dir='ltr'>Romani</span> <span class='ocrx_word' id='word_1_46' title='bbox 3403 669 3460 722; x_wconf 91' lang='lat' dir='ltr'>in</span> <span class='ocrx_word' id='word_1_47' title='bbox 3493 667 3674 721; x_wconf 88' lang='lat' dir='ltr'>sacris</span> <span class='ocrx_word' id='word_1_48' title='bbox 3707 669 3840 720; x_wconf 88' lang='lat' dir='ltr'>ute-</span> 
     </span>
    </p>
   </div>
   <div class='ocr_carea' id='block_1_5' title="bbox 459 756 3841 854">
    <p class='ocr_par' dir='ltr' id='par_1_5' title="bbox 459 756 3841 854">
     <span class='ocr_line' id='line_1_5' title="bbox 459 756 3841 854; baseline -0.005 -30"><span class='ocrx_word' id='word_1_49' title='bbox 459 771 689 834; x_wconf 85' lang='lat' dir='ltr'>bantur,</span> <span class='ocrx_word' id='word_1_50' title='bbox 722 767 1073 854; x_wconf 72' lang='lat' dir='ltr'>utunturque</span> <span class='ocrx_word' id='word_1_51' title='bbox 1106 764 1280 817; x_wconf 91' lang='lat' dir='ltr'>etiam</span> <span class='ocrx_word' id='word_1_52' title='bbox 1316 779 1486 828; x_wconf 91' lang='lat' dir='ltr'>nunc,</span> <span class='ocrx_word' id='word_1_53' title='bbox 1521 763 1592 815; x_wconf 91' lang='lat' dir='ltr'>ab</span> <span class='ocrx_word' id='word_1_54' title='bbox 1622 763 1874 816; x_wconf 85' lang='lat' dir='ltr'>Adriano</span> <span class='ocrx_word' id='word_1_55' title='bbox 1901 778 2050 832; x_wconf 91' lang='lat' dir='ltr'>papa</span> <span class='ocrx_word' id='word_1_56' title='bbox 2082 759 2267 832; x_wconf 91' lang='lat' dir='ltr'>primo</span> <span class='ocrx_word' id='word_1_57' title='bbox 2296 759 2558 830; x_wconf 86' lang='lat' dir='ltr'>suscepit,</span> <span class='ocrx_word' id='word_1_58' title='bbox 2590 758 2743 813; x_wconf 91' lang='lat' dir='ltr'>edito</span> <span class='ocrx_word' id='word_1_59' title='bbox 2771 758 3102 829; x_wconf 87' lang='lat' dir='ltr'>Capitulari,</span> <span class='ocrx_word' id='word_1_60' title='bbox 3133 762 3194 811; x_wconf 92' lang='lat' dir='ltr'>ut</span> <span class='ocrx_word' id='word_1_61' title='bbox 3223 757 3396 811; x_wconf 86' lang='lat' dir='ltr'>missa</span> <span class='ocrx_word' id='word_1_62' title='bbox 3435 756 3493 810; x_wconf 90' lang='lat' dir='ltr'>in</span> <span class='ocrx_word' id='word_1_63' title='bbox 3525 759 3841 828; x_wconf 88' lang='lat' dir='ltr'>posterum</span> 
     </span>
    </p>
   </div>
   <div class='ocr_carea' id='block_1_6' title="bbox 459 851 2037 914">
    <p class='ocr_par' dir='ltr' id='par_1_6' title="bbox 459 851 2037 914">
     <span class='ocr_line' id='line_1_6' title="bbox 459 851 2037 914; baseline -0.007 0"><span class='ocrx_word' id='word_1_64' title='bbox 459 858 646 914; x_wconf 79' lang='lat' dir='ltr'>ordine</span> <span class='ocrx_word' id='word_1_65' title='bbox 672 851 911 913; x_wconf 87' lang='lat' dir='ltr'>Romano</span> <span class='ocrx_word' id='word_1_66' title='bbox 937 853 996 907; x_wconf 89' lang='lat' dir='ltr'>in</span> <span class='ocrx_word' id='word_1_67' title='bbox 1029 851 1330 908; x_wconf 85' lang='lat' dir='ltr'>Gallicanis</span> <span class='ocrx_word' id='word_1_68' title='bbox 1357 851 1605 906; x_wconf 88' lang='lat' dir='ltr'>ecclesiis</span> <span class='ocrx_word' id='word_1_69' title='bbox 1637 851 2037 906; x_wconf 88' lang='lat' dir='ltr'>celebraretur.</span> 
     </span>
    </p>
   </div>
   <div class='ocr_carea' id='block_1_7' title="bbox 533 991 3835 1067">
    <p class='ocr_par' dir='ltr' id='par_1_7' title="bbox 533 991 3835 1067">
     <span class='ocr_line' id='line_1_7' title="bbox 533 991 3835 1067; baseline -0.005 -8"><span class='ocrx_word' id='word_1_70' title='bbox 533 1009 596 1062; x_wconf 86' lang='lat' dir='ltr'>II.</span> <span class='ocrx_word' id='word_1_71' title='bbox 637 1001 916 1066; x_wconf 85' lang='lat' dir='ltr'>Quanam</span> <span class='ocrx_word' id='word_1_72' title='bbox 950 999 1121 1054; x_wconf 91' lang='lat' dir='ltr'>fuerit</span> <span class='ocrx_word' id='word_1_73' title='bbox 1153 997 1387 1067; x_wconf 84' lang='lat' dir='ltr'>hujusce</span> <span class='ocrx_word' id='word_1_74' title='bbox 1433 997 1768 1052; x_wconf 86' lang='lat' dir='ltr'>mutationis</span> <span class='ocrx_word' id='word_1_75' title='bbox 1806 1013 1994 1064; x_wconf 91' lang='lat' dir='ltr'>causa,</span> <span class='ocrx_word' id='word_1_76' title='bbox 2033 995 2092 1049; x_wconf 90' lang='lat' dir='ltr'>in</span> <span class='ocrx_word' id='word_1_77' title='bbox 2136 995 2406 1065; x_wconf 89' lang='lat' dir='ltr'>ambiguo</span> <span class='ocrx_word' id='word_1_78' title='bbox 2449 997 2552 1048; x_wconf 89' lang='lat' dir='ltr'>est.</span> <span class='ocrx_word' id='word_1_79' title='bbox 2591 995 2707 1048; x_wconf 87' lang='lat' dir='ltr'>Hoc</span> <span class='ocrx_word' id='word_1_80' title='bbox 2742 994 2862 1048; x_wconf 89' lang='lat' dir='ltr'>sine</span> <span class='ocrx_word' id='word_1_81' title='bbox 2899 993 3238 1049; x_wconf 86' lang='lat' dir='ltr'>temeritatis</span> <span class='ocrx_word' id='word_1_82' title='bbox 3275 997 3411 1048; x_wconf 88' lang='lat' dir='ltr'>nota</span> <span class='ocrx_word' id='word_1_83' title='bbox 3451 992 3648 1047; x_wconf 87' lang='lat' dir='ltr'>dicere</span> <span class='ocrx_word' id='word_1_84' title='bbox 3675 991 3835 1054; x_wconf 86' lang='lat' dir='ltr'>licet,</span> 
     </span>
    </p>
   </div>
   <div class='ocr_carea' id='block_1_8' title="bbox 459 1081 3834 1157">
    <p class='ocr_par' dir='ltr' id='par_1_8' title="bbox 459 1081 3834 1157">
     <span class='ocr_line' id='line_1_8' title="bbox 459 1081 3834 1157; baseline -0.007 0"><span class='ocrx_word' id='word_1_85' title='bbox 459 1099 778 1157; x_wconf 82' lang='lat' dir='ltr'>Adrianum</span> <span class='ocrx_word' id='word_1_86' title='bbox 804 1091 862 1146; x_wconf 90' lang='lat' dir='ltr'>id</span> <span class='ocrx_word' id='word_1_87' title='bbox 892 1089 1026 1143; x_wconf 88' lang='lat' dir='ltr'>satis</span> <span class='ocrx_word' id='word_1_88' title='bbox 1061 1087 1242 1157; x_wconf 87' lang='lat' dir='ltr'>egisse</span> <span class='ocrx_word' id='word_1_89' title='bbox 1285 1085 1438 1156; x_wconf 89' lang='lat' dir='ltr'>apud</span> <span class='ocrx_word' id='word_1_90' title='bbox 1475 1086 1742 1140; x_wconf 91' lang='lat' dir='ltr'>Carolum</span> <span class='ocrx_word' id='word_1_91' title='bbox 1773 1102 1786 1140; x_wconf 90' lang='lat'><strong>:</strong></span> <span class='ocrx_word' id='word_1_92' title='bbox 1819 1085 1916 1156; x_wconf 88' lang='lat' dir='ltr'>qui</span> <span class='ocrx_word' id='word_1_93' title='bbox 1965 1086 2138 1150; x_wconf 89' lang='lat' dir='ltr'>ultro,</span> <span class='ocrx_word' id='word_1_94' title='bbox 2169 1087 2232 1137; x_wconf 91' lang='lat' dir='ltr'>ut</span> <span class='ocrx_word' id='word_1_95' title='bbox 2267 1085 2528 1138; x_wconf 90' lang='lat' dir='ltr'>Romano</span> <span class='ocrx_word' id='word_1_96' title='bbox 2566 1082 2820 1154; x_wconf 89' lang='lat' dir='ltr'>pontiﬁci</span> <span class='ocrx_word' id='word_1_97' title='bbox 2869 1083 3308 1154; x_wconf 87' lang='lat' dir='ltr'>gratiﬁcaretur,</span> <span class='ocrx_word' id='word_1_98' title='bbox 3341 1081 3565 1154; x_wconf 89' lang='lat' dir='ltr'>petenti</span> <span class='ocrx_word' id='word_1_99' title='bbox 3603 1095 3834 1134; x_wconf 90' lang='lat' dir='ltr'>annue-</span> 
     </span>
    </p>
   </div>
   <div class='ocr_carea' id='block_1_9' title="bbox 461 1171 3841 1250">
    <p class='ocr_par' dir='ltr' id='par_1_9' title="bbox 461 1171 3841 1250">
     <span class='ocr_line' id='line_1_9' title="bbox 461 1171 3841 1250; baseline -0.007 -5"><span class='ocrx_word' id='word_1_100' title='bbox 461 1191 554 1246; x_wconf 90' lang='lat' dir='ltr'>rit.</span> <span class='ocrx_word' id='word_1_101' title='bbox 577 1187 736 1241; x_wconf 90' lang='lat' dir='ltr'>Idem</span> <span class='ocrx_word' id='word_1_102' title='bbox 757 1194 970 1250; x_wconf 90' lang='lat' dir='ltr'>magno</span> <span class='ocrx_word' id='word_1_103' title='bbox 993 1175 1289 1230; x_wconf 89' lang='lat' dir='ltr'>molimine</span> <span class='ocrx_word' id='word_1_104' title='bbox 1319 1175 1557 1228; x_wconf 87' lang='lat' dir='ltr'>tandem</span> <span class='ocrx_word' id='word_1_105' title='bbox 1587 1174 1752 1228; x_wconf 91' lang='lat' dir='ltr'>evicit</span> <span class='ocrx_word' id='word_1_106' title='bbox 1777 1173 2082 1244; x_wconf 86' lang='lat' dir='ltr'>Gregorius</span> <span class='ocrx_word' id='word_1_107' title='bbox 2107 1175 2195 1226; x_wconf 86' lang='lat' dir='ltr'>VII</span> <span class='ocrx_word' id='word_1_108' title='bbox 2217 1172 2370 1243; x_wconf 90' lang='lat' dir='ltr'>apud</span> <span class='ocrx_word' id='word_1_109' title='bbox 2399 1171 2695 1242; x_wconf 85' lang='lat' dir='ltr'>Hispanos,</span> <span class='ocrx_word' id='word_1_110' title='bbox 2723 1171 2816 1242; x_wconf 87' lang='lat' dir='ltr'>qui</span> <span class='ocrx_word' id='word_1_111' title='bbox 2841 1173 2912 1225; x_wconf 90' lang='lat' dir='ltr'>ab</span> <span class='ocrx_word' id='word_1_112' title='bbox 2935 1172 3096 1226; x_wconf 82' lang='lat' dir='ltr'>avitis</span> <span class='ocrx_word' id='word_1_113' title='bbox 3123 1175 3180 1225; x_wconf 92' lang='lat' dir='ltr'>et</span> <span class='ocrx_word' id='word_1_114' title='bbox 3204 1172 3403 1242; x_wconf 89' lang='lat' dir='ltr'>patriis</span> <span class='ocrx_word' id='word_1_115' title='bbox 3424 1171 3632 1224; x_wconf 90' lang='lat' dir='ltr'>ritibus</span> <span class='ocrx_word' id='word_1_116' title='bbox 3654 1185 3841 1240; x_wconf 86' lang='lat' dir='ltr'>ager-</span> 
     </span>
    </p>
   </div>
   <div class='ocr_carea' id='block_1_10' title="bbox 459 1260 3955 1334">
    <p class='ocr_par' dir='ltr' id='par_1_10' title="bbox 459 1260 3955 1334">
     <span class='ocr_line' id='line_1_10' title="bbox 459 1260 3955 1334; baseline -0.007 0"><span class='ocrx_word' id='word_1_117' title='bbox 459 1280 606 1334; x_wconf 90' lang='lat' dir='ltr'>rime</span> <span class='ocrx_word' id='word_1_118' title='bbox 644 1269 1040 1329; x_wconf 89' lang='lat' dir='ltr'>discesserunt.</span> <span class='ocrx_word' id='word_1_119' title='bbox 1073 1264 1354 1319; x_wconf 76' lang='lat' dir='ltr'>Nimirum</span> <span class='ocrx_word' id='word_1_120' title='bbox 1385 1264 1506 1317; x_wconf 88' lang='lat' dir='ltr'>hac</span> <span class='ocrx_word' id='word_1_121' title='bbox 1541 1280 1770 1334; x_wconf 87' lang='lat' dir='ltr'>semper</span> <span class='ocrx_word' id='word_1_122' title='bbox 1803 1264 2037 1318; x_wconf 88' lang='lat' dir='ltr'>fuerunt</span> <span class='ocrx_word' id='word_1_123' title='bbox 2069 1277 2424 1316; x_wconf 90' lang='lat' dir='ltr'>summorum</span> <span class='ocrx_word' id='word_1_124' title='bbox 2446 1261 2781 1332; x_wconf 87' lang='lat' dir='ltr'>pontiﬁcum</span> <span class='ocrx_word' id='word_1_125' title='bbox 2805 1260 3208 1315; x_wconf 90' lang='lat' dir='ltr'>ardentissima</span> <span class='ocrx_word' id='word_1_126' title='bbox 3229 1260 3437 1325; x_wconf 89' lang='lat' dir='ltr'>studia,</span> <span class='ocrx_word' id='word_1_127' title='bbox 3463 1263 3525 1312; x_wconf 89' lang='lat' dir='ltr'>ut</span> <span class='ocrx_word' id='word_1_128' title='bbox 3546 1261 3858 1324; x_wconf 30' lang='lat' dir='ltr'>Romana,</span> <span class='ocrx_word' id='word_1_129' title='bbox 3939 1288 3955 1298; x_wconf 72' lang='grc' dir='ltr'>ι-</span> 
     </span>
    </p>
   </div>
   <div class='ocr_carea' id='block_1_11' title="bbox 461 1346 3839 1424">
    <p class='ocr_par' dir='ltr' id='par_1_11' title="bbox 461 1346 3839 1424">
     <span class='ocr_line' id='line_1_11' title="bbox 461 1346 3839 1424; baseline -0.007 -3"><span class='ocrx_word' id='word_1_130' title='bbox 461 1363 722 1424; x_wconf 88' lang='lat' dir='ltr'>Ecclesia</span> <span class='ocrx_word' id='word_1_131' title='bbox 752 1359 893 1414; x_wconf 88' lang='lat' dir='ltr'>ritus</span> <span class='ocrx_word' id='word_1_132' title='bbox 931 1355 1054 1410; x_wconf 92' lang='lat' dir='ltr'>aliis</span> <span class='ocrx_word' id='word_1_133' title='bbox 1085 1352 1344 1407; x_wconf 87' lang='lat' dir='ltr'>Ecclesiis</span> <span class='ocrx_word' id='word_1_134' title='bbox 1374 1353 1763 1423; x_wconf 89' lang='lat' dir='ltr'>approbarent</span> <span class='ocrx_word' id='word_1_135' title='bbox 1801 1369 1865 1406; x_wconf 91' lang='lat' dir='ltr'>ac</span> <span class='ocrx_word' id='word_1_136' title='bbox 1905 1351 2338 1422; x_wconf 90' lang='lat' dir='ltr'>persuaderent,</span> <span class='ocrx_word' id='word_1_137' title='bbox 2373 1350 2479 1404; x_wconf 89' lang='lat' dir='ltr'>rati</span> <span class='ocrx_word' id='word_1_138' title='bbox 2510 1349 2567 1404; x_wconf 93' lang='lat' dir='ltr'>id</span> <span class='ocrx_word' id='word_1_139' title='bbox 2603 1350 2757 1421; x_wconf 91' lang='lat' dir='ltr'>quod</span> <span class='ocrx_word' id='word_1_140' title='bbox 2785 1367 2875 1404; x_wconf 90' lang='lat' dir='ltr'>res</span> <span class='ocrx_word' id='word_1_141' title='bbox 2901 1354 3043 1417; x_wconf 88' lang='lat' dir='ltr'>erat,</span> <span class='ocrx_word' id='word_1_142' title='bbox 3073 1367 3170 1404; x_wconf 88' lang='lat' dir='ltr'>eas</span> <span class='ocrx_word' id='word_1_143' title='bbox 3197 1349 3418 1404; x_wconf 88' lang='lat' dir='ltr'>facilius</span> <span class='ocrx_word' id='word_1_144' title='bbox 3444 1350 3503 1403; x_wconf 90' lang='lat' dir='ltr'>in</span> <span class='ocrx_word' id='word_1_145' title='bbox 3548 1365 3669 1402; x_wconf 90' lang='lat' dir='ltr'>una</span> <span class='ocrx_word' id='word_1_146' title='bbox 3699 1346 3839 1401; x_wconf 86' lang='lat' dir='ltr'>fidei</span> 
     </span>
    </p>
   </div>
   <div class='ocr_carea' id='block_1_12' title="bbox 462 1431 3842 1522">
    <p class='ocr_par' dir='ltr' id='par_1_12' title="bbox 462 1431 3842 1522">
     <span class='ocr_line' id='line_1_12' title="bbox 462 1431 3842 1522; baseline -0.007 -11"><span class='ocrx_word' id='word_1_147' title='bbox 462 1466 804 1522; x_wconf 90' lang='lat' dir='ltr'>morumque</span> <span class='ocrx_word' id='word_1_148' title='bbox 833 1443 1159 1509; x_wconf 88' lang='lat' dir='ltr'>concordia,</span> <span class='ocrx_word' id='word_1_149' title='bbox 1191 1445 1360 1512; x_wconf 88' lang='lat' dir='ltr'>atque</span> <span class='ocrx_word' id='word_1_150' title='bbox 1389 1442 1446 1494; x_wconf 92' lang='lat' dir='ltr'>in</span> <span class='ocrx_word' id='word_1_151' title='bbox 1479 1442 1753 1495; x_wconf 89' lang='lat' dir='ltr'>Romana</span> <span class='ocrx_word' id='word_1_152' title='bbox 1780 1431 2040 1494; x_wconf 75' lang='lat' dir='ltr'>Ecclesia</span> <span class='ocrx_word' id='word_1_153' title='bbox 2072 1439 2346 1510; x_wconf 88' lang='lat' dir='ltr'>obsequio</span> <span class='ocrx_word' id='word_1_154' title='bbox 2373 1439 2728 1510; x_wconf 88' lang='lat' dir='ltr'>perstituras,</span> <span class='ocrx_word' id='word_1_155' title='bbox 2763 1441 2807 1493; x_wconf 90' lang='lat' dir='ltr'>si</span> <span class='ocrx_word' id='word_1_156' title='bbox 2836 1439 3052 1493; x_wconf 89' lang='lat' dir='ltr'>eisdem</span> <span class='ocrx_word' id='word_1_157' title='bbox 3085 1439 3464 1506; x_wconf 85' lang='lat' dir='ltr'>caremoniis,</span> <span class='ocrx_word' id='word_1_158' title='bbox 3501 1437 3842 1508; x_wconf 86' lang='lat' dir='ltr'>eademque</span> 
     </span>
    </p>
   </div>
   <div class='ocr_carea' id='block_1_13' title="bbox 463 1527 3842 1599">
    <p class='ocr_par' dir='ltr' id='par_1_13' title="bbox 463 1527 3842 1599">
     <span class='ocr_line' id='line_1_13' title="bbox 463 1527 3842 1599; baseline -0.006 1"><span class='ocrx_word' id='word_1_159' title='bbox 463 1557 755 1599; x_wconf 88' lang='lat' dir='ltr'>sacrorum</span> <span class='ocrx_word' id='word_1_160' title='bbox 784 1539 974 1592; x_wconf 91' lang='lat' dir='ltr'>forma</span> <span class='ocrx_word' id='word_1_161' title='bbox 1000 1531 1450 1587; x_wconf 86' lang='lat' dir='ltr'>continerentur.</span> <span class='ocrx_word' id='word_1_162' title='bbox 1483 1531 1561 1584; x_wconf 90' lang='lat' dir='ltr'>Ea</span> <span class='ocrx_word' id='word_1_163' title='bbox 1591 1547 1756 1584; x_wconf 90' lang='lat' dir='ltr'>mens</span> <span class='ocrx_word' id='word_1_164' title='bbox 1783 1529 1889 1584; x_wconf 90' lang='lat' dir='ltr'>fuit</span> <span class='ocrx_word' id='word_1_165' title='bbox 1927 1529 2243 1584; x_wconf 92' lang='lat' dir='ltr'>Innocentii</span> <span class='ocrx_word' id='word_1_166' title='bbox 2274 1531 2296 1582; x_wconf 95' lang='grc' dir='ltr'>Ι</span> <span class='ocrx_word' id='word_1_167' title='bbox 2325 1528 2382 1581; x_wconf 90' lang='lat' dir='ltr'>in</span> <span class='ocrx_word' id='word_1_168' title='bbox 2428 1528 2667 1598; x_wconf 89' lang='lat' dir='ltr'>epistola</span> <span class='ocrx_word' id='word_1_169' title='bbox 2703 1528 2776 1583; x_wconf 90' lang='lat' dir='ltr'>ad</span> <span class='ocrx_word' id='word_1_170' title='bbox 2814 1529 3150 1582; x_wconf 90' lang='lat' dir='ltr'>Decentium</span> <span class='ocrx_word' id='word_1_171' title='bbox 3191 1528 3524 1599; x_wconf 90' lang='lat' dir='ltr'>episcopum</span> <span class='ocrx_word' id='word_1_172' title='bbox 3571 1527 3842 1598; x_wconf 88' lang='lat' dir='ltr'>Eugubi-</span> 
     </span>
    </p>
   </div>
   <div class='ocr_carea' id='block_1_14' title="bbox 464 1615 3844 1690">
    <p class='ocr_par' dir='ltr' id='par_1_14' title="bbox 464 1615 3844 1690">
     <span class='ocr_line' id='line_1_14' title="bbox 464 1615 3844 1690; baseline -0.007 -1"><span class='ocrx_word' id='word_1_173' title='bbox 464 1648 604 1689; x_wconf 88' lang='lat' dir='ltr'>num</span> <span class='ocrx_word' id='word_1_174' title='bbox 632 1649 645 1686; x_wconf 88' lang='lat'><strong>:</strong></span> <span class='ocrx_word' id='word_1_175' title='bbox 675 1627 879 1684; x_wconf 85' lang='lat' dir='ltr'>eadem</span> <span class='ocrx_word' id='word_1_176' title='bbox 917 1623 1091 1678; x_wconf 86' lang='lat' dir='ltr'>etiam</span> <span class='ocrx_word' id='word_1_177' title='bbox 1122 1620 1382 1675; x_wconf 90' lang='lat' dir='ltr'>omnium</span> <span class='ocrx_word' id='word_1_178' title='bbox 1413 1619 1688 1690; x_wconf 88' lang='lat' dir='ltr'>cujusque</span> <span class='ocrx_word' id='word_1_179' title='bbox 1721 1619 1885 1690; x_wconf 89' lang='lat' dir='ltr'>regni</span> <span class='ocrx_word' id='word_1_180' title='bbox 1918 1623 2017 1672; x_wconf 91' lang='lat' dir='ltr'>aut</span> <span class='ocrx_word' id='word_1_181' title='bbox 2037 1617 2340 1689; x_wconf 85' lang='lat' dir='ltr'>provincia</span> <span class='ocrx_word' id='word_1_182' title='bbox 2367 1618 2785 1688; x_wconf 84' lang='lat' dir='ltr'>pracipuorum</span> <span class='ocrx_word' id='word_1_183' title='bbox 2808 1617 3146 1684; x_wconf 92' lang='lat' dir='ltr'>antistitum,</span> <span class='ocrx_word' id='word_1_184' title='bbox 3172 1617 3376 1688; x_wconf 91' lang='lat' dir='ltr'>quibus</span> <span class='ocrx_word' id='word_1_185' title='bbox 3398 1615 3605 1671; x_wconf 86' lang='lat' dir='ltr'>hacin</span> <span class='ocrx_word' id='word_1_186' title='bbox 3629 1615 3844 1687; x_wconf 87' lang='lat' dir='ltr'>primis</span> 
     </span>
    </p>
   </div>
   <div class='ocr_carea' id='block_1_15' title="bbox 461 1705 3844 1785">
    <p class='ocr_par' dir='ltr' id='par_1_15' title="bbox 461 1705 3844 1785">
     <span class='ocr_line' id='line_1_15' title="bbox 461 1705 3844 1785; baseline -0.006 -7"><span class='ocrx_word' id='word_1_187' title='bbox 461 1738 600 1778; x_wconf 90' lang='lat' dir='ltr'>cura</span> <span class='ocrx_word' id='word_1_188' title='bbox 623 1718 750 1785; x_wconf 86' lang='lat' dir='ltr'>fuit,</span> <span class='ocrx_word' id='word_1_189' title='bbox 785 1719 846 1769; x_wconf 92' lang='lat' dir='ltr'>ut</span> <span class='ocrx_word' id='word_1_190' title='bbox 877 1713 948 1766; x_wconf 94' lang='lat' dir='ltr'>ad</span> <span class='ocrx_word' id='word_1_191' title='bbox 988 1711 1336 1765; x_wconf 89' lang='lat' dir='ltr'>uniformem</span> <span class='ocrx_word' id='word_1_192' title='bbox 1363 1708 1600 1762; x_wconf 89' lang='lat' dir='ltr'>modum</span> <span class='ocrx_word' id='word_1_193' title='bbox 1633 1709 1834 1762; x_wconf 84' lang='lat' dir='ltr'>omnes</span> <span class='ocrx_word' id='word_1_194' title='bbox 1866 1707 1971 1761; x_wconf 89' lang='lat' dir='ltr'>sibi</span> <span class='ocrx_word' id='word_1_195' title='bbox 2010 1706 2249 1761; x_wconf 87' lang='lat' dir='ltr'>subdita</span> <span class='ocrx_word' id='word_1_196' title='bbox 2281 1707 2542 1760; x_wconf 85' lang='lat' dir='ltr'>Ecclesia</span> <span class='ocrx_word' id='word_1_197' title='bbox 2579 1708 3082 1778; x_wconf 85' lang='lat' dir='ltr'>componerentur.</span> <span class='ocrx_word' id='word_1_198' title='bbox 3116 1708 3197 1759; x_wconf 87' lang='lat' dir='ltr'>Ita</span> <span class='ocrx_word' id='word_1_199' title='bbox 3227 1705 3488 1760; x_wconf 86' lang='lat' dir='ltr'>Patribus</span> <span class='ocrx_word' id='word_1_200' title='bbox 3517 1705 3756 1759; x_wconf 91' lang='lat' dir='ltr'>concilii</span> <span class='ocrx_word' id='word_1_201' title='bbox 3788 1721 3844 1758; x_wconf 78' lang='lat' dir='ltr'>iv</span> 
     </span>
    </p>
   </div>
   <div class='ocr_carea' id='block_1_16' title="bbox 458 1794 3844 1872">
    <p class='ocr_par' dir='ltr' id='par_1_16' title="bbox 458 1794 3844 1872">
     <span class='ocr_line' id='line_1_16' title="bbox 458 1794 3844 1872; baseline -0.005 -7"><span class='ocrx_word' id='word_1_202' title='bbox 458 1807 736 1872; x_wconf 90' lang='lat' dir='ltr'>Toletani,</span> <span class='ocrx_word' id='word_1_203' title='bbox 774 1799 1133 1857; x_wconf 89' lang='lat' dir='ltr'>Bracarensis</span> <span class='ocrx_word' id='word_1_204' title='bbox 1168 1800 1207 1864; x_wconf 94' lang='lat' dir='ltr'>I,</span> <span class='ocrx_word' id='word_1_205' title='bbox 1245 1801 1303 1852; x_wconf 89' lang='lat' dir='ltr'>et</span> <span class='ocrx_word' id='word_1_206' title='bbox 1338 1796 1733 1851; x_wconf 88' lang='lat' dir='ltr'>Gerundensis‘</span> <span class='ocrx_word' id='word_1_207' title='bbox 1758 1796 1910 1867; x_wconf 90' lang='lat' dir='ltr'>apud</span> <span class='ocrx_word' id='word_1_208' title='bbox 1945 1796 2223 1866; x_wconf 86' lang='lat' dir='ltr'>Hispanos</span> <span class='ocrx_word' id='word_1_209' title='bbox 2263 1798 2434 1865; x_wconf 90' lang='lat' dir='ltr'>atque</span> <span class='ocrx_word' id='word_1_210' title='bbox 2465 1795 2715 1849; x_wconf 85' lang='lat' dir='ltr'>Venetici</span> <span class='ocrx_word' id='word_1_211' title='bbox 2745 1798 2802 1849; x_wconf 89' lang='lat' dir='ltr'>et</span> <span class='ocrx_word' id='word_1_212' title='bbox 2840 1794 3193 1864; x_wconf 82' lang='lat' dir='ltr'>Epaonensis</span> <span class='ocrx_word' id='word_1_213' title='bbox 3232 1794 3386 1865; x_wconf 91' lang='lat' dir='ltr'>apud</span> <span class='ocrx_word' id='word_1_214' title='bbox 3415 1795 3610 1849; x_wconf 88' lang='lat' dir='ltr'>Gallos</span> <span class='ocrx_word' id='word_1_215' title='bbox 3646 1795 3844 1848; x_wconf 85' lang='lat' dir='ltr'>visum</span> 
     </span>
    </p>
   </div>
   <div class='ocr_carea' id='block_1_17' title="bbox 461 1883 3842 1954">
    <p class='ocr_par' dir='ltr' id='par_1_17' title="bbox 461 1883 3842 1954">
     <span class='ocr_line' id='line_1_17' title="bbox 461 1883 3842 1954; baseline -0.005 -1"><span class='ocrx_word' id='word_1_216' title='bbox 461 1902 564 1954; x_wconf 87' lang='lat' dir='ltr'>est.</span> <span class='ocrx_word' id='word_1_217' title='bbox 601 1898 755 1950; x_wconf 86' lang='lat' dir='ltr'>Hanc</span> <span class='ocrx_word' id='word_1_218' title='bbox 786 1893 1000 1946; x_wconf 90' lang='lat' dir='ltr'>rituum</span> <span class='ocrx_word' id='word_1_219' title='bbox 1027 1889 1086 1942; x_wconf 93' lang='lat' dir='ltr'>in</span> <span class='ocrx_word' id='word_1_220' title='bbox 1113 1885 1316 1941; x_wconf 86' lang='lat' dir='ltr'>divinis</span> <span class='ocrx_word' id='word_1_221' title='bbox 1343 1885 1544 1940; x_wconf 77' lang='lat' dir='ltr'>ofﬁciis</span> <span class='ocrx_word' id='word_1_222' title='bbox 1570 1885 1939 1939; x_wconf 88' lang='lat' dir='ltr'>concordiam</span> <span class='ocrx_word' id='word_1_223' title='bbox 1964 1901 2318 1954; x_wconf 86' lang='lat' dir='ltr'>magnopere</span> <span class='ocrx_word' id='word_1_224' title='bbox 2346 1887 2636 1950; x_wconf 88' lang='lat' dir='ltr'>curarunt,</span> <span class='ocrx_word' id='word_1_225' title='bbox 2671 1886 2816 1937; x_wconf 88' lang='lat' dir='ltr'>teste</span> <span class='ocrx_word' id='word_1_226' title='bbox 2847 1884 3138 1950; x_wconf 84' lang='lat' dir='ltr'>Cassiano,</span> <span class='ocrx_word' id='word_1_227' title='bbox 3167 1883 3342 1936; x_wconf 89' lang='lat' dir='ltr'>etiam</span> <span class='ocrx_word' id='word_1_228' title='bbox 3377 1883 3548 1953; x_wconf 89' lang='lat' dir='ltr'>primi</span> <span class='ocrx_word' id='word_1_229' title='bbox 3574 1883 3715 1938; x_wconf 85' lang='lat' dir='ltr'>vita</span> <span class='ocrx_word' id='word_1_230' title='bbox 3746 1899 3842 1936; x_wconf 91' lang='lat' dir='ltr'>re-</span> 
     </span>
    </p>
   </div>
   <div class='ocr_carea' id='block_1_18' title="bbox 461 1968 3844 2057">
    <p class='ocr_par' dir='ltr' id='par_1_18' title="bbox 461 1968 3844 2057">
     <span class='ocr_line' id='line_1_18' title="bbox 461 1968 3844 2057; baseline -0.005 -16"><span class='ocrx_word' id='word_1_231' title='bbox 461 1987 678 2057; x_wconf 83' lang='lat' dir='ltr'>ligiosa</span> <span class='ocrx_word' id='word_1_232' title='bbox 707 1981 1058 2036; x_wconf 88' lang='lat' dir='ltr'>institutores</span> <span class='ocrx_word' id='word_1_233' title='bbox 1083 1993 1096 2030; x_wconf 90' lang='lat'>:</span> <span class='ocrx_word' id='word_1_234' title='bbox 1134 1997 1160 2024; x_wconf 81' lang='grc' dir='ltr'>α</span> <span class='ocrx_word' id='word_1_235' title='bbox 1186 1976 1460 2028; x_wconf 88' lang='lat' dir='ltr'>Verentes</span> <span class='ocrx_word' id='word_1_236' title='bbox 1491 1974 1721 2039; x_wconf 89' lang='lat' dir='ltr'>scilicet,</span> <span class='ocrx_word' id='word_1_237' title='bbox 1752 1990 1824 2027; x_wconf 88' lang='lat' dir='ltr'>ne</span> <span class='ocrx_word' id='word_1_238' title='bbox 1853 1989 1966 2043; x_wconf 90' lang='lat' dir='ltr'>qua</span> <span class='ocrx_word' id='word_1_239' title='bbox 1990 1973 2045 2026; x_wconf 92' lang='lat' dir='ltr'>in</span> <span class='ocrx_word' id='word_1_240' title='bbox 2081 1972 2428 2042; x_wconf 88' lang='lat' dir='ltr'>quotidianis</span> <span class='ocrx_word' id='word_1_241' title='bbox 2455 1968 2912 2025; x_wconf 83' lang='lat' dir='ltr'>solemnitatibus</span> <span class='ocrx_word' id='word_1_242' title='bbox 2944 1973 3095 2026; x_wconf 92' lang='lat' dir='ltr'>inter</span> <span class='ocrx_word' id='word_1_243' title='bbox 3123 1973 3273 2025; x_wconf 89' lang='lat' dir='ltr'>viros</span> <span class='ocrx_word' id='word_1_244' title='bbox 3299 1971 3561 2040; x_wconf 86' lang='lat' dir='ltr'>ejusdem</span> <span class='ocrx_word' id='word_1_245' title='bbox 3589 1971 3844 2025; x_wconf 85' lang='lat' dir='ltr'>cultura</span> 
     </span>
    </p>
   </div>
   <div class='ocr_carea' id='block_1_19' title="bbox 464 2060 3848 2132">
    <p class='ocr_par' dir='ltr' id='par_1_19' title="bbox 464 2060 3848 2132">
     <span class='ocr_line' id='line_1_19' title="bbox 464 2060 3848 2132; baseline -0.005 -2"><span class='ocrx_word' id='word_1_246' title='bbox 464 2076 758 2130; x_wconf 91' lang='lat' dir='ltr'>consortes</span> <span class='ocrx_word' id='word_1_247' title='bbox 782 2064 1136 2123; x_wconf 88' lang='lat' dir='ltr'>dissonantia</span> <span class='ocrx_word' id='word_1_248' title='bbox 1161 2063 1248 2116; x_wconf 88' lang='lat' dir='ltr'>vel</span> <span class='ocrx_word' id='word_1_249' title='bbox 1275 2062 1518 2116; x_wconf 86' lang='lat' dir='ltr'>varietas</span> <span class='ocrx_word' id='word_1_250' title='bbox 1544 2065 1759 2127; x_wconf 86' lang='lat' dir='ltr'>exorta,</span> <span class='ocrx_word' id='word_1_251' title='bbox 1794 2061 2140 2132; x_wconf 91' lang='lat' dir='ltr'>quandoque</span> <span class='ocrx_word' id='word_1_252' title='bbox 2171 2061 2231 2114; x_wconf 93' lang='lat' dir='ltr'>in</span> <span class='ocrx_word' id='word_1_253' title='bbox 2262 2064 2554 2132; x_wconf 91' lang='lat' dir='ltr'>posterum</span> <span class='ocrx_word' id='word_1_254' title='bbox 2583 2061 2810 2128; x_wconf 90' lang='lat' dir='ltr'>erroris,</span> <span class='ocrx_word' id='word_1_255' title='bbox 2833 2061 2919 2114; x_wconf 87' lang='lat' dir='ltr'>vel</span> <span class='ocrx_word' id='word_1_256' title='bbox 2947 2060 3348 2126; x_wconf 85' lang='lat' dir='ltr'>amulationis,</span> <span class='ocrx_word' id='word_1_257' title='bbox 3377 2076 3475 2114; x_wconf 92' lang='lat' dir='ltr'>seu</span> <span class='ocrx_word' id='word_1_258' title='bbox 3503 2060 3848 2114; x_wconf 87' lang='lat' dir='ltr'>schismatis</span> 
     </span>
    </p>
   </div>
   <div class='ocr_carea' id='block_1_20' title="bbox 467 2149 2786 2230">
    <p class='ocr_par' dir='ltr' id='par_1_20' title="bbox 467 2149 2786 2230">
     <span class='ocr_line' id='line_1_20' title="bbox 467 2149 2786 2230; baseline -0.006 -12"><span class='ocrx_word' id='word_1_259' title='bbox 467 2162 700 2218; x_wconf 82' lang='lat' dir='ltr'>noxium</span> <span class='ocrx_word' id='word_1_260' title='bbox 729 2171 969 2230; x_wconf 90' lang='lat' dir='ltr'>germen</span> <span class='ocrx_word' id='word_1_261' title='bbox 995 2152 1302 2218; x_wconf 89' lang='lat' dir='ltr'>emitteret,</span> <span class='ocrx_word' id='word_1_262' title='bbox 1336 2172 1364 2199; x_wconf 72' lang='grc' dir='ltr'><strong>η</strong></span> <span class='ocrx_word' id='word_1_263' title='bbox 1393 2154 1456 2204; x_wconf 92' lang='lat' dir='ltr'>ut</span> <span class='ocrx_word' id='word_1_264' title='bbox 1479 2151 1604 2222; x_wconf 75' lang='lat' dir='ltr'>ipse</span> <span class='ocrx_word' id='word_1_265' title='bbox 1633 2149 1826 2204; x_wconf 89' lang='lat' dir='ltr'>scribit</span> <span class='ocrx_word' id='word_1_266' title='bbox 1851 2150 1909 2204; x_wconf 92' lang='lat' dir='ltr'>in</span> <span class='ocrx_word' id='word_1_267' title='bbox 1936 2150 2032 2204; x_wconf 92' lang='lat' dir='ltr'>lib.</span> <span class='ocrx_word' id='word_1_268' title='bbox 2068 2166 2107 2204; x_wconf 88' lang='lat' dir='ltr'>II</span> <span class='ocrx_word' id='word_1_269' title='bbox 2134 2149 2546 2216; x_wconf 89' lang='lat' dir='ltr'>lnstitutorum,</span> <span class='ocrx_word' id='word_1_270' title='bbox 2577 2167 2700 2221; x_wconf 88' lang='lat' dir='ltr'>cap.</span> <span class='ocrx_word' id='word_1_271' title='bbox 2735 2154 2786 2204; x_wconf 82' lang='lat'>5.</span> 
     </span>
    </p>
   </div>
   <div class='ocr_carea' id='block_1_21' title="bbox 538 2303 3846 2378">
    <p class='ocr_par' dir='ltr' id='par_1_21' title="bbox 538 2303 3846 2378">
     <span class='ocr_line' id='line_1_21' title="bbox 538 2303 3846 2378; baseline -0.004 -8"><span class='ocrx_word' id='word_1_272' title='bbox 538 2317 626 2370; x_wconf 88' lang='lat' dir='ltr'>III.</span> <span class='ocrx_word' id='word_1_273' title='bbox 655 2314 781 2368; x_wconf 86' lang='lat' dir='ltr'>Hac</span> <span class='ocrx_word' id='word_1_274' title='bbox 810 2307 1077 2378; x_wconf 84' lang='lat' dir='ltr'>Liturgia</span> <span class='ocrx_word' id='word_1_275' title='bbox 1107 2303 1409 2360; x_wconf 88' lang='lat' dir='ltr'>Gallicana</span> <span class='ocrx_word' id='word_1_276' title='bbox 1439 2303 1496 2358; x_wconf 92' lang='lat' dir='ltr'>in</span> <span class='ocrx_word' id='word_1_277' title='bbox 1523 2305 1844 2359; x_wconf 83' lang='lat' dir='ltr'>Romanam</span> <span class='ocrx_word' id='word_1_278' title='bbox 1870 2303 2112 2358; x_wconf 89' lang='lat' dir='ltr'>mutatio</span> <span class='ocrx_word' id='word_1_279' title='bbox 2143 2307 2304 2358; x_wconf 91' lang='lat' dir='ltr'>tanta</span> <span class='ocrx_word' id='word_1_280' title='bbox 2329 2303 2606 2358; x_wconf 88' lang='lat' dir='ltr'>universa</span> <span class='ocrx_word' id='word_1_281' title='bbox 2637 2305 2828 2358; x_wconf 89' lang='lat' dir='ltr'>Gallia</span> <span class='ocrx_word' id='word_1_282' title='bbox 2855 2304 3232 2359; x_wconf 89' lang='lat' dir='ltr'>Ecclesiarum</span> <span class='ocrx_word' id='word_1_283' title='bbox 3263 2304 3649 2359; x_wconf 88' lang='lat' dir='ltr'>consensione</span> <span class='ocrx_word' id='word_1_284' title='bbox 3686 2305 3846 2359; x_wconf 89' lang='lat' dir='ltr'>facta</span> 
     </span>
    </p>
   </div>
   <div class='ocr_carea' id='block_1_22' title="bbox 467 2392 3846 2471">
    <p class='ocr_par' dir='ltr' id='par_1_22' title="bbox 467 2392 3846 2471">
     <span class='ocr_line' id='line_1_22' title="bbox 467 2392 3846 2471; baseline -0.004 -11"><span class='ocrx_word' id='word_1_285' title='bbox 467 2407 572 2471; x_wconf 87' lang='lat' dir='ltr'>est,</span> <span class='ocrx_word' id='word_1_286' title='bbox 601 2406 664 2459; x_wconf 90' lang='lat' dir='ltr'>ut</span> <span class='ocrx_word' id='word_1_287' title='bbox 691 2401 970 2470; x_wconf 88' lang='lat' dir='ltr'>regnante</span> <span class='ocrx_word' id='word_1_288' title='bbox 998 2395 1200 2450; x_wconf 90' lang='lat' dir='ltr'>Carolo</span> <span class='ocrx_word' id='word_1_289' title='bbox 1227 2394 1416 2458; x_wconf 89' lang='lat' dir='ltr'>Calvo,</span> <span class='ocrx_word' id='word_1_290' title='bbox 1449 2393 1635 2464; x_wconf 80' lang='lat' dir='ltr'>Magni</span> <span class='ocrx_word' id='word_1_291' title='bbox 1667 2396 1898 2463; x_wconf 91' lang='lat' dir='ltr'>nepote,</span> <span class='ocrx_word' id='word_1_292' title='bbox 1926 2392 2112 2447; x_wconf 87' lang='lat' dir='ltr'>missa</span> <span class='ocrx_word' id='word_1_293' title='bbox 2144 2393 2448 2447; x_wconf 88' lang='lat' dir='ltr'>Gallicana</span> <span class='ocrx_word' id='word_1_294' title='bbox 2476 2393 2680 2448; x_wconf 88' lang='lat' dir='ltr'>notitia</span> <span class='ocrx_word' id='word_1_295' title='bbox 2703 2393 2826 2462; x_wconf 89' lang='lat' dir='ltr'>jam</span> <span class='ocrx_word' id='word_1_296' title='bbox 2857 2393 3082 2463; x_wconf 89' lang='lat' dir='ltr'>penitus</span> <span class='ocrx_word' id='word_1_297' title='bbox 3109 2393 3437 2447; x_wconf 89' lang='lat' dir='ltr'>oblitterata</span> <span class='ocrx_word' id='word_1_298' title='bbox 3464 2396 3639 2446; x_wconf 88' lang='lat' dir='ltr'>esset.</span> <span class='ocrx_word' id='word_1_299' title='bbox 3672 2393 3846 2448; x_wconf 91' lang='lat' dir='ltr'>Unde</span> 
     </span>
    </p>
   </div>
   <div class='ocr_carea' id='block_1_23' title="bbox 467 2481 3849 2553">
    <p class='ocr_par' dir='ltr' id='par_1_23' title="bbox 467 2481 3849 2553">
     <span class='ocr_line' id='line_1_23' title="bbox 467 2481 3849 2553; baseline -0.005 -3"><span class='ocrx_word' id='word_1_300' title='bbox 467 2493 702 2550; x_wconf 88' lang='lat' dir='ltr'>Carolus</span> <span class='ocrx_word' id='word_1_301' title='bbox 732 2489 951 2552; x_wconf 87' lang='lat' dir='ltr'>Calvus,</span> <span class='ocrx_word' id='word_1_302' title='bbox 988 2488 1048 2538; x_wconf 89' lang='lat' dir='ltr'>ut</span> <span class='ocrx_word' id='word_1_303' title='bbox 1073 2483 1194 2553; x_wconf 77' lang='lat' dir='ltr'>ejus</span> <span class='ocrx_word' id='word_1_304' title='bbox 1225 2499 1258 2536; x_wconf 88' lang='lat' dir='ltr'>a</span> <span class='ocrx_word' id='word_1_305' title='bbox 1286 2483 1544 2536; x_wconf 86' lang='lat' dir='ltr'>Romana</span> <span class='ocrx_word' id='word_1_306' title='bbox 1571 2482 1877 2536; x_wconf 90' lang='lat' dir='ltr'>discrimen</span> <span class='ocrx_word' id='word_1_307' title='bbox 1909 2481 2084 2535; x_wconf 90' lang='lat' dir='ltr'>oculis</span> <span class='ocrx_word' id='word_1_308' title='bbox 2111 2481 2432 2552; x_wconf 91' lang='lat' dir='ltr'>perciperet</span> <span class='ocrx_word' id='word_1_309' title='bbox 2473 2499 2538 2535; x_wconf 90' lang='lat' dir='ltr'>ac</span> <span class='ocrx_word' id='word_1_310' title='bbox 2563 2482 2984 2552; x_wconf 88' lang='lat' dir='ltr'>comprobaret,</span> <span class='ocrx_word' id='word_1_311' title='bbox 3023 2482 3257 2536; x_wconf 90' lang='lat' dir='ltr'>missam</span> <span class='ocrx_word' id='word_1_312' title='bbox 3290 2482 3568 2536; x_wconf 90' lang='lat' dir='ltr'>Toletano</span> <span class='ocrx_word' id='word_1_313' title='bbox 3596 2497 3778 2536; x_wconf 88' lang='lat' dir='ltr'>more</span> <span class='ocrx_word' id='word_1_314' title='bbox 3815 2497 3849 2533; x_wconf 90' lang='lat' dir='ltr'>a</span> 
     </span>
    </p>
   </div>
   <div class='ocr_carea' id='block_1_24' title="bbox 467 2570 3851 2657">
    <p class='ocr_par' dir='ltr' id='par_1_24' title="bbox 467 2570 3851 2657">
     <span class='ocr_line' id='line_1_24' title="bbox 467 2570 3851 2657; baseline -0.004 -18"><span class='ocrx_word' id='word_1_315' title='bbox 467 2581 810 2657; x_wconf 87' lang='lat' dir='ltr'>quibusdam</span> <span class='ocrx_word' id='word_1_316' title='bbox 853 2572 1218 2648; x_wconf 75' lang='lat' dir='ltr'>presbyteris,</span> <span class='ocrx_word' id='word_1_317' title='bbox 1255 2574 1351 2642; x_wconf 79' lang='lat' dir='ltr'>qui</span> <span class='ocrx_word' id='word_1_318' title='bbox 1381 2587 1448 2626; x_wconf 69' lang='lat' dir='ltr'>ex</span> <span class='ocrx_word' id='word_1_319' title='bbox 1474 2573 1727 2642; x_wconf 77' lang='lat' dir='ltr'>partibus</span> <span class='ocrx_word' id='word_1_320' title='bbox 1779 2573 2045 2626; x_wconf 77' lang='lat' dir='ltr'>Toletana</span> <span class='ocrx_word' id='word_1_321' title='bbox 2085 2572 2330 2626; x_wconf 71' lang='lat' dir='ltr'>Ecclesia</span> <span class='ocrx_word' id='word_1_322' title='bbox 2374 2571 2447 2624; x_wconf 90' lang='lat' dir='ltr'>ad</span> <span class='ocrx_word' id='word_1_323' title='bbox 2497 2587 2556 2624; x_wconf 90' lang='lat' dir='ltr'>se</span> <span class='ocrx_word' id='word_1_324' title='bbox 2605 2574 2902 2636; x_wconf 89' lang='lat' dir='ltr'>venerant,</span> <span class='ocrx_word' id='word_1_325' title='bbox 2943 2570 3220 2657; x_wconf 76' lang='lat' dir='ltr'>celebrari</span> <span class='ocrx_word' id='word_1_326' title='bbox 3261 2570 3437 2625; x_wconf 90' lang='lat' dir='ltr'>voluit</span> <span class='ocrx_word' id='word_1_327' title='bbox 3488 2587 3500 2624; x_wconf 92' lang='lat'><strong>:</strong></span> <span class='ocrx_word' id='word_1_328' title='bbox 3550 2571 3851 2641; x_wconf 88' lang='lat' dir='ltr'>quoniam</span> 
     </span>
    </p>
   </div>
   <div class='ocr_carea' id='block_1_25' title="bbox 466 2647 3850 2732">
    <p class='ocr_par' dir='ltr' id='par_1_25' title="bbox 466 2647 3850 2732">
     <span class='ocr_line' id='line_1_25' title="bbox 466 2647 3850 2732; baseline -0.004 -4"><span class='ocrx_word' id='word_1_329' title='bbox 466 2647 719 2729; x_wconf 72' lang='lat' dir='ltr'>veterem</span> <span class='ocrx_word' id='word_1_330' title='bbox 765 2647 1054 2723; x_wconf 87' lang='lat' dir='ltr'>Gallorum</span> <span class='ocrx_word' id='word_1_331' title='bbox 1099 2661 1412 2732; x_wconf 81' lang='lat' dir='ltr'>Liturgiam</span> <span class='ocrx_word' id='word_1_332' title='bbox 1448 2677 1579 2716; x_wconf 91' lang='lat' dir='ltr'>cum</span> <span class='ocrx_word' id='word_1_333' title='bbox 1613 2663 1886 2716; x_wconf 87' lang='lat' dir='ltr'>Toletana</span> <span class='ocrx_word' id='word_1_334' title='bbox 1921 2659 2250 2716; x_wconf 88' lang='lat' dir='ltr'>convenisse</span> <span class='ocrx_word' id='word_1_335' title='bbox 2297 2661 2592 2715; x_wconf 89' lang='lat' dir='ltr'>didicerat.</span> <span class='ocrx_word' id='word_1_336' title='bbox 2632 2661 2692 2714; x_wconf 90' lang='lat' dir='ltr'>Id</span> <span class='ocrx_word' id='word_1_337' title='bbox 2728 2665 2886 2732; x_wconf 91' lang='lat' dir='ltr'>patet</span> <span class='ocrx_word' id='word_1_338' title='bbox 2929 2647 2995 2714; x_wconf 65' lang='lat' dir='ltr'>ei</span> <span class='ocrx_word' id='word_1_339' title='bbox 3038 2661 3160 2731; x_wconf 88' lang='lat' dir='ltr'>ejus</span> <span class='ocrx_word' id='word_1_340' title='bbox 3204 2661 3447 2732; x_wconf 89' lang='lat' dir='ltr'>cpistola</span> <span class='ocrx_word' id='word_1_341' title='bbox 3484 2660 3557 2714; x_wconf 90' lang='lat' dir='ltr'>ad</span> <span class='ocrx_word' id='word_1_342' title='bbox 3599 2661 3850 2715; x_wconf 90' lang='lat' dir='ltr'>Clerum</span> 
     </span>
    </p>
   </div>
   <div class='ocr_carea' id='block_1_26' title="bbox 466 2749 3849 2823">
    <p class='ocr_par' dir='ltr' id='par_1_26' title="bbox 466 2749 3849 2823">
     <span class='ocr_line' id='line_1_26' title="bbox 466 2749 3849 2823; baseline -0.005 -4"><span class='ocrx_word' id='word_1_343' title='bbox 466 2762 881 2823; x_wconf 82' lang='lat' dir='ltr'>Ravennatem,</span> <span class='ocrx_word' id='word_1_344' title='bbox 909 2754 968 2807; x_wconf 94' lang='lat' dir='ltr'>in</span> <span class='ocrx_word' id='word_1_345' title='bbox 995 2768 1108 2822; x_wconf 89' lang='lat' dir='ltr'>qua</span> <span class='ocrx_word' id='word_1_346' title='bbox 1133 2751 1254 2804; x_wconf 87' lang='lat' dir='ltr'>hac</span> <span class='ocrx_word' id='word_1_347' title='bbox 1287 2749 1479 2803; x_wconf 90' lang='lat' dir='ltr'>subdit</span> <span class='ocrx_word' id='word_1_348' title='bbox 1506 2766 1518 2804; x_wconf 91' lang='lat'><strong>:</strong></span> <span class='ocrx_word' id='word_1_349' title='bbox 1553 2771 1580 2798; x_wconf 78' lang='grc' dir='ltr'>ι(</span> <span class='ocrx_word' id='word_1_350' title='bbox 1610 2750 1912 2805; x_wconf 90' lang='lat' dir='ltr'>Celebrata</span> <span class='ocrx_word' id='word_1_351' title='bbox 1939 2749 2112 2804; x_wconf 90' lang='lat' dir='ltr'>etiam</span> <span class='ocrx_word' id='word_1_352' title='bbox 2143 2752 2274 2803; x_wconf 90' lang='lat' dir='ltr'>sunt</span> <span class='ocrx_word' id='word_1_353' title='bbox 2304 2766 2497 2804; x_wconf 88' lang='lat' dir='ltr'>coram</span> <span class='ocrx_word' id='word_1_354' title='bbox 2526 2749 2690 2805; x_wconf 89' lang='lat' dir='ltr'>nobis</span> <span class='ocrx_word' id='word_1_355' title='bbox 2711 2750 3018 2804; x_wconf 89' lang='lat' dir='ltr'>missarum</span> <span class='ocrx_word' id='word_1_356' title='bbox 3044 2750 3324 2805; x_wconf 89' lang='lat' dir='ltr'>solemnia</span> <span class='ocrx_word' id='word_1_357' title='bbox 3352 2767 3514 2805; x_wconf 91' lang='lat' dir='ltr'>more</span> <span class='ocrx_word' id='word_1_358' title='bbox 3540 2750 3849 2820; x_wconf 81' lang='lat' dir='ltr'>Jerosoly-</span> 
     </span>
    </p>
   </div>
   <div class='ocr_carea' id='block_1_27' title="bbox 469 2838 3850 2914">
    <p class='ocr_par' dir='ltr' id='par_1_27' title="bbox 469 2838 3850 2914">
     <span class='ocr_line' id='line_1_27' title="bbox 469 2838 3850 2914; baseline -0.005 -5"><span class='ocrx_word' id='word_1_359' title='bbox 469 2853 710 2914; x_wconf 90' lang='lat' dir='ltr'>mitano,</span> <span class='ocrx_word' id='word_1_360' title='bbox 753 2847 982 2900; x_wconf 87' lang='lat' dir='ltr'>auctore</span> <span class='ocrx_word' id='word_1_361' title='bbox 1022 2839 1232 2896; x_wconf 86' lang='lat' dir='ltr'>Jacobo</span> <span class='ocrx_word' id='word_1_362' title='bbox 1268 2839 1558 2908; x_wconf 88' lang='lat' dir='ltr'>apostolo;</span> <span class='ocrx_word' id='word_1_363' title='bbox 1592 2841 1650 2892; x_wconf 91' lang='lat' dir='ltr'>et</span> <span class='ocrx_word' id='word_1_364' title='bbox 1686 2855 1846 2892; x_wconf 90' lang='lat' dir='ltr'>more</span> <span class='ocrx_word' id='word_1_365' title='bbox 1891 2838 2548 2909; x_wconf 89' lang='lat' dir='ltr'>Constantinopolitano,</span> <span class='ocrx_word' id='word_1_366' title='bbox 2587 2842 2818 2893; x_wconf 88' lang='lat' dir='ltr'>auctore</span> <span class='ocrx_word' id='word_1_367' title='bbox 2861 2838 3064 2893; x_wconf 89' lang='lat' dir='ltr'>Basilio</span> <span class='ocrx_word' id='word_1_368' title='bbox 3102 2855 3115 2894; x_wconf 91' lang='lat'>:</span> <span class='ocrx_word' id='word_1_369' title='bbox 3162 2839 3262 2892; x_wconf 92' lang='lat' dir='ltr'>sed</span> <span class='ocrx_word' id='word_1_370' title='bbox 3313 2855 3419 2894; x_wconf 92' lang='lat' dir='ltr'>nos</span> <span class='ocrx_word' id='word_1_371' title='bbox 3469 2839 3850 2909; x_wconf 86' lang='lat' dir='ltr'>sequendam</span> 
     </span>
    </p>
   </div>
   <div class='ocr_carea' id='block_1_28' title="bbox 471 2927 3851 2998">
    <p class='ocr_par' dir='ltr' id='par_1_28' title="bbox 471 2927 3851 2998">
     <span class='ocr_line' id='line_1_28' title="bbox 471 2927 3851 2998; baseline -0.004 -2"><span class='ocrx_word' id='word_1_372' title='bbox 471 2940 730 2996; x_wconf 88' lang='lat' dir='ltr'>ducimus</span> <span class='ocrx_word' id='word_1_373' title='bbox 768 2936 1089 2988; x_wconf 82' lang='lat' dir='ltr'>Romanam</span> <span class='ocrx_word' id='word_1_374' title='bbox 1131 2927 1440 2982; x_wconf 87' lang='lat' dir='ltr'>Ecclesiam</span> <span class='ocrx_word' id='word_1_375' title='bbox 1478 2927 1536 2980; x_wconf 92' lang='lat' dir='ltr'>in</span> <span class='ocrx_word' id='word_1_376' title='bbox 1579 2927 1882 2981; x_wconf 90' lang='lat' dir='ltr'>missarum</span> <span class='ocrx_word' id='word_1_377' title='bbox 1923 2927 2327 2982; x_wconf 87' lang='lat' dir='ltr'>celebratione.</span> <span class='ocrx_word' id='word_1_378' title='bbox 2358 2949 2385 2977; x_wconf 84' lang='lat'><strong>»</strong></span> <span class='ocrx_word' id='word_1_379' title='bbox 2419 2929 2511 2982; x_wconf 88' lang='lat' dir='ltr'>His</span> <span class='ocrx_word' id='word_1_380' title='bbox 2545 2929 2730 2982; x_wconf 91' lang='lat' dir='ltr'>verbis</span> <span class='ocrx_word' id='word_1_381' title='bbox 2755 2929 2989 2983; x_wconf 89' lang='lat' dir='ltr'>Carolus</span> <span class='ocrx_word' id='word_1_382' title='bbox 3014 2927 3219 2993; x_wconf 89' lang='lat' dir='ltr'>innuit,</span> <span class='ocrx_word' id='word_1_383' title='bbox 3253 2945 3383 2982; x_wconf 91' lang='lat' dir='ltr'>eam</span> <span class='ocrx_word' id='word_1_384' title='bbox 3423 2929 3669 2998; x_wconf 88' lang='lat' dir='ltr'>hujusce</span> <span class='ocrx_word' id='word_1_385' title='bbox 3706 2929 3851 2982; x_wconf 88' lang='lat' dir='ltr'>facti</span> 
     </span>
    </p>
   </div>
   <div class='ocr_carea' id='block_1_29' title="bbox 473 3015 3852 3088">
    <p class='ocr_par' dir='ltr' id='par_1_29' title="bbox 473 3015 3852 3088">
     <span class='ocr_line' id='line_1_29' title="bbox 473 3015 3852 3088; baseline -0.005 -1"><span class='ocrx_word' id='word_1_386' title='bbox 473 3031 757 3088; x_wconf 91' lang='lat' dir='ltr'>rationem</span> <span class='ocrx_word' id='word_1_387' title='bbox 787 3021 980 3085; x_wconf 88' lang='lat' dir='ltr'>fuisse,</span> <span class='ocrx_word' id='word_1_388' title='bbox 1013 3020 1076 3072; x_wconf 92' lang='lat' dir='ltr'>ut</span> <span class='ocrx_word' id='word_1_389' title='bbox 1103 3017 1232 3070; x_wconf 89' lang='lat' dir='ltr'>visis</span> <span class='ocrx_word' id='word_1_390' title='bbox 1259 3015 1679 3086; x_wconf 89' lang='lat' dir='ltr'>compertisque</span> <span class='ocrx_word' id='word_1_391' title='bbox 1711 3016 2064 3070; x_wconf 85' lang='lat' dir='ltr'>diversarum</span> <span class='ocrx_word' id='word_1_392' title='bbox 2093 3017 2469 3072; x_wconf 90' lang='lat' dir='ltr'>Ecclesiarum</span> <span class='ocrx_word' id='word_1_393' title='bbox 2496 3017 2664 3071; x_wconf 91' lang='lat' dir='ltr'>variis</span> <span class='ocrx_word' id='word_1_394' title='bbox 2690 3017 3047 3071; x_wconf 84' lang='lat' dir='ltr'>celebranda</span> <span class='ocrx_word' id='word_1_395' title='bbox 3079 3017 3264 3071; x_wconf 88' lang='lat' dir='ltr'>missa</span> <span class='ocrx_word' id='word_1_396' title='bbox 3293 3016 3496 3070; x_wconf 88' lang='lat' dir='ltr'>ritibus</span> <span class='ocrx_word' id='word_1_397' title='bbox 3527 3020 3852 3081; x_wconf 88' lang='lat' dir='ltr'>statueret,</span> 
     </span>
    </p>
   </div>
   <div class='ocr_carea' id='block_1_30' title="bbox 474 3107 3852 3194">
    <p class='ocr_par' dir='ltr' id='par_1_30' title="bbox 474 3107 3852 3194">
     <span class='ocr_line' id='line_1_30' title="bbox 474 3107 3852 3194; baseline -0.004 -19"><span class='ocrx_word' id='word_1_398' title='bbox 474 3119 704 3194; x_wconf 91' lang='lat' dir='ltr'>qualem</span> <span class='ocrx_word' id='word_1_399' title='bbox 731 3111 894 3168; x_wconf 86' lang='lat' dir='ltr'>alteri</span> <span class='ocrx_word' id='word_1_400' title='bbox 924 3111 1172 3164; x_wconf 90' lang='lat' dir='ltr'>formam</span> <span class='ocrx_word' id='word_1_401' title='bbox 1201 3107 1624 3178; x_wconf 75' lang='lat' dir='ltr'>praeferendam</span> <span class='ocrx_word' id='word_1_402' title='bbox 1651 3107 2000 3161; x_wconf 85' lang='lat' dir='ltr'>existimaret</span> <span class='ocrx_word' id='word_1_403' title='bbox 2031 3125 2044 3162; x_wconf 88' lang='lat'><strong>:</strong></span> <span class='ocrx_word' id='word_1_404' title='bbox 2074 3107 2175 3162; x_wconf 92' lang='lat' dir='ltr'>sed</span> <span class='ocrx_word' id='word_1_405' title='bbox 2201 3109 2524 3163; x_wconf 91' lang='lat' dir='ltr'>Romanum</span> <span class='ocrx_word' id='word_1_406' title='bbox 2548 3109 2782 3163; x_wconf 88' lang='lat' dir='ltr'>tandem</span> <span class='ocrx_word' id='word_1_407' title='bbox 2809 3107 2982 3162; x_wconf 89' lang='lat' dir='ltr'>ritum</span> <span class='ocrx_word' id='word_1_408' title='bbox 3006 3109 3108 3162; x_wconf 87' lang='lat' dir='ltr'>sibi</span> <span class='ocrx_word' id='word_1_409' title='bbox 3137 3126 3255 3180; x_wconf 91' lang='lat' dir='ltr'>pra</span> <span class='ocrx_word' id='word_1_410' title='bbox 3281 3108 3503 3163; x_wconf 87' lang='lat' dir='ltr'>cateris</span> <span class='ocrx_word' id='word_1_411' title='bbox 3525 3109 3852 3179; x_wconf 89' lang='lat' dir='ltr'>placuisse.</span> 
     </span>
    </p>
   </div>
   <div class='ocr_carea' id='block_1_31' title="bbox 471 3195 3856 3274">
    <p class='ocr_par' dir='ltr' id='par_1_31' title="bbox 471 3195 3856 3274">
     <span class='ocr_line' id='line_1_31' title="bbox 471 3195 3856 3274; baseline -0.003 -11"><span class='ocrx_word' id='word_1_412' title='bbox 471 3211 557 3267; x_wconf 76' lang='lat' dir='ltr'>Ab</span> <span class='ocrx_word' id='word_1_413' title='bbox 583 3224 651 3262; x_wconf 92' lang='lat' dir='ltr'>eo</span> <span class='ocrx_word' id='word_1_414' title='bbox 677 3207 936 3274; x_wconf 86' lang='lat' dir='ltr'>tempore</span> <span class='ocrx_word' id='word_1_415' title='bbox 964 3197 1180 3253; x_wconf 88' lang='lat' dir='ltr'>nemini</span> <span class='ocrx_word' id='word_1_416' title='bbox 1205 3197 1275 3251; x_wconf 90' lang='lat' dir='ltr'>de</span> <span class='ocrx_word' id='word_1_417' title='bbox 1295 3195 1649 3250; x_wconf 88' lang='lat' dir='ltr'>restituenda</span> <span class='ocrx_word' id='word_1_418' title='bbox 1674 3197 1928 3267; x_wconf 90' lang='lat' dir='ltr'>Liturgia</span> <span class='ocrx_word' id='word_1_419' title='bbox 1949 3197 2256 3265; x_wconf 88' lang='lat' dir='ltr'>Gallicana,</span> <span class='ocrx_word' id='word_1_420' title='bbox 2282 3198 2609 3252; x_wconf 89' lang='lat' dir='ltr'>Romanave</span> <span class='ocrx_word' id='word_1_421' title='bbox 2633 3197 2974 3252; x_wconf 86' lang='lat' dir='ltr'>dimittenda</span> <span class='ocrx_word' id='word_1_422' title='bbox 2995 3199 3310 3269; x_wconf 87' lang='lat' dir='ltr'>quidquam</span> <span class='ocrx_word' id='word_1_423' title='bbox 3340 3200 3568 3252; x_wconf 89' lang='lat' dir='ltr'>tentare</span> <span class='ocrx_word' id='word_1_424' title='bbox 3593 3198 3771 3254; x_wconf 88' lang='lat' dir='ltr'>venit</span> <span class='ocrx_word' id='word_1_425' title='bbox 3793 3199 3856 3252; x_wconf 90' lang='lat' dir='ltr'>in</span> 
     </span>
    </p>
   </div>
   <div class='ocr_carea' id='block_1_32' title="bbox 473 3286 3734 3363">
    <p class='ocr_par' dir='ltr' id='par_1_32' title="bbox 473 3286 3734 3363">
     <span class='ocr_line' id='line_1_32' title="bbox 473 3286 3734 3363; baseline -0.004 -8"><span class='ocrx_word' id='word_1_426' title='bbox 473 3298 752 3363; x_wconf 88' lang='lat' dir='ltr'>animum,</span> <span class='ocrx_word' id='word_1_427' title='bbox 786 3308 891 3347; x_wconf 91' lang='lat' dir='ltr'>nec</span> <span class='ocrx_word' id='word_1_428' title='bbox 921 3291 1053 3344; x_wconf 88' lang='lat' dir='ltr'>ante</span> <span class='ocrx_word' id='word_1_429' title='bbox 1085 3290 1340 3341; x_wconf 86' lang='lat' dir='ltr'>nostram</span> <span class='ocrx_word' id='word_1_430' title='bbox 1368 3289 1596 3340; x_wconf 88' lang='lat' dir='ltr'>atatem</span> <span class='ocrx_word' id='word_1_431' title='bbox 1628 3287 1780 3358; x_wconf 85' lang='lat' dir='ltr'>apud</span> <span class='ocrx_word' id='word_1_432' title='bbox 1809 3287 1998 3341; x_wconf 88' lang='lat' dir='ltr'>Gallos</span> <span class='ocrx_word' id='word_1_433' title='bbox 2027 3287 2097 3340; x_wconf 93' lang='lat' dir='ltr'>de</span> <span class='ocrx_word' id='word_1_434' title='bbox 2126 3286 2310 3357; x_wconf 90' lang='lat' dir='ltr'>prisco</span> <span class='ocrx_word' id='word_1_435' title='bbox 2336 3287 2432 3342; x_wconf 90' lang='lat' dir='ltr'>illo</span> <span class='ocrx_word' id='word_1_436' title='bbox 2463 3287 2574 3342; x_wconf 90' lang='lat' dir='ltr'>ritu</span> <span class='ocrx_word' id='word_1_437' title='bbox 2598 3287 2706 3342; x_wconf 92' lang='lat' dir='ltr'>fuit</span> <span class='ocrx_word' id='word_1_438' title='bbox 2734 3288 2848 3341; x_wconf 90' lang='lat' dir='ltr'>ulla</span> <span class='ocrx_word' id='word_1_439' title='bbox 2877 3287 2997 3342; x_wconf 91' lang='lat' dir='ltr'>fere</span> <span class='ocrx_word' id='word_1_440' title='bbox 3037 3287 3256 3342; x_wconf 89' lang='lat' dir='ltr'>mentio</span> <span class='ocrx_word' id='word_1_441' title='bbox 3284 3291 3383 3342; x_wconf 90' lang='lat' dir='ltr'>aut</span> <span class='ocrx_word' id='word_1_442' title='bbox 3411 3287 3734 3342; x_wconf 88' lang='lat' dir='ltr'>memoria.</span> 
     </span>
    </p>
   </div>
   <div class='ocr_carea' id='block_1_33' title="bbox 545 3439 3854 3517">
    <p class='ocr_par' dir='ltr' id='par_1_33' title="bbox 545 3439 3854 3517">
     <span class='ocr_line' id='line_1_33' title="bbox 545 3439 3854 3517; baseline -0.002 -11"><span class='ocrx_word' id='word_1_443' title='bbox 545 3452 628 3507; x_wconf 83' lang='lat' dir='ltr'>IV.</span> <span class='ocrx_word' id='word_1_444' title='bbox 663 3451 816 3504; x_wconf 88' lang='lat' dir='ltr'>Inter</span> <span class='ocrx_word' id='word_1_445' title='bbox 847 3443 1062 3517; x_wconf 90' lang='lat' dir='ltr'>primos</span> <span class='ocrx_word' id='word_1_446' title='bbox 1097 3441 1218 3511; x_wconf 91' lang='lat' dir='ltr'>ejus</span> <span class='ocrx_word' id='word_1_447' title='bbox 1251 3439 1513 3494; x_wconf 89' lang='lat' dir='ltr'>notitiam</span> <span class='ocrx_word' id='word_1_448' title='bbox 1545 3440 1735 3494; x_wconf 91' lang='lat' dir='ltr'>denuo</span> <span class='ocrx_word' id='word_1_449' title='bbox 1769 3439 2077 3494; x_wconf 89' lang='lat' dir='ltr'>revocandi</span> <span class='ocrx_word' id='word_1_450' title='bbox 2106 3440 2465 3495; x_wconf 89' lang='lat' dir='ltr'>occasionem</span> <span class='ocrx_word' id='word_1_451' title='bbox 2492 3440 2734 3512; x_wconf 84' lang='lat' dir='ltr'>prabuit</span> <span class='ocrx_word' id='word_1_452' title='bbox 2757 3439 3019 3495; x_wconf 85' lang='lat' dir='ltr'>Matthias</span> <span class='ocrx_word' id='word_1_453' title='bbox 3056 3441 3283 3496; x_wconf 88' lang='lat' dir='ltr'>Flaccus</span> <span class='ocrx_word' id='word_1_454' title='bbox 3316 3441 3590 3513; x_wconf 83' lang='lat' dir='ltr'>Illyricus,</span> <span class='ocrx_word' id='word_1_455' title='bbox 3631 3446 3854 3498; x_wconf 88' lang='lat' dir='ltr'>centu-</span> 
     </span>
    </p>
   </div>
   <div class='ocr_carea' id='block_1_34' title="bbox 470 3527 3854 3604">
    <p class='ocr_par' dir='ltr' id='par_1_34' title="bbox 470 3527 3854 3604">
     <span class='ocr_line' id='line_1_34' title="bbox 470 3527 3854 3604; baseline -0.006 -7"><span class='ocrx_word' id='word_1_456' title='bbox 470 3539 747 3598; x_wconf 88' lang='lat' dir='ltr'>riatorum</span> <span class='ocrx_word' id='word_1_457' title='bbox 772 3528 1348 3604; x_wconf 85' lang='lat' dir='ltr'>Magdeburgensium</span> <span class='ocrx_word' id='word_1_458' title='bbox 1379 3528 1544 3582; x_wconf 85' lang='lat' dir='ltr'>facile</span> <span class='ocrx_word' id='word_1_459' title='bbox 1571 3528 1836 3599; x_wconf 90' lang='lat' dir='ltr'>princeps</span> <span class='ocrx_word' id='word_1_460' title='bbox 1867 3545 1880 3583; x_wconf 91' lang='lat'>:</span> <span class='ocrx_word' id='word_1_461' title='bbox 1917 3529 2012 3600; x_wconf 89' lang='lat' dir='ltr'>qui</span> <span class='ocrx_word' id='word_1_462' title='bbox 2039 3545 2167 3582; x_wconf 90' lang='lat' dir='ltr'>cum</span> <span class='ocrx_word' id='word_1_463' title='bbox 2205 3533 2456 3582; x_wconf 84' lang='lat' dir='ltr'>veterem</span> <span class='ocrx_word' id='word_1_464' title='bbox 2490 3529 2802 3600; x_wconf 86' lang='lat' dir='ltr'>quamdam</span> <span class='ocrx_word' id='word_1_465' title='bbox 2835 3527 3068 3584; x_wconf 89' lang='lat' dir='ltr'>missam</span> <span class='ocrx_word' id='word_1_466' title='bbox 3094 3530 3358 3584; x_wconf 87' lang='lat' dir='ltr'>Latinam</span> <span class='ocrx_word' id='word_1_467' title='bbox 3385 3547 3452 3585; x_wconf 86' lang='lat' dir='ltr'>ex</span> <span class='ocrx_word' id='word_1_468' title='bbox 3483 3530 3704 3586; x_wconf 83' lang='lat' dir='ltr'>Codice</span> <span class='ocrx_word' id='word_1_469' title='bbox 3737 3549 3854 3587; x_wconf 75' lang='lat' dir='ltr'>ms,</span> 
     </span>
    </p>
   </div>
   <div class='ocr_carea' id='block_1_35' title="bbox 470 3618 3860 3694">
    <p class='ocr_par' dir='ltr' id='par_1_35' title="bbox 470 3618 3860 3694">
     <span class='ocr_line' id='line_1_35' title="bbox 470 3618 3860 3694; baseline -0.004 -6"><span class='ocrx_word' id='word_1_470' title='bbox 470 3629 726 3694; x_wconf 89' lang='lat' dir='ltr'>eruisset,</span> <span class='ocrx_word' id='word_1_471' title='bbox 761 3627 932 3694; x_wconf 90' lang='lat' dir='ltr'>atque</span> <span class='ocrx_word' id='word_1_472' title='bbox 958 3619 1287 3691; x_wconf 87' lang='lat' dir='ltr'>Argentina</span> <span class='ocrx_word' id='word_1_473' title='bbox 1313 3635 1466 3672; x_wconf 89' lang='lat' dir='ltr'>anno</span> <span class='ocrx_word' id='word_1_474' title='bbox 1498 3621 1631 3672; x_wconf 72' lang='grc'>1557</span> <span class='ocrx_word' id='word_1_475' title='bbox 1657 3618 1946 3684; x_wconf 89' lang='lat' dir='ltr'>edidisset,</span> <span class='ocrx_word' id='word_1_476' title='bbox 1976 3634 2106 3672; x_wconf 85' lang='lat' dir='ltr'>eam</span> <span class='ocrx_word' id='word_1_477' title='bbox 2135 3634 2256 3672; x_wconf 86' lang='lat' dir='ltr'>esse</span> <span class='ocrx_word' id='word_1_478' title='bbox 2285 3619 2597 3689; x_wconf 90' lang='lat' dir='ltr'>suspicatus</span> <span class='ocrx_word' id='word_1_479' title='bbox 2629 3622 2714 3673; x_wconf 93' lang='lat' dir='ltr'>est</span> <span class='ocrx_word' id='word_1_480' title='bbox 2747 3635 2874 3690; x_wconf 85' lang='lat' dir='ltr'>qua</span> <span class='ocrx_word' id='word_1_481' title='bbox 2899 3622 3032 3674; x_wconf 89' lang='lat' dir='ltr'>ante</span> <span class='ocrx_word' id='word_1_482' title='bbox 3061 3619 3384 3674; x_wconf 88' lang='lat' dir='ltr'>Romanam</span> <span class='ocrx_word' id='word_1_483' title='bbox 3414 3620 3473 3674; x_wconf 91' lang='lat' dir='ltr'>in</span> <span class='ocrx_word' id='word_1_484' title='bbox 3507 3637 3613 3674; x_wconf 90' lang='lat' dir='ltr'>usu</span> <span class='ocrx_word' id='word_1_485' title='bbox 3645 3621 3860 3676; x_wconf 85' lang='lat' dir='ltr'>fuerat</span> 
     </span>
    </p>
   </div>
   <div class='ocr_carea' id='block_1_36' title="bbox 470 3707 3856 3792">
    <p class='ocr_par' dir='ltr' id='par_1_36' title="bbox 470 3707 3856 3792">
     <span class='ocr_line' id='line_1_36' title="bbox 470 3707 3856 3792; baseline -0.003 -16"><span class='ocrx_word' id='word_1_486' title='bbox 470 3719 626 3792; x_wconf 89' lang='lat' dir='ltr'>apud</span> <span class='ocrx_word' id='word_1_487' title='bbox 665 3716 852 3772; x_wconf 90' lang='lat' dir='ltr'>Gallos</span> <span class='ocrx_word' id='word_1_488' title='bbox 883 3715 942 3765; x_wconf 92' lang='lat' dir='ltr'>et</span> <span class='ocrx_word' id='word_1_489' title='bbox 966 3711 1300 3765; x_wconf 89' lang='lat' dir='ltr'>Germanos.</span> <span class='ocrx_word' id='word_1_490' title='bbox 1336 3709 1491 3761; x_wconf 86' lang='lat' dir='ltr'>llanc</span> <span class='ocrx_word' id='word_1_491' title='bbox 1523 3707 1916 3778; x_wconf 90' lang='lat' dir='ltr'>conjecturam</span> <span class='ocrx_word' id='word_1_492' title='bbox 1945 3724 2050 3778; x_wconf 90' lang='lat' dir='ltr'>pro</span> <span class='ocrx_word' id='word_1_493' title='bbox 2085 3707 2406 3762; x_wconf 86' lang='lat' dir='ltr'>indubitata</span> <span class='ocrx_word' id='word_1_494' title='bbox 2432 3709 2716 3762; x_wconf 88' lang='lat' dir='ltr'>sententia</span> <span class='ocrx_word' id='word_1_495' title='bbox 2746 3709 2965 3779; x_wconf 81' lang='lat' dir='ltr'>excepit</span> <span class='ocrx_word' id='word_1_496' title='bbox 2987 3709 3298 3764; x_wconf 90' lang='lat' dir='ltr'>Guillemus</span> <span class='ocrx_word' id='word_1_497' title='bbox 3320 3711 3600 3780; x_wconf 78' lang='lat' dir='ltr'>Peyratus</span> <span class='ocrx_word' id='word_1_498' title='bbox 3626 3710 3690 3764; x_wconf 87' lang='lat' dir='ltr'>in</span> <span class='ocrx_word' id='word_1_499' title='bbox 3724 3711 3856 3766; x_wconf 81' lang='lat' dir='ltr'>His-</span> 
     </span>
    </p>
   </div>
   <div class='ocr_carea' id='block_1_37' title="bbox 467 3797 3856 3876">
    <p class='ocr_par' dir='ltr' id='par_1_37' title="bbox 467 3797 3856 3876">
     <span class='ocr_line' id='line_1_37' title="bbox 467 3797 3856 3876; baseline -0.003 -10"><span class='ocrx_word' id='word_1_500' title='bbox 467 3810 617 3866; x_wconf 88' lang='lat' dir='ltr'>toria</span> <span class='ocrx_word' id='word_1_501' title='bbox 653 3804 896 3876; x_wconf 86' lang='lat' dir='ltr'>Capella</span> <span class='ocrx_word' id='word_1_502' title='bbox 941 3815 1144 3870; x_wconf 90' lang='lat' dir='ltr'>rcgum</span> <span class='ocrx_word' id='word_1_503' title='bbox 1184 3799 1561 3863; x_wconf 88' lang='lat' dir='ltr'>Francorum;</span> <span class='ocrx_word' id='word_1_504' title='bbox 1599 3813 1845 3868; x_wconf 90' lang='lat' dir='ltr'>eumque</span> <span class='ocrx_word' id='word_1_505' title='bbox 1879 3800 2102 3852; x_wconf 88' lang='lat' dir='ltr'>secutus</span> <span class='ocrx_word' id='word_1_506' title='bbox 2138 3798 2372 3852; x_wconf 89' lang='lat' dir='ltr'>Carolus</span> <span class='ocrx_word' id='word_1_507' title='bbox 2409 3797 2684 3866; x_wconf 88' lang='lat' dir='ltr'>Cointius,</span> <span class='ocrx_word' id='word_1_508' title='bbox 2723 3797 3082 3853; x_wconf 89' lang='lat' dir='ltr'>doctissimus</span> <span class='ocrx_word' id='word_1_509' title='bbox 3116 3799 3361 3854; x_wconf 90' lang='lat' dir='ltr'>Oratorii</span> <span class='ocrx_word' id='word_1_510' title='bbox 3406 3799 3746 3870; x_wconf 79' lang='lat' dir='ltr'>presbyter,</span> <span class='ocrx_word' id='word_1_511' title='bbox 3795 3802 3856 3856; x_wconf 92' lang='lat' dir='ltr'>in</span> 
     </span>
    </p>
   </div>
   <div class='ocr_carea' id='block_1_38' title="bbox 467 3885 3857 3957">
    <p class='ocr_par' dir='ltr' id='par_1_38' title="bbox 467 3885 3857 3957">
     <span class='ocr_line' id='line_1_38' title="bbox 467 3885 3857 3957; baseline -0.002 -4"><span class='ocrx_word' id='word_1_512' title='bbox 467 3903 629 3954; x_wconf 80' lang='lat' dir='ltr'>torno</span> <span class='ocrx_word' id='word_1_513' title='bbox 666 3897 712 3948; x_wconf 93' lang='lat' dir='ltr'>II</span> <span class='ocrx_word' id='word_1_514' title='bbox 755 3905 988 3946; x_wconf 90' lang='lat' dir='ltr'>suorum</span> <span class='ocrx_word' id='word_1_515' title='bbox 1025 3887 1355 3942; x_wconf 80' lang='lat' dir='ltr'>Annalium.</span> <span class='ocrx_word' id='word_1_516' title='bbox 1394 3885 1696 3957; x_wconf 89' lang='lat' dir='ltr'>Utriusque</span> <span class='ocrx_word' id='word_1_517' title='bbox 1737 3886 2084 3940; x_wconf 90' lang='lat' dir='ltr'>sententiam</span> <span class='ocrx_word' id='word_1_518' title='bbox 2121 3886 2192 3940; x_wconf 92' lang='lat' dir='ltr'>ad</span> <span class='ocrx_word' id='word_1_519' title='bbox 2233 3903 2473 3942; x_wconf 81' lang='lat' dir='ltr'>examen</span> <span class='ocrx_word' id='word_1_520' title='bbox 2509 3888 2794 3942; x_wconf 84' lang='lat' dir='ltr'>revocavit</span> <span class='ocrx_word' id='word_1_521' title='bbox 2827 3889 3153 3943; x_wconf 83' lang='lat' dir='ltr'>clarissima</span> <span class='ocrx_word' id='word_1_522' title='bbox 3189 3889 3486 3944; x_wconf 84' lang='lat' dir='ltr'>memoria</span> <span class='ocrx_word' id='word_1_523' title='bbox 3523 3889 3857 3946; x_wconf 89' lang='lat' dir='ltr'>cardinalis</span> 
     </span>
    </p>
   </div>
   <div class='ocr_carea' id='block_1_39' title="bbox 468 3974 3857 4050">
    <p class='ocr_par' dir='ltr' id='par_1_39' title="bbox 468 3974 3857 4050">
     <span class='ocr_line' id='line_1_39' title="bbox 468 3974 3857 4050; baseline -0.002 -7"><span class='ocrx_word' id='word_1_524' title='bbox 468 3988 631 4042; x_wconf 91' lang='lat' dir='ltr'>Bona</span> <span class='ocrx_word' id='word_1_525' title='bbox 655 3984 713 4037; x_wconf 92' lang='lat' dir='ltr'>in</span> <span class='ocrx_word' id='word_1_526' title='bbox 739 3978 950 4050; x_wconf 90' lang='lat' dir='ltr'>insigni</span> <span class='ocrx_word' id='word_1_527' title='bbox 982 3991 1154 4047; x_wconf 90' lang='lat' dir='ltr'>opere</span> <span class='ocrx_word' id='word_1_528' title='bbox 1181 3976 1392 4028; x_wconf 88' lang='lat' dir='ltr'>Rerum</span> <span class='ocrx_word' id='word_1_529' title='bbox 1419 3974 1843 4044; x_wconf 90' lang='lat' dir='ltr'>liturgicarum;</span> <span class='ocrx_word' id='word_1_530' title='bbox 1871 3975 2207 4047; x_wconf 91' lang='lat' dir='ltr'>idoneisque</span> <span class='ocrx_word' id='word_1_531' title='bbox 2229 3977 2469 4031; x_wconf 89' lang='lat' dir='ltr'>asseruit</span> <span class='ocrx_word' id='word_1_532' title='bbox 2497 3978 2870 4049; x_wconf 88' lang='lat' dir='ltr'>argumentis,</span> <span class='ocrx_word' id='word_1_533' title='bbox 2897 3979 3068 4050; x_wconf 93' lang='lat' dir='ltr'>longe</span> <span class='ocrx_word' id='word_1_534' title='bbox 3091 3978 3374 4033; x_wconf 86' lang='lat' dir='ltr'>diversam</span> <span class='ocrx_word' id='word_1_535' title='bbox 3405 3978 3476 4032; x_wconf 91' lang='lat' dir='ltr'>ab</span> <span class='ocrx_word' id='word_1_536' title='bbox 3511 3978 3857 4049; x_wconf 78' lang='lat' dir='ltr'>Illyriciana</span> 
     </span>
    </p>
   </div>
   <div class='ocr_carea' id='block_1_40' title="bbox 469 4063 3853 4138">
    <p class='ocr_par' dir='ltr' id='par_1_40' title="bbox 469 4063 3853 4138">
     <span class='ocr_line' id='line_1_40' title="bbox 469 4063 3853 4138; baseline -0.002 -6"><span class='ocrx_word' id='word_1_537' title='bbox 469 4075 642 4133; x_wconf 85' lang='lat' dir='ltr'>fuisse</span> <span class='ocrx_word' id='word_1_538' title='bbox 670 4071 905 4126; x_wconf 88' lang='lat' dir='ltr'>missam</span> <span class='ocrx_word' id='word_1_539' title='bbox 936 4065 1286 4120; x_wconf 90' lang='lat' dir='ltr'>Gallicanam</span> <span class='ocrx_word' id='word_1_540' title='bbox 1313 4080 1326 4118; x_wconf 88' lang='lat'>:</span> <span class='ocrx_word' id='word_1_541' title='bbox 1349 4063 1408 4118; x_wconf 92' lang='lat' dir='ltr'>in</span> <span class='ocrx_word' id='word_1_542' title='bbox 1433 4063 1592 4134; x_wconf 90' lang='lat' dir='ltr'>cujus</span> <span class='ocrx_word' id='word_1_543' title='bbox 1619 4067 1814 4118; x_wconf 90' lang='lat' dir='ltr'>tamen</span> <span class='ocrx_word' id='word_1_544' title='bbox 1841 4064 2208 4136; x_wconf 90' lang='lat' dir='ltr'>inquisitione</span> <span class='ocrx_word' id='word_1_545' title='bbox 2241 4083 2299 4120; x_wconf 90' lang='lat' dir='ltr'>se</span> <span class='ocrx_word' id='word_1_546' title='bbox 2325 4067 2658 4138; x_wconf 73' lang='lat' dir='ltr'>implicatum</span> <span class='ocrx_word' id='word_1_547' title='bbox 2688 4066 2855 4122; x_wconf 85' lang='lat' dir='ltr'>fateri</span> <span class='ocrx_word' id='word_1_548' title='bbox 2876 4085 2994 4122; x_wconf 90' lang='lat' dir='ltr'>non</span> <span class='ocrx_word' id='word_1_549' title='bbox 3021 4068 3249 4122; x_wconf 85' lang='lat' dir='ltr'>erubuit</span> <span class='ocrx_word' id='word_1_550' title='bbox 3271 4067 3358 4122; x_wconf 92' lang='lat' dir='ltr'>vir</span> <span class='ocrx_word' id='word_1_551' title='bbox 3382 4067 3690 4123; x_wconf 86' lang='lat' dir='ltr'>modestia</span> <span class='ocrx_word' id='word_1_552' title='bbox 3726 4071 3853 4125; x_wconf 87' lang='lat' dir='ltr'>sin-</span> 
     </span>
    </p>
   </div>
   <div class='ocr_carea' id='block_1_41' title="bbox 471 4153 3855 4237">
    <p class='ocr_par' dir='ltr' id='par_1_41' title="bbox 471 4153 3855 4237">
     <span class='ocr_line' id='line_1_41' title="bbox 471 4153 3855 4237; baseline -0.001 -18"><span class='ocrx_word' id='word_1_553' title='bbox 471 4161 703 4237; x_wconf 86' lang='lat' dir='ltr'>gularis.</span> <span class='ocrx_word' id='word_1_554' title='bbox 744 4157 930 4214; x_wconf 88' lang='lat' dir='ltr'>Nihilo</span> <span class='ocrx_word' id='word_1_555' title='bbox 971 4154 1161 4208; x_wconf 91' lang='lat' dir='ltr'>minus</span> <span class='ocrx_word' id='word_1_556' title='bbox 1199 4153 1464 4224; x_wconf 90' lang='lat' dir='ltr'>Liturgia</span> <span class='ocrx_word' id='word_1_557' title='bbox 1503 4153 1806 4210; x_wconf 86' lang='lat' dir='ltr'>Gallicana</span> <span class='ocrx_word' id='word_1_558' title='bbox 1844 4159 2092 4226; x_wconf 88' lang='lat' dir='ltr'>quatuor</span> <span class='ocrx_word' id='word_1_559' title='bbox 2129 4156 2438 4227; x_wconf 88' lang='lat' dir='ltr'>assignavit</span> <span class='ocrx_word' id='word_1_560' title='bbox 2480 4157 2718 4225; x_wconf 88' lang='lat' dir='ltr'>indicia;</span> <span class='ocrx_word' id='word_1_561' title='bbox 2755 4162 2814 4212; x_wconf 92' lang='lat' dir='ltr'>et</span> <span class='ocrx_word' id='word_1_562' title='bbox 2853 4158 3094 4213; x_wconf 85' lang='lat' dir='ltr'>Missalia</span> <span class='ocrx_word' id='word_1_563' title='bbox 3139 4159 3274 4226; x_wconf 91' lang='lat' dir='ltr'>duo,</span> <span class='ocrx_word' id='word_1_564' title='bbox 3315 4175 3495 4213; x_wconf 91' lang='lat' dir='ltr'>unum</span> <span class='ocrx_word' id='word_1_565' title='bbox 3543 4159 3855 4215; x_wconf 85' lang='lat' dir='ltr'>Vaticana</span> 
     </span>
    </p>
   </div>
   <div class='ocr_carea' id='block_1_42' title="bbox 467 4242 3853 4318">
    <p class='ocr_par' dir='ltr' id='par_1_42' title="bbox 467 4242 3853 4318">
     <span class='ocr_line' id='line_1_42' title="bbox 467 4242 3853 4318; baseline -0.002 -8"><span class='ocrx_word' id='word_1_566' title='bbox 467 4249 850 4313; x_wconf 86' lang='lat' dir='ltr'>bibliotheca,</span> <span class='ocrx_word' id='word_1_567' title='bbox 877 4245 1122 4302; x_wconf 87' lang='lat' dir='ltr'>alterum</span> <span class='ocrx_word' id='word_1_568' title='bbox 1161 4242 1537 4297; x_wconf 84' lang='lat' dir='ltr'>serenissima</span> <span class='ocrx_word' id='word_1_569' title='bbox 1570 4243 1883 4298; x_wconf 78' lang='lat' dir='ltr'>Succorum</span> <span class='ocrx_word' id='word_1_570' title='bbox 1918 4245 2153 4316; x_wconf 81' lang='lat' dir='ltr'>regina,</span> <span class='ocrx_word' id='word_1_571' title='bbox 2181 4243 2470 4312; x_wconf 87' lang='lat' dir='ltr'>indicavit,</span> <span class='ocrx_word' id='word_1_572' title='bbox 2501 4263 2628 4317; x_wconf 89' lang='lat' dir='ltr'>qua</span> <span class='ocrx_word' id='word_1_573' title='bbox 2657 4263 2760 4318; x_wconf 88' lang='lat' dir='ltr'>pro</span> <span class='ocrx_word' id='word_1_574' title='bbox 2789 4247 3053 4318; x_wconf 90' lang='lat' dir='ltr'>genuinis</span> <span class='ocrx_word' id='word_1_575' title='bbox 3079 4248 3380 4303; x_wconf 88' lang='lat' dir='ltr'>Gallicanis</span> <span class='ocrx_word' id='word_1_576' title='bbox 3409 4247 3691 4302; x_wconf 88' lang='lat' dir='ltr'>habenda</span> <span class='ocrx_word' id='word_1_577' title='bbox 3719 4266 3853 4304; x_wconf 87' lang='lat' dir='ltr'>esse</span> 
     </span>
    </p>
   </div>
   <div class='ocr_carea' id='block_1_43' title="bbox 471 4332 3852 4409">
    <p class='ocr_par' dir='ltr' id='par_1_43' title="bbox 471 4332 3852 4409">
     <span class='ocr_line' id='line_1_43' title="bbox 471 4332 3852 4409; baseline -0.001 -10"><span class='ocrx_word' id='word_1_578' title='bbox 471 4341 778 4400; x_wconf 88' lang='lat' dir='ltr'>arbitratus</span> <span class='ocrx_word' id='word_1_579' title='bbox 805 4338 909 4390; x_wconf 92' lang='lat' dir='ltr'>est.</span> <span class='ocrx_word' id='word_1_580' title='bbox 938 4334 1060 4388; x_wconf 92' lang='lat' dir='ltr'>Duo</span> <span class='ocrx_word' id='word_1_581' title='bbox 1088 4333 1207 4386; x_wconf 88' lang='lat' dir='ltr'>hac</span> <span class='ocrx_word' id='word_1_582' title='bbox 1235 4332 1474 4387; x_wconf 87' lang='lat' dir='ltr'>Missalia</span> <span class='ocrx_word' id='word_1_583' title='bbox 1501 4336 1634 4388; x_wconf 89' lang='lat' dir='ltr'>ante</span> <span class='ocrx_word' id='word_1_584' title='bbox 1660 4333 1956 4388; x_wconf 91' lang='lat' dir='ltr'>biennium</span> <span class='ocrx_word' id='word_1_585' title='bbox 1983 4333 2211 4406; x_wconf 87' lang='lat' dir='ltr'>integra</span> <span class='ocrx_word' id='word_1_586' title='bbox 2236 4335 2473 4406; x_wconf 91' lang='lat' dir='ltr'>protulit</span> <span class='ocrx_word' id='word_1_587' title='bbox 2499 4335 2556 4390; x_wconf 92' lang='lat' dir='ltr'>in</span> <span class='ocrx_word' id='word_1_588' title='bbox 2588 4337 2776 4392; x_wconf 90' lang='lat' dir='ltr'>lucem</span> <span class='ocrx_word' id='word_1_589' title='bbox 2805 4339 3086 4409; x_wconf 74' lang='lat' dir='ltr'>Iosephus</span> <span class='ocrx_word' id='word_1_590' title='bbox 3113 4337 3469 4405; x_wconf 90' lang='lat' dir='ltr'>Thomasius,</span> <span class='ocrx_word' id='word_1_591' title='bbox 3493 4337 3852 4394; x_wconf 89' lang='lat' dir='ltr'>clericorum</span> 
     </span>
    </p>
   </div>
   <div class='ocr_carea' id='block_1_44' title="bbox 469 4422 3852 4503">
    <p class='ocr_par' dir='ltr' id='par_1_44' title="bbox 469 4422 3852 4503">
     <span class='ocr_line' id='line_1_44' title="bbox 469 4422 3852 4503; baseline -0.001 -16"><span class='ocrx_word' id='word_1_592' title='bbox 469 4428 822 4503; x_wconf 87' lang='lat' dir='ltr'>regularium</span> <span class='ocrx_word' id='word_1_593' title='bbox 854 4425 912 4480; x_wconf 92' lang='lat' dir='ltr'>in</span> <span class='ocrx_word' id='word_1_594' title='bbox 938 4423 1086 4478; x_wconf 91' lang='lat' dir='ltr'>Urbe</span> <span class='ocrx_word' id='word_1_595' title='bbox 1117 4422 1414 4494; x_wconf 80' lang='lat' dir='ltr'>presbyter</span> <span class='ocrx_word' id='word_1_596' title='bbox 1443 4439 1635 4478; x_wconf 90' lang='lat' dir='ltr'>rerum</span> <span class='ocrx_word' id='word_1_597' title='bbox 1667 4440 1959 4478; x_wconf 90' lang='lat' dir='ltr'>sacrarum</span> <span class='ocrx_word' id='word_1_598' title='bbox 1999 4423 2462 4493; x_wconf 88' lang='lat' dir='ltr'>studiosissimus,</span> <span class='ocrx_word' id='word_1_599' title='bbox 2491 4425 2659 4482; x_wconf 89' lang='lat' dir='ltr'>tertio</span> <span class='ocrx_word' id='word_1_600' title='bbox 2685 4427 2888 4482; x_wconf 82' lang='lat' dir='ltr'>Missali</span> <span class='ocrx_word' id='word_1_601' title='bbox 2915 4427 3130 4496; x_wconf 90' lang='lat' dir='ltr'>addito,</span> <span class='ocrx_word' id='word_1_602' title='bbox 3163 4427 3319 4500; x_wconf 88' lang='lat' dir='ltr'>quod</span> <span class='ocrx_word' id='word_1_603' title='bbox 3351 4427 3555 4482; x_wconf 91' lang='lat' dir='ltr'>itidem</span> <span class='ocrx_word' id='word_1_604' title='bbox 3583 4426 3663 4482; x_wconf 84' lang='lat' dir='ltr'>ad</span> <span class='ocrx_word' id='word_1_605' title='bbox 3695 4428 3852 4498; x_wconf 89' lang='lat' dir='ltr'>pris-</span> 
     </span>
    </p>
   </div>
   <div class='ocr_carea' id='block_1_45' title="bbox 469 4511 2132 4585">
    <p class='ocr_par' dir='ltr' id='par_1_45' title="bbox 469 4511 2132 4585">
     <span class='ocr_line' id='line_1_45' title="bbox 469 4511 2132 4585; baseline -0.006 -7"><span class='ocrx_word' id='word_1_606' title='bbox 469 4538 601 4578; x_wconf 90' lang='lat' dir='ltr'>cum</span> <span class='ocrx_word' id='word_1_607' title='bbox 627 4517 931 4575; x_wconf 87' lang='lat' dir='ltr'>Gallicana</span> <span class='ocrx_word' id='word_1_608' title='bbox 955 4511 1216 4568; x_wconf 89' lang='lat' dir='ltr'>Ecclesia</span> <span class='ocrx_word' id='word_1_609' title='bbox 1244 4512 1417 4567; x_wconf 91' lang='lat' dir='ltr'>ritum</span> <span class='ocrx_word' id='word_1_610' title='bbox 1449 4513 1738 4585; x_wconf 88' lang='lat' dir='ltr'>pertinere</span> <span class='ocrx_word' id='word_1_611' title='bbox 1772 4513 2132 4568; x_wconf 83' lang='lat' dir='ltr'>existimavit.</span> 
     </span>
    </p>
   </div>
   <div class='ocr_carea' id='block_1_46' title="bbox 540 4667 3852 4745">
    <p class='ocr_par' dir='ltr' id='par_1_46' title="bbox 540 4667 3852 4745">
     <span class='ocr_line' id='line_1_46' title="bbox 540 4667 3852 4745; baseline 0 -13"><span class='ocrx_word' id='word_1_612' title='bbox 540 4677 602 4731; x_wconf 80' lang='grc' dir='ltr'><strong><em>ν.</em></strong></span> <span class='ocrx_word' id='word_1_613' title='bbox 633 4677 774 4732; x_wconf 91' lang='lat' dir='ltr'>Cum</span> <span class='ocrx_word' id='word_1_614' title='bbox 797 4686 889 4726; x_wconf 86' lang='lat' dir='ltr'>res</span> <span class='ocrx_word' id='word_1_615' title='bbox 915 4670 992 4725; x_wconf 88' lang='lat' dir='ltr'>ita</span> <span class='ocrx_word' id='word_1_616' title='bbox 1023 4686 1081 4724; x_wconf 91' lang='lat' dir='ltr'>se</span> <span class='ocrx_word' id='word_1_617' title='bbox 1109 4668 1409 4736; x_wconf 90' lang='lat' dir='ltr'>haberent,</span> <span class='ocrx_word' id='word_1_618' title='bbox 1443 4667 1712 4724; x_wconf 88' lang='lat' dir='ltr'>adeundo</span> <span class='ocrx_word' id='word_1_619' title='bbox 1742 4668 2110 4724; x_wconf 87' lang='lat' dir='ltr'>Germaniam</span> <span class='ocrx_word' id='word_1_620' title='bbox 2137 4669 2377 4742; x_wconf 90' lang='lat' dir='ltr'>contigit</span> <span class='ocrx_word' id='word_1_621' title='bbox 2404 4675 2465 4726; x_wconf 91' lang='lat' dir='ltr'>ut</span> <span class='ocrx_word' id='word_1_622' title='bbox 2494 4670 2552 4726; x_wconf 89' lang='lat' dir='ltr'>in</span> <span class='ocrx_word' id='word_1_623' title='bbox 2579 4671 2924 4728; x_wconf 84' lang='lat' dir='ltr'>Luxoviense</span> <span class='ocrx_word' id='word_1_624' title='bbox 2955 4673 3371 4729; x_wconf 77' lang='lat' dir='ltr'>monasterium</span> <span class='ocrx_word' id='word_1_625' title='bbox 3399 4674 3852 4745; x_wconf 87' lang='lat' dir='ltr'>accederemus,</span> 
     </span>
    </p>
   </div>
   <div class='ocr_carea' id='block_1_47' title="bbox 468 4757 3857 4842">
    <p class='ocr_par' dir='ltr' id='par_1_47' title="bbox 468 4757 3857 4842">
     <span class='ocr_line' id='line_1_47' title="bbox 468 4757 3857 4842; baseline 0.001 -23"><span class='ocrx_word' id='word_1_626' title='bbox 468 4774 641 4842; x_wconf 75' lang='lat' dir='ltr'>atque</span> <span class='ocrx_word' id='word_1_627' title='bbox 672 4764 821 4818; x_wconf 91' lang='lat' dir='ltr'>inter</span> <span class='ocrx_word' id='word_1_628' title='bbox 847 4761 1207 4816; x_wconf 87' lang='lat' dir='ltr'>semilaceras</span> <span class='ocrx_word' id='word_1_629' title='bbox 1233 4757 1438 4812; x_wconf 90' lang='lat' dir='ltr'>veteris</span> <span class='ocrx_word' id='word_1_630' title='bbox 1465 4757 1586 4828; x_wconf 92' lang='lat' dir='ltr'>ejus</span> <span class='ocrx_word' id='word_1_631' title='bbox 1614 4758 1721 4812; x_wconf 93' lang='lat' dir='ltr'>loci</span> <span class='ocrx_word' id='word_1_632' title='bbox 1747 4757 2110 4813; x_wconf 87' lang='lat' dir='ltr'>bibliotheca</span> <span class='ocrx_word' id='word_1_633' title='bbox 2136 4760 2409 4831; x_wconf 88' lang='lat' dir='ltr'>reliquias</span> <span class='ocrx_word' id='word_1_634' title='bbox 2435 4761 2896 4832; x_wconf 87' lang='lat' dir='ltr'>antiquissimum</span> <span class='ocrx_word' id='word_1_635' title='bbox 2927 4763 3370 4831; x_wconf 89' lang='lat' dir='ltr'>Lectionarium,</span> <span class='ocrx_word' id='word_1_636' title='bbox 3396 4765 3552 4836; x_wconf 89' lang='lat' dir='ltr'>quod</span> <span class='ocrx_word' id='word_1_637' title='bbox 3577 4765 3640 4820; x_wconf 91' lang='lat' dir='ltr'>in</span> <span class='ocrx_word' id='word_1_638' title='bbox 3665 4769 3857 4822; x_wconf 87' lang='lat' dir='ltr'>sacris</span> 
     </span>
    </p>
   </div>
   <div class='ocr_carea' id='block_1_48' title="bbox 467 4846 3856 4928">
    <p class='ocr_par' dir='ltr' id='par_1_48' title="bbox 467 4846 3856 4928">
     <span class='ocr_line' id='line_1_48' title="bbox 467 4846 3856 4928; baseline -0.001 -16"><span class='ocrx_word' id='word_1_639' title='bbox 467 4859 544 4916; x_wconf 80' lang='lat' dir='ltr'>ad</span> <span class='ocrx_word' id='word_1_640' title='bbox 570 4849 843 4927; x_wconf 89' lang='lat' dir='ltr'>legendas</span> <span class='ocrx_word' id='word_1_641' title='bbox 871 4846 1203 4923; x_wconf 87' lang='lat' dir='ltr'>prophetias</span> <span class='ocrx_word' id='word_1_642' title='bbox 1229 4849 1286 4900; x_wconf 87' lang='lat' dir='ltr'>et</span> <span class='ocrx_word' id='word_1_643' title='bbox 1311 4846 1590 4917; x_wconf 88' lang='lat' dir='ltr'>Epistolas</span> <span class='ocrx_word' id='word_1_644' title='bbox 1613 4862 1745 4900; x_wconf 91' lang='lat' dir='ltr'>cum</span> <span class='ocrx_word' id='word_1_645' title='bbox 1773 4847 2094 4918; x_wconf 89' lang='lat' dir='ltr'>Evangeliis</span> <span class='ocrx_word' id='word_1_646' title='bbox 2121 4852 2254 4903; x_wconf 87' lang='lat' dir='ltr'>ante</span> <span class='ocrx_word' id='word_1_647' title='bbox 2285 4867 2468 4905; x_wconf 91' lang='lat' dir='ltr'>annos</span> <span class='ocrx_word' id='word_1_648' title='bbox 2495 4851 2650 4905; x_wconf 90' lang='lat' dir='ltr'>mille</span> <span class='ocrx_word' id='word_1_649' title='bbox 2682 4851 2738 4905; x_wconf 92' lang='lat' dir='ltr'>in</span> <span class='ocrx_word' id='word_1_650' title='bbox 2768 4869 2872 4906; x_wconf 91' lang='lat' dir='ltr'>usu</span> <span class='ocrx_word' id='word_1_651' title='bbox 2896 4851 3106 4920; x_wconf 84' lang='lat' dir='ltr'>fuerat,</span> <span class='ocrx_word' id='word_1_652' title='bbox 3134 4853 3545 4908; x_wconf 85' lang='lat' dir='ltr'>inveniremus.</span> <span class='ocrx_word' id='word_1_653' title='bbox 3569 4855 3701 4910; x_wconf 85' lang='lat' dir='ltr'>Mox</span> <span class='ocrx_word' id='word_1_654' title='bbox 3723 4873 3856 4928; x_wconf 84' lang='lat' dir='ltr'>pra</span> 
     </span>
    </p>
   </div>
   <div class='ocr_carea' id='block_1_49' title="bbox 467 4935 3852 5024">
    <p class='ocr_par' dir='ltr' id='par_1_49' title="bbox 467 4935 3852 5024">
     <span class='ocr_line' id='line_1_49' title="bbox 467 4935 3852 5024; baseline -0.001 -18"><span class='ocrx_word' id='word_1_655' title='bbox 467 4946 681 5024; x_wconf 85' lang='lat' dir='ltr'>gaudio</span> <span class='ocrx_word' id='word_1_656' title='bbox 707 4941 1046 5005; x_wconf 84' lang='lat' dir='ltr'>exsilientes,</span> <span class='ocrx_word' id='word_1_657' title='bbox 1076 4935 1216 4991; x_wconf 89' lang='lat' dir='ltr'>illud</span> <span class='ocrx_word' id='word_1_658' title='bbox 1241 4935 1544 4990; x_wconf 90' lang='lat' dir='ltr'>Gallicana</span> <span class='ocrx_word' id='word_1_659' title='bbox 1579 4935 1841 4990; x_wconf 86' lang='lat' dir='ltr'>Ecclesia</span> <span class='ocrx_word' id='word_1_660' title='bbox 1875 4937 2170 5008; x_wconf 89' lang='lat' dir='ltr'>proprium</span> <span class='ocrx_word' id='word_1_661' title='bbox 2206 4939 2377 4994; x_wconf 89' lang='lat' dir='ltr'>fuisse</span> <span class='ocrx_word' id='word_1_662' title='bbox 2409 4940 2673 5011; x_wconf 91' lang='lat' dir='ltr'>suspicati</span> <span class='ocrx_word' id='word_1_663' title='bbox 2708 4958 2922 4996; x_wconf 90' lang='lat' dir='ltr'>sumus.</span> <span class='ocrx_word' id='word_1_664' title='bbox 2951 4943 3064 4996; x_wconf 90' lang='lat' dir='ltr'>Nec</span> <span class='ocrx_word' id='word_1_665' title='bbox 3096 4959 3200 4997; x_wconf 91' lang='lat' dir='ltr'>nos</span> <span class='ocrx_word' id='word_1_666' title='bbox 3235 4943 3440 4998; x_wconf 85' lang='lat' dir='ltr'>fefellit</span> <span class='ocrx_word' id='word_1_667' title='bbox 3474 4944 3852 5016; x_wconf 88' lang='lat' dir='ltr'>conjectura.</span> 
     </span>
    </p>
   </div>
   <div class='ocr_carea' id='block_1_50' title="bbox 466 5025 3855 5103">
    <p class='ocr_par' dir='ltr' id='par_1_50' title="bbox 466 5025 3855 5103">
     <span class='ocr_line' id='line_1_50' title="bbox 466 5025 3855 5103; baseline -0 -10"><span class='ocrx_word' id='word_1_668' title='bbox 466 5041 611 5099; x_wconf 72' lang='lat' dir='ltr'>Nam</span> <span class='ocrx_word' id='word_1_669' title='bbox 636 5052 698 5090; x_wconf 93' lang='lat' dir='ltr'>re</span> <span class='ocrx_word' id='word_1_670' title='bbox 723 5031 1003 5088; x_wconf 88' lang='lat' dir='ltr'>maturius</span> <span class='ocrx_word' id='word_1_671' title='bbox 1032 5028 1090 5082; x_wconf 93' lang='lat' dir='ltr'>in</span> <span class='ocrx_word' id='word_1_672' title='bbox 1117 5025 1306 5079; x_wconf 90' lang='lat' dir='ltr'>reditu</span> <span class='ocrx_word' id='word_1_673' title='bbox 1343 5040 1608 5094; x_wconf 80' lang='lat' dir='ltr'>expensa,</span> <span class='ocrx_word' id='word_1_674' title='bbox 1643 5025 1830 5079; x_wconf 92' lang='lat' dir='ltr'>nullus</span> <span class='ocrx_word' id='word_1_675' title='bbox 1870 5025 2034 5080; x_wconf 90' lang='lat' dir='ltr'>nobis</span> <span class='ocrx_word' id='word_1_676' title='bbox 2071 5027 2299 5082; x_wconf 88' lang='lat' dir='ltr'>relictus</span> <span class='ocrx_word' id='word_1_677' title='bbox 2339 5033 2426 5084; x_wconf 88' lang='lat' dir='ltr'>est</span> <span class='ocrx_word' id='word_1_678' title='bbox 2464 5029 2796 5102; x_wconf 87' lang='lat' dir='ltr'>ambigendi</span> <span class='ocrx_word' id='word_1_679' title='bbox 2840 5031 3014 5098; x_wconf 89' lang='lat' dir='ltr'>locus,</span> <span class='ocrx_word' id='word_1_680' title='bbox 3051 5031 3157 5086; x_wconf 86' lang='lat' dir='ltr'>hoc</span> <span class='ocrx_word' id='word_1_681' title='bbox 3201 5049 3323 5086; x_wconf 91' lang='lat' dir='ltr'>esse</span> <span class='ocrx_word' id='word_1_682' title='bbox 3364 5032 3855 5103; x_wconf 87' lang='lat' dir='ltr'>antiquissimum</span> 
     </span>
    </p>
   </div>
   <div class='ocr_carea' id='block_1_51' title="bbox 465 5113 3855 5192">
    <p class='ocr_par' dir='ltr' id='par_1_51' title="bbox 465 5113 3855 5192">
     <span class='ocr_line' id='line_1_51' title="bbox 465 5113 3855 5192; baseline -0.001 -6"><span class='ocrx_word' id='word_1_683' title='bbox 465 5123 888 5187; x_wconf 88' lang='lat' dir='ltr'>Lectionarium</span> <span class='ocrx_word' id='word_1_684' title='bbox 918 5114 1180 5173; x_wconf 86' lang='lat' dir='ltr'>Ecclesia</span> <span class='ocrx_word' id='word_1_685' title='bbox 1207 5113 1530 5168; x_wconf 88' lang='lat' dir='ltr'>Gallicana.</span> <span class='ocrx_word' id='word_1_686' title='bbox 1559 5113 1742 5178; x_wconf 88' lang='lat' dir='ltr'>Quam</span> <span class='ocrx_word' id='word_1_687' title='bbox 1770 5115 1842 5169; x_wconf 91' lang='lat' dir='ltr'>ob</span> <span class='ocrx_word' id='word_1_688' title='bbox 1869 5131 1994 5170; x_wconf 90' lang='lat' dir='ltr'>rem</span> <span class='ocrx_word' id='word_1_689' title='bbox 2023 5117 2340 5172; x_wconf 89' lang='lat' dir='ltr'>amicorum</span> <span class='ocrx_word' id='word_1_690' title='bbox 2371 5119 2632 5174; x_wconf 90' lang='lat' dir='ltr'>consultu</span> <span class='ocrx_word' id='word_1_691' title='bbox 2672 5119 2965 5190; x_wconf 90' lang='lat' dir='ltr'>quoddam</span> <span class='ocrx_word' id='word_1_692' title='bbox 3002 5137 3192 5192; x_wconf 88' lang='lat' dir='ltr'>opera</span> <span class='ocrx_word' id='word_1_693' title='bbox 3223 5121 3474 5192; x_wconf 89' lang='lat' dir='ltr'>pretium</span> <span class='ocrx_word' id='word_1_694' title='bbox 3504 5123 3634 5178; x_wconf 89' lang='lat' dir='ltr'>fore</span> <span class='ocrx_word' id='word_1_695' title='bbox 3676 5124 3855 5182; x_wconf 85' lang='lat' dir='ltr'>duxi-</span> 
     </span>
    </p>
   </div>
   <div class='ocr_carea' id='block_1_52' title="bbox 466 5203 3856 5286">
    <p class='ocr_par' dir='ltr' id='par_1_52' title="bbox 466 5203 3856 5286">
     <span class='ocr_line' id='line_1_52' title="bbox 466 5203 3856 5286; baseline -0.003 -10"><span class='ocrx_word' id='word_1_696' title='bbox 466 5237 614 5286; x_wconf 89' lang='lat' dir='ltr'>mus,</span> <span class='ocrx_word' id='word_1_697' title='bbox 643 5217 688 5271; x_wconf 89' lang='lat' dir='ltr'>si</span> <span class='ocrx_word' id='word_1_698' title='bbox 733 5215 844 5269; x_wconf 91' lang='lat' dir='ltr'>hoc</span> <span class='ocrx_word' id='word_1_699' title='bbox 887 5208 962 5263; x_wconf 86' lang='lat' dir='ltr'>de</span> <span class='ocrx_word' id='word_1_700' title='bbox 1000 5205 1343 5275; x_wconf 89' lang='lat' dir='ltr'>argumento</span> <span class='ocrx_word' id='word_1_701' title='bbox 1384 5203 1734 5275; x_wconf 85' lang='lat' dir='ltr'>singularem</span> <span class='ocrx_word' id='word_1_702' title='bbox 1775 5205 2155 5262; x_wconf 87' lang='lat' dir='ltr'>conderemus</span> <span class='ocrx_word' id='word_1_703' title='bbox 2198 5210 2503 5262; x_wconf 88' lang='lat' dir='ltr'>tractatum</span> <span class='ocrx_word' id='word_1_704' title='bbox 2535 5225 2547 5263; x_wconf 92' lang='lat'>:</span> <span class='ocrx_word' id='word_1_705' title='bbox 2580 5208 2639 5263; x_wconf 93' lang='lat' dir='ltr'>in</span> <span class='ocrx_word' id='word_1_706' title='bbox 2679 5225 2792 5280; x_wconf 91' lang='lat' dir='ltr'>quo</span> <span class='ocrx_word' id='word_1_707' title='bbox 2831 5209 3100 5282; x_wconf 87' lang='lat' dir='ltr'>Liturgia</span> <span class='ocrx_word' id='word_1_708' title='bbox 3129 5211 3456 5278; x_wconf 85' lang='lat' dir='ltr'>Gallicana,</span> <span class='ocrx_word' id='word_1_709' title='bbox 3486 5213 3680 5283; x_wconf 90' lang='lat' dir='ltr'>qualis</span> <span class='ocrx_word' id='word_1_710' title='bbox 3708 5220 3856 5271; x_wconf 80' lang='lat' dir='ltr'>ante</span> 
     </span>
    </p>
   </div>
   <div class='ocr_carea' id='block_1_53' title="bbox 466 5292 3856 5377">
    <p class='ocr_par' dir='ltr' id='par_1_53' title="bbox 466 5292 3856 5377">
     <span class='ocr_line' id='line_1_53' title="bbox 466 5292 3856 5377; baseline -0.002 -12"><span class='ocrx_word' id='word_1_711' title='bbox 466 5307 735 5366; x_wconf 86' lang='lat' dir='ltr'>Carolum</span> <span class='ocrx_word' id='word_1_712' title='bbox 757 5302 1024 5370; x_wconf 81' lang='lat' dir='ltr'>Magnum</span> <span class='ocrx_word' id='word_1_713' title='bbox 1052 5292 1204 5364; x_wconf 88' lang='lat' dir='ltr'>apud</span> <span class='ocrx_word' id='word_1_714' title='bbox 1228 5292 1478 5364; x_wconf 89' lang='lat' dir='ltr'>majores</span> <span class='ocrx_word' id='word_1_715' title='bbox 1512 5296 1737 5350; x_wconf 89' lang='lat' dir='ltr'>nostros</span> <span class='ocrx_word' id='word_1_716' title='bbox 1763 5299 1992 5367; x_wconf 89' lang='lat' dir='ltr'>recepta</span> <span class='ocrx_word' id='word_1_717' title='bbox 2024 5299 2166 5364; x_wconf 90' lang='lat' dir='ltr'>erat,</span> <span class='ocrx_word' id='word_1_718' title='bbox 2193 5313 2329 5352; x_wconf 90' lang='lat' dir='ltr'>vera</span> <span class='ocrx_word' id='word_1_719' title='bbox 2367 5297 2576 5365; x_wconf 91' lang='lat' dir='ltr'>forma,</span> <span class='ocrx_word' id='word_1_720' title='bbox 2607 5298 2958 5371; x_wconf 90' lang='lat' dir='ltr'>genuinique</span> <span class='ocrx_word' id='word_1_721' title='bbox 2984 5299 3128 5354; x_wconf 89' lang='lat' dir='ltr'>ritus</span> <span class='ocrx_word' id='word_1_722' title='bbox 3161 5299 3605 5372; x_wconf 81' lang='lat' dir='ltr'>explicarentur.</span> <span class='ocrx_word' id='word_1_723' title='bbox 3636 5303 3706 5358; x_wconf 90' lang='lat' dir='ltr'>1d</span> <span class='ocrx_word' id='word_1_724' title='bbox 3737 5321 3856 5377; x_wconf 88' lang='lat' dir='ltr'>pro</span> 
     </span>
    </p>
   </div>
   <div class='ocr_carea' id='block_1_54' title="bbox 466 5383 3856 5466">
    <p class='ocr_par' dir='ltr' id='par_1_54' title="bbox 466 5383 3856 5466">
     <span class='ocr_line' id='line_1_54' title="bbox 466 5383 3856 5466; baseline -0.001 -12"><span class='ocrx_word' id='word_1_725' title='bbox 466 5395 702 5458; x_wconf 88' lang='lat' dir='ltr'>modulo</span> <span class='ocrx_word' id='word_1_726' title='bbox 729 5385 976 5446; x_wconf 85' lang='lat' dir='ltr'>exsecuti</span> <span class='ocrx_word' id='word_1_727' title='bbox 1000 5399 1194 5438; x_wconf 88' lang='lat' dir='ltr'>sumus</span> <span class='ocrx_word' id='word_1_728' title='bbox 1221 5399 1234 5438; x_wconf 91' lang='lat'><strong>:</strong></span> <span class='ocrx_word' id='word_1_729' title='bbox 1269 5399 1382 5454; x_wconf 92' lang='lat' dir='ltr'>quo</span> <span class='ocrx_word' id='word_1_730' title='bbox 1413 5383 1619 5454; x_wconf 86' lang='lat' dir='ltr'>fructu,</span> <span class='ocrx_word' id='word_1_731' title='bbox 1653 5383 1747 5440; x_wconf 88' lang='lat' dir='ltr'>alii</span> <span class='ocrx_word' id='word_1_732' title='bbox 1773 5385 2038 5441; x_wconf 89' lang='lat' dir='ltr'>viderint.</span> <span class='ocrx_word' id='word_1_733' title='bbox 2068 5386 2240 5442; x_wconf 86' lang='lat' dir='ltr'>Nobis</span> <span class='ocrx_word' id='word_1_734' title='bbox 2270 5389 2422 5442; x_wconf 90' lang='lat' dir='ltr'>certe</span> <span class='ocrx_word' id='word_1_735' title='bbox 2452 5387 2595 5460; x_wconf 86' lang='lat' dir='ltr'>(sine</span> <span class='ocrx_word' id='word_1_736' title='bbox 2620 5387 2899 5458; x_wconf 88' lang='lat' dir='ltr'>jactantia</span> <span class='ocrx_word' id='word_1_737' title='bbox 2931 5389 3120 5445; x_wconf 88' lang='lat' dir='ltr'>dicere</span> <span class='ocrx_word' id='word_1_738' title='bbox 3163 5389 3353 5462; x_wconf 89' lang='lat' dir='ltr'>liceat)</span> <span class='ocrx_word' id='word_1_739' title='bbox 3383 5389 3696 5462; x_wconf 88' lang='lat' dir='ltr'>diligentia</span> <span class='ocrx_word' id='word_1_740' title='bbox 3737 5410 3856 5466; x_wconf 89' lang='lat' dir='ltr'>pro</span> 
     </span>
    </p>
   </div>
   <div class='ocr_carea' id='block_1_55' title="bbox 468 5473 1415 5550">
    <p class='ocr_par' dir='ltr' id='par_1_55' title="bbox 468 5473 1415 5550">
     <span class='ocr_line' id='line_1_55' title="bbox 468 5473 1415 5550; baseline -0.022 -2"><span class='ocrx_word' id='word_1_741' title='bbox 468 5483 728 5549; x_wconf 83' lang='lat' dir='ltr'>materia</span> <span class='ocrx_word' id='word_1_742' title='bbox 759 5476 1040 5550; x_wconf 83' lang='lat' dir='ltr'>dignitate</span> <span class='ocrx_word' id='word_1_743' title='bbox 1067 5490 1184 5530; x_wconf 89' lang='lat' dir='ltr'>non</span> <span class='ocrx_word' id='word_1_744' title='bbox 1215 5473 1415 5529; x_wconf 89' lang='lat' dir='ltr'>defuit.</span> 
     </span>
    </p>
   </div>
   <div class='ocr_carea' id='block_1_56' title="bbox 538 5625 3856 5711">
    <p class='ocr_par' dir='ltr' id='par_1_56' title="bbox 538 5625 3856 5711">
     <span class='ocr_line' id='line_1_56' title="bbox 538 5625 3856 5711; baseline 0 -14"><span class='ocrx_word' id='word_1_745' title='bbox 538 5645 625 5700; x_wconf 83' lang='lat' dir='ltr'>VI.</span> <span class='ocrx_word' id='word_1_746' title='bbox 651 5639 857 5696; x_wconf 84' lang='lat' dir='ltr'>Totum</span> <span class='ocrx_word' id='word_1_747' title='bbox 884 5645 1026 5707; x_wconf 90' lang='lat' dir='ltr'>opus</span> <span class='ocrx_word' id='word_1_748' title='bbox 1055 5628 1113 5688; x_wconf 92' lang='lat' dir='ltr'>in</span> <span class='ocrx_word' id='word_1_749' title='bbox 1144 5631 1259 5686; x_wconf 87' lang='lat' dir='ltr'>tres</span> <span class='ocrx_word' id='word_1_750' title='bbox 1292 5625 1466 5688; x_wconf 90' lang='lat' dir='ltr'>libros</span> <span class='ocrx_word' id='word_1_751' title='bbox 1500 5631 1822 5689; x_wconf 87' lang='lat' dir='ltr'>tribuimus.</span> <span class='ocrx_word' id='word_1_752' title='bbox 1857 5634 1919 5688; x_wconf 93' lang='lat' dir='ltr'>In</span> <span class='ocrx_word' id='word_1_753' title='bbox 1949 5631 2158 5706; x_wconf 89' lang='lat' dir='ltr'>primo,</span> <span class='ocrx_word' id='word_1_754' title='bbox 2185 5637 2491 5708; x_wconf 87' lang='lat' dir='ltr'>postquam</span> <span class='ocrx_word' id='word_1_755' title='bbox 2529 5633 2600 5692; x_wconf 91' lang='lat' dir='ltr'>de</span> <span class='ocrx_word' id='word_1_756' title='bbox 2643 5633 2812 5691; x_wconf 87' lang='lat' dir='ltr'>variis</span> <span class='ocrx_word' id='word_1_757' title='bbox 2849 5633 3110 5693; x_wconf 84' lang='lat' dir='ltr'>Ecclesia</span> <span class='ocrx_word' id='word_1_758' title='bbox 3145 5629 3360 5692; x_wconf 87' lang='lat' dir='ltr'>Latina</span> <span class='ocrx_word' id='word_1_759' title='bbox 3397 5635 3676 5711; x_wconf 88' lang='lat' dir='ltr'>Liturgiis</span> <span class='ocrx_word' id='word_1_760' title='bbox 3707 5641 3856 5698; x_wconf 86' lang='lat' dir='ltr'>bre-</span> 
     </span>
    </p>
   </div>
   <div class='ocr_carea' id='block_1_57' title="bbox 464 5722 3856 5801">
    <p class='ocr_par' dir='ltr' id='par_1_57' title="bbox 464 5722 3856 5801">
     <span class='ocr_line' id='line_1_57' title="bbox 464 5722 3856 5801; baseline -0.001 -8"><span class='ocrx_word' id='word_1_761' title='bbox 464 5738 612 5794; x_wconf 85' lang='lat' dir='ltr'>viter</span> <span class='ocrx_word' id='word_1_762' title='bbox 646 5733 836 5787; x_wconf 87' lang='lat' dir='ltr'>actum</span> <span class='ocrx_word' id='word_1_763' title='bbox 872 5729 974 5795; x_wconf 86' lang='lat' dir='ltr'>est,</span> <span class='ocrx_word' id='word_1_764' title='bbox 1007 5723 1310 5780; x_wconf 87' lang='lat' dir='ltr'>Gallicana</span> <span class='ocrx_word' id='word_1_765' title='bbox 1351 5722 1565 5780; x_wconf 88' lang='lat' dir='ltr'>indicia</span> <span class='ocrx_word' id='word_1_766' title='bbox 1597 5735 1861 5795; x_wconf 83' lang='lat' dir='ltr'>veraque</span> <span class='ocrx_word' id='word_1_767' title='bbox 1898 5729 2048 5781; x_wconf 81' lang='lat' dir='ltr'>nota</span> <span class='ocrx_word' id='word_1_768' title='bbox 2099 5724 2434 5796; x_wconf 77' lang='lat' dir='ltr'>afferuntur,</span> <span class='ocrx_word' id='word_1_769' title='bbox 2477 5727 2894 5800; x_wconf 86' lang='lat' dir='ltr'>expenduntur,</span> <span class='ocrx_word' id='word_1_770' title='bbox 2939 5731 2996 5782; x_wconf 90' lang='lat' dir='ltr'>et</span> <span class='ocrx_word' id='word_1_771' title='bbox 3039 5727 3376 5801; x_wconf 89' lang='lat' dir='ltr'>probantur.</span> <span class='ocrx_word' id='word_1_772' title='bbox 3418 5729 3644 5786; x_wconf 90' lang='lat' dir='ltr'>Deinde</span> <span class='ocrx_word' id='word_1_773' title='bbox 3687 5732 3856 5789; x_wconf 88' lang='lat' dir='ltr'>facta</span> 
     </span>
    </p>
   </div>
   <div class='ocr_carea' id='block_1_58' title="bbox 469 5812 3854 5900">
    <p class='ocr_par' dir='ltr' id='par_1_58' title="bbox 469 5812 3854 5900">
     <span class='ocr_line' id='line_1_58' title="bbox 469 5812 3854 5900; baseline -0 -19"><span class='ocrx_word' id='word_1_774' title='bbox 469 5822 729 5900; x_wconf 84' lang='lat' dir='ltr'>ejusdem</span> <span class='ocrx_word' id='word_1_775' title='bbox 774 5815 1040 5890; x_wconf 83' lang='lat' dir='ltr'>Liturgia</span> <span class='ocrx_word' id='word_1_776' title='bbox 1087 5830 1216 5870; x_wconf 90' lang='lat' dir='ltr'>cum</span> <span class='ocrx_word' id='word_1_777' title='bbox 1264 5812 1614 5870; x_wconf 81' lang='lat' dir='ltr'>Mozarabica</span> <span class='ocrx_word' id='word_1_778' title='bbox 1658 5815 2112 5885; x_wconf 87' lang='lat' dir='ltr'>comparatione,</span> <span class='ocrx_word' id='word_1_779' title='bbox 2145 5817 2328 5871; x_wconf 86' lang='lat' dir='ltr'>totam</span> <span class='ocrx_word' id='word_1_780' title='bbox 2357 5817 2481 5888; x_wconf 85' lang='lat' dir='ltr'>ejus</span> <span class='ocrx_word' id='word_1_781' title='bbox 2519 5817 2728 5874; x_wconf 89' lang='lat' dir='ltr'>seriem</span> <span class='ocrx_word' id='word_1_782' title='bbox 2769 5833 2835 5873; x_wconf 84' lang='lat' dir='ltr'>ex</span> <span class='ocrx_word' id='word_1_783' title='bbox 2868 5817 3144 5890; x_wconf 86' lang='lat' dir='ltr'>Gregorio</span> <span class='ocrx_word' id='word_1_784' title='bbox 3177 5817 3496 5875; x_wconf 89' lang='lat' dir='ltr'>Turonensi</span> <span class='ocrx_word' id='word_1_785' title='bbox 3537 5821 3854 5896; x_wconf 89' lang='lat' dir='ltr'>episcopo,</span> 
     </span>
    </p>
   </div>
   <div class='ocr_carea' id='block_1_59' title="bbox 469 5901 3857 6002">
    <p class='ocr_par' dir='ltr' id='par_1_59' title="bbox 469 5901 3857 6002">
     <span class='ocr_line' id='line_1_59' title="bbox 469 5901 3857 6002; baseline 0 -32"><span class='ocrx_word' id='word_1_786' title='bbox 469 5915 705 6002; x_wconf 61' lang='lat' dir='ltr'>aliisque</span> <span class='ocrx_word' id='word_1_787' title='bbox 736 5909 932 5983; x_wconf 89' lang='lat' dir='ltr'>priscis</span> <span class='ocrx_word' id='word_1_788' title='bbox 962 5901 1356 5964; x_wconf 86' lang='lat' dir='ltr'>monumentis</span> <span class='ocrx_word' id='word_1_789' title='bbox 1381 5901 1632 5959; x_wconf 89' lang='lat' dir='ltr'>eruimus</span> <span class='ocrx_word' id='word_1_790' title='bbox 1659 5905 1716 5957; x_wconf 87' lang='lat' dir='ltr'>et</span> <span class='ocrx_word' id='word_1_791' title='bbox 1741 5902 2107 5967; x_wconf 73' lang='lat' dir='ltr'>illustramua.</span> <span class='ocrx_word' id='word_1_792' title='bbox 2142 5903 2356 5972; x_wconf 86' lang='lat' dir='ltr'>Quibus</span> <span class='ocrx_word' id='word_1_793' title='bbox 2383 5907 2674 5980; x_wconf 84' lang='lat' dir='ltr'>absolutis,</span> <span class='ocrx_word' id='word_1_794' title='bbox 2698 5911 2856 5964; x_wconf 86' lang='lat' dir='ltr'>vetus</span> <span class='ocrx_word' id='word_1_795' title='bbox 2884 5925 3056 5964; x_wconf 78' lang='lat' dir='ltr'>sacra</span> <span class='ocrx_word' id='word_1_796' title='bbox 3079 5909 3442 5982; x_wconf 82' lang='lat' dir='ltr'>supellectilis</span> <span class='ocrx_word' id='word_1_797' title='bbox 3465 5911 3623 5984; x_wconf 89' lang='lat' dir='ltr'>apud</span> <span class='ocrx_word' id='word_1_798' title='bbox 3645 5912 3857 5980; x_wconf 76' lang='lat' dir='ltr'>Gallos</span> 
     </span>
    </p>
   </div>
   <div class='ocr_carea' id='block_1_60' title="bbox 3935 451 3950 488">
    <p class='ocr_par' dir='ltr' id='par_1_60' title="bbox 3935 451 3950 488">
     <span class='ocr_line' id='line_1_60' title="bbox 3935 451 3950 488; baseline 0 0"><span class='ocrx_word' id='word_1_799' title='bbox 3935 451 3950 488; x_wconf 73' lang='grc' dir='ltr'><em>Ξ</em></span> 
     </span>
    </p>
   </div>
  </div>
