3968 6440
120 378 143 425 ι
162 366 216 419 os
1014 368 1081 425 IN
1118 368 1352 426 LIBROS
1388 370 1473 425 ne
1509 370 1820 428 umnam
1854 340 2223 429 GALLICANA
2259 373 2621 435 pansum.
3374 385 3467 437 ioo

134 479 397 544 nostrates,
429 474 940 551 ecclesiarumque
975 479 1158 534 forma
1192 486 1249 535 et
1285 487 1586 552 apparatus
1628 484 1976 539 describitur.
2008 486 2178 539 Porro
2216 484 2277 539 in
2311 485 2538 539 exordio
2580 489 2635 539 et
2667 484 2779 540 ﬁne
2806 484 2935 541 libri
2965 486 3265 559 exponitur
3288 493 3472 562 qualis

48 588 51 605 ι
141 565 277 619 fuerit
309 565 609 635 majorum
650 572 988 622 nostrorum
1023 585 1127 638 per
1166 569 1226 623 id
1262 574 1487 642 tempus
1516 571 1584 625 de
1616 572 1963 627 Eucharistia
1987 573 2124 627 fides
2150 577 2206 627 et
2230 574 2535 643 persuasio.
2568 576 2915 645 Argumenta
2941 581 3194 646 repetere
3221 578 3327 634 hoc
3350 580 3471 635 loco

139 671 230 708 non
244 655 421 724 juvat.
450 656 606 710 Illud
632 658 890 728 quadam
916 659 1287 729 explicatione
1316 660 1555 731 indiget,
1578 662 1729 732 quod
1755 663 1972 733 agendo
2003 663 2070 717 de
2097 662 2321 717 ciboriis
2346 664 2592 734 antiquis
2618 663 2883 733 (aediculae
2912 670 3071 718 erant
3096 667 3472 724 umbellamm

135 743 287 797 instar
309 761 488 815 super
515 746 745 814 altaria,
770 752 1016 817 quatuor
1042 748 1347 802 minimum
1377 750 1651 804 columnis
1676 751 1902 821 innixae)
1930 752 1989 805 in
2017 753 2340 822 exemplum
2365 752 2694 807 adducimus
2720 753 2891 807 altare
2920 753 3281 823 parthenonis
3306 757 3472 811 Vallis

136 831 310 885 Gratiae
335 833 496 902 apud
526 834 800 903 Parisios,
830 835 983 905 quod
1012 836 1314 890 recentiori
1340 839 1724 892 Romanorum
1750 856 1857 893 usu
1890 856 2005 893 non
2030 840 2326 907 ciborium,
2355 840 2450 895 sed
2477 840 2875 895 baldachinum
2904 842 3172 911 appellari
3195 843 3379 911 debet,
3408 850 3473 900 ut

131 934 209 972 me
244 920 474 974 monuit
524 922 791 975 eruditus
838 927 896 977 et
946 924 1283 978 venerabilis
1323 926 1587 980 Claudius
1623 928 1964 981 Castellanus
2010 928 2265 982 Ecclesiae
2307 928 2628 983 Parisiensis
2672 929 2992 982 canonicus.
3044 930 3103 982 ld
3147 946 3277 985 vero
3322 932 3472 986 inter

126 1012 422 1079 utrumque
448 1008 806 1064 discriminis
832 1015 936 1080 est,
968 1011 1120 1082 quod
1159 1012 1479 1067 baldachini
1510 1031 1639 1085 pars
1664 1016 1922 1087 superior
1945 1022 2158 1087 aperta,
2187 1022 2243 1071 et
2268 1018 2328 1071 in
2359 1033 2576 1071 coronae
2601 1017 2836 1071 modum
2865 1034 3108 1072 convexa
3132 1024 3245 1089 est;
3278 1020 3470 1075 ciborii

122 1112 273 1166 aequa
296 1101 356 1150 et
374 1097 578 1168 plana,
600 1115 722 1153 non
747 1105 977 1171 aperta;
1007 1101 1320 1155 armarium
1346 1103 1685 1172 quadratum
1712 1105 1771 1158 in
1797 1121 2019 1160 summo
2044 1105 2258 1159 habens
2277 1106 2347 1160 ad
2366 1106 2729 1160 asservandas
2750 1105 3043 1176 reliquias;
3069 1111 3125 1161 et
3147 1108 3467 1178 particulas,

120 1186 278 1255 vulgo
307 1188 643 1255 ringuiéres,
670 1188 733 1241 in
759 1188 1000 1242 circuitu
1026 1189 1275 1244 armarii.
1312 1191 1388 1245 Ita
1419 1192 1612 1246 Romae
1647 1193 1921 1247 ciborium
1952 1193 2126 1248 sancti
2151 1194 2396 1263 Joannis,
2426 1198 2481 1248 et
2516 1197 2723 1248 sanctae
2758 1193 3046 1262 Praxedis;
3076 1193 3470 1250 baldachinum

119 1274 285 1327 sancti
328 1275 489 1329 Petri
526 1276 872 1346 appellatur.
900 1279 987 1331 An
1026 1282 1336 1349 utrumque
1372 1281 1525 1350 apud
1565 1282 1824 1352 antiquos
1858 1283 1917 1336 in
1961 1299 2068 1337 usu
2108 1283 2296 1352 fuerit,
2330 1299 2445 1337 non
2488 1282 2667 1353 liquet
2697 1299 2711 1335 :
2743 1287 2801 1337 at
2837 1286 2987 1336 certe
3022 1299 3138 1336 una
3172 1283 3281 1337 fuit
3321 1284 3470 1353 apud
3524 1335 3535 1345 _

118 1377 308 1415 omnes
351 1362 555 1417 cibarii
593 1364 924 1434 appellatio.
954 1365 1111 1419 Unde
1152 1366 1428 1421 ciborium
1469 1370 1712 1439 sepulcri
1749 1371 1926 1424 sancti
1958 1371 2109 1425 Petri
2145 1371 2205 1424 in
2231 1371 2492 1425 Vaticano
2530 1374 2759 1424 vocatur
2793 1386 2826 1423 a
2859 1370 3126 1441 Gregorio
3160 1371 3470 1426 Turonensi

117 1449 379 1520 episcopo
408 1450 474 1503 in
498 1450 602 1505 lib.
635 1467 654 1504 1
680 1451 752 1505 de
780 1452 970 1506 Gloria
993 1458 1310 1524 martyrum
1336 1471 1460 1527 cap.
1488 1460 1578 1512 28.
1609 1458 1668 1511 Id
1696 1458 1979 1514 monuisse
2006 1459 2114 1513 hoc
2138 1459 2260 1513 loco
2284 1458 2556 1529 aliquanti
2584 1457 2858 1513 momenti
2884 1463 2987 1513 est.

174 1577 289 1631 VII.
320 1577 628 1633 Secundus
662 1579 813 1634 liber
850 1580 1078 1635 exhibet
1117 1581 1531 1639 Lectionarium
1566 1578 1934 1654 Gallicanum,
1965 1587 2117 1658 quod
2155 1587 2213 1641 in
2246 1585 2578 1640 Luxoviensi
2614 1583 2988 1639 Benedictinae
3026 1582 3472 1656 congregationis

118 1666 288 1720 sancti
318 1665 519 1745 Vitoni
545 1666 864 1738 percelebri
894 1671 1233 1725 monasterio
1260 1672 1596 1742 reperimus.
1628 1675 1689 1728 In
1727 1674 1848 1745 ipso
1879 1675 2113 1744 hujusce
2138 1674 2269 1728 libri
2297 1673 2495 1728 limine
2530 1673 2801 1727 nonnulla
2840 1672 2908 1727 de
2948 1673 3202 1727 Adventu
3228 1672 3468 1742 Domini,

115 1760 162 1808 et
184 1754 259 1808 de
303 1755 476 1809 festis
510 1742 672 1827 apud
703 1757 889 1812 Gallos
927 1758 1241 1830 antiquitus
1266 1761 1504 1832 receptis
1541 1742 1986 1834 praemittuntur,
2015 1761 2346 1835 singillatim
2385 1762 2584 1817 deinde
2621 1762 2734 1815 suis
2761 1760 2896 1815 locis
2923 1777 3025 1832 per
3054 1766 3236 1815 totum
3261 1759 3471 1815 librum

114 1843 477 1913 explicanda.
509 1844 661 1898 Nihil
688 1845 749 1899 in
783 1844 879 1900 illo
911 1847 1262 1903 Lectionario
1287 1865 1404 1904 non
1442 1850 1679 1922 dignum
1716 1852 2103 1908 observatione
2132 1868 2145 1905 :
2175 1851 2357 1906 multa
2387 1850 2717 1921 singularia,
2739 1850 3053 1920 praesertim
3079 1864 3206 1920 quae
3234 1848 3303 1903 ad
3337 1865 3469 1919 pas-

114 1932 328 1987 sionem
356 1932 593 1986 Domini
621 1938 677 1988 et
703 1934 775 1989 ad
805 1936 1145 2006 Rogationes
1174 1938 1479 2008 pertinent.
1510 1940 1796 1995 Lectiones
1821 1956 1887 1995 ex
1919 1941 2205 2011 Scriptura
2234 1957 2337 1994 nec
2364 1940 2608 1993 multum
2634 1938 2906 1992 recedunt
2934 1954 2967 1991 a
2992 1937 3230 2007 Vulgata
3256 1942 3468 2005 nostra,

114 2035 205 2075 nec
236 2021 491 2075 omnino
522 2038 657 2076 cum
684 2021 785 2077 illa
808 2026 1172 2081 conveniunt.
1193 2028 1501 2083 Varietates
1520 2028 1852 2100 insigniores
1872 2029 1930 2083 in
1950 2030 2061 2083 fine
2080 2029 2264 2100 Operis
2282 2029 2611 2082 referemus.
2634 2024 2963 2080 Lectionarii
2984 2026 3152 2094 hujus
3169 2024 3473 2095 antiquitas

114 2125 170 2162 ex
197 2108 371 2164 festis
401 2110 467 2165 in
505 2126 574 2165 eo
601 2112 915 2182 recensitis,
946 2118 1002 2169 et
1030 2130 1100 2169 ex
1126 2115 1466 2185 litterarum,
1495 2118 1700 2189 quibus
1734 2124 1999 2173 exaratus
2026 2124 2109 2173 est
2145 2118 2349 2187 Codex,
2376 2118 2559 2171 forma
2587 2113 2942 2186 intelligitur.
2971 2115 3158 2167 Pauca
3182 2113 3390 2184 quippe
3414 2113 3474 2166 in

112 2213 167 2251 eo
195 2199 352 2253 festa
384 2215 399 2253 :
433 2200 667 2254 nullum
711 2206 923 2257 sanctae
958 2203 1251 2259 Genovefee
1279 2206 1369 2260 die
1407 2208 1583 2261 natali
1620 2201 1922 2263 recentius.
1949 2208 2314 2263 Characteres
2344 2206 2449 2277 ipsi
2485 2202 2919 2274 Merovingicam
2948 2202 3202 2257 referunt
3232 2201 3471 2272 scriptu-

112 2303 250 2355 ram,
282 2304 424 2359 quae
456 2289 566 2343 sub
594 2289 785 2360 prima
812 2294 1017 2363 regum
1043 2298 1365 2349 nostrorum
1392 2295 1564 2368 stirpe
1585 2297 1794 2352 usitata
1821 2302 1959 2352 erat.
1988 2297 2094 2352 Sed
2119 2312 2190 2351 ne
2214 2294 2407 2350 lectori
2432 2294 2626 2349 fucum
2652 2292 2838 2348 facere
2856 2290 3169 2358 videamur,
3192 2290 3475 2362 specimen

113 2377 436 2448 scripturae,
470 2393 605 2449 quae
630 2378 689 2433 in
715 2378 813 2434 illo
842 2382 1030 2437 codice
1056 2382 1269 2455 ubique
1299 2385 1529 2456 aequalis
1546 2389 1646 2454 est,
1677 2386 1777 2441 aeri
1803 2385 2045 2442 incisum
2076 2385 2168 2440 hic
2198 2383 2549 2441 exhibemus.

248 2615 1815 3079 ἒῇῗὰῌωδδωδὶωνωω

693 2980 777 3064 u
790 2920 1096 3079 r88:
1157 2849 1815 3079 cummi

1808 2683 2255 2905 taceto
2272 2687 2581 2847 amr
2614 2582 3375 2878 annos

1808 2951 2026 3071 LM.
2036 2815 3230 3079 Wmmucli

1137 2815 3230 3166 ausimausim

941 3148 1241 3343 sic
1298 3139 2019 3361 ειωγαῦ
2164 3052 3373 3373 sataesatae

633 3052 2023 3437 Μ’γῷζῶἕῇ
2049 3052 2106 3068 ⁷
2122 3052 2200 3284 ’ς

1829 3052 2023 3357 is
2049 3052 2106 3068 ⁷
2122 3052 2145 3108 ’
2164 3052 3396 3417 ωᾴιςεήξίεὶςδὶιδςω

110 3552 213 3609 Hoc
251 3555 557 3627 specimen
597 3556 646 3612 si
688 3557 817 3629 quis
864 3574 996 3613 cum
1037 3558 1169 3629 illis,
1211 3575 1339 3631 quae
1377 3558 1435 3612 in
1477 3557 1621 3612 libro
1659 3573 1691 3609 v
1733 3557 1801 3613 de
1842 3558 1923 3613 Re
1968 3557 2328 3628 diplomatica
2365 3560 2744 3628 exponuntur,
2789 3556 3043 3612 conferre
3080 3558 3317 3613 voluerit
3350 3575 3474 3615 eam

110 3641 552 3717 Merovingicam
593 3662 718 3701 esse
755 3646 1096 3718 scripturam
1130 3648 1426 3702 nobiscum
1460 3646 1608 3700 ultro
1646 3645 1933 3700 fatebitur.
1963 3646 2124 3700 Haud
2154 3645 2265 3699 scio
2303 3661 2377 3699 an
2411 3644 2593 3698 ullum
2630 3644 2702 3699 sit
2728 3644 3140 3699 Lectionarium
3175 3646 3280 3701 hoc
3311 3647 3475 3701 Galli-

110 3746 244 3788 cano
271 3735 580 3806 antiquius
614 3751 629 3789 :
660 3735 707 3789 si
732 3734 878 3790 forte
908 3736 1155 3808 excipias
1179 3736 1392 3791 librum
1417 3734 1654 3802 comitis,
1685 3734 2031 3788 indicantem
2062 3734 2328 3789 lectiones
2352 3733 2423 3788 ad
2446 3749 2615 3787 usum
2639 3732 2897 3788 Ecclesiae
2926 3734 3192 3787 Romanae
3225 3750 3239 3788 :
3265 3750 3380 3805 quo
3404 3735 3473 3789 de

107 3818 246 3876 libro
285 3823 515 3878 mentio
559 3823 628 3877 ﬁt
672 3823 735 3877 in
781 3824 980 3878 charta
1020 3824 1387 3891 Cornutiana,
1433 3839 1561 3894 qua:
1604 3825 1770 3878 Leone
1803 3825 2046 3892 Augusto
2094 3838 2168 3890 ιν,
2206 3827 2257 3877 et
2295 3824 2560 3878 Probiano
2598 3837 2749 3884 coss.,
2796 3837 2895 3876 seu
2939 3837 3087 3876 anno
3126 3822 3330 3877 Christi
3368 3824 3465 3878 471

109 3908 235 3964 data
255 3917 368 3967 est.

172 4036 313 4092 VIII.
348 4036 615 4093 Tertium
655 4038 873 4095 librum
913 4039 1267 4096 constituunt
1290 4037 1530 4095 Missalia
1567 4036 1702 4110 tria,
1730 4054 1974 4111 quorum
1998 4038 2245 4111 primam
2274 4036 2579 4094 editionem
2607 4038 2845 4109 Josepho
2869 4037 3165 4093 Thomasio
3189 4054 3323 4094 mox
3346 4038 3470 4094 lau-

107 4121 229 4179 dato
261 4131 575 4199 acceptam
602 4129 820 4185 referre
850 4130 1141 4186 debemus.
1169 4129 1425 4184 Primum
1456 4134 1537 4184 est
1562 4128 1857 4184 Gothicum
1883 4145 1983 4184 seu
2005 4128 2581 4201 Gothicogallicanum
2602 4146 2619 4183 :
2640 4144 2752 4200 quo
2775 4126 2982 4183 scilicet
3006 4128 3311 4183 utebantur
3333 4127 3473 4183 Galli

107 4212 542 4287 Visigothorum
568 4217 814 4289 imperio
844 4220 1101 4291 subjecti.
1128 4220 1429 4291 Exemplar
1447 4224 1627 4275 exstat
1644 4219 1704 4273 in
1733 4218 2073 4273 bibliotheca
2099 4218 2469 4274 serenissimaa
2491 4215 2787 4273 Christinaa
2814 4217 3119 4272 Succorum
3144 4217 3356 4288 regina:
3386 4218 3474 4273 lit-

106 4304 235 4357 teris
261 4306 576 4375 quadratis
606 4311 664 4361 et
696 4309 1030 4379 majusculis
1058 4308 1334 4379 scriptum
1358 4310 1490 4363 ante
1518 4324 1695 4363 annos
1720 4312 2064 4379 nongentos,
2093 4312 2156 4363 ut
2183 4307 2495 4379 peritorum
2514 4306 2726 4378 judicio
2757 4306 2971 4361 censuit
2995 4305 3470 4361 eminentissimus

105 4392 412 4448 cardinalis
454 4395 635 4463 Bona,
667 4400 724 4451 et
761 4397 1098 4453 Thomasius
1141 4401 1268 4469 post
1306 4414 1457 4453 eum.
1489 4398 1715 4452 Nullum
1759 4398 1818 4451 in
1858 4414 1923 4452 eo
1958 4397 2165 4452 festum
2202 4397 2483 4452 recentius
2523 4413 2693 4468 quam
2736 4395 2909 4450 sancti
2951 4394 3291 4465 Leodegarii,
3323 4410 3470 4449 anno

107 4480 199 4534 678
236 4499 387 4538 nece
425 4483 640 4540 affecti.
669 4486 922 4541 Alterum
960 4487 1175 4543 Missale
1222 4487 1447 4542 brevius
1481 4492 1711 4541 vocatur
1745 4488 2117 4556 Francorum,
2150 4503 2219 4541 ex
2260 4486 2457 4540 eadem
2498 4485 2867 4554 bibliotheca,
2904 4483 3055 4554 quod
3090 4482 3391 4537 uncialibus
3419 4488 3470 4537 et

107 4571 400 4634 quadratis
427 4573 632 4628 litteris
661 4574 864 4629 itidem
894 4576 1169 4647 scriptum
1198 4574 1394 4631 asserit
1426 4575 1691 4645 Marinus,
1722 4574 1819 4647 qui
1855 4575 1991 4629 illud
2029 4574 2317 4647 quondam
2346 4573 2499 4643 vidit,
2530 4578 2586 4628 et
2617 4578 2746 4628 ante
2780 4587 2994 4627 annum
3030 4574 3131 4626 560
3173 4574 3467 4625 exaratum

108 4656 481 4715 existimavit.
508 4661 701 4716 Malim
732 4664 919 4719 dicere
943 4670 1071 4735 post
1097 4665 1431 4736 Gregorium
1456 4665 1745 4736 Magnum,
1775 4664 1934 4735 cujus
1969 4665 2416 4719 additamentum
2441 4662 2501 4717 in
2528 4677 2738 4717 canone
2764 4662 2969 4730 missa),
3000 4676 3224 4732 nempe,
3254 4662 3469 4732 diesque

106 4752 309 4803 nostros
336 4753 400 4803 in
430 4754 533 4805 tua
553 4767 690 4821 pace
711 4753 989 4824 disponas,
1007 4754 1067 4809 in
1092 4771 1157 4810 eo
1176 4755 1386 4809 missali
1408 4755 1669 4809 habetur.
1695 4755 1754 4807 [n
1774 4754 2120 4808 orationibus
2145 4769 2248 4825 pro
2274 4769 2451 4824 regno
2477 4757 2533 4808 et
2554 4752 2782 4823 regibus
2806 4751 3128 4806 indicantur
3145 4752 3466 4806 Francorum

107 4847 242 4904 reges
274 4843 333 4893 et
363 4844 619 4895 rectores.
648 4842 810 4905 Quod
847 4849 1186 4916 argumento
1213 4849 1297 4899 est
1322 4860 1437 4899 non
1472 4844 1543 4898 ad
1569 4860 1772 4913 unum,
1804 4844 1899 4898 sed
1924 4843 1993 4897 ad
2029 4844 2219 4915 plures
2258 4848 2392 4897 tunc
2430 4842 2765 4913 pertinuisse
2790 4840 3187 4912 principatum.
3216 4839 3464 4894 Tertium

111 4920 319 4982 Missale
370 4928 589 4983 dicitur
626 4929 1005 5005 Gallicanum,
1033 4951 1067 4988 a
1103 4934 1384 4989 cardinale
1425 4935 1575 4988 Bona
1610 4933 1905 4988 laudatum
1937 4948 1950 4988 :
1982 4933 2071 4987 cui
2102 4931 2398 5003 imperitus
2432 4948 2716 4986 nonnemo
2753 4934 2927 4987 Missa
2964 4932 3213 4985 Romanae
3234 4927 3463 4982 titulum

94 5012 393 5072 afﬁxerat.
422 5018 642 5074 Eodem
681 5021 1075 5079 characterum
1112 5040 1325 5096 genere
1358 5023 1629 5095 scriptum
1671 5027 1754 5077 est
1789 5038 1853 5075 ac
1890 5022 2081 5093 priora
2118 5022 2248 5076 duo.
2276 5025 2607 5077 Asservatur
2633 5022 2693 5075 in
2729 5019 3067 5074 bibliotheca
3091 5018 3369 5086 Vaticana,
3398 5034 3463 5074 eo

71 5105 460 5161 ‘translatum
488 5123 560 5162 ex
588 5109 845 5166 Palatina
858 5128 959 5168 seu
987 5113 1467 5185 Heidelbergensi.
1495 5112 1661 5167 Plura
1686 5112 1755 5168 de
1780 5111 1869 5167 his
1898 5111 2078 5166 tribus
2103 5111 2409 5167 Missalibus
2435 5110 2597 5165 initio
2623 5110 2751 5164 libri
2778 5124 2859 5164 in.

169 5230 257 5287 IX.
294 5231 540 5287 Duobus
582 5234 704 5289 aliis
739 5241 865 5291 tum
901 5237 1253 5310 integritate,
1278 5241 1403 5293 tum
1438 5237 1789 5309 antiquitate,
1819 5237 1987 5308 longe
2027 5240 2258 5308 praestat
2289 5236 2504 5291 Missale
2544 5234 2816 5305 primum,
2844 5233 2996 5305 quod
3035 5233 3330 5289 Gothicam
3367 5250 3465 5290 seu

58 5319 710 5394 ~Gothicogallicanum
752 5327 1130 5397 appellamus.
1155 5329 1333 5399 Hujus
1368 5329 1690 5399 fragmenta
1726 5327 1986 5398 quaedam
2020 5326 2079 5380 in
2113 5330 2266 5380 tomo
2306 5329 2589 5397 postremo
2624 5322 2985 5377 Bibliotheca:
3018 5324 3246 5378 Patrum
3284 5324 3464 5379 addu-

66 5414 318 5466 <:untur
357 5430 433 5467 ex
459 5412 653 5469 officio
692 5416 865 5471 tridui
904 5423 1035 5472 ante
1080 5419 1314 5473 Pascha.
1345 5419 1411 5473 Et
1448 5418 1678 5488 quidem
1718 5417 1778 5471 in
1815 5416 1996 5471 ofticio
2037 5416 2261 5471 Sabbati
2300 5414 2499 5484 sancti,
2530 5429 2660 5468 cum
2699 5413 2976 5467 orationes
3008 5412 3079 5468 ad
3118 5412 3465 5484 baptismum

72 5499 463 5572 referuntur,
495 5504 765 5575 quaedam
809 5506 1064 5562 lectionis
1089 5507 1326 5562 varietas
1354 5512 1437 5562 est
1460 5507 1519 5561 in
1553 5507 1758 5562 ultima
1783 5506 2108 5562 collectione
2137 5506 2209 5561 ad
2241 5506 2362 5560 haec
2396 5504 2569 5559 verba
2600 5519 2613 5557 :
2644 5505 2882 5566 Oremus,
2905 5504 3106 5569 fratres
3142 5503 3461 5565 charissima}

79 5590 395 5647 ﬂaminum
420 5598 477 5648 et
501 5597 674 5649 Deum
699 5599 943 5649 nostrum
965 5612 1069 5666 pro
1093 5599 1295 5664 auratis
1320 5599 1535 5651 nostris.
1558 5599 1640 5650 Ita
1660 5597 1812 5668 apud
1838 5596 2232 5662 Thomasium;
2255 5598 2314 5649 at
2337 5596 2396 5649 in
2417 5593 2763 5648 Bibliotheca
2792 5593 3042 5658 Patrum,
3059 5605 3163 5660 pro
3180 5591 3467 5661 amphibiis

85 5682 236 5734 suis.
263 5680 380 5735 Sed
433 5685 647 5736 neutra
685 5683 856 5737 lectio
902 5684 1068 5738 nobis
1103 5685 1410 5755 probatur;
1449 5685 1748 5755 potiusque
1792 5684 2101 5755 legendum
2146 5684 2386 5752 videtur,
2418 5698 2518 5754 pro
2549 5682 2827 5751 neophytis
2850 5682 3066 5743 nostris,
3096 5682 3159 5732 ut
3195 5694 3296 5733 suo
3335 5679 3457 5732 loco

94 5770 463 5827 monuimus.
494 5772 819 5827 Luculenta
847 5787 981 5827 vero
1004 5789 1070 5827 ex
1094 5773 1203 5828 hoc
1230 5772 1431 5828 Missali
1462 5774 1696 5829 Gothico
1728 5773 2055 5829 testimonia
2081 5776 2358 5828 eruuntur
2383 5772 2456 5827 ad
2492 5768 3000 5826 demonstrandam
3034 5784 3229 5821 veram
3256 5762 3455 5821 Christi

112 5861 366 5934 Corporis
397 5864 455 5915 et
482 5861 791 5935 sanguinis
818 5861 877 5915 in
903 5862 1256 5918 Eucharistia
1278 5864 1660 5933 praesentiam,
1686 5879 1995 5935 verumque
2021 5863 2207 5918 missze
2242 5861 2598 5929 sacrificium,
2632 5864 2689 5913 et
2722 5856 2962 5913 Romani
2987 5856 3267 5926 pontiﬁcis
3294 5863 3458 5920 super

438 5959 724 6026 PA'I'ROL.
778 5954 1015 6022 LXXII.
3112 5957 3147 6014 4
