3968 6428
519 327 618 436 lO'l
1301 369 1634 427 APPENDIX
1673 369 1758 425 AD
1795 367 2016 425 OPERA
2051 366 2283 424 SANCTI
2319 367 2616 425 GERMANI
2654 367 3080 426 PARISIENSIS.
3797 370 3920 424 103

518 511 720 554 omnes
746 490 1040 564 episcopos
1066 483 1395 559 primatum.
1430 487 1553 540 Non
1583 483 1896 555 repetimus
1921 482 2096 537 modo
2125 497 2252 553 quae
2279 481 2350 536 de
2373 481 2495 553 ipsa
2522 480 2726 537 Christi
2754 483 3062 554 praesentia
3091 481 3148 537 in
3176 479 3410 538 exordio
3439 484 3497 537 et
3525 481 3586 538 in
3611 481 3733 536 ﬁne
3759 477 3919 534 libri

517 586 685 660 primi
711 583 843 638 inde
876 577 1233 650 protulimus.
1265 575 1410 630 Illud
1441 577 1664 628 tantum
1700 573 1963 627 addimus
1986 571 2045 625 in
2081 588 2350 642 praesens,
2384 572 2722 626 vocabulum
2751 575 3249 639 transformationis
3277 573 3483 644 saepius
3509 570 3784 626 adhiberi
3828 569 3920 622 ad

515 658 951 746 signiﬁcandam
979 667 1176 738 (quam
1208 663 1496 732 vocamus)
1529 660 2245 727 transsubstantiationem,
2275 664 2336 714 ut
2365 660 2424 714 in
2453 660 2852 731 missa,octava
2879 661 2949 716 de
2978 662 3442 728 Circumcisione,
3473 678 3606 733 pag.
3635 663 3813 725 202',
3844 658 3916 711 in

515 764 686 820 missa
715 757 982 813 vicesima
1009 771 1112 826 pro
1144 753 1418 809 cathedra
1444 751 1621 806 sancti
1653 751 1824 816 Petri,
1857 755 1915 804 et
1954 751 2012 805 in
2049 749 2222 804 missa
2258 751 2684 821 septuagesima
2719 751 2921 822 quinta
2956 751 3026 805 de
3061 756 3258 806 sancto
3298 749 3677 821 Leodegario.
3711 747 3914 802 Simi-

511 854 642 908 liter
667 847 914 904 occurrit
945 845 1098 900 idem
1124 841 1460 898 vocabulum
1491 841 1547 894 in
1577 839 1790 894 missali
1817 841 2184 907 Francorum,
2212 856 2343 911 pag.
2380 843 2502 906 307,
2535 843 2592 894 et
2626 841 2684 895 in
2713 841 3025 908 Gallicano,
3052 842 3212 912 cujus
3241 840 3590 895 sententiam
3625 854 3766 892 mox
3800 852 3913 890 re—

509 938 680 996 laturi
712 953 926 993 sumus.

580 1113 640 1166 X.
673 1107 950 1180 Egregius
974 1103 1128 1158 locus
1156 1103 1242 1154 est
1270 1097 1502 1154 Missalis
1531 1097 1753 1154 Gothici
1795 1097 1852 1152 in
1881 1097 2071 1154 ofﬁcio
2100 1098 2524 1170 septuagesimo
2553 1104 2752 1155 octavo
2789 1099 2859 1154 de
2894 1099 3170 1154 sacriﬁcio
3204 1097 3459 1170 corporis
3490 1101 3548 1152 et
3579 1094 3912 1167 sanguinis

511 1201 595 1256 sui
628 1216 662 1254 a
687 1196 908 1253 Christo
935 1194 994 1246 in
1023 1207 1185 1245 coena
1215 1189 1495 1243 instituto.
1531 1189 1638 1255 Qui
1659 1191 1896 1256 formam
1923 1191 2176 1257 sacriﬁcii
2195 1192 2446 1260 perennis
2474 1193 2780 1253 instituens,
2811 1191 3042 1245 hostiam
3067 1205 3121 1244 se
3146 1190 3248 1242 tibi
3276 1190 3478 1258 (Deum
3513 1188 3754 1240 Patrem
3798 1201 3912 1239 sa-

508 1287 709 1345 cerdos
736 1280 1062 1354 alloquitur)
1084 1282 1323 1350 primum
1349 1278 1564 1339 obtulit,
1588 1282 1638 1332 et
1662 1280 1874 1348 primus
1903 1278 2084 1332 docuit
2107 1279 2308 1348 offerri.
2340 1278 2504 1343 Quod
2534 1279 2604 1333 de
2636 1279 2933 1346 sacriﬁcio,
2964 1296 3079 1333 non
3107 1278 3306 1344 crucis,
3331 1277 3434 1331 sed
3456 1293 3634 1330 coenae
3659 1274 3912 1328 dictum

507 1395 630 1433 esse
661 1373 840 1446 quivis
866 1370 1133 1426 cordatus
1161 1369 1341 1422 lector
1370 1366 1658 1437 intelligit.
1691 1368 1908 1421 Praeter
1932 1367 2040 1422 hoc
2069 1367 2484 1436 testimonium,
2514 1369 2667 1439 quod
2695 1369 2858 1423 initio
2883 1369 3011 1423 libri
3042 1385 3101 1422 ιιι
3121 1366 3504 1439 exposuimus,
3530 1363 3690 1418 aliud
3715 1363 3912 1417 nobis

505 1467 659 1522 idem
689 1462 906 1518 Missale
935 1457 1261 1530 suppeditat
1289 1457 1347 1510 in
1377 1456 1538 1510 Missa
1569 1456 1954 1527 praecedente,
1986 1457 2080 1510 ubi
2108 1457 2165 1511 in
2195 1457 2456 1512 oratione
2477 1463 2600 1528 post
2627 1461 2966 1526 mysterium,
2998 1458 3054 1512 id
3081 1462 3167 1510 est
3195 1459 3324 1528 post
3353 1452 3906 1517 consecrationem,

503 1558 625 1612 haec
651 1555 922 1625 leguntur
949 1568 962 1605 ε
992 1553 1251 1619 Magnum
1277 1549 1372 1602 hoc
1396 1563 1589 1602 munus
1612 1548 1992 1602 misericordiae
2020 1553 2116 1611 est,
2144 1551 2240 1618 qui
2263 1549 2414 1603 nobis
2439 1550 2619 1604 docuit
2643 1551 3024 1620 redemptionis
3065 1553 3260 1603 nostra
3285 1547 3548 1614 sacriﬁcia
3583 1543 3906 1603 celebrare,

501 1651 639 1702 sicut
665 1644 860 1699 obtulit
885 1641 1138 1696 Dominus
1166 1642 1342 1692 noster
1365 1639 1515 1692 Iesus
1543 1637 1784 1694 Christus
1812 1639 1870 1690 in
1897 1638 2075 1692 terris.
2105 1637 2199 1690 His
2239 1637 2459 1691 accedit
2497 1638 2698 1691 tertius
2733 1639 2889 1692 locus
2925 1655 2991 1692 ex
3030 1636 3234 1692 Missali
3275 1635 3566 1689 Gallicano
3599 1631 3662 1686 in
3702 1631 3907 1686 C(Plla

503 1732 751 1798 Domini,
783 1732 842 1786 in
877 1746 986 1800 qua
1025 1728 1276 1783 Dominus
1319 1730 1497 1780 noster
1535 1728 1684 1780 Iesus
1723 1727 1964 1783 Christus
2008 1729 2067 1780 in
2104 1742 2238 1781 novo
2269 1730 2601 1782 Testamento
2631 1727 2976 1796 sacriﬁcandi
3000 1729 3167 1785 ritum
3197 1726 3493 1780 instituisse
3518 1725 3906 1780 memoratur,

501 1826 630 1880 dum
652 1837 852 1894 panem
881 1823 932 1872 et
953 1821 1158 1880 vinum,
1191 1832 1308 1886 qua:
1349 1815 1728 1870 Melchisedech
1765 1818 1823 1869 in
1852 1817 2290 1886 praeﬁguratione
2313 1818 2498 1884 futuri
2521 1819 2770 1885 mysterii
2801 1818 3045 1872 sacerdos
3076 1815 3364 1877 obtulerat,
3389 1816 3447 1867 in
3473 1814 3906 1867 sacramentum

496 1917 586 1970 sui
604 1912 838 1983 corporis
865 1914 914 1964 et
939 1909 1220 1976 sanguinis
1249 1907 1682 1972 transformavit.
1711 1905 1823 1958 Nec
1851 1905 2236 1958 omittendum
2263 1906 2371 1959 hoc
2405 1907 2528 1960 loco
2557 1906 2614 1960 id
2643 1906 2798 1978 quod
2825 1905 3110 1976 legiturin
3136 1903 3339 1958 Missali
3361 1903 3718 1956 Francorum
3741 1913 3899 1969 pag.

502 2006 604 2059 325
633 2018 648 2056 :
679 2000 911 2057 Remotis
938 1995 1432 2052 obumbrationibus
1457 1995 1760 2048 carnalium
1785 1995 2148 2058 victimarum,
2177 1997 2480 2066 spiritalem
2513 1997 2632 2058 tibi,
2661 2011 2863 2050 summe
2887 1998 3069 2057 Pater,
3099 1995 3328 2048 hostiam
3355 1992 3592 2062 supplici
3615 1992 3906 2044 servitute

499 2092 792 2158 deferimus
820 2105 834 2141 :
867 2101 986 2156 quae
1011 2087 1148 2140 miro
1181 2083 1551 2153 ineffabilique
1579 2085 1831 2152 mysterio
1857 2089 1908 2138 et
1932 2084 2246 2138 immolatur
2267 2100 2492 2154 semper,
2531 2089 2580 2138 et
2615 2085 2800 2139 eadem
2837 2100 3044 2155 semper
3085 2084 3337 2153 offertur;
3363 2082 3685 2151 pariterque
3714 2082 3768 2130 et
3802 2077 3904 2131 de-

497 2184 741 2236 uotarum
767 2191 980 2237 munus,
1011 2178 1063 2229 et
1089 2175 1482 2228 remunerantis
1509 2178 1585 2228 est
1606 2176 1916 2244 premium.
1939 2173 2042 2227 Ubi
2070 2175 2372 2244 spiritalem
2399 2176 2629 2230 hostiam
2651 2175 2786 2228 dicit
2810 2174 3095 2240 sacerdos,
3124 2171 3279 2244 quod
3310 2169 3642 2242 spiritaliter
3669 2167 3903 2220 immo-

499 2269 648 2324 letur
669 2283 806 2324 vera
835 2262 1040 2325 Christi
1065 2279 1217 2329 caro,
1249 2279 1528 2334 verusque
1558 2262 1806 2334 sanguis.
1839 2263 2026 2327 Quid?
2053 2263 2207 2335 quod
2233 2265 2519 2319 adoranda
2545 2267 2810 2334 sacriﬁcia
2839 2265 3202 2335 appellantur
3222 2262 3278 2316 in
3303 2262 3415 2314 ﬁne
3438 2257 3590 2313 tertii
3611 2256 3895 2322 Missalis,

501 2356 714 2411 scilicet
737 2352 1030 2419 Gallicani,
1060 2368 1192 2422 pag.
1223 2353 1345 2406 377.
1377 2351 1500 2404 Alia
1526 2351 1584 2405 id
1613 2367 1794 2422 genus
1820 2368 1935 2406 non
1964 2369 2145 2423 pauca
2172 2353 2686 2424 praetermittimus.

566 2526 649 2582 XI.
675 2521 838 2590 Quod
862 2520 1068 2576 attinet
1087 2521 1158 2574 ad
1187 2520 1496 2592 primatum
1521 2521 1765 2575 Romani
1786 2522 2092 2592 pontiﬁcis,
2119 2539 2249 2576 eum
2272 2523 2478 2594 probat
2498 2523 2670 2577 missa
2693 2523 2762 2577 de
2786 2526 2982 2578 sancto
3003 2525 3170 2593 Xysto
3192 2539 3341 2593 papa
3362 2524 3420 2574 et
3438 2522 3721 2590 martyre,
3751 2535 3896 2590 quae

494 2614 554 2671 in
583 2613 785 2671 Missali
816 2611 1052 2666 Gothico
1083 2613 1168 2663 est
1197 2609 1400 2664 ordine
1427 2610 1909 2682 quinquagesima
1939 2616 2139 2667 octava
2167 2629 2180 2666 :
2211 2615 2295 2668 Ecc
2321 2614 2514 2682 quibus
2540 2619 2617 2668 est
2639 2619 2856 2669 sanctus
2883 2630 2946 2668 ac
2966 2613 3287 2667 venerabilis
3319 2612 3506 2667 Sixtus
3532 2613 3894 2678 martyr.....

492 2708 590 2776 qui
625 2705 755 2759 dum
787 2701 1092 2772 apostolicae
1125 2699 1266 2754 sedis
1303 2702 1587 2770 accepisset
1626 2703 1884 2768 insignia,
1913 2706 1964 2755 et
1995 2717 2050 2756 se
2083 2704 2325 2771 primum
2359 2718 2464 2756 esse
2498 2705 2816 2773 conspiceret
2853 2703 3209 2765 sacerdotum,
3241 2700 3300 2754 id
3325 2702 3412 2753 est
3440 2697 3892 2769 episcoporum,

495 2793 592 2864 qui
618 2792 676 2846 in
701 2791 790 2845 his
812 2789 1124 2844 Missalibus
1153 2788 1340 2842 solent
1367 2788 1641 2858 appellari
1669 2791 1986 2852 sacerdotes,
2015 2791 2332 2861 presbyteri
2364 2808 2497 2846 vero
2531 2809 2646 2848 non
2689 2792 2864 2846 semel
2893 2794 3142 2853 seniores,
3172 2792 3234 2844 ut
3257 2790 3366 2844 col.
3396 2790 3521 2842 000.
3553 2787 3742 2856 Hujus
3773 2787 3894 2842 loci

495 2881 792 2938 occasione
839 2879 897 2932 in
939 2880 1195 2931 mentem
1238 2877 1481 2930 recurrit
1519 2877 1790 2932 solemnis
1826 2879 1982 2932 locus
2020 2897 2086 2933 ex
2117 2881 2382 2952 Cypriani
2421 2881 2565 2937 libro
2597 2883 2667 2936 de
2707 2883 2935 2937 Unitate
2973 2880 3257 2946 Ecclesiw,
3288 2878 3385 2932 ubi
3405 2880 3685 2948 primatus
3718 2878 3894 2930 Petro

491 2973 678 3026 datur.
710 2967 771 3022 Id
798 2971 1076 3037 tanquam
1107 2969 1502 3020 assumentum
1529 2967 1856 3037 rejecerunt
1884 2969 2086 3038 nuperi
2115 2969 2364 3024 editores
2390 2971 2762 3038 Oxonienses,
2793 2969 2926 3024 freti
2958 2969 3329 3040 antiquorum
3350 2964 3698 3020 auctoritate
3724 2964 3896 3019 codi-

493 3076 646 3126 cum,
679 3072 926 3128 quorum
953 3055 1214 3109 nonnulli
1243 3055 1391 3109 hanc
1418 3057 1731 3110 clausulam
1760 3074 1876 3112 non
1903 3057 2138 3125 habent,
2169 3059 2292 3112 aliis
2328 3076 2457 3114 eam
2496 3060 2842 3114 habentibus
2883 3076 3123 3113 numero
3165 3062 3221 3112 et
3260 3057 3413 3111 bona
3447 3058 3584 3109 nota
3613 3054 3703 3124 (ut
3742 3055 3894 3124 ipsis

492 3146 734 3217 videtur)
749 3145 1018 3217 potiores.
1033 3146 1105 3198 At
1123 3145 1343 3198 nullum
1365 3144 1632 3200 Codicem
1656 3147 1951 3217 proferent
1967 3147 2052 3218 (ut
2071 3148 2306 3219 quidem
2326 3151 2614 3221 putamus)
2635 3149 3020 3221 antiquiorem
3041 3147 3272 3219 Pelagio
3295 3162 3446 3218 papa
3473 3145 3596 3215 ejus
3615 3144 3895 3198 nominis

493 3235 766 3301 secundo,
799 3235 897 3305 qui
927 3233 985 3287 in
1016 3233 1257 3304 epistola
1288 3237 1443 3287 sexta
1470 3235 1620 3288 hunc
1646 3236 1912 3307 Cypriani
1945 3237 2134 3291 locum
2164 3237 2241 3291 ita
2273 3239 2452 3293 refert
2476 3255 2489 3293 :
2511 3240 2616 3296 Sed
2645 3245 2695 3294 et
2725 3240 2909 3294 beatus
2937 3240 3262 3308 Cyprianus,
3283 3237 3529 3304 egregius
3555 3239 3810 3303 martyr,
3832 3237 3895 3288 in

491 3327 647 3388 libro,
679 3341 833 3394 quem
859 3323 924 3377 de
955 3325 1189 3378 Unitatis
1223 3325 1433 3377 nomine
1467 3324 1731 3387 titulavit,
1758 3327 1900 3380 inter
1941 3325 2057 3379 alia
2089 3328 2164 3380 sic
2197 3327 2330 3380 dicit
2357 3347 2374 3380 :
2405 3329 2704 3382 Emori-dium
2741 3329 2810 3381 ab
2849 3331 3057 3381 unitate
3089 3327 3466 3396 proﬁciscitur,
3505 3328 3557 3378 et
3593 3325 3895 3392 primatus

487 3419 646 3472 Petro
670 3414 856 3475 datur,
881 3416 943 3466 ut
971 3428 1082 3466 una
1110 3413 1312 3470 Christi
1344 3413 1578 3467 Ecclesia
1617 3417 1667 3467 et
1701 3415 1958 3469 cathedra
1983 3419 2328 3470 monstretur.
2359 3419 2430 3471 Et
2455 3422 2700 3487 pastores
2737 3421 2863 3471 sunt
2904 3431 3100 3478 omnes,
3129 3419 3180 3469 et
3211 3429 3345 3483 grew
3371 3428 3510 3468 unus
3543 3412 3889 3481 ostenditur,

489 3507 586 3576 qui
609 3504 678 3558 ab
705 3503 960 3574 apostolis
986 3503 1238 3556 unanimi
1265 3505 1596 3556 consensione
1618 3508 1900 3572 pascatur.
1931 3505 2038 3558 Pro
2065 3504 2171 3558 hac
2198 3505 2442 3559 lectione
2473 3506 2722 3560 editores
2750 3505 2930 3560 citant
2963 3504 3199 3560 Codices
3239 3503 3438 3557 decem
3470 3517 3482 3555 :
3518 3500 3622 3554 sed
3649 3517 3761 3554 eos
3789 3517 3889 3555 re-

481 3593 708 3665 jiciunt,
739 3592 896 3646 nulla
919 3590 1132 3661 Pelagii
1163 3607 1326 3661 papae
1353 3592 1501 3646 facta
1526 3592 1845 3646 mentione.
1868 3595 1939 3646 At
1961 3593 2170 3647 sufﬁcit
2191 3593 2264 3648 ad
2286 3595 2598 3665 primatum
2621 3595 2792 3662 Petri,
2821 3593 2976 3666 quod
2999 3593 3314 3664 Cyprianus
3345 3590 3616 3645 Ecclesiae
3635 3593 3890 3646 unitatis

486 3685 766 3754 originem,
795 3682 865 3736 ab
892 3696 1018 3744 uno,
1042 3679 1099 3734 id
1123 3684 1209 3733 est
1238 3697 1272 3734 a
1291 3682 1480 3748 Petro,
1505 3684 1867 3753 incipientem,
1893 3682 2094 3736 asserit
2115 3699 2148 3736 a
2169 3683 2394 3738 Christo
2416 3685 2757 3738 institutam.
2779 3685 2996 3739 Clarius
3017 3683 3076 3737 in
3103 3683 3352 3754 Epistola
3375 3681 3448 3734 ad
3473 3680 3842 3736 Jubaianum
3871 3699 3884 3736 :

486 3776 640 3829 Petro
670 3775 911 3843 primum
944 3773 1219 3833 Dominus,
1254 3786 1415 3840 super
1453 3787 1609 3840 quem
1647 3772 1937 3842 aediﬁcavit
1961 3773 2274 3836 Ecclesiam,
2303 3779 2353 3829 et
2391 3775 2533 3829 unde
2567 3776 2796 3828 unitatis
2835 3777 3097 3842 originem
3125 3775 3365 3827 instituit
3391 3775 3444 3825 et
3469 3771 3748 3838 ostendit;
3775 3789 3884 3844 po-

487 3867 730 3917 testatem
764 3861 920 3915 illam
953 3860 1126 3921 dedit,
1153 3862 1262 3913 etc.
1293 3859 1407 3913 Sed
1449 3877 1625 3930 quam
1663 3862 1971 3932 praeclarus
2011 3863 2168 3916 locus
2207 3862 2265 3916 in
2297 3863 2557 3933 ejusdem
2592 3863 2832 3934 epistola
2876 3863 2950 3916 ad
2993 3861 3269 3926 Quintum
3298 3878 3311 3914 :
3345 3863 3489 3918 Nam
3516 3874 3612 3913 nec
3654 3862 3884 3924 Petrus,

485 3967 640 4022 quem
659 3952 902 4020 primum
929 3950 1184 4002 Dominus
1220 3949 1398 4017 elegit,
1429 3954 1480 4003 et
1521 3965 1682 4020 super
1710 3966 1866 4020 quem
1899 3951 2186 4020 mdiﬁcavit
2220 3954 2511 4008 Ecclesiam
2543 3969 2720 4016 suam,
2758 3968 2877 4007 cum
2914 3968 3090 4008 secum
3129 3951 3336 4006 Paulus
3375 3951 3441 4004 de
3466 3951 3889 4004 circumcisione

479 4038 820 4112 postmodum
863 4036 1208 4106 disceptaret,
1233 4037 1531 4092 vindicavit
1568 4039 1674 4092 sibi
1705 4040 1920 4108 aliquid
1957 4042 2266 4105 insolenter,
2293 4048 2392 4098 aut
2434 4048 2756 4112 arroganter
2795 4043 3104 4112 assumpsit,
3133 4045 3197 4096 ut
3235 4041 3434 4096 diceret
3471 4053 3528 4094 se
3560 4041 3884 4109 primatum

489 4135 680 4190 tenere,
711 4129 820 4181 etc.
849 4127 1018 4179 Petro
1038 4127 1404 4195 prioritatem,
1433 4129 1491 4180 et
1519 4127 1563 4180 si
1592 4128 1753 4182 lubet
1769 4132 2071 4199 primatum
2099 4132 2425 4186 concedunt
2451 4132 2699 4186 editores
2728 4131 3078 4186 Oxonienses
3105 4131 3164 4185 in
3197 4130 3347 4185 notis
3373 4128 3446 4183 ad
3471 4129 3625 4182 hanc
3654 4129 3881 4201 episto-

489 4218 626 4284 lam,
657 4215 830 4270 modo
866 4231 935 4268 ne
966 4216 1356 4285 principatum.
1382 4216 1758 4280 Quantumvis
1791 4221 1982 4273 autem
2017 4221 2100 4292 (ut
2125 4221 2229 4292 ipsi
2259 4222 2602 4293 obtendunt)
2627 4221 2879 4276 Africani
2904 4221 3175 4294 prtesules
3201 4219 3580 4292 prohiberent
3607 4219 3878 4290 appella-

487 4306 674 4361 tiones
701 4304 1142 4372 transmarinas;
1167 4306 1320 4376 apud
1349 4323 1446 4360 eos
1473 4310 1666 4363 tamen
1689 4310 1922 4365 Ecclesia
1946 4314 2190 4367 Romana
2214 4318 2377 4384 caput
2403 4313 2639 4368 omnium
2658 4314 3013 4369 Ecclesiarum
3041 4312 3403 4378 censebatur,
3427 4313 3575 4363 teste
3604 4309 3877 4381 Eugenio

489 4396 755 4468 episcopo
782 4394 1220 4465 Carthaginensi
1255 4396 1406 4468 apud
1439 4397 1724 4453 Victorem
1749 4400 2042 4455 Vitensem
2070 4402 2128 4456 in
2149 4403 2248 4456 lib.
2273 4420 2332 4457 II.
2359 4403 2472 4458 Sed
2492 4403 2719 4474 longius
2742 4404 3129 4474 provehimur.
3154 4403 3344 4457 Unum
3367 4403 3564 4454 tamen
3596 4399 3876 4454 addimus

487 4501 694 4557 nempe
724 4501 790 4538 ex
824 4488 1224 4556 prieconcepta
1253 4485 1347 4540 illa
1373 4485 1443 4540 de
1473 4487 1717 4542 Romani
1744 4489 2028 4559 pontiﬁcis
2049 4491 2302 4562 primatu
2325 4492 2479 4563 apud
2505 4493 2826 4548 Catholicos
2855 4493 3225 4564 persuasione
3249 4492 3447 4546 forsan
3473 4491 3698 4544 factum
3724 4505 3874 4555 esse,

486 4578 548 4630 ut
577 4573 852 4632 Catholici
879 4573 1032 4645 apud
1059 4575 1399 4645 Gregorium
1427 4577 1818 4633 Turonensem
1851 4580 2182 4652 episcopum
2211 4584 2442 4638 Romani
2468 4599 2584 4636 non
2616 4583 2794 4636 semel
2823 4582 2957 4636 dicti
2987 4583 3118 4636 sint.
3147 4583 3304 4636 Unus
3331 4581 3488 4634 locus
3515 4582 3603 4632 est
3633 4578 3698 4632 in
3723 4578 3828 4632 lib.
3859 4593 3877 4630 ι

486 4663 557 4718 de
588 4663 778 4719 Gloria
803 4667 1122 4733 martyrum
1152 4682 1276 4736 cap.
1307 4669 1394 4734 25,
1427 4666 1520 4720 ubi
1547 4668 1854 4740 Gregorius
1879 4686 2058 4742 agens
2087 4671 2158 4725 de
2189 4671 2411 4726 violatis
2441 4689 2544 4743 per
2577 4672 2877 4726 haereticos
2912 4672 3216 4726 Lusitaniae.
3248 4670 3524 4735 fontibus,
3554 4671 3615 4721 et
3645 4666 3724 4722 de
3757 4684 3874 4722 coe-

483 4753 610 4807 lesti
639 4751 890 4806 vindicta
917 4753 974 4806 in
1005 4753 1328 4822 violatores,
1361 4755 1484 4811 huic
1509 4757 1701 4812 subdit
1729 4775 1742 4812 :
1775 4780 1803 4808 «
1831 4760 2086 4831 Denique
2119 4761 2568 4832 Theodegisilus,
2597 4762 2767 4832 hujus
2792 4779 2889 4816 rex
2917 4762 3189 4834 regionis,
3218 4777 3349 4814 cum
3369 4758 3606 4813 vidisset
3626 4757 3747 4812 hoc
3771 4756 3877 4810 mi-

483 4843 762 4908 raculum,
791 4841 946 4912 quod
977 4841 1035 4896 in
1062 4843 1149 4897 his
1177 4845 1409 4900 sacratis
1435 4847 1552 4902 Deo
1585 4848 1838 4904 fontibus
1865 4850 2194 4920 gerebatur,
2229 4851 2500 4922 cogitavit
2524 4852 2676 4906 intra
2705 4870 2764 4906 se
2797 4853 3012 4920 dicens,
3041 4851 3176 4924 quia
3205 4849 3507 4922 ingenium
3537 4849 3625 4900 est
3655 4841 3877 4902 Roma-

483 4949 689 4989 norum
718 4932 1030 5004 (Romanos
1061 4933 1215 4987 enim
1247 4935 1497 4991 vocitant
1528 4938 1793 4994 homines
1823 4943 2032 4994 nostra:
2059 4940 2372 5012 religionis)
2402 4945 2464 4995 ut
2488 4941 2566 4996 ita
2598 4941 2838 5009 accidat,
2865 4945 2922 4996 et
2951 4959 3068 4996 non
3101 4943 3187 4995 est
3213 4939 3314 4994 Dei
3342 4937 3538 4992 virtus.
3564 4958 3592 4985 ››
3619 4935 3792 4991 Idem
3816 4936 3875 4990 in

483 5021 742 5094 ejusdem
771 5021 898 5076 libri
925 5039 1050 5094 cap.
1082 5026 1150 5077 80
1179 5025 1358 5080 refert
1383 5027 1724 5083 miraculum
1752 5045 1855 5100 pro
1887 5028 2019 5084 ﬁdei
2049 5030 2387 5086 Christianas
2419 5031 2836 5103 approbatione
2866 5034 3082 5087 factum
3117 5031 3175 5085 in
3208 5029 3547 5102 presbytero
3574 5024 3873 5082 catholico

483 5111 754 5166 adversus
781 5112 1180 5184 presbyterum
1205 5115 1480 5172 Arianum
1512 5135 1524 5172 :
1557 5118 1654 5189 qui
1683 5119 1995 5174 catholicus
2021 5122 2322 5194 presbyter
2340 5128 2535 5178 nostra
2561 5123 2838 5192 religionis
2866 5140 2899 5177 a
2917 5121 3222 5193 Gregorio;
3243 5124 3610 5178 Romanorum
3630 5133 3778 5172 vero
3802 5115 3874 5170 ah

481 5200 765 5255 haereticis
790 5202 1126 5271 appellatur.
1155 5205 1274 5259 Imo
1303 5205 1480 5260 etiam
1513 5225 1545 5262 a
1575 5208 1882 5262 Catholicis
1911 5210 2046 5281 ipsis
2074 5202 2317 5267 Romana
2345 5212 2486 5266 ﬁdes
2518 5229 2622 5284 pro
2662 5213 2942 5267 catholica
2979 5215 3114 5267 ante
3143 5211 3202 5265 id
3241 5215 3469 5280 tempus
3500 5207 3871 5262 sumebatur.

483 5289 574 5345 Sic
605 5289 982 5362 Hieronymus
1012 5292 1070 5346 in
1096 5294 1283 5366 prima
1308 5297 1592 5368 Apologia
1623 5297 1896 5352 adversus
1922 5301 2190 5356 Ruﬁnum
2225 5319 2238 5356 :
2273 5325 2301 5352 «
2333 5302 2529 5357 Fidem
2562 5319 2726 5356 suam
2758 5319 2933 5374 quam
2965 5301 3170 5356 vocat?
3195 5301 3434 5366 Eamne,
3460 5315 3575 5369 qua
3597 5299 3874 5353 Romana

482 5379 660 5451 pollet
681 5380 945 5448 Ecclesia,
968 5399 1041 5437 an
1064 5383 1242 5452 illam,
1261 5402 1391 5457 quae
1414 5387 1470 5439 in
1495 5386 1760 5456 Origenis
1781 5389 2164 5446 voluminibus
2187 5392 2556 5447 continetur?
2575 5393 2630 5448 Si
2657 5394 2979 5447 Romanam
3001 5389 3391 5463 responderit:
3407 5389 3559 5460 Ergo
3582 5385 3873 5443 Catholici

483 5485 696 5525 sumus.
722 5493 748 5519 »
777 5471 898 5527 Non
927 5489 1065 5546 ergo
1097 5475 1377 5530 novitium
1411 5479 1514 5543 est,
1550 5477 1704 5548 quod
1733 5479 2005 5536 Catholici
2030 5485 2262 5538 Romani
2286 5482 2548 5538 dicimur.
2583 5485 2710 5538 Haec
2749 5483 3048 5538 occasione
3074 5481 3382 5538 Missalium
3409 5473 3866 5534 Gallicanorum.

546 5632 655 5689 XII.
678 5633 796 5690 Erit
818 5635 1059 5691 fortasse
1089 5636 1187 5708 qui
1211 5636 1468 5709 inquirat
1493 5655 1606 5710 quo
1632 5643 1800 5712 pacto
1828 5642 1950 5700 haec
1973 5644 2216 5700 Missalia
2241 5661 2309 5701 ex
2333 5646 2515 5702 Gallia
2537 5648 2781 5703 Romam
2805 5645 3109 5718 deportata
3131 5645 3272 5712 sint;
3298 5643 3640 5714 nullumque
3663 5643 3868 5699 forsan

479 5723 724 5797 supersit
742 5725 894 5798 apud
917 5725 1068 5798 ipsos
1091 5726 1280 5782 Gallos
1301 5726 1570 5802 Liturgie
1591 5731 1894 5790 Gallicana:
1918 5735 2268 5807 exemplum.
2288 5737 2569 5794 Nimirum
2589 5739 2712 5794 haec
2735 5738 3076 5794 nostratium
3091 5736 3301 5810 (neque
3319 5733 3479 5790 enim
3495 5732 3866 5790 dissimulare

537 5917 556 5950 ‘
587 5921 680 5976 illo
707 5923 760 5974 et
782 5919 916 5974 intra
937 5925 1215 5978 revocatur
1235 5921 1404 5980 lector
1426 5925 1492 5982 ad
1515 5941 1765 5985 numeros
1789 5929 1844 5986 In
1867 5935 2012 5987 textu
2037 5931 2278 5988 crassiori
2304 5933 2606 5989 charactere
2633 5947 2929 6004 expressos.
2956 5932 3104 5988 Emr.
