3968 6490
167 409 256 468 109
1030 407 1098 466 IN
1136 406 1372 466 LIBROS
1407 405 1494 465 DE
1530 405 1841 466 LITURGIA
1877 403 2246 467 GALLICANA
2283 409 2642 470 PR/EFATIO.
3153 427 3162 436 '
3403 421 3501 480 no

171 518 296 589 licet)
311 515 532 573 incuria
555 515 692 585 fuit,
717 519 790 572 ut
819 518 898 574 ad
919 521 1143 572 exteros
1163 520 1282 571 tam
1304 517 1577 588 praeclara
1597 532 1790 572 rerum
1811 521 2135 573 nostrarum
2153 523 2530 574 monumenta
2550 521 3031 580 transferrentur:
3054 528 3356 602 actumque
3379 537 3504 588 erat

168 607 236 661 de
253 606 506 677 Liturgiae
539 606 869 662 Gallicanae
899 605 1203 672 memoria,
1228 605 1335 659 nisi
1361 605 1484 660 haec
1512 605 1752 660 Missalia
1780 607 1839 661 in
1865 607 2060 662 doctas
2085 611 2143 662 et
2170 608 2420 663 eruditas
2444 626 2548 664 nec
2568 609 2804 666 minime
2827 611 3132 670 invidiosas
3150 633 3354 674 manus
3369 620 3504 676 inci—

164 695 369 750 disserit.
407 695 538 759 Quo
565 699 743 766 pacto
778 696 907 751 haec
942 693 1317 767 migraverint
1349 695 1612 762 Romam,
1633 695 1756 765 jam
1797 695 2054 750 diximus.
2091 698 2306 768 Nempe
2342 697 2454 753 duo
2491 715 2558 753 ex
2587 699 2672 753 his
2707 717 2812 771 per
2837 703 3259 760 serenissimam
3288 707 3502 764 Sueciaa

153 783 402 855 reginam
431 801 504 838 eo
538 784 771 850 delata;
797 785 1038 839 tertium
1063 801 1130 838 ex
1157 783 1505 838 bibliotheca
1523 783 1781 838 Palatina
1799 783 1858 837 in
1878 785 2227 840 Vaticanum.
2253 787 2321 840 Et
2341 786 2435 840 illa
2459 787 2691 858 quidem
2715 789 2827 844 duo
2849 807 2916 844 ex
2935 793 3252 850 Alexandro
3272 796 3501 852 Patavio

149 875 481 944 comparata
506 873 749 928 fuerant
775 891 789 928 :
815 875 930 929 hoc
953 890 1086 928 vero
1109 872 1342 927 tertium
1368 889 1436 926 ex
1455 873 1651 927 Jacobi
1677 873 1969 944 Bongarsii
1990 874 2322 928 haereditate
2343 876 2402 929 in
2422 876 2692 947 principis
2711 879 2951 932 Palatini
2977 884 3317 950 potestatem
3337 900 3503 940 vene-

145 964 247 1015 rat.
275 961 444 1016 Unde
475 965 678 1016 autem
711 963 839 1017 haec
861 964 1114 1034 supellex
1135 961 1248 1015 sive
1269 960 1516 1027 Petavio,
1543 961 1654 1015 sive
1678 962 1988 1032 Bongarsio
2008 964 2350 1034 provenerit,
2373 965 2547 1019 modo
2569 967 2991 1036 exponendum.
3013 969 3138 1024 Uno
3159 972 3332 1026 verbo
3353 972 3498 1040 dico,

141 1051 257 1103 fere
284 1049 483 1104 omnis
513 1067 583 1104 ex
612 1051 975 1106 bibliotheca
999 1049 1362 1104 Floriacensi.
1397 1051 1539 1103 Rem
1569 1051 1817 1104 breviter
1845 1067 2036 1106 narro.
2067 1053 2205 1106 Cum
2230 1069 2382 1106 anno
2426 1057 2559 1108 1562
2591 1054 2864 1123 haeretici,
2893 1058 3329 1114 Aurelianorum
3363 1061 3500 1114 urbe

141 1141 477 1210 expugnata
499 1141 560 1192 et
581 1138 858 1210 expilata,
875 1139 1051 1194 etiam
1071 1137 1318 1192 finitima
1339 1138 1463 1192 loca
1484 1137 1813 1209 diriperent,
1833 1139 2042 1210 praedae
2059 1139 2207 1194 avidi
2225 1141 2397 1194 etiam
2413 1142 2786 1196 convolarunt
2805 1144 3139 1213 Floriacum,
3155 1148 3312 1218 cujus
3329 1147 3504 1202 abbas

137 1226 431 1280 saecularis
460 1230 600 1281 tunc
628 1231 757 1282 erat
783 1227 1094 1282 cardinalis
1118 1227 1532 1294 Castillioneus,
1560 1231 1616 1280 et
1635 1227 1754 1298 ipse
1778 1229 2118 1282 accerrimus
2140 1228 2537 1284 haereticorum
2558 1231 2765 1285 fautor.
2790 1233 2926 1286 Huic
2947 1233 3004 1288 in
3025 1235 3222 1305 primis
3241 1240 3504 1308 acceptus

137 1319 257 1368 erat
275 1316 495 1370 Petrus
515 1315 742 1384 Daniel,
767 1317 1103 1372 Causidicus
1123 1317 1276 1386 apud
1295 1317 1632 1370 Aurelianos
1654 1317 1924 1383 eruditus,
1951 1321 2008 1371 et
2027 1318 2396 1372 Floriacensis
2417 1319 2676 1374 Ballivius
2696 1336 2709 1374 :
2734 1321 2829 1392 qui
2849 1323 3152 1379 cardinalis
3173 1327 3358 1396 gratia
3377 1326 3505 1380 dex-

133 1407 251 1458 tere
280 1421 448 1469 usus,
476 1404 862 1459 Floriacensis
885 1405 1249 1460 Bibliotheca;
1271 1404 1505 1460 Codices
1532 1421 1665 1459 mss.
1691 1421 1723 1458 a
1742 1405 2174 1476 praedatoribus,
2200 1407 2402 1477 quibus
2423 1408 2629 1462 nullius
2652 1409 2831 1463 ferme
2855 1412 3015 1482 pensi
3041 1417 3222 1482 erant,
3249 1431 3361 1486 qua
3382 1418 3502 1470 arte

135 1508 244 1562 quo
275 1493 483 1563 pretio
509 1493 682 1547 facile
708 1493 1061 1565 impetravit.
1096 1493 1190 1547 His
1221 1509 1374 1547 anno
1413 1493 1547 1548 1564
1573 1509 1637 1546 ex
1664 1510 1776 1547 uno
1803 1493 2011 1548 horum
2039 1494 2220 1548 Plauti
2242 1495 2621 1563 Aululariam;
2645 1513 2711 1550 ex
2734 1498 2843 1552 alio
2866 1499 3042 1554 Servii
3063 1504 3504 1560 commentarios

131 1583 192 1634 in
213 1581 536 1652 Virgilium
571 1599 728 1636 anno
760 1586 900 1638 1600
931 1582 1198 1652 vulgavit.
1235 1581 1374 1652 Lupi
1406 1582 1778 1636 Ferrariensis
1809 1583 2060 1653 epistolae
2091 1582 2340 1654 primum
2366 1600 2432 1637 ex
2459 1585 2665 1638 eodem
2692 1602 2864 1656 penu,
2898 1591 3067 1659 atque
3095 1591 3297 1645 Justini
3331 1593 3502 1649 editio

130 1671 460 1725 correctior
487 1671 857 1742 prodierunt.
880 1674 1048 1726 Anno
1083 1673 1237 1738 l603,
1261 1674 1488 1724 mortuo
1516 1670 1768 1737 Daniele,
1791 1673 1996 1725 Paulus
2015 1671 2272 1726 Petavius
2295 1675 2524 1727 senator
2541 1673 2890 1742 Parisiensis,
2916 1680 2973 1730 et
2989 1679 3230 1733 Jacobus
3250 1681 3500 1752 Bongar-

131 1759 260 1825 sius,
291 1760 572 1814 Danielis
601 1760 776 1814 ambo
803 1759 975 1813 amici
1009 1762 1066 1812 et
1091 1759 1314 1826 afﬁnes,
1343 1762 1508 1829 pacto
1531 1776 1659 1814 cum
1692 1759 1812 1829 ejus
1833 1759 2155 1814 haeredibus
2180 1760 2334 1814 mille
2357 1761 2801 1832 quingentorum
2822 1756 3375 1838 francorum'pretio,
3399 1770 3504 1825 hos

127 1848 305 1902 libros
337 1848 508 1902 inter
535 1865 598 1902 se
629 1847 828 1919 partiti
855 1849 1006 1901 sunt.
1040 1847 1196 1901 Pauli
1227 1847 1414 1918 portio
1447 1848 1767 1902 Alexandro
1794 1848 1908 1902 ﬁlio
1941 1848 2141 1902 cessit:
2167 1849 2262 1918 qui
2285 1865 2349 1902 ex
2376 1850 2455 1902 eis
2475 1850 2718 1904 Andreas
2743 1851 2984 1907 Chesnio
3013 1855 3299 1925 suppetias
3325 1857 3396 1912 ad
3422 1859 3503 1913 in-

129 1935 492 1991 struendam
523 1941 790 1992 veterum
819 1935 1016 1991 Galliae
1056 1935 1396 2006 scriptorum
1436 1935 1828 1991 collectionem
1869 1937 2331 2003 subministravit,
2360 1954 2633 2008 suamque
2675 1938 2906 1993 demum
2940 1945 3195 1996 veterum
3231 1945 3503 2000 Codicum

129 2030 368 2096 partem
396 2025 796 2080 serenissima:
817 2024 1119 2080 Christinae
1141 2024 1414 2078 vendidit.
1441 2025 1782 2096 Bongarsius
1802 2025 2038 2096 publicis
2059 2026 2129 2080 ab
2151 2025 2390 2080 Henrico
2411 2027 2476 2080 IV
2498 2027 2844 2082 Francorum
2863 2045 2999 2099 rege
3020 2031 3172 2101 apud
3191 2032 3504 2089 Germanos

131 2115 391 2186 negotiis
423 2113 726 2181 admotus,
757 2130 889 2168 eam
919 2130 1046 2184 quae
1076 2111 1180 2166 sibi
1213 2113 1535 2183 contigerat
1558 2114 1882 2184 portionem
1913 2115 2377 2184 Argentoratum,
2402 2114 2497 2168 ubi
2527 2115 2776 2169 residere
2808 2117 3004 2170 solitus
3024 2123 3163 2186 erat,
3191 2122 3506 2177 convehen-

131 2202 262 2258 dam
287 2203 561 2269 curavit;
588 2218 840 2274 eamque
865 2203 1101 2256 demum
1122 2202 1361 2273 hospita
1383 2219 1497 2256 suae
1523 2203 1670 2273 (quae
1690 2202 2102 2273 Lugdunensis,
2121 2205 2178 2256 et
2199 2203 2498 2274 gemmarii
2521 2203 2768 2258 hominis
2788 2221 2928 2260 uxor
2947 2207 3088 2279 erat)
3111 2207 3247 2277 ﬁlio,
3271 2210 3505 2265 nomine

130 2293 476 2360 Graniceto,
513 2295 872 2346 testamento
911 2291 1141 2362 legavit.
1175 2293 1372 2362 Itaque
1413 2308 1540 2346 cum
1582 2292 1818 2346 Lutetiae
1847 2291 2194 2346 Parisiorum
2236 2307 2388 2346 anno
2433 2295 2567 2346 1612
2608 2292 2948 2364 Bongarsius
2988 2311 3054 2349 ex
3093 2297 3297 2352 morbo
3333 2297 3504 2354 decu-

35 2381 38 2384 ’
128 2379 375 2448 buisset,
408 2380 694 2452 princeps
731 2379 1045 2446 Palatinus,
1085 2379 1210 2434 Jani
1247 2379 1472 2434 Gruteri
1509 2380 1923 2434 bibliothecarii
1964 2380 2049 2434 sui
2091 2397 2383 2451 persuasu,
2422 2381 2714 2452 Bongarsii
2749 2382 3038 2438 librariam
3077 2385 3501 2455 supellectilem,

128 2469 524 2542 Argentorati
547 2470 836 2536 relictam,
858 2471 1163 2522 numerata
1183 2469 1427 2540 pecunia
1447 2469 1815 2540 comparavit,
1841 2472 1897 2523 et
1916 2469 1973 2522 in
1991 2469 2397 2523 bibliothecam
2419 2485 2579 2523 suam
2599 2469 3136 2542 Heidelbergensem
3158 2475 3505 2545 comportari

93 2559 376 2622 ,curavit.
409 2558 684 2630 Denique
713 2558 869 2612 bello
902 2557 1054 2611 inter
1082 2558 1508 2612 Ferdinandum
1538 2557 1946 2629 imperatorem
1967 2562 2024 2612 et
2049 2557 2408 2612 Fredericum
2428 2559 2733 2613 electorem
2753 2559 3090 2629 palatinum,
3113 2561 3211 2632 qui
3231 2562 3301 2616 de
3321 2579 3502 2634 regno

134 2647 436 2703 Bohemiae
481 2647 891 2713 decertabant,
931 2649 1157 2714 exorto;
1187 2647 1485 2702 Bavaricus
1516 2647 1798 2718 princeps,
1833 2649 1982 2702 facto
2019 2647 2077 2701 in
2104 2647 2486 2702 Palatinatum
2525 2646 2762 2718 impetu,
2801 2663 3074 2720 magnam
3118 2649 3238 2720 ejus
3278 2655 3503 2722 partem

135 2737 464 2809 occupavit,
501 2736 956 2806 Heidelbergam
985 2752 1140 2790 anno
1173 2739 1308 2790 1622
1333 2735 1391 2790 in
1421 2752 1582 2790 suam
1607 2738 1948 2807 potestatem
1978 2735 2220 2806 redegit,
2253 2736 2428 2790 libros
2457 2735 2686 2790 abstulit
2710 2751 2776 2790 ex
2806 2736 3169 2806 bibliotheca,
3199 2739 3502 2811 plerosque

135 2842 368 2881 summo
398 2825 671 2896 pontiﬁci
699 2823 980 2894 Gregorio
1011 2825 1097 2878 XV
1135 2823 1288 2878 dono
1324 2824 1501 2891 dedit,
1533 2824 1591 2878 in
1630 2825 1962 2879 Vaticanam
2004 2824 2411 2878 bibliothecam
2450 2824 2688 2878 tandem
2730 2824 2935 2880 illatos.
2977 2827 3106 2880 Haac
3143 2827 3506 2884 bibliotheca

49 2974 55 2986 ,
135 2915 524 2970 Floriacensis
551 2915 814 2979 fortuna,
846 2913 1079 2982 qualem
1106 2911 1408 2966 didicimus
1437 2929 1504 2966 ex
1529 2913 1906 2984 integerrimo
1937 2913 2055 2968 viro
2083 2913 2294 2968 Jacobo
2320 2913 2385 2967 de
2412 2913 2582 2977 Givet,
2609 2913 2760 2984 apud
2785 2913 3119 2969 Aurelianos
3143 2914 3302 2986 regio
3331 2914 3503 2971 advo-

137 3006 281 3058 cato.
317 3003 472 3057 Hinc
499 3001 794 3072 conjicere
820 3000 975 3068 licet,
1003 3000 1113 3055 tria
1143 3001 1264 3056 haec
1290 3001 1542 3056 missalia
1572 3018 1638 3056 ex
1669 3001 2036 3056 Floriacensis
2069 3001 2426 3056 bibliothecae
2459 3001 2824 3058 distractione
2861 3003 3103 3059 Romam
3141 3004 3376 3061 tandem
3402 3023 3502 3078 ap-

135 3092 372 3161 pulisse,
399 3095 584 3164 atque
616 3089 834 3162 duplici
861 3089 952 3144 via
980 3089 1122 3144 istuc
1144 3091 1553 3162 commigrasse
1585 3107 1712 3146 cum
1743 3089 1866 3145 aliis
1897 3090 2154 3162 ejusdem
2181 3090 2542 3146 bibliothecae
2568 3091 2741 3147 libris.

202 3352 310 3408 ΧΠ.
341 3353 485 3407 Haec
511 3349 775 3406 missalia
805 3365 939 3405 cum
966 3347 1323 3404 Lectionario
1351 3353 1546 3404 nostro
1573 3348 1878 3420 conjuncta
1903 3351 2082 3404 totam
2110 3349 2530 3422 propemodum
2547 3349 2752 3405 veteris
2771 3349 2957 3407 missae
2977 3351 3277 3410 Gallicana;
3299 3351 3505 3412 seriem

139 3441 301 3496 nobis
327 3443 792 3512 repraesentant.
817 3440 943 3494 Duo
973 3442 1199 3494 tantum
1226 3439 1641 3508 desiderantur,
1665 3455 1872 3510 nempe
1899 3439 2144 3510 capitula
2163 3439 2260 3494 illa
2277 3440 2651 3508 Psalmorum,
2676 3439 2985 3496 aliarumve
3007 3458 3180 3498 sacrae
3200 3444 3504 3516 Scriptura:

135 3529 444 3598 librorum,
481 3547 615 3601 quae
649 3532 776 3584 tum
805 3528 883 3583 ad
911 3527 1098 3582 missae
1125 3528 1372 3598 initium,
1397 3532 1520 3584 tum
1549 3532 1679 3600 post
1706 3528 2066 3600 propheticas
2087 3532 2144 3582 et
2162 3528 2498 3600 apostolicae
2518 3529 2808 3598 lectiones,
2833 3546 2897 3585 ac
2923 3534 3180 3602 tempore
3202 3533 3504 3588 oblationis

137 3620 258 3674 cani
289 3637 430 3675 mos
452 3623 586 3674 erat
611 3636 624 3674 :
649 3622 708 3673 et
729 3619 924 3674 forma
943 3619 1269 3686 verborum,
1294 3617 1497 3690 quibus
1521 3617 1872 3673 consecratio
1894 3618 2090 3689 peragi
2115 3621 2394 3672 censetur.
2420 3619 2713 3673 Canonem
2734 3617 2966 3690 quidem
2987 3619 3172 3674 missae
3191 3637 3295 3692 pro
3317 3621 3504 3692 singu-

52 3721 56 3733 '
133 3707 200 3761 lis
223 3709 422 3764 missis
451 3709 776 3777 diversum,
810 3707 913 3762 sed
943 3707 1340 3762 brevissimum
1371 3707 1598 3762 exhibet
1619 3706 1835 3761 Missale
1867 3707 2476 3778 Gothico-gallicanum
2509 3723 2522 3761 :
2552 3709 2610 3761 at
2635 3723 2765 3760 cum
2795 3706 2868 3760 ad
2891 3707 3012 3761 haec
3039 3708 3230 3776 verba,
3259 3711 3364 3776 Qui
3379 3713 3502 3780 pri-

133 3797 219 3852 die
242 3815 422 3868 quam
441 3802 760 3870 pateretur,
788 3787 1028 3851 ventum
1059 3800 1163 3864 est,
1189 3797 1504 3868 sequentia,
1535 3813 1660 3868 quae
1691 3796 2178 3852 consecrationem
2205 3795 2495 3850 continere
2524 3793 2830 3864 debebant,
2856 3799 3130 3867 tanquam
3153 3812 3220 3851 eo
3243 3799 3502 3869 tempore

131 3886 420 3956 vulgaria,
452 3903 577 3942 uno
610 3890 710 3941 etc.
741 3885 1332 3956 comprehenduntur.
1365 3888 1566 3941 Morem
1591 3887 1906 3941 catholicum
1931 3885 2037 3940 hac
2065 3885 2123 3938 in
2147 3901 2210 3938 re
2241 3901 2274 3938 a
2300 3883 2507 3938 nostris
2545 3885 2904 3939 observatum
2934 3887 3174 3940 testatur
3201 3885 3504 3957 Gregorius

132 3971 189 4026 in
221 3991 351 4046 cap.
393 3979 460 4030 l6
489 3975 566 4028 de
593 3974 738 4029 Vitis
765 3976 1021 4029 Patrum.
1056 3976 1323 4030 Formam
1348 3975 1784 4030 Ambrosianam
1822 3975 1880 4029 in
1909 3974 2072 4046 panis
2102 3973 2526 4029 consecratione
2568 3973 2883 4028 adhibitam
2921 3973 3092 4028 fuisse
3127 3991 3244 4030 non
3279 3975 3500 4030 dubita-

132 4076 275 4117 mus.
311 4065 419 4118 Est
445 4066 654 4118 autem
681 4063 1018 4133 hujusmodi
1047 4081 1060 4118 :
1086 4067 1196 4120 Hoc
1221 4068 1298 4120 est
1324 4067 1464 4119 enim
1489 4079 1678 4136 corpus
1703 4079 1896 4131 meum,
1925 4064 2068 4134 quod
2089 4079 2188 4134 pro
2214 4063 2361 4118 vobis
2384 4064 2772 4133 confringatur.
2805 4062 3059 4126 Quatuor
3093 4066 3382 4134 postrema
3406 4081 3501 4120 vo-

134 4150 340 4206 cabula
370 4151 544 4223 (nam
582 4151 655 4205 de
683 4151 974 4222 prioribus
1004 4152 1161 4206 nulla
1195 4151 1518 4223 difﬁcultas)
1549 4169 1582 4205 a
1607 4151 1777 4206 Gallis
1808 4151 2014 4206 nostris
2041 4151 2236 4206 addita
2262 4151 2432 4205 fuisse
2463 4151 2596 4205 inde
2623 4150 2958 4221 colligimus,
2994 4151 3147 4223 quod
3180 4151 3240 4206 in
3287 4151 3506 4208 duabus

132 4244 256 4308 post
282 4256 530 4295 sacram
556 4240 854 4294 actionem
883 4241 1257 4310 orationibus,
1282 4241 1341 4295 in
1361 4241 1564 4312 quibus
1587 4257 1719 4296 mox
1745 4241 1910 4296 factae
1936 4240 2377 4296 consecrationis
2391 4241 2462 4294 ~ﬁt
2480 4240 2738 4311 specialis
2759 4243 2816 4294 et
2842 4243 3062 4295 attenta
3085 4256 3503 4297 commemora-

132 4327 228 4395 tio,
259 4329 507 4384 mentio
537 4329 800 4400 iqjicitur
831 4329 904 4384 de
929 4333 1204 4397 confracta
1229 4330 1432 4386 Christi
1460 4347 1718 4401 corpore,
1745 4331 1824 4384 uti
1857 4333 1914 4384 et
1944 4329 2014 4384 de
2047 4330 2324 4401 sanguine
2348 4330 2530 4400 effuso.
2560 4329 2724 4393 Quod
2754 4328 2962 4383 indicio
2991 4333 3093 4398 est,
3115 4330 3352 4384 verbum
3379 4347 3502 4386 con-

129 4417 419 4488 fringetur
443 4419 510 4473 in
543 4419 985 4473 consecratione
1015 4419 1181 4490 panis
1204 4419 1562 4491 praemissum
1588 4419 1780 4488 fuisse,
1814 4419 1895 4474 uti
1919 4423 1978 4474 et
1998 4420 2299 4489 efﬂmdetur
2317 4419 2375 4473 in
2401 4417 2830 4473 consecratione
2850 4418 3056 4473 calicis.
3079 4419 3327 4490 Uterque
3349 4420 3504 4474 locus

135 4509 214 4559 est
242 4507 302 4562 in
329 4507 556 4562 Missali
590 4507 835 4563 Gothico
871 4525 885 4563 :
921 4511 979 4562 et
1008 4509 1227 4580 primus
1259 4509 1492 4581 quidem
1519 4509 1577 4563 in
1615 4510 1789 4563 missa
1820 4508 1890 4563 de
1925 4508 2225 4562 Nativitate
2255 4507 2482 4563 Domini
2511 4509 2636 4563 Post
2667 4512 2868 4562 secreta
2895 4525 2912 4561 :
2941 4508 3235 4570 Credimus,
3263 4510 3500 4570 Domine,

128 4595 440 4653 adventum
472 4602 667 4664 tuum;
698 4599 982 4653 recolimus
1002 4601 1306 4668 passionem
1337 4605 1505 4655 tuam.
1537 4602 1739 4670 Corpus
1768 4603 1918 4654 tuum
1957 4601 2016 4653 in
2036 4602 2373 4669 peccatorum
2407 4602 2709 4652 nostrorum
2735 4597 3093 4652 remissionem
3127 4597 3458 4663 confractum
3486 4612 3500 4652 :

95 4689 360 4756 «sanguis
396 4691 630 4742 sanctus
667 4690 790 4742 tuus
829 4689 890 4741 in
911 4691 1152 4758 pretium
1185 4693 1380 4744 nostrae
1405 4689 1784 4758 redemptionis
1809 4688 2002 4758 effusus
2027 4692 2122 4742 est.
2148 4687 2275 4741 Haec
2303 4685 2498 4741 omnia
2523 4685 2696 4739 verba
2721 4683 2793 4739 ad
2825 4684 3176 4756 praemissam
3207 4701 3502 4740 consecra-

77 4763 310 4828 Qionis
341 4775 618 4830 formam
646 4776 983 4831 referuntur
1013 4793 1026 4832 :
1056 4777 1116 4830 in
1149 4794 1262 4848 qua
1285 4777 1408 4832 haec
1431 4777 1661 4832 recitari
1685 4777 1946 4832 solebant
1972 4776 2046 4830 ad
2069 4775 2361 4848 utriusque
2387 4775 2632 4848 symboli
2661 4775 3151 4829 consecrationem
3181 4791 3194 4830 :
3223 4778 3344 4830 Haec
3369 4791 3503 4846 quo-

75 4863 455 4936 tiescunque
478 4866 748 4932 feceritis,
775 4868 834 4920 in
873 4867 984 4920 mei
1002 4869 1317 4922 memoriam
1343 4869 1575 4934 facietis.
1606 4866 1765 4921 Unde
1791 4867 2054 4921 sacerdos
2073 4865 2154 4920 ait
2180 4883 2192 4920 :
2219 4867 2493 4921 recc-limus
2515 4867 2817 4936 passionem
2836 4869 3006 4919 tuam.
3027 4863 3272 4916 Verbum
3295 4865 3505 4930 confra-

73 4959 273 5009 ctum
304 4955 400 5024 (ut
429 4969 574 5008 mox
605 4952 963 5026 dicebamus)
990 4955 1064 5010 ad
1091 4958 1492 5025 confringatur;
1520 4957 1716 5026 effusus
1745 4955 1818 5010 ad
1845 4956 2146 5025 effundatur
2171 4958 2406 5026 spectat.
2426 4954 2516 5009 Sic
2542 4971 2671 5008 cum
2701 4953 2908 5008 ali‘ectu
2931 4952 3193 5006 sacerdos
3215 4950 3388 5006 verba
3409 4967 3504 5022 ge-

82 5044 410 5099 lninabat
441 5046 581 5116 post
603 5045 858 5108 Sanctus,
889 5044 1142 5099 subdens
1165 5062 1178 5100 :
1207 5048 1340 5102 Vere
1356 5051 1588 5110 sanctus,
1617 5061 1736 5102 vere
1761 5045 2076 5110 benedictus,
2100 5048 2208 5098 etc.
2229 5046 2387 5098 Alter
2406 5045 2560 5098 locus
2583 5046 2668 5098 est
2687 5043 2746 5098 in
2767 5042 2940 5097 missa
2961 5039 3308 5109 dominicali,
3329 5057 3386 5094 n.
3411 5043 3499 5110 78,

89 5133 228 5187 ubi
252 5137 392 5190 Post
418 5138 652 5198 secreta,
681 5133 954 5189 sacerdos
981 5134 1062 5188 ita
1086 5137 1352 5205 precatur
1379 5151 1392 5190 :
1427 5136 1722 5198 Credimus,
1748 5137 1987 5198 Domine,
2017 5133 2279 5190 credimus
2301 5137 2361 5188 in
2385 5134 2484 5188 hac
2514 5134 2872 5200 confractione
2896 5133 3148 5202 corporis,
3179 5134 3230 5186 et
3253 5130 3502 5199 effusione

95 5225 214 5277 tui
235 5226 545 5294 sanguinis
568 5240 666 5280 nos
691 5239 803 5280 esse
829 5223 1152 5294 redemptos.
1177 5225 1504 5280 Pronomen
1535 5227 1636 5280 hac
1661 5225 1900 5280 denotat
1926 5223 2082 5296 prius
2119 5224 2332 5278 factam
2361 5238 2482 5277 esse
2518 5223 2894 5289 confractionis
2921 5219 3297 5276 mentionem.
3330 5217 3498 5274 Simi-

98 5305 266 5366 liter
295 5313 360 5368 in
388 5313 842 5370 consecratione
871 5312 1062 5368 calicis
1092 5317 1462 5384 praecesserat
1484 5315 1703 5370 mentio
1734 5313 2029 5386 sanguinis
2052 5314 2210 5384 emisi
2231 5329 2245 5368 :
2269 5311 2384 5366 sive
2416 5310 2618 5366 eadem
2646 5309 2820 5366 fuerit
2847 5310 3034 5365 forma
3061 5325 3193 5364 cum
3219 5308 3500 5376 Romana,

109 5402 255 5457 sive
285 5403 488 5476 potius
515 5403 732 5460 eadem
756 5419 892 5457 cum
921 5402 1290 5471 Mozarabica,
1324 5419 1451 5474 quae
1476 5404 1556 5459 sic
1579 5404 1924 5460 efferebatur
1955 5419 1968 5458 :
1995 5405 2095 5460 Hic
2121 5407 2198 5459 est
2221 5403 2368 5458 calin
2387 5403 2514 5456 novi
2536 5402 2855 5456 Testamenti
2878 5401 2938 5454 in
2961 5400 3222 5468 sanguine
3244 5412 3378 5461 meo,
3409 5399 3507 5468 qui

115 5503 238 5559 pro
260 5494 414 5549 vobis
438 5497 492 5550 et
510 5509 621 5566 pro
648 5492 848 5549 multis
872 5492 1178 5562 effundetur
1201 5495 1261 5548 in
1287 5496 1646 5550 remissionem
1664 5497 2022 5565 peccatorum.
2051 5491 2193 5548 Cum
2216 5489 2596 5546 Ambrosiana
2619 5490 2740 5544 haec
2769 5491 2995 5544 tantum
3020 5486 3276 5554 haberet,
3302 5488 3402 5543 Hic
3425 5490 3502 5540 est

128 5585 281 5639 enim
303 5588 532 5660 sanguis
568 5597 750 5642 meus.
782 5581 914 5637 Non
951 5581 1073 5636 haec
1112 5584 1236 5636 erat
1265 5581 1386 5636 sine
1418 5581 1590 5637 dubio
1622 5582 1774 5654 apud
1811 5582 1998 5638 Gallos
2035 5581 2222 5637 forma
2259 5581 2562 5636 verborum
2587 5579 2648 5636 in
2678 5578 2867 5635 salicis
2890 5575 3336 5644 consecratione,
3371 5590 3498 5647 qua

133 5674 371 5734 verbum
400 5676 733 5753 εθὶιηάειαν
760 5669 1122 5741 continebat,
1152 5674 1215 5726 ut
1241 5687 1310 5728 ex
1338 5671 1620 5746 superiori
1641 5671 1986 5747 repetitione
2013 5670 2372 5744 intelligitur.

185 5939 295 6004 ml.
325 5933 468 6001 ηερε
501 5923 662 5990 sunt
696 5927 846 5990 qua:
875 5903 1108 5985 praefari
1126 5911 1308 5970 visum
1341 5917 1426 5971 est
1463 5912 1537 5974 ad
1572 5914 1968 5990 exponendam
1999 5914 2240 5973 instituti
2271 5915 2450 5972 nostri
2483 5916 2766 5972 rationem
2806 5912 2876 5968 de
2903 5908 3154 5981 Liturgia
3184 5906 3485 5964 Gallicana.
