3968 6428
507 358 598 440 ill
1277 373 1610 436 APPENDIX
1645 381 1732 434 AD
1771 380 1992 435 OPERA
2027 378 2260 434 SANCTI
2294 379 2590 433 GERMANI
2631 379 3055 434 PARISIENSIS.

3775 384 3875 435 H2

503 493 644 548 Huic
672 491 832 563 operi
861 488 1149 545 coronidis
1175 488 1356 543 instar
1387 489 1722 560 subjicimus
1753 487 2219 558 Disquisitionem
2248 488 2318 542 de
2346 504 2511 542 cursu
2539 487 2854 556 Gallicano,
2883 487 2940 542 id
2969 490 3053 542 est
3081 487 3152 541 de
3179 486 3506 543 divinorum
3539 487 3878 543 ofﬁciorum

504 581 727 652 origine
753 584 811 634 et
838 595 1143 650 progressu
1173 579 1232 632 in
1264 579 1528 633 Ecclesiis
1557 578 1862 634 Gallicanis
1894 593 1908 630 :
1941 576 2033 630 cui
2061 577 2457 647 Disquisitioni
2487 577 2795 630 succedent
2826 579 3103 631 nonnulla
3144 581 3526 632 monumenta
3551 577 3629 631 ad
3658 577 3873 631 utrius-

503 687 614 741 que
641 669 828 740 Operis
860 668 1284 738 probationem.
1315 668 1452 732 Quae
1484 667 1680 722 omnia
1706 666 1847 720 faxit
1872 667 2020 719 Deus
2049 666 2298 736 optimus
2323 666 2605 720 maximus
2626 669 2687 720 ut
2712 666 2923 720 cedant
2948 667 3006 720 in
3035 667 3356 737 profectum
3382 666 3654 721 Ecclesiae.
3679 665 3879 721 catho-
3964 705 3968 712 ι

499 758 643 824 licae,
676 757 836 828 cujus
871 757 1091 828 judicio
1136 773 1201 811 ac
1242 773 1495 810 censuras
1535 757 1683 810 hanc
1723 755 1991 826 opellam,
2026 771 2243 826 nosque
2274 755 2426 826 ipsos
2450 755 2717 809 lubenter
2753 754 3160 808 submittimus.
3192 756 3304 809 Nec
3335 755 3665 826 refugimus
3693 753 3876 808 etiam

498 862 801 900 censuram
833 846 1190 900 eruditorum
1227 846 1547 900 hominum.
1579 847 1697 900 Non
1731 847 1872 899 enim
1907 847 2194 908 vincimur,
2234 845 2450 914 quando
2485 845 2782 913 oﬂ’eruntur
2806 846 2956 900 nobis
2989 846 3240 908 meliora,
3275 845 3369 899 sed
3409 847 3768 907 instruimur,
3817 846 3878 895 ut

498 934 688 988 verbis
719 937 950 990 utamur
976 935 1176 1005 magni
1207 934 1476 1006 Cypriani
1505 950 1571 988 ex
1601 933 1846 1005 epistola
1875 933 1950 987 ad
1979 933 2276 997 Quintum.

893 1347 1146 1494 DE
1281 1345 2230 1495 LITURGIA
2353 1346 3467 1494 GALLICANA

1652 1593 2073 1695 LIBER
2149 1595 2704 1697 PRIMUS.

1026 1889 1248 1945 CAPUT
1300 1887 1582 1944 PRIMUM.

489 1987 861 2056 Liturgiarum
888 1977 1244 2056 consideratio
1282 1999 1447 2056 quam
1464 1981 1738 2056 rutilisiad
1758 1980 1918 2056 ﬁdem
1943 1979 2121 2036 Eccle-

631 2052 726 2113 sia:
757 2057 1030 2112 catholica
1068 2055 1134 2108 de
1157 2055 1506 2109 Eucharistia
1533 2052 1978 2122 conﬁrmandam.

562 2172 614 2246 1
659 2176 707 2227 1.
729 2173 872 2228 Cum
891 2169 1050 2224 varia
1073 2168 1188 2223 sint
1208 2171 1552 2240 argumenta
1574 2185 1700 2240 quas
1723 2183 1915 2222 veram
1937 2167 1998 2221 in
2020 2167 2122 2221 Eu-

491 2265 762 2323 charistia
797 2263 1004 2319 Christi
1039 2262 1293 2334 corporis
1319 2262 1727 2333 sanguinisque
1756 2261 2120 2332 priesentiam

490 2361 772 2432 probant;
798 2375 913 2411 non
937 2355 1270 2410 inferiorem
1295 2356 1352 2409 in
1375 2355 1462 2408 his
1483 2357 1671 2409 locum
1699 2358 1900 2408 tenent
1920 2370 2122 2424 augus-

490 2452 694 2508 tissimi
737 2451 879 2504 ritus
908 2466 973 2504 ac
1011 2450 1300 2503 solemnes
1325 2447 1436 2502 illae
1464 2465 1662 2518 preces
1693 2447 1902 2518 quibus
1927 2446 2120 2502 Chris-

487 2547 661 2602 tianas
683 2543 865 2598 ubivis
886 2542 1147 2614 gentium
1169 2541 1442 2612 legitimae
1463 2541 1763 2596 societates
1785 2541 1856 2594 ab
1877 2540 2042 2594 initio
2061 2539 2119 2592 in

485 2657 549 2695 re
576 2655 736 2693 sacra
767 2654 882 2691 usae
913 2639 1062 2690 sunt.
1092 2635 1154 2689 ld
1181 2634 1338 2689 enim
1357 2635 1546 2690 modis
1571 2633 1838 2688 omnibus
1859 2633 1981 2703 agit
2001 2632 2122 2702 Spi-

486 2734 601 2788 ritu
626 2735 822 2786 sancto
850 2729 1106 2784 animata
1133 2727 1400 2794 Ecclesia,
1433 2731 1493 2780 ut
1516 2743 1794 2796 magnum
1817 2725 2035 2796 aliquid
2055 2741 2120 2780 ac

486 2827 658 2897 plane
687 2823 944 2878 divinum
965 2822 1072 2875 hoc
1093 2819 1370 2874 sacriﬁcio
1388 2819 1672 2874 contineri
1693 2819 1884 2890 palam
1906 2820 2121 2888 protes-

487 2921 659 2972 tetur.
700 2917 816 2970 Huc
848 2917 1110 2986 spectant
1133 2911 1358 2984 prazvia:
1389 2929 1456 2966 ex
1484 2915 1727 2982 utroque
1754 2913 2118 2966 Testamento

486 3011 782 3075 lectiones,
817 3023 1062 3078 quarum
1105 3005 1484 3060 meditatione
1525 3005 1783 3059 ﬁdelium
1827 3004 2006 3058 animi
2046 3003 2119 3057 ad

488 3108 716 3158 tantum
753 3099 1090 3172 mysterium
1139 3098 1520 3170 disponantur
1547 3115 1559 3152 :
1589 3097 1699 3151 huc
1744 3097 1910 3168 panis
1941 3097 2119 3152 studio

478 3201 848 3270 praeparatus,
871 3192 1246 3263 ejusdemque
1279 3207 1408 3245 cum
1439 3191 1570 3245 vino
1592 3191 1708 3244 Deo
1732 3191 1881 3244 facta
1903 3189 2116 3244 oblatio

485 3290 674 3345 verbis
701 3287 923 3346 arcanis
949 3302 1078 3340 cum
1105 3284 1166 3357 2
1193 3301 1354 3339 sacro
1383 3284 1603 3349 sufﬁtu;
1632 3283 1742 3337 huc
1771 3283 1843 3336 ad
1873 3283 2115 3336 circum-

487 3386 704 3439 stantes
727 3397 1000 3437 conversa
1025 3378 1208 3434 oratio
1235 3376 1593 3432 Praefationis
1612 3377 1812 3442 instar,
1833 3379 1895 3430 ut
1915 3392 2115 3430 eorum

487 3494 654 3533 aures
684 3480 742 3531 et
781 3475 955 3530 corda
975 3473 1034 3527 in
1066 3471 1316 3526 caalestia
1345 3469 1679 3541 erigantur:
1705 3470 1813 3523 huc
1846 3469 1994 3524 actio
2026 3485 2112 3522 sa-

485 3587 600 3638 cra,
642 3574 699 3624 et
738 3567 1092 3624 consecratio
1135 3563 1390 3636 mysticis
1432 3562 1641 3618 Christi
1688 3562 1875 3616 verbis
1917 3561 2116 3633 peragi

485 3665 681 3731 solita;
715 3667 838 3718 tum
878 3659 1080 3716 hostiae
1121 3657 1426 3729 calicisque
1469 3656 1710 3711 elevatio
1747 3673 1876 3710 cum
1902 3653 2117 3725 insigni

484 3757 808 3814 reverentia
849 3752 1162 3809 sacerdotis
1205 3755 1264 3806 et
1305 3749 1502 3822 populi
1540 3748 2000 3822 procumbentis;
2043 3747 2116 3801 ad

485 3852 607 3906 haec
637 3851 894 3904 vivorum
926 3847 1444 3914 defunctorumque
1475 3842 1786 3910 memoria;
1819 3842 1930 3896 huc
1961 3841 2118 3896 deni-

487 3961 598 4015 que
643 3941 975 3998 communio
1023 3955 1152 3992 cum
1199 3937 1269 3991 iis
1307 3935 1604 4006 religionis
1633 3939 1691 3990 et
1730 3933 2116 3989 venerationis

487 4036 684 4108 signis,
709 4052 839 4089 cum
872 4051 942 4088 ea
967 4031 1284 4104 gratiarum
1311 4029 1558 4094 actione,
1590 4029 1778 4084 nullus
1804 4031 1864 4082 ut
1896 4028 2118 4083 intuen-

487 4131 639 4186 tibus
667 4125 970 4184 dubitandi
999 4125 1156 4180 locus
1196 4122 1576 4194 relinquatur,
1608 4123 1756 4177 hanc
1788 4139 1930 4191 esse,
1965 4138 2113 4176 sem-

487 4240 705 4298 perque
758 4219 930 4275 fuisse
985 4216 1248 4273 Ecclesiae
1307 4215 1482 4272 ﬁdem
1540 4233 1605 4272 ac
1658 4215 2111 4289 persuasionem,

488 4318 777 4374 Christum
808 4331 940 4368 vere
967 4313 1025 4366 in
1055 4312 1165 4366 hoc
1193 4310 1469 4366 sacriﬁcio
1501 4309 1776 4364 exhiberi.

558 4416 610 4466 2.
644 4413 713 4466 Et
755 4410 876 4463 haec
911 4406 1146 4478 quidem
1182 4405 1241 4458 in
1286 4421 1591 4459 commune
1620 4403 1887 4476 Liturgiaa
1914 4418 2116 4458 omnes

486 4505 922 4578 reprazsentant.
945 4500 1002 4556 Si
1020 4516 1152 4554 vero
1169 4499 1489 4570 singulares
1511 4497 1952 4569 uniuscujusque
1974 4495 2115 4550 ritus

2143 1882 2202 1954 Α
2219 1889 2383 1956 ﬁcata
2409 1887 2684 1942 accedant.
2711 1885 2875 1951 Quod
2902 1903 3018 1942 non
3046 1886 3231 1940 solum
3260 1884 3331 1940 de
3353 1885 3464 1940 ﬁde
3486 1883 3802 1940 Trinitatis
3823 1869 3881 1940 et

2223 1979 2658 2048 lncarnationis,
2692 1980 2794 2034 sed
2825 1980 3000 2034 etiam
3035 1979 3105 2034 de
3143 1979 3257 2033 ﬁde
3285 1978 3667 2033 Eucharistiaa
3699 1979 3877 2032 intel-
3963 2021 3968 2030 .

2221 2071 2521 2143 ligendum
2560 2078 2663 2142 est,
2693 2073 3008 2128 secundum
3047 2071 3188 2126 illud
3225 2071 3380 2143 quod
3407 2071 3468 2125 in
3498 2071 3721 2126 Missali
3765 2073 3876 2127 Go-
3964 2143 3968 2148 _

2222 2165 2374 2220 thico
2417 2166 2700 2237 gallicano
2746 2167 2976 2238 legitur,
3021 2164 3296 2220 nimirum
3346 2165 3405 2219 in
3454 2165 3635 2219 missa
3684 2169 3780 2220 75.
3815 2168 3882 2221 Ut
3965 2194 3968 2244 ς

2217 2260 2445 2314 solemne
2489 2262 2582 2315 hoc
2616 2263 2937 2330 sacriﬁcium
2975 2263 3266 2328 sancti/teet
3299 2259 3462 2313 corda
3487 2263 3711 2323 nostra,
3746 2259 3880 2314 dum

2219 2354 2476 2416 creditur,
2496 2355 2680 2408 deleat
2705 2359 2942 2424 peccata,
2971 2355 3100 2408 dum
3123 2356 3379 2408 sumitur.

2293 2444 2354 2518 3
2373 2450 2422 2500 3.
2442 2447 2651 2500 Verum
2674 2448 2720 2501 si
2742 2447 2814 2502 ad
2835 2447 3196 2518 precationes
3218 2446 3276 2500 in
3297 2445 3569 2517 Liturgiis
3591 2446 3880 2502 adhiberi

2221 2539 2416 2592 solitas
2459 2541 2853 2606 attendamus;
2884 2542 3048 2611 plura
3075 2539 3291 2610 utique,
3328 2556 3512 2610 eaque
3543 2541 3752 2611 magis
3781 2557 3876 2594 ex-
3964 2585 3968 2592 .

2219 2649 2434 2703 pressa,
2463 2633 2596 2688 huic
2625 2634 2711 2688 rei
2744 2632 3156 2689 conﬁrmandae
3193 2633 3529 2686 testimonia
3558 2633 3746 2687 nobis
3777 2651 3874 2689 oc-

2217 2729 2465 2780 current.
2490 2729 2551 2780 In
2581 2727 2669 2780 his
2690 2728 3044 2781 luculentum
3067 2729 3152 2780 est
3173 2725 3333 2792 illud,
3358 2725 3515 2796 quod
3538 2726 3722 2780 nobis
3750 2745 3881 2798 sup-
3963 2707 3968 2712 η

2218 2821 2440 2891 peditat
2485 2821 2653 2874 Liber
2691 2822 3198 2875 Sacramentorum
3237 2818 3502 2890 Gregorii
3546 2821 3771 2891 magni
3815 2821 3878 2875 in
3959 2867 3962 2872 .

2218 2913 2517 2968 Dominica
2555 2914 2755 2984 quinta
2801 2917 2944 2984 post
2973 2911 3376 2983 Epiphaniam,
3407 2911 3507 2965 ubi
3545 2912 3607 2965 in
3649 2913 3878 2969 Prafa-
3965 2977 3968 2996 Ι

2217 3006 2374 3060 tione
2415 3006 2534 3060 haec
2573 3007 2878 3076 leguntur:
2909 3007 3125 3075 Singuli
3150 3007 3421 3074 accipiunt
3450 3007 3742 3062 Christum
3770 3011 3879 3064 Do-

2215 3103 2442 3162 minum,
2481 3105 2533 3154 et
2565 3103 2624 3154 in
2661 3101 2888 3169 singulis
2927 3099 3275 3169 portionibus“
3305 3103 3446 3154 totus
3489 3103 3606 3165 est;
3649 3117 3758 3156 nec
3782 3118 3884 3172 per
3965 3151 3968 3164 ,

2216 3194 2455 3262 singulos
2478 3195 2765 3256 minuitur,
2793 3193 2887 3248 sed
2913 3195 3184 3262 integrum
3207 3207 3262 3246 se
3281 3192 3487 3262 prebet
3516 3195 3575 3246 in
3603 3195 3880 3264 singulis.
3965 3179 3968 3184 ’

2219 3286 2384 3350 Quod
2423 3286 2817 3340 testimonium
2859 3285 3212 3340 Guitmundo
3254 3283 3402 3338 tanti
3436 3285 3624 3340 visum
3665 3291 3784 3355 est,
3820 3294 3882 3342 ut
3963 3315 3965 3346 ξ

2217 3379 2356 3433 illud
2385 3378 2646 3433 retulerit
2683 3379 2742 3432 in
2777 3378 2987 3432 librum
3031 3394 3198 3432 suum
3236 3377 3306 3432 de
3345 3394 3589 3449 corpore
3633 3384 3706 3435 et
3742 3399 3876 3436 san-

2218 3470 2390 3543 guine
2429 3472 2693 3538 Domini;
2723 3471 3040 3542 itidemque
3065 3472 3306 3542 Algerus
3333 3470 3393 3525 in
3422 3471 3521 3526 lib.
3557 3489 3574 3526 ι
3605 3490 3748 3546 cap.
3791 3480 3876 3540 15,

2218 3583 2284 3620 ex
2309 3565 2630 3632 Ambrosio,
2658 3564 2714 3618 id
2745 3567 2831 3618 est
2855 3581 2921 3618 ex
2942 3564 3198 3635 Liturgia
3222 3564 3631 3634 Ambrosiana,
3662 3567 3733 3622 in
3763 3585 3878 3640 qua
3960 3559 3965 3586 "

2216 3659 2337 3713 haec
2377 3659 2648 3730 leguntur
2675 3658 2828 3730 apud
2863 3657 3180 3713 Pamelium
3209 3657 3513 3712 Dominica
3545 3659 3791 3730 quinta,
3823 3667 3879 3716 et
3959 3651 3963 3686 ⁵

2218 3752 2277 3806 in
2331 3751 2612 3807 hodierno
2656 3751 2862 3807 Missali
2909 3751 3292 3806 Ambrosiano
3340 3752 3655 3809 Dominica
3714 3760 3876 3811 sexta
3959 3745 3963 3780 ἶ

2215 3848 2345 3917 post
2369 3844 2770 3916 Epiphaniam.

2287 3939 2338 3992 4.
2371 3938 2535 4003 Quod
2571 3938 2618 3992 si
2659 3941 2920 3994 auctores
2956 3937 3040 3992 illi
3077 3937 3218 3993 alias
3245 3937 3423 3993 etiam
3447 3937 3780 4014 Liturgias,
3817 3942 3876 3999 in

2215 4031 2417 4102 primis
2448 4035 2702 4086 veterem
2731 4031 3104 4100 Gallicanam,
3139 4031 3199 4086 in
3227 4035 3460 4104 promtu
3491 4032 3874 4106 habuissent,
3959 4027 3961 4032 ί

2215 4123 2371 4180 haud
2421 4125 2592 4180 dubie
2639 4125 2848 4180 multas
2895 4125 3030 4180 inde
3077 4126 3368 4198 suppetias
3407 4122 3754 4186 hausissent
3802 4131 3878 4186 ad
3959 4145 3961 4152 '

2216 4219 2587 4274 asserendam
2637 4216 2978 4274 catholicam
3015 4215 3211 4274 fidem.
3247 4221 3382 4274 Tres
3426 4223 3666 4278 tantum
3713 4226 3876 4280 locos

2215 4312 2326 4368 huc
2356 4312 2640 4368 adducere
2657 4313 2820 4384 juvat
2849 4329 2915 4366 ex
2937 4310 3142 4367 Missali
3161 4313 3399 4368 Gothico
3432 4331 3535 4369 seu
3558 4317 3875 4374 Gallicano
3947 4301 3959 4364 ξ

2215 4407 2579 4480 perantiquo,
2613 4406 2817 4477 quibus
2855 4406 2994 4460 locis
3032 4406 3174 4460 nihil
3213 4407 3540 4478 signantius
3569 4415 3680 4466 aut
3705 4413 3876 4467 lucu-

2214 4501 2425 4556 lentius
2457 4500 2650 4554 afferri
2676 4503 2882 4571 potest.
2911 4501 3066 4554 Unus
3099 4503 3282 4554 exstat
3319 4500 3378 4554 in
3410 4501 3591 4558 missa
3625 4504 3706 4559 de
3735 4507 3876 4578 Epi-

487 4600 852 4658 considerare
869 4611 1019 4650 nunc
1039 4597 1284 4659 vacaret,
1304 4594 1490 4647 nullos
1507 4593 1566 4646 in
1590 4591 1860 4646 eumdem
1878 4605 2113 4660 scopum
2135 4617 2190 4691 Ο
2215 4594 2448 4666 phania,
2477 4593 2574 4648 ubi
2615 4590 2807 4647 statim
2847 4593 2918 4648 ab
2951 4593 3118 4647 initio
3155 4593 3276 4648 haec
3313 4595 3662 4652 solemnitas
3689 4616 3875 4654 vene-

487 4713 604 4751 non
631 4692 922 4748 collimare
953 4687 1120 4743 facile
1149 4685 1624 4756 intelligeremus.
1649 4685 1772 4748 Quo
1802 4685 1864 4738 in
1901 4699 2114 4754 genere
2150 4685 2190 4691 “
2215 4687 2399 4742 randa
2425 4686 2786 4758 proponitur,
2817 4687 3174 4741 exhortando
3201 4687 3400 4742 ﬁdeles
3428 4689 3503 4742 ad
3528 4690 3878 4750 ferventem

485 4789 826 4862 praeclarum
867 4785 954 4838 est
995 4781 1053 4834 in
1091 4777 1268 4833 missa
1303 4778 1655 4832 Mozarabica
1677 4777 2026 4844 institutum,
2054 4779 2117 4830 ut

481 4883 722 4940 recitato
735 4881 968 4935 Canone
987 4871 1254 4927 sacerdos
1270 4871 1517 4925 hostiam
1535 4873 1928 4925 consecratam
1945 4886 2116 4940 super

483 4977 721 5032 calicem
743 4977 969 5034 tenens,
993 4964 1330 5037 Symbolum
1356 4965 1462 5019 CP.
1490 4963 1767 5035 przecinat
1791 4981 1858 5017 ex
1883 4962 2112 5018 decreto

482 5068 710 5126 concilii
741 5083 802 5121 ιιι
822 5060 1101 5127 Toletani,
1126 5059 1509 5128 subsequente
1530 5057 1668 5111 cleri
1689 5060 1747 5110 et
1767 5057 1965 5128 populi
1984 5075 2114 5112 con-

483 5165 674 5218 centu.
708 5160 822 5212 Hac
849 5155 1006 5210 enim
1033 5152 1392 5208 confessione
1425 5167 1627 5205 omnes
1656 5153 1713 5204 et
1739 5150 1950 5222 singuli
1975 5168 2109 5206 con-

481 5253 684 5309 testari
709 5250 994 5314 videntur,
1029 5263 1086 5299 se
1118 5263 1187 5300 ea
1215 5245 1329 5300 ﬁde
1355 5261 1554 5299 verum
1583 5244 1792 5300 Christi
1823 5260 2030 5315 corpus
2055 5247 2113 5298 et

483 5346 829 5418 sanguinem
852 5343 914 5396 in
935 5339 1288 5395 Eucharistia
1307 5339 1562 5404 credere,
1587 5355 1699 5410 qua
1719 5337 1832 5392 ﬁde
1855 5337 2113 5409 omnipo-

481 5444 704 5496 tentem
731 5439 912 5492 Deum
934 5449 1112 5490 unum
1139 5436 1310 5504 atque
1339 5433 1576 5498 trinum,
1609 5447 1675 5486 ac
1699 5431 1903 5486 Filium
1930 5431 2113 5486 incar-

482 5538 684 5590 natum
734 5530 994 5587 credunt.
1030 5527 1165 5582 ldeo
1210 5525 1421 5597 quippe
1461 5524 1721 5580 Toletani
1759 5525 1956 5580 Patres
2001 5525 2110 5580 hoc

481 5627 838 5701 Symbolum,
866 5625 1188 5696 priusquam
1214 5622 1488 5676 Dominica
1514 5619 1729 5674 dicatur
1750 5622 1944 5684 oratio,
1959 5619 2112 5675 clara

476 5739 597 5782 voce
625 5740 660 5778 a
687 5720 894 5794 populo
921 5718 1205 5773 decantari
1227 5713 1582 5788 praacipiunt,
1616 5729 1720 5784 quo
1745 5719 1796 5770 et
1828 5714 1958 5784 ﬁdes
1982 5728 2110 5770 vera

475 5819 824 5887 manifestum
851 5814 1212 5870 testimonium
1231 5809 1445 5874 habeat,
1467 5813 1518 5866 et
1537 5808 1612 5863 ad
1633 5809 1834 5868 Christi
1849 5823 2038 5880 corpus
2060 5811 2112 5865 et

473 5916 788 5994 sanguinem
812 5908 1209 5992 pra'libandum
1234 5909 1453 5978 pectora
1474 5903 1798 5976 populorum
1821 5901 1926 5972 ﬁde
1951 5901 2110 5974 puri-

2217 4781 2560 4847 orationem,
2585 4796 2794 4850 nempe
2819 4785 2880 4834 ut
2904 4783 3002 4849 qui
3027 4785 3152 4835 tunc
3174 4797 3348 4850 aquas
3363 4784 3421 4836 in
3441 4785 3574 4836 vina
3595 4792 3874 4850 mutavit,

2212 4891 2354 4930 nunc
2397 4877 2456 4928 in
2485 4876 2804 4943 sanguinem
2837 4888 2993 4928 suum
3039 4874 3370 4930 oblationum
3393 4877 3526 4929 vina
3552 4887 3873 4937 con-vertat.

2214 4968 2312 5022 Hic
2342 4983 2573 5021 necesse
2600 4969 2686 5019 est
2713 4982 3026 5036 agnoscere
3056 4983 3250 5021 veram
3281 4984 3346 5022 ac
3385 4967 3711 5041 sinceram,
3751 4991 3874 5030 non

2213 5062 2520 5132 ﬁguratam
2557 5059 2832 5114 duntaxat
2856 5059 2975 5113 vini
2999 5061 3381 5116 mutationem
3411 5061 3472 5115 in
3503 5067 3881 5136 sanguinem

2213 5153 2449 5219 Christi;
2479 5153 2552 5207 ad
2581 5169 2754 5224 quam
2782 5153 2996 5208 scilicet
3035 5154 3406 5210 efﬁciendam
3435 5158 3581 5213 caelo
3614 5160 3878 5218 devoca-

2211 5250 2306 5300 tur
2334 5246 2756 5316 omnipotentia
2787 5247 2908 5314 Dei,
2948 5264 3017 5302 ea
3047 5247 3283 5318 quidem
3323 5249 3468 5320 ipsa,
3500 5267 3636 5322 quae
3685 5272 3880 5328 aquas

2213 5341 2272 5394 in
2299 5340 2496 5394 vinum
2523 5339 2834 5410 aliquando
2861 5342 3160 5396 convertit.

2283 5437 2334 5488 5.
2359 5433 2472 5488 Sed
2501 5432 2784 5504 insignior
2809 5435 2955 5488 alter
2976 5435 3133 5490 locus
3155 5438 3240 5490 est
3261 5437 3364 5492 sub
3387 5437 3567 5494 ﬁnem
3591 5442 3876 5512 ejusdem

2209 5527 2444 5581 Missalis
2481 5527 2541 5581 in
2575 5527 2750 5582 missa
2789 5527 3144 5584 dominicali.
3179 5529 3270 5585 Sic
3303 5530 3459 5586 enim
3497 5532 3770 5592 habetur
3817 5540 3877 5593 in

2212 5621 2472 5678 oratione
2496 5625 2714 5676 secreta
2745 5624 3070 5679 :Precamur
3094 5629 3268 5680 mente
3291 5625 3486 5682 devota
3506 5632 3580 5692 te,
3599 5632 3881 5702 Majestas

2210 5719 2430 5781 aeterna,
2447 5717 2510 5789 4
2540 5721 2602 5772 ut
2619 5721 2871 5788 operante
2896 5719 3114 5782 virtute,
3139 5735 3340 5789 panem
3363 5725 3644 5779 mutatum
3658 5727 3726 5782 in
3747 5744 3878 5784 car-

2209 5827 2351 5875 nem,
2377 5811 2630 5882 poculum
2670 5826 2881 5867 versum
2919 5814 2977 5868 in
3017 5816 3358 5884 sanguinem,
3389 5815 3552 5873 illum
3577 5833 3881 5880 sumamus

2210 5907 2267 5963 in
2294 5905 2472 5970 calice,
2496 5905 2592 5979 qui
2617 5905 2682 5960 de
2702 5909 2750 5962 te
2773 5907 2933 5975 [ιιι.Ἡί
2957 5907 3016 5962 in
3041 5922 3188 5976 cruce
3209 5923 3274 5968 er
3296 5909 3484 5968 latere.
3511 5910 3656 5980 Quis
3680 5915 3874 5978 hodie
