3968 6504
161 387 276 471 \li

1208 421 1292 481 DE
1333 423 1642 484 LITURGIA
1677 425 2045 490 GALLICANA
2081 432 2279 492 LIBER
2315 431 2574 494 PRIMUS.

3450 407 3550 495 ut

86 586 91 595 ἱ
189 506 602 630 C‘atliclicorum
638 532 823 630 suam
867 525 1341 630 deEucharistia
1377 533 1554 589 fidem
1587 537 1837 607 apertius
1857 557 1916 630 Α
1937 547 2342 614 respexerunt;
2369 546 2611 600 multum
2643 537 2988 599 discriminis
3014 536 3076 598 in
3102 535 3277 600 sacris
3305 555 3549 615 agnove-

184 609 540 666 etet'ﬁcacius
561 620 774 685 posset
805 619 1157 690 exprimere,
1183 641 1357 695 quam
1386 626 1550 682 istius
1570 629 1836 701 Liturgiaa
1857 609 2086 704 urun-is,
2118 653 2233 692 non
2277 609 2502 693 tantum
2540 637 2692 691 inter
2724 637 3074 692 Orientalem
3115 639 3172 691 et
3211 609 3548 693 Occidenta-

182 705 481 760 auctores?
527 723 677 778 quos
717 713 864 766 ante
915 729 1102 768 annos
1135 717 1293 771 mille
1339 719 1542 775 vixisse
1591 725 1830 790 constat,

181 813 306 852 cum
346 798 552 866 codex,
579 801 743 856 unde
785 803 915 858 hac
959 811 1225 878 excerpta
1250 813 1354 878 est,
1385 811 1589 866 litteris
1619 815 1832 884 majus-

177 890 315 944 culis
355 895 415 944 et
451 893 758 962 quadratis
799 897 1070 968 scriptus,
1100 905 1330 971 superet
1361 919 1543 958 annos
1569 921 1832 976 nongen-

173 986 279 1047 tos,
314 987 382 1036 ut
405 984 470 1038 in
503 989 1010 1058 consequentibus
1036 1006 1405 1062 exponemus.

241 1078 292 1128 6.
327 1076 612 1145 Ejusdem
661 1083 752 1133 est
795 1084 1087 1138 momenti
1125 1084 1282 1140 aliud
1321 1103 1388 1141 ex
1427 1088 1630 1142 eadem
1661 1089 1834 1145 missa

167 1168 585 1224 testimonium
602 1176 736 1242 post
748 1175 1081 1230 orationem
1097 1175 1448 1232 dominicam
1465 1197 1476 1234 :
1494 1182 1684 1236 Libera
1693 1197 1786 1236 nos
1797 1199 1833 1236 a

162 1261 332 1321 malo.
373 1261 596 1318 Christe
620 1267 767 1319 Jesu.
803 1268 1012 1336 Corpus
1041 1273 1191 1323 tuum
1226 1285 1325 1340 pro
1353 1272 1504 1326 nobis
1526 1259 1833 1342 cmciﬁa‘um

161 1353 406 1416 edimus,
436 1359 494 1408 et
521 1360 850 1432 sanguinem
875 1365 1124 1414 sanctum
1155 1365 1306 1416 tuum
1325 1378 1426 1432 pro
1445 1365 1594 1419 nobis
1611 1365 1832 1434 eﬂ’usum

163 1445 430 1500 bibimus.
464 1447 622 1500 Nihil
666 1447 1156 1519 interpretatione
1197 1452 1289 1507 hic
1325 1470 1466 1524 opus
1497 1458 1600 1508 est.
1633 1459 1832 1526 Corpus

164 1539 382 1594 Christi
407 1537 471 1591 in
503 1539 872 1595 Eucharistia
897 1543 1125 1606 edimus,
1154 1561 1269 1599 non
1293 1547 1705 1618 qualecunque,
1729 1548 1829 1602 sed

159 1629 304 1683 illud
339 1629 546 1700 ipsum
575 1633 726 1700 quod
746 1649 854 1702 pro
869 1635 1024 1689 nobis
1043 1639 1352 1705 cinciﬁmum
1371 1640 1488 1692 est:
1511 1643 1830 1708 sanguinem

155 1722 268 1790 ejus
298 1723 576 1784 bibimus,
606 1739 728 1780 non
761 1726 1170 1794 umbraticum,
1196 1727 1296 1782 sed
1319 1729 1480 1782 illum
1502 1730 1706 1801 ipsum,
1731 1731 1830 1802 qui

147 1829 252 1884 pro
299 1817 474 1870 nobis
521 1816 724 1884 effusus
767 1821 872 1870 est.
903 1819 1030 1873 Uno
1063 1819 1237 1874 verbo
1274 1837 1485 1891 panem
1530 1823 1826 1892 sumimus,

157 1905 370 1963 divina
400 1914 672 1979 operante
693 1911 900 1964 virtute
922 1915 1194 1966 mutatum
1212 1915 1272 1966 in
1295 1928 1540 1980 carnem;
1561 1915 1828 1984 poculum
1847 1909 1904 1980 B
1928 1905 2440 2013 Gregorianés’qta
2479 1905 2658 1996 dist,”

153 2015 384 2055 tersum
429 2005 495 2056 in
533 2004 880 2070 sanguinem,
921 2003 1020 2073 qui
1045 2006 1104 2057 in
1133 2019 1284 2060 cruce
1322 2021 1388 2059 ea:
1422 2007 1588 2061 latere
1620 2007 1827 2062 Christi

157 2093 348 2160 ﬂuxit,
387 2093 479 2147 uti
511 2094 784 2164 superior
807 2095 970 2148 locus
996 2095 1205 2150 diserte
1233 2097 1452 2151 astruit.

229 2191 280 2238 7.
313 2187 406 2239 Ex
439 2186 660 2256 quibus
687 2186 1038 2256 intelligitur
1068 2191 1349 2258 quantum
1387 2189 1612 2244 intersit
1636 2192 1822 2262 reipu-

158 2277 325 2333 blicae
377 2279 736 2340 Christiane
762 2279 835 2332 de
881 2280 1118 2333 vetustis
1153 2280 1264 2334 illis
1290 2281 1558 2350 Liturgiis
1594 2299 1822 2337 accura-

159 2375 279 2424 tam
320 2370 558 2424 habere
600 2369 894 2438 notitiam,
927 2374 991 2424 ut
1025 2387 1092 2424 ex
1129 2371 1238 2425 illis
1277 2373 1556 2427 catholica
1591 2375 1822 2430 traditio

159 2463 330 2516 reddi
363 2461 561 2532 possit
599 2462 900 2517 illustrior.
931 2463 1294 2534 Quapropter
1327 2480 1400 2517 ne
1429 2465 1489 2518 in
1531 2469 1823 2535 posterum

160 2554 432 2624 Liturgia
488 2554 813 2620 Gallicana,
871 2572 1001 2625 quae
1049 2556 1460 2626 Gregorianam
1517 2559 1820 2627 praecessit,

161 2647 418 2700 obscura
457 2650 728 2712 maneat,
760 2647 962 2702 induxi
995 2647 1253 2702 animum
1281 2648 1438 2702 eain
1481 2665 1660 2704 unum
1686 2665 1819 2706 con-

159 2741 335 2805 ferre,
368 2755 508 2810 quae
539 2739 617 2793 ad
649 2740 814 2793 illam
845 2757 876 2794 e
906 2739 1162 2794 tenebris
1201 2739 1502 2795 oblivionis
1525 2740 1818 2798 vindican-

159 2831 294 2886 dam
333 2832 612 2903 reperire
651 2832 955 2902 potuimus
992 2836 1097 2886 :ut
1128 2833 1359 2903 quando
1397 2835 1517 2888 haec
1554 2835 1614 2888 in
1659 2851 1820 2889 usum

153 2923 274 2992 jam
303 2925 575 2996 amplius
605 2924 871 2979 revocari
901 2924 1122 2994 nequit,
1155 2927 1358 2980 saltem
1386 2943 1452 2979 ex
1481 2927 1602 2996 ejus
1631 2927 1822 2998 cogni-

159 3017 317 3072 tione
347 3021 658 3072 asseratur
682 3017 980 3087 majorum
1006 3021 1356 3081 nostrorum,
1379 3017 1437 3072 id
1465 3021 1549 3072 est
1566 3021 1820 3074 veterum

159 3109 490 3175 Gallorum,
522 3109 760 3179 religio.

841 3189 1067 3243 CAPUT
1103 3191 1167 3243 ll.

162 3269 346 3323 Varias
373 3268 655 3336 Liturgiz
684 3267 842 3338 apud
867 3269 1107 3338 Latinos,
1134 3283 1423 3338 earumque
1459 3272 1818 3324 convenientia
1838 3255 1892 3328 C

793 3342 847 3391 et
884 3337 1219 3406 differentiae.

223 3416 280 3489 5
316 3421 372 3471 l.
406 3419 474 3470 In
526 3415 887 3470 celebrando
928 3421 1286 3471 sacrosancto
1327 3417 1513 3471 missze
1543 3418 1816 3472 sacriﬁcio

155 3524 364 3564 omnes
425 3507 692 3563 Orientis
757 3511 817 3561 et
885 3507 1208 3563 Occidentis
1263 3510 1522 3564 Ecclesia
1579 3511 1814 3565 modum

155 3601 486 3670 quemdam
509 3601 574 3654 in
597 3616 832 3654 summa
853 3617 1222 3655 communem
1243 3602 1316 3656 ab
1337 3601 1501 3656 initio
1524 3603 1773 3656 habuere
1799 3619 1812 3657 :

154 3693 406 3766 singulae
434 3697 650 3747 tamen
677 3693 825 3746 ritus
851 3693 1074 3763 aliquos
1106 3693 1422 3764 singulares
1449 3710 1514 3746 ac
1545 3694 1810 3749 diversos.

153 3785 278 3840 Haec
312 3786 612 3841 omnibus
654 3801 890 3855 semper
925 3786 1274 3853 communia,
1306 3802 1514 3857 nempe
1545 3786 1816 3840 lectiones

151 3894 463 3933 sacrarum
492 3877 936 3948 Scripturarum
961 3877 1125 3932 initio
1152 3878 1438 3948 Liturgiae,
1462 3879 1815 3950 psalmorum

151 3970 539 4042 aliorumque
574 3969 940 4024 canticorum
981 3959 1516 4036 recitatio;'oblatio
1553 3971 1718 4042 panis
1759 3974 1817 4025 et

149 4061 266 4117 vini
286 4079 458 4134 aqua
484 4061 681 4126 misti;
705 4061 1064 4116 consecratio
1087 4062 1379 4134 utriusque
1401 4064 1586 4118 verbis
1608 4063 1814 4119 Christi

149 4153 396 4210 Domini
438 4170 580 4209 cum
620 4153 1032 4208 benedictione
1061 4170 1127 4208 ac
1162 4155 1326 4224 signo
1357 4155 1537 4210 crucis
1565 4173 1598 4210 a
1627 4171 1812 4211 sacer-

153 4245 286 4301 dote
335 4247 544 4312 facto;
580 4245 772 4300 oratio
822 4245 1157 4311 Dominica;
1192 4249 1250 4300 et
1291 4263 1450 4301 sacra
1484 4247 1812 4302 communio

151 4354 282 4394 cum
310 4339 658 4410 gratiarum
696 4337 946 4392 actione.
975 4339 1048 4392 At
1081 4338 1404 4410 designatio
1433 4343 1719 4394 certarum
1747 4355 1814 4393 ex

152 4429 463 4502 Scriptura
499 4430 855 4495 lectionum;
889 4431 1264 4501 psalmorum,
1297 4431 1652 4502 aliarumque
1683 4447 1809 4502 pre-

156 4537 282 4578 cum
317 4540 618 4578 numerus
655 4525 716 4576 et
758 4521 1042 4587 definitio,
1075 4522 1470 4578 ministrorum
1496 4523 1637 4577 ritus
1666 4539 1809 4594 prae-

1931 729 2064 795 lem,
2095 730 2194 784 sed
2221 730 2394 784 etiam
2425 730 2575 784 inter
2598 729 2827 784 Latinas
2853 729 3097 783 invicem
3121 729 3416 784 Ecclesias.

2000 833 2050 884 3.
2083 832 2144 884 In
2179 831 2472 886 occidente
2499 847 2598 884 seu
2631 830 2783 900 apud
2821 829 3071 896 Latinos,
3098 833 3341 900 quatuor
3369 831 3544 887 mini-

1930 938 2089 976 mum
2117 923 2399 977 solemnes
2427 921 2707 994 Liturgias
2736 921 2887 975 inter
2917 938 3036 975 sese
3065 921 3314 976 diversas
3340 923 3541 979 distin-

1932 1030 2105 1083 guere
2151 1014 2281 1068 licet
2331 1031 2344 1068 :
2393 1018 2532 1084 puta
2575 1014 2916 1080 Romanam,
2961 1013 3398 1069 Ambrosianam
3442 1032 3541 1070 seu

1928 1105 2426 1172 Mediolanensem,
2455 1105 2824 1172 Gallicanam,
2863 1108 2921 1158 et
2953 1105 3335 1176 Hispanicam,
3367 1122 3541 1177 quam
3651 1117 3654 1120 ’

1930 1198 2105 1252 secuti
2131 1202 2261 1252 sunt
2289 1198 2440 1268 apud
2469 1198 2746 1268 Hispanos
2774 1196 3078 1252 Christiani
3108 1198 3387 1252 Arabibus
3410 1213 3538 1268 per-

1930 1289 2102 1356 misti,
2131 1291 2202 1344 ob
2227 1290 2284 1344 id
2313 1291 2672 1344 Mozarabum
2701 1291 3044 1360 appellatam
3075 1306 3088 1344 :
3117 1289 3322 1361 quibus
3356 1290 3542 1346 Litur-

1931 1381 2037 1452 giis
2062 1381 2196 1436 addi
2220 1385 2457 1453 possunt
2477 1382 2745 1436 Africana
2775 1384 2834 1434 et
2868 1381 3188 1436 Hibernica.

1996 1483 2048 1536 4.
2073 1483 2346 1538 Romanae
2369 1482 2635 1554 Liturgiaa
2662 1482 2865 1552 triplex
2883 1481 3057 1536 veluti
3082 1481 3222 1538 ordo
3245 1498 3342 1535 seu
3363 1483 3540 1536 status

1928 1575 2374 1629 considerandus
2409 1578 2511 1628 est.
2559 1577 2712 1630 Unus
2745 1574 3139 1645 primigenius,
3168 1575 3239 1628 ab
3279 1575 3540 1629 Ecclesiae

1929 1667 2210 1721 nascentis
2231 1667 2462 1722 exordio
2484 1667 2556 1721 ad
2578 1667 2861 1723 Gelasium
2883 1683 3060 1737 usque
3080 1670 3372 1738 receptus;
3397 1667 3541 1722 alter

1927 1759 2273 1825 Gelasianus,
2325 1761 2616 1814 auctorem
2663 1775 2760 1812 seu
2802 1758 3273 1828 ampliﬁcatorem
3321 1758 3538 1812 habens

1928 1851 2210 1905 Gelasium
2257 1867 2466 1922 papam
2521 1852 2642 1920 ejus
2702 1850 2952 1905 nominis
2999 1850 3284 1920 primum;
3338 1850 3538 1904 tertius

2697 1959 2762 1996 ex
2803 1941 3035 1995 nomine
3066 1941 3325 2012 Gregorii
3347 1942 3538 2018 Magni

1926 2035 2024 2104 qui
2080 2035 2442 2089 Gelasianum
2498 2035 2760 2089 ordinem
2811 2033 3116 2088 correxisse
3163 2038 3534 2088 memoratur.

1926 2126 2118 2189 Qualis
2141 2126 2315 2180 fuerit
2342 2126 2719 2197 primigenius
2745 2126 2857 2190 ille,
2885 2143 3002 2180 non
3031 2125 3267 2180 omnino
3295 2129 3534 2180 constat.

1925 2217 2254 2272 Gelasianus
2279 2217 2374 2272 diu
2401 2218 2754 2272 desideratus
2783 2221 2868 2271 est
2897 2235 2910 2272 ε
2938 2217 3038 2271 sed
3062 2218 3297 2271 tandem
3321 2217 3481 2271 illum
3505 2233 3538 2272 θ

1925 2310 2176 2363 tenebris
2219 2309 2366 2363 eruit
2409 2309 2494 2362 vir
2535 2310 2606 2364 de
2644 2309 2891 2364 Ecclesia
2929 2310 3075 2363 bene
3119 2309 3358 2363 meritus
3378 2310 3537 2363 lose-

1922 2401 2068 2472 phus
2113 2401 2286 2455 Maria
2332 2402 2684 2467 Thomasius,
2731 2401 2967 2455 clericus
3017 2401 3315 2470 regularis,
3365 2403 3534 2470 atque

1923 2496 2054 2546 ante
2085 2509 2266 2546 annos
2293 2496 2536 2562 quatuor
2565 2493 2836 2546 Romanis
2857 2492 3003 2564 typis
3025 2491 3292 2562 vulgavit.
3321 2493 3535 2562 Grego-

1921 2584 2114 2638 rianus
2157 2584 2391 2638 demum
2437 2585 2496 2638 in
2543 2601 2644 2638 usu
2691 2585 2983 2638 communi
3024 2587 3109 2637 est
3160 2583 3334 2638 modo
3381 2583 3535 2654 apud

1923 2693 2121 2730 omnes
2163 2677 2282 2730 fere
2329 2677 2623 2743 Ecclesias,
2670 2676 2819 2730 notis
2863 2679 2919 2731 et
2961 2675 3449 2731 observationibus
3499 2691 3534 2730 ει

1918 2767 2184 2822 Menardo
2214 2771 2407 2822 nostro
2435 2768 2761 2822 illustratus.

1992 2872 2040 2922 5.
2074 2868 2410 2942 Gregoriani
2434 2885 2467 2924 a
2495 2869 2792 2924 Gelasiano
2823 2871 3004 2924 totum
3030 2868 3336 2924 discrimen
3368 2869 3530 2923 estin

1917 2961 2190 3016 varietate
2207 2964 2265 3014 et
2281 2977 2518 3016 numero
2538 2977 2734 3016 earum
2755 2962 3078 3017 orationum
3097 2978 3236 3034 quas
3257 2961 3534 3016 Collectas

1918 3055 2148 3118 vocant;
2168 3069 2302 3107 nam
2321 3057 2526 3108 caetera
2546 3053 2838 3125 utriusque
2854 3053 3070 3108 easdem
3090 3053 3326 3108 omnino
3342 3053 3532 3126 partes

1919 3147 2072 3198 sunt.
2095 3147 2156 3199 In
2187 3145 2484 3200 Gelasiano
2513 3145 2638 3200 duae
2663 3149 2760 3200 aut
2779 3148 2894 3200 tres
2915 3149 3046 3199 ante
3066 3145 3376 3217 Epistolam
3402 3159 3529 3200 ora-

1919 3237 2102 3290 tiones
2122 3254 2136 3304 ;
2161 3237 2331 3291 unica
2351 3237 2581 3292 Secreta
2601 3241 2733 3291 ante
2752 3237 3182 3302 Praefationem;
3207 3239 3378 3308 atque
3406 3237 3532 3293 duae

1916 3333 2044 3400 post
2063 3329 2550 3396 communionem,
2571 3345 2812 3400 quarum
2835 3346 2950 3385 una
2971 3332 3056 3383 est
3069 3345 3235 3400 supra
3249 3330 3526 3400 populum.

1915 3423 1986 3475 At
2014 3421 2072 3476 in
2095 3421 2151 3493 '7
2179 3421 2528 3492 Gregoriano
2559 3425 2674 3476 tres
2707 3425 2930 3476 tantum
2957 3421 3028 3477 ad
3051 3423 3304 3492 singulas
3327 3422 3528 3476 missas

1917 3514 2280 3584 assignantur
2305 3513 2610 3579 orationes,
2645 3530 2887 3584 quarum
2915 3530 3029 3568 una
3054 3516 3187 3568 ante
3217 3514 3528 3584 Epistolam

1915 3607 2094 3660 altera
2115 3605 2360 3670 Secreta,
2384 3605 2551 3660 tertia
2577 3608 2704 3676 post
2727 3605 3213 3660 communionem.
3232 3605 3292 3659 Id
3311 3620 3444 3659 vero
3467 3604 3527 3660 in

1915 3697 2124 3751 Ordine
2149 3697 2446 3752 Gelasiano
2468 3696 2728 3768 praestitit
2753 3696 3074 3766 Gregorius,
3093 3699 3336 3751 testante
3360 3698 3528 3750 Joan-

1915 3806 1987 3842 ne
2007 3789 2276 3855 Diacono,
2297 3787 2450 3859 quod
2464 3807 2491 3839 «
2505 3789 2684 3842 multa
2707 3787 2999 3854 subtraxit,
3018 3803 3198 3858 pauca
3226 3788 3522 3856 convertit,

1913 3882 2188 3935 nonnulla
2198 3881 2460 3951 adjecit,»
2475 3883 2646 3952 atque
2659 3879 3019 3935 Gelasianum
3033 3879 3322 3948 Codicem,
3336 3879 3396 3934 in
3411 3883 3524 3934 tres

1914 3974 2086 4028 libros
2116 3972 2463 4042 distinctum,
2503 3993 2530 4021 «
2553 3989 2666 4027 uno
2696 3971 2983 4026 volumine
3015 3971 3338 4026 coarctavit.
3361 3971 3524 4036 Quod

1911 4067 2176 4120 volumen
2227 4065 2458 4120 Librum
2513 4067 3014 4122 Sacramentorum
3061 4065 3440 4139 praetitulavit.
3493 4087 3522 4116 ››

1981 4161 2032 4212 6.
2063 4159 2146 4210 Ita
2172 4173 2308 4228 ergo
2340 4157 2599 4228 procedit
2629 4157 2780 4212 Ordo
2809 4157 3119 4225 Romanus,
3139 4162 3200 4212 ut
3227 4159 3414 4230 primo
3436 4159 3523 4214 di-

1911 4251 2072 4303 catur
2097 4249 2430 4320 antiphona,
2454 4265 2577 4319 quae
2597 4250 2764 4320 vulgo
2787 4249 3052 4305 introitus
3071 4251 3406 4322 appellatur,
3431 4251 3525 4307 de-

1912 4339 2044 4394 inde
2071 4342 2235 4408 Kyrie
2253 4342 2464 4402 eleison,
2486 4344 2608 4394 tum
2636 4341 2882 4412 hymnus
2904 4341 3197 4412 angelicus
3217 4357 3317 4396 seu
3339 4344 3522 4400 Gloria

1909 4435 1967 4486 in
1992 4433 2206 4486 earcelsis
2230 4431 2366 4486 olim
2395 4431 2594 4486 diebus
2629 4433 2790 4487 festis
2823 4437 2881 4486 et
2914 4433 3224 4488 Dominicis
3253 4433 3313 4486 in
3349 4433 3522 4488 missa

1911 4523 2236 4594 episcopali,
2263 4523 2323 4576 in
2353 4523 2570 4578 caeteris
2594 4526 2818 4577 tantum
2840 4524 2898 4577 in
2924 4525 3164 4592 Pascha;
3188 4527 3386 4594 postea
3407 4539 3522 4580 una

153 4617 234 4668 ter
273 4634 384 4673 eos
434 4616 541 4688 qui
596 4617 733 4669 sunt
769 4631 838 4668 ex
874 4614 1232 4669 institutione
1275 4615 1488 4683 divina,
1529 4616 1650 4670 haec
1677 4613 1889 4684 veroD
1911 4616 1996 4669 vel
2031 4617 2218 4686 plures
2256 4615 2572 4681 orationes;
2615 4615 2742 4668 exin
2780 4615 3048 4686 Epistola,
3085 4616 3364 4670 Graduale
3391 4633 3522 4671 cum

157 4710 350 4764 omnia
382 4725 494 4780 pro
520 4707 666 4763 locis
697 4723 764 4762 ac
793 4706 1152 4778 temporibus
1181 4708 1338 4762 varia
1366 4708 1717 4762 exstiterunt.

217 4803 269 4856 2.
321 4801 440 4866 Qui
490 4801 757 4872 priorem
819 4798 1060 4853 modum
1109 4799 1481 4854 attenderunt
1527 4803 1804 4867 auctores,

117 4895 340 4950 Missae
376 4893 658 4950 ordinem
687 4891 908 4962 ubique
933 4883 1295 4946 'uniformem
1321 4892 1495 4946 fuisse
1523 4892 1804 4946 dixerunt.

100 4978 305 5050 Quos
339 4987 501 5041 inter
523 4985 805 5050 Isidorus,
836 4985 896 5036 et
915 4987 1045 5054 post
1071 5001 1202 5038 eum
1224 4985 1506 5038 Etherius
1528 4988 1584 5037 et
1606 4985 1808 5038 Beatus

107 5067 448 5150 filispanici
485 5078 810 5150 scriptores
849 5075 910 5128 in
950 5075 1095 5130 libro
1133 5093 1150 5129 ῐ
1195 5080 1398 5130 contra
1444 5075 1804 5148 Elipandum,

134 5172 398 5227 totidem
423 5172 620 5227 verbis
645 5171 706 5226 id
731 5171 1140 5225 asseruerunt:
1162 5169 1304 5225 Ordo
1320 5170 1496 5223 missa
1513 5169 1597 5222 vel
1615 5171 1809 5223 oratio-

130 5277 300 5328 mum,
331 5267 526 5338 quibus
550 5266 750 5322 oblata
779 5265 892 5318 Deo
921 5263 1183 5329 sacriﬁcia
1217 5265 1606 5324 consecrantur,
1630 5263 1807 5331 primo

141 5372 200 5409 ευ
221 5363 388 5416 sancto
407 5363 573 5418 Petro
599 5362 686 5414 est
712 5355 1012 5410 institutus
1038 5370 1054 5406 :
1083 5352 1231 5422 cujus
1265 5353 1664 5408 celebrationem
1701 5368 1806 5408 uno

122 5454 416 5528 Eademque
443 5454 612 5511 modo
645 5450 958 5506 universus
991 5447 1208 5514 peragit
1234 5445 1394 5500 orbis.
1425 5445 1545 5499 Non
1575 5444 1802 5516 ignora-

138 5531 276 5607 Eant
311 5549 522 5608 eruditi
569 5545 664 5602 illi
717 5539 1007 5595 auctores
1049 5535 1492 5607 discrepantiam
1540 5535 1805 5607 Liturgise

140 5621 424 5721 ᾚὶδρεηίοω
456 5663 493 5702 a
543 5643 881 5698 Romana,
915 5628 972 5678 et
1002 5627 1144 5692 aliis,
1177 5629 1276 5682 sed
1313 5628 1393 5682 ita
1427 5627 1808 5698 loquebantur

163 5713 296 5807 itm-ta
315 5743 566 5805 ratione
619 5721 824 5786 modi
855 5717 1011 5772 illius
1039 5720 1321 5789 generalis
1351 5719 1802 5807 uniformis._Ve-

145 5795 332 5907 ’θῶιῷ
347 5795 651 5898 :Eﬁtus
685 5809 972 5882 singulis
991 5811 1250 5907 Ecclesiis
1273 5811 1333 5884 6
1355 5830 1453 5866 seu
1475 5795 1808 5907 regionibus

181 5867 194 5888 ι
509 5867 651 5888 ιιμυ
685 5867 767 5874 1-’-ή
809 5867 846 5882 υ
1277 5867 1330 5884 v
1542 5867 1573 5882 υ

122 5867 337 6027 (1⁵θὲΐὲἓέ
365 5867 494 5990 δέάι
515 5913 896 5982 orationes
939 5903 1265 5972 Ρθουίίπθδν
1293 5905 1516 5976 aliaque
1544 5903 1600 5958 id
1627 5920 1807 5976 genus

343 5985 355 6006 9

1907 4707 2164 4774 Alleluia,
2202 4707 2590 4778 Evangelium,
2631 4706 3014 4774 Oﬂ'ertorium,
3047 4708 3230 4763 oratio
3269 4708 3518 4775 Secreta,

1907 4799 2190 4866 Praefatio,
2213 4799 2528 4870 Trisagion,
2551 4799 2768 4865 Canon,
2793 4799 2974 4854 oratio
2996 4799 3314 4866 Dominica,
3337 4802 3523 4870 Agnus

1907 4894 2020 4954 Dei,
2049 4891 2364 4961 antiphona
2403 4890 2474 4945 ad
2515 4891 3004 4958 communionem,
3035 4891 3518 4956 Postcommunio,

1907 4985 1965 5036 et
1991 4983 2333 5038 benedictio.
2363 4983 2733 5055 Evangelium
2767 4984 2948 5038 sancti
2981 4984 3216 5038 Joannis
3246 4983 3522 5037 recentio-

1905 5075 1984 5129 ris
2017 5079 2103 5129 est
2129 5075 2390 5141 instituti,
2424 5079 2486 5128 ut
2519 5092 2583 5128 ex
2620 5076 2924 5147 Micrologo
2965 5075 3320 5146 intelligitur.
3354 5076 3516 5147 Sym-

1904 5168 2100 5222 bolum
2134 5170 2263 5238 post
2293 5168 2664 5238 Evangelium
2695 5155 2941 5222 Romani
2969 5186 2998 5220 «
3031 5169 3186 5224 nullo
3225 5169 3400 5223 modo
3427 5185 3517 5224 ce-

1907 5260 2170 5314 cinerunt
2197 5275 2373 5331 usque
2402 5259 2475 5312 ad
2507 5261 2768 5330 tempora
2804 5259 2946 5314 divas
2977 5261 3271 5316 memoriae
3297 5262 3524 5316 Henrici

1904 5352 2288 5424 Imperatoris,
2317 5373 2344 5401 »
2374 5351 2586 5405 scilicet
2620 5351 2810 5423 primi,
2842 5356 2985 5406 teste
3013 5353 3274 5407 Bernone
3315 5354 3519 5408 abbate

1904 5444 2173 5515 Augiensi
2225 5460 2238 5498 :
2290 5461 2497 5516 nempe
2543 5443 2694 5514 quod
2733 5463 2759 5496 «
2806 5445 3064 5499 Romana
3111 5446 3357 5500 Ecclesia
3404 5463 3520 5502 non

1905 5537 2105 5591 fuisset
2159 5537 2468 5607 aliquando
2519 5538 2634 5590 ulla
2687 5537 2969 5592 haereseos
3016 5539 3152 5592 faece
3203 5537 3434 5592 infecta.
3489 5560 3516 5587 υ

1907 5628 2070 5692 Quod
2115 5645 2252 5700 ergo
2299 5630 2442 5685 Galli
2497 5630 2672 5684 etiam
2732 5633 3012 5701 regnante
3070 5630 3272 5684 Carolo
3316 5631 3518 5700 Magno

1907 5721 2238 5792 Symbolum
2268 5724 2413 5778 lecto
2434 5721 2740 5792 Evangelia
2769 5722 3149 5789 recitaverint,
3175 5722 3232 5776 id
3254 5737 3320 5776 ex
3339 5721 3515 5774 veteri

1907 5813 2117 5867 Ordine
2143 5814 2431 5869 Gallicano
2458 5814 2680 5869 videtur
2701 5830 2983 5868 manasse.

1977 5911 2028 5961 7.
2062 5906 2312 5978 Liturgia
2339 5907 2714 5962 Ambrosiana
2746 5922 2844 5960 seu
2873 5901 3302 5960 Mediolanensis
3327 5901 3514 5972 plures
