3968 6436
522 394 622 457 H5

1301 397 1631 454 APPENDIX
1674 397 1760 451 AD
1797 397 2017 452 OPERA
2057 396 2292 452 SANCTI
2327 395 2624 451 GERMANI
2663 394 3086 451 PABJSIENSIS.

3802 385 3928 444 “6

517 507 698 570 habet
724 507 932 594 partes.
961 501 1334 561 Prtemittitur
1352 503 1538 560 oratio
1560 503 1808 573 Secreta,
1833 506 2145 575 antequam
2167 514 2226 590 Α
2247 505 2340 557 tur
2358 499 2692 556 Ambrosius
2715 501 2775 556 in
2801 502 3140 574 praefatione
3162 519 3336 576 super
3354 503 3644 576 psalmum
3667 519 3688 560 ι
3703 518 3719 560 :
3737 524 3772 555 α
3788 502 3932 559 Mu-

518 603 786 660 sacerdos
815 599 1090 672 procedat
1123 599 1196 654 ad
1225 599 1434 664 altare;
1464 597 1716 670 itemque
1749 597 1880 665 alia,
1913 613 2044 651 cum
2070 596 2145 652 ad

519 695 658 755 illud
700 693 938 749 accedit.
982 693 1127 747 Dein
1166 695 1296 764 post
1336 692 1676 762 ingressam,
1716 707 1842 762 quae
1881 690 2145 746 lntroitui

517 790 711 844 nostro
738 785 1068 858 respondet,
1092 785 1350 856 sequitur
1369 783 1564 856 p0puli
1587 783 1850 838 salutatio
1871 799 2001 837 cum
2023 799 2144 837 ora-

514 881 672 936 tione
717 897 890 952 super
931 879 1226 950 populum.
1275 879 1488 932 Rursus
1533 877 1645 931 alia
1693 876 1980 943 salutatio,
2021 879 2144 930 tum

512 975 762 1047 hymnus
792 973 1103 1044 angelicus,
1136 969 1198 1044 8
1227 975 1426 1043 postea
1451 973 1618 1039 Kyrie
1655 971 1881 1036 eleison;
1912 973 1969 1024 et
1998 986 2140 1040 pra:-

507 1067 688 1123 missa
729 1065 1073 1120 salutatione
1117 1065 1287 1119 lectio
1338 1063 1654 1134 prOphetse,
1704 1066 1762 1117 et
1806 1063 2141 1130 Psalmulus,

512 1161 681 1232 quale
709 1163 796 1214 est
821 1161 1081 1214 nostrum
1107 1157 1410 1213 Graduale.
1441 1155 1820 1228 Subsequitur
1845 1171 1975 1209 cum
2002 1156 2145 1209 salu-

508 1253 731 1308 tatione
747 1251 916 1306 lectio
939 1251 1194 1322 epistolte
1214 1249 1424 1305 deinde
1444 1249 1687 1303 Alleluia
1700 1265 1828 1302 cum
1843 1264 1944 1302 suo
1959 1264 2140 1314 versu,

507 1349 636 1400 tum
661 1345 774 1400 alia
798 1345 1136 1415 antiphona,
1162 1360 1295 1398 mox
1325 1341 1701 1413 Evangelium
1727 1341 2021 1412 praemissa
2041 1341 2142 1394 be-

511 1438 860 1494 nedictione.
893 1437 1080 1492 Finito
1119 1436 1429 1507 Evangelio
1469 1451 1663 1489 rursus
1699 1433 1985 1500 salutatio,
2021 1437 2143 1487 tum

509 1533 676 1602 Kyrie
713 1532 927 1595 eleison,
965 1528 1107 1584 item
1153 1527 1442 1595 salutatio,
1485 1531 1606 1582 tum
1654 1527 1971 1598 antiphona
2016 1530 2144 1597 post

512 1623 907 1696 Evangelium,
926 1639 1031 1677 nos
1048 1621 1414 1677 Ofl‘ertorium
1433 1636 1721 1674 vocamus.
1745 1620 1879 1674 Post
1898 1619 2017 1672 Ιιαδο
2035 1636 2143 1689 pax

513 1719 572 1773 et
605 1715 890 1783 salutatio,
921 1714 1104 1770 oratio
1141 1729 1312 1784 super
1353 1711 1662 1766 sindonem
1693 1729 1792 1766 seu
1823 1713 2140 1783 corporale,

510 1813 572 1864 ut
592 1808 901 1880 loquimur,
927 1807 1139 1862 oblatio
1161 1805 1326 1877 panis
1347 1809 1404 1860 et
1423 1805 1559 1873 vini,
1585 1805 1876 1860 orationes
1898 1805 2142 1860 Secretze

509 1906 569 1958 et
606 1901 944 1958 offerenda:
978 1903 1101 1955 tum
1138 1899 1352 1971 praevia
1397 1897 1742 1953 salutatione
1784 1897 2140 1968 Sjmbolum,
2164 1881 2220 1951 Β

507 2013 703 2051 rursus
732 1993 996 2050 salutatio
1025 1997 1083 2047 et
1107 1992 1292 2047 oratio
1321 2008 1493 2063 super
1519 1991 1731 2058 oblata,
1763 1991 1971 2044 deinde
2002 1991 2146 2044 Prae-

509 2089 672 2156 fatio,
703 2086 1022 2157 Trisagion,
1051 2087 1253 2140 Canon
1294 2085 1556 2138 Romano
1599 2100 1879 2155 perquam
1922 2081 2140 2148 similis,

512 2182 622 2237 nisi
647 2179 802 2252 quod
827 2179 959 2235 lotis
983 2179 1252 2234 manibus
1278 2177 1544 2232 sacerdos
1569 2177 1742 2231 verba
1765 2175 2146 2231 consecratio-

512 2275 601 2328 nis
640 2275 718 2328 sic
748 2273 915 2328 effert
945 2289 958 2327 :
991 2275 1101 2328 Hoc
1135 2276 1213 2327 est
1253 2273 1395 2326 enim
1441 2286 1630 2342 corpus
1655 2286 1849 2333 meum,
1881 2270 2024 2340 quod
2042 2285 2145 2340 pro

509 2369 696 2424 multis
731 2369 1120 2436 confringetur.
1160 2365 1228 2418 Et
1256 2381 1269 2418 :
1297 2366 1396 2420 Hic
1431 2368 1508 2418 est
1542 2366 1681 2418 enim
1717 2365 1940 2433 sanguis
1976 2379 2143 2425 meus,

513 2478 618 2516 nec
645 2461 826 2532 plura.
851 2461 986 2514 Post
1009 2460 1302 2514 Canonem
1333 2457 1534 2512 hostias
1559 2456 1874 2510 contractio
1904 2458 1961 2509 et
1986 2472 2144 2510 com-

509 2554 702 2610 mistio
722 2553 780 2608 in
797 2552 993 2620 calice,
1009 2551 1147 2606 dum
1168 2550 1401 2605 interim
1421 2550 1646 2604 canitur
1661 2549 2141 2605 Confractorium.

511 2649 626 2703 sive
673 2647 992 2718 antiphona
1033 2645 1108 2700 ad
1154 2644 1608 2699 confractioncm
1647 2660 1660 2696 :
1704 2643 1912 2697 deinde
1959 2641 2143 2697 oratio

510 2739 830 2807 Dominica,
864 2739 1020 2810 pacis
1051 2737 1358 2804 nuntiatio,
1387 2736 1749 2804 Communio,
1774 2736 2146 2808 postmodum

513 2833 805 2890 orationes
843 2834 974 2902 post
1008 2830 1510 2886 Communionem.
1545 2829 1758 2894 Quibus
1795 2829 1960 2883 dictis
1987 2845 2142 2883 com-

513 2926 714 2981 munio
741 2924 1028 2997 praebetur
1045 2923 1361 2978 astantibus
1377 2922 1464 2977 his
1479 2922 1684 2990 verbis,
1702 2926 1901 2993 Corpus
1923 2923 2143 2983 Christi,

516 3024 575 3074 et
613 3017 1014 3090 respondetur,
1046 3019 1238 3073 Amen.
1269 3017 1384 3070 Sub
1415 3016 1535 3070 haec
1572 3016 1890 3090 antiphona
1927 3014 2147 3070 Transi-

517 3112 731 3168 torium
757 3111 937 3178 dicta;
972 3113 1172 3181 postea
1211 3109 1474 3164 salutatio
1507 3111 1566 3163 et
1605 3109 1789 3164 oratio
1819 3111 1948 3180 post
1976 3109 2141 3164 Com-

516 3203 856 3261 munioncm
893 3220 905 3258 :
947 3203 1156 3257 iterum
1193 3201 1481 3268 salutatio,
1510 3205 1675 3272 Kyrie
1713 3203 1926 3265 eleison,
1963 3202 2140 3255 bene-

518 3298 692 3354 dictio
721 3297 935 3370 populi,
965 3296 1336 3367 ejusdemque
1365 3295 1621 3350 dimissio
1655 3295 1742 3349 his
1773 3295 1959 3349 verbis
1985 3298 2146 3350 :P-ro-

515 3393 764 3448 cedamus
806 3393 864 3444 in
894 3405 1047 3461 pace.
1092 3389 1490 3460 Respondetur
1531 3391 1637 3444 :In
1677 3392 1888 3444 nomine
1926 3390 2145 3446 Christi.

517 3488 580 3541 In
606 3483 855 3540 Ecclesia
881 3482 1289 3538 Mediolanensi
1320 3482 1394 3536 ad
1425 3483 1576 3536 hunc
1605 3497 1782 3553 usque
1812 3482 1966 3535 diem
1995 3481 2150 3552 viget

518 3581 566 3634 is
591 3579 753 3644 ritus,
783 3577 942 3648 cujus
971 3579 1262 3630 auctorem
1292 3575 1660 3630 Ambrosium
1697 3575 1959 3646 agnoscit
1981 3576 2144 3629 Vala-

516 3671 700 3730 fridus
726 3671 962 3727 Strabus
989 3671 1048 3725 in
1074 3687 1198 3741 cap.
1237 3673 1304 3725 22
1334 3686 1346 3723 :
1371 3668 1747 3722 «Ambrosius
1777 3684 2005 3739 quoque
2033 3669 2147 3723 Me-

519 3764 868 3822 diolanensis
893 3765 1211 3836 episcopus,
1235 3766 1355 3817 tam
1391 3761 1578 3816 missze
1607 3779 1782 3833 quam
1809 3766 2148 3816 czeterorum

519 3859 954 3932 dispositionem
998 3857 1320 3913 officiorum
1355 3872 1470 3910 suat
1505 3855 1770 3909 Ecclesia:
1809 3858 1866 3908 et
1905 3855 2031 3908 aliis
2057 3854 2146 3908 Li-

519 3952 754 4026 guribus
781 3951 1084 4007 ordinavit.
1118 3949 1256 4014 Quae
1282 3952 1339 4004 et
1374 3965 1551 4019 usque
1587 3948 1757 4002 hodie
1791 3947 1848 4001 in
1879 3947 2145 4002 Mediola-

518 4046 684 4103 nensi
726 4048 998 4100 tenentur
1043 4043 1371 4098 Ecclesia.»
1400 4042 1564 4096 Certe
1606 4041 1894 4111 pleraeque
1939 4041 2146 4096 funda-

516 4142 778 4196 mentum
806 4138 1024 4193 habent
1058 4136 1119 4191 in
1159 4135 1318 4190 libris
1351 4134 1420 4189 de
1453 4133 1856 4201 Sacramentis,
1887 4135 1983 4206 qui
2011 4135 2144 4188 Am-

515 4232 706 4288 brosio
729 4231 1076 4286 tribuuntur.

588 4324 648 4400 9
675 4329 727 4381 8.
759 4326 917 4380 Hunc
958 4323 1148 4378 missae
1177 4320 1572 4376 Ambrosianze
1601 4319 1866 4374 ordinem
1895 4321 2149 4375 exhibuit

516 4435 670 4476 anno
703 4421 829 4474 1571
867 4415 1172 4481 Pamelius,
1203 4413 1358 4468 haud
1391 4413 1562 4467 dubie
1593 4430 1658 4467 ex
1681 4413 1916 4485 antiquo
1938 4414 2088 4469 ritu:
2113 4431 2147 4468 a

517 4529 629 4584 quo
649 4511 935 4582 discrepat
951 4509 1011 4562 in
1033 4506 1326 4562 nonnullis
1344 4507 1561 4561 Missale
1573 4507 2016 4562 Ambrosianum
2034 4507 2148 4562 edi-

2165 3249 2219 3322 C

2246 596 2416 651 lieres
2441 596 2745 666 Apostolus
2780 596 2838 650 in
2883 597 3122 653 ecclesia
3153 602 3344 654 tacere
3375 599 3563 669 jubet,
3593 599 3929 670 psalmum

2246 688 2420 744 etiam
2435 689 2584 744 bene
2601 690 2918 744 clamant...
2934 689 3222 755 Quantum
3247 693 3544 747 laboratur
3565 693 3626 746 in
3645 693 3932 747 ecclesia

2245 786 2308 838 ut
2339 783 2438 836 fiat
2488 782 2777 836 silentium
2816 800 2946 838 cum
2986 785 3264 840 lectiones
3307 787 3613 856 leguntur!
3647 785 3713 842 Si
3743 803 3929 841 unus

2245 875 2515 946 loquitur,
2549 875 2888 946 obstrepunt
2914 877 3180 933 universi.
3205 879 3348 934 Cum
3371 879 3627 948 psalmus
3649 879 3921 949 legitur,

2245 969 2364 1038 ipse
2401 967 2507 1022 sibi
2543 967 2780 1022 effector
2813 973 2898 1023 est
2935 970 3148 1025 silentii
3177 988 3190 1025 :
3221 987 3424 1026 omnes
3455 973 3813 1042 loquuntur,
3856 977 3928 1025 et

2245 1061 2431 1115 nullus
2457 1061 2754 1131 obstrepit.
2785 1083 2812 1110 ››
2847 1063 2976 1116 Haec
3010 1063 3184 1118 verba
3216 1063 3466 1119 innuunt
3497 1081 3709 1119 omnes
3737 1065 3925 1118 inter

2244 1153 2606 1226 psallendum
2648 1157 2820 1208 cantu
2861 1161 3167 1226 occupatos
3195 1157 3404 1224 fuisse;
3433 1174 3564 1212 cum
3602 1158 3924 1212 lectiones

2244 1247 2594 1318 legerentur,
2624 1247 2712 1301 vix
2743 1247 3035 1302 silentium
3061 1249 3455 1319 impetratum.
3487 1251 3602 1305 Sed
3636 1252 3922 1305 fortasse

2246 1340 2349 1394 iste
2375 1341 2532 1393 locus
2562 1340 2635 1394 ad
2664 1341 2978 1412 Liturgiam
3006 1359 3228 1396 sacram
3257 1359 3374 1398 non
3395 1343 3585 1414 magis
3607 1360 3804 1414 quam
3833 1345 3924 1398 ad

2245 1433 2386 1487 alios
2412 1433 2673 1487 Ecclesiae
2705 1438 3018 1489 conventus
3048 1436 3318 1506 pertinet.
3357 1439 3417 1490 In
3451 1436 3652 1491 libello
3688 1437 3767 1491 de
3809 1437 3919 1491 Li-

2245 1526 2436 1592 taniis,
2471 1543 2642 1596 quem
2690 1545 2756 1581 ex
2801 1527 2913 1582 ritu
2958 1529 3340 1584 Ambrosiano
3379 1533 3610 1584 sanctus
3647 1531 3924 1585 Carolus

2246 1620 2601 1673 Borromteus
2630 1621 2776 1690 typis
2795 1622 3018 1691 vulgari
3039 1623 3278 1688 curavit,
3305 1626 3391 1676 ter
3413 1623 3718 1678 silentium
3749 1624 3925 1678 indi-

2244 1712 2390 1766 citur
2417 1716 2550 1767 ante
2577 1713 2871 1783 Evangelii
2901 1715 3208 1770 lectionem
3237 1716 3299 1770 in
3333 1716 3514 1770 tribus
3543 1717 3763 1771 diebus
3793 1719 3925 1773 Bo-

2247 1805 2570 1875 gationum,
2591 1806 2698 1860 hoc
2719 1806 2893 1861 modo
2915 1824 2926 1862 :
2950 1809 3215 1863 Diaconus
3235 1809 3400 1864 dicit:
3423 1811 3640 1864 Parcite
3654 1812 3919 1878 fabulis.

2247 1901 2428 1956 Custos
2464 1901 2590 1954 item
2630 1919 2646 1954 :
2687 1901 2973 1956 Silentium
3009 1902 3216 1956 habete.
3255 1905 3328 1958 Et
3369 1903 3510 1958 alter
3548 1905 3864 1974 respondet
3897 1925 3918 1959 :

2242 1993 2444 2048 Habete
2477 1994 2773 2048 silentium.
2802 1994 3176 2063 Evangelium
3217 1995 3428 2050 deinde
3469 1986 3924 2067 pronuntiatur

2247 2085 2295 2158 1
2313 2083 2372 2158 ο
2403 2089 2536 2139 ante
2563 2087 2818 2140 missam.
2851 2088 2978 2140 Haec
3004 2088 3074 2142 de
3107 2088 3362 2158 Liturgia
3387 2090 3814 2146 Ambrosiana.

2315 2181 2366 2232 9.
2399 2179 2524 2233 Non
2554 2179 2748 2233 minor
2775 2184 2858 2232 est
2883 2180 3152 2251 Liturgiae
3173 2182 3540 2237 Mozarabica:
3563 2200 3598 2237 a
3619 2185 3918 2239 Romana

2246 2271 2647 2342 discrepantia.
2665 2273 2796 2342 Ejus
2817 2277 3008 2343 partes
3029 2275 3295 2340 Isidorus,
3315 2279 3374 2340 et
3390 2279 3518 2346 post
3539 2294 3680 2331 eum
3703 2280 3918 2333 zEtlie-

2245 2364 2362 2418 rius
2392 2368 2450 2418 et
2476 2365 2680 2419 Beatus
2707 2365 2913 2420 iisdem
2937 2369 3124 2421 verbis
3151 2368 3481 2422 describunt
3505 2369 3563 2423 in
3587 2370 3752 2425 hunc
3779 2389 3919 2427 mo-

2247 2458 2416 2513 dum:
2443 2459 2675 2513 «Prima
2698 2459 2881 2515 oratio
2915 2461 3171 2530 ejusdem
3199 2462 3387 2516 missa:
3409 2465 3918 2520 commonitionis

2246 2568 2385 2622 erga
2397 2553 2670 2622 populum
2689 2555 2792 2619 est,
2809 2556 2870 2607 ut
2887 2570 3088 2608 omnes
3099 2555 3419 2608 excitentur
3435 2555 3508 2609 ad
3522 2559 3915 2614 exorandum

2246 2645 2446 2698 Deum.
2481 2645 2745 2700 Secunda
2783 2644 3161 2701 invocationis
3196 2648 3270 2702 ad
3305 2649 3489 2703 Deum
3530 2652 3637 2717 est,
3670 2655 3738 2705 ut
3786 2655 3912 2708 cle-

2247 2742 2474 2792 menter
2497 2739 2740 2809 excipiat
2762 2757 2960 2810 preces
2984 2742 3264 2810 fidelium,
3288 2743 3778 2818 oblationemque
3814 2765 3916 2802 eo-

2246 2848 2392 2885 rum.
2427 2831 2616 2885 Tertia
2640 2835 2832 2886 autem
2862 2833 3175 2890 effunditur
3201 2853 3304 2906 pro
3332 2837 3738 2905 offerentibus,
3781 2841 3911 2895 sive

2246 2941 2348 2994 pro
2377 2924 2659 2978 defunctis
2684 2925 2966 2993 ﬁdelibus,
2997 2931 3057 2982 ut
3083 2946 3188 2999 per
3211 2929 3400 3000 ipsum
3428 2932 3794 2988 sacrificium
3819 2952 3914 2988 ve-

2248 3017 2402 3072 niam
2434 3023 2878 3089 consequantur.
2911 3020 3126 3085 Quarta
3166 3027 3296 3092 post
3335 3023 3456 3078 haec
3492 3025 3752 3081 infertur
3797 3046 3910 3100 pro

2247 3111 2436 3165 osculo
2463 3111 2618 3181 pacis
2643 3115 2701 3164 et
2721 3112 3122 3180 charitatis,.ut
3144 3117 3498 3171 reconciliati
3526 3135 3741 3174 omnes
3763 3139 3916 3177 con-

2246 3204 2533 3258 socientur
2548 3205 2722 3275 digne
2741 3221 2844 3276 per
2855 3207 3294 3264 Sacramentum
3312 3211 3570 3281 corporis
3587 3217 3645 3267 et
3659 3231 3768 3268 san
3779 3216 3913 3287 gui-

2248 3298 2335 3350 nis
2365 3297 2637 3352 Christi...
2663 3297 2874 3362 Quinta
2895 3299 3106 3354 deinde
3130 3300 3377 3356 infertur
3403 3304 3606 3359 inlatio
3642 3306 3703 3361 in
3735 3326 3913 3364 sanc-

2248 3389 2559 3443 tificatione
2593 3391 2936 3447 oblationis:
2966 3393 3023 3448 in
3054 3411 3165 3466 qua
3199 3397 3376 3451 etiam
3407 3397 3484 3450 ad
3515 3398 3620 3452 Dei
3651 3399 3909 3457 laudem

2248 3482 2606 3536 terrestrium
2667 3487 3058 3540 creaturarum
3109 3487 3501 3560 virtutumque
3564 3493 3909 3549 ccelestium

2249 3577 2586 3646 angelorum
2637 3577 2977 3632 universitas
3021 3585 3382 3650 provocatur,
3427 3586 3486 3636 et
3523 3587 3803 3642 Hosanna
3851 3592 3910 3643 in

2247 3671 2463 3724 ercelsis
2491 3674 2764 3724 cantatur.
2789 3672 2964 3726 Porro
2991 3677 3147 3727 sexta
3181 3675 3424 3745 proinde
3462 3679 3727 3732 succedit
3756 3697 3904 3737 con-

2248 3761 2495 3816 firmatio
2532 3763 2907 3830 Sacramenti,
2943 3769 3004 3819 ut
3039 3767 3252 3822 oblatio
3299 3786 3426 3839 quae
3467 3771 3587 3825 Deo
3625 3772 3904 3840 oﬂ‘ertur,

2250 3855 2598 3910 sanctificata
2628 3873 2731 3927 per
2772 3857 3049 3928 Spiritum
3087 3865 3369 3928 sanctum,
3403 3863 3619 3918 Christi
3660 3869 3906 3940 corpori

2249 3951 2306 4002 et
2357 3948 2626 4019 sanguini
2675 3951 3067 4006 confirmetur.
3125 3953 3338 4009 Ultima
3390 3973 3525 4010 vero
3584 3959 3906 4016 Dominica

2249 4041 2432 4096 oratio
2465 4045 2568 4095 est.
2598 4061 2624 4092 »
2660 4043 2960 4114 Hucusque
2993 4045 3240 4101 Isidorus
3276 4051 3333 4102 et
3367 4049 3593 4105 Beatus.

2324 4137 2406 4188 10.
2441 4135 2774 4190 Mozarabici
2817 4137 2958 4191 ritus
3001 4143 3194 4209 partes
3243 4141 3570 4198 distinctius
3615 4151 3680 4201 et
3717 4149 3905 4204 fusius

2250 4227 2603 4298 explicarunt
2627 4230 2837 4283 Vaseus
2863 4230 2921 4284 in
2952 4232 3256 4301 Chronico,
3283 4239 3341 4289 et
3363 4252 3427 4291 ex
3447 4237 3548 4293 illo
3575 4241 3900 4308 Pamelius,

2250 4325 2306 4375 et
2327 4325 2454 4392 post
2476 4339 2573 4375 eos
2589 4323 2755 4377 clara:
2777 4325 3074 4380 memoria:
3092 4328 3344 4383 Joannes
3364 4331 3521 4385 Bona
3537 4334 3866 4391 cardinalis
3886 4355 3898 4392 :

2249 4414 2456 4486 quibus
2482 4415 2630 4469 addc
2664 4415 3000 4486 scriptorem
3024 4419 3161 4474 Vita:
3181 4421 3466 4478 Francisci
3486 4425 3770 4483 Ximenes
3793 4433 3897 4486 To-

2247 4507 2425 4562 letani
2453 4507 2866 4581 archiepiscopi
2891 4514 2949 4564 et
2975 4513 3300 4569 cardinalis.
3333 4516 3430 4570 Hic
3455 4517 3685 4575 Missale
3708 4524 3897 4579 Moza-

513 4609 637 4660 tum
684 4620 838 4659 anno
881 4605 1034 4669 1560,
1068 4603 1127 4655 at
1171 4602 1342 4671 longe
1389 4600 1448 4654 in
1479 4599 1737 4671 pluribus
1763 4617 1973 4656 novum
2006 4601 2223 4688 anniD
2247 4601 2502 4655 rabicum
2523 4603 2704 4656 Toleti
2730 4604 2929 4658 excudi
2952 4606 3249 4661 mandavit
3269 4625 3424 4663 anno
3450 4615 3604 4667 1500.
3624 4614 3747 4671 Sed
3768 4618 3905 4689 quia

517 4699 674 4753 1669.
696 4696 886 4750 Primo
915 4695 976 4748 in
1005 4693 1194 4748 missis
1225 4693 1385 4748 deest
1405 4693 1713 4764 PrOphetia
1734 4693 1791 4748 in
1816 4711 1982 4761 novo,
2009 4712 2147 4766 prae—

514 4794 780 4862 terquam
805 4789 865 4842 in
893 4787 1080 4842 missis
1107 4786 1176 4840 de
1201 4785 1671 4857 Quadragesima,
1697 4787 1766 4841 de
1789 4788 2146 4842 sanctissimo

515 4884 908 4949 Sacramento,
943 4885 1001 4935 et
1039 4880 1098 4935 in
1141 4879 1328 4934 missis
1357 4884 1485 4952 post
1513 4883 1908 4935 Pentecosten.
1942 4883 2004 4934 In
2034 4881 2146 4936 alio

512 4977 671 5032 nulla
697 4978 832 5030 ante
859 4974 1171 5046 Epistolam
1201 4973 1368 5028 lectio
1398 4991 1461 5028 ex
1490 4975 1670 5029 veteri
1696 4977 2064 5029 Testamento
2086 4975 2144 5028 in

511 5068 826 5125 Dominicis
857 5071 986 5138 post
1018 5068 1394 5121 Pentecosten
1426 5085 1438 5123 :
1470 5067 1547 5122 sic
1575 5084 1708 5122 vero
1743 5068 1800 5121 in
1843 5067 2143 5122 nativitate

513 5161 764 5228 Domini,
793 5161 1032 5232 aliisque
1068 5161 1508 5216 solemnioribus
1537 5161 1715 5227 festis,
1751 5161 1833 5215 uti
1860 5163 1919 5214 et
1944 5159 2004 5214 in
2031 5161 2143 5215 D0-

511 5255 740 5310 minicis
764 5253 1247 5326 Quadragesimaa.
1279 5256 1336 5308 In
1377 5255 1536 5309 festis
1567 5255 1809 5326 paschae,
1843 5253 2140 5308 Ascensio-

511 5349 600 5402 nis
617 5349 1052 5402 etPentecostes
1067 5349 1332 5420 Epistulae
1347 5347 1717 5420 praemittitur
1729 5346 1898 5401 lectio
1918 5363 1982 5400 ex
1999 5347 2144 5401 Acti-

508 5442 616 5496 bus
643 5443 1029 5512 apostolorum
1059 5442 1115 5496 in
1144 5444 1388 5513 utroque
1408 5439 1634 5494 Missali.
1651 5441 1791 5492 Item
1818 5439 1874 5492 in
1899 5443 2140 5511 utroque

508 5535 682 5589 verba
709 5536 1154 5591 consecrationis
1185 5535 1412 5600 eadem,
1443 5549 1568 5603 quae
1594 5533 1654 5585 in
1679 5533 1958 5599 Romano,
1983 5534 2142 5604 cujus

507 5628 673 5683 multi
695 5629 834 5683 ritus
854 5629 910 5684 in
931 5628 1195 5685 ordinem
1213 5625 1660 5680 Ambrosianum
1677 5641 1711 5678 a
1725 5625 2142 5680 recentioribus

508 5721 724 5777 inducti
761 5727 910 5778 sunt.
952 5721 1196 5791 Ubique,
1235 5718 1296 5772 id
1333 5721 1418 5770 est
1456 5721 1575 5771 tam
1621 5717 1774 5788 apud
1821 5719 2138 5774 Pamelium

507 5832 679 5885 quam
713 5816 773 5869 in
804 5814 1016 5885 duplici
1047 5811 1272 5877 Missali,
1304 5811 1462 5864 nulla
1489 5811 1551 5864 fit
1571 5810 1790 5864 mentio
1818 5810 1888 5865 dc
1911 5811 2137 5868 silentio

505 5911 637 5963 ante
669 5907 944 5964 lectiones
965 5904 1202 5962 indicto.
1222 5903 1394 5976 Cujus
1416 5906 1610 5959 tamen
1634 5903 1964 5960 meminisse
1986 5905 2137 5961 vide-

2249 4694 2540 4748 rarissima
2567 4698 2698 4749 sunt
2719 4695 2776 4750 in
2809 4696 2896 4751 his
2923 4699 3180 4769 partibus
3211 4701 3372 4756 istius
3399 4703 3680 4762 editionis
3710 4728 3906 4766 exem-

2249 4787 2450 4858 plaria,
2485 4788 2720 4860 ejusque
2757 4791 2963 4845 notitia
3010 4793 3493 4864 subsequentibus
3532 4798 3901 4859 illustrandis

2248 4881 2558 4951 plurimum
2579 4882 2874 4949 conducit;
2898 4884 3048 4938 illius
3069 4886 3339 4958 Liturgice
3356 4893 3550 4960 partes
3566 4899 3904 4952 accuratius

2249 4990 2532 5044 exponere
2583 4992 2772 5046 operte
2816 4977 3066 5048 pretium
3107 4983 3210 5034 est.
3248 4982 3538 5054 Principio
3589 4992 3900 5057 praemissa

2247 5067 2605 5122 confessione
2629 5073 2686 5122 et
2707 5070 2988 5137 oratione,
3009 5071 3074 5125 fit
3095 5072 3322 5128 initium
3346 5077 3417 5130 ab
3441 5079 3778 5150 antiphona
3803 5103 3900 5139 seu

2244 5161 2486 5215 Introitu
2517 5178 2645 5216 cum
2674 5161 2897 5217 duobus
2927 5165 3181 5220 versibus
3207 5171 3263 5221 ot
3291 5170 3478 5226 Gloria
3503 5177 3556 5227 et
3583 5174 3765 5232 honor
3790 5182 3897 5235 Pa-

2246 5257 2338 5308 tri.
2388 5255 2660 5324 Sequitur
2706 5259 2865 5310 extra
2908 5257 3218 5314 adventum
3265 5266 3322 5315 et
3363 5262 3897 5337 Quadragesimam

2246 5347 2430 5403 Gloria
2460 5350 2517 5401 in
2543 5351 2778 5412 eacelsis,
2803 5349 2961 5420 cujus
2993 5353 3116 5408 loco
3151 5353 3244 5408 die
3266 5356 3570 5413 Dominica
3599 5359 3649 5432 1
3670 5361 3724 5435 1
3761 5371 3894 5419 ante

2245 5440 2422 5494 sancti
2444 5441 2681 5496 Joannis
2701 5443 2962 5514 Baptista:
2978 5446 3345 5502 Nativitatcm
3367 5449 3580 5506 dicitur
3594 5458 3893 5514 canticum

2242 5535 2571 5590 Benedictus.
2600 5537 2740 5590 Tum
2773 5536 2957 5592 oratio
2986 5539 3172 5609 prima
3193 5543 3472 5598 recitatur
3497 5546 3724 5618 absque
3756 5569 3893 5622 pra:-

2241 5627 2332 5681 vio
2351 5629 2586 5690 Oremus,
2607 5645 2791 5700 eaque
2807 5631 3048 5687 recitata
3067 5635 3334 5690 sacerdos
3356 5637 3480 5692 sine
3505 5647 3889 5701 conversione

2241 5720 2315 5775 ad
2349 5722 2624 5793 p0pulum
2662 5721 2819 5788 dicit,
2861 5727 3116 5781 Dominus
3151 5730 3224 5783 sit
3258 5745 3466 5800 semper
3493 5735 3806 5806 vobiscum;
3840 5744 3891 5794 et

2241 5815 2435 5869 audito
2475 5815 2671 5886 populi
2707 5832 2982 5886 responso
3014 5820 3156 5890 legit
3191 5823 3588 5894 Prophetiam,
3622 5831 3698 5885 ad
3732 5835 3890 5902 cujus

2240 5907 2466 5965 titulum
2502 5909 2747 5980 populus
2785 5912 3116 5982 respondet,
3146 5918 3248 5971 Deo
3281 5921 3517 5986 gratias,
3547 5925 3607 5977 et
3651 5925 3713 5980 in
3753 5928 3884 5988 fine.
