3968 6440
133 399 222 467 in
1125 411 1213 472 De
1251 413 1561 474 LITURGIA
1596 418 1963 490 GALLlCANA
2001 421 2197 482 LIBER
2233 421 2496 481 PRIMUS.

3370 407 3468 481 ne

128 519 302 614 amen.
316 513 861 614 Deinde-repetita
890 520 1233 579 salutatione
1263 524 1487 581 canitur
1515 529 1614 582 aut
1636 542 1764 598 pro-
1781 537 1842 614 Α
1859 531 1968 586 tur.
1997 530 2140 586 Tum
2169 528 2418 587 hostiam
2449 528 2631 586 elevat
2659 543 2775 585 non
2802 527 3019 585 elevato
3045 520 3237 585 calice.
3266 525 3470 585 Postea

129 612 292 666 fertur
312 609 720 680 Psallendum,
750 613 910 684 quod
938 615 1088 670 idem
1121 620 1207 672 est
1235 633 1365 674 cum
1396 623 1590 674 nostro
1621 620 1756 676 Gra-

132 703 289 758 duali.
325 703 542 758 Postea
577 706 858 771 sacerdos
903 709 992 763 vel
1037 709 1312 764 diaconus
1351 711 1450 778 ait,
1479 713 1761 768 Silentium

129 799 298 862 facile,
321 798 650 867 antequam
673 799 1061 855 subdiaconus
1081 801 1392 872 Epistolam
1412 804 1584 875 legat.
1607 806 1760 859 Hanc

131 888 481 959 subsequitur
502 890 682 944 lectio
707 892 1027 963 Evangelii,
1049 910 1162 964 quo
1178 895 1341 949 ﬁnito
1362 897 1758 967 respondetur,

129 983 300 1037 Amen.
329 981 499 1045 Quod
544 987 786 1037 sanctus
826 985 1167 1039 Benedictus
1205 991 1333 1058 post
1371 989 1664 1059 Evangelii
1701 989 1759 1043 in

128 1073 316 1144 vigiliis
339 1074 652 1129 nocturnis
671 1077 989 1131 lectionem
1010 1079 1312 1148 prescribit
1331 1079 1390 1134 in
1413 1083 1625 1152 regulae
1647 1099 1760 1136 suae

129 1183 239 1236 cap.
287 1169 367 1220 Η.
414 1167 602 1222 Lecto
651 1169 968 1239 Evangelia
1014 1174 1143 1240 post
1185 1172 1587 1228 salutationem
1629 1190 1762 1228 mox

127 1261 374 1312 cantatur
414 1259 678 1314 Alleluia
717 1276 852 1314 cum
895 1278 996 1316 suo
1036 1278 1219 1317 versu.
1259 1264 1524 1318 Succedit
1563 1265 1762 1320 hostiae

131 1351 326 1404 oblatio
372 1367 506 1404 cum
555 1352 858 1419 oratione,
907 1370 1079 1423 quam
1130 1355 1386 1425 sequitu’r
1431 1357 1544 1410 alia
1587 1357 1758 1424 dicta,

129 1443 245 1496 Post
291 1442 686 1509 oblationem,
739 1445 832 1498 his
879 1445 1084 1513 verbis,
1130 1449 1194 1502 In
1235 1449 1436 1518 spiritu
1479 1450 1761 1504 humilita-

131 1537 205 1596 tis,
259 1539 364 1588 etc.
431 1538 612 1598 Veni,
668 1541 856 1592 sancte
916 1539 1154 1607 Spiritus
1203 1542 1593 1608 sanctificator,
1651 1545 1756 1596 etc.

131 1626 255 1680 Dein
288 1626 560 1682 sacerdos
595 1627 756 1694 dicit,
789 1629 1067 1699 Adjuvate
1094 1647 1196 1694 me,
1226 1633 1450 1698 fratres,
1481 1636 1612 1699 etc.,
1641 1636 1760 1688 tum

131 1719 334 1772 canitur
390 1719 788 1786 Sacrificium,
854 1721 1009 1791 quod
1065 1722 1422 1778 olfertorium
1473 1740 1758 1780 vocamus.

129 1812 406 1882 Hucusque
437 1811 629 1866 missa
659 1813 1233 1870 cathecumenorum.

1859 639 1987 678 eam
2013 625 2218 678 tenens
2247 639 2416 694 supra
2441 623 2696 690 calicem,
2725 621 2927 677 recitat
2947 621 3281 693 Symbolum
3299 621 3472 678 Nica-

1860 732 1998 784 num
2037 733 2134 770 seu
2175 717 2277 771 CP.
2315 716 2429 771 Sub
2460 717 2581 770 haec
2624 715 2838 785 frangit
2879 715 3127 770 hostiam
3161 715 3223 770 in
3265 731 3470 771 novem

1859 809 2182 879 particulas,
2210 825 2336 879 quae
2363 808 2450 862 his
2481 807 2810 862 nominibus
2839 807 3230 878 designantur,
3255 808 3469 878 Corpo-

1858 900 2024 966 ratio,
2049 899 2098 972 1
2114 898 2174 972 3
2197 899 2485 966 Nativitas,
2513 898 2898 965 Circumcisio,
2920 899 3233 969 Apparitio,
3255 899 3467 967 Passio,

1857 992 2021 1059 Mors,
2050 991 2424 1059 Resurrectio,
2455 991 2665 1058 Gloria,
2693 991 2974 1062 Regnum.
3009 990 3145 1055 Quae
3178 991 3470 1062 particulae

1860 1083 1918 1137 in
1948 1083 2128 1138 crucis
2151 1083 2388 1138 modum
2420 1084 2804 1154 disponuntur
2832 1099 3002 1154 super
3029 1085 3319 1154 patenam.
3349 1085 3470 1138 Mox

1859 1175 2011 1230 facta
2033 1175 2288 1230 vivorum
2319 1174 2886 1241 commemoratione,
2914 1173 3138 1228 canitur
3163 1174 3346 1229 oratio
3367 1175 3472 1230 Do-

1859 1267 2106 1334 minica;
2146 1283 2260 1337 qua
2288 1266 2599 1332 recitanda,
2629 1266 2702 1320 ad
2741 1266 2994 1337 singulas
3019 1267 3138 1321 fere
3167 1265 3472 1337 petitiones

1861 1360 2100 1430 populus
2129 1359 2456 1430 respondet,
2484 1361 2671 1414 Amen.
2699 1359 2832 1412 Post
2869 1358 3211 1426 orationem,
3238 1359 3476 1414 Liberali

1859 1467 1893 1506 a
1913 1453 2090 1515 malis,
2113 1455 2244 1518 etc.,
2268 1452 2539 1506 Romanae
2560 1450 2931 1521 persimilem,
2951 1451 3214 1505 sacerdos
3233 1449 3474 1521 particu-

1859 1544 1975 1597 lam
2003 1543 2264 1612 Regnum
2303 1542 2562 1596 immittit
2593 1542 2653 1595 in
2693 1541 2950 1608 calicem,
2985 1541 3248 1608 dicendo,
3279 1543 3476 1598 Sancta

1857 1637 2075 1697 sanctis,
2121 1639 2172 1689 et
2215 1634 2506 1702 conjunctio
2550 1636 2780 1704 corporis
2823 1638 2876 1688 et
2919 1635 3219 1703 sanguinis,
3257 1636 3364 1688 etc.
3411 1635 3472 1687 In

1859 1727 2151 1793 Pascbate,
2201 1728 2556 1792 Pentecoste,
2603 1728 2660 1778 et
2702 1725 2848 1779 festo
2893 1724 3231 1778 sanctissimi
3273 1724 3472 1780 Sacra-

1861 1818 2061 1885 menti,
2081 1817 2344 1872 sacerdos
2358 1818 2506 1871 hanc
2520 1817 2860 1888 particulam
2879 1820 3099 1884 tenens,
3115 1819 3202 1870 ter
3212 1817 3327 1870 alta
3337 1831 3473 1872 voce

196 1907 270 1959 Η.
308 1905 402 1958 His
441 1905 688 1971 exactis,
733 1906 1005 1960 sacerdos
1039 1923 1245 1961 manus
1285 1908 1484 1975 abluit,
1515 1912 1572 1963 et
1610 1893 1835 1965 dictaB
1860 1910 1998 1964 dicit
2023 1927 2036 1965 :
2075 1912 2215 1967 Vicit
2240 1913 2338 1965 Leo
2371 1910 2437 1964 de
2465 1909 2608 1964 tribu
2628 1910 2792 1972 Iuda,
2821 1909 2988 1963 radis:
3010 1908 3206 1972 David,
3234 1924 3470 1978 respon-

135 1995 372 2050 oratione
397 1996 664 2064 Secreta,
697 1997 878 2051 aliam
914 1999 1122 2064 subdit,
1151 2016 1278 2070 quae
1311 2003 1544 2055 vocatur
1575 2002 1756 2070 Missa,

137 2105 248 2143 cum
276 2090 486 2160 praevia
513 2089 896 2144 salutatione.
921 2091 1250 2161 Sequuntur
1273 2093 1400 2147 alia:
1421 2095 1535 2148 tres
1556 2095 1761 2149 oratio-

138 2199 240 2248 nes,
273 2199 516 2253 quarum
545 2182 884 2252 penultima
913 2187 999 2236 est
1022 2185 1155 2238 Post
1175 2184 1431 2252 nomina,
1453 2185 1656 2241 ultima
1674 2186 1760 2240 Ad

139 2291 333 2344 pacem.
358 2276 506 2328 Dum
531 2275 816 2329 sacerdos
841 2275 1064 2329 Missam
1085 2277 1410 2332 orationem
1433 2277 1588 2346 dicit,
1612 2279 1756 2332 inte-

138 2366 232 2420 rim
260 2367 500 2437 populus
526 2367 653 2420 Deo
683 2366 889 2420 laudes
910 2367 1136 2434 occinit,
1161 2367 1356 2422 dicens
1385 2371 1471 2422 ter
1493 2371 1677 2439 Agios.
1699 2372 1759 2424 In

142 2459 364 2513 secunda
393 2457 669 2512 oratione
703 2458 958 2528 postulat
983 2459 1266 2526 sacerdos,
1302 2463 1363 2515 ut
1393 2461 1540 2514 Deus
1571 2461 1757 2516 Chris-

141 2551 405 2604 tianorum
436 2567 646 2621 preces
681 2549 984 2616 admittat;
1023 2551 1332 2622 statimque
1365 2553 1543 2608 infert
1570 2571 1583 2608 :
1621 2555 1757 2622 Offe-

141 2647 250 2697 runt
284 2645 383 2697 Deo
417 2645 648 2698 Domino
686 2643 1014 2696 oblationem
1056 2643 1352 2699 sacerdotes
1392 2647 1580 2708 nostri,
1609 2661 1763 2716 papa

140 2737 404 2798 Romam,
443 2740 495 2790 et
535 2737 768 2804 reliqui,
807 2750 909 2804 pro
949 2749 1023 2798 se,
1060 2739 1111 2790 et
1139 2751 1242 2805 pro
1276 2740 1423 2791 omni
1465 2738 1620 2801 clero,
1650 2741 1757 2792 etc.

120 2827 264 2881 ‘Tum
320 2844 332 2880 :
385 2831 669 2883 Facientes
731 2829 1284 2882 commemorationem
1339 2829 1762 2885 beatissimorum

143 2920 478 2987 apostolorum
531 2924 587 2974 et
638 2923 972 2988 martyrum,
1027 2920 1274 2988 gloriosae
1321 2925 1521 2976 sanctae
1570 2925 1764 2978 Mariae

143 3013 364 3080 virginis,
398 3013 708 3073 Zachariae,
743 3014 990 3074 Joannis,
1029 3013 1329 3078 Infantum,
1375 3015 1539 3076 Petri,
1579 3015 1760 3076 Pauli,

147 3107 194 3156 et
221 3108 550 3158 caeterorum
579 3104 1004 3174 apostolorum.
1029 3105 1166 3168 Qum
1191 3105 1427 3159 nomina
1454 3107 1604 3160 elata
1626 3121 1761 3160 voce

146 3195 450 3251 recitantur.
481 3196 532 3269 1
548 3195 613 3270 2
642 3197 982 3266 Respondet
1007 3198 1213 3252 chorus
1237 3214 1250 3252 :
1272 3201 1343 3254 Et
1369 3199 1604 3253 omnium
1621 3214 1762 3253 mar-

145 3293 323 3352 tyrum.
343 3289 520 3344 Addit
555 3288 836 3343 sacerdos
865 3305 878 3342 :
906 3292 1038 3344 Item
1065 3306 1169 3362 pro
1204 3291 1484 3361 spiritibus
1513 3306 1758 3360 pausan-

148 3383 282 3442 tium,
315 3383 543 3446 Hilarii,
576 3383 906 3444 Athanasii,
933 3385 1181 3446 Martini,
1213 3386 1342 3450 etc.,
1377 3383 1760 3452 respondente

146 3473 298 3528 choro
325 3491 338 3528 :
361 3479 432 3530 Et
455 3478 705 3530 omnium
733 3477 1112 3544 pausantium.
1141 3475 1284 3529 Dein
1313 3477 1487 3530 o‘ratio
1511 3479 1637 3530 Post
1662 3491 1758 3530 no-

145 3568 294 3630 mina,
330 3584 442 3638 qua
481 3567 712 3638 petitur
748 3583 784 3620 a
822 3567 962 3634 Deo,
1010 3570 1072 3620 ut
1114 3583 1314 3638 pacem
1357 3567 1620 3620 fidelibus
1661 3567 1761 3621 de-

149 3658 333 3712 functis
373 3659 682 3730 impertiat
719 3674 733 3712 :
783 3661 843 3712 et
886 3658 1000 3712 alia
1037 3659 1184 3714 festo
1223 3674 1548 3728 congruens
1579 3675 1592 3712 :
1639 3662 1762 3712 tum

149 3748 449 3806 adhortatio
489 3751 566 3806 ad
607 3765 840 3822 pacem,
871 3767 995 3820 qum
1028 3767 1160 3805 mox
1190 3751 1376 3817 datur,
1414 3750 1639 3804 dicente
1671 3767 1760 3805 sa-

149 3841 354 3896 cerdote
384 3861 397 3897 :
426 3846 534 3911 Qui
561 3843 727 3899 modo
753 3845 970 3907 astatis,
992 3859 1182 3914 pacem
1205 3845 1392 3910 facite.
1421 3843 1490 3896 Et
1517 3859 1647 3896 cum
1669 3843 1764 3897 da-

153 3935 228 3985 tur
261 3937 532 4002 osculum,
571 3937 783 3992 Habete
815 3936 1053 3990 osculum
1086 3935 1384 3989 dilectionis
1421 3939 1472 3989 et
1500 3937 1673 4005 pacis,
1702 3939 1764 3988 ut

148 4028 254 4092 apti
281 4029 396 4082 sitis
433 4029 800 4083 sacrosanctis
833 4029 1102 4096 mysteriis
1139 4028 1253 4081 Dei.
1283 4025 1516 4079 Interim
1559 4027 1764 4080 chorus

151 4117 304 4184 canit,
327 4121 515 4180 Pacem
556 4121 815 4190 relinquo
861 4120 1028 4182 vobis,
1069 4122 1176 4172 etc.
1215 4117 1434 4172 Deinde
1469 4117 1762 4188 praemisso

151 4224 312 4276 versu,
341 4213 576 4267 Introibo
602 4211 682 4266 ad
711 4212 891 4266 altare
915 4213 1031 4274 Dei,
1060 4209 1477 4280 confestimque
1519 4209 1765 4264 extensis

153 4302 410 4372 manibus,
457 4305 560 4358 sed
603 4303 848 4374 junctis,
895 4302 1162 4356 sacerdos
1221 4301 1376 4356 canit
1421 4301 1760 4368 Illationem,

154 4408 306 4461 quam
334 4397 739 4466 praefationem
783 4396 1158 4466 appellamus.
1188 4393 1434 4448 lllationi
1470 4393 1766 4464 subjicitur

154 4484 441 4558 Trisagion,
487 4493 697 4560 postea
739 4487 1101 4558 Canonhqui
1142 4487 1204 4540 in
1252 4487 1535 4557 plerisque
1576 4485 1764 4540 missis

157 4579 319 4633 varius
337 4586 438 4635 est.
462 4581 842 4638 Consecratio
875 4579 1168 4651 quondam
1195 4579 1285 4633 his
1313 4579 1500 4632 verbis
1521 4595 1535 4632 :
1556 4581 1665 4635 Hoc
1689 4583 1765 4633 est
1781 4599 1842 4670 Β

157 4685 320 4740 corpus
350 4689 544 4743 meum,
583 4673 737 4744 quod
764 4689 870 4744 pro
902 4673 1053 4728 vobis
1083 4673 1352 4727 tradetur.
1391 4671 1526 4736 Quae
1554 4671 1760 4738 forma,

159 4765 312 4818 veteri
330 4766 730 4821 Ambrosianus
751 4764 1085 4831 consimilis,
1112 4765 1182 4818 ab
1203 4764 1370 4818 annis
1390 4762 1766 4834 septingentis

161 4854 222 4907 ad
249 4855 556 4913 Romanam
587 4857 828 4912 redacta
859 4860 965 4922 est,
999 4855 1082 4910 uti
1109 4859 1164 4910 et
1189 4857 1375 4910 forma
1399 4869 1642 4926 sequens
1660 4870 1764 4925 pro

162 4946 261 5001 vini
285 4951 743 5005 consecratione.
773 4949 1062 5004 Elevando
1099 4965 1316 5002 sacram
1357 4948 1604 5002 hostiam
1637 4947 1718 5001 ait
1749 4963 1762 5000 :

164 5039 568 5114 Quotiescumque
613 5042 1098 5104 manducaveritis,
1145 5043 1239 5096 hoc
1282 5042 1448 5107 facite
1493 5042 1554 5094 in
1596 5055 1767 5094 meam

162 5139 702 5192 commemorationem.
741 5135 903 5200 Tum,
936 5135 1200 5191 Similiter
1241 5137 1292 5188 et
1332 5133 1568 5196 calicem,
1611 5135 1763 5202 post-

164 5239 302 5291 quam
341 5231 588 5292 coenavit,
629 5228 812 5283 dicens
839 5245 856 5280 :
887 5229 990 5283 Hic
1027 5231 1106 5281 est
1137 5227 1286 5280 calix
1319 5227 1445 5280 novi
1469 5226 1772 5280 testamenti

166 5318 213 5368 in
232 5334 330 5374 meo
352 5323 636 5390 sanguine,
669 5321 770 5390 qui
796 5334 898 5390 pro
933 5319 1079 5374 vobis
1107 5323 1158 5374 et
1175 5333 1279 5389 pro
1320 5317 1504 5372 multis
1528 5317 1765 5387 effunde-

169 5411 260 5472 tur,
283 5415 384 5467 etc.
408 5414 548 5468 Hinc
569 5412 812 5467 calicem
833 5411 1006 5466 ﬁliola
1028 5427 1126 5465 seu
1159 5410 1404 5464 amiculo
1434 5411 1768 5480 coopertum

171 5501 388 5571 exhibet,
418 5506 640 5571 dicens,
666 5506 1100 5574 Quotiescumque
1126 5504 1386 5565 biberitis,
1406 5503 1500 5556 hoc
1524 5503 1690 5570 facite
1713 5503 1770 5555 in

171 5607 316 5650 meam
355 5599 919 5653 commemorationem.
947 5597 1069 5650 Mox
1119 5595 1328 5650 dicitur
1364 5593 1546 5648 oratio
1591 5597 1766 5661 sexta,

173 5691 344 5743 vocata
365 5691 496 5745 Post
522 5689 740 5745 Pridie.
768 5687 985 5743 Deinde
1013 5687 1278 5742 sacerdos
1305 5685 1508 5740 dividit
1533 5686 1771 5740 calicem

175 5791 260 5831 suo
289 5782 540 5849 amiculo,
568 5781 826 5850 huicque
864 5780 1107 5850 imponit
1135 5778 1382 5833 hOStiam
1415 5791 1654 5844 sacram,
1685 5777 1768 5830 di-

176 5870 334 5927 cendo
361 5875 765 5946 antiphonam,
794 5887 919 5942 quae
948 5872 1030 5926 Ad
1055 5870 1506 5930 contractionem
1528 5869 1771 5941 appella-

1782 3244 1836 3318 C

1860 2003 2030 2058 dente
2067 2002 2140 2056 ad
2173 2002 2425 2072 singulas
2457 2001 2606 2054 vices
2639 2001 2834 2067 choro,
2861 2003 2966 2068 Qui
2999 2001 3144 2056 sedes
3167 2016 3328 2071 super
3351 2002 3471 2055 che-

1857 2097 2036 2159 rubin,
2061 2095 2226 2149 radis:
2243 2095 2442 2156 David,
2464 2093 2708 2148 alleluia.
2734 2092 2938 2148 Statim
2963 2093 3132 2146 datur
3149 2091 3474 2147 benedictio

1860 2205 1928 2242 eo
1971 2187 2165 2253 modo,
2206 2202 2318 2256 quo
2363 2188 2572 2240 nostra;
2607 2185 2977 2255 episcopales.
3007 2186 3140 2239 Post
3174 2185 3295 2242 haec
3320 2200 3474 2238 com-

1859 2279 2078 2348 munio,
2098 2278 2235 2332 dum
2256 2277 2487 2331 interim
2512 2278 2752 2348 populus
2777 2279 2989 2342 cantat,
3010 2277 3228 2334 Gustate
3243 2280 3293 2330 et
3306 2276 3481 2330 uidete

1858 2388 2019 2441 quam
2043 2373 2224 2424 suavis
2243 2373 2320 2424 est
2347 2371 2620 2431 Dominus,
2647 2370 2894 2432 alleluia,
2925 2369 3168 2423 alleluia.
3205 2370 3266 2421 In
3291 2367 3478 2422 missis

1861 2463 2261 2517 defunctorum
2292 2464 2350 2515 et
2375 2461 2856 2531 Quadragesimze,
2887 2461 2993 2527 Qui
3015 2462 3158 2514 venit
3176 2460 3251 2514 ad
3274 2475 3355 2514 me
3373 2475 3480 2515 non

1859 2557 2070 2611 esuriet.
2099 2553 2376 2608 Sacerdos
2395 2551 2894 2619 communicando,
2914 2550 3292 2621 pcnultimam
3305 2551 3478 2622 parti-

1859 2648 2064 2713 culam,
2083 2645 2173 2700 cui
2191 2661 2401 2699 nomen
2421 2645 2625 2706 Gloria,
2639 2643 2858 2698 caeteris
2872 2642 3152 2713 majorem
3171 2642 3474 2714 accipiens,

1861 2754 2102 2808 eamque
2131 2740 2334 2790 tenens
2365 2753 2533 2806 super
2560 2735 2816 2802 calicem,
2847 2735 3192 2789 memoriam
3217 2734 3354 2789 facit
3383 2734 3478 2790 de-

1859 2832 2208 2885 functorum.
2243 2829 2366 2883 Mox
2405 2843 2533 2882 eam
2571 2827 2632 2881 in
2673 2843 2734 2882 os
2776 2826 2966 2893 sumit,
2999 2829 3345 2896 cmterasque
3375 2843 3475 2882 suo

1861 2923 2081 2988 ordine,
2104 2921 2290 2992 primo
2313 2937 2544 2974 sumens
2564 2937 2678 2987 eas,
2705 2935 2830 2989 qua:
2855 2921 3158 2989 postremae
3183 2918 3399 2972 fuerint
3416 2918 3476 2972 in

1860 3018 2103 3086 patena:
2133 3013 2441 3083 statimque
2471 3013 2680 3082 populo
2707 3011 3173 3065 communionem
3196 3010 3474 3081 impertit.

1861 3109 1982 3177 [pse
2031 3122 2163 3160 vero
2210 3104 2344 3158 inde
2386 3103 2728 3174 sanguinem
2783 3102 3032 3172 suscipit.
3073 3102 3216 3156 Dein
3255 3102 3480 3156 canitur

1861 3198 2178 3268 antiphona
2204 3199 2330 3252 Post
2379 3198 2806 3258 communionem,
2853 3195 3056 3261 oratio,
3105 3193 3368 3248 salutatio
3404 3193 3478 3248 ad

1862 3291 2156 3362 populum,
2184 3305 2288 3342 vox
2317 3288 2545 3342 diaconi
2575 3305 2588 3342 :
2613 3287 2881 3345 Solemnia
2905 3288 3163 3356 completa
3187 3290 3332 3348 sunt,
3365 3289 3470 3340 etc.

1858 3383 2022 3438 Nulla
2043 3397 2297 3452 unquam
2322 3379 2614 3435 conversio
2640 3379 2714 3433 ad
2739 3379 3033 3449 populum,
3059 3377 3168 3432 nisi
3189 3377 3248 3432 in
3269 3379 3382 3432 fine
3403 3377 3478 3432 ad

1859 3475 2341 3540 benedictionem,
2373 3472 2528 3543 quod
2565 3475 2652 3526 est
2685 3487 2816 3524 usus
2849 3469 3204 3524 recentioris.
3231 3470 3474 3524 Mozara-

1859 3566 2016 3620 bicus
2055 3566 2146 3619 hic
2185 3565 2327 3619 ritus
2357 3565 2416 3618 in
2443 3563 2610 3617 unica
2637 3563 2923 3616 Toletanas
2957 3561 3216 3616 Ecclesia:
3240 3560 3476 3616 aedicula

1862 3675 2022 3712 sacra
2047 3673 2196 3711 nunc
2221 3657 2569 3711 observatur.

1934 3752 2016 3804 12.
2069 3751 2131 3802 In
2187 3749 2380 3802 libello
2435 3746 2726 3800 Eldefonsi
2769 3743 3156 3816 Hispaniensis
3203 3743 3474 3814 episcopi,

1861 3842 2020 3912 cujus
2048 3840 2226 3894 libelli
2257 3839 2546 3910 exemplar
2569 3837 2833 3892 Anicium
2863 3852 2930 3890 ex
2958 3835 3227 3907 Hispania
3247 3853 3352 3906 per
3373 3837 3476 3891 Go-

1863 3935 2172 3988 tescalcum
2189 3932 2518 4002 episcopum
2537 3946 2688 3984 anno
2707 3933 2808 3984 989
2831 3929 3063 3982 allatum
3091 3931 3193 3995 est,
3213 3928 3476 3998 quaedam

1865 4025 1988 4098 14
2015 4024 2326 4096 singularia
2361 4023 2728 4076 continentur
2762 4021 2832 4075 de
2865 4036 3103 4074 numero
3137 4020 3475 4086 hostiarum,

1865 4135 1990 4188 quae
2037 4134 2139 4188 per
2171 4115 2357 4170 varias
2396 4115 2534 4169 anni
2567 4113 2958 4169 solemnitatcs
2993 4111 3300 4166 offerenda:
3328 4115 3474 4166 sunt.

1863 4211 2070 4264 Verum
2090 4208 2313 4263 libellus
2325 4207 2428 4261 iste
2441 4223 2556 4262 non
2570 4206 2786 4261 indicat
2796 4221 3018 4260 morem
3033 4208 3166 4258 tunc
3185 4202 3475 4269 usitatum,

1865 4302 1966 4356 sed
2001 4301 2183 4355 visum
2209 4300 2384 4371 ipsius
2415 4298 2704 4354 Eldefonsi
2739 4297 2810 4352 de
2846 4313 2992 4351 novo
3025 4296 3118 4351 illo
3145 4296 3278 4362 ritu,
3307 4311 3479 4367 quem

1865 4411 2146 4464 nusquam
2168 4395 2500 4463 usurpatum
2519 4391 2690 4446 fuisse
2715 4389 2994 4443 existimo.
3010 4389 3138 4442 Haec
3157 4388 3336 4442 fusius
3357 4404 3482 4458 per-

1865 4486 2155 4558 sequenda
2179 4486 2340 4538 fuere
2369 4484 2439 4538 de
2466 4483 2721 4553 Liturgia
2744 4479 3110 4546 Mozarabica,
3125 4479 3399 4550 quoniam
3420 4479 3479 4533 id

1867 4577 2246 4633 necessarium
2295 4575 2518 4630 videtur
2561 4575 2635 4629 ad
2678 4573 2942 4628 notitiam
2989 4571 3312 4639 Gallicanae,
3353 4587 3479 4642 quae

1862 4670 2223 4726 Mozarabicm
2249 4667 2438 4722 afﬁnis
2463 4670 2567 4720 est.
2589 4667 2748 4720 Nunc
2770 4665 2840 4720 de
2861 4664 3126 4720 Africana
3148 4663 3475 4718 dicendum.

1939 4767 2022 4818 l3.
2048 4763 2288 4817 Jacobus
2314 4777 2348 4814 a
2374 4758 2642 4825 Vitriaco,
2670 4757 2730 4812 in
2757 4758 2904 4812 libro
2931 4757 3001 4812 de
3029 4757 3274 4812 Historia
3298 4756 3482 4811 orien-

1866 4855 1985 4922 tali,
2017 4853 2201 4925 capite
2233 4857 2319 4920 81,
2350 4851 2538 4906 innuit
2576 4850 2945 4917 Christianos,
2979 4850 3077 4920 qui
3113 4850 3172 4903 in
3207 4847 3394 4902 Africa
3423 4851 3482 4900 et

1867 4947 2136 5018 Hispania
2159 4962 2260 5000 suo
2291 4947 2571 5015 tempore,
2596 4943 2656 4997 id
2680 4946 2766 4996 est
2795 4943 2998 4996 saeculo
3027 4957 3146 5006 xm,
3174 4939 3476 4994 versaban-

1866 5043 1978 5106 tur,
2021 5039 2327 5096 Mosarabes
2369 5039 2751 5106 nuncupatos,
2803 5034 3009 5088 eadem
3051 5032 3305 5102 Liturgia
3351 5047 3481 5086 usos

1868 5131 2058 5186 fuisse.
2097 5151 2125 5180 «
2153 5129 2518 5186 Constituunt
2550 5109 2763 5193 autem,
2805 5125 3011 5197 inquit,
3047 5125 3481 5181 Sacramentum

1867 5223 2061 5278 altaris
2091 5223 2162 5276 de
2197 5236 2346 5292 pane
2377 5236 2596 5292 azymo,
2629 5218 3119 5290 quemadmodum
3153 5217 3250 5272 alii
3274 5215 3479 5272 Latini.

1870 5317 2138 5370 Sanctam
2159 5317 2351 5368 autem
2371 5311 2736 5367 Eucharistiee
2759 5311 3006 5365 formam
3029 5310 3261 5382 quidam
3283 5325 3482 5365 eorum

1871 5409 1929 5461 in
1960 5411 2179 5478 septem
2203 5409 2395 5476 partes
2420 5404 2700 5470 dividunt,
2725 5403 2822 5456 alii
2843 5419 2974 5457 vero
3005 5402 3064 5456 in
3087 5419 3293 5457 novem
3317 5419 3329 5456 :
3353 5417 3481 5456 cum

1869 5504 2062 5554 tamen
2079 5500 2340 5553 Romana
2355 5496 2621 5563 Ecclesia,
2641 5499 2697 5549 et
2709 5495 2806 5548 alii
2823 5494 3010 5548 eidem
3029 5494 3285 5564 subjecti,
3301 5493 3482 5564 ipsam

1869 5591 2281 5646 Eucharistiam
2307 5589 2366 5643 in
2394 5593 2510 5643 tres
2528 5591 2752 5642 tantum
2772 5587 3065 5658 portiones
3088 5585 3425 5657 partiuntur.
3451 5603 3479 5631 »

1869 5685 2076 5738 Verum
2093 5683 2268 5738 alium
2286 5681 2438 5754 apud
2453 5681 2750 5736 Africanos
2765 5679 3031 5749 Liturgiae
3051 5678 3224 5732 ritum
3241 5673 3480 5744 antiqui-

1871 5779 1962 5830 tus
1980 5776 2152 5829 fuisse
2173 5778 2414 5842 constat,
2438 5777 2560 5828 tum
2581 5789 2646 5826 ex
2667 5771 2900 5838 Isidoro,
2919 5774 3042 5824 tum
3058 5786 3124 5822 ex
3141 5765 3474 5836 Augustino.

1871 5868 2118 5925 Isidorus
2139 5867 2346 5943 quippe
2377 5866 2438 5922 in
2460 5866 2558 5922 lib.
2589 5882 2606 5920 ι
2631 5863 2702 5920 de
2729 5861 2933 5919 divinis
2954 5859 3190 5926 (illiciis,
3211 5872 3334 5927 cap.
3359 5867 3473 5920 vm,
