3968 6432
486 414 590 484 iis
1269 429 1601 486 Αριιεῖέυιχ
1639 431 1727 486 AD
1764 431 1984 487 oram
2021 432 2104 485 SA‘

2289 429 2586 485 omnm
2625 429 3051 484 PARlSlENSlS.
3757 409 3877 482 120

492 554 524 586 ιι
552 535 617 592 In
645 533 946 605 Africanis,
980 537 1078 605 ait,
1107 536 1442 609 regionibus
1476 556 1592 595 non
1625 539 1784 596 omni
1826 543 2104 612 tempore,
2131 550 2188 622 Α
2209 538 2475 609 Liturgiaa
2503 537 2778 593 Romanas
2799 554 2830 590 a
2853 535 3129 608 Gregorio
3147 535 3351 607 Magno
3373 534 3758 602 adornatum,
3787 531 3874 588 ab

488 630 591 684 sed
623 633 844 686 tantum
870 629 1181 685 Dominicis
1213 631 1414 686 diebus
1447 636 1504 686 et
1537 633 1956 704 quinquaginta
1981 636 2110 704 post
2208 631 2460 686 Adriano
2491 631 2762 703 pontiﬁce
2793 630 2978 702 petiit,
3003 629 3464 701 impetravitque,
3489 631 3750 684 testante
3779 627 3880 697 ip-

487 723 717 778 Domini
742 723 1240 791 resurrectionem,
1261 725 1502 779 Alleluia
1527 730 1790 780 cantatur
1814 743 1916 797 pro
1939 726 2110 797 signi—
2210 725 2324 779 sius
2356 725 2593 778 Adriani
2627 724 2887 794 epistola,
2923 739 3048 794 quae
3084 727 3169 776 est
3205 723 3560 793 octogesima
3587 719 3879 776 secunda

485 815 752 870 ﬂcatione
800 817 1006 871 futurae
1049 818 1482 872 resurrectionis
1525 823 1582 872 et
1625 818 1854 873 lmtitim.
1900 821 2109 874 Verum
2209 819 2430 873 Codicis
2457 817 2726 883 Carolini,
2752 817 2808 870 in
2837 834 2949 887 qua
2972 817 3092 870 hinc
3113 816 3324 871 verba:
3351 838 3378 866 «
3403 817 3481 870 De
3504 817 3880 870 Sacramen-

487 909 639 979 apud
656 926 780 977 nos,
796 910 1109 965 secundum
1125 911 1420 981 antiquam
1439 912 1836 982 Hispaniarum
1856 912 2111 967 traditio-
2210 912 2354 966 tario
2372 927 2526 977 vero,
2547 928 2580 964 a
2596 914 2790 964 saneto
2809 910 3225 981 prtedecessore
3244 913 3440 964 nostro
3458 907 3675 963 deiﬂuo
3698 924 3876 978 papa

481 1018 640 1068 nem,
654 1007 866 1074 praeter
877 1003 998 1057 dies
1001 1004 1352 1073 jejuniorum
1365 1005 1452 1058 vel
1471 1003 1937 1075 Quadragesimaa
1951 1005 2109 1059 omni
2210 1005 2484 1075 Gregorio
2507 1003 2803 1074 disposito,
2819 1004 2940 1072 jam
2963 1003 3186 1074 pridem
3205 1003 3410 1056 Paulus
3429 1001 3876 1072 grammaticus

482 1097 749 1167 tempore
775 1096 999 1151 canitur
1024 1096 1282 1151 Alleluia.
1312 1117 1340 1145 »
1366 1097 1717 1168 Augustinus
1737 1114 1871 1152 vero
1898 1097 2107 1152 diserte
2210 1114 2244 1152 a
2277 1097 2442 1152 nobis
2473 1113 2605 1150 eum
2635 1113 2739 1166 pro
2783 1096 2944 1150 vobis
2975 1096 3156 1166 petiit,
3185 1099 3242 1149 et
3275 1095 3594 1149 secundum
3633 1096 3874 1148 sancta:

483 1188 732 1243 formam
755 1189 1020 1260 Liturgia:
1039 1189 1320 1244 Africanas
1345 1189 1616 1244 describit
1636 1190 1694 1244 in
1719 1207 1984 1246 sermone
2007 1194 2108 1245 227
2211 1194 2418 1245 nostra:
2449 1189 2711 1244 Ecclesia)
2743 1189 3114 1243 traditionem
3154 1205 3258 1259 per
3279 1189 3607 1243 Iohannem
3637 1202 3876 1241 mona-

2210 1285 2380 1338 chum
2415 1287 2586 1353 atque
2627 1283 2896 1336 abbatem
2925 1282 3167 1335 civitatis
3195 1281 3618 1336 Ravennatium
3645 1284 3877 1334 vestras

2209 1377 2390 1447 regali
2413 1375 2462 1448 1
2477 1375 2534 1446 7
2557 1375 2850 1428 emisimus
2871 1375 3247 1429 Excellentizr.
3268 1375 3444 1428 nlnde
3469 1374 3876 1446 postmodum

2211 1471 2444 1524 Carolus
2482 1469 2669 1522 edicto
2709 1469 2964 1535 saneivit,
3009 1471 3072 1522 ut
3107 1468 3498 1538 unusquisque
3534 1467 3877 1536 Presbyter

2208 1563 2431 1617 Missam
2456 1561 2772 1615 celebraret
2796 1562 2982 1616 ordine
3001 1564 3257 1623 Romano,
3281 1565 3344 1614 ut
3364 1561 3578 1631 legitur
3599 1560 3663 1614 in
3687 1560 3877 1630 Capi-

2211 1654 2480 1709 tularium
2510 1655 2608 1708 lib.
2639 1671 2674 1706 v
2712 1671 2836 1724 cap.
2868 1658 2962 1708 371
3014 1671 3174 1708 novae
3215 1654 3508 1720 editionis,
3538 1653 3689 1707 alias
3727 1655 3872 1706 219.

2282 1751 2332 1802 3.
2362 1748 2444 1800 Ab
2474 1764 2542 1801 eo
2569 1750 2848 1818 tempore,
2874 1750 3157 1817 quotquot
3187 1747 3380 1817 scripti
3407 1751 3541 1800 sunt
3570 1747 3632 1800 in
3665 1745 3876 1801 Gallia

485 1296 646 1336 novae
677 1281 965 1347 editionis,
989 1282 1088 1352 qui
1119 1286 1204 1336 est
1225 1286 1459 1353 quartus
1481 1283 1538 1336 in
1567 1283 1658 1336 die
1677 1284 1906 1337 Paschaa
1931 1283 2003 1336 ad
2029 1283 2110 1336 in-

483 1373 690 1439 fantes,
727 1374 797 1427 de
825 1374 1227 1441 Sacramentis,
1257 1375 1315 1428 id
1341 1380 1445 1442 est,
1474 1375 1544 1429 de
1571 1392 1784 1428 mensa:
1807 1375 2109 1430 dominicae

485 1466 878 1533 Sacramento,
921 1469 985 1521 ut
1026 1466 1146 1537 ipse
1190 1467 1355 1523 initio
1397 1468 1679 1522 sermonis
1717 1468 1976 1538 explicat.
2019 1467 2110 1522 Sic

472 1563 678 1630 autem
703 1559 905 1614 habet:
933 1580 960 1607 ‹‹
982 1559 1160 1614 Hodie
1183 1560 1382 1632 incipit
1403 1561 1547 1615 liber
1567 1561 1684 1632 ipse
1707 1561 1883 1632 legi,»
1901 1577 2108 1632 nempe

485 1652 556 1708 de
593 1651 825 1706 Actibus
856 1654 1266 1723 apostolorum.
1301 1671 1329 1706 ‹‹
1356 1655 1584 1708 Tenetis
1622 1658 1979 1708 sacramenta
2015 1671 2106 1708 or-

483 1744 618 1800 dine
639 1762 760 1799 suo.
780 1745 972 1800 Primo
989 1750 1118 1816 post
1134 1747 1454 1802 orationem
1473 1747 1869 1802 admonemini
1886 1763 2108 1801 sursum

481 1837 695 1892 habere
726 1855 843 1892 cor.
875 1837 999 1910 15
1032 1839 1166 1894 ldeo
1195 1856 1326 1894 cum
1351 1840 1578 1907 dicitur,
1603 1842 1826 1896 Sursum
1849 1856 1956 1902 cor,
1986 1857 2103 1894 res-
2209 1841 2455 1894 Missales
2489 1841 2653 1910 (quos
2677 1841 2899 1909 vocant)
2931 1840 3078 1905 libri,
3115 1840 3188 1894 ad
3229 1840 3388 1894 illum
3415 1839 3873 1910 Gregorianum

479 1931 768 2001 pendetis,
790 1932 1056 1987 Habemus
1083 1933 1159 1986 ad
1181 1935 1481 1988 Dominum.
1505 1933 1776 2003 Sequitur
1801 1933 2108 2004 Episcopus
2126 1916 2183 1986 Β
2208 1933 2476 1987 Codicem
2518 1932 2699 1986 exacti
2737 1937 2869 1986 sunt
2907 1934 3029 1986 fere
3073 1949 3294 1986 omnes.
3325 1933 3618 1987 Gelasiani
3647 1937 3872 1986 tamen

480 2024 568 2078 vel
595 2025 894 2095 presbyter
919 2024 1019 2095 qui
1049 2024 1234 2092 oﬂ‘ert,
1259 2028 1317 2079 et
1341 2025 1480 2079 dicit
1501 2042 1512 2080 :
1538 2027 1756 2083 Gratias
1773 2043 1998 2096 agamus
2014 2031 2110 2081 Do-
2209 2026 2464 2080 missales
2484 2025 2720 2096 quidam
2741 2027 2944 2080 saeculo
2962 2043 3014 2080 x1
3035 2027 3272 2080 erantin
3291 2026 3640 2096 quibusdam
3661 2027 3874 2080 Eccle-

481 2119 624 2171 mino
653 2121 752 2172 Deo
781 2121 960 2172 nostro
989 2137 1006 2182 ;
1035 2121 1092 2171 et
1114 2134 1213 2171 vos
1240 2117 1593 2172 attestamini
1621 2135 1634 2173 :
1668 2121 1898 2188 Dignum
1923 2123 1973 2173 et
1984 2120 2106 2188 jus-

481 2213 595 2264 tum
622 2214 717 2265 est.
751 2209 970 2264 Deinde
998 2214 1126 2281 post
1151 2211 1661 2266 sanctificationem
1683 2211 1944 2265 sacrificii
1967 2211 2104 2266 dici-

483 2318 612 2357 mus
638 2303 963 2358 orationem
989 2303 1364 2358 Dominicam.
1389 2305 1521 2358 Post
1548 2304 1730 2374 ipsam
1753 2305 2110 2371 dicitur,Pa:r

478 2396 764 2457 vobiscum,
793 2399 851 2450 et
880 2397 1208 2450 osculantur
1237 2413 1295 2450 se
1333 2396 1637 2451 Christiani
1670 2397 1728 2450 in
1757 2400 1948 2452 osculo
1975 2415 2104 2451 san-

481 2491 592 2542 cto.
622 2506 652 2540 ι)
681 2489 938 2560 Denique
974 2505 1103 2543 cum
1141 2489 1197 2542 in
1234 2489 1445 2543 Ordine
1486 2490 1835 2544 Mozarabico
1881 2507 2110 2561 semper

481 2580 606 2636 dum
633 2582 908 2636 lectiones
937 2585 1070 2636 ante
1097 2583 1489 2652 Evangelium,
1518 2600 1633 2636 una
1665 2599 1730 2636 ex
1761 2584 1951 2638 Veteri
1974 2585 2106 2638 Tes-

2209 2119 2303 2172 siis
2330 2119 2639 2172 Rhemensi
2663 2119 2842 2172 sancti
2872 2119 3120 2190 Remigii
3158 2119 3510 2173 monasterio
3547 2119 3868 2188 subjectis,

2209 2212 2351 2266 sicut
2377 2212 2586 2281 legitur
2613 2211 2670 2264 in
2711 2211 2891 2265 veteri
2930 2211 3077 2266 libro
3115 2212 3390 2276 censuali,
3421 2212 3520 2282 qui
3547 2212 3868 2266 Hincmari

2209 2309 2470 2375 tempore
2509 2305 2749 2374 scriptus
2794 2308 2897 2358 est.
2942 2305 3028 2358 Ad
3072 2305 3192 2358 hinc
3236 2305 3509 2358 Alcuinus
3553 2305 3866 2360 Missalem

2209 2398 2626 2467 Cregorianum
2654 2401 2710 2450 et
2732 2398 3097 2451 Gelasianum
3121 2397 3289 2451 simul
3312 2398 3609 2452 ordinasse
3634 2398 3872 2453 dicitur

2209 2492 2266 2544 in
2299 2491 2582 2546 Chronico
2614 2491 2944 2545 Centulensi
2975 2507 2988 2544 :
3019 2491 3202 2560 qualis
3239 2493 3324 2543 est
3355 2508 3501 2543 unus
3527 2491 3731 2546 Codex
3765 2510 3866 2546 re-

2210 2584 2333 2654 gius
2385 2583 2619 2654 optimae
2665 2587 2814 2638 notae
2857 2601 2914 2637 η.
2965 2587 3122 2638 3865.
3161 2583 3323 2638 Unde
3365 2585 3585 2638 factum
3630 2589 3748 2650 est,
3803 2591 3872 2640 ut

479 2677 758 2740 tamento,
797 2675 908 2729 alia
944 2693 1009 2729 ex
1046 2676 1199 2730 Novo
1233 2675 1644 2746 praemittatur;
1679 2676 1848 2729 unica
1885 2680 2010 2730 erat
2046 2677 2106 2731 in
2210 2678 2396 2730 nullus
2421 2677 2630 2740 Codex,
2661 2677 2758 2746 qui
2790 2677 3175 2748 antiquiorem
3207 2677 3368 2730 illum
3400 2677 3688 2732 Ordinem
3717 2680 3868 2734 Gal-

478 2768 768 2834 Africano,
806 2771 950 2822 teste
986 2768 1304 2838 Augustino
1345 2768 1404 2822 in
1447 2785 1713 2822 sermone
1750 2773 1781 2822 7
1817 2769 1888 2822 de
1922 2769 2109 2823 verbis
2207 2770 2459 2824 licanum
2505 2770 2739 2835 referat,
2782 2773 2914 2823 ante
2964 2769 3070 2822 hos
3114 2786 3325 2840 paucos
3370 2786 3556 2824 annos
3595 2771 3869 2826 inveniri

478 2860 732 2931 Apostoli
766 2877 779 2914 :
819 2881 845 2908 ‹‹
875 2862 1210 2930 Apostolum
1250 2860 1591 2926 audivimus,
1627 2862 1910 2931 psalmum
1945 2862 2104 2916 audi-

477 2953 682 3018 vimus,
724 2953 1096 3023 Evangelium
1141 2953 1502 3008 audivimus:
1542 2957 1863 3008 consonant
1907 2971 2108 3008 omnes

481 3044 688 3099 divina:
733 3045 1026 3100 lectiones.
1071 3067 1098 3094 ››
1145 3046 1302 3100 Idem
1336 3047 1544 3100 clarius
1592 3047 1837 3100 habetur
1881 3047 1938 3100 in
1989 3064 2104 3100 ser-

479 3153 654 3193 mone
702 3142 766 3192 10
806 3138 877 3192 de
920 3138 1106 3192 verbis
1139 3139 1402 3209 apostoli,
1443 3143 1500 3192 et
1539 3139 1597 3192 in
1633 3156 1898 3194 sermone
1939 3143 2004 3195 33
2035 3141 2106 3194 de

479 3231 667 3285 verbis
691 3231 921 3286 Domini
945 3233 1256 3286 secundum
1283 3233 1511 3299 Lucam,
1545 3236 1602 3286 et
1629 3233 1784 3286 alibi.

555 3325 638 3378 14.
671 3323 864 3388 Qualis
894 3324 1068 3378 fuerit
1091 3325 1242 3396 apud
1272 3325 1528 3379 Britones
1557 3328 1615 3378 et
1639 3325 1920 3380 Hibernos
1940 3326 2106 3380 sacri-

479 3417 688 3472 ﬁcandi
716 3417 874 3483 ritus,
910 3433 1026 3472 non
1058 3419 1228 3488 plane
1259 3421 1617 3489 compertum
1645 3421 1748 3471 est.
1778 3419 2005 3473 Modum
2027 3422 2106 3472 ta-

477 3526 614 3564 men
645 3509 806 3564 illnm
832 3527 866 3564 a
901 3511 1160 3565 Romano
1203 3511 1488 3566 diversum
1519 3510 1798 3564 exstitisse
1831 3511 2104 3581 intelligi-

477 3605 572 3657 tur
597 3620 662 3656 ex
690 3603 980 3658 Bernardo
1009 3603 1066 3657 in
1095 3603 1238 3658 libro
1263 3604 1332 3658 de
1357 3604 1479 3658 Vita
1499 3604 1803 3670 Malachiae,
1827 3604 2106 3675 capitibus

479 3699 509 3750 3
550 3699 607 3750 et
645 3698 696 3762 8,
728 3697 827 3750 ubi
863 3697 1166 3751 Malachias
1209 3697 1485 3752 barbaras
1523 3697 1966 3751 consuetudines
1993 3698 2102 3751 Bo-

476 3789 664 3844 manis
683 3793 956 3855 mutasse,
979 3793 1037 3843 et
1055 3790 1396 3844 canonicum
1419 3790 1626 3844 divinas
1648 3790 1832 3844 laudis
1851 3790 2104 3844 ofﬁcium

477 3882 536 3935 in
565 3882 996 3942 illas,Ecclesias
1025 3883 1301 3937 invexisse
1332 3887 1708 3938 memoratur.

1123 4007 1346 4061 CAPUT
1382 4008 1470 4060 III.

479 4101 608 4168 Quae
635 4102 685 4154 et
710 4101 888 4168 qualis
913 4099 1083 4164 fuerit
1110 4100 1379 4168 quondam
1409 4101 1657 4168 Liturgia
1685 4102 1966 4157 Gallicana
1991 4121 2007 4156 :
2033 4118 2106 4156 an

551 4185 614 4223 ea
654 4185 773 4242 qua?
817 4186 852 4223 a
902 4171 1138 4224 Matthia
1177 4171 1394 4242 Illyrico
1444 4170 1591 4224 edita
1642 4177 1738 4226 est.
1792 4175 1957 4228 Certae
1996 4173 2106 4242 ejus

548 4245 717 4306 notae;
747 4241 854 4295 haec
879 4242 1094 4308 integra
1124 4241 1340 4295 tandem
1367 4245 1601 4310 reperta.

553 4345 602 4417 1
619 4344 679 4418 6
706 4350 752 4400 1.
775 4346 886 4401 Sed
902 4346 1028 4416 jam
1049 4346 1282 4400 demum
1306 4345 1377 4400 ad
1398 4345 1711 4417 Liturgiam
1731 4349 2102 4417 Gallicanam,

477 4438 636 4510 cujus
685 4439 870 4510 gratia
916 4440 1036 4493 haec
1082 4439 1375 4510 praemissa
1418 4443 1568 4505 sunt,
1607 4440 1956 4495 veniendum
1990 4448 2102 4508 est;

475 4532 1002 4604 inquirendumque
1045 4532 1115 4586 de
1161 4532 1284 4601 ejus
1327 4534 1533 4598 forma,
1575 4533 1644 4586 de
1681 4550 1794 4604 qua
1829 4535 2105 4590 hactenus

478 4626 686 4680 eruditi
712 4625 819 4680 viri
849 4626 1264 4696 disceptarunt.

545 4721 598 4773 2.
631 4718 918 4788 Principio
947 4719 1244 4773 advertere
1283 4720 1553 4773 convenit
1591 4719 1867 4774 Ordinem
1897 4720 2105 4775 Roma-

476 4827 636 4878 num,
671 4811 769 4882 qui
801 4811 954 4883 apud
981 4812 1260 4882 Hispanos
1281 4814 1483 4867 saeculo
1506 4829 1580 4879 χι,
1605 4813 1932 4884 insequenti
1954 4814 2106 4884 apud

473 4905 754 4959 Hibernos
788 4905 872 4976 (ut
911 4922 1042 4960 mox
1077 4905 1361 4976 dicebam)
1388 4909 1654 4977 receptus
1691 4910 1795 4972 est,
1827 4907 1884 4960 in
1922 4907 2104 4961 Gallia

470 4998 665 5068 vigere
686 4998 922 5069 coepisse
937 4999 1062 5069 jam
1085 4998 1218 5053 inde
1241 5017 1274 5053 a
1295 5003 1556 5070 tempore
1574 4999 1762 5054 Caroli
1782 4999 1970 5069 Magni
1989 4999 2102 5053 sive

471 5090 530 5144 id
557 5091 855 5146 effecerint
881 5092 1128 5146 Romani
1149 5092 1472 5158 Pontifices,
1502 5091 1601 5162 qui
1633 5091 1773 5145 alias
1795 5109 1998 5146 omnes
2019 5109 2104 5145 ec-

469 5183 670 5237 clesias
697 5184 768 5238 ad
796 5201 972 5238 unum
996 5202 1127 5240 cum
1150 5187 1412 5240 Romana
1431 5189 1797 5250 concentum,
1822 5188 2100 5256 quantum

467 5276 526 5330 in
555 5275 638 5329 eis
665 5277 790 5342 fuit,
815 5277 1100 5332 adducere
1123 5283 1424 5344 curarunt;
1449 5279 1565 5332 sive
1589 5278 1662 5332 ad
1685 5293 1782 5332 eos
1806 5278 2103 5332 demeren-

468 5369 572 5423 dos
600 5368 656 5422 id
688 5371 929 5426 voluerit
958 5374 1211 5428 Carolus.
1242 5371 1472 5426 Initium
1507 5373 1721 5425 factum
1751 5375 1836 5424 est
1864 5388 1897 5424 a
1927 5374 2100 5425 cantu

465 5463 748 5528 Romano,
775 5481 947 5534 quem
975 5465 1251 5536 Pippinus
1279 5465 1338 5518 in
1371 5463 1694 5518 Gallicanas
1721 5465 1998 5517 Ecclesias
2019 5465 2101 5518 in-

465 5555 642 5622 duxit,
674 5560 736 5610 ut
763 5556 931 5612 docet
958 5559 1166 5613 Paulus
1199 5574 1348 5628 papa
1376 5559 1396 5609 l
1425 5555 1484 5610 in
1521 5556 1762 5626 epistola
1789 5557 1862 5609 ad
1891 5555 2094 5627 ipsum,

463 5648 552 5702 cui
583 5649 972 5720 Antiphonale
1005 5654 1063 5706 et
1085 5650 1434 5720 Responsale
1466 5647 1660 5702 mittit.
1687 5648 1896 5702 Directi
1923 5651 2096 5704 etiam

463 5742 534 5795 ab
557 5742 764 5797 eodem
785 5743 1043 5813 principe
1065 5743 1480 5807 adolescentes,
1502 5741 1599 5811 qui
1623 5742 1944 5796 Romanum
1967 5760 2098 5797 can-

464 5836 596 5916 tum.
617 5835 1001 5888 addiscerent.
1034 5837 1238 5890 Postea
1272 5851 1407 5889 vero
1444 5835 1680 5889 Carolus
1709 5835 1945 5905 Magnus
1975 5837 2096 5906 ejus

461 5927 610 5984 ﬁlius
652 5927 1175 5985 Sacramentarium
1213 5927 1651 6000 Gregorianum,
1681 5928 1741 5986 id
1773 5931 1859 5984 est
1883 5927 2094 5985 librum

2208 2862 2487 2933 potuerit;
2523 2865 2694 2932 atque
2727 2861 2799 2915 ad
2830 2862 2886 2915 id
2917 2864 3146 2932 tempus
3171 2879 3401 2934 semper
3422 2863 3646 2918 incerta
3672 2865 3868 2920 fuerit

2209 2956 2279 3009 de
2301 2955 2539 3036 hujusce
2561 2954 2789 3008 Ordinis
2817 2954 2928 3008 ritu
2956 2955 3259 3009 sententia.

2278 3049 2330 3102 4.
2344 3047 2606 3102 Matthias
2622 3048 2850 3101 Flaccus
2862 3047 3132 3118 lllyricus,
3147 3048 3605 3103 centuriatorum
3617 3051 3868 3123 Magde—

2207 3140 2580 3211 burgensium
2603 3141 2886 3211 princeps,
2907 3141 3143 3195 missam
3163 3141 3427 3196 Latinam
3450 3159 3518 3196 ex
3537 3145 3728 3199 veteri
3751 3147 3869 3201 Co-

2127 3274 2180 3347 C
2209 3233 2332 3288 dice
2361 3233 2610 3303 vulgavit
2634 3234 2965 3304 Argentinae
2994 3250 3146 3288 anno
3187 3238 3320 3289 1557
3353 3235 3458 3289 sub
3486 3237 3598 3290 hoc
3628 3237 3818 3294 titulo
3848 3257 3863 3295 :

2206 3329 2372 3383 Missa
2394 3329 2612 3388 Latina,
2641 3343 2760 3396 qua
2789 3328 2916 3381 olim
2951 3332 3077 3381 ante
3113 3331 3430 3390 Romanam,
3458 3331 3605 3385 circa
3632 3333 3871 3387 Domini

2204 3435 2406 3474 annum
2434 3422 2558 3481 700,
2590 3422 2648 3473 in
2676 3435 2776 3473 usu
2801 3421 2933 3486 fuit,
2962 3421 3098 3473 bona
3121 3421 3228 3489 ﬁde
3267 3437 3334 3474 ea:
3360 3426 3568 3476 vetusto
3605 3426 3866 3480 authen-

2205 3515 2410 3581 ticoque
2434 3513 2618 3570 Codice
2643 3514 2935 3582 descripta.
2963 3512 3233 3567 Codicem
3265 3530 3382 3568 non
3408 3515 3547 3569 satis
3573 3515 3868 3588 designat

2206 3605 2432 3659 titulus:
2453 3606 2552 3659 sed
2570 3622 2634 3658 ex
2657 3605 2826 3658 variis
2847 3606 3220 3669 orationibus,
3243 3623 3368 3676 qum
3385 3608 3459 3661 ad
3482 3609 3865 3667 oblationem

2205 3697 2264 3751 in
2307 3697 2402 3752 illa
2443 3697 2618 3752 missa
2661 3700 3010 3765 referuntur,
3053 3715 3168 3752 una
3217 3699 3296 3754 sie
3343 3700 3522 3754 habet
3556 3719 3568 3756 :
3603 3705 3865 3776 Suscipe,

2202 3795 2391 3846 sancta
2433 3793 2690 3853 Trinitas,
2729 3792 2867 3846 hanc
2901 3793 3244 3858 oblationem,
3276 3809 3441 3862 quam
3483 3811 3590 3864 pro
3639 3801 3866 3854 seniore

2202 3889 2382 3938 nostro
2423 3889 2476 3938 et
2515 3888 2704 3938 cuncta
2737 3886 3144 3954 congregatione
3176 3889 3354 3940 sancti
3387 3888 3540 3941 Petri
3662 3892 3862 3960 offero.

2205 3977 2273 4030 Et
2300 3975 2358 4029 in
2390 3976 2500 4030 alia
2525 3977 2697 4046 paulo
2731 3981 2864 4030 ante
2887 3993 2898 4030 :
2923 3978 3094 4043 Quam
3124 3979 3226 4032 tibi
3250 3980 3410 4047 oﬂ‘ero
3426 3995 3530 4049 pro
3551 3997 3638 4036 me
3653 3999 3860 4052 pecca-

2205 4073 2315 4123 tore
2339 4074 2390 4123 et
2414 4073 2608 4124 nostra:
2632 4072 3058 4138 congregationis
3085 4072 3282 4133 salute,
3309 4077 3361 4126 et
3381 4087 3482 4142 pro
3512 4077 3777 4132 omnibus
3805 4082 3862 4133 in

2205 4164 2412 4219 Christo
2439 4163 2708 4229 fratribus
2731 4167 2782 4216 et
2808 4164 3076 4218 sororibus
3102 4166 3318 4220 nostris.
3347 4165 3426 4218 Ex
3453 4165 3542 4219 his
3573 4170 3857 4239 conjicio,

2207 4255 2355 4308 hunc
2385 4254 2594 4308 librum
2618 4255 2791 4308 fuisse
2823 4255 2896 4309 ad
2925 4273 3091 4310 usum
3115 4257 3452 4312 monasterii
3479 4261 3668 4315 sancti
3697 4264 3858 4318 Petri

2205 4348 2620 4402 Hornbacensis
2647 4348 2703 4401 in
2738 4348 2962 4402 dioecesi
2990 4350 3268 4416 Mettensi,
3298 4367 3427 4421 qua
3458 4358 3856 4427 congregatio

2205 4441 2385 4494 sancti
2431 4441 2582 4495 Petri
2627 4457 2693 4494 ex
2743 4442 3096 4496 monasterio
3138 4445 3387 4499 Hornbac
3420 4448 3764 4516 appellatur
3799 4452 3858 4505 in

2205 4533 2368 4588 titulo
2408 4533 2662 4604 epistolae
2694 4551 2822 4588 exn!
3021 4535 3174 4590 inter
3210 4537 3616 4592 Bonifacianas
3646 4542 3730 4596 ad
3761 4544 3858 4598 Hi-

2122 4636 2181 4707 D
2205 4629 2420 4681 culfum
2447 4626 2589 4680 Lulli
2621 4644 3027 4682 successorem.
3055 4629 3181 4682 Haec
3208 4630 3532 4686 observatio
3561 4633 3862 4706 aliquanti

2207 4719 2493 4775 momenti
2517 4719 2576 4773 in
2607 4721 3092 4791 consequentibus
3121 4721 3246 4778 erit.

2278 4817 2328 4867 5.
2349 4812 2525 4882 Hujus
2543 4811 2731 4866 missae
2749 4813 2820 4866 ab
2843 4813 3062 4884 Illyrico
3090 4814 3259 4868 editae
3280 4814 3436 4870 varia
3457 4816 3568 4872 fuit
3589 4819 3858 4878 fortuna.

2205 4905 2398 4960 Primo
2443 4904 2766 4976 triumphos
2808 4906 2878 4960 de
2916 4923 2985 4960 ea
3026 4910 3274 4977 egerunt
3306 4908 3644 4978 Lutherani,
3689 4917 3861 4985 quasi

2205 4997 2507 5053 Catholicis
2543 4998 2770 5069 penitus
2809 4999 3226 5054 adversaretur.
3259 5003 3330 5056 Ut
3367 5002 3472 5056 hos
3513 5003 3860 5078 triumphos

2203 5091 2548 5161 reprimeret
2572 5091 2864 5162 Philippus
2895 5109 2932 5145 ιι
2965 5092 3366 5162 Hispaniarum
3397 5112 3518 5162 rex,
3549 5096 3742 5153 dulcis
3770 5105 3861 5157 Al—

2203 5183 2394 5238 bensis
2409 5183 2700 5249 instinctu,
2717 5184 3092 5254 ejuslectione
3106 5185 3426 5252 interdixit;
3447 5190 3857 5266 eamdemque

2201 5281 2400 5347 postea
2439 5277 2624 5332 Sixtus
2650 5277 2777 5331 Vin
2819 5277 3094 5332 librorum
3134 5279 3559 5350 prohibiturum
3602 5286 3854 5343 classem

2200 5369 2443 5439 redegit.
2472 5369 2778 5424 Lutherani
2810 5375 3006 5440 aperte
3035 5372 3275 5426 tandem
3305 5373 3544 5430 missam
3579 5378 3855 5449 Illyricia-

2201 5478 2337 5515 nam
2365 5463 2667 5518 Catholicis
2696 5463 3014 5533 suffragari,
3045 5464 3264 5535 sibique
3303 5467 3598 5524 adversari
3632 5472 3852 5530 intelli-

2201 5557 2420 5622 gentes,
2438 5555 2594 5610 illam
2615 5556 2971 5626 supprimere
2986 5557 3174 5611 modis
3188 5559 3459 5614 omnibus
3473 5564 3850 5624 studuerunt.

2198 5647 2472 5702 Catholici
2516 5665 2580 5702 ex
2621 5649 2727 5702 hac
2768 5649 3061 5719 palinodia
3097 5651 3483 5721 proﬁcientes,
3526 5657 3852 5727 ipsammot

2197 5741 2514 5796 accuratius
2534 5742 2820 5811 legerunt,
2845 5742 3171 5809 laudarunt,
3193 5747 3680 5820 comprobarunt,
3702 5760 3761 5809 et
3781 5757 3851 5810 ad

2195 5835 2504 5888 asserenda
2521 5834 2907 5898 Eucharistiie,
2928 5836 3322 5902 confessionis,
3346 5843 3404 5892 et
3425 5842 3848 5915 suffragiorum

2195 5944 2298 6001 pro
2316 5926 2558 5983 mortuis
2575 5927 2850 6000 dogmata
2869 5927 3282 5986 adhibuerunt:
3299 5929 3356 5986 in
3374 5933 3584 6003 primis
3604 5941 3846 6012 quidem
