3968 6436
138 421 212 487 121
1118 432 1206 493 DE
1243 437 1552 495 LITURGIA
1587 439 1952 500 GALLICANA
1991 445 2189 502 LIBER
2225 445 2484 503 PRIMUS.

133 534 446 634 Guillelmps
475 537 787 634 Peyratus,
821 542 885 598 in
913 542 1054 599 libro
1087 561 1126 598 ιι
1151 544 1224 600 de
1250 545 1485 602 historia
1515 547 1756 618 Capellae
1779 560 1836 634 Α
1858 553 2011 622 quod
2035 553 2093 608 in
2117 571 2184 610 ea
2206 555 2494 624 passiones
2517 557 2832 625 martyrum
2859 551 3251 622 recitarentur,
3272 569 3338 610 ex
3358 554 3468 610 Hil-

132 646 314 698 regum
360 630 646 698 Francia,
689 641 820 706 cap.
862 639 944 703 l3,
973 653 1223 708 eumque
1266 643 1488 694 secutus
1526 641 1758 696 Carolus

131 723 362 778 Cointius
400 723 463 777 in
509 725 846 782 Annalibus
880 729 1269 784 ecclesiasticis
1306 731 1652 788 Francorum
1683 735 1757 788 ad

129 831 326 868 annum
353 817 480 881 601,
513 817 618 871 ubi
645 819 894 874 missam
931 821 1309 893 lllyricianam
1349 840 1383 877 a
1420 825 1756 880 Lutheranis

128 924 474 978 suppressam
505 911 764 966 recudit.
800 913 967 976 Quod
992 915 1168 969 etiam
1200 915 1460 986 praestitit
1493 917 1754 972 cardina-

128 1001 183 1054 lis
208 1000 356 1054 Bona
382 1000 444 1054 in
473 1002 599 1056 ﬁne
633 1005 833 1073 operis
863 1005 948 1061 sui
978 1006 1264 1077 Liturgici.

185 1096 231 1147 6.
264 1093 416 1147 Hanc
444 1109 592 1149 vero
620 1095 686 1148 in
715 1097 1034 1164 occidente,
1064 1100 1382 1170 praesertim
1409 1101 1466 1154 in
1493 1101 1671 1157 Gallia
1697 1105 1754 1157 et

127 1184 174 1238 in
192 1186 520 1253 Germania,
544 1192 878 1259 antequam
897 1192 1190 1246 Romanus
1204 1193 1358 1247 Ordo
1377 1193 1657 1248 admissus
1674 1212 1756 1248 es-

125 1281 216 1342 set,
243 1279 363 1332 usui
400 1279 582 1334 fuisse
626 1281 862 1352 opinari
897 1300 956 1337 se
991 1283 1126 1338 dicit
1152 1284 1400 1354 lllyricus
1427 1285 1484 1339 in
1517 1287 1754 1356 epistola

127 1371 479 1439 pmliminari
493 1373 574 1426 ad
585 1372 920 1444 principem
932 1376 1276 1430 Palatinum.
1289 1379 1558 1447 Peyratus
1570 1379 1752 1449 ipsam

125 1478 215 1533 pro
227 1463 775 1534 antiquaGallicana
787 1467 1182 1523 indubitanter
1191 1470 1752 1542 agnovit,eidemque

125 1556 404 1610 sententiae
437 1557 714 1612 Cointius
740 1559 1106 1630 subscripsit:
1131 1561 1303 1616 ambo
1331 1579 1500 1632 porro
1528 1579 1658 1617 eam
1679 1563 1754 1618 ad

127 1647 354 1717 primam
377 1665 594 1719 regum
620 1652 982 1706 Francorum
1006 1653 1242 1723 stirpem
1260 1657 1545 1708 revocant.
1565 1656 1642 1708 Ex
1658 1655 1753 1709 ad-

127 1756 268 1794 verso
286 1741 604 1796 Menardus
631 1748 839 1798 noster
860 1743 918 1797 in
937 1745 1085 1799 notis
1105 1745 1178 1800 ad
1195 1746 1403 1801 librum
1422 1748 1754 1802 Sacramen-

128 1835 316 1898 torum,
341 1833 446 1886 etsi
471 1834 793 1909 antiquam
817 1853 940 1890 esse
963 1838 1250 1904 concedit;
1271 1839 1537 1908 quaedam
1555 1842 1749 1893 tamen

1857 645 2014 700 duini
2027 647 2263 718 epistola
2277 649 2348 702 ad
2359 647 2701 702 Ludovicum
2715 648 3467 718 Augustum,Areopagiticis

1857 740 2103 808 praefixa.
2127 742 2188 794 In
2209 741 2314 794 hac
2336 740 2544 811 quippe
2565 739 2803 810 epistola
2823 744 3244 794 commemorat
3265 761 3292 788 «
3316 740 3462 794 anti-

1856 830 2174 900 quissimos,
2200 837 2255 886 et
2286 832 2464 886 nimia
2487 849 2634 902 pene
2659 835 2935 885 vetustate
2962 816 3328 902 consumptos
3345 833 3467 886 Mis-

1855 923 1998 976 sales
2031 925 2222 992 libros,
2250 925 2606 979 continentes
2629 923 2814 977 missae
2847 923 3108 976 ordinem
3142 940 3301 978 more
3332 925 3460 980 Gal-

1853 1015 1980 1081 lico,
2009 1016 2104 1086 qui
2135 1018 2205 1071 ab
2237 1016 2396 1071 initio
2428 1019 2672 1087 receptae
2703 1016 2837 1069 fidei
2867 1033 2970 1069 usu
2996 1015 3054 1070 in
3081 1016 3186 1070 hac
3206 1016 3463 1070 occiden-

1852 1107 1952 1160 tali
1982 1109 2149 1178 plaga
2175 1111 2260 1162 est
2281 1109 2522 1175 habitus,
2549 1125 2843 1178 usquequo
2865 1111 3148 1174 tenorem,
3173 1124 3286 1178 quo
3311 1125 3461 1163 nunc

1853 1199 2048 1266 utitur,
2076 1201 2399 1256 Romanum
2429 1201 2753 1271 susceperit.
2777 1203 2840 1254 ln
2858 1199 3060 1270 quibus
3079 1201 3460 1255 voluminibus

1854 1292 2139 1346 habentur
2171 1293 2296 1348 duas
2329 1293 2515 1347 missae
2559 1293 2628 1347 de
2669 1295 2863 1346 sancto
2906 1291 3192 1363 Dionysio,
3228 1310 3352 1363 quas
3383 1293 3462 1346 sic

1852 1385 2002 1439 inter
2039 1386 2510 1440 celebrandum...
2534 1388 2823 1440 tormenta
2852 1385 3118 1455 martyris
3147 1385 3458 1440 sociorum-

1853 1494 1961 1548 que
1989 1477 2109 1548 ejus
2138 1477 2415 1532 succincte
2441 1479 2904 1532 commemorant
2931 1494 2944 1532 :
2975 1477 3117 1530 sicut
3143 1480 3200 1530 et
3227 1477 3460 1547 reliquas

1850 1569 2024 1624 Missa":
2079 1569 2294 1624 ibidem
2349 1570 2568 1641 scripta:
2621 1569 2864 1624 aliorum
2927 1570 3314 1639 apostolorum
3372 1570 3462 1622 vel

1853 1665 2190 1731 martyrum,
2225 1679 2466 1732 quorum
2503 1661 2794 1732 passiones
2833 1661 3135 1727 habentur,
3165 1660 3459 1714 notissime

1853 1755 2178 1808 decantant.
2208 1775 2236 1803 »
2270 1755 2396 1808 Haec
2433 1754 2710 1824 passionis
2748 1757 3066 1824 martyrum
3101 1769 3456 1808 commemo-

1851 1847 1995 1900 ratio
2021 1846 2079 1900 in
2111 1847 2449 1901 Prmfatione
2479 1849 2630 1902 facta
2654 1848 2824 1902 fuisse
2848 1847 3086 1900 videtur.
3116 1846 3457 1916 Quanquam

127 1924 174 1976 in
197 1925 546 1984 contrarium
579 1928 854 1998 opponit,
884 1927 984 1982 sed
1014 1946 1140 1999 quas
1165 1947 1288 1984 rem
1319 1947 1434 1985 non
1465 1931 1746 1986 evincunt.
1771 1911 1827 1982 B
1849 1937 2073 2008 integra
2100 1941 2225 1991 acta
2255 1939 2598 2008 quandoque
2625 1940 2982 2008 legebantur,
3016 1939 3076 1990 ut
3102 1953 3235 1990 mox
3260 1937 3330 1990 de
3363 1952 3456 1990 ac-

127 2016 280 2071 Missaz
317 2017 671 2088 lllyricianze
712 2020 967 2074 similem
1003 2021 1183 2075 edidit
1216 2022 1517 2078 Menardus
1555 2040 1621 2077 ex
1656 2039 1747 2078 co-

130 2108 234 2162 dice
280 2110 621 2164 Corbeiensi
677 2111 912 2166 Ratoldi
965 2113 1086 2183 ejus
1134 2113 1241 2168 loci
1286 2114 1526 2181 abbatis,
1580 2118 1750 2185 atque

129 2201 279 2254 aliam
301 2202 812 2258 eminentissimus
838 2205 1142 2259 cardinalis
1163 2206 1318 2260 Bona
1339 2206 1397 2260 in
1422 2206 1566 2260 libro
1585 2223 1601 2259 ι
1625 2206 1672 2278 1
1690 2205 1749 2278 9

129 2294 316 2347 Rerum
336 2295 753 2365 liturgicarum
781 2313 909 2366 cap.
937 2300 1021 2364 1'2,
1047 2297 1141 2351 ubi
1168 2297 1546 2369 Illyricianam
1576 2301 1752 2367 negat

129 2401 300 2440 veram
318 2403 441 2440 esse
462 2390 737 2442 veterem
756 2387 1131 2454 Gallicanam,
1146 2390 1304 2460 cujus
1322 2393 1505 2456 notas,
1519 2390 1746 2458 indicia,

131 2483 176 2530 et
198 2494 320 2532 vera
350 2479 684 2550 specimina
713 2479 932 2534 ibidem
959 2481 1238 2551 producit.
1266 2481 1542 2536 Indicium
1569 2499 1748 2536 unum

131 2569 479 2642 est,illudque
502 2576 740 2626 certum
755 2589 822 2626 ex
845 2573 1444 2643 GregorioTuronensi
1461 2574 1745 2645 episcopo,

131 2666 178 2719 in
193 2667 354 2720 missa
369 2665 676 2720 Gallicana
695 2665 840 2719 duas
860 2666 1133 2720 lectiones
1152 2666 1458 2736 Evangelia
1479 2667 1749 2737 prmmitti

131 2759 326 2826 solitas,
369 2773 552 2812 unam
597 2774 672 2811 ex
710 2757 901 2810 Veteri
939 2757 1182 2828 passim,
1216 2759 1456 2812 alteram
1497 2775 1561 2812 ex
1595 2760 1748 2814 Novo

130 2852 492 2905 Testamento.
531 2849 717 2920 Atqui
762 2849 822 2902 in
864 2849 1181 2919 Illyriciana
1227 2849 1443 2904 mentio
1482 2851 1548 2903 ﬁt
1583 2851 1750 2904 unius

132 2943 379 3012 epistolze.
411 2942 642 2996 Deinde
673 2941 733 2995 in
769 2942 879 2995 hac
915 2942 1088 2996 missa
1117 2942 1433 3012 lllyriciana
1461 2943 1650 3012 agitur
1679 2943 1749 2997 de

133 3035 446 3104 Sequentia,
487 3035 658 3105 cujus
693 3033 860 3105 origo
903 3035 1172 3088 szeculum
1219 3051 1274 3088 IX
1317 3034 1470 3087 haud
1510 3034 1746 3102 excedit,

132 3127 355 3182 Notkcro
391 3128 636 3182 Balbulo
687 3126 875 3180 sancti
915 3127 1054 3180 Galli
1099 3127 1384 3180 monacho
1421 3127 1612 3180 forsan
1649 3127 1746 3180 tri-

131 3219 355 3274 buenda.
369 3221 666 3274 Przeterea
689 3219 750 3273 in
763 3218 1039 3288 Symbolo
1061 3219 1270 3290 legitur
1289 3217 1746 3272 additamentum

132 3313 363 3381 Pilioque,
396 3312 558 3383 quod
599 3329 636 3365 a
677 3311 870 3366 Caroli
917 3310 1103 3380 Magni
1148 3313 1408 3380 tempore
1453 3311 1748 3366 exordium

133 3404 282 3458 ducit.
304 3405 373 3458 Ut
401 3403 462 3458 in
493 3420 688 3474 pauca
708 3419 837 3456 rem
863 3403 1179 3466 conferam,
1203 3403 1354 3457 Ordo
1377 3402 1468 3456 ille
1490 3403 1750 3473 Illyricia-

134 3513 223 3548 nus
244 3497 476 3550 missam
517 3495 923 3566 pontiﬁcalem
952 3495 1207 3549 continet
1233 3495 1548 3548 secundum
1572 3495 1747 3548 ritum

133 3588 455 3655 Romanum,
476 3591 537 3642 et
549 3588 796 3658 quidem
815 3587 957 3641 nihil
973 3589 1094 3641 fere
1108 3587 1262 3640 aliud
1275 3603 1448 3656 quam
1462 3587 1748 3641 orationes

133 3681 352 3747 privatas
369 3681 441 3734 ab
459 3681 740 3751 episcopo
757 3679 1101 3746 recitandas,
1117 3679 1255 3732 dum
1269 3678 1473 3732 chorus
1489 3679 1746 3733 canendo

134 3777 432 3843 occupatur.
463 3774 616 3827 Nam
645 3774 782 3843 post
807 3771 1117 3837 orationes,
1145 3787 1273 3841 quae
1299 3787 1429 3824 cum
1454 3773 1588 3824 ante
1619 3770 1749 3824 mis-

135 3880 258 3930 sam,
287 3869 406 3918 tum
434 3864 733 3919 sumendo
760 3866 946 3916 vestes
971 3879 1160 3916 sacras
1185 3861 1528 3928 indicantur,
1552 3863 1748 3916 multae

135 3955 242 4010 alite
265 3957 610 4023 subduntur,
643 3957 811 4012 donec
834 3959 1118 4010 cantentur
1139 3969 1320 4010 versus
1347 3954 1422 4009 ad
1447 3957 1745 4018 introitum,

132 4053 176 4101 et
197 4049 353 4118 Kyrie
382 4049 629 4115 eleison,
660 4053 713 4104 et
736 4048 933 4102 deinde
961 4063 1174 4102 carmen
1193 4047 1524 4116 angelorum.
1545 4048 1748 4101 Postea

129 4142 266 4206 ﬁnita
293 4143 538 4210 angelica
566 4141 756 4203 laude,
786 4141 1059 4196 Missalem
1083 4142 1376 4194 orationem
1400 4139 1547 4193 dicat
1569 4140 1750 4194 Sacer-

131 4232 230 4286 dos.
278 4235 474 4289 Deinde
528 4236 712 4289 Lectio
763 4235 1035 4294 recitetur,
1073 4237 1125 4286 et
1170 4234 1310 4286 inter
1357 4233 1647 4286 Lectionem
1698 4236 1749 4286 et

131 4326 478 4394 Evangelium,
523 4327 588 4380 id
625 4330 707 4380 est
741 4329 974 4394 tempore
1006 4325 1300 4381 Gradualis
1335 4328 1386 4377 et
1423 4323 1661 4376 Alleluia
1686 4339 1748 4378 ac

131 4417 420 4484 Sequentiae,
465 4421 752 4488 episcOpus
784 4417 934 4471 dicat
970 4417 1068 4470 has
1105 4417 1390 4478 orationes,
1419 4417 1526 4468 etc.
1565 4415 1746 4468 Multis

135 4507 438 4578 interjectis,
480 4509 742 4580 quandiu
781 4510 1122 4578 Offerto-rium
1161 4513 1212 4562 et
1244 4522 1426 4562 versus
1459 4511 1745 4570 canuntur,

1769 3261 1823 3334 C

1849 2029 1920 2083 tis
1949 2029 2126 2083 sancti
2152 2029 2436 2083 Emiliaiii
2462 2029 2800 2084 videbimus.

1919 2126 1970 2177 9.
1998 2123 2254 2176 Alterum
2297 2121 2482 2176 missae
2522 2121 2823 2177 Gallicana:
2855 2123 3130 2176 indicium
3167 2125 3270 2188 est,
3304 2121 3460 2191 quod

1851 2215 2055 2268 eodem
2095 2214 2205 2267 ritu
2243 2215 2364 2267 haec
2399 2214 2802 2281 celebraretur,
2844 2217 3015 2284 atque
3045 2214 3318 2268 Toletana
3361 2228 3462 2266 seu

1847 2305 2210 2360 Mozarabica.
2235 2305 2403 2375 Cujus
2424 2305 2506 2359 rei
2531 2309 2704 2360 testes
2731 2310 2862 2360 sunt
2881 2306 3065 2361 Caroli
3086 2305 3236 2360 Calvi
3256 2304 3461 2358 litteras

1849 2399 1921 2452 ad
1957 2399 2170 2452 clerum
2201 2399 2590 2452 Ravennatem
2621 2398 2678 2451 in
2709 2399 2828 2451 hmo
2865 2399 3038 2450 verba
3067 2414 3079 2450 :
3113 2417 3140 2445 «
3170 2398 3355 2466 Usque
3386 2396 3460 2450 ad

1848 2493 2109 2560 tempora
2130 2489 2288 2542 abavi
2313 2489 2488 2543 nostri
2509 2489 2809 2544 Gallicanae
2829 2488 3087 2543 Ecclesiae
3103 2488 3268 2542 aliter
3283 2504 3459 2557 quam

1847 2583 2108 2636 Romana
2133 2582 2218 2634 vel
2262 2581 2693 2635 Mediolanensis
2717 2581 2961 2635 Ecclesia
2988 2580 3455 2634 divina-celebra-

1848 2675 1988 2728 bant
2008 2674 2214 2740 officia,
2233 2674 2377 2727 sicut
2397 2673 2640 2726 vidimus
2661 2677 2717 2726 et
2737 2673 3055 2726 audivimus
3079 2672 3148 2726 ab
3171 2671 3250 2724 eis
3273 2671 3367 2741 qui
3391 2687 3458 2725 ex

1847 2767 2100 2838 partibus
2128 2767 2412 2820 Toletanaa
2441 2765 2699 2819 Ecclesiae
2721 2765 2792 2819 ad
2815 2782 2916 2818 nos
2935 2764 3244 2830 venientes,
3265 2781 3460 2817 secun-

1849 2859 1986 2913 dum
2001 2875 2224 2913 morem
2241 2857 2412 2928 ipsius
2427 2857 2686 2911 Ecclesiae
2705 2874 2898 2911 coram
2917 2857 3080 2910 nobis
3096 2873 3256 2910 sacra
3271 2855 3460 2910 ofﬁcia

1849 2951 2224 3005 celebrarunt.
2252 2971 2277 2998 η
2303 2949 2437 3013 Quae
2463 2949 2634 3002 verba
2662 2948 3129 3019 consequentiam
3153 2965 3268 3002 non
3291 2948 3459 3001 habe-

1847 3046 1995 3109 rent,
2015 3043 2121 3096 nisi
2143 3043 2347 3096 eadcm
2371 3042 2567 3096 fuisset
2585 3043 2856 3096 Toletana
2879 3044 3049 3111 atque
3068 3040 3354 3095 Gallicana
3374 3039 3457 3092 Li-

1847 3134 2054 3206 turgia.
2070 3135 2233 3188 Certe
2252 3134 2481 3204 Hispani
2498 3133 2639 3187 vitas
2660 3137 2986 3187 sanctorum
3007 3133 3178 3203 (quod
3199 3131 3268 3185 de
3290 3131 3458 3186 Gallis
3530 3117 3545 3126 ’

1848 3227 2022 3281 tradit
2044 3225 2356 3296 Hilduinus)
2534 3225 2591 3279 in
2619 3225 2788 3279 sacris
2811 3225 2984 3279 etiam
3005 3224 3242 3295 publicis
3263 3223 3460 3278 recita-

1847 3319 2005 3384 bant,
2035 3321 2096 3372 ut
2122 3319 2440 3372 luculenter
2458 3317 2608 3372 inter
2633 3317 2744 3372 alia
2772 3317 2976 3388 probat
3005 3315 3318 3370 Braulionis
3337 3317 3454 3370 Ca3-

1849 3410 2241 3480 saraugustani
2254 3409 2501 3480 episcopi
2512 3409 2732 3463 libellus
2745 3409 2814 3462 de
2829 3409 3000 3479 gestis
3011 3408 3164 3462 beati
3174 3407 3460 3462 zEmiliani

1848 3501 2086 3568 abbatis,
2105 3519 2277 3572 quem
2296 3502 2550 3555 libellum
2569 3501 2698 3555 ideo
2715 3500 3045 3570 conscripsit
3063 3521 3089 3549 «
3111 3504 3173 3554 ut
3191 3501 3381 3570 posset
3400 3498 3458 3552 in

1847 3594 2034 3648 missas
2075 3595 2194 3662 ejus
2229 3593 2609 3647 celebratione
2652 3593 2988 3662 quantocius
3025 3592 3158 3661 legi,
3187 3613 3215 3640 »
3255 3607 3454 3661 quem-

1848 3686 2162 3740 admodum
2195 3685 2416 3738 Braulio
2451 3685 2569 3754 ipse
2603 3683 2662 3736 in
2691 3683 3029 3738 Praefatione
3056 3699 3155 3736 sua
3185 3682 3454 3752 loquitur.

1921 3781 2002 3832 tO.
2018 3777 2269 3831 Tertium
2285 3777 2556 3830 indicium
2575 3778 2660 3829 est
2676 3776 2828 3846 quod
2846 3775 2904 3830 in
2923 3775 3123 3829 ordine
3145 3773 3453 3838 Gallicano,

1845 3873 2090 3924 testante
2108 3869 2380 3939 Gregorio
2395 3867 2709 3922 Turonensi
2727 3867 2995 3932 antistite,
3011 3867 3160 3922 facta
3181 3867 3252 3920 sit
3270 3865 3458 3936 prima

1846 3961 2011 4016 lectio
2060 3979 2126 4015 ex
2168 3961 2478 4032 prophetis,
2527 3961 2706 4014 altera
2747 3977 2814 4013 ex
2856 3959 3148 4030 Apostolo,
3186 3958 3353 4012 tertia
3392 3975 3459 4012 ex

1845 4053 2170 4123 Evangelio.
2208 4053 2268 4106 Id
2307 4053 2591 4124 colligitur
2629 4070 2696 4106 ex
2740 4053 2890 4106 facto
2926 4051 3199 4106 Chramni
3227 4050 3457 4106 Clotarii

1845 4145 1996 4216 regis
2025 4145 2144 4212 filii,
2178 4145 2274 4215 qui
2310 4161 2438 4198 cum
2480 4145 2776 4198 Divionem
2821 4144 2912 4198 die
2942 4143 3238 4198 Dominico
3270 4159 3456 4197 acces-

1847 4238 2025 4304 sisset,
2058 4240 2269 4290 sortem
2298 4254 2458 4290 suam
2481 4255 2513 4290 a
2534 4237 2749 4290 clericis
2769 4235 3018 4306 expetiit.
3042 4235 3241 4290 Clerici
3262 4234 3458 4306 positis

1846 4346 2015 4400 super
2039 4330 2217 4383 altare
2245 4329 2422 4382 tribus
2443 4329 2624 4393 libris,
2651 4330 2712 4384 id
2745 4333 2822 4383 est
2855 4329 3166 4398 prophetia,
3190 4327 3455 4396 Apostolz',

1844 4427 1896 4476 et
1921 4422 2353 4490 Evangeliorum,
2381 4437 2484 4490 pro
2527 4437 2688 4475 more
2725 4421 2948 4474 illorum
2980 4423 3306 4488 temporum
3333 4433 3457 4470 rem

1845 4513 2162 4583 explorant,
2192 4529 2261 4566 eo
2286 4515 2472 4582 pacto,
2495 4517 2556 4566 ut
2573 4513 2934 4580 unusquisque
2958 4513 3016 4564 in
3035 4511 3169 4564 libro
3189 4508 3330 4578 quod
3343 4510 3460 4577 pri-

135 4599 216 4652 has
234 4600 370 4655 dicat
387 4605 688 4663 orationes,
713 4604 820 4654 etc.
846 4599 1187 4654 Praefatione
1209 4599 1389 4665 ﬁnita,
1413 4599 1627 4668 quando
1647 4599 1750 4652 alii
1765 4616 1822 4688 D
1847 4621 1988 4659 mum
2015 4605 2308 4674 aperiebat,
2339 4605 2431 4658 hoc
2457 4605 2532 4658 ad
2558 4607 2748 4658 missas
2775 4606 2936 4657 etiam
2971 4603 3179 4670 legeret.
3209 4602 3292 4654 Ita
3320 4601 3457 4654 Gre-

137 4690 350 4748 Sanctus
387 4695 714 4756 decantant,
754 4694 863 4748 haec
897 4695 1071 4747 oratio
1111 4694 1308 4747 cursim
1341 4691 1567 4745 dicenda
1609 4695 1686 4746 est
1711 4708 1746 4746 a

132 4786 393 4847 sacerdote,
422 4791 534 4840 etc.
564 4785 774 4842 Deinde
798 4800 915 4839 cum
935 4787 1231 4840 reverentia
1258 4785 1504 4852 incipiat,
1534 4784 1608 4837 Te
1639 4783 1740 4852 igi-

135 4878 229 4942 tur,
267 4881 368 4932 etc.
401 4878 510 4943 Qui
553 4879 761 4933 Canon
804 4879 890 4930 est
922 4875 1149 4930 Ordinis
1185 4875 1450 4942 Romani,
1485 4875 1558 4928 ad
1589 4875 1746 4945 cujus

137 4968 287 5023 ritum
325 4971 564 5025 indubie
607 4985 818 5024 omnes
847 4969 996 5023 illius
1023 4969 1214 5022 missae
1252 4967 1582 5038 lllyricianze
1615 4984 1740 5022 ora-

139 5059 298 5116 tiones
336 5063 678 5134 respiciunt.
711 5062 1000 5125 Quantum
1037 5077 1172 5115 vero
1205 5077 1238 5114 a
1269 5061 1557 5116 Gallicana
1583 5059 1743 5114 diﬂ‘e-

141 5157 265 5219 rant,
291 5172 353 5209 ex
380 5153 876 5226 consequentibus
896 5153 1142 5224 amplius
1163 5153 1534 5206 manifestum
1555 5152 1672 5205 fiet.

197 5250 244 5300 7.
271 5247 490 5302 Primus
516 5245 843 5316 Liturgiam
877 5246 1227 5301 Gallicanam
1271 5244 1540 5315 detegere
1579 5243 1746 5314 erepit

143 5338 231 5403 piae
258 5341 552 5395 memoriae
585 5337 899 5394 cardinalis
933 5339 1108 5404 Bona,
1141 5337 1237 5408 qui
1275 5337 1334 5390 in
1375 5338 1480 5391 hac
1509 5337 1744 5407 inquisi-

145 5428 275 5484 tione
307 5449 360 5486 se
394 5434 747 5504 implicatum
772 5429 896 5502 2ο
924 5431 1072 5484 ultro
1101 5429 1268 5484 fateri
1295 5445 1411 5483 non
1447 5428 1742 5494 dubitavit,

145 5524 399 5587 professus
428 5525 581 5579 hanc
608 5537 742 5576 rem
775 5523 971 5592 magni
1007 5538 1130 5576 esse
1162 5520 1465 5588 momenti,
1498 5537 1743 5592 eamque

148 5628 242 5666 non
267 5631 327 5669 ex
347 5615 566 5688 proprii
592 5612 822 5684 ingenii
849 5613 1141 5684 ﬁgmentis
1161 5616 1260 5667 aut
1285 5612 1596 5667 temeraria
1615 5629 1747 5668 con-

140 5702 351 5772 jectura,
373 5709 472 5762 sed
493 5726 560 5762 ex
589 5704 835 5760 vetustis
853 5705 1244 5760 monumentis
1265 5703 1742 5774 investigandam.

203 5799 248 5850 8.
283 5799 448 5870 Hujus
481 5804 686 5855 autem
736 5799 938 5852 veteris
973 5799 1163 5852 missae
1197 5798 1500 5852 Gallicanae
1538 5797 1747 5852 indicia

149 5892 361 5958 quatuor
379 5893 541 5950 nobis
563 5888 838 5949 exhibuit
855 5891 1102 5965 optimus
1121 5888 1442 5947 cardinalis.
1465 5889 1742 5960 Primum,

1847 4696 2038 4767 gorius
2064 4697 2120 4750 in
2147 4695 2244 4750 lib.
2275 4712 2329 4749 ιν
2355 4713 2480 4767 cap.
2513 4700 2594 4750 16.
2619 4698 2686 4750 Et
2711 4696 2768 4750 in
2794 4695 2890 4749 lib.
2917 4711 3014 4748 vm
3037 4710 3160 4766 cap.
3184 4698 3236 4760 7,
3261 4693 3461 4746 memi-

1847 4789 1931 4842 nit
1953 4788 2271 4859 Prophetize
2299 4787 2390 4843 die
2412 4788 2709 4843 Dominico
2732 4787 2804 4842 ad
2825 4786 3056 4840 missam
3077 4784 3460 4856 pronuntiatus

1846 4899 1880 4934 a
1927 4880 2178 4935 Palladio
2226 4881 2593 4946 Santonensi,
2624 4880 2910 4951 episcopo,
2957 4878 3052 4948 qui
3101 4876 3272 4930 sacris
3322 4879 3460 4929 tunc

1845 4972 2208 5042 operabatur.
2237 4973 2313 5027 Ex
2344 4990 2456 5044 quo
2493 4972 2847 5042 intelligitur,
2878 4970 3149 5024 lectiones
3177 4966 3459 5037 ejusmodi

1846 5081 1962 5119 non
2005 5081 2232 5135 semper
2278 5081 2311 5119 a
2353 5065 2722 5130 subdiacono,
2750 5063 2850 5117 sed
2886 5062 2956 5116 ab
3001 5061 3123 5131 ipso
3163 5058 3458 5114 sacerdote

1845 5174 1943 5210 seu
1971 5157 2234 5228 episcopo
2272 5157 2579 5228 aliquando
2609 5156 2779 5210 fuisse
2815 5155 3166 5218 decantatas,
3197 5151 3350 5223 quod
3389 5151 3460 5205 de

1844 5249 2096 5318 Epistola
2125 5249 2330 5319 probat
2352 5249 2687 5318 Micrologus
2714 5247 2773 5300 in
2801 5263 2924 5318 cap.
2953 5249 3005 5301 8.

1919 5344 2002 5395 Η.
2027 5341 2300 5405 Quartam
2319 5341 2621 5394 Gallicana
2645 5340 2912 5410 Liturgia:
2935 5342 3131 5394 notam
3153 5337 3316 5394 nobis
3336 5353 3460 5406 sup-

1845 5433 2064 5503 peditat
2109 5433 2263 5487 idem
2310 5433 2615 5503 Gregorius
2654 5432 2715 5487 in
2758 5433 2854 5486 lib.
2893 5449 2968 5488 vn
3011 5449 3132 5503 cap.
3172 5435 3224 5498 8,
3252 5444 3458 5498 nempe

1845 5525 2134 5579 silentium
2173 5543 2206 5580 a
2243 5525 2483 5580 diacono
2525 5525 2825 5580 indictum.
2854 5525 3110 5595 Gregorii
3139 5523 3312 5578 verba
3340 5521 3462 5573 ha'c

1847 5619 1978 5670 sunt
2009 5633 2022 5670 :
2046 5637 2074 5664 «
2102 5618 2260 5671 Unde
2292 5618 2506 5672 factum
2533 5621 2636 5684 est,
2655 5620 2718 5671 ut
2746 5617 2996 5688 quadam
3025 5615 3116 5669 die
3143 5610 3456 5673 Dominica,

1846 5711 2148 5778 postquam
2183 5709 2455 5764 diaconus
2490 5709 2779 5764 silentium
2810 5707 3052 5780 populis,
3081 5710 3142 5759 ut
3157 5705 3338 5758 missas
3363 5715 3458 5752 au-

1847 5802 2126 5854 scultaren
2136 5805 2242 5867 tur,
2259 5801 2475 5868 indixit,
2491 5819 2585 5855 rex
2605 5802 3062 5855 Guntchramnus
3073 5806 3368 5851 conversus
3380 5787 3452 5840 ad

1845 5893 2123 5967 populum
2149 5892 2430 5964 diceret,»
2451 5910 2659 5966 nempe
2679 5897 2740 5950 ut
2757 5892 2898 5948 ﬁdes
2916 5889 3020 5945 sibi
3037 5885 3369 5946 servaretur,
3393 5879 3452 5930 et
