3968 6440
467 406 565 472 123

1259 405 1593 464 ΛΙῬΕΝΒῙΧ
1630 407 1717 461 ΑΙ)
1753 399 1974 488 ΟΡΕῌΑ
2011 397 2243 458 SANCTI
2279 392 2576 454 GERMANI
2614 388 3044 451 PARlSlENSlS.

3751 381 3857 442 l2-l

464 519 706 592 nepotes
735 533 864 575 suos
901 512 1154 573 enutrirc
1191 515 1296 572 sibi
1330 515 1550 572 liceret.
1591 515 1719 570 Haec
1757 529 1824 568 eo
1853 511 2096 578 dicente,
2123 521 2181 596 Α
2201 527 2407 584 eodem
2434 521 2637 581 Missa“
2665 523 2856 579 locum
2883 497 3080 588 habét,
3105 513 3261 592 quod
3289 511 3538 590 proinde
3566 509 3857 571 Gothico.

465 613 654 671 omnis
688 612 928 684 populus
957 610 1284 667 orationem
1323 627 1428 682 pro
1465 627 1602 681 rege
1627 607 1777 663 fudit
1803 607 1875 662 ad
1902 606 2095 661 Domi-

466 724 625 764 num.
650 727 676 756 »
701 707 994 776 Nusquam
1023 704 1350 776 Gregorius,
1377 721 1488 775 quo
1512 703 1700 757 missae
1729 706 1991 772 tempore
2018 699 2100 754 in-

463 801 676 856 dictum
723 798 794 852 sit
836 799 1165 865 silentium,
1208 797 1419 851 diserte
1457 797 1658 862 tradit;
1693 799 1752 850 at
1799 795 1856 848 in
1895 793 2098 848 Missali

459 891 810 948 Mozarabico
827 891 1214 962 prznscribitur
1389 893 1522 943 ante
1539 889 1849 960 Epistolam
1873 886 1960 940 his
1981 903 2100 940 ver-

460 987 548 1042 bis
587 1003 601 1042 :
642 987 926 1043 Silentium
963 987 1147 1052 facite.
1190 983 1353 1047 Quod
1389 982 1643 1036 ofﬁcium
1681 981 1922 1036 diacono
1964 984 2098 1034 ante

461 1079 839 1150 Evangelium
871 1077 1142 1132 tribuitur
1168 1094 1202 1130 a
1225 1077 1396 1131 Beato
1425 1076 1632 1130 abbate
1660 1075 1719 1128 in
1749 1074 1845 1128 lib.
1881 1090 1926 1129 ιε
1958 1093 1985 1126 «
2009 1073 2098 1130 Sic

462 1190 594 1230 cum
613 1171 992 1242 Evangelium
1012 1188 1045 1224 a
1063 1169 1234 1224 levita
1245 1185 1417 1241 super
1433 1171 1613 1223 altare
1627 1170 1862 1234 levatur,
1882 1185 1914 1221 a
1931 1167 2099 1222 levita

467 1266 722 1338 primum
754 1265 988 1319 dicitur:
1015 1267 1157 1320 Laus
1175 1265 1302 1329 tibi;
1323 1266 1381 1318 et
1408 1263 1479 1318 ab
1509 1261 1778 1316 omnibus
1793 1261 2099 1331 responde-

467 1363 561 1415 tur
590 1376 603 1415 :
632 1363 772 1416 Laus
796 1359 914 1422 tibi,
944 1360 1166 1414 Domine
1189 1360 1312 1412 Iesu
1341 1357 1568 1418 Christe,
1605 1359 1718 1411 Rea:
1743 1360 1952 1409 aeterna
1979 1357 2095 1424 glo-

462 1456 579 1509 riae.
613 1451 982 1507 Przecedente
1021 1449 1394 1522 Evangelium
1426 1465 1724 1503 cereorum
1759 1447 2007 1514 lumine,

465 1550 598 1602 tunc
629 1565 658 1594 «
687 1544 994 1600 Silentium
1036 1543 1305 1599 omnibus
1340 1543 1606 1613 imperat,
1637 1545 1696 1594 et
1721 1540 1856 1594 dicit
1885 1557 1898 1594 :
1926 1543 2098 1596 Lectio

467 1640 647 1694 sancti
671 1638 956 1706 Evangelii
977 1637 1263 1692 secundum
1290 1636 1626 1696 Matthaeum,
1657 1637 1754 1686 aut
1781 1632 2099 1704 quemlibet

463 1748 530 1786 ex
558 1729 756 1784 tribus.
786 1729 1188 1799 Respondetur
1209 1728 1279 1781 ab
1308 1726 1468 1781 omni
1491 1727 1703 1797 populo
1730 1743 1742 1780 :
1770 1726 1954 1782 Gloria
1975 1726 2094 1788 tibi,

462 1826 702 1879 Domine.
739 1812 768 1871 ii
796 1821 1170 1893 Prosequitur
1213 1820 1487 1874 diaconus
1517 1836 1528 1873 :
1573 1840 1600 1868 ‹‹
1638 1822 1701 1874 In
1735 1819 1832 1874 illo
1869 1823 2098 1887 tempore

457 1919 714 1972 Dominus
739 1921 916 1971 noster
939 1919 1088 1970 Iesus
1119 1915 1361 1973 Christus
1389 1913 1712 1974 ambulavit,
1745 1913 1850 1964 etc.
1883 1932 1910 1960 »
1956 1911 2096 1964 Hinc
2117 1896 2172 1967 Β

460 2009 766 2079 colligitur,
796 2008 1091 2061 silentium
1123 2023 1240 2061 non
1269 2005 1444 2059 modo
1469 2007 1602 2058 ante
1630 2003 1964 2074 Epistolam,
1998 2004 2099 2057 sed

467 2101 642 2156 etiam
676 2105 809 2155 ante
841 2099 1216 2169 Evangelium
1248 2097 1582 2168 impositum
1605 2097 1796 2152 fuisse.
1827 2097 1950 2160 Quo
1978 2098 2095 2151 for-

467 2198 616 2248 tasse
645 2193 876 2264 respicit
902 2193 1150 2246 Nicetius
1173 2191 1472 2263 episc0pus
1499 2190 1555 2244 in
1582 2192 1696 2244 fine
1727 2193 2002 2244 tractatus
2027 2189 2096 2242 de

466 2286 805 2358 psalmodiaa
829 2287 1006 2352 Bono,
1031 2285 1318 2357 Spicilegii
1347 2289 1504 2339 tomo
1533 2285 1619 2338 III.
1648 2304 1674 2333 ‹‹
1698 2283 1828 2337 Ideo
1857 2282 2013 2337 enim
2042 2285 2099 2336 et

465 2381 742 2436 diaconus
779 2381 931 2434 clara
967 2395 1102 2434 voce
1142 2379 1198 2433 in
1243 2379 1418 2433 domo
1455 2379 1556 2432 Dei
1603 2377 1782 2432 sancti
1829 2375 2098 2448 praeconii

469 2475 747 2529 admonet
777 2475 1028 2540 cunctos,
1060 2477 1122 2526 ut
1151 2472 1264 2526 sive
1299 2472 1540 2538 orando,
1569 2471 1684 2525 sive
1714 2471 1770 2524 in
1802 2468 2098 2524 ﬂectendis

464 2567 726 2638 genibus,
759 2567 873 2621 sive
903 2566 958 2620 in
990 2565 1308 2637 psallendo,
1342 2565 1454 2618 sive
1484 2564 1542 2618 in
1577 2563 1916 2618 lectionibus
1944 2561 2095 2616 solli-

461 2661 570 2716 cite
598 2659 919 2729 audiendis,
954 2659 1141 2714 unitas
1169 2661 1426 2712 servetur
1446 2658 1517 2712 ab
1545 2657 1882 2712 omnibus.»

535 2806 620 2856 12.
641 2802 736 2856 His
761 2801 1244 2872 quatuorindiciis
1261 2799 1590 2871 praemissis,
1611 2798 1768 2852 idem
1794 2797 2098 2852 cardinalis

473 2895 630 2950 Bona
643 2895 756 2948 duo
774 2895 971 2948 laudat
983 2893 1243 2961 Missalia,
1259 2911 1385 2964 quae
1403 2892 1692 2948 Gallicana
1708 2895 1871 2963 putat
1888 2909 1900 2946 :
1917 2908 2096 2946 unum

466 3005 531 3042 ex
554 2987 904 3042 bibliotheca
930 2987 1068 3042 olim
1089 2986 1418 3053 Petaviana,
1443 3003 1594 3040 nunc
1621 2985 1838 3056 reginae
1859 2985 2095 3050 Suecise,

462 3080 668 3136 litteris
696 3081 1024 3151 majusculis
1047 3097 1146 3134 seu
1167 3079 1462 3150 quadratis
1482 3081 1616 3132 ante
1639 3095 1822 3132 annos
1842 3095 2100 3148 nongen-

466 3177 556 3228 tos
581 3173 853 3244 scriptum
887 3191 900 3228 :
931 3174 1176 3228 alterum
1200 3190 1264 3226 ex
1285 3172 1632 3227 bibliotheca
1649 3171 1922 3226 Vaticana
1942 3172 2099 3224 Pala-

2201 621 2545 694 gallicanum
2575 618 2867 688 appellare
2897 615 3048 669 licet.

2271 734 2354 788 14.
2393 733 2568 786 Porro
2605 728 2798 783 Galliae
2828 723 3213 782 Narbonensis
3254 721 3522 778 ecclesias
3561 719 3861 774 eumdem

2197 827 2370 880 ritum
2409 823 2466 878 in
2513 821 2687 878 sacris
2727 825 2898 892 atque
2937 817 3267 890 Hispanicas
3311 813 3649 870 adhibuisse
3685 815 3866 884 patet

2199 937 2266 974 ex
2316 916 2537 972 concilii
2583 932 2638 970 ιν
2689 911 2948 969 Toletani
2993 927 3216 966 canone
3266 913 3352 976 l2,
3406 924 3520 980 quo
3570 905 3864 961 statuitur

2196 1016 2258 1067 ut
2278 1013 2410 1082 pari
2432 1009 2586 1064 modo
2613 1009 2795 1066 Gallia
2815 1007 3187 1078 Hispaniaque
3211 1003 3454 1058 celebret.
3477 1003 3597 1056 Nec
3627 998 3859 1054 admit-

2198 1104 2373 1159 tenda
2396 1107 2481 1156 est
2500 1101 2797 1166 correctio,
2814 1115 2940 1170 quae
2961 1098 3034 1153 ad
3057 1113 3221 1151 oram
3243 1095 3526 1150 librorum
3545 1093 3860 1147 editorum

2199 1196 2524 1268 apponitur,
2553 1194 2648 1248 ubi
2676 1209 2781 1263 pro
2811 1191 2991 1246 Gallia
3021 1190 3130 1255 hic,
3157 1193 3331 1259 atque
3361 1187 3540 1242 etiam
3573 1187 3639 1240 in
3669 1200 3859 1240 cano-

2197 1307 2269 1344 ne
2292 1287 2574 1360 sequenti,
2591 1285 2822 1342 Gallicia
2845 1283 3096 1356 ponitur.
3122 1283 3280 1336 Hunc
3305 1281 3519 1351 quippe
3543 1281 3753 1334 locum
3778 1278 3866 1332 ita

2197 1382 2338 1453 legit
2359 1383 2543 1435 Berno
2576 1379 2752 1434 abbas
2773 1375 3075 1448 Augiensis
3096 1391 3219 1445 cap.
3236 1377 3288 1440 2,
3314 1373 3412 1428 ubi
3432 1373 3631 1428 Gallos
3669 1374 3734 1424 et
3757 1371 3864 1424 Hi-

2197 1491 2406 1545 spanos
2423 1478 2481 1528 in
2498 1476 2784 1528 missarum
2807 1485 3029 1526 suarum
3045 1469 3350 1523 celebritate
3375 1483 3409 1520 a
3437 1467 3718 1520 Romano
3751 1481 3866 1518 usu

2197 1567 2460 1622 similiter
2492 1565 2790 1620 recessisse
2823 1565 3057 1618 fatetur.
3085 1560 3255 1631 Atqui
3291 1577 3410 1613 non
3442 1560 3640 1613 solum
3667 1557 3867 1612 Gallia

2197 1659 2599 1725 Narbonensis,
2631 1658 2730 1712 sed
2759 1655 2934 1710 etiam
2965 1654 3091 1708 alia:
3116 1652 3243 1726 24
3271 1653 3592 1707 Galliarum
3616 1649 3869 1721 provin-

2197 1753 2294 1807 ciae
2329 1752 2389 1806 in
2429 1753 2635 1805 eodem
2677 1751 2788 1804 ritu
2825 1747 3266 1813 conveniebant,
3307 1749 3370 1799 ut
3406 1761 3472 1798 ex
3510 1745 3646 1814 jam
3687 1743 3869 1798 dictis

2197 1845 2498 1916 colligitur,
2523 1843 2919 1913 constabitque
2949 1839 3196 1911 amplius
3226 1855 3293 1893 ex
3319 1839 3406 1904 iis,
3438 1854 3568 1910 quaz
3601 1854 3677 1892 ex
3711 1838 3862 1892 Gre-

2199 1939 2360 2009 gorio
2391 1937 2704 1992 Turonensi
2733 1935 2998 2006 episcopo
3028 1936 3229 2004 postea
3255 1932 3606 1986 referemus.

2272 2057 2354 2107 15.
2371 2053 2630 2106 Alterum
2654 2068 2718 2105 ex
2739 2049 3050 2105 Missalibus
3067 2046 3467 2103 Thomasianis
3484 2035 3865 2100 Francorum

2198 2147 2540 2217 appellatur,
2561 2144 2713 2216 quod
2738 2143 2974 2197 missam
3008 2158 3110 2214 pro
3140 2157 3277 2210 rege
3307 2141 3668 2194 Francorum
3703 2139 3868 2192 exhi-

2196 2239 2350 2304 beat,
2372 2238 2454 2292 uti
2484 2240 2540 2292 et
2568 2237 2805 2290 missam
2835 2236 2905 2290 de
2933 2238 3130 2289 sancto
3158 2233 3538 2303 Leodegario,
3561 2249 3631 2286 ac
3667 2231 3870 2302 Roga-

2198 2331 2386 2385 tiones
2427 2334 2560 2384 ante
2601 2329 3032 2384 Ascensionem.
3080 2327 3366 2381 Eumdem
3421 2329 3624 2380 autem
3671 2325 3867 2379 ritum

2199 2423 2474 2490 continet,
2509 2426 2680 2494 atque
2709 2422 3044 2494 przedictum
3075 2417 3706 2490 Gothicogallicanum.

2275 2547 2358 2598 16.
2392 2543 2486 2597 His
2513 2543 2736 2598 duobus
2755 2541 3066 2597 Missalibus
3093 2540 3328 2595 tertium
3351 2538 3566 2610 adjecit
3592 2539 3867 2594 Thoma-

2199 2635 2314 2689 sius
2336 2653 2400 2689 ex
2423 2636 2629 2690 Codice
2658 2635 2794 2690 olim
2817 2635 3146 2701 Petaviano,
3173 2650 3348 2704 quem
3371 2631 3573 2685 laudat
3590 2633 3870 2687 Joannes

2197 2729 2444 2784 Marinus
2472 2729 2529 2782 in
2560 2729 2704 2783 libro
2728 2729 2798 2782 de
2821 2728 2993 2781 sacris
3017 2725 3507 2791 Ordinationibus,
3530 2729 3872 2797 censet.tu

2199 2822 2472 2892 scriptum
2503 2826 2636 2875 ante
2668 2838 2886 2876 annum
2919 2825 3020 2875 560
3049 2820 3106 2873 in
3141 2835 3254 2890 quo
3287 2818 3538 2872 habetur
3567 2818 3765 2872 missa
3796 2819 3869 2874 de

2198 2919 2394 2969 sancto
2432 2915 2663 2984 Hilario,
2697 2913 2951 2985 itemque
2991 2913 3103 2967 alia
3142 2913 3212 2966 de
3250 2909 3698 2982 Hogationibus.
3745 2913 3871 2967 Hoc

2195 3007 2412 3060 Missale
2460 3006 2798 3062 Thomasius
2851 3005 3207 3060 Gallicanum
3254 3008 3417 3058 vetus
3459 3005 3753 3074 appellat.
3805 3007 3871 3060 In

2195 3100 2396 3154 Missali
2425 3101 2634 3172 primo,
2667 3101 2723 3154 id
2757 3103 2840 3154 est
2863 3099 2918 3152 in
2943 3098 3179 3154 Gothico
3209 3115 3385 3169 purus
3408 3097 3564 3152 Ordo
3595 3098 3866 3154 Gallica-

2200 3207 2324 3261 nus,
2347 3194 2404 3248 in
2435 3194 2685 3248 secrmdo
2716 3197 2772 3247 et
2800 3191 2968 3247 tertio
3001 3191 3266 3246 nonnihil
3289 3189 3612 3244 admistum
3647 3209 3719 3245 ex
3755 3193 3874 3247 Ro-

463 3267 588 3322 tina
613 3285 626 3322 ³
657 3267 831 3322 ambo
860 3267 944 3338 (ut
973 3266 1206 3338 (ιιιίάοω
1235 3265 1496 3337 conﬁdo)
1524 3283 1588 3319 ex
1610 3264 1957 3319 biblimheca
1975 3265 2098 3318 Flo‘
2123 3273 2176 3346 C
2207 3303 2400 3354 mano,
2432 3288 2513 3341 uti
2544 3287 2719 3341 fusius
2748 3303 3100 3357 exponemus
3128 3283 3290 3338 initio
3322 3283 3452 3338 libri
3493 3301 3577 3350 IlI,
3614 3285 3718 3339 ubi
3751 3286 3873 3340 tria

463 3359 728 3426 riacensi,
753 3360 912 3430 cujus
932 3377 1062 3430 pars
1084 3359 1417 3430 Bongarsio,
1439 3358 1648 3412 deinde
1673 3358 1929 3412 Palatino
1952 3357 2103 3428 prin-

464 3453 602 3523 cipi;
627 3471 759 3524 pars
777 3453 1008 3508 Petavio
1041 3453 1336 3524 quondam
1359 3455 1509 3506 sorte
1534 3451 1718 3518 cessit,
1744 3451 1823 3504 uti
1847 3451 1986 3504 alias
2007 3468 2100 3504 ex-

464 3563 766 3618 ponemus.
785 3547 904 3600 Duo
927 3547 1047 3600 htPC
1067 3546 1326 3613 Missalia,
1344 3561 1589 3616 quorum
1611 3543 1924 3614 specimina
1945 3543 2101 3597 idem

465 3639 771 3694 cardinalis
802 3639 1019 3693 ibidem
1049 3639 1320 3706 exhibuit,
1348 3639 1629 3709 Iosephus
1654 3636 1993 3692 Thomasius
2021 3637 2104 3690 in-

465 3736 649 3803 tegra,
663 3737 836 3805 prout
855 3732 912 3786 in
937 3733 1158 3804 scriptis
1183 3732 1484 3788 Codicibus
1502 3731 1809 3796 habentur,
1825 3729 2101 3784 Romanis

464 3826 611 3896 typis
637 3825 890 3897 vulgavit
919 3843 1072 3880 anno
1103 3829 1258 3890 1680,
1285 3841 1468 3895 caque
1491 3823 1564 3878 ad
1589 3827 1845 3877 veterem
1869 3823 2102 3878 Gallica-

468 3935 610 3972 num
638 3919 916 3972 Ordinem
945 3918 1235 3988 pertinere
1253 3915 1698 3971 demonstravit.

538 4056 666 4130 23
689 4051 770 4112 l3.
790 4058 1214 4127 Argumentum
1231 4055 1352 4125 ejus
1367 4072 1544 4108 unum
1561 4058 1662 4122 est,
1679 4055 1833 4125 quod
1846 4055 2097 4126 primum

471 4169 536 4206 ex
567 4151 676 4204 illis
711 4149 1022 4206 Missalibus
1057 4150 1352 4220 complura
1380 4148 1570 4203 Gallizn
1600 4151 1927 4202 sanctorum
1955 4150 2102 4203 festa

467 4243 782 4308 contineat,
796 4243 1059 4298 videlicet
1073 4242 1250 4296 sancti
1265 4241 1556 4297 Saturnini
1573 4241 1822 4312 episcopi
1837 4242 2100 4296 Tolosani

466 4341 524 4392 et
553 4336 842 4408 martyris,
874 4339 1205 4390 sanctorum
1244 4334 1491 4390 Ferreoli
1526 4335 1846 4405 Presbyteri
1885 4338 1942 4389 et
1966 4335 2097 4388 Fer-

464 4429 707 4485 rutionis
728 4429 953 4484 diaconi
981 4432 1302 4499 martyrum
1324 4429 1886 4495 Vesontionensium,
1919 4427 2098 4482 sancti

465 4522 874 4595 Symphoriani
903 4523 1170 4592 martyris
1190 4522 1742 4592 Augustodunensis,
1769 4525 2096 4575 sanctorum

462 4617 710 4671 Mauricii
726 4621 781 4670 et
800 4616 1085 4672 sociorum
1109 4619 1432 4685 martyrum
1449 4615 1902 4684 Agaunensium,
1919 4613 2096 4667 sancti

464 4707 802 4778 Leodegarii
830 4708 1080 4778 episcopi
1107 4707 1424 4774 Aiduensis,
1451 4711 1508 4760 et
1533 4707 1710 4762 sancti
1740 4706 1964 4762 Martini
1989 4707 2096 4762 Tu-

470 4801 752 4858 ronensis.
795 4801 1014 4856 Deinde
1065 4801 1219 4872 quod
1256 4801 1536 4856 triduana!
1578 4801 1928 4872 Rogationcs
1966 4803 2099 4854 ante

459 4895 870 4952 Ascensionem
890 4894 947 4948 in
971 4894 1177 4948 eodem
1201 4893 1402 4948 Missali
1430 4910 1496 4948 ex
1517 4894 1805 4949 Gallicano
1830 4893 1943 4947 ritu
1963 4908 2102 4963 prae-

460 4989 682 5060 scriptae
709 4989 841 5043 sint.
875 4987 1114 5042 Accedit
1151 4988 1306 5058 quod
1339 4987 1556 5042 ibidem
1595 4987 1976 5042 Collectiones
2001 5002 2096 5040 vo-

457 5085 660 5136 cantur
687 5081 976 5138 orationes
998 5081 1175 5135 Missae
1195 5097 1208 5134 :
1231 5097 1343 5151 quo
1376 5079 1612 5134 nomine
1643 5079 2008 5150 appellantur
2039 5079 2096 5133 in

463 5173 686 5229 concilii
715 5173 1059 5243 Agathensis
1081 5189 1302 5227 canone
1326 5175 1412 5240 30,
1448 5175 1505 5226 et
1527 5172 1681 5242 quod
1703 5171 1960 5242 Symboli
1984 5175 2098 5226 tra-

464 5267 604 5320 ditio
625 5267 726 5319 ﬁat
752 5266 808 5320 in
831 5267 1128 5321 Dominica
1149 5267 1511 5320 Palmarum:
1537 5265 1690 5336 quod
1710 5270 1835 5320 ante
1853 5270 1964 5320 octo
1985 5265 2100 5320 dies

459 5361 737 5415 dominicae
773 5363 1188 5416 Resurrectionis
1216 5361 1430 5430 publice
1473 5361 1529 5412 in
1564 5359 1780 5414 ecclesia
1809 5363 2100 5430 competen-

459 5455 600 5509 tibus
636 5453 786 5508 tradi
818 5453 1000 5508 sancit
1034 5453 1191 5508 idem
1231 5449 1535 5506 concilium
1577 5467 1799 5505 canone
1839 5454 1921 5506 13.
1955 5450 2098 5504 lllud

459 5550 654 5602 autem
678 5546 896 5602 Missale
919 5547 1222 5602 Gothicum
1250 5561 1428 5598 manu
1448 5542 1753 5598 recentiori
1774 5543 2099 5598 inscribitur

462 5641 520 5695 in
535 5640 739 5696 Codice
756 5640 1122 5711 perantiquo,
1138 5619 1448 5708 propterea
1466 5635 1620 5706 quod
1645 5635 1816 5689 fuerit
1836 5637 1908 5691 ad
1930 5654 2095 5692 usum

459 5735 773 5800 Gallorum,
794 5733 890 5803 qui
911 5731 1289 5786 versabantur
1308 5729 1364 5783 in
1395 5728 1574 5784 Gallia
1598 5727 1970 5798 Narbonensi,
1995 5733 2099 5786 Go-

463 5829 696 5882 thorum
729 5842 911 5895 regno
949 5823 1088 5878 olim
1130 5823 1404 5893 subjecta.
1447 5821 1610 5876 Unde
1649 5823 1860 5875 festum
1889 5827 2099 5878 sanctae

458 5919 689 5975 Eulaliae
724 5915 961 5987 virginis
989 5919 1048 5971 et
1087 5916 1355 5989 martyris
1401 5914 1735 5972 Lusitanicae
1775 5914 2005 5972 illustris
2039 5916 2097 5972 in

2203 3379 2320 3434 llth
2353 3379 2595 3434 Missaiia
2620 3380 2847 3449 integra
2874 3379 3212 3432 referemus.

2276 3504 2360 3554 17.
2386 3503 2447 3554 ln
2468 3500 2555 3554 his
2573 3499 2884 3554 Missalibus
2905 3497 3209 3553 Gallicanis
3231 3497 3483 3552 occurrit
3503 3481 3704 3566 prifno
3729 3499 3871 3555 loco

2199 3593 2485 3660 Praefatio,
2511 3610 2638 3663 quae
2660 3596 2744 3646 est
2764 3592 2953 3663 prima
2973 3590 3240 3662 Liturgiae
3261 3607 3416 3661 pars,
3441 3590 3623 3644 veluti
3642 3591 3873 3648 adhor—
3963 3579 3968 3586 I

2201 3687 2340 3742 tatio
2369 3687 2442 3741 ad
2473 3687 2779 3758 populum;
2809 3684 3237 3755 respondetque
3266 3683 3519 3738 orationi
3550 3683 3661 3750 illi,
3693 3687 3872 3757 cujus

2202 3779 2472 3834 meminit
2494 3780 2696 3833 Beatus
2716 3778 2892 3833 abbas
2914 3778 3194 3848 Hispanus
3216 3793 3398 3847 agens
3422 3776 3493 3830 de
3525 3777 3716 3832 missa
3745 3779 3866 3834 Mo-

2202 3874 2476 3928 zarabum
2504 3872 2592 3925 his
2620 3871 2806 3925 verbis
2831 3871 3089 3941 superius
3113 3869 3310 3924 relatis
3336 3887 3349 3924 :
3381 3891 3410 3918 α
3441 3869 3645 3925 Prima
3669 3874 3869 3928 oratio

2202 3965 2459 4036 ejusdem
2483 3965 2658 4018 Missas
2681 3963 3154 4018 commonitionis
3178 3979 3316 4032 erga
3343 3961 3632 4033 populum
3664 3969 3782 4033 est,
3809 3970 3872 4020 ut

2202 4075 2406 4113 omnes
2428 4057 2746 4112 excitentur
2766 4057 2839 4111 ad
2861 4056 3218 4111 exorandum
3241 4057 3447 4110 Deum.
3475 4077 3504 4104 »
3535 4057 3777 4114 Deinde
3809 4059 3870 4114 in

2200 4153 2309 4206 illis
2335 4151 2646 4206 Missalibus
2683 4151 2941 4221 sequitur
2966 4150 3259 4216 Collectio,
3290 4167 3404 4220 quo
3443 4150 3701 4204 nomine
3732 4169 3868 4208 ora-

2199 4245 2386 4300 tiones
2410 4245 2586 4299 Missaa
2623 4244 2988 4314 appellantur
3021 4243 3079 4297 in
3109 4241 3332 4296 concilii
3363 4243 3732 4312 Agathensis
3771 4263 3868 4300 ca-

2201 4355 2352 4393 none
2375 4341 2460 4392 30.
2494 4337 2682 4392 Tertio
2706 4337 2830 4391 loco
2852 4335 3104 4390 succedit
3127 4335 3400 4390 Collectio
3422 4336 3563 4389 Post
3585 4339 3867 4405 nomina,

2199 4431 2412 4485 scilicet
2435 4429 2826 4494 offerentium,
2866 4432 2923 4483 et
2953 4433 3305 4483 sanctorum.
3339 4428 3560 4492 Quarto
3605 4433 3872 4488 Collectio

2197 4525 2288 4580 Ad
2308 4539 2512 4594 pacem.
2545 4523 2682 4586 Quae
2710 4522 2835 4576 dure
2861 4522 3154 4576 orationes
3173 4521 3376 4576 itidem
3399 4520 3460 4574 in
3486 4521 3868 4580 Mozarabico

2202 4619 2352 4670 hunc
2374 4618 2562 4671 locum
2586 4617 2885 4686 occupant.
2913 4615 3146 4680 Quinto,
3171 4613 3554 4682 Contestatio,
3581 4617 3737 4672 alias
3759 4621 3871 4673 lm-

2201 4709 2440 4765 molatio
2469 4709 2674 4776 missae,
2705 4711 2782 4774 et,
2807 4711 2868 4761 ut
2894 4707 3047 4778 apud
3068 4708 3414 4772 Mozarabes,
3445 4708 3664 4777 lllatio,
3694 4712 3870 4767 nobis

2203 4803 2378 4858 modo
2399 4802 2682 4867 Praefatio,
2697 4801 2756 4855 in
2776 4817 2888 4871 qua
2909 4801 3109 4854 ﬁdeles
3127 4816 3340 4856 sursum
3359 4801 3527 4856 corda
3549 4819 3613 4855 se
3638 4803 3870 4859 habere

2201 4899 2614 4951 contestantur.
2643 4893 2777 4967 25
2803 4896 3008 4948 Postea
3029 4897 3350 4964 sequuntur
3385 4894 3512 4948 alia:
3544 4895 3868 4953 Collectio-

2209 5006 2310 5043 nes
2335 4991 2469 5043 Post
2493 4989 2754 5052 Sanctus,
2783 4989 2916 5041 Post
2942 4986 3306 5057 mysterium,
3338 4987 3397 5041 id
3428 4991 3516 5041 est
3543 5005 3865 5046 consacra-

2198 5083 2441 5147 tionem,
2469 5083 2616 5133 Ante
2653 5083 2710 5132 et
2744 5081 2877 5133 Post
2916 5078 3280 5138 Dominicam
3325 5079 3688 5150 orationem,
3730 5085 3870 5140 Post

2199 5173 2613 5240 Eucharistiam
2641 5189 2740 5226 seu
2761 5172 3266 5239 communionem,
3289 5176 3347 5226 et
3375 5173 3501 5228 aliae
3530 5174 3870 5232 similes.ln

2200 5267 2308 5321 illis
2343 5269 2538 5320 autem
2574 5264 2885 5319 Missalibus
2914 5265 3124 5318 desunt
3149 5265 3428 5320 lectiones
3457 5269 3583 5321 tum
3617 5285 3693 5324 ex
3729 5289 3868 5342 pro-

2200 5357 2386 5430 phetis
2413 5362 2472 5411 et
2508 5375 2574 5411 ex
2600 5359 2892 5429 Apostolo,
2926 5361 3050 5412 tum
3078 5375 3144 5412 ex
3171 5359 3514 5430 Evangelio;
3548 5378 3666 5416 nec
3703 5365 3864 5434 quis-

2202 5467 2376 5522 quam
2405 5468 2502 5505 eas
2525 5451 2768 5505 antehac
2789 5451 3040 5522 reperire
3069 5451 3272 5522 potuit.
3300 5452 3411 5506 Has
3431 5469 3572 5508 vero
3595 5455 3734 5524 jam
3765 5459 3867 5512 de-

2201 5561 2367 5598 mum
2398 5543 2548 5598 felici
2583 5561 2716 5598 casu
2743 5561 2928 5614 nuper
2963 5544 3292 5598 invenimus
3319 5545 3380 5600 in
3405 5547 3738 5605 veterrimo
3771 5569 3866 5606 co-

2201 5637 2322 5692 dice
2370 5637 2704 5692 monasterii
2741 5637 3122 5704 Luxoviensis,
3164 5637 3368 5692 litteris
3407 5639 3871 5714 Francogallicis

2201 5734 2335 5784 ante
2370 5747 2554 5786 annos
2583 5729 2740 5784 mille
2769 5734 3022 5796 exarato,
3050 5731 3120 5785 de
3151 5748 3265 5802 quo
3292 5735 3499 5802 postea
3533 5733 3866 5792 dicendum

2199 5823 2448 5878 uberius.
2498 5824 2782 5878 Hactenus
2823 5823 3128 5879 Missalium
3177 5824 3615 5882 Gallicanorum
3665 5837 3870 5902 partes

2201 5934 2324 5990 quae
2347 5916 2586 5973 omnino
2613 5933 2744 5972 cum
2782 5917 3144 5974 Mozarabicis
3179 5917 3558 5976 conveniunt.
