3968 6444
175 389 260 450 ηδ
1146 399 1160 406 ’
1212 406 1299 470 DE
1338 411 1648 470 munem
1682 413 2049 470 GALLIQANA
2087 411 2284 471 LIBER
2319 413 2582 471 PRIMUS.
3448 411 3546 472 ηδ
3623 444 3637 458 .

844 517 1068 574 CAPUT
1105 519 1190 576 Ιν.
1857 520 2130 626 Atenda.
2179 520 2344 586 Quod
2388 537 2501 593 qua
2539 520 2854 588 occasione,
2900 533 3082 592 quove
3121 521 3381 593 tempore
3423 517 3547 578 ﬁeri

198 607 459 669 Gallicana
519 613 812 687 Liturgia:
854 635 975 675 cum
1013 621 1142 676 aliis
1177 623 1418 685 Latinis,
1455 623 1688 677 maxime
1721 637 1838 677 cum
1857 607 1916 626 ⁸³
1935 617 2180 684 emptum
2211 615 2301 682 sit,
2329 632 2395 669 ex
2420 614 2595 669 veteri
2625 613 2860 670 historia
2892 613 3352 686 Compostellana
3381 613 3548 670 docet

259 693 593 751 Mozarabica
629 702 1003 768 comparatio.
1037 702 1127 756 An
1159 702 1504 758 Mozarabica
1539 703 1834 772 antiquior.
1931 707 2527 774 AmbrosiusMorales,
2543 711 2601 762 et
2620 725 2687 761 ex
2707 723 2775 761 eo
2798 707 3068 761 Baronius
3089 707 3162 762 ad
3182 723 3400 762 annum
3419 709 3542 762 9l8.

258 775 480 842 Ουίηαηῑ
509 775 827 832 Gallam“?
854 783 1116 834 αασίοτεε·
1932 800 2148 870 Nempe
2183 821 2210 849 «
2246 801 2626 856 Sisenandum
2667 801 3065 870 Compostellz‘e
3100 800 3430 871 episcopum
3470 799 3545 854 ad

263 887 516 943 LEtsiin
533 888 840 962 Gallicana
868 891 983 946 ritu
1004 892 1222 946 eaedem
1250 891 1487 947 omnino
1518 895 1708 962 partes
1725 890 1838 945 sint
1931 893 2211 947 Joannem
2241 909 2451 964 papam
2482 910 2536 961 x,
2569 891 2666 963 qui
2695 893 2866 963 paulo
2907 895 3039 946 ante
3072 893 3345 962 Legatum
3375 909 3542 948 suum

199 985 356 1052 atque
397 981 459 1035 in
503 983 891 1050 Mozarabico,
925 984 1036 1038 alia
1073 987 1269 1039 tamen
1311 988 1395 1038 est
1435 984 1494 1038 in
1547 984 1833 1038 Gallicano
1933 984 2376 1055 Compostellam
2399 986 2472 1040 ad
2497 985 2890 1040 venerandum
2915 985 3092 1039 sancti
3121 985 3310 1038 Jacobi
3339 999 3544 1056 corpus

195 1073 614 1128 Collectionum
647 1075 1018 1146 compositio,
1049 1075 1188 1130 item
1219 1077 1344 1131 alia:
1374 1077 1584 1148 passim
1616 1076 1830 1131 Lectio-
1933 1076 2232 1144 direxerat,
2257 1077 2474 1131 misisse
2493 1080 2776 1132 Joannem
2796 1077 3221 1147 Presbyterum,
3243 1081 3306 1132 ut
3333 1080 3540 1132 Roma-

188 1181 284 1219 nes
303 1182 374 1219 ex
399 1166 592 1219 Veteri
615 1183 684 1220 ac
705 1169 866 1222 Novo
887 1169 1273 1235 Testamento,
1297 1171 1470 1240 atque
1494 1169 1668 1223 etiam
1690 1169 1832 1224 alius
1933 1186 2036 1222 nos
2060 1169 2200 1222 ritus
2233 1171 2570 1240 exploraret,
2597 1173 2654 1224 et
2681 1187 2814 1224 cum
2844 1169 3202 1227 Mozarabicis
3233 1171 3535 1226 conferret.

187 1273 356 1323 sacrae
383 1258 634 1312 actionis
669 1260 898 1327 Canon,
929 1260 1025 1331 qui
1055 1261 1113 1314 in
1145 1261 1432 1332 plerisque
1464 1261 1650 1314 missis
1683 1265 1834 1316 utro-
1930 1263 1998 1316 Et
2013 1263 2294 1316 Joannem
2319 1263 2554 1332 quidem
2576 1261 2922 1329 observasse,
2948 1262 3208 1334 quamvis
3228 1264 3412 1316 multa
3431 1263 3543 1316 ritu

182 1349 355 1421 hique
399 1351 662 1406 diversus
705 1356 815 1406 est.
850 1354 1063 1408 Verum
1089 1354 1260 1424 longe
1293 1353 1481 1424 majus
1511 1357 1635 1408 erat
1661 1353 1830 1408 Galli-
1931 1353 2172 1421 diverso,
2210 1353 2269 1408 in
2299 1356 2455 1409 nullo
2497 1359 2693 1409 tamen
2740 1371 2808 1409 ea
2844 1355 3165 1426 discrepare
3201 1371 3236 1409 a
3269 1355 3545 1410 catholica

181 1443 310 1498 cani
337 1443 574 1498 Ordinis
605 1443 923 1499 discrimen
956 1462 990 1499 a
1015 1445 1252 1500 caeteris.
1929 1445 2185 1500 veritate.
2215 1447 2400 1511 Quam
2433 1447 2504 1502 ob
2531 1464 2657 1502 rem
2689 1447 3006 1504 Sisenando
3034 1447 3093 1502 in
3119 1447 3337 1518 synodo
3363 1447 3544 1502 visum

246 1539 302 1590 2.
339 1536 540 1592 Primo
573 1536 634 1590 in
662 1537 961 1592 Gallicano
988 1538 1286 1592 Lectiones
1312 1537 1522 1609 passim
1545 1539 1671 1592 duae
1697 1541 1829 1592 ante
1930 1555 2072 1604 esse,
2091 1539 2314 1593 omissis
2341 1540 2576 1610 reliquis
2604 1544 2883 1611 tanquam
2910 1539 3132 1595 levioris
3159 1539 3460 1606 momenti,
3483 1543 3547 1593 ut

167 1629 590 1700 Evangelium,
605 1629 802 1700 utjam
815 1630 1079 1698 diximus,
1098 1631 1505 1698 recitabantur,
1522 1647 1635 1684 una
1651 1647 1717 1684 ex
1733 1632 1832 1684 Ve-
1930 1631 2236 1686 sacratiora
2255 1632 2350 1686 illa
2367 1633 2729 1702 potissimum
2751 1633 2941 1700 verba,
2958 1633 3163 1704 quibus
3183 1633 3544 1686 incruentum

166 1721 283 1776 teri
313 1723 720 1790 Testamento,
745 1723 931 1777 altera
950 1740 1017 1777 ex
1045 1724 1219 1778 Novo.
1239 1723 1311 1778 At
1337 1723 1398 1777 in
1429 1723 1688 1778 Romano
1717 1739 1831 1777 una
1924 1723 2265 1778 sacriﬁcium
2305 1725 2622 1794 perficitur,
2663 1726 2924 1780 Romano
2965 1725 3078 1780 ritu
3113 1726 3542 1796 proferrentur,

164 1818 415 1869 tantum
447 1816 644 1870 Lectio
671 1831 739 1869 ex
777 1815 1045 1886 Epistolis
1074 1815 1252 1882 Pauli,
1286 1819 1348 1869 ut
1378 1819 1537 1886 patet
1567 1833 1682 1870 non
1710 1819 1829 1869 tam
1930 1832 2057 1885 quae
2073 1815 2352 1886 aliquibus
2377 1816 2584 1872 additis
2605 1818 2692 1871 vel
2717 1817 2953 1872 mutatis
2973 1817 3052 1871 ita
3077 1817 3135 1870 in
3167 1817 3316 1872 dicto
3343 1816 3543 1873 Missali

166 1925 234 1963 ex
261 1909 426 1962 falsa
451 1908 686 1962 Damasi
714 1909 960 1979 epistola
979 1908 1230 1962 secunda
1251 1908 1522 1962 decretali
1543 1909 1616 1962 ad
1642 1908 1832 1962 Hiero-
1849 1905 1905 1976 B
1931 1909 2136 1979 scripta
2165 1911 2356 1962 essent
2381 1927 2394 1963 :
2425 1913 2534 1965 Hoc
2559 1914 2634 1964 est
2661 1925 2848 1980 corpus
2876 1926 3066 1973 meum,
3110 1911 3252 1980 quod
3271 1925 3374 1980 pro
3399 1910 3545 1964 vobis

169 2017 455 2072 nymum,
504 2017 686 2071 quam
739 2017 808 2054 ex
845 1999 993 2055 libro
1041 1999 1296 2068 Comitis,
1340 2004 1398 2054 et
1439 2017 1506 2054 ex
1539 1999 1832 2054 Walafridi
1931 2002 2197 2056 tradetur.
2226 2003 2294 2055 Et
2322 2004 2458 2057 :Hz'c
2473 2003 2710 2056 estcalia:
2725 2005 2851 2057 novi
2879 2005 3546 2072 Testamentiinsanguine

167 2093 370 2150 Strabi
403 2109 537 2164 cap.
570 2097 659 2160 22,
690 2095 1083 2164 praeterquam
1108 2093 1167 2147 in
1184 2092 1368 2149 Natali
1389 2091 1616 2147 Domini
1637 2095 1694 2146 et
1715 2092 1834 2164 qui-
1928 2109 2060 2157 meo,
2077 2097 2172 2163 qui
2191 2109 2292 2164 pro
2313 2095 2458 2149 vobis
2484 2099 2535 2148 et
2556 2110 2659 2164 pro
2685 2097 2868 2150 multis
2885 2095 3185 2164 e/fundetur
3211 2097 3270 2148 in
3289 2097 3546 2149 remissio-

169 2185 434 2240 busdam
465 2185 596 2240 aliis
628 2185 852 2252 diebus,
891 2185 963 2239 de
1005 2185 1210 2256 quibus
1243 2185 1580 2255 Micrologus
1619 2183 1744 2256 26
1772 2185 1830 2238 in
1927 2201 2046 2240 nem
2068 2191 2422 2256 peccatorum.
2454 2208 2481 2234 »
2510 2188 2593 2241 Ita
2624 2203 2762 2258 ergo
2792 2185 3122 2242 Mozarabici
3149 2186 3292 2240 ritus
3324 2189 3546 2240 mutata

153 2279 368 2354 capite
397 2281 489 2332 5'2.
515 2278 738 2332 Deinde
763 2277 822 2332 in
837 2279 1103 2332 Romano
1127 2295 1226 2331 seu
1247 2277 1548 2332 Gelasiano
1569 2277 1693 2331 alia:
1714 2293 1832 2330 om-
1932 2282 2016 2332 est
2034 2279 2304 2346 formula,
2329 2279 2546 2333 caeteris
2566 2279 2906 2346 immutatis,
2925 2296 3052 2350 quae
3074 2296 3106 2333 a
3123 2280 3384 2334 Romano
3405 2278 3548 2332 mul-

173 2371 317 2426 nino
347 2374 526 2425 erant
546 2374 762 2440 partes,
784 2370 942 2441 quod
968 2387 1036 2424 ex
1066 2369 1342 2440 superiori
1366 2369 1658 2440 utriusque
1681 2385 1832 2424 com—
1931 2375 2054 2425 tum
2083 2371 2424 2442 discrepant.
2459 2371 2546 2427 Sic
2569 2372 2743 2426 etiam
2767 2375 2928 2426 vetus
2952 2371 3346 2425 Ambrosianse
3372 2371 3548 2424 Litur-

173 2464 492 2535 paratione
527 2463 910 2517 manifestum
942 2465 1046 2516 est.
1071 2462 1446 2517 Collectiones
1468 2461 1675 2532 quippe
1702 2464 1832 2516 Post
1931 2463 2038 2534 gina
2075 2464 2325 2518 formula
2363 2464 2805 2518 consecrationis
2836 2465 2908 2518 ad
2939 2465 3264 2519 Romanam
3291 2463 3543 2530 accessit,

175 2557 603 2622 nomina,Post
621 2571 846 2626 pacem,
865 2556 1015 2608 Ante
1029 2556 1230 2609 etPost
1249 2553 1606 2624 mysterium,
1625 2554 1832 2608 desunt
1930 2572 2059 2609 cum
2101 2555 2158 2610 in
2187 2557 2613 2610 consecratione
2639 2556 2931 2626 sanguinis
2970 2557 3091 2611 haec
3119 2559 3342 2610 tantum
3373 2555 3548 2611 verba.

176 2650 228 2703 in
253 2648 601 2716 Gelasiano,
624 2647 684 2702 in
707 2664 822 2718 quo
845 2663 1076 2718 semper
1101 2647 1254 2701 idem
1275 2663 1446 2702 sacrae
1467 2646 1704 2700 actionis
1724 2647 1827 2702 Ca-
1930 2647 2067 2702 olim
2101 2648 2392 2702 exhiberet
2421 2665 2434 2702 :
2463 2651 2562 2704 Hic
2587 2653 2664 2704 est
2689 2651 2827 2704 enim
2848 2651 3070 2718 sanguis
3094 2663 3260 2704 meus.

177 2759 320 2808 non,
349 2745 565 2796 contra
596 2757 776 2812 quam
803 2740 863 2794 in
889 2739 1200 2794 Gallicano.
1226 2739 1400 2795 Unica
1427 2739 1602 2794 etiam
1629 2742 1753 2793 erat
1772 2738 1829 2792 in
1997 2742 2050 2795 4.
2082 2743 2168 2795 An
2196 2741 2515 2796 Gallicanus
2545 2741 2684 2796 ordo
2724 2741 3136 2796 Mozarabicum
3172 2741 3543 2811 praecesserit,

178 2835 460 2890 Africano
487 2833 686 2892 Lectio
715 2837 850 2887 ante
873 2831 1247 2902 Evangelium
1279 2849 1346 2886 ex
1371 2831 1552 2886 dictis.
1585 2832 1829 2886 Ambro-
1931 2833 2096 2904 eique
2131 2834 2381 2888 formam
2403 2836 2460 2886 et
2481 2835 2807 2904 exemplum
2828 2833 3155 2904 praebuerit,
3181 2833 3289 2886 hoc
3316 2834 3438 2888 loco
3467 2833 3548 2886 in-

181 2929 380 2982 sianus
411 2943 593 2998 porro
619 2926 784 2993 ritus,
805 2924 914 2979 etsi
944 2925 1086 2980 duas
1112 2941 1242 2978 cum
1265 2924 1554 2979 Gallicano
1576 2927 1635 2978 et
1652 2925 1826 2980 Moza-
1931 2925 2156 2996 quirere
2189 2926 2368 2997 juvat.
2399 2926 2752 2981 Gallicanum
2790 2943 2912 2980 esse
2952 2925 3336 2996 antiquiorem
3366 2926 3547 2980 multa

181 3022 379 3076 rabico
413 3017 716 3086 admittat,
745 3019 806 3072 in
835 3018 946 3071 hoc
975 3021 1174 3071 tamen
1197 3033 1230 3072 a
1249 3015 1596 3072 Mozarabico
1619 3017 1827 3083 differt,
1930 3019 2293 3089 persuadent.
2325 3021 2386 3074 ln
2414 3019 2612 3088 primis
2632 3019 2951 3088 Prophetize
2975 3018 3142 3072 lectio
3173 3018 3545 3088 apostolicam

181 3119 356 3185 atque
385 3114 476 3182 (ut
505 3111 748 3182 quidem
781 3109 903 3164 veri
932 3109 1290 3164 simillimum
1323 3109 1426 3179 est)
1459 3125 1493 3162 a
1517 3108 1826 3175 Gallicano,
1930 3111 2289 3182 praecedebat
2307 3111 2460 3180 apud
2481 3112 2668 3166 Gallos
2689 3115 2948 3181 tempore
2967 3111 3145 3165 sancti
3167 3110 3543 3165 CaesariiAre-

183 3206 340 3284 quod
371 3205 630 3260 Alleluia
654 3206 902 3257 canatur
929 3201 988 3256 in
1017 3201 1400 3256 Ambrosiano
1427 3203 1560 3255 ante
1580 3202 1832 3271 Evange-
1855 3259 1904 3284 η
1932 3203 2163 3258 latensis
2193 3203 2461 3274 episcopi,
2493 3202 2622 3276 28
2653 3203 2749 3274 qui
2788 3203 2846 3257 in
2872 3219 3140 3258 sermone
3171 3203 3246 3256 ad
3269 3204 3543 3274 populum

182 3269 345 3366 lium,
361 3315 534 3353 secus
548 3297 610 3351 in
625 3295 1081 3362 Mozarabico,ut
1097 3293 1349 3366 praecipit
1365 3310 1550 3349 canon
1569 3297 1634 3348 12
1651 3295 1834 3348 conci-
1853 3259 1906 3332 Ο
1932 3295 2147 3362 habito,
2177 3298 2243 3348 ut
2282 3295 2353 3348 ab
2379 3295 2633 3362 ecclesia,
2663 3295 2846 3350 donec
2876 3312 3035 3350 sacra
3067 3299 3297 3366 peracta
3335 3298 3543 3361 essent,

183 3392 232 3446 lii
253 3409 312 3446 iv
328 3389 905 3458 Toletani.Denique
924 3387 982 3467 in
997 3387 1763 3457 Mozarabicolegunturacta
1775 3390 1834 3440 et
1934 3405 2049 3442 non
2076 3387 2480 3454 recederet,ita
2499 3389 2779 3458 loquitur:
2797 3409 2824 3438 ‹‹
2853 3389 2910 3442 Si
2928 3386 3548 3458 diligenterattenderi-

181 3479 1830 3550 Vitasanctorum,noninGelasiano,autinAmbrosiano.
1932 3481 2023 3546 tis,
2053 3479 2406 3550 cognoscetis
2431 3480 2562 3550 quia
2593 3497 2707 3535 non
2739 3484 2874 3535 tunc
2899 3481 3043 3534 ﬁunt
3069 3480 3277 3548 missae,
3312 3479 3544 3550 quando

244 3581 302 3632 3.
347 3580 658 3632 Romanus
704 3575 910 3629 Canon
953 3575 1086 3626 ante
1123 3571 1460 3642 Gregorium
1497 3571 1650 3626 idem
1687 3575 1828 3637 erat,
1933 3572 2136 3628 divinae
2162 3572 2456 3626 Lectiones
2487 3573 2543 3626 in
2576 3573 2809 3627 ecclesia
2835 3573 3166 3638 recitantur,
3187 3573 3287 3628 sed
3315 3572 3544 3642 quando

179 3670 444 3741 pauculis
464 3669 660 3722 verbis
686 3665 959 3736 exceptis,
979 3667 1149 3734 atque
1171 3665 1345 3719 modo
1367 3664 1829 3734 usitatuszquem
1934 3681 2176 3719 munera
2217 3663 2552 3731 offeruntur,
2587 3669 2644 3718 et
2681 3681 2883 3735 corpus
2921 3665 3009 3718 vel
3047 3665 3278 3734 sanguis
3315 3663 3544 3718 Domini

175 3764 420 3835 Vigilius
440 3778 600 3834 papa
613 3777 682 3813 ex
702 3757 1022 3830 apostolica
1037 3757 1345 3811 traditione
1359 3757 1827 3826 acceptum,Gre-
1933 3760 2313 3812 consecratur.
2347 3759 2488 3812 Nam
2524 3757 2838 3822 Lectiones,
2876 3755 2988 3810 sive
3021 3756 3398 3827 propheticas,
3432 3755 3545 3808 sive

174 3858 378 3926 gorius
413 3855 662 3924 Magnus
698 3868 735 3906 ει
779 3849 1038 3921 quodam
1067 3849 1414 3904 Scholastico
1449 3848 1830 3920 compositum
1933 3849 2286 3920 apostolicas,
2305 3849 2418 3904 sive
2445 3849 2828 3920 Evangelicas,
2854 3847 3028 3903 etiam
3051 3849 3108 3902 in
3137 3847 3401 3902 domibus
3427 3863 3545 3902 ves-

173 3949 335 4016 dicit,
363 3951 614 4004 Precem
637 3944 945 4015 appellans
964 3941 1024 3994 in
1045 3941 1285 4012 epistola
1307 3941 1380 3996 ad
1408 3943 1689 3996 Joannem
1713 3941 1828 4011 epi-
1933 3942 2032 3996 tris
2059 3945 2154 3997 aut
2177 3941 2282 4012 ipsi
2306 3944 2519 4014 legere,
2553 3945 2651 3996 aut
2677 3941 2817 3996 alios
2841 3942 3098 4012 legentes
3123 3941 3320 3996 audire
3355 3943 3544 4012 potes-

169 4058 424 4114 scopum
457 4040 918 4110 Syracusanum,
943 4050 1070 4104 quae
1097 4037 1181 4088 est
1210 4035 1278 4088 64
1305 4033 1433 4088 libri
1463 4050 1538 4088 vn
1560 4033 1755 4088 indict.
1777 4037 1830 4088 2.
1931 4034 2524 4104 tis;consecrationem
2539 4051 2671 4089 vero
2684 4034 2935 4105 corporis
2947 4034 3307 4104 etsanguinis
3319 4031 3546 4088 Domini

167 4135 298 4198 Quo
323 4133 578 4189 nomine
601 4129 785 4184 etiam
809 4126 990 4181 utitur
1007 4125 1321 4196 Cyprianus
1350 4125 1409 4180 in
1430 4125 1574 4180 libro
1595 4126 1666 4180 de
1696 4126 1830 4181 Uni-
1934 4144 2049 4182 non
2075 4127 2226 4194 alibi,
2255 4127 2363 4182 nisi
2393 4127 2450 4182 in
2479 4127 2652 4182 domo
2683 4126 2804 4193 Dei,
2833 4126 3029 4180 audire
3059 4127 3146 4181 vel
3172 4127 3362 4181 videre
3384 4129 3545 4196 pote-

164 4231 288 4281 tate
327 4224 627 4291 Ecclesiae,
662 4221 762 4276 ubi
790 4219 1183 4274 schismaticos
1213 4222 1270 4272 et
1299 4217 1594 4274 haereticos
1623 4219 1830 4290 arguit,
1931 4219 2070 4274 ritis.
2098 4241 2126 4269 »
2160 4223 2356 4292 Itaque
2379 4220 2614 4274 missam
2638 4219 3040 4289 praecedebant
3062 4223 3243 4272 ternae
3265 4217 3548 4290 ejusmodi

165 4321 336 4390 quod
365 4341 395 4369 «
418 4313 782 4385 contemptis
805 4310 1103 4383 episcopis,
1129 4314 1187 4364 et
1206 4310 1303 4366 Dei
1325 4311 1712 4366 sacerdotibus
1733 4311 1830 4381 de-
1931 4312 2242 4368 Lectiones.
2289 4313 2451 4377 Quod
2491 4313 2551 4366 in
2599 4311 3004 4367 Mediolanensi
3041 4312 3274 4366 ecclesia
3325 4311 3546 4364 vivente
3655 4313 3668 4326 '

163 4411 418 4476 relictis,
450 4408 812 4464 constituere
840 4403 1060 4458 audent
1086 4402 1239 4456 aliud
1262 4405 1460 4469 altare,
1488 4405 1722 4458 Precem
1751 4405 1830 4458 al-
1931 4405 2230 4460 Ambrosio
2265 4423 2366 4459 usu
2407 4405 2624 4459 venisse
2650 4407 2850 4458 auctor
2891 4407 2977 4458 est
3001 4404 3278 4475 Sulpicius
3305 4404 3548 4458 Severus

165 4509 372 4560 teram
407 4501 623 4558 illicitis
665 4498 904 4553 vocibus
947 4497 1156 4560 facere,
1195 4499 1253 4549 et
1295 4494 1594 4550 dominicae
1635 4496 1833 4551 hostiae
1930 4497 1989 4552 in
2016 4498 2110 4552 lib.
2141 4515 2200 4552 ιιι
2229 4498 2298 4552 de
2327 4497 2438 4551 vita
2470 4495 2648 4551 sancti
2672 4495 2912 4550 Martini.

165 4599 496 4652 veritatem
519 4610 629 4666 per
651 4592 800 4648 falsa
823 4587 1099 4644 sacriﬁcia
1118 4588 1486 4658 profanare.»
1503 4587 1832 4644 Orationem
1851 4615 1910 4687 D
2005 4595 2054 4646 5.
2089 4590 2382 4644 Lectiones
2421 4590 2564 4654 illas,
2597 4590 2666 4643 de
2707 4587 2912 4658 quibus
2943 4589 3062 4660 agit
3087 4587 3380 4654 Ctesarius,
3412 4603 3545 4642 vero

168 4689 472 4763 appellari
512 4686 739 4743 mavult
774 4677 1128 4752 Augustinus
1164 4681 1222 4735 in
1257 4680 1494 4752 epistola
1539 4681 1636 4735 149
1676 4677 1902 4737 novas"
1934 4683 2256 4756 proximum
2282 4686 2367 4736 est
2387 4698 2482 4736 eas
2506 4683 2656 4753 ipsas
2677 4701 2819 4750 esse,
2851 4699 2993 4754 quas
3013 4683 3070 4736 in
3097 4681 3361 4736 ordinem
3390 4681 3549 4736 rede-

167 4785 258 4839 edi
271 4783 460 4839 tionis
477 4795 650 4835 num.
673 4781 738 4833 l6
760 4795 772 4832 :
795 4799 825 4828 «
844 4775 1066 4843 Omnis,
1084 4777 1186 4830 aut
1202 4789 1350 4846 pene
1367 4773 1556 4828 omnis
1571 4775 1835 4845 frequen-
1934 4779 2095 4846 gerat
2133 4775 2337 4829 sacculo
2371 4791 2405 4826 v
2443 4775 2678 4830 Musaeus
2713 4777 3009 4848 presbyter
3026 4773 3400 4840 Massiliensis,
3428 4773 3545 4844 qui,

168 4880 251 4931 tat
277 4875 574 4941 Ecclesia,
610 4874 674 4926 ut
697 4869 1067 4926 Precationes
1091 4866 1436 4938 accipiamus
1465 4866 1662 4933 dictas,
1694 4884 1835 4938 quas
1935 4872 2076 4922 teste
2098 4867 2392 4922 Gennadio
2421 4867 2479 4921 in
2508 4885 2630 4939 cap.
2659 4873 2726 4923 79
2753 4869 2824 4922 de
2850 4867 2992 4922 Viris
3017 4867 3342 4933 illustribus,
3369 4887 3396 4915 «
3421 4866 3550 4919 hor-

171 4969 430 5026 facimus
460 4967 523 5020 in
552 4962 950 5020 celebratione
980 4962 1496 5026 sacramentorum,
1519 4962 1830 5030 antequam
1933 4965 2054 5015 tatu
2081 4959 2258 5014 sancti
2300 4960 2524 5014 Venerii
2561 4961 2809 5032 episcOpi
2850 4961 2934 5014 sui
2965 4958 3241 5030 excerpsit
3274 4975 3340 5012 ex
3377 4959 3548 5014 sacris

175 5061 340 5128 illud,
366 5059 533 5134 quod
562 5061 653 5112 est
678 5056 740 5111 in
770 5053 1004 5110 Domini
1026 5069 1246 5120 mensa,
1271 5051 1504 5123 incipiat
1525 5051 1786 5107 benedici
1815 5067 1828 5106 :
1933 5052 2232 5124 Scripturis
2255 5052 2548 5106 Lectiones
2564 5053 2738 5107 totius
2757 5052 2892 5107 anni
2907 5051 3114 5106 festivis
3135 5053 3296 5121 aptas
3316 5050 3545 5119 diebus;

179 5153 655 5220 0rationes,cum
670 5147 1042 5204 benedicitur
1052 5149 1150 5201 aut
1161 5145 1626 5212 sanctificatur,et
1638 5144 1710 5198 ad
1727 5143 1833 5198 dis-
1933 5144 2296 5216 responsoria
2309 5144 2481 5198 etiam
2506 5147 2884 5215 psalmorum,
2901 5148 2958 5198 et
2977 5143 3223 5215 capitula
3235 5145 3480 5215 tempori
3493 5148 3551 5199 et

185 5248 561 5303 tribuendum
593 5239 1040 5303 comminuitur.
1067 5238 1250 5303 Quam
1283 5241 1462 5293 totam
1492 5237 1830 5309 petitionem
1932 5237 2289 5292 Lectionibus
2315 5237 2756 5307 congruentia...
2779 5237 2888 5292 Sed
2917 5241 2974 5291 et
3004 5237 3076 5292 ad
3101 5253 3411 5308 personam
3426 5255 3550 5292 san-

187 5340 300 5398 fere
327 5341 524 5398 omnis
551 5335 816 5394 Ecclesia
843 5331 1147 5389 Dominica
1177 5332 1434 5386 oratione
1465 5330 1768 5385 concludit.
1799 5351 1827 5378 η
1933 5331 2006 5386 cti
2044 5327 2282 5384 Eustasii
2325 5329 2592 5400 episcopi,
2627 5330 2963 5384 successoris
3005 5329 3261 5400 praedicti
3299 5329 3550 5384 hominis

187 5436 600 5493 Ambrosianus
615 5436 828 5492 Canon
845 5426 908 5481 in
927 5424 1124 5496 paucis
1135 5423 1326 5479 differt
1341 5423 1463 5496 27
1486 5441 1520 5478 a
1541 5425 1828 5478 Romano:
1931 5423 2052 5488 Dei,
2069 5421 2390 5493 composuit
2401 5425 2893 5478 sacramentorum
2911 5423 3210 5493 egregium
3225 5426 3282 5476 et
3298 5439 3413 5478 non
3427 5439 3550 5494 par-

191 5532 244 5582 at
267 5531 624 5588 solemnibus
647 5523 871 5598 quibus
895 5517 1060 5590 panis
1085 5519 1450 5572 consecratur
1467 5516 1652 5570 verbis
1677 5533 1828 5586 quaa-
1931 5533 2064 5570 vum
2091 5517 2381 5580 volumen,
2396 5531 2501 5586 per
2521 5515 2784 5570 membra
2797 5515 3030 5586 quidem
3044 5531 3147 5586 pro
3161 5514 3550 5585 opportunita-

193 5618 302 5684 (ἴδω
322 5627 485 5684 addit
503 5614 908 5683 Mazarabica!
929 5611 1192 5665 formulae
1213 5609 1442 5675 similia,
1465 5607 1524 5662 in
1537 5609 1689 5662 hunc
1712 5625 1833 5663 mo-
1932 5612 1988 5662 te
2003 5609 2064 5662 of
2065 5607 2322 5662 liciorum
2337 5611 2755 5678 ettemporum,
2769 5625 2874 5679 pro
2890 5607 3223 5662 Lectionum
3239 5610 3394 5661 textu
3407 5607 3548 5676 psal-

190 5711 296 5783 άυιη
321 5743 338 5783 ς
361 5727 481 5784 Hoc
513 5722 606 5778 σει
630 5721 850 5782 corpus
876 5717 1076 5765 meum,
1097 5704 1240 5773 quod
1260 5717 1364 5774 pro
1390 5701 1574 5756 multis
1599 5703 1832 5769 oonfﬁn—
1931 5717 2279 5771 morumque
2298 5700 2440 5754 serie
2459 5702 2516 5754 et
2532 5699 2932 5755 decantatione
2945 5700 3251 5754 discretum
3273 5699 3542 5764 :sedsup-

169 5820 313 5884 θείην,
337 5808 765 5880 Μοιειοεώὶσο,
793 5795 1072 5854 tradetur.
1093 5796 1154 5849 In
1174 5796 1404 5865 vulgato
1423 5793 1623 5848 Missali
1649 5794 1828 5848 Moza‘
1930 5793 2177 5865 plicandi
2209 5795 2324 5848 Deo
2354 5796 2411 5846 et
2449 5792 2804 5847 contestandi
2835 5790 3391 5884 beneﬁciorum—ejus
3411 5786 3538 5884 soli-

157 5867 866 5984 taz‘LQ‘Z‘d-‘margin’em
899 5889 1150 5955 notatur,
1171 5887 1292 5942 haec
1317 5885 1488 5942 verba
1509 5901 1630 5940 esse
1662 5887 1826 5942 omit-
1933 5887 2106 5943 ditate
2134 5885 2220 5943 sui
2247 5889 2762 5942 consentaneum.»
2791 5884 2893 5939 Ubi
2921 5879 3274 5940 contestandi
3297 5876 3536 5933 vocabu-
