3968 6436
468 379 584 452 I27-

1243 392 1571 456 APPEN'DIX
1611 403 1697 457 AD
1734 403 1951 458 OPEBA
1987 399 2217 458 SANCTI
2258 392 2553 458 CERMANI
2593 392 3019 459 PARlSlENSIS.

3743 372 3852 457 ίρέ

463 506 585 570 lum
615 510 845 587 respicit
873 514 944 572 ad
974 510 1316 588 primaevum
1353 535 1582 574 morem
1623 517 1998 584 Gallicanum,
2028 517 2088 572 in
2110 528 2170 604 Α
2191 521 2362 590 atque
2387 517 2622 588 psalmis
2647 519 2830 572 multa
2857 517 3148 574 dulcisone
3170 511 3578 589 composuisse.
3603 535 3634 566 »
3657 513 3849 572 Unde

464 623 580 678 quo
602 608 950 664 Contestatio
983 610 1039 664 in
1067 628 1172 665 usu
1204 614 1328 666 erat
1349 613 1422 666 ad
1451 611 1886 683 signiﬁcandam
1911 627 2086 682 quam

464 701 634 756 hodie
655 718 926 756 vocamus
945 703 1121 758 Missae
1141 721 1240 758 seu
1262 705 1510 760 Canonis
1536 705 1961 760 Prtefationem.
1980 705 2090 759 Mu-

463 811 608 848 szeus
635 811 794 865 ergo,
824 796 922 867 qui
952 801 1080 868 post
1111 798 1372 852 medium
1410 799 1678 852 smculum
1711 815 1745 850 v
1772 814 1802 852 e
1833 797 1968 851 vivis
1995 815 2088 851 ex-

463 887 630 940 cessit
657 889 849 942 Leone
881 892 938 943 et
966 891 1243 960 Majorino
1273 890 1736 962 imperatoribus,
1770 889 1992 961 scripsit
2024 889 2087 944 li-

461 979 628 1034 brum
657 983 1188 1037 Sacramentorum.
1214 984 1336 1048 Quo
1370 984 1606 1038 nomine
1627 987 1849 1037 veteres
1879 983 2090 1054 passim

464 1089 627 1128 sacra
657 1073 784 1147 29
817 1075 1180 1130 Eucharistiaa
1216 1077 1490 1148 mysteria
1521 1076 1922 1147 designabant.
1953 1076 2092 1130 Hinc

463 1165 768 1234 Voconius,
803 1168 1108 1223 Castellani
1133 1169 1190 1222 in
1223 1169 1562 1224 Mauritania
1592 1170 1910 1241 episcopus,
1941 1169 2093 1240 apud

466 1260 742 1314 eumdem
778 1261 1142 1316 Gennadium
1173 1263 1563 1335 composuisse
1593 1263 1799 1318 dicitur
1821 1263 2090 1316 volumen

467 1353 995 1409 Sacramentorum.
1021 1355 1145 1419 Quo
1167 1357 1344 1412 modo
1361 1357 1711 1427 Augustinus
1733 1357 2092 1410 sacramenta

463 1449 628 1500 vocat
661 1447 974 1502 Dominicze
1005 1465 1221 1503 mensae
1254 1451 1614 1517 sacriﬁcium,
1644 1467 1710 1503 ex
1737 1449 1917 1502 dictis.

536 1541 588 1592 6.
620 1538 734 1593 Sed
763 1543 820 1596 et
845 1543 977 1594 ante
1003 1541 1272 1595 Musaeum
1303 1542 1562 1608 Hilarius,
1589 1542 1946 1596 Pictavorum
1970 1557 2094 1594 san-

466 1631 750 1685 ctissimus
777 1627 1031 1699 antistes,
1056 1634 1268 1688 librum
1299 1637 1680 1705 Hymnorum,
1706 1639 1764 1687 et
1784 1633 1960 1687 alium
1985 1634 2094 1703 My-

465 1724 769 1779 steriorum
803 1725 1040 1796 scripsit,
1083 1731 1314 1781 auctore
1350 1727 1700 1798 Hieronymo
1739 1727 1795 1780 in
1835 1726 1980 1780 libro
2017 1727 2088 1781 de

465 1815 843 1887 Scriptoribus
870 1835 992 1889 cap.
1030 1821 1148 1872 100.
1185 1820 1444 1890 Hymnus
1477 1821 1662 1877 Gloria
1687 1823 1744 1874 in
1772 1820 1989 1873 ewcelsis
2015 1819 2085 1872 ab

2187 610 2437 666 Joannes
2457 611 2725 678 Mariana,
2747 611 2806 665 in
2829 611 2926 666 lib.
2949 628 2984 664 ν
3007 612 3077 666 de
3093 611 3264 665 rebus
3279 611 3596 682 Hispanicis
3618 627 3757 682 cap.
3787 626 3848 677 ν,

2191 705 2270 758 ait
2297 721 2462 758 usum
2495 704 2808 760 obtinuisse
2835 708 2897 758 ut
2924 705 3138 760 Isidoro
3160 704 3302 759 ritus
3320 705 3719 760 Mozarabicus
3743 703 3855 759 tri-

2189 797 2481 863 bueretur,
2506 797 2607 851 sed
2629 802 2828 851 tamen
2849 798 3178 852 Leandrum
3209 799 3487 852 nonnulla
3511 797 3850 852 invenisse.

2262 889 2644 945 9.Cardinalis
2657 891 2814 944 Bona
2841 912 2867 939 ‹‹
2891 890 2999 946 hoc
3021 891 3275 946 ofﬁcium
3297 889 3539 945 concilio
3563 907 3625 945 ιιι
3660 891 3852 945 Tole-

2192 987 2348 1050 tano,
2373 982 2460 1037 cui
2491 983 2750 1036 Leander
2775 983 3052 1050 interfuit,
3078 983 3367 1054 antiquius
3385 999 3507 1036 esse
3532 1005 3560 1032 ››
3587 982 3855 1038 arbitra-

2191 1079 2302 1141 tur,
2331 1097 2359 1124 ‹‹
2384 1079 2442 1130 et
2461 1075 2696 1146 quidem
2717 1077 2924 1130 saeculo
2944 1077 3109 1146 vjam
3131 1076 3373 1146 viguisse
3391 1093 3404 1140 ;
3420 1075 3520 1129 sed
3545 1075 3617 1130 de
3637 1074 3850 1146 primo

2194 1168 2317 1238 ejus
2339 1172 2569 1222 auctore
2599 1185 2713 1222 non
2746 1171 3026 1223 constare.
3065 1168 3150 1222 Ab
3179 1168 3302 1239 ipso
3324 1173 3524 1222 tamen
3558 1167 3850 1222 Leandro

2193 1261 2560 1328 illustratum,
2589 1265 2818 1315 auctum
2850 1261 2922 1316 ab
2957 1261 3192 1327 Isidoro,
3223 1265 3394 1332 atque
3437 1261 3509 1315 ab
3538 1261 3669 1314 aliis
3697 1277 3852 1332 pro-

2195 1371 2392 1425 gressu
2422 1355 2697 1425 temporis
2723 1354 3158 1424 ampliﬁcatum,
3192 1353 3543 1408 nominatim
3580 1354 3655 1408 ab
3681 1353 3852 1408 Ilde-

2197 1448 2380 1512 fonso,
2405 1447 2564 1517 cujus
2591 1464 2766 1518 opera
2790 1447 3048 1502 Julianus
3075 1448 3384 1502 Toletanus
3414 1447 3472 1500 in
3503 1446 3851 1519 appendice

2195 1540 2266 1593 ad
2296 1540 2501 1593 librum
2527 1541 2596 1594 de
2625 1540 3005 1611 Scriptoribus
3027 1539 3086 1593 in
3117 1543 3368 1610 quatuor
3395 1543 3591 1611 partes
3619 1539 3851 1605 divisit,

2193 1633 2540 1702 tertiamque
2564 1634 2642 1686 ait
2661 1633 2832 1687 fuisse
2855 1655 2881 1682 «
2904 1633 3232 1698 missarum,
3252 1633 3632 1703 hymnorum,
3657 1635 3854 1704 atque

2195 1742 2549 1780 sermonum.
2571 1747 2597 1774 »
2613 1726 2699 1780 Ad
2720 1727 2841 1780 haec
2859 1726 3102 1780 Felicem
3127 1725 3460 1796 episcopum
3483 1725 3705 1780 librum
3719 1725 3856 1780 Mis-

2194 1835 2386 1872 sarum
2408 1819 2478 1872 de
2496 1821 2616 1872 toto
2639 1819 2846 1873 circulo
2863 1819 3000 1872 anni
3026 1819 3084 1872 in
3105 1822 3351 1888 quatuor
3365 1817 3482 1891 31
3518 1823 3727 1889 partes
3757 1817 3855 1873 di-

463 1909 669 1963 eodem
693 1912 890 1965 auctus
912 1914 970 1964 et
990 1916 1426 1966 consummatus
1445 1912 1652 1966 dicitur
1671 1911 1731 1966 in
1751 1913 1985 1982 vulgato
2007 1913 2094 1965 ΑΙ-
2113 1902 2169 1972 Β
2191 1912 2374 1965 visum
2397 1912 2736 1965 emendasse
2759 1915 2930 1982 atque
2949 1911 3344 1982 complevisse;
3363 1929 3429 1965 ac
3450 1911 3852 1982 postmodum

465 2001 652 2057 cuino.
683 2002 777 2056 His
811 2003 1032 2056 duobus
1069 2005 1277 2058 merito
1309 2005 1786 2058 annumerandus
1811 2008 1898 2058 est
1927 2003 2089 2058 Sido-

466 2095 594 2148 nius
617 2097 1008 2150 Arvernorum
1033 2096 1351 2168 episcopus,
1375 2097 1536 2168 cujus
1568 2097 1712 2152 libro
1737 2097 1806 2150 de
1826 2096 2002 2151 Missis
2021 2097 2092 2150 ab

467 2204 536 2242 eo
558 2187 889 2258 compositis
903 2189 1208 2260 Gregorius
1223 2190 1568 2244 Turonensis
1581 2190 1981 2261 praefationem
2001 2189 2095 2243 ad-

461 2279 670 2348 junxit,
705 2297 772 2334 ex
799 2280 894 2334 lib.
929 2298 968 2335 11
999 2281 1257 2336 Historiae
1288 2299 1411 2353 cap.
1441 2287 1527 2337 22.
1557 2284 1626 2336 Et
1646 2282 1942 2338 Salvianus
1960 2283 2095 2337 Mas-

469 2372 712 2426 siliensis
739 2374 1039 2444 presbyter
1077 2375 1424 2428 clarissimus
1453 2397 1480 2425 «
1521 2375 1788 2430 homilias
1816 2375 2094 2446 episcopis

466 2465 648 2518 factas
667 2467 896 2532 multas,
918 2471 1412 2523 sacramentorum
1431 2485 1586 2535 vero,
1613 2472 1856 2540 quantas
1877 2485 1981 2521 nec
2000 2484 2092 2521 re-

467 2559 691 2625 cordor,
725 2560 804 2613 ait
829 2561 1176 2626 Gennadius,
1213 2562 1552 2633 composuit.
1585 2584 1612 2611 »
1638 2563 1761 2626 Quo
1783 2562 1841 2616 in
1864 2563 1989 2616 loco
2012 2579 2096 2616 sa-

467 2654 894 2705 cramentorum
919 2653 1170 2707 homiliae
1183 2653 1584 2725 intelliguntur
1599 2655 1684 2708 vel
1708 2670 2006 2708 sermones
2022 2654 2094 2708 de

466 2743 752 2813 mysteriis
777 2744 970 2812 sacris,
1002 2745 1154 2799 inter
1176 2747 1470 2800 Missarum
1497 2747 1779 2801 solemnia
1799 2745 2094 2818 quondam

467 2851 534 2888 ex
563 2851 726 2889 more
761 2837 1044 2906 gallicano
1073 2839 1296 2892 recitari
1329 2839 1536 2906 solitis;
1569 2840 1655 2892 vel
1679 2839 1968 2894 orationes
1995 2856 2094 2893 seu

467 2927 837 2997 praefationes
869 2929 943 2983 ad
979 2929 1235 2984 missam.
1273 2931 1430 2985 Mitto
1463 2931 1619 3002 quod
1645 2931 1702 2984 in
1743 2932 1857 2985 ﬁne
1886 2931 2014 2985 libri
2041 2948 2094 2985 v1

467 3019 776 3090 Gregorius
803 3022 1148 3076 Turonensis
1190 3023 1447 3092 pontifex
1474 3023 1649 3077 tradit
1681 3024 1752 3077 de
1777 3024 2094 3095 Chilperico

469 3127 627 3182 rege,
652 3112 750 3182 qui
769 3113 928 3167 inter
951 3114 1062 3168 alia
1093 3117 1367 3185 Opuscula
1395 3116 1644 3186 hymnos
1671 3116 1894 3187 scripsit
1926 3139 1954 3164 «
1981 3117 2094 3171 sive

469 3203 692 3269 missas,
723 3221 850 3275 quze
879 3206 1036 3260 nulla
1072 3207 1294 3262 ratione
1324 3208 1527 3280 suscipi
1557 3212 1814 3280 possunt.
1851 3231 1878 3258 ››

2191 2006 2422 2058 Petrum
2455 2004 2806 2058 llerdensem
2835 2003 3173 2071 antistitem,
3203 2007 3260 2058 et
3290 2005 3524 2058 Salvum
3553 2003 3851 2059 abbatem

2189 2097 2611 2151 Albaeldensem
2641 2097 2832 2151 eidem
2861 2101 3207 2168 argumento
3238 2114 3475 2151 navasse
3505 2113 3788 2168 operam.
3819 2119 3849 2146 ››

2190 2192 2290 2244 Ast
2327 2190 2637 2260 Elipandus
2677 2190 2984 2243 Toletanus
3029 2190 3328 2260 episcopus
3369 2189 3429 2244 in
3466 2189 3722 2261 epistola
3773 2189 3854 2244 ad

2191 2282 2461 2336 Albinum
2503 2299 2602 2336 seu
2651 2281 2976 2349 Alcuinum,
3016 2284 3321 2337 Toletanos
3369 2287 3598 2337 sanctos
3633 2283 3854 2337 Patres

2193 2375 2454 2444 agnoscit
2480 2375 2787 2428 missarum
2817 2375 3299 2430 Mozarabicarum
3333 2379 3618 2441 auctores,
3656 2376 3724 2430 in
3760 2377 3855 2430 his

2195 2467 2473 2522 lsidorum
2500 2485 2511 2522 :
2537 2467 2836 2538 signanter
2851 2485 2984 2522 vero
3017 2468 3363 2538 Eugenium,
3380 2469 3776 2537 Ildefonsum,
3795 2474 3856 2524 et

2191 2561 2480 2615 lulianum
2519 2560 2784 2631 exprimit
2820 2561 3062 2626 libellus,
3091 2577 3266 2631 quem
3297 2561 3602 2615 confutant
3632 2563 3854 2617 Patres

2195 2653 2414 2708 concilii
2457 2653 2984 2707 Francofordiensis
3023 2654 3176 2724 apud
3209 2653 3534 2708 Alcuinum.
3568 2653 3850 2718 Quorum

2198 2747 2386 2799 nullus
2416 2747 2689 2800 saeculum
2713 2763 2788 2799 vn
2811 2745 3101 2816 praacedit.
3125 2747 3249 2800 Non
3273 2761 3412 2816 ergo
3445 2745 3519 2800 ad
3551 2749 3851 2802 saeculum

2194 2855 2227 2888 γ
2254 2838 2507 2892 revocari
2538 2842 2776 2909 possunt
2811 2837 3132 2892 istiusmodi
3169 2837 3494 2893 ofﬁciorum
3543 2844 3848 2895 auctores.

2269 2935 2352 2986 l0.
2387 2933 2507 2986 Duo
2539 2935 2737 2985 tamen
2777 2931 2945 2985 aﬂ‘ert
2983 2931 3138 2985 idem
3175 2931 3482 2986 cardinalis
3510 2932 3582 2986 ad
3616 2935 3849 3004 produ-

2195 3024 2438 3078 cendam
2456 3025 2624 3094 hujus
2645 3024 2786 3078 ritus
2805 3023 3233 3095 antiquitatem.
3253 3026 3444 3080 Unum
3468 3029 3574 3091 est,
3599 3028 3772 3097 quod
3790 3027 3852 3082 in

2196 3117 2370 3171 missa
2401 3117 2473 3171 de
2497 3121 2692 3172 sancto
2713 3117 2972 3183 Martino,
2998 3117 3093 3188 qui
3118 3116 3355 3171 ineunte
3383 3119 3592 3172 saeculo
3622 3135 3658 3171 v
3686 3119 3850 3174 vive-

2195 3225 2255 3264 re
2285 3209 2468 3278 desiit,
2499 3211 2620 3264 heec
2647 3211 2918 3280 leguntur
2941 3209 3000 3262 in
3029 3209 3217 3263 ofﬁcio
3243 3210 3596 3265 Mozarabico
3627 3229 3642 3266 :
3687 3216 3854 3268 Hunc

681 3260 691 3269 ,
739 3260 760 3275 ι
1125 3260 1154 3261 η
1195 3260 1206 3262 ρ
1279 3260 1286 3261 κ
1557 3260 1812 3280 τμη-η-
2195 3260 2250 3264 η
2501 3260 2614 3264 πη-
3243 3260 3590 3265 --τ-η-π--η
3628 3260 3642 3266 ν
3687 3260 3850 3268 --ψη

538 3298 591 3351 4.
629 3298 790 3352 Tales
827 3302 1106 3366 auctores,
1148 3301 1205 3354 id
1243 3304 1329 3354 est
1365 3301 1660 3369 Hilarium,
1703 3303 1992 3370 Musaeum,
2037 3260 2170 3357 etC
2193 3305 2388 3365 virum,
2411 3319 2565 3373 quem
2585 3305 2760 3357 atatis
2780 3307 2974 3358 nostrae
2998 3307 3238 3372 tempora
3253 3304 3856 3375 praetuleruntjubeas

469 3389 792 3456 Sidonium,
813 3391 1077 3446 habuisse
1109 3393 1334 3447 videtur
1363 3394 1514 3449 Ordo
1543 3395 1731 3449 missa:
1749 3396 2090 3464 Gallicanus,

469 3499 642 3552 quem
669 3499 702 3536 a
729 3484 992 3539 Romano
1023 3485 1310 3539 diversum
1339 3491 1581 3541 exeunte
1609 3489 1816 3542 saeculo
1839 3504 1894 3542 vx
1920 3489 2092 3542 fuisse

467 3578 690 3629 constat
712 3593 776 3630 ex
802 3576 1041 3647 epistola
1069 3578 1327 3649 Gregorii
1357 3579 1556 3650 magni
1577 3580 1651 3634 ad
1675 3580 2090 3650 Augustinum:

469 3669 564 3738 qui
593 3669 760 3724 tertio
797 3671 922 3725 loco
963 3671 1303 3742 Gregorium
1341 3672 1735 3744 interrogavit,
1779 3691 1932 3728 «cur
1961 3691 2090 3728 cum

466 3778 580 3816 una
611 3761 682 3816 sit
709 3763 873 3828 ﬁdes,
909 3763 1146 3818 diversae
1175 3765 1288 3818 sint
1316 3767 1696 3820 Ecclesiarum
1727 3767 2090 3822 consuetudi-

467 3871 597 3920 nes;
627 3859 685 3908 et
713 3857 893 3910 altera
924 3858 1277 3912 consuetudo
1309 3859 1614 3913 missarum
1633 3860 1690 3913 in
1714 3861 1976 3914 Romana
1999 3878 2091 3915 ec-

471 3946 661 4013 clesia,
677 3949 848 4018 atque
873 3949 1054 4002 altera
1074 3949 1132 4002 in
1156 3949 1468 4004 Galliarum
1490 3952 1750 4006 Ecclesiis
1771 3957 2089 4008 teneatur.»

466 4038 724 4109 Denique
748 4039 1046 4094 Hilduinus
1073 4040 1128 4094 in
1161 4041 1398 4112 epistola
1418 4045 1826 4115 Areopagiticis
1863 4047 2094 4116 praeﬁxa

467 4130 756 4185 existimat
795 4130 922 4204 30
957 4154 984 4181 «
1023 4133 1210 4187 missae
1250 4135 1514 4190 ordinem
1561 4154 1724 4192 more
1764 4138 1975 4193 Gallico
2021 4139 2092 4193 ab

466 4223 629 4277 initio
669 4228 916 4295 receptae
951 4225 1083 4279 ﬁdei
1118 4248 1144 4276 ››
1183 4227 1240 4280 in
1273 4228 1362 4282 his
1391 4230 1649 4300 partibus
1683 4231 1994 4286 obtinuisse
2019 4232 2093 4285 ad

467 4316 652 4371 Caroli
678 4317 865 4387 Magni
901 4317 1306 4390 principatum.

537 4411 588 4464 8.
615 4410 688 4462 At
707 4427 824 4464 non
846 4410 992 4465 adeo
1014 4411 1317 4483 antiquum
1340 4432 1462 4469 esse
1481 4415 1897 4471 Mozarabicum
1917 4417 2092 4472 ritum

465 4502 830 4556 consentiunt
850 4502 1132 4574 Hispanici
1156 4509 1436 4574 auctores,
1457 4508 1552 4579 qui
1578 4508 1701 4578 ejus
1719 4509 2000 4580 originem
2021 4509 2093 4565 ad

2192 3397 2461 3450 auxilium
2487 3399 2683 3450 nostris
2707 3395 2899 3464 afferre
2921 3397 3262 3466 temporibus.
3290 3396 3574 3464 Alterum,
3596 3399 3768 3468 quod
3791 3399 3850 3453 in

2193 3487 2432 3542 concilio
2471 3505 2532 3542 III
2569 3489 2842 3544 Toletano
2884 3488 3019 3542 anni
3065 3491 3167 3543 589
3197 3488 3469 3543 statuitur
3495 3490 3762 3560 capitulo
3794 3496 3848 3558 2,

2186 3599 2289 3655 per
2323 3597 2498 3637 omnes
2532 3583 2776 3636 ecclesias
2809 3584 3085 3651 Hispaniae
3121 3583 3206 3636 vel
3245 3583 3438 3638 Galliae
3488 3583 3849 3653 Symbolum

2195 3675 2508 3741 decantari,
2534 3674 2866 3744 priusquam
2888 3673 3070 3728 oratio
3093 3674 3393 3729 Dominica
3414 3675 3720 3732 recitetur.
3739 3679 3852 3742 Qui

2192 3769 2334 3823 ritus
2377 3771 2462 3821 est
2501 3767 2688 3820 missae
2713 3767 3076 3822 Mozarabicze
3113 3767 3436 3837 peculiaris.
3477 3769 3592 3824 Sed
3631 3771 3851 3841 reponi

2192 3864 2400 3932 potest,
2444 3861 2565 3914 haec.
2604 3860 2796 3925 verba,
2823 3865 3019 3914 nostra?
3047 3863 3246 3922 aetatis,
3289 3861 3376 3914 vel
3415 3877 3483 3915 ex
3521 3861 3852 3934 antiquiori

2193 3953 2446 4023 Liturgia
2467 3953 2771 4022 desumpta
2791 3951 2982 4018 fuisse,
2998 3953 3084 4006 vel
3107 3953 3334 4024 longius
3357 3969 3534 4024 quam
3554 3955 3630 4008 ad
3653 3973 3849 4012 unum

2195 4047 2465 4101 saeculum
2510 4044 2766 4116 protrahi
2813 4061 3016 4115 posse;
3057 4047 3114 4098 et
3151 4048 3429 4099 statutum
3468 4046 3541 4100 de
3575 4047 3848 4120 Symboli

2194 4143 2327 4194 ante
2349 4139 2671 4193 orationem
2694 4137 3056 4192 Dominicam
3072 4137 3412 4194 recitatione
3429 4157 3648 4195 novum
3665 4142 3848 4197 fuisse

2192 4233 2268 4287 ad
2299 4232 2722 4287 corroborandas
2763 4233 3032 4285 hominum
3065 4233 3344 4288 invalidas
3377 4239 3601 4298 mentes,
3644 4239 3714 4290 ut
3760 4239 3843 4292 lo-

2195 4328 2455 4397 quuntur
2484 4323 2708 4379 concilii
2733 4325 2948 4378 Patres.

2269 4423 2352 4472 ll.
2395 4419 2560 4473 Certe
2599 4418 2924 4471 Romanum
2967 4416 3163 4484 ritum,
3208 4419 3413 4473 saltem
3452 4419 3511 4473 in
3538 4423 3846 4492 provincia

2195 4510 2544 4577 Bracarensi,
2563 4509 2766 4580 Vigilio
2786 4510 3056 4580 pontiﬁce
3073 4510 3327 4566 maximo
3340 4512 3513 4567 fuisse
3533 4521 3845 4587 receptum

465 4594 789 4650 Leandrum
814 4596 1170 4651 etlsidorum
1185 4599 1464 4653 saeculivn
1483 4601 1780 4671 episcopos
1799 4607 2086 4656 revocant.
2109 4621 2168 4693 D
2192 4607 2416 4660 constat
2452 4621 2519 4658 ex
2559 4603 2798 4658 concilio
2838 4620 2877 4658 Ιῐ
2911 4603 3241 4658 Bracarensi
3279 4605 3415 4659 anni
3455 4610 3581 4674 563,
3623 4609 3688 4664 in
3727 4627 3842 4684 quo

465 4686 740 4740 Baronius
782 4688 855 4742 ad
895 4706 1113 4743 annum
1165 4694 1267 4746 633
1311 4692 1433 4762 ejus
1473 4697 1767 4748 auctorem
1811 4694 2090 4749 Isidorum

465 4779 722 4850 agnoscit
745 4780 851 4834 hac
875 4781 1118 4836 ratione.
1137 4784 1278 4838 Cum
1299 4785 1454 4839 enim
1477 4787 1672 4840 Patres
1697 4787 1753 4841 in
1775 4788 2014 4842 concilio
2039 4806 2091 4842 1v

461 4872 734 4928 Toletano
767 4875 902 4928 tunc
930 4877 1208 4946 temporis
1235 4877 1430 4932 habito
1459 4879 1842 4934 decrevissent
1870 4898 2089 4936 canone

463 4967 514 5032 2,
531 4968 592 5020 ut
612 4983 716 5036 per
737 4983 974 5022 omnem
999 4969 1329 5040 Hispaniam
1353 4975 1412 5025 et
1441 4972 1703 5040 Galliam,
1727 4973 1940 5028 scilicet
1958 4977 2092 5029 Nar-

375 5127 380 5136 .
461 5057 803 5125 bonensem,
821 5077 948 5131 quae
961 5061 1158 5116 Gothis
1171 5063 1574 5135 Hispaniarum
1590 5067 1819 5138 regibus
1837 5071 1969 5123 tunc
1985 5086 2087 5140 pa-

461 5151 645 5218 rebat,
660 5151 814 5206 idem
831 5154 1037 5208 modus
1053 5155 1108 5208 in
1127 5156 1436 5212 missarum
1451 5161 1910 5216 solemnitatibus
1921 5165 2086 5216 caete-

461 5243 652 5314 risque
678 5245 878 5299 ofﬁciis
899 5253 1252 5317 servaretur;
1273 5251 1422 5307 hanc
1443 5271 1640 5308 curam
1663 5254 1878 5310 Isidoro
1901 5255 2091 5326 Hispa-

461 5335 607 5389 lensi
625 5337 924 5392 sanctitate
938 5343 995 5394 et
1007 5340 1266 5398 doctrina
1285 5347 1759 5414 praestantissimo
1773 5347 2040 5419 episcopo
2056 5365 2089 5404 a

461 5427 722 5482 Patribus
748 5429 1160 5488 demandatam
1197 5436 1390 5490 fuisse.
1427 5439 1598 5491 Favet
1627 5439 1757 5492 huic
1789 5441 2088 5496 sententiae

461 5520 660 5574 titulus
682 5523 852 5578 ofﬁcii
881 5526 1100 5580 Gothici
1125 5527 1185 5581 in
1209 5528 1405 5594 Editis,
1435 5529 1530 5581 ubi
1557 5551 1583 5576 «
1602 5547 1635 5582 a
1656 5535 1852 5586 sancto
1873 5533 2088 5588 Isidoro

463 5613 790 5670 ordinatum
821 5639 846 5665 ››
873 5617 1096 5673 dicitur.
1121 5621 1332 5672 Verum
1357 5619 1605 5674 Isidorus
1625 5621 1744 5692 ipse
1766 5623 1823 5677 in
1852 5624 1994 5680 libro
2018 5627 2088 5681 de

462 5707 840 5778 Scriptoribus
869 5711 1260 5766 ecclesiasticis
1277 5711 1522 5765 Leandri
1548 5714 1738 5768 fratris
1768 5717 1851 5770 sui
1882 5718 2090 5790 scripta

463 5817 786 5868 recensens,
821 5807 1064 5857 testatur
1089 5803 1276 5872 ipsum
1314 5824 1342 5849 «
1373 5803 1430 5856 in
1475 5806 1864 5864 ecclesiasticis
1890 5811 2090 5866 ofﬁciis

464 5910 578 5949 non
613 5912 786 5965 parvo
811 5897 997 5951 studio
1030 5895 1339 5963 laborasse,
1371 5900 1428 5949 et
1460 5896 1516 5950 in
1545 5901 1798 5958 sacriﬁcii
1830 5904 2092 5960 laudibus

1597 6079 1616 6106 \

2191 4697 2536 4770 praecipitur,
2583 4713 2803 4752 canone
2843 4699 2896 4764 4,
2931 4702 2993 4752 ut
3031 4698 3212 4753 eodem
3258 4699 3447 4754 ordine
3487 4703 3672 4758 missa
3715 4707 3850 4760 cele-

2193 4793 2412 4847 brentur
2433 4791 2502 4844 ab
2531 4791 2790 4853 omnibus,
2811 4806 2964 4860 quem
2999 4792 3326 4860 profuturus
3359 4793 3640 4862 quondam
3683 4798 3847 4867 hujus

2189 4885 2614 4954 metropolitanae
2639 4885 2868 4938 ecclesiw
2888 4885 3163 4954 episcopus
3182 4885 3252 4938 ab
3280 4888 3402 4956 ipsa
3422 4889 3745 4956 apostolica
3761 4907 3844 4946 se-

2189 4978 2275 5032 dis
2299 4978 2622 5032 auctoritate
2648 4978 2854 5046 accepit
2881 4974 3007 5047 32
3042 4979 3322 5046 scriptum.
3364 4979 3586 5050 Nempe
3617 4998 3653 5036 a
3683 4983 3844 5054 Vigi-

2190 5069 2266 5124 lio
2294 5086 2463 5140 papa,
2489 5069 2648 5139 cujus
2675 5068 2998 5138 epistolam,
3029 5085 3157 5139 quso
3179 5069 3238 5122 in
3265 5071 3514 5141 vulgatis
3536 5073 3705 5128 libris
3732 5077 3842 5130 Eu-

2189 5162 2375 5216 therio
2401 5161 2674 5232 inscripta
2707 5165 2849 5226 erat,
2878 5162 3182 5217 Profuturo
3216 5162 3354 5217 scite
3375 5164 3695 5221 vindicavit
3719 5187 3846 5224 eru-

2191 5255 2342 5309 ditus
2370 5253 2627 5307 Baluzius
2667 5255 2789 5307 tum
2822 5253 2880 5307 in
2915 5254 3066 5308 notis
3103 5255 3176 5310 ad
3205 5256 3571 5325 Gratianum,
3613 5263 3750 5316 tum
3785 5264 3841 5318 in

2189 5351 2351 5402 torno
2376 5363 2567 5401 [novae
2590 5346 2952 5401 Collectionis
2975 5348 3370 5416 conciliorum,
3395 5350 3492 5404 ubi
3511 5351 3704 5422 ipsam
3731 5357 3846 5428 epi-

2191 5441 2395 5494 stolam
2426 5439 2616 5493 denuo
2645 5439 2844 5493 excudi
2877 5439 3112 5494 curavit.
3153 5442 3214 5494 In
3247 5458 3315 5496 ea
3340 5459 3476 5498 vero
3505 5444 3584 5500 sic
3625 5448 3846 5518 legitur

2191 5550 2314 5604 cap.
2351 5537 2380 5585 5
2413 5549 2426 5587 :
2463 5553 2490 5580 ‹‹
2533 5532 2809 5586 Ordinem
2851 5549 3082 5603 quoque
3119 5551 3377 5604 precum,
3407 5535 3466 5590 in
3499 5539 3840 5598 celebritate

2193 5626 2496 5680 missarum
2517 5627 2672 5680 nullo
2697 5642 2800 5678 nos
2820 5628 3105 5696 tempore,
3140 5628 3296 5681 nulla
3325 5629 3639 5687 festivitate
3659 5635 3841 5707 signi-

2189 5720 2430 5773 ficamus
2457 5719 2668 5773 habere
2690 5717 2931 5772 divisum
2969 5736 2982 5773 :
3012 5721 3112 5774 sed
3135 5737 3368 5791 semper
3391 5723 3604 5779 eodem
3629 5730 3839 5786 tenore

2193 5811 2384 5866 oblata
2411 5813 2527 5866 Deo
2547 5827 2790 5864 munera
2811 5827 3166 5867 consecrare.
3184 5813 3420 5877 Quoties
3439 5833 3577 5872 vero
3597 5821 3842 5877 Pascha-

2192 5904 2278 5972 lis,
2308 5908 2407 5960 aut
2433 5903 2794 5989 Ascensionis
2823 5904 3174 5974 Domini,vel
3205 5907 3598 5979 Pentecostes,
3632 5918 3693 5968 et
3720 5915 3841 5989 Epi-

2601 5985 2616 6008 ἢ
