3968 6436
205 393 268 444 129
1195 403 1283 458 DE
1321 405 1632 462 LITURGIA
1665 407 2032 464 GALLICANA
2068 409 2266 468 LIBER
2301 413 2563 472 PRIMUS.

3457 427 3556 486 130

201 499 392 576 phanite
428 506 921 577 swcmquue
935 509 1049 563 diei
1063 509 1470 582 fueritagenda
1486 514 1820 568 solemnitas
1863 528 1922 599 Α
1942 518 2108 572 cimus
2125 537 2142 572 :
2173 521 2356 576 Gloria
2376 528 2426 575 et
2453 525 2617 578 honor
2642 529 2815 590 Patri,
2837 533 2887 582 et
2912 529 3066 593 Filio,
3094 537 3146 586 et
3167 533 3401 603 Spiritui
3425 535 3551 608 34

206 594 398 665 singula
439 595 710 666 capitula
755 599 971 654 diebus
1001 605 1136 672 apta
1170 603 1599 674 subjungimus,
1639 607 1842 677 quibus

211 690 824 746 commemorationem
853 698 1069 748 sancta:
1096 695 1500 763 solemnitatis,
1525 701 1622 751 aut
1641 715 1840 753 eorum

207 781 443 847 facimus,
467 798 730 853 quorum
761 785 1037 840 natalitia
1063 787 1422 842 celebramus
1446 806 1458 843 :
1483 793 1688 844 caetera
1709 808 1839 846 vero

205 873 384 928 ordine
414 879 700 930 consueto
731 879 1168 949 persequimur.
1195 879 1554 952 Quapropter
1584 885 1640 936 et
1667 883 1841 952 ipsius

202 967 480 1021 canonica:
497 968 697 1021 Precis
722 972 954 1024 textum
981 970 1292 1025 direximus
1313 973 1509 1027 subter
1529 974 1837 1044 adjectum,

200 1075 356 1130 quem
389 1061 514 1114 Deo
542 1061 807 1131 propitio
841 1079 910 1116 ex
948 1064 1259 1134 apostolica
1289 1065 1597 1120 traditione
1627 1069 1840 1138 accepi-

194 1168 329 1205 mus.
351 1173 380 1201 »
405 1153 528 1207 Hoc
551 1152 612 1206 in
634 1154 766 1208 loco
791 1154 1038 1225 Vigilius
1065 1157 1255 1210 Precis
1283 1158 1521 1211 nomine
1544 1159 1836 1214 Canonem

191 1260 357 1298 sacrae
385 1245 642 1300 actionis
669 1246 970 1317 intelligit,
994 1247 1077 1302 uti
1092 1247 1216 1318 jam
1239 1250 1498 1319 superius
1519 1251 1834 1306 observavi-

190 1353 308 1390 mus
343 1353 358 1390 :
395 1353 580 1409 quem
619 1354 917 1392 canonem
951 1338 1032 1393 ait
1059 1341 1234 1394 fuisse
1265 1341 1323 1394 in
1356 1343 1622 1396 omnibus
1656 1344 1833 1411 festis,

186 1429 326 1483 sicut
360 1432 424 1482 et.
454 1430 660 1496 modo,
687 1447 1091 1499 communem,
1119 1436 1329 1503 prater
1354 1434 1666 1505 singularia
1691 1437 1838 1506 capi-

183 1523 294 1576 tula
324 1523 646 1594 praecipuis
674 1523 838 1577 festis
863 1525 1178 1594 peculiaria
1201 1543 1214 1580 :
1239 1525 1297 1580 in
1322 1527 1527 1597 quibus
1543 1534 1741 1583 sanctae
1757 1544 1836 1584 so-

181 1616 506 1678 lemnitatis,
525 1619 628 1669 aut
645 1632 853 1670 eorum
875 1617 1056 1670 ﬁebat
1076 1619 1382 1686 memoria,
1401 1636 1627 1689 quorum
1640 1623 1836 1676 natali-

180 1711 249 1762 tia
261 1708 749 1762 celebrabantur.
766 1708 974 1772 Qualia
991 1710 1167 1768 etiam
1187 1727 1335 1765 nunc
1352 1711 1700 1766 habemusin
1713 1730 1835 1767 ora-

1939 615 2140 672 sancto,
2169 628 2341 667 amen.
2364 617 2503 672 Nam
2525 621 2573 670 et
2601 619 2692 672 ille
2721 621 2964 687 hymnus,
2984 640 3137 692 quem
3161 632 3288 680 nato
3314 629 3370 680 in
3395 644 3554 683 carne

1943 703 2147 758 Christo
2172 707 2354 774 angeli
2379 710 2676 762 cecinerunt
2701 729 2718 763 :
2749 712 2932 766 Gloria
2959 717 3015 768 in
3040 719 3256 772 excelsis
3277 722 3399 782 Deo,
3421 725 3472 774 et
3495 723 3553 774 in

1940 797 2087 848 terra
2107 812 2227 864 paa:
2259 798 2557 854 hominibus
2589 802 2734 855 bona:
2772 805 3084 870 voluntatis,
3115 813 3165 862 et
3199 811 3410 880 reliqua
3433 827 3553 882 qua?

1939 887 2016 939 ibi
2067 893 2393 956 sequuntur,
2451 893 2790 948 ecclesiastici
2837 896 3071 952 doctores
3130 910 3548 970 composuerunt.

1937 978 2101 1047 Apud
2130 979 2317 1034 Gallos
2345 983 2818 1053 frequentabatur
2848 989 3032 1043 Gloria
3057 993 3234 1054 Patri,
3253 996 3394 1047 teste
3419 996 3550 1049 Gre-

1940 1070 2100 1139 gorio
2134 1071 2398 1144 episcopo
2436 1076 2752 1130 Turonensi
2789 1079 2849 1132 in
2885 1079 2981 1134 lib.
3020 1097 3074 1134 v1
3111 1099 3234 1153 cap.
3263 1086 3349 1138 40.
3385 1086 3546 1149 Quod

1939 1178 2054 1216 non
2077 1163 2321 1232 probant
2338 1166 2593 1221 Toletani
2612 1169 2807 1223 Patres
2828 1171 2886 1224 in
2904 1189 3124 1228 canone
3145 1179 3227 1240 15,
3242 1177 3546 1249 voluntque

1938 1256 2000 1306 ut
2029 1255 2211 1310 Gloria
2243 1262 2293 1310 et
2321 1259 2486 1312 honor
2510 1263 2667 1314 Patri
2693 1261 2929 1316 dicatur.

2007 1349 2090 1400 l3.
2124 1348 2354 1402 Canone
2385 1353 2447 1404 18
2477 1353 2736 1422 arguitur
2765 1357 3152 1424 quorumdam
3184 1361 3545 1416 sacerdotum

1935 1439 2304 1507 consuetudo,
2349 1442 2448 1511 qui
2480 1449 2602 1512 post
2639 1445 2842 1500 dictam
2878 1451 3170 1505 orationem
3220 1455 3546 1509 Dominicam

1930 1534 2116 1584 statim
2151 1537 2557 1599 communicant,
2601 1541 2653 1591 et
2689 1544 2877 1608 postea
2913 1543 3320 1599 benedictionem
3353 1549 3410 1600 in
3441 1562 3543 1616 po-

1925 1623 2058 1692 pulo
2105 1625 2268 1693 dant;
2305 1627 2702 1698 statuiturque,
2735 1635 2796 1684 ut
2821 1639 2948 1702 post
2971 1639 3264 1690 orationem
3299 1641 3538 1693 Domini-

1931 1730 2048 1768 cam
2087 1721 2137 1769 et
2178 1718 2590 1786 conjunctionem
2616 1726 2782 1791 panis
2813 1729 2863 1778 et
2905 1728 3107 1790 calicis,
3158 1729 3446 1784 benedictio
3486 1733 3544 1786 in

179 1799 336 1854 tione
363 1801 916 1868 Communicantes,
942 1818 1069 1872 qua:
1096 1802 1155 1855 in
1180 1805 1482 1874 prmeipuis
1501 1805 1660 1858 festis
1678 1806 1834 1859 varia
1926 1809 2183 1876 populum
2201 1817 2456 1879 sequatur
2480 1817 2612 1866 ante
2639 1817 3130 1872 communionem.
3155 1821 3292 1874 Huic
3313 1822 3540 1877 decreto

177 1897 274 1946 est.
297 1893 408 1946 Hic
432 1896 640 1946 autem
661 1893 826 1960 ritus,
843 1893 916 1947 de
939 1909 1052 1964 quo
1073 1895 1312 1965 Vigilius
1331 1897 1470 1966 agit,
1491 1897 1644 1951 haud
1661 1897 1832 1952 dubie
1852 1882 1908 1952 Β
1932 1899 2104 1952 afﬁne
2129 1904 2214 1953 est
2233 1903 2386 1972 quod
2413 1904 2686 1958 Caesarius
2717 1906 2774 1959 in
2796 1924 3063 1964 sermone
3083 1914 3178 1966 281
3208 1913 3542 1983 appendicis

177 1985 523 2038 Gelasianus
547 1989 676 2039 erat
701 2002 714 2039 :
741 2001 922 2055 quem
953 1985 1198 2055 proinde
1225 1989 1429 2042 saeculo
1459 2005 1512 2042 v1
1539 1989 1832 2058 provincia

175 2078 386 2132 saltem
418 2077 796 2132 Bracarensis
825 2077 1064 2148 recepit.
1088 2080 1160 2131 At
1179 2095 1309 2133 cum
1335 2081 1622 2134 Toletanis
1642 2082 1829 2136 conci-

173 2169 258 2222 liis
286 2187 356 2223 III
386 2174 448 2224 et
481 2186 539 2223 ιν
571 2171 958 2225 Bracarenses
997 2173 1249 2244 episc0pi
1277 2173 1691 2241 interfuissent,
1727 2191 1826 2228 no-

173 2278 305 2316 vum
341 2262 530 2316 ritum
561 2263 623 2316 in
655 2263 738 2317 eis
767 2264 1171 2335 praescriptum
1200 2266 1462 2320 Romano
1490 2266 1575 2336 (ut
1597 2266 1830 2320 credere

175 2371 276 2426 par
306 2359 418 2424 est)
441 2357 856 2426 praetulerunt.
881 2358 952 2411 Et
976 2358 1474 2428 quemadmodum
1497 2359 1742 2430 hymnos
1764 2376 1829 2412 ex

174 2451 375 2502 sancto
417 2447 666 2516 Hilario,
706 2449 787 2503 sic
825 2449 1006 2504 etiam
1051 2467 1218 2504 suum
1259 2451 1498 2505 fortasse
1545 2451 1720 2505 ritum
1763 2468 1829 2505 ex

174 2540 480 2594 Gallorum
497 2540 837 2595 imitatione
857 2546 1206 2614 acceperunt
1221 2543 1473 2614 Hispani.
1492 2543 1596 2598 Ubi
1611 2559 1828 2598 memo-

173 2632 322 2687 riam
347 2633 512 2687 subit
535 2635 761 2687 factum
785 2635 993 2705 magni
1014 2635 1246 2690 Ctesarii
1268 2635 1520 2706 epiSCOpi
1538 2637 1829 2690 Arelaten-

173 2726 262 2792 sis,
289 2725 396 2797 qui
425 2748 456 2774 ‹‹
483 2743 594 2797 per
614 2727 846 2780 Italiam
869 2731 928 2781 et
948 2727 1281 2798 Hispaniam
1304 2750 1332 2778 ››
1358 2727 1624 2782 homilias
1642 2745 1828 2782 sacras

172 2817 448 2873 distribui
475 2820 725 2886 curavit,
751 2818 884 2892 33
911 2841 938 2868 «
961 2824 1025 2874 ut
1047 2821 1318 2891 projectis
1347 2821 1516 2874 rebus
1536 2821 1749 2875 frivolis
1772 2825 1830 2874 et

171 2911 428 2977 caducis,
445 2913 620 2982 juxta
649 2914 1017 2982 Apostolum,
1039 2913 1326 2968 bonorum
1355 2929 1595 2983 operum
1620 2913 1828 2966 ﬁerent

171 3008 515 3070 sectatores,
548 3025 578 3054 »
611 3021 680 3058 ex
711 3005 838 3074 ejus
867 3005 1010 3058 Vitae
1034 3005 1180 3059 libro
1213 3006 1421 3076 primo,
1457 3021 1617 3058 num.
1645 3008 1732 3059 31.

237 3101 331 3151 12.
357 3099 424 3150 In
449 3097 703 3152 concilio
725 3099 1004 3152 Toletano
1029 3114 1083 3150 IV
1103 3098 1370 3168 quaedam
1393 3097 1827 3152 constitutiones

1931 1991 2005 2044 ad
2042 2009 2248 2046 novam
2287 1994 2600 2050 editionem
2643 2015 2977 2054 sermonum
3015 2004 3317 2072 Augustini
3342 2005 3540 2059 ﬁdeles

1930 2088 2148 2152 monet,
2164 2088 2225 2138 ut
2245 2086 2343 2156 qui
2353 2088 2470 2140 vult
2489 2088 2724 2143 missam
2741 2111 2768 2138 «
2785 2092 2857 2148 ad
2873 2092 3163 2164 integrum
3187 2096 3492 2164 celebrare,
3508 2121 3535 2147 ››

1928 2173 1987 2228 id
2017 2179 2103 2228 est
2125 2176 2343 2245 audire,
2381 2199 2409 2226 ‹‹
2441 2195 2732 2251 usquequo
2761 2184 2944 2237 oratio
2975 2185 3278 2240 Dominica
3299 2187 3537 2256 dicatur,

1929 2270 1988 2320 et
2018 2267 2342 2324 benedictio
2386 2273 2596 2342 populo
2639 2273 2822 2342 detur,
2851 2296 2878 2323 ››
2914 2293 2972 2328 se
3003 2277 3062 2330 in
3092 2279 3327 2333 ecclesia
3357 2281 3536 2334 conti-

1929 2362 2080 2412 neat.
2097 2359 2233 2423 Quze
2249 2360 2571 2417 benedictio
2589 2386 2615 2412 «
2627 2367 2923 2435 praemissa
2935 2369 3194 2424 oratione
3206 2372 3535 2426 Dominica»

1929 2449 2054 2534 dari
2083 2451 2289 2505 dicitur
2317 2452 2376 2505 in
2408 2470 2674 2509 sermone
2703 2459 2985 2528 sequenti.
3011 2461 3126 2515 Huc
3147 2466 3363 2532 spectat
3383 2464 3538 2534 quod

1927 2529 2136 2612 l'egitur
2167 2543 2225 2596 in
2257 2544 2352 2598 lib.
2385 2562 2401 2598 1
2433 2545 2502 2598 de
2543 2547 2801 2616 ejusdem
2829 2551 3057 2605 Caesarii
3087 2529 3201 2608 vita
3234 2529 3494 2610 numﬁi
3520 2571 3534 2612 :

1931 2656 1958 2682 ‹‹
1987 2636 2118 2688 Post
2149 2635 2269 2689 haec
2289 2637 2539 2706 quadam
2567 2639 2658 2692 die
2687 2641 3037 2712 prospiciens
3058 2645 3128 2698 de
3153 2647 3374 2713 altario,
3398 2648 3538 2702 vidit

1927 2725 2146 2796 aliquos
2175 2727 2336 2780 lectis
2362 2729 2682 2799 Evangeliis
2710 2731 2780 2785 de
2813 2735 3049 2789 ecclesia
3068 2737 3222 2790 foras
3242 2738 3411 2806 exire,
3438 2727 3553 2809 qui.

1926 2817 2162 2871 verbum
2191 2819 2346 2873 beati
2371 2820 2507 2888 Viri,
2537 2821 2594 2874 id
2620 2826 2705 2876 est
2738 2826 3229 2895 praedicationem,
3259 2830 3534 2900 dedigna-

1927 2908 2136 2964 bantur
2157 2911 2216 2964 in
2238 2913 2426 2982 primo
2449 2929 2812 2984 cognoscere.
2837 2918 2988 2972 Illico
3011 2936 3311 2975 occurrens
3333 2923 3539 2978 clama-

1927 3001 2005 3054 vit
2034 3003 2106 3056 ad
2135 3005 2410 3074 populum
2443 3022 2457 3060 :
2493 3006 2638 3070 Quid
2665 3009 2852 3077 agitis,
2877 3026 2909 3064 ο
2938 3011 3078 3066 ﬁlii?
3107 3013 3228 3076 Quo
3261 3014 3537 3072 ducimini

1925 3093 2078 3147 foras
2117 3097 2270 3149 mala
2307 3097 2570 3151 suasione
2609 3100 2898 3154 subversi?
2927 3101 3082 3157 State
3106 3121 3209 3174 pro
3237 3107 3538 3162 animabus

172 3189 342 3244 facta
383 3193 544 3256 sunt,
576 3206 830 3260 quarum
873 3191 1358 3244 commemoratio
1400 3190 1530 3244 huic
1559 3191 1682 3244 loco
1711 3207 1826 3244 non
1849 3233 1906 3306 Ο
1928 3187 2126 3240 vestris
2155 3188 2228 3241 ad
2256 3189 2490 3244 verbum
2519 3191 2948 3261 admonitionis,
2983 3199 3041 3249 et
3068 3197 3260 3251 audite
3290 3200 3531 3256 solliciti.

172 3297 379 3306 ---ην
420 3282 693 3306 -.._.l--..:a
739 3285 975 3306 [τη-Α..-
1009 3283 1026 3306 ι
1048 3288 1062 3306 ι
1100 3287 1325 3306 -..--..ι-...
1357 3283 1576 3306 ιιι,ι--ε..
1607 3283 1658 3306 ιη
1685 3283 1799 3306 οη..
1929 3278 2042 3306 ΠΛ..
2069 3279 2222 3306 "ALL.
2253 3280 2306 3306 ε..
2335 3281 2421 3306 .Jz-
2455 3281 2646 3306 :.-.):...':
2671 3285 2853 3306 ιι---..-
2887 3303 2993 3306 ___
3026 3287 3058 3306 ιε
3080 3305 3083 3306 ,
3109 3289 3146 3306 Α
3174 3289 3205 3306 οι
3260 3291 3306 3306 ιι
3519 3296 3528 3306 .

171 3297 384 3351 parum
415 3282 716 3337 conducit.
739 3285 977 3337 Canone
1007 3283 1064 3336 11
1095 3287 1325 3337 cavetur
1341 3283 1582 3336 Alleluia
1603 3283 1663 3336 in
1685 3283 1830 3346 Qua-
1851 3278 1906 3306 υ
1929 3278 2044 3332 Hoc
2069 3279 2226 3334 vobis
2252 3280 2309 3332 in
2332 3281 2423 3334 die
2447 3281 2651 3352 judicii
2670 3285 2859 3338 facere
2885 3287 3231 3356 non,licebit.
3258 3291 3458 3346 Moneo
3480 3296 3538 3346 et

172 3373 517 3446 dragesima
549 3375 668 3429 dici
691 3393 704 3429 :
731 3379 790 3428 et
811 3391 1036 3429 canone
1070 3379 1133 3430 12
1148 3377 1357 3432 Laudes
1377 3380 1500 3446 post
1517 3377 1830 3446 Apostolum

169 3467 482 3531 decantari,
500 3470 838 3538 priusquam
854 3470 1210 3537 Ecangelium
1225 3468 1570 3538 praedicetur,
1587 3469 1715 3521 dum
1732 3483 1825 3522 ca-

171 3575 331 3615 nones
375 3563 724 3632 praecipiunt
764 3565 891 3629 post
931 3561 1266 3630 Apostolum,
1316 3576 1422 3614 non
1463 3560 1691 3622 Laudes,
1735 3560 1828 3614 sed

167 3654 536 3722 Emngelium
561 3655 915 3708 annuntiari.
941 3651 1167 3706 Garsias
1193 3652 1418 3707 Loiaisa
1443 3651 1700 3706 Laudum
1729 3668 1826 3706 no-

170 3746 328 3800 mine
351 3746 644 3818 intelligit
664 3747 956 3818 hymnum
975 3745 1149 3799 trium
1172 3761 1504 3816 puerorum.
1517 3747 1590 3798 At
1605 3747 1825 3798 certum

171 3843 250 3891 est
271 3839 537 3894 Alleluia
567 3838 892 3910 signiﬁcari
925 3838 1034 3892 hoc
1069 3839 1214 3893 loco.
1245 3837 1493 3892 Isidorus
1519 3837 1589 3891 de
1621 3836 1824 3890 divinis

173 3929 394 3986 Ofﬁciis
432 3949 564 4004 cap.
615 3935 702 3986 I3.
737 3952 765 3978 «
803 3929 1048 3995 Laudes,
1089 3930 1297 4002 inquit,
1326 3931 1434 3984 hoc
1465 3933 1551 3984 est
1583 3929 1825 3984 Alleluia

171 4039 405 4079 canere.
435 4047 467 4074 ››
500 4026 578 4078 Et
606 4024 939 4095 signantius
964 4023 1306 4077 Walafridus
1343 4023 1578 4077 Strabus
1605 4021 1666 4075 in
1696 4039 1820 4093 cap.

171 4118 268 4172 22:
294 4141 324 4166 α
347 4117 752 4190 Hesponsoria
779 4120 838 4171 et
856 4116 1120 4182 Alleluia,
1145 4133 1272 4186 quae
1293 4119 1426 4170 ante
1449 4117 1822 4187 Evangelium

169 4214 505 4278 cantantur,
526 4209 747 4265 deinde
766 4209 1045 4279 adjuncta
1057 4208 1344 4276 videntur,
1364 4213 1668 4279 postquam
1681 4209 1824 4262 anti-

169 4302 382 4372 phonae
409 4304 487 4358 ad
507 4303 846 4374 ingressum
872 4301 985 4355 dici
1006 4301 1380 4372 exspirarunt.
1398 4301 1536 4365 Qum
1556 4305 1614 4355 et
1631 4303 1823 4356 viden-

1927 3372 2112 3425 clamo
2159 3371 2555 3444 obtestorque;
2607 3393 2723 3429 non
2769 3394 2906 3448 ergo
2953 3383 3132 3434 estote
3173 3382 3397 3452 fugitivi
3443 3385 3532 3438 vel

1927 3463 2100 3517 surdi.
2128 3465 2269 3518 Ecce
2296 3465 2409 3518 oris
2439 3467 2554 3519 mei
2575 3466 2833 3535 buccina,
2863 3471 3024 3540 quasi
3047 3473 3243 3527 anima
3263 3475 3532 3546 cujusque

1925 3559 2174 3610 vestrum
2207 3556 2380 3610 fuerit
2405 3557 2618 3612 diaboli
2642 3575 2917 3615 mucrone
2946 3570 3265 3635 perempta.
3293 3567 3415 3620 Non
3449 3571 3530 3621 te-

1924 3649 2106 3702 nebor
2130 3649 2200 3702 de
2227 3649 2612 3704 taciturnitate
2643 3653 2954 3722 culpabilis.
2980 3655 3063 3709 0b
3083 3657 3191 3710 hoc
3221 3657 3532 3727 smpissime

1925 3741 2070 3795 ostia
2097 3744 2226 3810 post
2250 3743 2558 3812 Evangelia
2586 3744 2772 3798 claudi
2792 3745 2946 3812 fecit,
2969 3746 3152 3802 donec
3168 3751 3284 3804 Deo
3305 3752 3532 3806 volente

1925 3834 2348 3904 gratularentur
2399 3833 2524 3906 35
2579 3836 2922 3892 coercitione
2977 3842 3035 3892 et
3084 3845 3372 3912 provectu,
3433 3845 3530 3916 qui

1922 3926 2150 3979 fuerant
2179 3930 2311 3980 ante
2338 3927 2582 3997 fugitivi.

1995 4019 2077 4072 14.
2101 4019 2258 4073 Hunc
2273 4020 2461 4074 locum
2478 4021 2769 4092 integrum
2786 4025 2973 4093 retuli,
2993 4029 3115 4080 tum
3139 4029 3273 4099 quia
3293 4027 3534 4102 insignis

1923 4115 2025 4179 est,
2054 4115 2176 4165 tum
2203 4116 2264 4165 ut
2291 4117 2565 4184 appareat
2591 4114 2769 4170 moris
2792 4116 2965 4171 fuisse
2989 4120 3253 4189 Caesario,
3277 4123 3436 4177 lectis
3461 4125 3534 4179 ad

1922 4204 2157 4258 missam
2183 4207 2523 4276 Evangeliis,
2557 4224 2886 4264 sermonem
2908 4210 2980 4264 ad
2997 4215 3274 4283 populum
3297 4215 3529 4271 habere.

1919 4298 2042 4351 Non
2073 4299 2256 4352 solum
2285 4303 2478 4352 autem
2510 4299 2568 4352 in
2601 4302 2891 4372 provincia
2915 4305 3252 4373 Arelatensi,
3278 4309 3376 4362 sed
3398 4313 3456 4362 et
3474 4310 3534 4364 in

171 4396 256 4450 tur
271 4397 596 4467 prohibita;
615 4395 944 4450 canonibus
959 4394 1364 4464 Hispanorum,
1381 4394 1478 4464 qui
1499 4395 1673 4465 longo
1696 4397 1824 4464 post
1921 4391 2046 4444 aliis
2065 4391 2384 4445 invaluerat
2403 4409 2576 4462 prava
2599 4394 2720 4448 haec
2742 4397 3112 4463 consuetudo,
3133 4403 3194 4452 ut
3213 4403 3340 4470 post
3359 4403 3535 4456 Evan-

174 4489 438 4560 tempore
470 4492 612 4543 sunt
639 4487 962 4544 constituti.
987 4489 1048 4540 In
1071 4486 1180 4540 illis
1207 4487 1359 4540 enim
1377 4487 1613 4556 jubetur
1632 4503 1704 4541 ne
1725 4487 1821 4541 ali-
1921 4483 2136 4552 gelium
2165 4484 2429 4538 nonnulli
2455 4485 2713 4540 ﬁdelium
2736 4491 2869 4540 ante
2891 4488 3124 4542 missam
3152 4490 3528 4548 discederent.

178 4581 298 4650 quis
315 4583 580 4654 hymnus
603 4582 760 4635 inter
782 4579 1094 4634 lectionem
1119 4580 1494 4650 apostolicam
1512 4583 1569 4632 et
1589 4596 1826 4650 evange-
1843 4591 1903 4661 D
1927 4576 2282 4646 Quapropter
2303 4575 2523 4629 diversa
2543 4577 2648 4632 hac
2669 4577 2738 4631 de
2759 4595 2820 4631 re
2836 4579 2895 4631 in
2909 4580 3160 4636 conciliis
3177 4586 3386 4637 statuta
3405 4601 3536 4640 con-

177 4671 343 4730 licam
367 4676 430 4730 in
454 4675 671 4729 ordine
695 4673 889 4727 missae
907 4675 1174 4744 ponatur.
1191 4693 1218 4721 n
1233 4675 1305 4725 At
1321 4671 1559 4742 quinam
1577 4689 1826 4726 canones
1929 4667 2048 4721 dita
2067 4671 2216 4733 sunt,
2237 4685 2446 4738 nempe
2463 4668 2520 4720 in
2536 4669 2849 4738 Agathensi
2865 4687 3081 4726 canone
3099 4675 3195 4742 47;
3214 4676 3270 4729 in
3288 4679 3538 4732 Aurelia-
3571 4680 3584 4690 ‘

180 4772 307 4822 ante
357 4768 683 4824 concilium
729 4783 785 4820 xv
823 4766 1165 4820 Toletanum
1207 4765 1266 4818 id
1303 4767 1514 4830 vetent,
1549 4765 1686 4818 alibi
1711 4782 1826 4820 non
1927 4761 2090 4814 nensi
2111 4760 2298 4831 primo
2321 4777 2540 4816 canone
2563 4765 2649 4828 26,
2675 4763 2805 4816 etin
2825 4765 3248 4831 tertio,canone
3265 4771 3536 4840 #29.Cuius

166 4859 322 4932 lego.
349 4863 562 4917 Canon
597 4863 661 4914 13
689 4859 856 4929 rejici
883 4860 1038 4911 vetat
1062 4858 1312 4928 hymnos
1347 4857 1407 4911 in
1439 4857 1670 4912 laudem
1702 4857 1824 4925 Dei,
1927 4855 2049 4908 haec
2071 4853 2244 4908 verba
2274 4871 2287 4907 :
2316 4857 2389 4909 De
2415 4857 2586 4909 missis
2626 4856 2808 4910 nullus
2847 4859 3101 4913 laicorum
3125 4868 3250 4915 ante
3273 4863 3532 4926 discedat,

169 4958 349 5026 atque
372 4955 790 5026 apostolorum
815 4954 875 5004 et
893 4954 1217 5022 martyrum
1234 4952 1466 5006 humano
1480 4951 1658 5006 studio
1679 4967 1829 5005 com-
1926 4963 2087 5016 quam
2128 4949 2398 5001 Dominica
2431 4948 2646 5001 dicatur
2683 4952 2884 5015 oratio;
2911 4955 2962 5004 et
2988 4953 3038 5005 si
3063 4955 3332 5022 episcopus
3362 4957 3535 5022 fuerit

173 5048 391 5118 positos
408 5066 422 5104 :
437 5050 598 5105 Sicut
622 5049 686 5101 hi
703 5059 839 5115 quos
867 5045 1404 5104 beatissimidoctores
1415 5045 1658 5100 Hilarius
1669 5047 1830 5112 atque

175 5141 490 5197 Ambrosius
525 5141 850 5196 ediderunt.
883 5137 1022 5203 Quos
1051 5141 1229 5192 tamen
1269 5137 1493 5206 quidam
1527 5137 1830 5206 specialiter

183 5237 487 5305 reprobant,
515 5251 628 5307 pro
661 5248 723 5288 eo
753 5229 904 5302 quod
929 5229 994 5283 de
1020 5231 1318 5300 Scripturis
1343 5234 1648 5284 sanctorum
1677 5244 1831 5284 cano;

187 5341 303 5382 num
335 5330 420 5384 vel
453 5327 771 5401 apostolica
809 5322 1106 5378 traditione
1141 5339 1248 5378 non
1271 5325 1528 5378 existunt.
1551 5321 1650 5376 Hic
1675 5323 1830 5376 locus

190 5427 428 5494 spectare
456 5422 700 5478 videtur
727 5431 1024 5472 canonem
1051 5419 1114 5470 12
1135 5415 1364 5470 concilii
1390 5432 1427 5469 ιι
1450 5414 1828 5482 Bracarensis,

188 5514 238 5570 in
257 5533 361 5591 quo
382 5513 696 5591 ejusmodi
711 5509 932 5583 hymni
952 5509 1352 5582 reprobantur,
1373 5507 1456 5561 uti
1471 5507 1648 5562 etiam
1667 5508 1728 5562 in
1747 5525 1832 5562 re-

180 5613 296 5688 gula
317 5617 674 5672 sanctorum
709 5603 890 5660 Pauli
913 5605 971 5656 et
993 5602 1272 5674 Stephani
1298 5603 1468 5672 caput
1495 5603 1577 5654 15.
1600 5601 1833 5655 Addunt

170 5707 342 5774 Patres
364 5713 428 5770 in
462 5707 704 5768 eodem
737 5712 974 5754 canone
1007 5699 1069 5750 12
1103 5713 1116 5750 :
1143 5698 1418 5766 Respuant
1443 5709 1566 5764 ergo
1600 5699 1650 5749 et
1677 5695 1832 5749 illum

171 5799 395 5883 hymnum
417 5808 496 5866 ab
519 5793 871 5863 hominibus
895 5791 1260 5862 compositum,
1283 5804 1436 5860 quem
1459 5787 1700 5883 quotidie
1720 5803 1828 5883 pu-

164 5881 267 5973 lmo
287 5907 660 5990 privatoque
689 5887 893 5962 ofﬁcio
921 5885 977 5938 in
1001 5885 1104 5954 ﬁne
1131 5885 1362 5941 omnium
1387 5881 1712 5955 psalmorum
1743 5882 1828 5938 di-

1929 5132 2345 5202 interpretatur'
2361 5131 2431 5185 de
2462 5132 2739 5196 oratione,
2763 5151 2888 5204 qua:
2915 5138 3040 5204 post
3063 5139 3537 5197 communionem

1930 5223 2152 5278 dicitur.
2186 5225 2257 5276 At
2282 5227 2608 5293 repugnant
2636 5224 2808 5278 verba
2837 5227 3062 5281 concilii
3087 5229 3362 5299 Toletani,
3393 5234 3533 5288 alio-

1929 5331 2190 5385 rumque.
2223 5316 2284 5367 In
2327 5314 2531 5368 Missali
2573 5315 2920 5373 Mozarabico
2961 5319 3283 5377 benedictio
3329 5324 3538 5396 ubique

1929 5406 2327 5463 communioni
2346 5407 2734 5478 praemittitur,
2753 5410 3006 5482 itemque
3027 5413 3088 5467 in
3109 5415 3397 5473 Gallicana
3418 5435 3540 5490 pas-

1929 5501 2038 5554 sim
2065 5500 2216 5572 apud
2241 5501 2609 5556 Thomasium
2645 5519 2658 5556 :
2687 5506 2744 5556 et
2773 5503 3047 5560 hactenus
3072 5507 3396 5564 benedictio
3425 5509 3539 5582 epi-

1930 5593 2169 5665 scopalis
2185 5598 2318 5648 ante
2338 5595 2808 5651 communionem
2823 5597 3007 5652 datur.
3024 5599 3243 5672 Quippe
3255 5603 3460 5657 licebat
3470 5603 3538 5657 iis

1931 5687 2029 5760 qui
2045 5704 2160 5742 non
2179 5688 2700 5757 communicabant,
2722 5695 2952 5762 accepta
2967 5691 3384 5761 benedictione,
3403 5697 3536 5751 ante

1931 5783 2403 5843 communionem
2426 5782 2736 5853 discedere,
2757 5788 2818 5845 ut
2832 5801 2897 5840 ex
2916 5785 3202 5859 praedictis
3221 5787 3356 5843 locis
3374 5787 3541 5846 intqu

1930 5877 2152 5950 ligitur:
2171 5880 2340 5951 atque
2364 5877 2494 5935 hinc
2516 5879 2672 5948 patet
2703 5895 2817 5933 non
2845 5891 3046 5938 omnes
3071 5879 3320 5953 quitum.
3345 5881 3538 5970 missa;

1920 5055 2172 5110 przesens,
2217 5039 2327 5108 ejus
2371 5041 2658 5095 benedictio
2700 5047 3044 5110 exspectetur.
3091 5045 3428 5101 Walafridus
3475 5049 3536 5104 id
3626 5115 3630 5120 ἱ
