3968 6426
448 385 542 447 131

1233 381 1564 438 APPENDIX
1599 381 1688 437 AD
1724 380 1942 436 OPERA
1981 378 2214 435 SANCTI
2251 375 2549 434 GERMANI
2587 375 3012 432 PARISIENSIS.

3719 363 3826 426 l3'2

449 491 776 562 aderant,in
790 492 994 548 eadem
1007 489 1481 545 communionem
1496 489 1926 560 accepisse.Imo
1940 503 2073 541 vero
2097 504 2154 576 Α
2173 485 2485 542 Missalibus
2497 484 2801 540 Gallicanis
2813 482 2965 554 apud
2976 479 3350 536 Thomasium
3364 482 3608 535 vocatur
3617 479 3837 552 populi

451 590 725 645 diaconus
754 589 886 640 ante
922 583 1397 638 communionem
1440 584 1691 637 clamare
1726 581 1946 635 solebat
1977 597 1990 634 :
2016 583 2075 636 Si

448 686 568 754 quis
613 696 718 736 non
759 680 1131 741 communicat,
1169 677 1260 732 det
1295 678 1486 740 locum,
1514 679 1760 730 testante
1797 673 2073 744 Gregorio

448 776 650 846 Magno
675 771 735 825 in
756 771 854 824 lib.
885 787 922 824 ιι
950 769 1347 840 Dialogorum,
1376 786 1499 840 cap.
1526 773 1612 835 23,
1639 767 1792 838 quod
1817 783 1932 846 non
1956 769 2078 819 tan-

450 871 572 921 tum
604 865 674 918 de
700 862 1128 934 pcenitentibus,
1157 862 1258 915 sed
1303 862 1479 915 etiam
1509 861 1580 914 de
1611 859 1902 930 quibusvis
1929 859 2074 925 aliis,

450 958 548 1030 qui
583 973 700 1012 non
736 954 1265 1020 communicabant,
1303 952 1750 1024 intelligendum
1790 951 2074 1006 existimo.

449 1053 560 1106 Por
575 1049 818 1104 romissa
832 1049 1053 1119 expleta
1071 1047 1411 1102 censebatur
1427 1048 1561 1099 ante
1579 1045 2077 1109 communionem,

451 1147 514 1199 ut
538 1143 707 1198 docet
733 1141 1041 1212 Gregorius
1073 1140 1418 1194 Turonensis
1455 1138 1694 1192 antistes
1723 1138 1780 1192 in
1812 1137 1910 1191 lib.
1942 1153 1980 1190 ιι
2009 1136 2080 1189 de

450 1235 729 1291 Miraculis
760 1233 939 1288 sancti
964 1233 1208 1300 Martini,
1233 1249 1358 1303 cap.
1382 1233 1447 1286 47
1474 1248 1487 1286 :
1516 1253 1541 1280 α
1564 1231 1822 1301 Cumque
1845 1229 2081 1300 expletis

453 1329 662 1396 missis,
698 1327 942 1399 populus
974 1326 1236 1396 caspisset
1277 1329 1703 1379 sacrosanctum
1737 1340 1940 1394 corpus
1972 1323 2078 1374 Re-

455 1421 774 1494 demptoris
807 1419 1085 1490 accipere,
1130 1442 1156 1469 ››
1197 1423 1304 1472 etc.
1333 1418 1648 1489 Cyprianus
1687 1417 1760 1471 ad
1795 1433 1926 1470 eum
1962 1416 2080 1469 fere

456 1518 696 1573 modum
720 1512 846 1588 36
869 1513 1121 1584 loquitur
1145 1512 1204 1566 in
1233 1512 1377 1566 libro
1400 1512 1470 1566 de
1493 1511 1686 1582 Lapsis
1709 1528 1721 1565 :
1750 1531 1776 1559 ‹‹
1799 1509 1902 1563 Ubi
1925 1526 2078 1575 vero,

456 1609 808 1666 solemnibus
862 1606 1209 1676 adimpletis,
1262 1605 1499 1660 calicem
1549 1604 1822 1658 diaconus
1873 1602 2080 1657 oﬂerre

455 1702 834 1775 praesentibus
876 1700 1063 1770 cmpit,
1096 1721 1122 1748 ››
1163 1701 1270 1752 etc.
1310 1699 1599 1762 Quantum
1644 1713 1815 1768 porro
1848 1696 2084 1749 duraret

457 1797 659 1850 saeculo
701 1811 753 1847 γι
804 1793 992 1847 missae
1038 1791 1366 1857 celebratio,
1407 1791 1661 1844 declarat
1703 1788 1982 1844 Caesarius
2023 1787 2080 1840 in

2176 579 2498 636 admonitio
2521 596 2553 632 a
2576 578 2869 632 sacerdote
2895 577 3045 630 facta
3067 575 3140 629 ad
3159 575 3315 629 diem
3329 575 3423 646 pie
3436 573 3834 645 exigendum,

2178 675 2404 745 qualem
2447 673 2506 726 in
2543 671 2892 727 Mozarabico
2929 673 3263 740 usurpatam
3313 668 3486 723 fuisse
3529 684 3597 721 ex
3645 667 3837 721 Beato

2178 765 2436 838 superius
2467 765 2731 819 vidimus.
2766 765 2857 819 Sic
2889 764 2955 818 in'
2986 758 3337 817 Mozarabico
3379 761 3451 816 ad
3482 760 3686 814 natale
3715 760 3838 814 Do-

2179 860 2366 914 mini:
2401 860 2570 916 Hodie
2607 861 2756 914 nobis
2797 859 3080 912 thesaurus
3113 861 3278 910 natus
3314 860 3435 909 est:
3477 856 3639 910 hodie
3675 854 3843 908 nobis

2181 957 2397 1009 lucerna
2427 955 2689 1023 Virginis,
2710 969 2873 1022 quam
2892 953 3130 1021 Spiritus
3147 955 3366 1006 sanctus
3393 950 3614 1018 ignivit,
3637 963 3840 1002 verum

2181 1049 2355 1102 lumen
2385 1048 2665 1118 apparuit,
2695 1049 2801 1100 etc.
2827 1047 2887 1098 In
2920 1044 3159 1098 Gothico
3188 1061 3287 1098 seu
3311 1042 3609 1098 Gallicana
3636 1041 3705 1095 in
3738 1040 3840 1095 die

2180 1141 2394 1196 Natalis
2421 1139 2654 1194 Domini
2687 1137 2890 1192 similis
2922 1137 3190 1192 Praefatio
3232 1137 3446 1207 legitur
3475 1139 3610 1208 post
3635 1135 3840 1189 Evan-

2183 1233 2418 1304 gelium.
2451 1236 2524 1286 At
2563 1232 2730 1286 initio
2765 1232 2955 1286 missas
2999 1230 3071 1285 ad
3111 1230 3268 1284 diem
3309 1229 3492 1284 sancti
3538 1225 3843 1300 Stephani

2181 1326 2621 1398 protomartyris
2649 1343 2662 1380 :
2701 1326 3069 1382 Venerabilem
3095 1329 3258 1394 atque
3291 1325 3572 1378 sublimem
3620 1323 3842 1377 beatis-

2179 1424 2303 1476 simi
2314 1421 2729 1492 protomartyris
2747 1420 3008 1489 Stephani
3026 1421 3330 1489 passionem
3357 1418 3513 1472 hodie
3539 1417 3843 1472 celebran-

2184 1520 2276 1578 tes,
2310 1518 2472 1570 Deum
2498 1517 2819 1580 martyrum,
2849 1514 3051 1578 fratres
3087 1513 3410 1574 charissimi,
3440 1512 3840 1581 deprecamur,

2183 1612 2290 1661 etc.
2336 1606 2556 1676 Ubique
2610 1605 2838 1671 desinit,
2877 1621 2976 1675 per
3023 1607 3305 1660 Dominum
3357 1609 3603 1658 nostrum
3648 1607 3844 1658 Iesum

2185 1703 2472 1758 Christum.
2502 1699 2591 1753 Sic
2627 1699 2686 1752 in
2725 1698 2995 1752 omnibus
3033 1699 3154 1751 fere
3190 1697 3379 1752 missis
3420 1697 3687 1752 Gothicis
3733 1713 3840 1750 seu

2183 1793 2487 1848 Gallicanis
2517 1793 2780 1846 Prtefatio
2811 1791 2974 1845 initio
3003 1791 3256 1862 ponitur.

456 1893 697 1958 utroque
734 1901 1003 1941 sermone
1044 1884 1418 1955 Ρνεθῖἃυάἃῐο,
1450 1883 1544 1937 libi
1577 1883 1675 1948 ait,
1706 1882 1899 1936 diViDa
1927 1898 2081 1951 mys-
2105 1879 2160 1949 B
2255 1888 2306 1940 4.
2331 1887 2486 1940 Hanc
2518 1885 2836 1956 excipiebat
2863 1884 3030 1938 lectio
3053 1883 3397 1954 Prophetise.
3423 1882 3755 1954 Gregorius
3783 1882 3842 1936 in

457 1982 601 2036 teria
626 2004 652 2029 u
685 1980 852 2034 unius
881 1979 967 2032 vel
1000 1977 1246 2031 duarum
1277 1977 1553 2030 horarum
1580 1975 1764 2047 spatio
1793 1997 1820 2023 ››
1851 1977 2084 2046 peracta

457 2076 650 2130 fuisse.
681 2073 842 2128 Unde
889 2071 948 2125 in
999 2087 1267 2125 sermone
1314 2069 1668 2140 praecedenti
1710 2066 2085 2139 reprehendit

457 2167 738 2240 quosdam
787 2164 1054 2220 homines
1104 2166 1510 2234 praepotentes,
1564 2163 1662 2234 qui
1721 2161 2084 2233 presbyteros

461 2261 746 2332 cogebant
779 2281 805 2308 ‹‹
838 2257 1074 2313 missam
1108 2256 1462 2311 abbreviare.
1499 2278 1525 2304 ι)

1112 2373 1333 2427 CAPUT
1369 2373 1430 2424 V.

458 2474 634 2528 Missae
659 2470 954 2527 Gallicanae
969 2470 1158 2538 partes
1177 2466 1499 2538 singillatim
1519 2464 1862 2534 explicantur
1883 2479 1948 2538 ea:
1965 2465 2085 2520 Gre-

563 2545 710 2612 gorio
743 2537 1034 2596 Turonensi
1058 2541 1319 2608 episcopo,
1350 2537 1580 2605 aliisque
1609 2537 1976 2588 monumentis.

533 2635 580 2690 l.
611 2636 739 2689 Haec
784 2633 974 2688 missa:
1019 2631 1324 2686 Gallicanae
1367 2646 1498 2683 cum
1542 2627 1912 2694 Mozarabica,
1957 2641 2084 2698 quae

459 2746 736 2800 magnam
769 2744 900 2782 cum
931 2743 1000 2779 ea
1021 2724 1102 2793 (ut
1127 2723 1469 2794 praedictum
1501 2723 1603 2792 est)
1626 2721 1968 2774 affinitatem
1991 2721 2087 2774 11a-

457 2824 575 2889 bet,
604 2819 959 2892 comparatio
985 2819 1104 2870 visa
1135 2820 1221 2870 est
1253 2817 1364 2869 hoc
1389 2817 1514 2869 loco
1544 2813 1902 2868 necessaria:
1935 2831 2085 2868 nunc

460 2933 594 2971 vero
621 2915 760 2986 quid
791 2931 857 2967 ex
883 2910 1186 2967 Gallicanis
1213 2908 1632 2974 monumentis,
1662 2907 1982 2978 praesertim
2020 2924 2085 2961 ex

461 2985 736 3079 Gregorio
762 3005 1079 3060 Turonensi
1107 3003 1361 3057 antistite
1400 3002 1472 3056 de
1513 2985 1802 3055 Gallicana
1832 3000 2085 3072 Liturgia

459 3103 729 3173 colligere
757 3099 922 3154 nobis
946 3097 1122 3165 licuit,
1156 3095 1559 3168 exponendum
1596 3098 1698 3148 est.

530 3201 582 3251 2.
613 3198 674 3250 In
703 3193 971 3248 omnibus
1001 3190 1269 3261 Liturgiis
1304 3189 1479 3243 missa
1508 3188 1818 3258 incipiebat
1843 3187 1914 3242 ab
1947 3187 2089 3242 anti-

461 3292 657 3364 pbona
677 3287 950 3360 quadam.
971 3285 1132 3340 Unde
1149 3284 1312 3351 liber,
1333 3284 1429 3353 qui
1447 3282 1732 3352 ejusmodi
1748 3299 1942 3336 versus
1961 3299 2091 3336 con-

461 3385 628 3449 tinet,
657 3379 1141 3451 Antiphonarium
1173 3395 1207 3432 a
1229 3379 1448 3432 Joanne
1485 3376 1736 3430 Diacono
1771 3379 2006 3430 vocatur
2031 3375 2088 3430 in

461 3478 589 3532 Vita
615 3474 874 3545 Gregorii
905 3471 1112 3542 Magni.
1143 3472 1222 3525 De
1250 3471 1338 3524 his
1365 3469 1716 3540 antiphonis,
1743 3485 1886 3540 quas
1916 3469 2090 3523 modo

460 3568 732 3626 Introitus
748 3567 1124 3639 appellamus,
1145 3563 1645 3634 interpretandum
1663 3563 1890 3616 videtur
1909 3562 2092 3618 conci-

461 3665 603 3720 lium
624 3662 952 3734 Agathense
975 3658 1113 3714 anni
1135 3661 1256 3726 506,
1277 3673 1499 3712 canone
1523 3659 1590 3711 3O
1617 3673 1630 3712 :
1656 3660 1724 3712 Et
1752 3659 1884 3726 quia
1902 3672 2088 3711 conve-

456 3761 539 3814 nit
567 3741 806 3814 ordiriem
840 3755 1086 3811 Ecclesiae
1119 3753 1189 3806 ab
1223 3751 1465 3807 omnibus
1491 3751 1774 3821 aequaliter
1810 3751 2088 3813 custodiri,

457 3851 780 3908 studendum
815 3853 910 3910 est,
952 3851 1014 3902 ut
1049 3849 1188 3901 sicut
1209 3846 1404 3915 ubique
1442 3847 1523 3914 ﬁt,
1552 3849 1602 3898 et
1620 3847 1742 3914 post
1767 3845 2092 3914 antiphonas

462 3946 799 4002 Collectiones
835 3941 904 3995 ab
941 3941 1198 4010 episcopis
1233 3939 1318 3992 vel
1349 3938 1684 4007 presbyteris
1725 3937 2000 3992 dicantur.
2031 3936 2091 3990 Id

464 4037 693 4110 generis
709 4035 903 4090 forsan
921 4035 1046 4086 erat
1061 4031 1159 4084 illa
1175 4029 1513 4100 antiphona,
1529 4046 1704 4100 quam
1723 4045 1790 4084 ex
1808 4031 2092 4100 improviso

460 4131 805 4188 Primicerius
850 4127 1124 4197 imposuit,
1177 4139 1305 4177 cum
1361 4123 1521 4177 missi
1580 4123 1851 4178 Clodovei
1902 4123 2091 4194 Magni

463 4227 664 4281 contra
689 4220 977 4275 Alaricum
1013 4217 1306 4289 pergentis
1334 4216 1631 4271 basilicam
1659 4217 1841 4270 sancti
1866 4217 2091 4272 Martini

462 4315 707 4390 ingressi
749 4317 898 4380 sunt,
929 4310 1276 4384 exploraturi
1304 4308 1426 4383 3'7
1459 4327 1532 4365 an
1562 4312 1741 4366 Deum
1777 4312 2089 4382 propitium

461 4411 761 4468 habiturus
787 4411 952 4475 esset,
989 4423 1055 4460 ex
1087 4404 1364 4476 Gregorio
1395 4405 1714 4460 Turonensi
1741 4406 2008 4477 episcopo
2029 4406 2088 4459 in

461 4507 559 4562 lib.
604 4521 664 4573 ιι,
703 4520 826 4574 cap.
872 4504 958 4557 39.
1000 4499 1333 4570 Antiphona
1374 4499 1496 4553 huic
1541 4502 1709 4554 erat:
1752 4502 2094 4556 Praecina'isti

460 4617 562 4663 me,
593 4601 830 4660 Domine,
860 4598 1059 4650 virtute
1083 4595 1159 4648 ad
1187 4594 1401 4657 bellum,
1429 4596 1536 4647 etc.

535 4697 585 4748 3.
609 4691 1002 4761 Antiphonam
1026 4691 1084 4741 et
1103 4704 1330 4742 versum
1353 4687 1700 4758 sequebatur
1722 4704 1788 4742 ex
1815 4703 2036 4742 canone
2059 4690 2089 4742 3

465 4783 691 4844 concilii
740 4799 779 4838 ιι
817 4781 1080 4836 Vasensis
1107 4784 1272 4850 Ky-rie
1315 4782 1528 4844 eleison,
1557 4781 1991 4852 frequentatum
2017 4781 2092 4836 ad

461 4882 756 4940 Matutinos
781 4882 833 4933 et
871 4877 946 4932 ad
969 4879 1188 4942 missas;
1217 4877 1345 4946 quia
1379 4880 1492 4930 tam
1535 4877 1594 4929 in
1627 4876 1748 4932 sede
1773 4875 2088 4946 apostolica,

460 4992 623 5048 quam
647 4976 810 5028 etiam
834 4987 936 5043 per
962 4974 1100 5025 totas
1130 4971 1360 5025 Orientis
1385 4973 1548 5038 atque
1580 4969 1758 5024 Italia
1787 4971 2091 5038 provincias

461 5073 571 5127 haec
609 5066 928 5123 consuetudo
970 5068 1046 5119 est
1089 5066 1413 5119 intromissa.
1455 5061 1621 5133 Apud
1668 5063 1912 5129 Graecos,
1946 5065 2090 5116 teste

463 5159 739 5234 Gregorio
759 5159 983 5230 Magno,
1003 5179 1028 5207 «ι
1043 5160 1207 5227 Kyrie
1226 5158 1421 5212 eleison
1442 5155 1612 5209 simul
1640 5171 1844 5210 omnes
1871 5155 2086 5210 dicunt.

462 5255 628 5329 Apud
656 5270 761 5309 nos
785 5256 1000 5318 autem,
1031 5249 1235 5322 inquit,
1267 5267 1300 5305 a
1333 5248 1554 5304 clericis
1580 5248 1806 5317 dicitur,
1837 5252 1895 5303 et
1927 5266 1961 5303 a
1987 5265 2087 5320 po-

463 5353 598 5424 pulo
625 5346 1024 5419 respondetur,
1054 5350 1111 5400 et
1139 5345 1381 5400 totidem
1410 5345 1615 5402 Christe
1638 5344 1832 5398 eleison
1862 5343 2087 5409 dicitur,

463 5443 618 5517 quod
649 5443 804 5497 nullo
835 5440 1010 5496 modo
1050 5439 1203 5510 apud
1233 5439 1476 5494 Graecos.
1505 5457 1534 5484 η
1567 5437 1711 5491 Dein
1747 5437 2094 5507 sequebatur

462 5555 567 5612 pro
589 5536 813 5592 ratione
835 5539 1165 5606 temporum
1181 5531 1334 5604 apud
1347 5533 1632 5585 nostrates
1643 5529 1832 5583 Gallos
1843 5530 2092 5600 hymnus

465 5631 755 5705 angelicas
781 5632 965 5688 Gloria
993 5631 1050 5682 in
1074 5627 1292 5681 emcelsis
1319 5628 1442 5687 Deo,
1473 5622 1633 5693 cuius
1663 5621 1934 5676 meminit
1962 5624 2094 5680 Gre-

461 5726 658 5802 gorius
684 5721 1031 5781 Turonensis
1061 5719 1360 5791 episcopus
1382 5716 1441 5772 in
1471 5715 1570 5772 lib.
1596 5733 1612 5771 ι
1635 5715 1707 5771 de
1729 5715 1917 5770 Gloria
1936 5733 2091 5772 mar-

461 5826 676 5898 tyrum,
701 5835 826 5894 cap.
850 5820 938 5887 63,
973 5818 1031 5870 et
1058 5812 1119 5869 in
1153 5811 1252 5868 lib.
1279 5829 1318 5868 ιι
1341 5811 1412 5868 de
1436 5809 1717 5867 Miraculis
1742 5811 1926 5867 sancti
1947 5811 2091 5868 Mar-

463 5915 590 5986 tini,
621 5931 744 5987 cap.
774 5915 861 5970 25.
894 5909 989 5966 His
1033 5906 1371 5964 succedebat
1406 5905 1693 5963 Praefatio.
1726 5903 1816 5961 Sic
1845 5905 1998 5962 enim
2032 5905 2089 5962 in

2111 4619 2169 4692 D

2185 1979 2280 2033 lib.
2312 1996 2410 2034 vm
2444 1979 2696 2032 historice
2727 1979 3096 2044 Francorum,
3126 1994 3248 2048 cap.
3284 1981 3316 2031 7
3351 1993 3364 2032 :
3399 1998 3427 2026 α
3455 1977 3843 2030 Adveniente

2185 2089 2412 2144 quoque
2441 2072 2534 2126 die
2558 2069 2685 2145 38
2709 2071 3010 2126 Dominico
3033 2088 3131 2124 rex
3157 2071 3632 2126 Guntchramnus
3655 2071 3850 2125 eccle-

2186 2167 2328 2220 siam
2352 2166 2424 2220 ad
2445 2165 2756 2236 spectanda
2777 2164 3084 2219 missarum
3107 2165 3393 2219 solemnia
3415 2164 3580 2236 petit.
3599 2165 3848 2218 Fratres

2184 2276 2318 2314 vero
2349 2259 2898 2329 consacerdotesque
2925 2258 3024 2329 qui
3051 2258 3313 2325 aderant,
3336 2259 3530 2313 locum
3563 2257 3847 2313 Palladio

2188 2353 2453 2424 episcopo
2467 2353 2538 2407 ad
2553 2352 2783 2423 agenda
2798 2353 2943 2406 festa
2961 2351 3351 2422 praebuerunt.
3368 2352 3491 2417 Quo
3505 2351 3849 2423 incipiente

2185 2445 2575 2517 Prophetiam,
2603 2463 2702 2499 rex
2733 2445 3048 2513 interrogat
3073 2445 3198 2516 quis
3225 2448 3393 2500 esset.
3416 2446 3691 2516 Cumque
3715 2446 3852 2501 Pal-

2186 2539 2403 2593 ladium
2435 2539 2766 2610 episcopum
2809 2537 3065 2592 initiasse
3098 2539 3594 2610 pronuntiassent,
3627 2539 3846 2594 statim

2185 2636 2511 2688 commotus
2523 2650 2618 2686 rex
2633 2632 2764 2698 ait,»
2783 2636 2890 2688 etc.
2905 2633 3276 2704 Prophetiam
3292 2633 3487 2703 itaque
3503 2633 3846 2703 aliquando

2188 2727 2383 2792 lector,
2414 2726 2726 2796 aliquando
2767 2727 3034 2783 sacerdos
3066 2726 3500 2798 pronuntiabat.
3528 2728 3673 2780 Post
3705 2743 3850 2798 pro-

2187 2819 2444 2890 phetiam
2474 2820 2732 2874 Psalmus
2756 2820 3172 2891 responsorius,
3203 2821 3303 2892 qui
3328 2819 3537 2874 tractui
3567 2837 3674 2874 seu
3707 2822 3855 2876 Gra-

2190 2913 2344 2966 duali
2398 2913 2680 2968 hodierno
2739 2915 3069 2984 respondet,
3121 2917 3371 2969 testante
3431 2914 3728 2984 Gregorio
3791 2915 3852 2968 in

2190 3006 2448 3060 Historiae
2478 3007 2825 3062 Francorum
2855 3008 2950 3062 lib.
2980 3025 3099 3076 vm,
3131 3025 3254 3079 cap.
3286 3012 3317 3063 3
3349 3025 3361 3063 :
3395 3030 3422 3057 (ι
3450 3009 3689 3063 Interea
3711 3009 3853 3079 jam

2193 3100 2387 3154 medio
2415 3101 2642 3171 prandii
2673 3105 2926 3172 peracto,
2949 3102 3115 3171 jubet
3148 3119 3248 3156 rex
3278 3105 3342 3156 ut
3377 3101 3704 3158 diaconum
3735 3120 3853 3158 no-

2193 3196 2394 3261 strum,
2424 3193 2522 3265 qui
2551 3197 2684 3248 ante
2716 3194 2873 3249 diem
2901 3195 2974 3249 ad
3017 3195 3219 3249 missas
3257 3195 3552 3250 Psalmum
3587 3212 3851 3267 respon-

2192 3287 2407 3341 sorium
2440 3287 2680 3355 dixerat,
2711 3305 2916 3342 canere
2938 3288 3226 3358 juberem.

2263 3385 2312 3434 5.
2344 3381 2458 3435 Hoc
2489 3380 2671 3447 ﬁnito,
2703 3381 2977 3436 diaconus
3003 3382 3296 3436 silentium
3331 3381 3628 3437 indicebat
3657 3382 3744 3438 ad
3775 3385 3860 3439 le-

2192 3473 2442 3528 ctionem
2480 3473 2765 3544 Epistolm,
2790 3492 2918 3546 quae
2940 3493 2973 3528 a
3002 3476 3352 3547 subdiacopo
3375 3475 3764 3532 recitabatur.
3789 3481 3854 3533 In

2193 3567 2534 3638 quibusdam
2567 3567 2755 3621 missis
2787 3568 3061 3623 diaconus
3084 3573 3218 3622 ante
3241 3569 3566 3636 Orationes,
3589 3585 3748 3640 quas
3776 3572 3860 3626 le-

2193 3661 2474 3714 ctionibus
2494 3660 2768 3732 prmmitti
2787 3677 2913 3716 mos
2930 3666 3071 3729 erat,
3087 3662 3371 3716 flectenda
3393 3678 3589 3734 genua
3609 3663 3855 3720 indice-

2192 3753 2307 3808 bat.
2343 3754 2504 3808 Unde
2533 3754 2812 3808 Gzesarius
2843 3755 2901 3809 in
2936 3772 3205 3811 sermone
3234 3759 3336 3810 285
3366 3773 3530 3810 novae
3553 3759 3858 3828 appendi-

2193 3847 2272 3901 cis
2294 3847 2726 3917 Augustinianaa
2756 3865 2768 3902 :
2798 3872 2824 3897 ‹‹
2847 3849 3136 3920 Supplice,
3171 3851 3378 3904 fratres
3403 3849 3769 3920 charissimi,
3794 3857 3857 3908 et

2193 3945 2433 4012 paterna
2450 3941 2663 4011 pietate
2683 3959 3050 4010 commoneo,
3067 3945 3129 3997 ut
3153 3943 3613 4016 quotiescunque
3636 3945 3854 4001 Oratio

2192 4033 2480 4100 indicitur,
2512 4034 2610 4105 qui
2631 4035 2776 4090 forte
2798 4053 2902 4107 pro
2923 4037 3115 4108 aliqua
3133 4036 3474 4092 inﬁrmitate
3498 4054 3619 4092 non
3644 4045 3857 4111 potest

2193 4144 2384 4199 genua
2419 4129 2672 4196 ﬂectere,
2701 4133 2759 4182 et
2789 4130 3022 4185 dorsum
3060 4130 3388 4197 incurvare;
3422 4132 3512 4185 vel
3545 4133 3852 4188 cervicem

2193 4221 2496 4276 humiliare
2529 4238 2644 4276 non
2682 4223 2926 4277 differat.
2961 4245 2988 4273 »
3023 4225 3091 4278 Et
3119 4224 3180 4278 in
3208 4241 3479 4278 sermone
3511 4229 3799 4297 sequenti
3836 4246 3850 4283 :

2196 4338 2222 4364 «
2255 4315 2415 4385 Rogo
2439 4319 2495 4369 et
2521 4315 2810 4372 admoneo
2841 4334 2956 4384 vos,
2989 4318 3194 4371 fratres
3217 4318 3564 4386 charissimi,
3597 4323 3664 4374 ut
3701 4338 3854 4392 quo-

2191 4408 2524 4480 tiescunque
2545 4409 2705 4480 juxta
2731 4411 2910 4465 altare
2943 4428 2976 4465 a
3009 4411 3228 4465 clericis
3255 4415 3472 4480 oratur,
3504 4416 3608 4467 aut
3635 4414 3850 4470 Oratio

2193 4502 2435 4557 diacono
2476 4503 2762 4558 clamante
2798 4503 3088 4572 indicitur,
3125 4521 3241 4560 non
3275 4506 3463 4560 solum
3501 4507 3708 4574 corda,
3741 4509 3858 4564 sed

2193 4596 2368 4650 etiam
2387 4613 2628 4667 corpora
2650 4597 2897 4651 fideliter
2913 4598 3220 4652 inclinetis.
3235 4600 3378 4653 Nam
3399 4599 3540 4654 dum
3562 4600 3856 4672 frequen-

2194 4693 2297 4756 ter,
2346 4689 2490 4744 sicut
2533 4693 2779 4760 oportet,
2822 4694 2880 4744 et
2925 4691 3236 4762 diligenter
3277 4693 3538 4760 attendo,
3580 4692 3854 4752 diacono

2191 4783 2498 4848 clamante,
2523 4785 2818 4840 Flectamus
2836 4801 3030 4854 genua,
3055 4785 3374 4840 maximam
3397 4790 3656 4858 partem,
3683 4791 3859 4848 velut

2191 4877 2488 4932 columnas
2517 4880 2754 4945 erectas,
2780 4881 2934 4933 stare
2961 4879 3272 4950 conspicio,
3297 4903 3325 4930 ι)
3352 4884 3460 4935 etc.
3487 4881 3569 4934 De
3599 4881 3855 4939 silentio

2191 4988 2294 5042 per
2327 4971 2634 5026 diaconum
2665 4971 2881 5026 indicto
2913 4973 3102 5027 locum
3135 4975 3397 5046 superius
3429 4975 3752 5032 retulimus
3780 4995 3856 5033 ex

2191 5065 2450 5136 Gregorii
2479 5066 2825 5119 Turonensis
2852 5066 2948 5120 lib.
2978 5081 3074 5133 vn,
3106 5084 3230 5140 cap.
3264 5071 3316 5123 8.

2263 5163 2313 5213 6.
2338 5160 2472 5212 Post
2491 5159 2794 5228 epistolam
2820 5159 3096 5214 diaconus
3118 5161 3193 5215 ad
3213 5162 3530 5217 ambonem
3555 5165 3858 5234 procede-

2191 5251 2290 5306 bat
2331 5251 2405 5305 ad
2445 5251 2756 5322 legendum
2785 5254 3180 5324 Evangelium.
3213 5257 3639 5312 Guntchramni
3679 5261 3856 5332 regis

2193 5345 2314 5399 htec
2334 5344 2504 5398 verba
2528 5348 2659 5398 sunt
2681 5346 2832 5416 apud
2854 5347 3128 5402 eumdem
3152 5349 3497 5420 Gregorium
3517 5350 3576 5404 in
3591 5350 3696 5407 lib.
3715 5369 3852 5423 vm,

2193 5453 2315 5508 cap.
2345 5438 2378 5490 4
2411 5454 2424 5490 :
2457 5459 2483 5486 ‹‹
2510 5440 2570 5492 ln
2603 5436 2730 5510 39
2775 5439 2868 5494 die
2912 5444 3108 5495 sancto
3144 5442 3395 5510 Pascha,
3429 5447 3619 5499 stante
3653 5446 3857 5503 fratre

2193 5546 2326 5584 meo
2358 5530 2658 5600 Sigeberto
2686 5532 2744 5586 in
2770 5533 3026 5602 ecclesia,
3051 5535 3401 5606 procedente
3425 5537 3678 5595 diacono
3703 5557 3854 5598 cum

2194 5627 2389 5678 sancto
2432 5625 2874 5696 Evangeliorum
2919 5627 3086 5695 libro,
3129 5629 3364 5685 nuntius
3403 5631 3530 5704 regi
3571 5632 3852 5706 advenit,

2192 5733 2421 5790 unaque
2447 5735 2552 5774 vox
2592 5718 2701 5774 fuit
2729 5722 3156 5791 pronuntiantis
3184 5723 3498 5781 lectionem
3532 5731 3852 5802 evangeli-

2193 5828 2342 5883 cam,
2375 5829 2441 5869 ac
2467 5813 2657 5869 nuntii
2683 5811 2925 5872 dicentis
2955 5833 2968 5874 :
3000 5816 3171 5873 Filius
3202 5820 3374 5876 natus
3399 5823 3487 5876 est
3515 5819 3644 5879 tibi.
3676 5845 3708 5876 »

2263 5911 2313 5962 7.
2340 5908 2402 5962 In
2439 5907 2598 5963 festis
2638 5903 2964 5967 sanctorum
3001 5911 3106 5967 has
3147 5912 3425 5970 lectiones
3459 5917 3854 5988 praecedebat
