3968 6442
138 393 216 449 I33

133 499 272 554 lectio
311 497 600 569 passionis
628 515 732 556 seu
769 500 912 556 Vitae
946 501 1308 569 Sanctorum,
1341 519 1584 574 quorum
1609 503 1754 556 festa

132 591 528 646 recolebantur.
572 593 730 646 Audi
774 593 1114 664 Gregorium
1153 591 1212 648 in
1253 595 1348 648 lib.
1389 611 1405 648 ι
1447 595 1518 648 de
1560 594 1748 650 Gloria

129 686 444 754 martyrum,
469 701 602 755 cap.
634 688 706 740 86
737 703 752 740 :
789 707 816 736 ‹‹
841 686 971 741 Dies
995 686 1276 758 passionis
1305 689 1429 740 erat
1451 687 1746 758 Polycarpi

129 776 368 846 martyris
394 777 629 846 magni,
655 780 717 831 et
741 777 802 832 in
823 777 1227 850 Ricomagensi
1250 778 1372 834 vico
1394 779 1630 834 civitatis
1649 783 1747 832 Ar-

127 883 289 921 vernaa
310 867 432 938 ejus
459 869 762 924 solemnia
775 871 1231 926 celebrabantur.
1252 870 1606 942 Lectaigitur
1621 889 1745 942 pas-

125 960 259 1014 sione
284 977 413 1014 cum
445 961 697 1032 reliquis
718 962 1078 1030 lectionibus,
1112 980 1253 1034 quas
1274 979 1456 1018 canon
1479 963 1739 1018 sacerdo-

124 1052 230 1106 talis
256 1051 482 1120 invexit,
516 1056 761 1126 tempus
788 1056 862 1109 ad
889 1055 1227 1110 sacrificium
1261 1056 1619 1111 offerendum
1647 1056 1742 1110 ad-

122 1144 268 1199 venit.
299 1167 324 1193 ››
349 1146 407 1200 Si
435 1147 563 1200 haec
585 1147 766 1202 lectio
789 1149 1049 1219 proxime
1073 1149 1226 1202 facta
1250 1165 1365 1204 non
1391 1149 1587 1202 fuisset
1607 1152 1739 1202 ante

122 1236 456 1305 sacrificium,
493 1255 632 1293 eam
667 1240 764 1294 hic
791 1257 1252 1296 commemorare
1278 1241 1417 1294 nihil
1439 1241 1734 1294 attinebat.

122 1329 363 1398 Ejusdem
381 1330 657 1386 lectionis
671 1332 830 1386 idem
843 1333 1150 1404 Gregorius
1167 1333 1435 1387 meminit
1448 1333 1506 1386 in
1519 1332 1739 1386 duobus

119 1425 224 1479 aliis
245 1426 398 1491 locis,
427 1440 652 1495 nempe
685 1425 744 1478 in
773 1424 870 1480 lib.
909 1442 946 1479 ιι
983 1426 1053 1480 de
1083 1425 1358 1481 Miraculis
1396 1423 1573 1478 sancti
1595 1425 1735 1478 Mar-

119 1517 222 1583 tini,
249 1535 366 1588 cap.
394 1520 463 1571 29
509 1519 570 1570 et
601 1534 736 1588 cap.
771 1519 859 1584 49,
890 1517 987 1571 ubi
1030 1517 1152 1572 hanc
1178 1517 1348 1572 verba
1377 1534 1390 1572 :
1428 1539 1456 1566 ‹‹
1481 1516 1735 1586 Denique

118 1609 478 1662 sacerdotibus
521 1609 626 1680 qui
678 1608 1056 1676 advenerant,
1089 1609 1162 1663 ad
1199 1609 1427 1679 agenda
1457 1608 1737 1662 solemnia

117 1700 552 1772 procedentibus,
585 1717 728 1754 cum
755 1703 953 1767 lector,
977 1701 1066 1755 cui
1088 1701 1317 1772 legendi
1339 1703 1462 1755 erat
1483 1701 1734 1755 officium

117 1794 426 1859 advenisset,
468 1797 527 1847 et
563 1795 810 1876 arrepto
847 1793 992 1848 libro
1028 1793 1214 1847 Vitam
1257 1793 1436 1848 sancti
1477 1793 1737 1864 cepisset

1119 395 1205 450 DE
1237 396 1552 452 LITURGIA
1587 395 1958 452 GALLICANA
1995 393 2191 450 LIBER
2229 393 2489 452 PRIMUS.

3370 385 3468 453 {at

1855 501 2186 555 mulieribus
2200 501 2487 568 offeratur,
2502 503 2622 556 tam
2640 502 2803 574 panis
2827 519 3001 574 quam
3027 497 3159 570 vini,
3177 504 3238 558 ut
3255 505 3470 574 perhas

1855 593 2282 648 immolationes
2319 597 2376 647 et
2413 598 2772 664 peccatorum
2815 613 3046 650 suorum
3097 597 3340 652 fascibus
3373 615 3468 652 ca-

1845 689 2031 753 reant,
2053 690 2109 740 et
2134 703 2262 740 cum
2281 686 2420 740 Abel
2437 688 2522 740 vel
2543 687 2763 742 caeteris
2783 688 2933 757 juste
2951 689 3322 744 offerentibus
3342 707 3468 761 pro-

1845 782 2182 832 mercantur
2211 795 2330 832 esse
2365 783 2674 834 consortes.
2705 803 2732 828 υ
2765 781 3022 834 Rubeum
3054 781 3246 836 vinum
3275 781 3468 837 oﬂ'erri

1843 871 2046 940 saepius
2080 875 2430 942 praceptum
2465 875 2568 939 est,
2605 875 2727 926 tum
2761 873 2833 926 ob
2863 872 3198 943 periculum,
3241 878 3363 929 tum
3393 876 3465 930 ob

1847 963 2216 1033 mysterium;
2243 981 2377 1018 nam
2409 965 2651 1018 rubeum
2679 965 2992 1035 expressius
3013 965 3216 1020 Christi
3243 967 3466 1038 sangui-

1841 1071 1976 1109 nem
2009 1055 2214 1125 signat,
2239 1073 2412 1126 quam
2441 1057 2655 1124 album,
2689 1057 2848 1128 cujus
2877 1058 2998 1112 loco
3022 1074 3170 1128 aqua
3194 1075 3309 1112 non
3334 1077 3462 1115 raro

1841 1147 2100 1214 sumitur,
2123 1147 2271 1202 facili
2297 1165 2512 1203 errore.
2539 1149 2626 1204 Ad
2651 1149 2892 1203 rubeum
2908 1148 3022 1220 41
3057 1151 3307 1204 colorem
3333 1153 3466 1206 allu-

1841 1239 1983 1293 dens
2013 1240 2344 1294 Ambrosius
2376 1241 2434 1294 in
2463 1241 2750 1312 psalmum
2780 1259 2962 1309 cxvm,
2995 1242 3158 1298 initio
3190 1244 3464 1298 octonarii

1843 1333 1948 1386 lsi:
1983 1354 2009 1380 ‹‹
2041 1331 2239 1387 Cernis
2272 1350 2486 1401 rosam,
2525 1333 2726 1404 inquit,
2769 1335 2876 1389 hoc
2913 1338 2998 1388 est
3035 1335 3308 1390 dominici
3347 1353 3466 1392 cor-

1838 1425 1992 1495 poris
2023 1425 2384 1496 sanguinem.
2414 1449 2442 1475 »
2474 1425 2744 1498 Apposite
2782 1427 3023 1482 Jacobus
3059 1445 3094 1482 a
3123 1429 3366 1484 Vitriaco
3403 1431 3462 1485 in
3523 1495 3538 1502 -

1839 1517 2097 1572 Historiae
2127 1517 2495 1573 occidentalis
2541 1535 2664 1590 cap.
2698 1522 2764 1574 38
2798 1537 2811 1574 :
2849 1541 2876 1567 α
2909 1520 3021 1575 Sed
3057 1524 3113 1574 et
3153 1520 3368 1589 vinum,
3403 1523 3462 1577 in

1837 1613 2117 1680 quantum
2149 1627 2215 1664 ex
2248 1610 2483 1664 diversis
2510 1611 2686 1666 acinis
2707 1612 2959 1678 confluit,
2985 1613 3264 1668 unitatem
3293 1617 3464 1670 eccle-

1835 1702 2120 1756 siasticam
2178 1706 2580 1773 repraesentat;
2630 1704 2686 1758 in
2737 1708 3017 1774 quantum
3074 1709 3266 1760 autem
3316 1709 3462 1762 calet

1835 1798 1932 1847 aut
1973 1795 2156 1861 rubet,
2189 1795 2527 1848 charitatem
2559 1796 2820 1850 Ecclesiae
2856 1797 3136 1868 designat.
3169 1820 3196 1849 »

119 1887 281 1956 legere
307 1886 682 1952 confessoris,
718 1908 746 1935 ››
783 1889 889 1940 etc.
919 1887 998 1940 Ex
1035 1903 1148 1956 quo
1187 1885 1543 1956 intelligitur,
1583 1885 1729 1938 hanc
1751 1877 1806 1948 B
1905 1889 1986 1940 10.
2012 1887 2179 1940 Facta
2202 1887 2510 1955 oblatione,
2531 1889 2830 1960 presbyter
2858 1893 3137 1960 quantum
3159 1891 3294 1946 satis
3312 1894 3453 1962 erat,

119 1979 393 2032 lectionem
433 1978 562 2032 aliis
596 1977 968 2049 praemissam
1006 1977 1198 2032 fuisse.
1243 1979 1310 2030 Et
1345 1977 1579 2049 quidem
1606 1981 1732 2030 acta

121 2069 426 2125 Sanctorum
450 2070 510 2124 in
531 2071 720 2124 missa
743 2070 1015 2141 legebant
1033 2069 1372 2137 Mozarabes,
1397 2072 1458 2124 ut
1478 2086 1544 2122 ex
1564 2069 1732 2123 Brau-

119 2161 243 2216 lione
273 2162 326 2216 in
367 2163 481 2217 vita
521 2162 717 2217 sancti
749 2161 1040 2218 .Emiliani
1081 2161 1340 2233 superius
1369 2162 1634 2218 vidimus.
1667 2167 1726 2218 In

120 2254 440 2310 Lectionario
462 2258 672 2310 nostro
697 2254 990 2309 Gallicano
1013 2257 1138 2309 acta
1151 2258 1478 2308 sanctorum
1499 2260 1724 2327 aposto-

119 2347 276 2400 lorum
301 2347 450 2401 Petri
478 2351 538 2402 et
563 2347 737 2402 Pauli
771 2347 1038 2418 Epistolas
1066 2347 1514 2417 praemittuntur.

175 2442 219 2494 8.
257 2439 560 2511 Evangelio
598 2439 919 2509 Gregorius
954 2439 1180 2509 subjicit
1207 2439 1462 2493 sacrificii
1485 2438 1722 2493 oblatio-

122 2548 229 2584 nem
249 2531 304 2586 in
330 2533 452 2587 loco
478 2549 618 2588 mox
642 2533 833 2585 relato
853 2531 924 2585 de
939 2535 1136 2586 sancto
1147 2533 1478 2602 Polycarpo,
1493 2531 1582 2586 cui
1602 2533 1724 2586 loco

121 2624 242 2678 alter
265 2625 575 2680 consimilis
614 2627 712 2679 est
740 2624 800 2678 in
832 2641 955 2695 cap.
991 2627 1054 2678 17
1083 2623 1153 2678 de
1183 2623 1320 2678 Vitis
1348 2627 1600 2692 Patrum,
1630 2625 1725 2678 ubi

120 2716 216 2785 agit
235 2718 299 2772 de
322 2717 539 2772 Nicetio
567 2717 849 2788 episcopo
877 2716 1212 2771 Trevircnsi.
1239 2716 1422 2780 Quem
1445 2717 1631 2771 locum
1649 2716 1724 2770 ita

117 2809 431 2864 restituimus
459 2827 526 2864 ex
556 2809 780 2865 Codice
809 2825 918 2862 ms.
947 2825 961 2864 :
990 2829 1017 2858 «
1044 2808 1290 2862 Advenit
1317 2808 1438 2863 dies
1466 2808 1723 2863 Domini-

121 2917 214 2968 cus,
240 2906 290 2955 et
312 2919 437 2956 ecce
466 2919 565 2956 rex
593 2918 738 2956 cum
761 2901 850 2955 his
877 2901 965 2956 cui
1004 2901 1076 2954 ab
1102 2901 1211 2955 hoc
1240 2901 1533 2956 sacerdote
1565 2918 1721 2956 com-

122 2993 346 3048 munioni
358 2995 556 3049 abesse
568 2993 723 3066 jussi
736 2994 988 3061 fuerant,
1003 2993 1302 3048 ecclesiam
1317 2993 1718 3064 estingressus.

121 3084 269 3138 Lectis
287 3086 457 3156 igitur
481 3085 856 3154 lectionibus,
873 3102 1013 3156 quas
1029 3102 1215 3139 canon
1237 3085 1420 3139 sanxit
1433 3085 1718 3157 antiquus,

120 3177 290 3233 oblatis
321 3179 665 3234 muneribus
707 3195 881 3248 super
916 3179 1094 3232 altare
1130 3177 1251 3245 Dei,
1290 3178 1371 3232 ait
1403 3178 1666 3233 sacerdos
1702 3195 1715 3234 :

1830 1977 1903 2032 ad
1925 1979 2261 2033 sacrificium
2287 1980 2630 2047 assumebat,
2649 1981 2822 2051 idque
2843 1983 2997 2051 palla
3015 1999 3116 2036 seu
3130 1985 3304 2054 pallio
3327 2001 3457 2040 con-

1830 2071 2082 2140 tegebat.
2114 2072 2309 2126 Plures
2331 2072 2497 2142 hujus
2519 2072 2599 2126 rei
2623 2073 2728 2127 loci
2753 2077 2884 2127 sunt
2915 2074 3065 2145 apud
3094 2075 3453 2147 Gregorium.

1827 2163 2053 2217 Unusin
2071 2162 2165 2218 lib.
2185 2180 2260 2218 vn
2287 2182 2408 2235 cap.
2430 2168 2532 2219 22:
2571 2187 2598 2214 ‹‹
2621 2165 2898 2229 Putabam
2929 2183 3044 2233 me,
3069 2169 3266 2238 inquit,
3289 2168 3454 2239 quasi

1828 2253 1886 2307 in
1905 2255 2136 2310 basilica
2149 2261 2507 2312 sacrosancta
2520 2257 2825 2312 missarum
2840 2257 3121 2314 solemnia
3135 2260 3427 2316 celebrare
3437 2303 3450 2317 .

1827 2347 2085 2418 Cumque
2095 2348 2218 2418 jam
2243 2349 2508 2403 altarium
2533 2349 3066 2406 cum'oblationibus
3082 2353 3253 2422 pallio
3276 2354 3453 2410 serico

1827 2443 2090 2509 Opertum
2115 2445 2279 2508 esset,
2302 2441 2486 2496 subito
2508 2441 2932 2511 ingredientem
2953 2445 3448 2501 Guntchramnum

1826 2531 2135 2602 conspicio,
2167 2533 2263 2604 qui
2284 2549 2499 2603 magna
2518 2551 2652 2588 voce
2682 2535 2969 2589 clamabat
2995 2553 3008 2590 :
3037 2537 3329 2591 Extrahite
3353 2537 3454 2592 ho-

1825 2623 2096 2678 micidam
2126 2642 2158 2680 a
2197 2643 2356 2680 sacro
2387 2625 2490 2680 Dei
2518 2626 2785 2682 altario...
2818 2630 2890 2681 At
2911 2645 3018 2698 ego
3041 2645 3168 2683 cum
3198 2629 3318 2684 haec
3343 2647 3446 2684 au-

1825 2717 2030 2783 direm,
2059 2717 2133 2771 ad
2159 2721 2216 2771 te
2249 2735 2552 2772 conversus
2580 2719 2696 2774 dixi
2729 2737 2742 2774 :
2773 2721 3156 2791 Apprehende
3177 2722 3442 2792 pallium,

1824 2808 2038 2874 infelix,
2063 2826 2174 2880 quo
2197 2827 2355 2864 sacra
2367 2827 2609 2864 munera
2627 2816 3028 2882 conteguntur,
3055 2830 3125 2866 ne
3139 2813 3273 2868 hinc
3301 2813 3446 2884 abji-

1821 2901 2051 2956 ciaris...
2085 2903 2342 2973 Cumque
2369 2907 2685 2957 reverteres
2711 2905 2784 2958 ad
2805 2905 3098 2972 altarium,
3125 2907 3442 2976 apprehen-

1821 2993 1996 3048 dcbas
2030 2995 2290 3064 pallium,
2319 2997 2419 3050 sed
2458 3013 2684 3050 rursum
2729 2997 3160 3068 relinquebas...
3193 2999 3262 3052 Et
3305 2999 3400 3054 ille
3431 3015 3444 3054 :

1820 3085 2228 3154 Deliberatum,
2252 3088 2458 3160 inquit,
2481 3088 2676 3156 habui,
2699 3092 2763 3143 ut
2781 3089 2828 3142 si
2849 3107 2944 3144 me
2967 3107 3062 3144 rex
3085 3091 3156 3144 ab
3185 3091 3295 3146 hoc
3321 3093 3444 3149 loco

1812 3177 2041 3248 juberet
2077 3180 2316 3247 extrahi,
2351 3181 2422 3234 ab
2458 3198 2573 3235 una
2611 3198 2788 3236 manu
2828 3199 3023 3236 PALLAS
3056 3183 3251 3237 altaris
3284 3187 3446 3240 tene-

120 3269 214 3323 .‘ion
238 3271 321 3325 hic
352 3271 477 3344 4ο
507 3271 694 3327 hodie
729 3271 1034 3324 missarum
1057 3270 1338 3325 solemnia
1356 3287 1716 3326 consumma-
1740 3230 1794 3303 Ο
1817 3287 1964 3337 rem,
1998 3294 2025 3321 ››
2059 3275 2166 3326 etc.
2197 3273 2323 3327 Haec
2355 3273 2664 3344 Gregorius
2699 3275 2769 3328 de
2797 3274 3063 3330 Eberulfo
3099 3276 3252 3348 regis
3289 3278 3444 3332 cubi-

122 3361 313 3430 buntur,
337 3364 442 3419 nisi
467 3363 896 3420 communione
924 3363 1128 3435 privati
1157 3364 1312 3435 prius
1336 3364 1663 3418 abscedant.
1686 3386 1714 3413 »

123 3455 200 3509 Ubi
225 3461 351 3511 nota
391 3458 586 3529 primo
623 3456 1159 3512 excommunicatos
1189 3460 1323 3510 ante
1369 3454 1718 3510 oblationem

122 3547 298 3616 ejectos
333 3550 502 3604 fuisse
541 3568 609 3604 ex
649 3549 912 3603 ecclesia.
947 3549 1112 3612 Quod
1143 3548 1318 3602 etiam
1347 3549 1629 3619 colligitur
1653 3567 1718 3602 ex

121 3640 194 3693 lib.
219 3658 246 3695 x
268 3642 522 3697 Historiae
550 3641 844 3712 Gregorii,
886 3658 1011 3712 cap.
1041 3644 1092 3696 8.
1133 3640 1351 3695 Deinde
1391 3641 1579 3695 missae
1613 3643 1715 3696 Ca-

121 3747 319 3801 noncm,
346 3735 404 3790 id
441 3739 528 3789 est
567 3735 858 3790 Ordinem
890 3733 1264 3801 Gallicanum,
1301 3734 1572 3803 Gregorio
1609 3734 1717 3789 dici

121 3827 382 3898 antiquum
411 3846 426 3884 :
457 3846 526 3883 ac
553 3827 811 3899 proinde
846 3826 1194 3881 Mozarabico
1231 3827 1315 3897 (ut
1334 3827 1715 3897 probavimus)

121 3932 218 3972 esse
232 3921 634 3993 antiquiorem.
657 3922 818 3974 Inter
841 3918 1134 3989 Evangelii
1152 3917 1457 3972 lectionem
1483 3921 1540 3972 et
1568 3919 1718 3973 obla-

120 4010 305 4067 tionem
319 4029 749 4084 nonnunquam
764 4011 1005 4066 homilia
1017 4011 1092 4064 ad
1101 4011 1378 4082 populum
1394 4011 1718 4082 interpone-

117 4100 272 4172 batur,
303 4109 440 4160 teste
471 4106 752 4173 Cresario,
783 4105 943 4176 cujus
963 4103 1364 4159 auctoritatem
1386 4105 1556 4174 paulo
1583 4107 1714 4158 ante

118 4198 398 4254 retulimus.
429 4199 594 4254 Idem
625 4198 843 4270 probat
871 4196 1180 4251 Audoenus
1218 4195 1275 4250 in
1308 4196 1402 4250 lib.
1437 4213 1474 4250 ιι
1497 4196 1566 4250 de
1593 4197 1716 4251 Vita

1820 3364 2032 3418 culario
2071 3381 2084 3419 :
2115 3381 2286 3435 quem
2314 3367 2502 3420 locum
2533 3367 2658 3420 fuse
2686 3367 2873 3434 retuli,
2893 3371 3015 3422 tum
3050 3373 3113 3423 ut
3143 3375 3440 3442 appareat,

1821 3472 1935 3510 non
1976 3457 2150 3512 modo
2191 3475 2376 3512 sacras
2415 3457 2750 3526 oblationes,
2781 3458 2838 3513 id
2867 3463 2952 3514 est
2986 3478 3198 3532 panem
3228 3467 3286 3517 et
3305 3464 3442 3518 cali-

1819 3565 1966 3615 cem,
1997 3549 2096 3602 sed
2131 3552 2190 3603 et
2223 3551 2402 3604 altare
2441 3551 2593 3622 palla
2630 3552 2835 3605 eadem
2875 3553 3051 3608 fuisse
3079 3559 3439 3626 coopertum,

1818 3643 1941 3694 tum
1987 3643 2198 3712 pallam
2240 3642 2400 3696 illam
2437 3659 2502 3696 ex
2543 3646 2708 3697 serico
2745 3645 2986 3711 factam;
3028 3649 3152 3700 tum
3193 3647 3441 3718 denique

1811 3734 2042 3804 pallam,
2059 3735 2263 3804 pallas,
2289 3737 2344 3788 et
2353 3735 2566 3806 pullum
2581 3735 2688 3789 hoc
2709 3736 2832 3790 loco
2861 3736 3017 3790 idem
3049 3754 3190 3793 esse.
3224 3741 3303 3793 De
3333 3739 3441 3795 hac

1818 3827 1966 3896 palla
1984 3830 2208 3880 sanctus
2225 3827 2568 3882 Benedictus
2585 3827 2836 3898 loquitur
2858 3828 2914 3882 in
2937 3832 3152 3902 regulae
3177 3849 3292 3886 suae
3314 3849 3437 3904 cap.

1818 3921 1902 3985 59,
1944 3918 2041 3972 ubi
2081 3918 2151 3973 de
2188 3935 2496 3990 puerorum
2541 3920 2830 3975 oblatione
2876 3937 3074 3994 agens,
3104 3923 3272 3994 jubet
3310 3942 3433 3980 ma-

1817 4027 1954 4064 num
1979 4011 2141 4082 pueri
2173 4011 2452 4066 offerendi
2483 4012 2692 4068 involvi
2710 4017 2768 4068 in
2789 4016 2948 4084 palla
2974 4017 3190 4081 altaris,
3221 4017 3441 4072 scilicet

1815 4120 1945 4157 cum
1986 4103 2274 4158 oblatione
2318 4105 2483 4176 panis
2533 4107 2591 4160 et
2632 4105 2768 4173 vini,
2811 4110 2874 4160 ut
2915 4125 2980 4162 ex
3021 4109 3276 4180 utrisque
3323 4128 3438 4165 una

1814 4197 1930 4249 Deo
1972 4196 2136 4250 fieret
2179 4197 2410 4252 oblatio.
2459 4198 2618 4252 Idem
2671 4198 2843 4252 fuisse
2896 4200 3122 4255 videtur
3166 4205 3440 4274 corporale

118 4290 264 4344 sancti
291 4291 467 4364 Eligii,
497 4310 628 4364 cap.
675 4295 746 4345 22
775 4307 789 4344 :
841 4309 870 4339 ct
904 4290 1109 4360 Aliquo
1145 4306 1338 4343 rursus
1363 4289 1422 4342 in
1453 4293 1713 4361 tempore
1805 4290 2062 4359 pallium,
2089 4290 2226 4344 albis
2249 4291 2590 4359 stigmatibus
2617 4294 2912 4355 variatum,
2942 4295 3096 4364 quod
3137 4296 3438 4351 Pctbelmo

117 4381 356 4449 agebatur
375 4387 586 4440 natalis
610 4383 772 4438 beati
797 4381 1041 4437 Martini.
1065 4383 1324 4452 Cumque
1344 4381 1494 4436 inter
1513 4383 1711 4437 missa-

116 4486 222 4526 rum
263 4477 559 4544 solemnia,
613 4473 954 4546 evangelica
990 4474 1152 4544 juxta
1187 4491 1414 4529 morem
1471 4474 1712 4528 lectione

1815 4381 2055 4435 antistiti
2099 4381 2250 4436 dono
2278 4382 2597 4437 transmisit
2635 4385 2959 4439 Bonifacius
2995 4387 3292 4458 episcopus
3319 4389 3434 4444 Mo-

1815 4474 2086 4543 guntinus
2125 4473 2184 4528 in
2227 4475 2468 4545 epistola
2512 4480 2596 4541 ll,
2617 4478 2852 4547 pallium
2891 4479 3088 4532 altaris
3121 4479 3338 4533 dictum
3371 4481 3428 4535 in

119 4566 324 4634 expleta,
374 4569 567 4624 divina
622 4567 845 4638 Eligius
897 4567 1109 4638 populo
1157 4566 1496 4636 prmdicaret
1557 4583 1718 4622 man-
1736 4586 1795 4657 D
1819 4565 2058 4635 epistola
2078 4569 2164 4621 35.
2190 4565 2315 4638 42
2331 4568 2846 4622 Pallwvocabulum
2870 4569 3042 4623 hodie
3064 4571 3437 4627 retinetillud

119 4653 244 4725 data,
270 4681 296 4708 »
322 4663 424 4716 etc.

175 4752 218 4802 9.
243 4753 434 4808 Postea
469 4754 756 4809 diaconus
795 4769 1023 4807 sacrum
1068 4751 1454 4806 ministerium
1499 4769 1596 4806 seu
1624 4770 1714 4807 su-

121 4841 422 4909 pellectilem
469 4864 722 4914 sacram,
756 4846 815 4900 id
853 4847 957 4913 est,
987 4845 1224 4900 calicem
1261 4847 1319 4899 et
1352 4848 1559 4899 caetera
1584 4863 1718 4900 vasa

122 4949 268 5003 sacra,
294 4955 355 4993 ex
379 4941 656 5007 sacrario,
690 4939 847 5010 quod
867 4939 927 4992 in
959 4938 1308 4993 domuncula
1333 4937 1584 4992 ecclesiae
1615 4938 1712 4992 ad-

121 5024 337 5085 haerente
378 5033 552 5088 situm
601 5037 750 5098 erat,
799 5035 899 5085 aut
943 5034 1094 5085 certe
1142 5048 1208 5085 ex
1255 5031 1506 5085 armario
1551 5031 1714 5084 altari

122 5123 341 5187 proximo
362 5126 665 5180 afferebat.
691 5125 1001 5195 Gregorius
1021 5123 1079 5178 in
1101 5124 1199 5178 lib.
1226 5141 1242 5177 1
1265 5123 1334 5177 de
1349 5123 1537 5179 Gloria
1568 5140 1716 5178 mar-

122 5213 296 5283 tyrum,
334 5235 455 5290 cap.
497 5222 566 5274 86
613 5236 626 5273 :
667 5238 695 5270 «
731 5219 998 5287 Tempus,
1027 5216 1233 5288 inquit,
1267 5216 1338 5270 ad
1374 5215 1712 5270 sacrificium

126 5303 440 5365 offerendum
468 5311 742 5377 advenit;
773 5313 1123 5380 acceptaque
1149 5312 1302 5364 turre
1333 5308 1624 5376 diaconus,
1652 5309 1710 5362 in

126 5409 213 5464 qua
229 5401 598 5458 ministerium
622 5401 901 5458 dominici
928 5402 1180 5472 corporis
1201 5402 1538 5470 habebatur,
1562 5403 1712 5456 ferre

128 5491 262 5560 carpit
282 5495 350 5549 ad
369 5497 580 5551 ostium
608 5513 622 5562 ;
648 5496 1054 5567 ingressusque
1076 5496 1381 5566 templum,
1404 5497 1467 5549 ut
1487 5511 1615 5550 eam
1637 5496 1714 5549 al-

126 5581 212 5636 tari
236 5593 658 5662 superponeret,
693 5610 723 5640 »
756 5591 862 5643 etc.
888 5590 1041 5643 Tunc
1072 5592 1265 5643 autem
1300 5588 1474 5642 ﬁebat
1501 5587 1710 5643 oblatio

127 5676 260 5744 panis
285 5684 337 5736 et
358 5683 469 5740 vini
496 5683 574 5740 ad
598 5681 966 5740 sacriﬁcium.
995 5681 1310 5769 Concilium
1335 5681 1707 5737 Matisconen-

127 5782 171 5822 se
194 5785 246 5842 ιι,
271 5789 412 5834 anno
437 5779 562 5850 585,
592 5791 728 5835 can.
760 5776 815 5845 4,
845 5774 1119 5847 decernit,
1149 5797 1178 5830 «
1217 5779 1280 5832 ut
1309 5774 1575 5832 omnibus
1598 5775 1708 5834 Do-

131 5863 316 5924 minicis
345 5869 540 5930 diebus
574 5867 782 5928 altaris
814 5868 1026 5926 oblatio
1067 5869 1138 5926 ab
1175 5869 1441 5926 omnibus
1480 5867 1611 5926 viris
1655 5871 1712 5926 et

1818 4659 2148 4729 operculum
2186 4659 2425 4726 lincum,
2459 4677 2571 4730 quo
2599 4661 2740 4715 calix
2768 4665 3020 4716 sacratus
3047 4663 3261 4734 tegitur
3291 4682 3304 4720 :
3335 4665 3436 4721 sed

1816 4769 1906 4805 res
1931 4753 2053 4823 ipsa
2087 4753 2256 4822 longe
2285 4752 2446 4806 abest
2479 4770 2513 4807 a
2546 4753 2726 4807 veteri
2761 4771 2943 4810 more.
2984 4757 3255 4811 Processu
3292 4761 3437 4812 tem-

1815 4844 1970 4916 poris
2018 4845 2317 4916 corporali,
2359 4845 2514 4916 quod
2550 4846 2761 4902 Christi
2804 4849 3029 4919 corpori
3079 4850 3435 4921 supponitur,

1816 4938 1990 4992 etiam
2019 4937 2162 4992 calix
2189 4941 2482 4992 contectus
2509 4943 2611 5005 est,
2639 4939 2794 5011 quod
2822 4940 2995 4995 hodie
3019 4958 3248 5011 quoque
3277 4943 3436 4997 facti~

1813 5031 1941 5082 tant
1963 5030 2341 5086 Carthusiani.
2369 5031 2526 5086 Hunc
2552 5031 2727 5086 ritum
2763 5031 2980 5087 indicat
3009 5034 3251 5088 Jacobus
3281 5051 3315 5089 a
3340 5036 3433 5090 Vi-

1815 5121 1990 5176 triaco
2021 5121 2078 5176 in
2102 5124 2224 5178 loco
2252 5139 2384 5177 mox
2405 5123 2576 5178 citato
2601 5139 2614 5178 :
2640 5125 2787 5178 Dum
2811 5127 3104 5196 corporale
3128 5125 3437 5198 deponitur

1814 5214 1883 5269 de
1915 5215 2108 5281 calice,
2148 5218 2280 5269 ante
2313 5215 2504 5270 oculos
2535 5216 2748 5270 habeat
2777 5217 3202 5289 depositionem
3229 5219 3438 5278 Christi

1813 5307 1884 5361 de
1923 5323 2106 5362 cruce.
2152 5329 2180 5357 »
2209 5307 2309 5362 Hic
2348 5307 2490 5362 ritus
2526 5309 2713 5380 magis
2739 5310 3051 5366 accedebat
3079 5309 3154 5367 ad
3181 5317 3437 5372 veterem

1812 5399 2162 5454 Gallicanum
2197 5417 2444 5468 morem,
2477 5417 2648 5472 quem
2689 5420 2756 5458 ex
2785 5404 3062 5474 Gregorio
3091 5421 3225 5462 mox
3257 5409 3432 5481 expli-

1811 5491 2049 5548 cuimus.
2083 5495 2330 5550 Filiolam
2354 5499 2560 5550 vocant
2581 5496 2904 5551 Mozarabes
2927 5497 3114 5554 velum
3145 5497 3286 5556 illud
3317 5517 3431 5574 quo

1811 5603 2035 5641 sacrum
2083 5587 2320 5642 calicem
2365 5587 2650 5660 operiunt.
2703 5589 2795 5645 Sic
2843 5589 3002 5645 enim
3042 5592 3269 5650 rubrica
3305 5599 3437 5666 post

1810 5680 2106 5752 sanguinis
2135 5679 2627 5739 consecrationem
2653 5682 2830 5739 habet
2861 5699 2875 5742 :
2901 5687 3003 5742 Hic
3037 5686 3268 5746 elevatur
3289 5688 3436 5744 calta:
3494 5677 3502 5684 ’

1808 5778 2080 5848 coapertus
2101 5791 2220 5834 cum
2242 5777 2434 5848 ﬁliola.

1884 5870 1966 5926 ll.
1993 5867 2130 5926 Ideo
2149 5886 2284 5926 vero
2309 5885 2469 5929 sacra
2497 5869 2770 5944 mysteria
2793 5871 2946 5944 palla
2971 5887 3070 5929 seu
3093 5869 3264 5945 pallio
3291 5869 3408 5940 alta
