3968 6430
512 347 613 412 133

1296 350 1627 406 APPENDIX
1664 349 1752 406 AD
1787 349 2006 406 OPERA
2043 345 2274 404 SANCTI
2309 345 2607 404 GERMANI
2645 342 3068 401 PARISIENSIS.

3808 343 3915 395 13ίῖ

505 464 586 518 ris
613 461 766 533 apud
792 462 1014 516 veteres
1043 459 1230 514 Gallos
1256 459 1624 530 tegebantur,
1649 464 1713 514 ut
1738 477 1812 514 ne
1835 476 1869 514 a
1893 459 2133 514 circum-
2159 470 2218 542 Α
2236 459 2452 512 Domine
2493 460 2629 512 Deus
2670 460 2866 517 noster,
2899 459 3242 524 peccatorum
3287 451 3494 508 tribuas
3541 450 3817 511 veniam,
3867 455 3919 502 et

508 556 791 612 stantibus
824 553 1004 608 videri
1043 556 1294 624 possent.
1332 555 1648 624 Propterea
1677 555 1798 607 haec
1837 553 1988 624 palla
2019 569 2135 606 non

506 665 639 704 rara
667 646 942 712 tenuisve,
977 646 1080 699 sed
1106 643 1288 699 densa
1320 662 1444 699 esse
1478 647 1744 700 debebat.
1777 647 2136 716 Argumento

508 745 595 795 est
625 739 780 810 quod
807 739 966 793 Dado
1010 737 1249 809 quidam
1281 738 1354 792 ab
1380 739 1638 792 hostibus
1665 739 2016 809 interceptus
2039 754 2135 792 vo-

505 833 602 900 vit,
644 849 726 898 se,
766 831 814 885 si
862 831 1134 885 evaderet
1180 831 1504 898 incolumis,
1552 831 1772 902 aliquid
1810 829 2140 885 ornamenti

506 923 760 980 ecclesia:
783 924 966 978 sancti
989 923 1192 978 Nicetii
1221 924 1472 994 episcopi
1492 923 1890 994 Lugdunensis
1907 923 2142 994 largitu-

503 1034 638 1072 rum
669 1033 683 1071 :
714 1039 742 1065 «
765 1017 1039 1088 deditque
1053 1017 1477 1088 coopertorium
1496 1017 1904 1084 Sarmaticum,
1928 1033 2040 1088 quo
2060 1017 2138 1069 al-

503 1114 630 1165 tare
659 1110 1017 1165 dominicum
1048 1127 1176 1164 cum
1201 1109 1588 1164 oblationibus
1608 1113 1922 1180 tegeretur.
1947 1132 1976 1159 ››
2001 1109 2142 1163 Illud

508 1208 705 1258 autem
735 1220 850 1258 non
874 1203 982 1256 fuit
1002 1207 1200 1257 sancto
1221 1206 1542 1273 acceptum,
1567 1206 1631 1256 ut
1656 1202 1882 1256 homini
1910 1201 1970 1255 in
1996 1218 2144 1255 som-

507 1297 596 1350 nis
639 1299 876 1350 testatus
923 1299 1008 1350 est
1051 1296 1140 1349 his
1183 1295 1371 1350 verbis
1407 1312 1419 1349 :
1462 1316 1490 1343 «
1519 1295 1958 1366 Coopertorium
1985 1311 2140 1362 vero,

507 1390 641 1460 quia
667 1405 864 1443 rarum
889 1393 994 1456 est,
1025 1406 1143 1443 non
1174 1392 1426 1460 ponatur
1461 1405 1635 1459 super
1661 1404 1904 1442 munera
1925 1386 2140 1454 altaris,

505 1483 641 1552 quia
671 1498 788 1536 non
821 1482 1027 1536 exinde
1055 1483 1224 1553 plene
1263 1482 1481 1552 tegitur
1515 1481 1856 1552 mysterium
1890 1479 2144 1550 corporis

506 1575 918 1646 sanguinisque
955 1575 1256 1630 dominici.
1291 1594 1319 1626 »
1348 1577 1430 1628 Ita
1457 1573 1764 1645 Gregorius
1791 1574 1863 1627 de
1889 1573 2027 1626 Vitis
2047 1575 2145 1626 Pa-

504 1672 660 1722 trum
703 1685 826 1740 cap.
870 1671 960 1723 20.
1001 1668 1164 1722 Adde
1201 1669 1392 1721 locum
1432 1685 1497 1722 ex
1533 1667 1630 1721 lib.
1671 1683 1710 1720 II
1752 1667 1823 1720 de
1863 1665 2145 1720 Miraculis

507 1760 688 1816 sancti
730 1760 956 1815 Martini
994 1777 1118 1831 cap.
1157 1764 1244 1814 ‘25.
1285 1761 1398 1813 llac
1433 1761 1583 1830 palla
1621 1759 1927 1828 tegebatur
1965 1759 2144 1812 altare

2235 553 2468 620 requiem
2505 549 2762 618 largioris
2785 553 3073 613 aeternam;
3099 547 3304 600 meritis
3332 551 3382 600 et
3413 542 3920 599 intercessionibus

2236 649 2538 698 sanctorum
2579 647 2812 695 tuorum.
2860 642 3054 695 Mariae
3103 640 3377 708 genitricis
3435 639 3657 692 Domini
3725 636 3921 688 nostri

2237 739 2360 791 Jesu
2409 736 2626 796 Christi,
2679 734 2900 787 Joannis
2943 734 3204 802 Baptistae
3264 735 3314 786 et
3365 730 3742 801 prazcursoris
3811 731 3922 782 Do-

2239 831 2374 883 mini
2392 829 2562 882 nostri
2587 829 2710 880 Jesu
2739 826 2958 886 Christi,
2987 826 3268 894 Stephani,
3296 825 3462 886 Petri,
3494 823 3692 884 Pauli,
3740 823 3922 874 Joan—

2239 924 2344 984 nis,
2384 921 2588 982 Jacobi,
2619 919 2874 981 Andrese,
2912 918 3177 988 Philippi,
3221 919 3448 979 Thomae,
3474 915 3915 976 Bartholomaei,

2241 1015 2505 1077 Matthxi,
2551 1013 2754 1073 Jacobi,
2795 1012 3046 1071 Simonis,
3095 1009 3268 1072 Judw,
3322 1009 3590 1069 Matthiae,
3654 1009 3916 1068 Genesii,

2241 1107 2642 1176 Symphoriani,
2689 1104 2952 1165 Baudilii,
3009 1104 3257 1164 Victoris,
3315 1103 3522 1157 Hilarii
3559 1103 3828 1170 episcopi
3866 1105 3916 1152 et

2242 1201 2574 1266 confessoris,
2610 1198 2841 1252 Martini
2874 1197 3107 1264 episcopi
3163 1199 3213 1248 et
3258 1195 3599 1262 confessoris,
3663 1194 3919 1251 starii

2243 1293 2494 1362 episcopi,
2523 1293 2632 1344 haec
2668 1291 2939 1360 propitius
2961 1292 3225 1357 praestare
3249 1292 3300 1342 et
3323 1288 3588 1341 exaudire
3616 1286 3915 1355 digneris,

2243 1375 2342 1454 qui
2373 1386 2510 1438 eicis
2543 1388 2592 1437 et
2632 1398 2826 1452 regnas
2866 1383 2924 1434 in
2954 1383 3162 1437 unitate
3193 1383 3430 1450 Spiritus
3451 1382 3632 1435 sancti
3664 1383 3828 1434 Deus
3857 1381 3916 1430 in

2241 1478 2438 1531 saecula
2459 1477 2792 1530 saeculorum.
2820 1475 3012 1530 Amen.

2320 1573 2402 1623 13.
2436 1568 2698 1623 Similem
2725 1568 3058 1634 formulam,
3085 1567 3184 1621 sed
3203 1584 3308 1638 pro
3338 1566 3496 1634 vivis,
3521 1565 3912 1620 habemusin

2244 1661 2528 1716 hodierno
2544 1661 2775 1714 Canone
2798 1661 3061 1715 Romano
3084 1664 3219 1714 ante
3242 1659 3794 1726 consecrationem,
3813 1659 3914 1711 ubi

2247 1753 2430 1808 oratio
2459 1766 2584 1823 quae
2612 1752 2813 1822 incipit
2839 1769 2873 1805 a
2896 1751 3068 1806 verbo
3097 1755 3571 1815 Communicantes,
3599 1751 3914 1823 superiori

507 1855 686 1908 etiam
713 1857 870 1908 extra
897 1871 1078 1908 sacra.
1120 1853 1284 1907 Unde
1320 1853 1608 1906 abbatissa
1638 1851 1986 1905 Pictavensis
2013 1867 2141 1921 par-
2166 1836 2222 1906 Β
2247 1846 2550 1900 Gallicanae
2578 1845 2906 1915 respondet.
2933 1847 3129 1916 Itaque
3151 1845 3264 1899 ritu
3291 1845 3584 1900 Gallicano
3623 1849 3688 1898 et
3721 1845 3914 1899 Moza-

507 1947 779 2001 thenonis
829 1950 1044 2000 sancta:
1099 1946 1299 2013 crucis,
1347 1963 1478 1998 cum
1523 1946 1593 1999 de
1647 1948 1816 1998 nocte
1862 1943 2146 2016 ajsicariis

507 2039 867 2094 Chrodieldis
898 2038 972 2092 ad
1005 2055 1207 2093 necem
1233 2041 1608 2109 quaereretur,
1633 2023 1664 2087 ‹‹⁵
1679 2037 1752 2092 ad
1779 2039 1990 2091 sanctae
2019 2053 2146 2090 cru-

511 2133 590 2186 cis
619 2149 836 2199 arcam,
867 2132 927 2186 id
961 2137 1038 2186 est
1073 2148 1249 2194 aram,
1283 2148 1343 2184 se
1379 2131 1670 2201 deportari
1705 2129 1964 2202 poposcit
1995 2129 2147 2200 (gra-

509 2224 753 2280 vabatur
791 2226 950 2280 enim
997 2225 1196 2279 dolore
1236 2225 1498 2279 humoris
1541 2223 1880 2295 podagrici).
1924 2225 2148 2276 Interea

510 2317 731 2374 Iustina
756 2319 1084 2390 praeposita,
1110 2335 1242 2372 cum
1272 2318 1396 2372 aliis
1425 2317 1734 2384 sororibus,
1762 2317 1913 2388 palla
1932 2315 2145 2381 altaris,

516 2412 672 2484 quod
713 2414 800 2466 est
853 2415 988 2466 ante
1033 2428 1264 2466 crucem
1320 2411 1744 2465 dominicam...
1784 2409 2147 2463 Abbatissam

511 2505 638 2578 43
667 2505 869 2577 operit.
900 2527 928 2554 »
963 2505 1213 2558 Vetitum
1243 2508 1441 2558 tamen
1468 2507 1590 2557 erat
1618 2502 1845 2558 concilii
1869 2502 2147 2556 Antissio-

511 2599 772 2654 dorensis
800 2615 1022 2654 canone
1051 2603 1139 2666 37,
1161 2614 1226 2653 ne
1251 2599 1444 2653 mulier
1452 2598 1667 2668 pallam
1692 2598 2015 2651 dominicam
2031 2611 2149 2650 con-

509 2697 782 2756 trectarct,
809 2693 895 2746 uti
919 2693 978 2746 in
1007 2691 1174 2746 titulo
1205 2691 1442 2746 canonis
1471 2689 1832 2761 exprimitur.

584 2790 670 2841 l2.
704 2789 766 2839 ln
791 2785 999 2840 Missali
1028 2785 1286 2852 Gothico,
1315 2801 1415 2838 seu
1445 2784 1760 2850 Gallicano,
1795 2782 1868 2836 ad
1895 2781 2150 2851 singulas

510 2879 635 2933 fere
677 2878 900 2946 missas,
935 2880 1064 2948 post
1099 2877 1454 2931 oblationem
1493 2875 1823 2930 indicantur
1857 2874 2150 2929 orationes

513 2971 663 3037 duae,
694 2987 810 3025 una
832 2987 961 3042 quae
989 2969 1194 3024 dicitur
1215 2969 1486 3024 Collectio
1515 2973 1644 3040 post
1671 2968 1944 3035 nomina;
1968 2968 2150 3022 altera

513 3081 642 3134 quae
665 3064 937 3122 Collectio
961 3063 1032 3118 ad
1061 3079 1286 3134 pacem,
1308 3063 1505 3132 quales
1527 3062 1703 3116 etiam
1727 3061 1784 3115 in
1797 3060 2148 3116 Mozarabico

513 3157 904 3228 assignantur,
933 3157 1044 3210 alia
1075 3156 1294 3210 duabus
1329 3155 1447 3209 istis
1481 3155 1803 3226 praemissa.
1839 3153 2148 3208 Praedictas

2171 3199 2226 3272 C

2247 1939 2440 1993 rabico
2462 1938 2636 1992 ﬁebat
2663 1938 2920 1992 vivorum
2954 1943 3124 2008 atque
3157 1938 3562 1992 defunctorum
3595 1938 3912 1992 memoria

2249 2032 2322 2085 ad
2335 2031 2708 2100 oblationem,
2725 2049 2842 2086 non
2860 2031 2918 2084 in
2931 2031 3054 2102 ipso
3066 2032 3298 2086 Canone
3315 2048 3328 2098 ;
3353 2035 3525 2102 atque
3547 2036 3908 2086 sanctorum

2249 2125 2730 2179 commemoratio
2753 2129 2876 2179 tum
2897 2125 3073 2178 ﬁebat
3093 2125 3165 2178 ad
3187 2125 3546 2195 suffragium.
3561 2127 3793 2180 Postea
3808 2142 3910 2196 pa-

2249 2218 2328 2272 cis
2358 2220 2615 2273 osculum
2641 2219 2838 2272 ﬁdeles
2869 2218 2974 2271 sibi
2999 2217 3248 2282 invicem
3277 2217 3711 2290 impertiebant
3737 2236 3752 2273 :
3783 2223 3908 2272 tum

2249 2312 2516 2366 sacerdos
2543 2311 2823 2366 recitabat
2851 2313 3264 2366 Collectionem
3297 2312 3370 2366 ad
3400 2329 3634 2383 pacem.

2323 2407 2406 2458 14.
2429 2407 2634 2459 Totum
2647 2406 2800 2458 hunc
2821 2405 3087 2459 ordinem
3104 2404 3300 2476 paucis
3320 2406 3692 2476 praestringit
3715 2405 3912 2461 conci-

2250 2497 2392 2551 lium
2420 2499 2810 2553 Laodicenum
2836 2515 3057 2552 canone
3085 2501 3149 2552 19
3178 2516 3190 2552 :
3215 2501 3358 2570 quod
3378 2505 3623 2570 oporteat
3660 2516 3912 2556 seorsum

2242 2593 2479 2660 primum
2501 2597 2625 2662 post
2649 2593 2994 2646 allocutiones
3024 2591 3170 2661 (aliis
3195 2595 3475 2662 sermones)
3495 2595 3908 2664 episcoporum,

2249 2687 2512 2738 orationes
2561 2700 2718 2754 super
2756 2686 3150 2738 catechumenos
3193 2685 3483 2752 celebrari;
3514 2691 3564 2740 et
3595 2691 3911 2756 postquam

2249 2779 2609 2832 catechumeni
2635 2781 2832 2847 egressi
2869 2780 3097 2844 fuerint,
3129 2793 3290 2848 super
3315 2793 3398 2833 eos
3425 2781 3520 2848 qui
3547 2785 3686 2834 sunt
3714 2783 3778 2834 in
3799 2796 3911 2850 pae—

2247 2873 2475 2925 nitentia
2507 2887 2718 2940 precem
2757 2873 2895 2939 ficii.
2936 2873 3036 2926 His
3067 2874 3228 2925 etiam
3263 2873 3639 2926 accedentibus
3670 2875 3757 2928 ad
3785 2890 3906 2928 ma-

2247 2980 2376 3018 num
2411 2965 2722 3028 sacerdotis,
2769 2970 2819 3018 et
2857 2965 3266 3030 discedentibus,
3307 2971 3414 3020 tres
3451 2969 3736 3022 orationes
3791 2983 3912 3022 con-

2248 3061 2508 3113 summari
2540 3059 2815 3128 ﬁdelium;
2846 3061 2929 3112 ita
2967 3064 3027 3112 ut
3054 3061 3240 3129 prima
3268 3061 3486 3130 quidem
3521 3061 3622 3114 sub
3655 3063 3908 3122 silentio,

2249 3153 2480 3206 secunda
2509 3167 2630 3206 vero
2666 3157 2716 3205 et
2751 3155 2910 3206 tertia
2943 3150 3044 3222 per
3078 3155 3494 3208 exclamationes
3519 3147 3744 3222 solitas,
3780 3155 3908 3208 aliis

515 3249 806 3306 orationes
841 3249 1221 3304 antecedebat
1263 3249 1446 3304 oratio
1486 3266 1614 3319 quas
1657 3247 1926 3302 omnibus
1963 3247 2149 3300 missis
2173 3247 2226 3272 υ
2243 3262 2345 3317 per
2353 3248 2844 3316 pronuntiationem
2869 3249 3038 3310 cocis,
3069 3249 3424 3316 expleantur;
3453 3251 3511 3301 et
3531 3247 3616 3301 ita
3649 3249 3907 3303 demum

513 3342 842 3400 communis
859 3345 1002 3411 erat,
1021 3343 1092 3397 de
1121 3359 1234 3414 qua
1261 3343 1598 3412 Micrologus
1625 3341 1682 3396 in
1705 3359 1828 3412 cap.
1863 3345 1918 3395 11
1961 3356 1974 3394 :
2007 3343 2150 3397 Com-

506 3441 691 3511 posita
715 3440 982 3494 oblatione
1015 3440 1078 3492 in
1113 3437 1306 3501 altari,
1347 3437 1481 3491 dicit
1514 3436 1762 3490 sacerdos
1791 3436 1930 3489 hanc
1955 3437 2152 3489 oratio—

510 3549 632 3588 nem
645 3533 816 3602 juxta
859 3533 1200 3588 Gallicanum
1242 3531 1537 3587 Ordinem:
1581 3531 1736 3592 Veni,
1777 3529 2153 3597 Sanctiﬁcator

511 3629 862 3698 omnipotens,
897 3631 1089 3682 aeterne
1113 3629 1270 3688 Deus,
1295 3629 1346 3680 et
1363 3624 1578 3679 benedic
1604 3624 1700 3678 hoc
1719 3623 2042 3691 sacriﬁcium
2062 3625 2151 3675 tuo

507 3723 716 3775 nomini
737 3725 1137 3792 praeparatum,
1158 3735 1259 3790 per
1285 3719 1554 3776 Christum
1578 3719 1864 3772 Dominum
1888 3719 2148 3770 nostrum.

511 3813 656 3868 Dein
675 3814 946 3868 Collectio
975 3817 1104 3884 post
1129 3812 1388 3868 nomina.
1415 3811 1638 3882 Quippe
1653 3812 1783 3882 post
1795 3808 2149 3864 oblationem

514 3906 786 3980 diptycha
801 3907 1164 3976 legebantur,
1185 3905 1243 3960 id
1265 3909 1350 3960 est
1370 3905 1761 3959 recitabantur
1777 3901 2016 3958 nomina
2030 3905 2148 3956 tam

516 4003 848 4056 sanctorum
885 3999 942 4052 in
985 4015 1231 4070 quorum
1269 3997 1617 4052 memoriam
1655 3995 1995 4051 sacriﬁcium
2032 3997 2149 4050 Deo

517 4093 886 4160 offerebatur,
905 4108 1080 4163 quam
1100 4091 1413 4146 viventium
1436 4093 1608 4161 atque
1627 4090 2034 4153 defunctorum
2046 4105 2148 4160 pro

517 4186 724 4257 quibus
762 4185 1129 4239 offerebatur.
1174 4184 1236 4239 Id
1261 4185 1540 4256 probatur
1576 4201 1643 4238 ex
1667 4183 1902 4239 Missalis
1928 4183 2150 4238 Gathici

513 4279 687 4333 variis
723 4279 879 4345 locis,
923 4282 981 4332 et
1021 4296 1089 4332 ex
1130 4278 1312 4332 veteri
1358 4277 1564 4332 Missali
1597 4277 1906 4332 Gallicano.
1947 4276 2148 4332 Conci-

517 4373 662 4428 lium
699 4375 948 4427 Vasense
987 4389 1026 4426 n
1073 4372 1276 4426 deﬁnit
1310 4388 1530 4426 canone
1560 4372 1613 4438 4,
1639 4376 1702 4426 ut
1735 4387 1920 4426 nomen
1949 4371 2154 4426 domini

507 4483 692 4540 papa,
725 4469 1026 4538 quicunque
1051 4467 1168 4521 sedi
1205 4467 1510 4536 apostolica
1531 4467 1838 4537 praefuerit,
1866 4468 1924 4520 in
1956 4467 2152 4520 nostris

2244 3355 2433 3410 pacem
2471 3341 2574 3394 sibi
2609 3337 2732 3411 45
2771 3342 2996 3393 invicem
3029 3341 3304 3396 dabunt...
3335 3345 3405 3396 Et
3429 3343 3509 3396 ita
3534 3349 3742 3398 sancta
3769 3345 3906 3398 cele-

2253 3434 2496 3488 brabitur
2525 3434 2743 3488 oblatio.
2783 3433 2892 3486 Has
2923 3433 3213 3489 orationes
3245 3435 3719 3506 subsequebatur
3753 3440 3902 3491 Con-

2251 3527 2500 3582 testatio.

2327 3624 2409 3675 15.
2445 3622 2526 3675 De
2551 3621 2979 3677 Contestatione
3009 3640 3107 3676 seu
3131 3622 3410 3692 lllatione,
3437 3639 3566 3696 qua:
3590 3628 3652 3678 et
3675 3627 3900 3682 Immo.

2251 3714 2389 3770 latio
2424 3715 2763 3786 appellatur,
2789 3717 3123 3771 Prtefationi
3149 3720 3359 3771 nostra:
3389 3719 3786 3788 respondens,
3821 3721 3906 3774 in-

2253 3807 2430 3879 signis
2452 3811 2538 3862 est
2564 3809 2720 3863 locus
2751 3810 2903 3880 apud
2935 3809 3208 3864 eumdem
3241 3811 3587 3881 Gregorium
3619 3812 3687 3866 in
3724 3815 3828 3868 lib.
3861 3831 3900 3869 ιι

2253 3901 2323 3955 de
2339 3901 2618 3956 Miraculis
2633 3903 2815 3956 sancti
2839 3902 3064 3956 Martini
3089 3920 3212 3974 cap.
3236 3905 3300 3958 14
3324 3921 3337 3958 :
3361 3925 3390 3953 ι(
3415 3905 3655 3959 Factum
3695 3911 3790 3961 est
3804 3922 3900 3962 au-

2252 3997 2370 4048 tem
2398 3998 2459 4048 ut
2483 3995 2543 4048 in
2576 3995 2667 4048 die
2695 3995 2936 4066 insignis
2961 3996 3341 4051 solemnitatis
3368 3997 3527 4051 beati
3553 3998 3687 4069 viri,
3727 4001 3897 4056 nobis

2251 4089 2454 4142 missas
2481 4088 2819 4156 dicentibus,
2849 4106 2981 4144 cum
3013 4107 3117 4144 nos
3143 4089 3250 4144 rite
3277 4097 3645 4148 sacrosancta
3670 4096 3892 4149 solem-

2252 4182 2350 4237 nia
2388 4182 2753 4250 celebrando,
2789 4183 3280 4238 Contestationem
3319 4185 3390 4239 de
3432 4187 3620 4240 sancti
3647 4188 3894 4244 Domini

2250 4275 2551 4356 virtutibus
2571 4292 2958 4344 narraremus,
2981 4277 3166 4332 subito
3188 4277 3286 4332 illa
3307 4279 3517 4348 (puella
3545 4282 3891 4353 paralytica)

2251 4369 2553 4424 vociferari
2579 4369 2748 4440 ccepi't
2775 4373 2833 4424 et
2863 4369 3022 4439 ﬂere,
3053 4371 3317 4426 indicans
3352 4388 3410 4426 se
3443 4376 3732 4445 torqueri.
3768 4398 3798 4426 ››
3831 4378 3890 4429 ln

2252 4463 2358 4518 hac
2385 4463 2812 4518 Contestatione
2841 4463 3190 4518 recitabatur
3215 4465 3400 4520 sancti
3426 4466 3571 4520 Vitta
3606 4485 3889 4540 compen-

514 4563 762 4618 Ecclesiis
778 4564 1050 4616 recitetur.
1073 4561 1342 4614 Formam
1358 4559 1566 4614 horum
1584 4559 2150 4630 diptychorum,quee
2170 4569 2230 4642 D
2253 4557 2435 4624 dium,
2469 4573 2596 4627 quae
2627 4557 2816 4611 missa
2844 4557 3008 4612 initio
3037 4558 3263 4630 integra
3295 4561 3444 4614 lecta
3475 4561 3696 4617 fuerat.
3726 4563 3888 4633 Ejus-

517 4653 816 4726 quondam
862 4653 921 4707 in
959 4655 1320 4724 parthenone
1359 4653 1538 4707 sancti
1574 4652 1869 4706 Aureliani
1899 4652 2150 4723 episcopi

513 4746 866 4802 Arelatensis
896 4747 1023 4800 usui
1053 4751 1238 4815 erant,
1263 4747 1428 4802 nobis
1447 4747 1586 4801 item
1617 4746 2149 4818 suppeditatCodex

512 4840 977 4912 regularum,ubi
995 4840 1068 4894 ad
1085 4827 1262 4894 ﬁnem
1281 4841 1496 4911 regula
1507 4839 1800 4894 Aureliani
1818 4841 1942 4894 haec
1954 4841 2150 4910 legun-

513 4939 610 4992 tur
639 4952 651 4991 :
688 4935 966 5004 Simulque
993 4940 1274 5004 precantes
1311 4951 1524 4990 oramus
1557 4937 1741 4997 etiam,
1775 4936 2014 4996 Domine,
2046 4949 2150 5004 pro

512 5030 796 5084 animabus
827 5029 1161 5098 famulorum
1194 5033 1406 5084 tuorum
1437 5031 1662 5083 Patrum
1689 5032 1852 5097 atque
1871 5029 2145 5082 instituto-

511 5139 634 5178 rum
659 5123 929 5192 quondam
956 5128 1282 5188 nostrorum,
1310 5123 1617 5185 Aureliani,
1641 5124 1811 5186 Pet-ri,
1830 5122 2144 5184 Florentini,

511 5217 820 5286 Redempti,
901 5219 1269 5279 Constantini,
1343 5219 1624 5279 Himiteri,
1701 5216 1972 5278 Hilarini,
2047 5217 2145 5270 Ja-

509 5309 753 5372 nuarini,
798 5312 1078 5379 Reparati,
1134 5311 1478 5374 Childebcrti,
1539 5310 1882 5378 Ultrogothae,
1918 5309 2002 5362 vel
2043 5324 2150 5363 om-

509 5405 661 5458 nium
693 5405 936 5471 fratrum
978 5408 1299 5468 nostrorum,
1338 5419 1466 5474 quos
1505 5403 1571 5457 de
1609 5404 1704 5456 hoc
1742 5403 1850 5456 loco
1886 5403 1962 5456 ad
1987 5407 2035 5456 te
2061 5418 2148 5457 υο-

509 5513 634 5553 care
659 5497 917 5568 dignatus
943 5513 1013 5554 es.
1047 5500 1470 5566 Cunctoruqu
1509 5498 1670 5549 etiam
1701 5495 1858 5562 hujus
1888 5495 1989 5550 loci
2016 5494 2143 5566 44

509 5607 760 5648 memores
809 5593 1072 5662 ﬁdelium,
1135 5593 1455 5661 pariterque
1502 5591 1790 5658 parentum
1847 5593 2147 5644 nostrorum

508 5691 669 5756 atque
685 5689 1031 5742 servientium
1059 5684 1216 5752 hujus
1247 5684 1350 5736 loci
1377 5701 1393 5736 :
1417 5686 1466 5736 et
1485 5696 1588 5751 pro
1615 5681 1897 5737 animabus
1913 5685 2148 5738 omnium

505 5781 747 5850 ﬁdelium
779 5779 1114 5850 famulorum
1151 5781 1383 5838 tuorum,
1409 5775 1495 5830 vel
1529 5773 1886 5842 famularum,
1914 5791 1977 5831 ac
1996 5793 2146 5848 pere-

509 5875 782 5958 grinorum
830 5875 887 5926 in
920 5885 1056 5943 pace
1100 5867 1346 5924 Ecclesiae
1391 5867 1800 5937 defunctorum;
1849 5874 1909 5924 ut
1952 5872 2024 5925 eis
2064 5875 2142 5934 tu,

2251 4651 2412 4707 modi
2438 4650 2882 4705 Contestationis
2905 4650 3063 4706 varia
3095 4655 3358 4724 exempla
3379 4653 3438 4706 in
3471 4654 3754 4728 Liturgiis
3786 4674 3888 4710 nu-

2249 4746 2400 4810 stris,
2435 4743 2611 4798 etiam
2640 4747 2770 4814 post
2789 4744 3106 4800 admissum
3129 4746 3308 4801 ritum
3331 4749 3788 4819 Gregorianum,
3816 4751 3889 4803 vi-

2251 4839 2386 4894 dere
2408 4839 2556 4894 licet.
2582 4842 2642 4894 ln
2675 4839 2943 4894 omnibus
2969 4843 3162 4894 autem
3193 4841 3482 4913 Liturgiis,
3517 4845 3638 4896 tam
3671 4844 3888 4900 Latinis

2250 4949 2424 5004 quam
2447 4933 2908 5000 Graecis,Sursum
2922 4934 3087 4988 corda
3107 4933 3321 4989 habere
3343 4940 3668 4991 monentur
3683 4956 3698 5006 ;
3715 4939 3885 5008 idque

2248 5027 2592 5098 proﬁtentur
2629 5026 2846 5094 ﬁdeles,
2879 5029 3020 5080 teste
3063 5043 3093 5080 e
3124 5028 3341 5082 Latinis
3369 5030 3660 5100 Cypriano
3695 5035 3800 5087 sub
3831 5034 3887 5086 ﬁ-

2251 5137 2386 5174 nem
2413 5120 2546 5174 libri
2571 5119 2641 5174 de
2672 5120 2964 5189 Oratione,
2993 5124 3052 5174 et
3078 5137 3142 5174 ex
3171 5123 3378 5177 Graecis
3408 5124 3620 5195 Cyrillo
3657 5129 3882 5182 Jeroso—

2247 5214 2529 5285 lymitano
2556 5214 2614 5267 in
2646 5214 2928 5268 catechesi
2954 5217 3352 5287 mystagogica
3383 5221 3434 5286 5,
3461 5218 3558 5272 ubi
3593 5221 3886 5290 prmdictis

2248 5307 2358 5362 illis
2388 5309 2572 5362 verbis
2598 5308 2729 5377 alia,
2759 5308 2935 5362 etiam
2963 5325 3115 5364 nunc
3139 5311 3444 5380 solemnia,
3480 5313 3542 5366 in
3570 5330 3681 5369 usu
3717 5317 3882 5371 fuisse

2248 5404 2508 5469 testatur,
2545 5401 2776 5470 scilicet,
2815 5404 3031 5460 Gratias
3061 5419 3288 5474 agamus
3324 5409 3570 5472 Domino,
3605 5425 3746 5465 cum
3782 5425 3879 5482 po-

2247 5494 2368 5565 puli
2392 5495 2788 5566 responsione,
2820 5499 3052 5566 Dignum
3082 5503 3130 5554 et
3143 5498 3355 5567 justum
3386 5507 3478 5556 est.

2321 5591 2404 5642 16.
2437 5589 2570 5643 Post
2597 5589 2770 5644 verba
2797 5590 3094 5661 superiora
3121 5593 3430 5663 Gregorius
3457 5595 3622 5652 addit
3643 5599 3877 5655 Contes-

2247 5681 2452 5736 tationi
2483 5683 2815 5738 successisse
2839 5684 3137 5756 Trisagion
3165 5703 3198 5740 a
3225 5689 3440 5760 populo
3466 5689 3874 5750 decantatum:

2251 5796 2279 5827 «
2307 5777 2380 5830 At
2403 5776 2501 5831 ubi
2539 5777 2804 5849 expedita
2836 5779 3284 5853 Contestatione,
3314 5785 3512 5856 inquit,
3547 5791 3750 5845 omnis
3777 5805 3873 5862 po-

2246 5871 2410 5942 pulus
2433 5872 2672 5929 Sanctus
2693 5871 2752 5928 in
2767 5873 2997 5931 laudem
3021 5877 3254 5932 Domini
3266 5881 3670 5960 proclamavit,
3689 5887 3875 5953 statiml
