3968 6452
117 405 193 455 I37
516 443 531 456 .
1076 405 1164 464 DE
1199 409 1508 465 LITURGIA
1543 409 1909 468 GALLICAN'A
1945 412 2142 469 LIBER
2177 413 2439 471 PRIMUS.

3318 420 3417 478 138

111 507 339 605 dissoluti
364 511 499 563 sunt
541 513 708 566 nervi
740 513 839 584 qui
869 514 1032 585 ligati
1071 519 1254 583 erant,
1285 520 1340 570 et
1367 518 1522 571 stetit
1548 535 1716 590 super
1735 534 1792 605 Α
1813 520 1978 587 mini,
2013 521 2109 574 ubi
2138 524 2265 592 post
2290 521 2538 590 Secreta,
2562 523 2620 578 id
2651 527 2736 578 est
2755 527 2886 595 post
2907 526 3419 595 consecrationem,
3478 543 3489 556 ι

111 601 258 671 pedes
289 617 419 655 suos
453 607 669 659 cuncto
709 607 922 677 pepulo
961 612 1284 678 spectante;
1317 613 1374 662 et
1408 611 1486 664 sic
1522 612 1711 682 propi-

108 693 261 745 tiante
281 694 532 751 Domino
565 713 750 768 usque
777 700 851 753 ad
877 701 1056 754 altare
1080 705 1340 756 sanctum
1363 703 1435 756 ad
1461 720 1716 758 commu-

108 785 388 840 nicandum
448 789 707 860 prOpriis
760 793 1068 862 gressibus,
1126 795 1282 848 nullo
1338 799 1709 863 sustentante,

107 878 353 948 pervenit.
383 900 412 928 »
443 881 555 934 Ubi
596 882 788 937 obiter
830 885 1088 951 observa,
1121 887 1392 941 mulieres
1427 888 1602 942 etiam
1640 888 1713 942 ad

107 973 258 1024 altare
287 974 826 1030 communicaturas
865 977 1186 1032 accessisse.
1217 980 1296 1033 De
1335 979 1588 1049 Trisagio
1625 979 1708 1034 di-

107 1063 260 1117 cendo
286 1069 466 1118 exstat
495 1083 691 1122 canon
723 1069 924 1123 tertius
952 1071 1189 1126 Concilii
1215 1073 1477 1126 Vasensis
1509 1089 1567 1140 ιι,
1597 1075 1710 1126 sta-

107 1155 288 1209 tuentis
323 1163 384 1212 ut
423 1161 483 1212 in
513 1162 765 1216 omnibus
796 1165 992 1226 missis,
1017 1179 1110 1218 seu
1138 1167 1194 1218 in
1217 1167 1516 1227 matutinis,
1540 1181 1631 1220 seu
1655 1167 1712 1218 in

105 1249 663 1318 quadragesimalibus,
695 1269 788 1308 seu
829 1257 887 1308 in
911 1257 1024 1310 illis
1061 1271 1180 1325 quae
1200 1273 1302 1326 pro
1330 1255 1456 1328 46
1483 1257 1708 1324 defunc-

105 1348 252 1395 torum
285 1348 787 1402 commemoratione
817 1349 972 1416 fiunt,
1001 1363 1206 1418 semper
1240 1349 1496 1414 Sanctus,
1536 1351 1708 1404 Sanc-

106 1438 194 1498 tus,
214 1434 466 1502 Sanctus,
485 1453 546 1491 eo
576 1439 768 1493 ordine
791 1456 896 1508 quo
921 1441 997 1494 ad
1021 1443 1210 1496 missas
1228 1443 1475 1512 publicas
1490 1443 1708 1505 dicitur,

105 1527 193 1580 dici
212 1527 413 1583 debeat.
437 1529 550 1583 Ubi
575 1531 838 1585 notanda
861 1536 947 1586 est
967 1533 1272 1588 missarum
1295 1534 1708 1588 matutinarum

106 1620 764 1692 aquadragesimalibus,
797 1628 969 1696 atque
1015 1627 1193 1681 etiam
1233 1644 1266 1681 a
1311 1627 1552 1698 publicis
1597 1627 1709 1681 dis-

105 1712 293 1780 tinctio,
322 1713 392 1768 de
428 1731 545 1786 qua
577 1715 752 1771 infra.

163 1809 236 1858 l7.
270 1807 466 1862 Canon
508 1808 730 1876 missae,
766 1811 866 1881 qui
893 1811 1202 1882 iTrisagion
1240 1812 1622 1882 consequitur,
1656 1814 1714 1864 et

1813 613 1932 667 haec
1961 615 2230 684 leguntur
2253 631 2265 669 :
2289 615 2492 684 Corpus
2515 621 2666 670 tuum
2685 620 2743 671 in
2757 623 3096 686 peccatorum
3122 625 3424 676 nostrorum

1811 709 2119 760 remissione
2143 710 2497 774 confractum,
2531 712 2660 775 etc.,
2693 726 2820 780 quas
2852 711 3024 764 verba
3049 712 3306 782 proxime
3333 729 3422 766 re-

1812 799 1940 852 latis
1967 799 2412 854 consecrationis
2438 801 2624 854 verbis
2654 803 3019 872 respondent.

1886 894 1968 944 l9.
1997 893 2058 944 In
2107 892 2346 946 concilio
2383 893 2571 962 primo
2609 894 2954 949 Arausicano
2995 895 3424 952 obscurissimus

1813 985 1899 1035 est
1933 999 2116 1038 canon
2153 987 2220 1038 22
2263 1001 2276 1038 :
2305 985 2435 1039 Cum
2468 1001 2631 1055 capsa
2665 992 2716 1040 et
2749 987 2896 1040 calin:
2919 988 3222 1055 oﬂ'erendus
3251 995 3346 1053 est,
3376 995 3426 1044 et

1811 1075 2129 1130 admistione
2162 1078 2518 1131 Eucharistiae
2547 1080 2958 1133 consecrandus.
2985 1080 3132 1144 Quid
3160 1081 3232 1134 sit
3258 1097 3425 1152 capsa

1811 1167 1918 1220 hoc
1962 1168 2105 1235 loco,
2145 1185 2259 1222 non
2310 1169 2505 1240 liquet.
2549 1171 2670 1225 Duo
2719 1171 2812 1225 hic
2851 1171 3172 1242 signiﬁcare
3217 1176 3421 1244 potest,

1811 1276 2020 1330 nempe
2041 1261 2126 1314 vel
2149 1261 2376 1328 turrim,
2392 1277 2504 1332 qua
2521 1263 2658 1317 calix
2677 1263 3140 1332 includisolebat,
3156 1265 3291 1336 et,in
3313 1282 3424 1336 qua

1812 1283 2020 1330 nempe
2044 1283 2126 1314 V61
2151 1283 2376 1342 turrim,
2392 1283 2504 1332 qua
2521 1283 2658 1317 caux
2677 1283 2892 1317 ineiuui
2904 1283 3140 1332 sciebat,
3156 1283 3214 1318 et
3255 1283 3291 1318 n
3313 1283 3419 1336 qua

1811 1351 2164 1407 inferebatur
2185 1369 2218 1406 a
2240 1353 2480 1408 diacono
2505 1355 2576 1408 ad
2607 1357 2805 1424 altare,
2830 1359 2892 1410 ut
2912 1357 2970 1410 in
2993 1358 3178 1428 capite
3199 1283 3419 1428 ἐξέκρο-

1811 1461 2042 1511 nemus;
2065 1447 2148 1498 vel
2173 1449 2464 1516 patenam,
2490 1448 2744 1518 amplam
2769 1452 2825 1502 et
2839 1449 3208 1520 profundam,
3229 1450 3290 1504 in
3311 1467 3424 1521 qua

1811 1537 2323 1608 panis-consecrari
2359 1539 2604 1604 solebat;
2634 1543 2694 1593 ut
2733 1541 2804 1594 sit
2842 1559 3054 1609 sensus,
3089 1559 3205 1597 non
3238 1543 3423 1597 solum

1809 1645 2020 1699 panem
2046 1629 2104 1684 in
2132 1631 2324 1698 missa,
2351 1631 2452 1685 sed
2492 1631 2668 1686 etiam
2701 1633 2936 1687 calicem
2975 1634 3145 1688 simul
3177 1635 3420 1689 oﬂ'eren-

1811 1721 1949 1775 dum
1989 1739 2117 1777 eum
2158 1727 2386 1794 patena,
2420 1723 2477 1777 in
2521 1741 2633 1795 qua
2660 1725 2824 1796 panis
2854 1727 3054 1796 reponi
3091 1728 3253 1782 solet.
3286 1727 3424 1782 Huic

1811 1813 2267 1884 interpretationi
2291 1817 2482 1870 favere
2507 1817 2734 1871 videtur
2752 1819 2988 1873 canonis
3017 1819 3214 1872 titulus
3237 1835 3250 1873 :
3279 1820 3346 1874 Ut
3364 1821 3423 1873 in

107 1898 223 1952 sacri
252 1901 510 1970 mysterii
539 1902 840 1956 actionem
869 1904 1180 1970 antecedit,
1195 1905 1383 1958 varius
1403 1909 1488 1958 est
1507 1905 1565 1957 in
1585 1905 1709 1958 Mis-
1731 1890 1787 1961 Β
1811 1921 1978 1960 unum
1993 1911 2289 1976 prepositio
2309 1909 2644 1964 Saeramenti
2662 1917 3012 1966 consecretur.
3035 1910 3284 1966 Tametsi
3304 1927 3421 1966 non

107 1991 284 2045 salibus
306 1993 622 2047 Gallicanis
650 2011 755 2064 pro
789 1995 1119 2049 diversitate
1149 1997 1474 2050 missarum.
1502 1999 1562 2050 In
1593 1997 1711 2050 Mis-

108 2083 187 2137 sali
221 2084 452 2139 Gothico
489 2103 600 2140 seu
644 2087 938 2142 Gallicana
979 2088 1052 2142 ad
1094 2089 1350 2159 vigiliam
1394 2089 1711 2143 Nativitatis

107 2177 306 2231 Domini
335 2178 413 2231 sic
434 2179 620 2232 habet
647 2197 661 2234 :
703 2183 836 2234 Vere
859 2186 1098 2243 sanctus,
1129 2197 1250 2236 uere
1279 2183 1576 2236 benedictus
1605 2185 1707 2236 Do-

108 2273 248 2325 minus
262 2277 435 2326 noster
453 2275 615 2327 Iesus
638 2275 881 2330 Christus
895 2275 1065 2328 Filius
1081 2279 1223 2337 tuus,
1238 2289 1455 2330 manens
1471 2277 1526 2329 in
1547 2276 1708 2336 oculis,

107 2365 448 2430 manifestatus
485 2367 546 2419 in
575 2368 756 2420 terris.
787 2369 903 2435 Ipse
935 2369 1074 2421 enim
1096 2368 1276 2436 pridie
1309 2383 1470 2437 quam
1492 2373 1708 2437 patere-

107 2461 191 2518 tur,
217 2460 341 2522 etc.,
368 2473 498 2528 qua:
536 2461 678 2511 sunt
713 2458 903 2528 prima
942 2459 1115 2512 verba
1141 2476 1314 2513 sacrae
1343 2459 1582 2513 actionis
1611 2475 1708 2514 seu

109 2550 542 2604 consecrationis.
575 2551 648 2604 Et
689 2551 748 2604 in
791 2550 1236 2606 Circumcisione
1267 2552 1500 2605 Domini
1531 2569 1543 2605 :
1582 2555 1712 2609 Vere

106 2649 306 2704 sanctus,
335 2659 458 2698 vere
503 2645 837 2706 benedictus,
873 2647 1124 2700 Dominus
1153 2649 1328 2699 noster
1365 2648 1512 2700 Iesus
1555 2647 1708 2702 Chri-

105 2740 194 2788 stus
226 2737 388 2790 Filius
427 2741 577 2799 tuus,
619 2739 719 2806 qui
759 2740 902 2790 venit
941 2753 1174 2807 quaerere
1205 2743 1254 2791 et
1289 2738 1498 2792 salvum
1534 2739 1712 2804 facere

106 2827 223 2895 quod
257 2831 511 2898 perierat.
557 2832 683 2899 Ipse
726 2832 866 2883 enim
904 2831 1087 2900 pridie
1125 2847 1306 2900 quam,
1345 2833 1450 2883 etc.
1499 2830 1711 2883 Omnes

109 2920 359 2988 ejusmodi
385 2939 647 2976 canones
678 2922 881 2976 breves
907 2926 1040 2976 sunt
1059 2924 1179 2976 fere
1207 2923 1450 2978 adhunc
1472 2923 1710 2976 modum

106 3011 150 3064 in
170 3013 362 3068 Missali
385 3015 947 3085 Gothicogallicano,
971 3015 1229 3085 itemque
1252 3015 1310 3068 in
1332 3015 1710 3085 subsequente

85 3087 255 3158 'reteri
296 3108 611 3162 Gallicano.
657 3110 734 3161 At
785 3107 842 3161 in
889 3107 1096 3162 Missali
1137 3109 1482 3162 Francorum
1517 3109 1711 3162 Canon

107 3197 460 3268 Gregorianus
485 3201 843 3271 assignatur,
874 3200 1106 3254 tametsi
1137 3200 1263 3254 alia:
1304 3201 1492 3254 missas
1522 3205 1712 3270 partes

105 3290 254 3345 ritum
283 3297 540 3347 veterem
581 3293 948 3347 Gallicanum
987 3293 1260 3346 retinent.
1293 3294 1372 3346 Ex
1403 3309 1514 3362 quo
1543 3292 1706 3346 intel-

105 3381 291 3452 ligitur,
318 3386 576 3456 majores
618 3389 850 3441 nostros
883 3386 1042 3456 prius
1080 3385 1444 3440 Gelasianum
1473 3402 1570 3439 seu
1599 3387 1707 3440 Ro-

104 3491 314 3532 manum
333 3481 638 3536 Canonem
667 3478 994 3547 admisisse,
1021 3495 1195 3550 quam
1218 3479 1510 3550 integrum
1534 3479 1706 3532 ritum

104 3567 419 3628 Romanum.

161 3665 234 3718 18.
263 3666 480 3720 Carioni
511 3666 800 3737 pracdicto
837 3665 1202 3720 continenter
1235 3663 1530 3734 subjicitur
1560 3663 1706 3718 actio

105 3770 256 3824 sacra,
281 3757 566 3830 incipiens
593 3759 668 3814 ab
693 3759 785 3812 his
812 3757 1016 3825 verbis,
1051 3759 1154 3824 Qui
1176 3757 1357 3827 pridie
1378 3773 1540 3826 quam
1555 3761 1710 3828 pate-

102 3855 243 3912 retur,
269 3855 398 3918 etc.,
426 3869 560 3923 qua:
589 3851 789 3917 verba,
819 3867 886 3904 ex
926 3850 1139 3904 sanctis
1176 3849 1516 3920 Evangeliis,
1555 3851 1705 3920 Apo-

105 3943 223 3996 stolo
251 3947 306 3997 et
335 3945 657 4000 traditione
687 3947 945 4014 accepta,
970 3943 1176 3997 eadem
1203 3945 1335 3997 sunt
1354 3942 1412 3995 in
1441 3942 1706 3997 omnibus

104 4032 356 4108 Liturgiis,
384 4039 497 4092 nisi
525 4036 687 4110 quod
715 4037 776 4090 in
804 4036 1096 4092 nonnullis
1123 4035 1388 4108 quaedam
1421 4052 1586 4090 voces
1609 4052 1704 4089 va-

105 4126 245 4196 riant,
273 4134 334 4184 ut
361 4131 632 4203 superius
661 4129 915 4184 vidimus
941 4129 1013 4182 de
1054 4128 1244 4182 missis
1274 4128 1620 4184 Mozarabica
1651 4131 1708 4181 et

108 4223 470 4292 mbrosiana,
498 4225 564 4278 in
599 4223 811 4295 quibus
834 4225 965 4294 post
993 4223 1116 4276 haec
1136 4221 1327 4289 verba,
1351 4225 1458 4277 Hoc
1476 4226 1553 4276 est
1569 4223 1707 4276 enim

111 4328 262 4384 ‘Orpus
298 4333 492 4380 meum,
534 4316 777 4372 additur
825 4315 884 4369 in
935 4313 1116 4368 veteri
1160 4313 1530 4379 Mozarabica,
1565 4314 1708 4384 quod

106 4422 175 4472 pro
195 4410 334 4464 vobis
359 4411 638 4472 tradetur,
668 4409 730 4462 in
763 4408 1149 4462 Ambrosiana
1180 4407 1319 4460 item
1353 4406 1551 4472 veteri,
1584 4422 1702 4461 con-

101 4500 356 4568 fringetur.
381 4506 531 4558 Item
567 4502 730 4574 quod
754 4505 885 4572 post
911 4502 1033 4554 haec
1065 4500 1236 4554 verba
1266 4499 1323 4553 in
1357 4499 1706 4556 Mozarabica

1732 3242 1786 3314 C

1810 2001 1929 2052 tam
1970 1999 2221 2069 priorem
2262 2001 2498 2054 canonis
2531 2005 2753 2070 partem
2796 2006 3013 2072 spectat
3043 2003 3150 2057 hoc
3185 2004 3418 2070 lemma,

1811 2107 1984 2160 quam
2005 2091 2403 2161 posteriorem,
2429 2109 2542 2162 qua
2561 2093 2768 2146 dicitur
2795 2094 2936 2148 calix
2957 2093 3301 2149 admistione
3321 2096 3424 2149 Eu-

1810 2183 2091 2237 charistiee
2140 2185 2575 2239 consecrandus.
2617 2187 2830 2240 Horum
2885 2190 3078 2240 autem
3119 2186 3423 2242 verborum

1810 2291 2006 2329 sensus
2035 2293 2151 2331 non
2179 2281 2282 2343 est,
2308 2277 2470 2347 quasi
2495 2279 2615 2332 solo
2648 2278 3033 2345 Eucharistim,
3067 2279 3124 2332 id
3151 2283 3236 2341 est
3259 2279 3424 2350 panis

1810 2369 2142 2434 consecrati,
2163 2373 2425 2423 contactu
2447 2370 2588 2424 calix
2611 2369 2736 2442 48
2758 2374 3138 2439 consecretur,
3153 2371 3252 2425 sed
3270 2371 3423 2442 quod

1810 2461 1931 2514 haec
1948 2461 2292 2514 admistione
2311 2461 2478 2515 simul
2500 2466 2810 2530 sacrentur,
2831 2466 2888 2515 et
2908 2479 3082 2516 unam
3105 2464 3277 2516 veluti
3296 2447 3420 2517 rein

1811 2557 2198 2608 consecratam
2240 2553 2509 2606 efficiant.
2551 2555 2710 2607 Unde
2749 2555 3025 2608 hactenus
3059 2555 3263 2608 eadem
3303 2556 3422 2609 fere

1809 2645 1981 2698 verba
2023 2645 2356 2710 retinemus,
2393 2662 2522 2699 cum
2557 2646 2921 2700 Eucharistim
2947 2647 3283 2716 particulam
3312 2647 3418 2701 im-

1810 2737 2094 2792 mittendo
2115 2737 2172 2790 in
2196 2739 2428 2792 calicem
2452 2738 2572 2791 haec
2592 2739 2892 2808 proferunt
2913 2739 3236 2794 sacerdotes
3261 2755 3275 2794 :
3298 2741 3422 2794 Haec
3482 2805 3496 2817 κ

1809 2833 2096 2884 commistio
2127 2836 2177 2884 et
2210 2834 2533 2885 consecratio
2561 2833 2798 2900 corporis
2825 2836 2875 2885 et
2898 2835 3182 2898 sanguinis
3211 2834 3424 2886 Domini

1810 2925 1983 2976 nostri
2021 2925 2146 2980 Iesu
2189 2924 2388 2977 Christi
2424 2927 2523 2992 ﬁat
2556 2925 2940 2992 accipientibus
2979 2924 3130 2978 nobis
3165 2927 3225 2978 in
3256 2927 3423 2978 vitam

1811 3021 2083 3070 aeternam.
2111 3015 2326 3069 Clarius
2346 3015 2496 3069 Ordo
2517 3016 2927 3070 Ambrosianus
2950 3033 2962 3070 :
2987 3016 3286 3071 Commistio
3305 3032 3424 3071 con-

1811 3110 2006 3162 secrati
2029 3111 2264 3176 corporis
2285 3113 2336 3162 et
2353 3111 2637 3175 sanguinis
2658 3111 2871 3162 Domini
2889 3111 3061 3163 nostri
3077 3111 3203 3163 Iesu
3227 3108 3426 3163 Christi

1811 3201 1963 3254 nobis
2009 3202 2286 3255 edentibus
2328 3207 2378 3254 et
2418 3203 2750 3256 sumentibus
2783 3204 3034 3271 proﬁciat
3069 3203 3143 3256 ad
3179 3205 3347 3257 vitam
3374 3206 3424 3255 et

1808 3294 2070 3360 gaudium
2103 3297 2500 3362 sempiternum.
2528 3293 2614 3347 Ad
2647 3293 2912 3348 ordinem
2944 3294 3138 3348 redeo.
3349 3291 3356 3299 ’

1879 3389 1964 3440 20.
1990 3386 2174 3439 Finita
2205 3385 2392 3440 calicis
2413 3387 2860 3454 consecratione,
2882 3387 3098 3441 Missale
3121 3387 3420 3442 Gothicum

1808 3479 1868 3531 in
1890 3478 2128 3549 singulis
2151 3495 2297 3548 pene
2329 3479 2516 3532 missis
2537 3479 2728 3533 subdit
2752 3496 2927 3533 unam
2950 3480 3271 3534 orationem
3293 3482 3424 3534 Post

1808 3571 2147 3642 mysterium
2185 3588 2284 3624 seu
2307 3573 2440 3626 Post
2469 3574 2705 3625 secreta.
2729 3571 3050 3626 Mozarabes
3072 3573 3205 3626 Post
3231 3571 3421 3626 Pridie

1808 3664 2016 3718 eodem
2043 3681 2208 3718 sensu
2237 3665 2546 3734 appellant.
2569 3664 2904 3734 Exemplum
2929 3668 3049 3718 esto
3071 3664 3142 3718 de
3165 3663 3338 3717 missa
3359 3664 3420 3718 in

1807 3756 2000 3827 vigilia
2027 3756 2238 3811 Natalis
2268 3756 2518 3823 Domini,
2549 3773 2676 3827 quas
2718 3757 2777 3810 in
2817 3756 3052 3810 Gothico
3093 3756 3171 3810 sic
3203 3756 3377 3810 habet
3405 3772 3417 3810 :

1805 3852 1930 3904 Haec
1943 3852 2194 3918 facimus,
2213 3852 2432 3904 Domine
2456 3855 2657 3912 sancte,
2676 3851 2836 3904 Pater
2859 3852 3208 3919 omnipotens,
3229 3854 3421 3904 aeterne

1805 3945 1966 4010 Deus,
2009 3947 2468 3998 commemorantes
2508 3948 2559 3996 et
2595 3943 2919 3996 celebrantes
2953 3944 3262 4012 passionem
3294 3945 3420 3997 uni-

1805 4037 1974 4104 geniti
1999 4037 2128 4090 Filii
2166 4039 2249 4090 tui
2288 4038 2414 4090 Iesu
2451 4035 2650 4090 Christi
2673 4037 2888 4090 Domini
2913 4037 3104 4097 nostri,
3131 4038 3228 4105 qui
3251 4042 3422 4091 tecum

1771 4141 1780 4150 '
1805 4131 1937 4184 vicit
1969 4133 2018 4184 et
2045 4134 2236 4196 regnat
2268 4145 2387 4184 cum
2424 4129 2634 4198 Spiritu
2670 4134 2852 4184 sancto
2877 4131 2936 4182 in
2969 4129 3166 4182 secula
3201 4129 3417 4184 seculo-

1805 4237 1944 4276 rum.
1984 4209 2122 4275 ‘r'laec
2167 4225 2287 4276 tota
2333 4221 2579 4277 Canonis
2629 4225 2686 4276 et
2739 4221 2884 4276 sacri
2934 4221 3194 4292 mysterii
3245 4221 3420 4275 series

1804 4313 2164 4368 Mozarabica:
2195 4314 2434 4370 omnino
2460 4313 2772 4368 consimilis
2793 4316 2896 4382 est,
2927 4313 3159 4368 tametsi
3183 4313 3418 4368 diverse

1806 4410 1938 4460 sunt
1966 4406 2134 4460 unius
2159 4407 2230 4461 ab
2261 4406 2374 4461 alio
2402 4407 2515 4461 ritu
2546 4406 2854 4462 orationes.

1877 4503 1962 4554 2t.
1989 4501 2121 4554 Post
2143 4499 2264 4554 hinc
2291 4499 2612 4554 Mozarabes
2645 4499 2894 4554 hostiam
2924 4499 3199 4568 frangunt
3221 4498 3280 4552 in
3309 4515 3410 4554 no-

103 4591 201 4646 ὓπερ
216 4595 331 4667 47
353 4597 677 4651 adduntur.
695 4593 1596 4664 Quotiescunquemanducauerit-is,
1613 4594 1783 4670 hocD
1805 4609 1934 4648 vem
1985 4593 2304 4664 portiones;
2350 4609 2416 4646 ac
2464 4591 2673 4645 deinde
2717 4591 2853 4644 dicit
2893 4591 3189 4662 presbyter
3219 4607 3232 4645 :
3263 4592 3410 4654 Fide,

99 4688 236 4748 facile
252 4691 305 4742 in
328 4707 502 4745 meam
522 4691 1094 4745 commemorationem.
1116 4691 1202 4740 An
1227 4685 1512 4756 ejusmodi
1532 4685 1703 4739 verba

103 4778 145 4829 in
171 4783 332 4836 veteri
361 4784 666 4838 Gallicana
696 4781 875 4835 missa
913 4781 1214 4850 interjecta
1254 4779 1484 4844 fuerint,
1503 4778 1703 4858 incer-

102 4874 218 4926 tum.
241 4877 310 4929 At
335 4893 573 4931 morem
605 4875 977 4941 catholicum,
1006 4873 1066 4928 id
1097 4877 1185 4926 est
1212 4872 1612 4938 universalem,
1643 4871 1700 4925 in

103 4963 184 5019 liae
199 4986 346 5024 sacra
362 4971 599 5025 actione
617 4971 911 5022 servatum
929 4967 1102 5021 fuisse
1127 4966 1302 5020 tradit
1321 4965 1626 5035 Gregorius
1643 4965 1699 5018 in

103 5073 200 5128 cap.
229 5065 287 5116 16
318 5063 386 5117 de
415 5064 562 5116 Vitis
586 5065 850 5124 Patrum,
883 5060 981 5114 ubi
1013 5059 1084 5114 de
1113 5057 1392 5113 Venantio
1421 5058 1698 5112 'l‘uronino

103 5152 292 5222 abbate,
318 5157 415 5228 qui
443 5156 791 5228 presbytero
817 5152 1042 5208 Missam
1074 5151 1386 5206 celebranti
1409 5151 1700 5221 proximus

105 5248 251 5300 astitit
278 5267 290 5302 :
327 5273 353 5298 «ι
382 5251 762 5318 Ventumque
790 5249 877 5300 est
915 5248 978 5299 ut
1014 5247 1276 5299 sanctum
1307 5259 1518 5297 munus
1539 5243 1700 5314 juxta

107 5355 292 5396 morem
315 5343 696 5407 catholicum,
725 5340 892 5409 signo
920 5337 1100 5392 crucis
1130 5337 1506 5408 superposito,
1531 5336 1701 5390 bene-

108 5435 366 5492 diceretur.
399 5461 427 5488 ››
463 5437 567 5490 llle
591 5449 730 5488 vero
762 5431 906 5485 vidit
944 5430 1258 5501 quemdam
1287 5445 1505 5493 senem,
1535 5429 1698 5483 cleri-

106 5533 229 5582 catus
258 5531 475 5586 honore
507 5525 930 5591 venerabilem,
959 5523 1216 5577 oblatum
1257 5521 1454 5576 altaris
1485 5521 1696 5575 sacrifi-

107 5620 227 5675 Pium
269 5623 503 5678 dextera
556 5622 798 5675 extensa
840 5615 1302 5670 benedicentem.
1351 5635 1378 5663 ‹‹
1428 5614 1699 5670 For-mam

104 5715 532 5782 Ambrosianam,
567 5714 628 5768 in
654 5728 772 5783 qua
800 5709 1049 5776 additur,
1077 5708 1222 5778 quod
1236 5723 1340 5778 pro
1363 5707 1546 5762 multis
1572 5723 1697 5762 con-

103 5807 357 5878 fringetur,
375 5810 435 5865 in
456 5807 683 5862 Ordine
705 5803 996 5860 Gallicano
1024 5803 1310 5856 servatam
1331 5799 1504 5854 fuisse
1527 5800 1700 5870 conjie

106 5900 257 5959 cimus
285 5920 350 5959 ex
375 5899 588 5960 Missali
619 5895 863 5955 Gothico
894 5894 954 5951 in
984 5894 1162 5952 missa
1181 5892 1250 5950 de
1272 5893 1572 5950 Nativitate
1595 5893 1702 5950 Do-

387 5999 676 6065 ΡΑτιιοι..
725 5990 959 6060 LXXII.

1803 4703 1964 4758 quam
1988 4687 2144 4740 corde
2169 4686 2455 4748 credimus,
2485 4701 2573 4739 ore
2592 4689 2770 4739 autem
2796 4684 3056 4738 dicamus.
3084 4685 3223 4738 Tum
3245 4685 3416 4740 elevat

1801 4781 2047 4835 sacerdos
2072 4793 2264 4848 corpus
2291 4778 2510 4841 Christi,
2539 4782 2602 4832 ut
2627 4779 2878 4832 videatur
2895 4778 3116 4847 populo.
3145 4777 3264 4831 Mox
3285 4778 3414 4832 cho-

1801 4880 1897 4926 rus
1927 4875 2118 4926 cantat
2157 4871 2492 4941 Symbolum
2521 4869 3236 4941 Constantinopolitanum,
3266 4873 3327 4922 ut
3353 4870 3407 4922 in

1801 4965 1983 5036 capite
2015 4964 2202 5035 primo
2232 4963 2634 5034 przemisimus.
2663 4963 2822 5017 Haud
2849 4962 2964 5016 scio
2989 4979 3062 5014 an
3091 4961 3242 5032 apud
3279 4961 3406 5016 Gal-

1801 5059 1884 5112 los
1910 5058 1968 5111 id
1999 5057 2202 5112 eodem
2232 5057 2404 5111 modo
2435 5057 2615 5110 ﬁeret.
2649 5055 2954 5124 Gregorius
2993 5053 3408 5110 consecrationi

1800 5151 2056 5221 proxime
2100 5149 2324 5219 subjicit
2357 5147 2805 5202 contractionem
2841 5147 2896 5200 in
2941 5146 3038 5200 lib.
3068 5146 3183 5200 Ide
3219 5147 3409 5202 Gloria

1797 5244 2103 5313 Martyrum
2131 5258 2253 5312 cap.
2277 5244 2343 5296 87
2369 5258 2380 5294 :
2410 5261 2438 5288 ‹‹
2459 5241 2667 5294 Verum
2701 5239 2796 5293 ubi
2826 5239 3101 5310 explicitis
3119 5239 3306 5294 verbis
3327 5258 3409 5296 sa-

1799 5337 1926 5402 eris,
1962 5335 2250 5388 contracto
2297 5332 2572 5387 dominici
2619 5333 2873 5403 corporis
2921 5335 3304 5400 sacramento,
3351 5338 3408 5388 et

1799 5429 1917 5499 ipse
1949 5426 2208 5497 sumpsit,
2237 5429 2294 5479 et
2330 5426 2455 5480 aliis
2493 5425 2781 5480 distribuit
2819 5425 2891 5480 ad
2931 5425 3242 5480 edendum.
3277 5448 3304 5477 »
3336 5429 3408 5480 At

1799 5520 2081 5592 siquidem
2112 5519 2417 5590 Gregorius
2441 5519 2529 5573 his
2552 5518 2738 5573 verbis
2764 5519 2936 5573 sacris
2966 5518 3256 5590 intelligit,
3289 5535 3404 5575 non

1799 5613 2119 5670 orationem
2153 5611 2278 5685 49
2302 5612 2684 5679 Dominicam,
2713 5611 2812 5666 sed
2837 5611 3008 5666 verba
3035 5612 3406 5667 consecratio-

1799 5708 1906 5774 nis,
1958 5706 2068 5759 dici
2121 5709 2309 5778 potest
2363 5705 2812 5760 confractionem
2870 5720 2986 5759 non
3030 5705 3223 5758 statim
3275 5703 3404 5757 huic

1799 5799 2147 5868 successisse,
2177 5816 2307 5854 cum
2333 5798 2802 5854 communionem
2837 5797 3093 5870 proxime
3123 5794 3400 5864 subjiciat,

1800 5909 1926 5968 qua:
1952 5897 2104 5950 certe
2130 5893 2303 5949 ﬁebat
2331 5895 2459 5965 post
2494 5891 2852 5949 Dominicam
2883 5889 3222 5944 orationem.
3254 5885 3400 5944 Nihil

3055 5988 3085 6008 υ

3053 6009 3090 6046 ὓ
