3968 6422
505 382 601 438 139
1278 372 1609 431 ΑΡΡΕΝΙΠΧ
1647 373 1733 427 AD
1772 370 1990 425 OPERA
2029 369 2072 422 S.

2316 363 2594 420 IERMANI
2635 358 3059 416 PARISIENSIS.
3781 349 3883 401 140

413 515 418 522 ·
500 510 672 566 porro
699 494 804 548 hac
831 493 900 546 de
931 507 994 545 re
1022 489 1078 544 in
1117 489 1432 545 Missalibus
1463 487 1767 544 Gallicanis
1807 484 2119 558 praescribi-
2147 479 2381 568 Aquod
2429 479 2678 550 quadam
2727 477 2866 542 vice,
2905 475 3043 528 dum
3068 474 3232 544 juxta
3267 469 3768 527 consuetudinem
3809 467 3884 520 de

501 591 634 642 tur:
668 587 766 642 sed
806 583 1071 652 orationi,
1121 600 1248 654 quae
1293 586 1424 654 post
1469 579 1809 653 mysterium
1857 597 1953 632 seu
1997 563 2488 648 post-“basilicis,
2521 589 2660 642 quas
2699 567 2976 624 orationis
3016 567 3203 638 gratia
3243 566 3487 632 adierat,
3527 563 3883 634 repedaret,

501 679 993 736 consecrationem
1020 676 1366 747 assignatur,
1392 673 1664 730 continuo
1699 673 1808 726 alia
1831 671 2128 741 subjicitur
2228 669 2284 718 et
2322 665 2378 719 in
2426 663 2656 718 basilica
2690 663 2762 716 ad
2805 661 3007 714 missas
3033 659 3346 714 Dominica:
3379 657 3665 713 orationis
3697 654 3888 708 verba

499 770 860 827 Prazfationis
893 770 1075 824 instar
1105 771 1242 823 ante
1265 769 1585 824 orationem
1609 764 2047 828 Dominicalem,
2073 765 2130 815 et
2229 758 2702 821 decantarentur;
2739 772 2867 809 cum
2907 753 2986 808 illi
3033 753 3316 820 dixerunt,
3351 753 3457 808 Sed
3489 752 3661 805 libera
3705 763 3811 802 nos
3855 765 3888 800 α

499 864 656 918 varia
691 863 929 934 quidem
962 862 1022 916 in
1057 861 1298 932 singulis
1337 862 1456 915 fere
1499 858 1706 914 missis.
1736 858 1827 912 Sic
1851 857 1910 910 in
1947 854 2130 910 Natali
2227 852 2389 913 malo,
2421 849 2636 904 audivit
2675 865 2704 902 e
2741 847 2962 902 tumulo
2995 847 3294 917 cujusdam
3331 860 3532 899 vocem
3570 843 3886 896 dicentem

501 957 736 1013 Domini
767 973 780 1010 ς
813 959 935 1013 Νοη
964 960 1144 1010 nostro
1163 959 1568 1025 p-rzesumcntes,
1600 955 1762 1007 Pater
1791 954 1993 1011 sancte,
2020 963 2128 1002 mc-
2231 943 2514 1009 similiter,
2541 944 2730 999 Libcra
2756 957 2850 996 nos
2887 957 2921 995 α
2955 941 3118 996 malo.
3147 962 3174 990 ››
3206 940 3458 994 Demum
3488 939 3620 1008 post
3653 933 3888 990 oratio-

499 1055 626 1114 rito,
651 1051 747 1105 scd
771 1050 1176 1104 Domininostri
1194 1051 1318 1102 Jcsu
1339 1047 1539 1101 Christi
1559 1047 1866 1100 obcdientes
1885 1043 2128 1112 imperio,
2233 1053 2368 1091 nem
2414 1035 2775 1092 Dominicam
2812 1035 2869 1089 in
2905 1033 3110 1089 Missali
3152 1032 3408 1099 Gothico,
3438 1048 3556 1086 non
3601 1045 3782 1084 secus
3827 1043 3892 1081 ac

503 1144 766 1200 audemus
793 1144 1008 1197 dicere:
1039 1144 1208 1196 Pater
1243 1143 1457 1206 noster,
1493 1143 1600 1194 etc.
1637 1139 1717 1192 De
1753 1139 1862 1192 hoc
1904 1135 2129 1189 univer-
2233 1129 2290 1184 in
2329 1128 2698 1196 Mozarabico,
2741 1128 3003 1182 subditur
3039 1125 3153 1199 51
3214 1125 3396 1181 oratio
3443 1123 3602 1178 varia
3645 1139 3763 1193 pro
3801 1121 3894 1174 di-

419 1260 434 1270 -
504 1237 609 1292 sali
649 1253 811 1291 more
850 1235 1234 1305 Hieronymus
1281 1233 1360 1286 ita
1401 1231 1596 1286 scribit
1625 1232 1682 1286 in
1716 1231 1812 1284 lib.
1843 1247 1902 1284 Ill
1937 1230 2135 1282 contra
2232 1221 2408 1276 versis
2441 1223 2647 1276 missis.
2690 1224 2752 1276 In
2779 1221 2961 1276 Natali
3002 1219 3233 1274 Domini
3264 1235 3277 1273 :
3304 1219 3498 1274 Libera.
3535 1233 3654 1280 nos,
3703 1217 3894 1268 omni-

503 1330 802 1400 Pelagium
837 1346 850 1384 :
889 1350 915 1376 ‹‹
948 1328 1039 1384 Sic
1067 1327 1262 1382 docuit
1291 1326 1580 1396 apostolos
1611 1343 1758 1391 suos,
1791 1327 1852 1377 ut
1877 1320 2132 1393 quotidie
2223 1321 2411 1388 potens
2431 1317 2672 1380 Deus,ab
2698 1317 2842 1370 omni
2869 1316 3028 1376 malo,
3055 1319 3105 1368 et
3124 1312 3334 1368 custodi
3357 1327 3451 1366 nos
3477 1313 3535 1365 in
3554 1312 3712 1364 omni
3730 1324 3900 1378 opere

503 1423 564 1478 in
594 1422 850 1494 corporis
885 1421 973 1475 sui
1013 1419 1289 1475 sacriﬁcio
1319 1419 1620 1473 credentes
1651 1418 1904 1472 audeant
1929 1414 2083 1485 loqui
2118 1430 2130 1466 :
2234 1411 2386 1473 bono,
2409 1412 2652 1480 perfecta
2678 1412 2874 1464 veritas
2901 1413 2950 1462 et
2975 1424 3101 1462 vera
3133 1408 3357 1462 libertas
3383 1409 3540 1473 Deus,
3561 1405 3662 1474 qui
3687 1415 3902 1473 regnas

504 1517 667 1572 Pater
690 1521 872 1571 noster
896 1517 993 1584 qui
1021 1531 1074 1568 es
1105 1516 1164 1568 in
1189 1514 1353 1567 caelis.
2230 1505 2290 1556 in
2318 1504 2513 1558 sa’cula
2539 1504 2876 1558 szrculorum.

577 1612 664 1664 22.
689 1610 844 1663 Hanc
867 1609 1060 1662 autem
1083 1606 1406 1662 orationem
1425 1604 1808 1670 Dominicam,
1827 1619 1941 1657 non
1962 1619 1994 1656 a
2011 1601 2130 1656 solo
2301 1599 2392 1651 23.
2423 1595 2891 1652 Communionem
2923 1593 3362 1666 subsequentem
3389 1590 3774 1664 praecedebat
3799 1589 3900 1643 be—

506 1702 822 1768 sacerdote,
857 1700 956 1754 sed
987 1682 1164 1754 etiam
1187 1699 1258 1752 ab
1291 1702 1514 1752 astante
1536 1699 1747 1769 populo
1770 1696 1923 1767 apud
1944 1695 2132 1750 Gallos
2231 1689 2475 1744 nedictio
2529 1690 2598 1743 ab
2653 1689 2914 1760 episcopo
2964 1689 3053 1742 vel
3102 1687 3386 1742 sacerdote
3440 1683 3768 1756 impertita,
3828 1682 3902 1736 ad

504 1795 789 1866 prolatam
813 1793 984 1847 fuisse
1006 1793 1173 1848 docet
1191 1791 1572 1862 Gregoriusin
1591 1791 1688 1844 lib.
1713 1807 1751 1844 ιι
1771 1789 1841 1844 de
1857 1787 2132 1843 Miraculis
2232 1797 2404 1854 quam
2443 1782 2710 1837 diaconus
2749 1786 3056 1854 praesentes
3101 1781 3250 1835 elata
3276 1796 3412 1835 voce
3439 1777 3806 1834 admonebat
3838 1781 3907 1830 ut

502 1887 682 1943 sancti
711 1886 936 1941 Martini
966 1901 1091 1956 cap.
1118 1889 1204 1940 30.
1231 1885 1454 1957 Quippe
1481 1883 1784 1955 «quadam
1816 1882 1909 1936 die
1935 1880 2132 1936 Domi-
2153 1873 2210 1945 B
2234 1891 2291 1930 se
2331 1875 2685 1931 inclinarent.
2723 1875 2997 1931 Caesarius
3037 1875 3194 1930 testis
3235 1874 3296 1929 in
3337 1888 3602 1928 sermone
3627 1873 3746 1927 285
3768 1869 3900 1940 jam

505 1981 652 2048 nica,
685 1979 824 2035 dum
851 1979 1146 2034 Missarum
1183 1979 1467 2034 solemnia
1505 1977 1957 2042 celebrarentur,
1992 1991 2138 2043 quar-
2243 1969 2490 2023 laudatae
2517 1969 2842 2041 appendicis
2867 1967 3312 2040 Augustinianze,
3343 1983 3504 2022 num.
3528 1969 3600 2020 2:
3639 1984 3666 2016 «
3693 1967 3771 2020 Et
3792 1965 3906 2018 hcc

507 2074 634 2128 dam
675 2075 884 2140 femina
924 2076 1077 2126 mutu
1117 2074 1173 2125 in
1219 2071 1440 2125 basilica
1487 2087 1617 2124 cum
1662 2069 1886 2139 reliquo
1930 2067 2148 2138 populo
2243 2063 2518 2120 admoneo
2557 2063 2726 2118 simul
2767 2069 2822 2118 et
2860 2080 3022 2134 rogo,
3057 2062 3278 2130 fratres,
3309 2060 3530 2132 quoties
3568 2058 3904 2114 clamatum

506 2166 714 2221 stabat.
735 2166 970 2219 Factum
989 2167 1075 2218 est
1093 2168 1290 2218 autem
1315 2181 1444 2218 cum
1470 2162 1771 2218 Dominica
1793 2162 1976 2215 oratio
2000 2159 2146 2213 dice-
2244 2155 2415 2211 fuerit
2451 2160 2513 2212 ut
2559 2174 2655 2211 vos
2693 2156 3070 2212 benedictioni
3113 2155 3416 2210 humiliare
3463 2151 3750 2220 debeatis,
3781 2168 3906 2207 non

507 2262 687 2326 retur,
707 2258 828 2312 haec
849 2260 1046 2328 aperto
1070 2274 1170 2311 ore
1193 2257 1362 2328 coepit
1388 2259 1642 2310 sanctam
1667 2255 1990 2309 orationem
2011 2269 2142 2306 eum
2244 2249 2398 2304 vobis
2441 2249 2511 2304 sit
2543 2250 2885 2305 laboriosum
2927 2250 3106 2322 capita
3134 2249 3431 2318 inclinare,
3460 2247 3597 2320 quia
3630 2263 3760 2301 non
3793 2246 3904 2300 ho—

509 2351 748 2422 reliquis
765 2351 1093 2404 decantare.
1111 2371 1139 2399 »
1157 2349 1503 2404 Idemﬁebat
1523 2348 1698 2403 etiam
1719 2351 1850 2401 tunc
1871 2346 2145 2417 temporis
2245 2343 2408 2413 mini,
2438 2343 2535 2399 sed
2562 2345 2673 2400 Deo
2701 2343 3034 2398 humiliatis.
3065 2364 3092 2391 ››

511 2445 662 2516 apud
685 2445 927 2509 Graecos,
951 2447 1092 2497 teste
1111 2442 1348 2498 Leontio
1371 2443 1638 2512 episcopo
1674 2441 1730 2494 in
1757 2440 1899 2494 libro
1923 2439 1994 2493 de
2022 2440 2145 2493 Vita
2315 2437 2406 2492 24.
2435 2439 2562 2492 Post
2598 2437 3054 2493 benedictionem
3093 2441 3148 2491 et
3187 2434 3486 2490 sacerdotis
3525 2435 3902 2490 communio-

509 2535 690 2592 sancti
734 2535 972 2591 Joannis
1014 2535 1266 2606 episcopi
1307 2533 1696 2600 Alexandrini,
1751 2536 2144 2602 cognomento
2245 2547 2399 2600 nem,
2441 2531 2634 2586 fideles
2673 2529 3145 2586 communicaturi
3186 2529 3256 2584 ad
3295 2529 3470 2584 altare
3513 2528 3899 2594 accedebant,

508 2628 1242 2700 Elecmosynarﬁ;qnicum
1259 2627 1581 2698 principem
1601 2626 1916 2698 quemdam
1932 2625 2003 2678 ad
2017 2642 2146 2678 cou-
2247 2625 2416 2679 etiam
2441 2625 2725 2692 mulieres,
2753 2630 2818 2679 ut
2842 2641 3002 2679 num.
3035 2627 3065 2678 6
3092 2623 3410 2677 notavimus
3444 2639 3456 2675 :
3489 2626 3696 2676 contra
3725 2638 3908 2693 quam

507 2722 761 2778 cordiam
796 2739 927 2776 cum
963 2721 1072 2775 alio
1099 2738 1367 2776 revocare
1395 2721 1588 2786 vellet,
1615 2719 1774 2773 misit
1795 2718 1895 2789 qui
1918 2734 2050 2771 eum
2073 2717 2145 2771 ad
2244 2719 2398 2790 apud
2448 2719 2738 2788 Hispanos,
2792 2719 2942 2790 apud
2995 2735 3136 2790 quos
3191 2715 3476 2770 sancitum
3529 2718 3614 2770 est
3672 2713 3911 2770 concilii

509 2833 568 2870 se
596 2814 910 2870 adduceret
939 2817 1113 2886 atque
1145 2815 1269 2885 ipso
1307 2816 1592 2885 prtesente
1625 2834 1652 2860 «
1683 2812 1820 2866 fecit
1854 2811 2058 2865 missas
2087 2811 2144 2864 in
2245 2811 2493 2866 Toletani
2539 2827 2591 2865 1v
2629 2828 2844 2866 canone
2886 2816 2972 2879 t7,
3011 2815 3074 2867 Ut
3117 2810 3416 2866 sacerdotes
3456 2814 3504 2864 ct
3545 2809 3734 2864 leritw
3785 2815 3912 2862 ante

511 2908 765 2965 oratorio
793 2925 917 2975 suo,
951 2909 1172 2962 nullum
1200 2907 1421 2962 habens
1453 2905 1560 2960 nisi
1591 2905 1922 2959 ministrum
1954 2922 2142 2958 suum.
2247 2907 2420 2960 altare
2462 2909 2863 2968 communicent,
2907 2907 2964 2958 in
3011 2907 3168 2959 choro
3216 2904 3414 2966 clerus,
3461 2907 3621 2957 extra
3679 2903 3913 2956 chorum

509 3005 651 3060 Cum
688 3019 825 3073 ergo
852 3005 1048 3056 sancta
1074 3001 1462 3056 benedixisset
1481 2999 1830 3070 patriarcha,
1856 3003 1914 3052 et
1940 2999 2148 3053 oratio-
2240 3001 2494 3070 populus.
2527 2999 2680 3053 Idem
2722 2999 2839 3053 fere
2879 3002 3154 3053 statutum
3195 2995 3418 3051 concilii
3461 2994 3786 3050 Laodiceni
3814 3011 3908 3049 ca-

514 3112 651 3152 nem
687 3095 1050 3150 Dominicam
1094 3095 1438 3161 inchoasset,
1471 3095 1767 3164 coeperunt
1805 3091 1995 3146 dicere
2030 3095 2146 3144 tres
2245 3109 2393 3148 none
2427 3095 2512 3148 19.
2557 3090 2882 3148 Contrarius
2907 3107 3031 3145 mos
3070 3090 3220 3162 apud
3259 3089 3460 3144 Gallos.
3499 3089 3558 3142 In
3587 3089 3850 3142 concilio
3877 3104 3915 3141 ιι

514 3193 744 3245 tantum
766 3189 867 3256 illi,
891 3191 1052 3243 Pater
1080 3194 1277 3242 noster.
1303 3189 1372 3240 Et
1395 3203 1527 3240 cum
1554 3185 1906 3257 pervenisset
1927 3186 1999 3240 ad
2026 3202 2144 3240 ser-
2171 3239 2218 3257 η
2249 3185 2562 3241 Turonensi
2589 3202 2768 3240 canon
2811 3189 3044 3257 quartus
3067 3187 3219 3240 vetat
3253 3183 3425 3237 laicos
3454 3181 3631 3236 choro
3677 3181 3919 3237 misceri

516 3299 758 3338 monem
785 3298 898 3353 quo
923 3281 1147 3347 dicitur,
1169 3283 1389 3334 Dimitte
1406 3281 1557 3335 nobis
1579 3281 1759 3334 debita
1779 3285 1985 3342 nostra,
2011 3283 2140 3347 etc.,
2166 3239 2222 3313 Ο
2246 3279 2606 3352 psallentium
2635 3279 3004 3333 clericorum:
3027 3278 3119 3334 Ad
3147 3277 3413 3332 orandum
3438 3291 3562 3330 vero
3583 3280 3638 3330 et
3673 3291 3920 3330 commu-

515 3374 708 3430 innuit
736 3374 1050 3430 domestico
1079 3373 1422 3445 patriarcha,
1459 3375 1520 3426 ut
1553 3370 1679 3444 5O
1711 3375 1946 3426 taceret.
1981 3371 2147 3427 Siluit
2242 3374 2536 3428 nicandum
2585 3374 2738 3426 laicis
2785 3377 2835 3425 et
2875 3373 3110 3439 feminis,
3156 3373 3296 3425 sicut
3343 3385 3456 3424 mos
3514 3374 3611 3432 est,
3669 3375 3916 3440 pateant

519 3485 658 3540 ergo
690 3468 1034 3540 patriarcha,
1074 3469 1131 3520 et
1157 3465 1436 3519 remansit
1468 3464 1734 3535 princeps
1761 3465 1930 3519 solus.
1965 3487 1990 3513 υ
2023 3465 2146 3529 Qua
2244 3472 2432 3522 sancta
2465 3471 2789 3521 sancto-rum.
2817 3467 2893 3520 De
2923 3465 3348 3520 Guntchramno
3379 3478 3516 3534 rege
3564 3461 3625 3516 id
3656 3465 3918 3518 testatur

519 3560 820 3620 occasione
854 3563 1102 3630 captata,
1130 3559 1214 3613 vir
1249 3563 1476 3614 sanctus
1506 3575 1639 3613 eum
1675 3558 1750 3612 ad
1775 3557 2145 3613 concordiam
2245 3559 2548 3631 Gregorius
2583 3559 2642 3612 in
2684 3559 2783 3614 lib.
2811 3575 2866 3613 1x
2893 3575 3014 3630 cap.
3049 3562 3080 3613 3
3111 3576 3125 3612 :
3159 3581 3188 3607 «
3229 3559 3453 3612 [nterea
3479 3555 3726 3611 advenit
3753 3554 3917 3611 festi-

518 3654 760 3710 induxit.
799 3655 956 3707 Hunc
999 3654 1326 3708 Graacorum
1363 3653 1539 3706 ritum
1576 3669 1610 3706 a
1645 3668 1889 3707 romano
1935 3652 2144 3706 discre-
2248 3652 2387 3708 vitas
2416 3652 2593 3708 sancti
2624 3651 2889 3721 Marcelli,
2913 3668 3042 3724 quae
3063 3651 3216 3723 apud
3235 3651 3442 3706 urbem
3463 3649 3922 3706 Cabilonensem

519 3763 682 3821 passe
727 3747 888 3801 testis
931 3749 1016 3800 est
1054 3746 1362 3817 Gregorius
1395 3747 1630 3816 Magnus
1675 3745 1733 3799 in
1759 3745 1856 3800 lib.
1891 3762 1966 3800 vn
1998 3745 2145 3816 epis-
2248 3762 2442 3802 mense
2463 3746 2700 3818 septimo
2721 3746 3058 3816 celebratur,
3083 3749 3140 3800 et
3173 3743 3640 3799 Guntchramnus
3669 3760 3789 3799 rex
3817 3744 3918 3798 ad-

521 3843 640 3898 tola
679 3841 767 3907 64,
801 3839 999 3894 indict.
1034 3843 1066 3894 2
1101 3856 1114 3894 :
1149 3860 1175 3888 «
1204 3839 1316 3894 Sed
1359 3841 1416 3894 et
1447 3839 1750 3894 Dominica
1784 3839 1967 3894 oratio
1997 3838 2150 3910 apud
2249 3839 2376 3895 fuit.
2405 3841 2612 3894 Verum
2633 3839 2736 3893 'ubi
2780 3839 3028 3910 peractis
3077 3837 3426 3894 solemnibus
3465 3836 3537 3892 ad
3575 3852 3922 3892 sacrosanc-

523 3936 749 3992 Gratcos
787 3933 860 3987 ab
901 3932 1063 3986 omni
1108 3933 1318 4004 populo
1357 3931 1590 4000 dicitur;
1621 3933 1773 4004 apud
1805 3951 1910 3987 nos
1951 3949 2088 3987 vero
2119 3949 2153 3987 a
2250 3939 2376 3990 tum
2399 3933 2661 3989 altarium
2690 3932 3146 3987 communicandi
3175 3930 3357 4004 gratia
3381 3929 3739 4002 accessisset,
3760 3931 3925 3987 venit

525 4029 647 4084 solo
675 4025 990 4081 sacerdote.
1023 4047 1050 4075 ››
1075 4027 1271 4096 Itaque
1301 4027 1694 4081 Graecanicum
1722 4043 1972 4094 morem,
2001 4029 2065 4080 ut
2092 4025 2151 4080 in
2253 4027 2486 4100 quidam
2515 4027 2675 4099 quasi
2699 4027 2912 4098 aliquid
2938 4030 3333 4097 suggesturus.
3363 4046 3390 4075 η
3421 4023 3527 4080 Ubi
3546 4023 3740 4094 vides,
3767 4025 3925 4098 quod

526 4121 652 4177 aliis
681 4119 992 4186 nonnullis,
1018 4117 1393 4174 imitabantur
1417 4120 1576 4174 Galli.
1602 4123 1795 4190 Neque
1819 4119 1974 4174 enim
1999 4119 2153 4190 quod
2253 4119 2513 4192 superius
2547 4120 2983 4189 observavimus,
3019 4119 3208 4174 missae
3254 4117 3526 4174 solemnia
3570 4122 3716 4173 ante
3773 4136 3928 4175 com-

525 4213 890 4273 Dominieam
908 4212 1230 4267 orationem
1250 4230 1380 4266 cum
1403 4213 1700 4267 sacerdote
1718 4212 1896 4266 etiam
1912 4213 2155 4283 pepulus
2255 4214 2587 4270 munionem
2613 4215 2924 4270 astantium
2950 4213 3168 4268 censeri
3195 4218 3444 4284 peracta.

531 4307 893 4375 decantabat,
913 4306 972 4360 id
988 4305 1160 4360 ﬁebat
1176 4305 1582 4361 eximitatione
1599 4305 2155 4376 Mozarabum,apud
2326 4313 2415 4365 25.
2461 4309 2534 4363 De
2569 4308 2766 4364 Eulalii
2804 4307 3025 4362 comitis
3059 4307 3131 4362 ad
3168 4307 3343 4362 altare
3385 4321 3614 4360 accessu
3666 4305 3928 4380 insignis

533 4419 676 4475 quos
705 4401 947 4472 pepulus
980 4399 1052 4454 ad
1091 4399 1343 4471 singulas
1373 4400 1494 4454 fere
1524 4399 1841 4454 Dominicze
1880 4399 2157 4455 orationis
2258 4407 2342 4458 est
2375 4401 2544 4461 etiam
2592 4403 2746 4456 locus
2782 4402 2935 4474 apud
2977 4401 3246 4456 eumdem
3272 4399 3614 4470 Gregorium
3651 4397 3726 4455 in
3752 4401 3864 4456 lib.
3896 4417 3929 4455 ι

531 4495 838 4571 petitiones
853 4493 1238 4565 respondebat
1256 4496 1502 4560 tantum,
1521 4494 1728 4546 Amen.
1748 4494 1992 4548 Noverat
2005 4494 2157 4548 hunc
2259 4514 2383 4568 cap.
2405 4500 2457 4566 8,
2483 4494 2608 4568 52
2637 4512 2705 4550 ex
2721 4512 2833 4568 quo
2852 4494 3141 4564 discimus,
3164 4493 3506 4565 particulam
3525 4491 3742 4548 hostiae
3763 4511 3928 4549 com-

531 4591 708 4646 ritum
725 4588 1016 4655 Bohcrius,
1033 4587 1130 4658 qui
1146 4587 1205 4640 in
1223 4585 1642 4642 commentario
1663 4589 1694 4640 2
1711 4603 1882 4658 super
1895 4589 2156 4660 regulam
2177 4613 2239 4687 D
2259 4590 2632 4646 municaturis
2677 4608 2709 4644 a
2743 4590 3028 4644 sacerdote
3070 4592 3412 4660 porrectam,
3444 4590 3620 4658 atque
3643 4587 3728 4642 ab
3759 4589 3845 4643 eis
3875 4589 3934 4642 in

535 4683 713 4739 sancti
739 4681 1029 4736 Benedicti
1057 4681 1132 4734 ad
1157 4682 1331 4750 caput
1366 4683 1420 4733 ll
1459 4677 1539 4733 ita
1557 4679 1767 4735 habet:
1795 4702 1822 4730 «
1843 4681 2006 4736 Unde
2026 4677 2230 4752 legi--
2262 4701 2464 4740 manus
2500 4688 2787 4754 acceptam
2825 4683 2996 4738 fuisse
3041 4699 3054 4737 :
3101 4702 3129 4734 ς(
3167 4680 3652 4736 Convenientibus
3705 4681 3931 4736 civibus

538 4782 647 4844 tur,
679 4775 832 4848 quod
866 4775 1114 4829 Isidorus
1153 4771 1496 4842 Hispalensis
1536 4772 1788 4828 condens
1817 4774 2008 4829 missae
2036 4775 2162 4830 ofli-
2265 4795 2396 4834 cum
2421 4778 2708 4833 sacerdote
2747 4779 2864 4848 (seu
2892 4777 3154 4848 episcopo
3197 4778 3588 4830 Arvernorum
3629 4775 3929 4843 Cautino},

537 4871 689 4926 cium
723 4866 1028 4934 ordinavit,
1061 4865 1200 4920 utin
1231 4864 1485 4936 qualibet
1515 4865 1790 4938 petitione
1816 4871 1977 4924 Pater
1991 4874 2167 4923 noster
2264 4873 2334 4928 ad
2363 4871 2722 4927 festivitatem
2761 4870 2910 4926 beati
2947 4869 3190 4941 maryris
3213 4868 3444 4936 Juliani,
3477 4867 3550 4922 ad
3577 4869 3767 4939 pedes
3805 4870 3929 4942 epi-

537 4965 720 5020 clerus
753 4960 1132 5032 responderet
1171 4961 1340 5015 Amen
1353 4978 1370 5026 ,-
1407 4959 1509 5013 scd
1551 4959 1648 5027 ibi,
1688 4963 1888 5016 Panem
1928 4967 2166 5018 nostrum
2268 4964 2794 5038 seopiEulaliusille
2817 4963 3218 5036 prosternitur,
3245 4977 3492 5034 querens
3510 4977 3570 5016 se
3591 4961 3932 5020 inauditum

537 5058 914 5130 quotidianum
963 5054 1037 5108 da
1087 5053 1237 5108 nobis
1297 5053 1452 5108 hodie
1503 5054 1909 5125 responderet,
1964 5057 2067 5122 Qui
2115 5071 2166 5111 es
2267 5077 2300 5116 a
2326 5059 2730 5114 communione
2781 5061 3086 5114 remotum.
3126 5058 3281 5111 Tunc
3315 5056 3615 5127 episcopus
3660 5059 3934 5128 permisit

537 5156 696 5214 Deus,
724 5171 750 5200 »
787 5146 942 5218 quod
967 5145 1138 5201 hodie
1176 5163 1405 5218 quoque
1433 5146 1491 5200 in
1519 5147 1792 5202 Toletana
1823 5148 2072 5202 Ecclesia
2101 5167 2166 5204 ex
2269 5170 2402 5210 eum
2442 5170 2573 5208 cum
2609 5153 2827 5207 caeteris
2865 5151 3168 5207 missarum
3201 5154 3453 5222 spectare
3492 5149 3805 5206 solemnia.
3835 5153 3933 5205 Ye-

540 5245 762 5299 vetusto
791 5239 903 5294 ritu
921 5240 1278 5294 observatur.
1305 5242 1462 5296 Nunc
1491 5239 1550 5294 in
1581 5240 1831 5295 Ecclesia
1852 5242 2073 5309 Latina,
2106 5246 2170 5296 ut
2269 5264 2400 5304 rum
2429 5247 2526 5301 ubi
2562 5247 2634 5301 ad
2659 5245 3122 5300 communionem
3165 5248 3401 5299 ventum
3441 5248 3546 5312 est,
3579 5249 3640 5298 et
3677 5245 3931 5300 Eulalius

544 5335 812 5393 omnibus
837 5337 1036 5389 notum
1069 5337 1170 5400 est,
1195 5339 1323 5406 post
1342 5333 1643 5389 recitatam
1673 5352 1705 5388 a
1729 5335 1848 5390 solo
1871 5335 2167 5390 sacerdote
2269 5341 2340 5396 ad
2381 5339 2646 5394 altarium
2683 5339 3023 5410 accessisset,
3063 5338 3141 5392 ait
3179 5337 3474 5410 episcopus
3505 5353 3519 5392 :
3562 5337 3800 5394 Rumor
3838 5356 3931 5411 po-

545 5446 766 5485 sacram
785 5429 941 5484 illam
959 5428 1441 5497 orationem,ha:c
1459 5430 1686 5482 tantum
1700 5429 1871 5483 verba
1885 5429 2170 5501 excipiunt
2269 5433 2392 5506 puli
2419 5434 2758 5505 parricidam
2784 5439 2838 5489 te
2882 5432 3194 5504 proclamat
3231 5447 3372 5486 esse.
3401 5433 3520 5502 Ego
3557 5448 3698 5488 vero
3729 5437 3930 5488 utrum

545 5525 979 5580 circumstantes
1007 5540 1020 5578 :
1049 5523 1154 5580 Sed
1181 5523 1353 5577 libera
1379 5537 1472 5576 nos
1498 5537 1533 5575 a
1559 5522 1722 5590 malo,
1753 5521 1909 5591 quod
1942 5523 2013 5577 de
2041 5524 2168 5578 offi-
2271 5527 2680 5600 perpetraveris
2721 5529 2829 5583 hoc
2864 5527 3066 5592 scelus,
3095 5543 3169 5580 an
3199 5543 3336 5592 non,
3368 5525 3596 5596 ignoro.
3631 5527 3855 5584 Idcirco
3876 5528 3931 5580 in

545 5619 630 5674 cio
657 5619 848 5674 divino
865 5617 1122 5690 przecipit
1144 5617 1372 5669 sanctus
1389 5612 1744 5668 Benedictus.
1769 5617 1841 5668 At
1856 5617 2171 5672 secundum
2273 5620 2368 5676 Dei
2396 5621 2506 5676 hoc
2534 5625 2592 5676 et
2631 5621 2780 5678 beati
2805 5620 3072 5692 martyris
3107 5619 3316 5675 Iuliani
3357 5623 3544 5674 statuo
3563 5618 3822 5690 judicio.
3855 5623 3933 5676 Tu

545 5717 799 5768 veterem
818 5727 1044 5767 morem
1061 5709 1224 5764 illum
1236 5706 1588 5762 Gallicanum
1605 5706 2070 5778 interpretandus
2088 5714 2174 5766 est
2271 5731 2404 5771 vero
2427 5715 2473 5770 si
2507 5715 2763 5786 idoneus,
2791 5719 2858 5770 ut
2901 5716 3125 5785 asseris,
3155 5714 3359 5770 accede
3387 5711 3652 5785 propius,
3683 5720 3746 5772 et
3774 5731 3933 5772 sume

545 5807 852 5880 Gregorius
893 5805 952 5860 in
989 5818 1114 5873 cap.
1156 5803 1220 5856 16
1259 5798 1332 5854 de
1367 5799 1504 5855 Vitis
1536 5802 1792 5870 Patrum,
1827 5802 1926 5859 ubi
1955 5803 2027 5863 de
2068 5809 2169 5862 Ve-
2272 5809 2376 5866 tibi
2413 5809 2778 5867 Eucharistiee
2816 5808 3174 5882 particulam,
3198 5813 3369 5882 atque
3403 5807 3648 5880 impone
3694 5810 3785 5866 ori
3811 5815 3930 5867 tuo.

548 5901 746 5958 nantio
772 5898 978 5958 abbate
1008 5891 1288 5951 'I‘uronico
1322 5907 1334 5946 :
1363 5914 1391 5942 «
1413 5893 1527 5952 Sed
1546 5911 1651 5951 nec
1675 5895 1814 5952 illud
1845 5899 2170 5979 praeteribo,
2272 5903 2392 5960 Erit
2433 5902 2584 5960 enim
2629 5903 2774 5960 Deus
2809 5907 3095 5975 respector
3133 5902 3494 5961 conscientiae
3533 5907 3680 5964 tuae.
3721 5909 3800 5962 At
3841 5907 3933 5961 ille
