  <div class='ocr_page' id='page_1' title='image "/cluster/home/n/w/nwhite01/storage/ocr_20150623/72/umn.31951002477365o/078.png"; bbox 0 0 3968 6468; ppageno 0'>
   <div class='ocr_carea' id='block_1_1' title="bbox 112 428 2428 488">
    <p class='ocr_par' dir='ltr' id='par_1_1' title="bbox 112 428 2428 488">
     <span class='ocr_line' id='line_1_1' title="bbox 112 428 2428 488; baseline 0.003 -6"><span class='ocrx_word' id='word_1_1' title='bbox 112 428 184 482; x_wconf 75' lang='grc'><strong>141</strong></span> <span class='ocrx_word' id='word_1_2' title='bbox 1058 429 1144 484; x_wconf 89' lang='lat' dir='ltr'><strong>DE</strong></span> <span class='ocrx_word' id='word_1_3' title='bbox 1183 429 1492 487; x_wconf 81' lang='lat' dir='ltr'><strong>LITURGIA</strong></span> <span class='ocrx_word' id='word_1_4' title='bbox 1527 431 1896 487; x_wconf 72' lang='lat' dir='ltr'><strong>GALLICANA</strong></span> <span class='ocrx_word' id='word_1_5' title='bbox 1935 431 2132 488; x_wconf 82' lang='lat' dir='ltr'><strong>LIBER</strong></span> <span class='ocrx_word' id='word_1_6' title='bbox 2166 432 2428 488; x_wconf 82' lang='lat' dir='ltr'><strong>PRIMUS.</strong></span> 
     </span>
    </p>
   </div>
   <div class='ocr_carea' id='block_1_2' title="bbox 107 530 1699 603">
    <p class='ocr_par' dir='ltr' id='par_1_2' title="bbox 107 530 1699 603">
     <span class='ocr_line' id='line_1_2' title="bbox 107 530 1699 603; baseline 0.005 -15"><span class='ocrx_word' id='word_1_7' title='bbox 107 535 294 603; x_wconf 87' lang='lat' dir='ltr'><strong>accepta</strong></span> <span class='ocrx_word' id='word_1_8' title='bbox 339 530 694 587; x_wconf 89' lang='lat' dir='ltr'><strong>Eucharistia</strong></span> <span class='ocrx_word' id='word_1_9' title='bbox 743 533 1172 590; x_wconf 90' lang='lat' dir='ltr'><strong>communicans</strong></span> <span class='ocrx_word' id='word_1_10' title='bbox 1209 537 1494 593; x_wconf 85' lang='lat' dir='ltr'><strong>abscessit.</strong></span> <span class='ocrx_word' id='word_1_11' title='bbox 1545 559 1574 587; x_wconf 84' lang='grc'><strong>››</strong></span> <span class='ocrx_word' id='word_1_12' title='bbox 1619 541 1699 596; x_wconf 84' lang='lat' dir='ltr'><strong>Ex</strong></span> 
     </span>
    </p>
   </div>
   <div class='ocr_carea' id='block_1_3' title="bbox 104 624 1703 700">
    <p class='ocr_par' dir='ltr' id='par_1_3' title="bbox 104 624 1703 700">
     <span class='ocr_line' id='line_1_3' title="bbox 104 624 1703 700; baseline 0.004 -19"><span class='ocrx_word' id='word_1_13' title='bbox 104 627 188 681; x_wconf 89' lang='lat' dir='ltr'><strong>hoc</strong></span> <span class='ocrx_word' id='word_1_14' title='bbox 209 624 444 696; x_wconf 85' lang='lat' dir='ltr'><strong>Gregorii</strong></span> <span class='ocrx_word' id='word_1_15' title='bbox 469 625 594 680; x_wconf 92' lang='lat' dir='ltr'><strong>loco</strong></span> <span class='ocrx_word' id='word_1_16' title='bbox 623 631 879 697; x_wconf 85' lang='lat' dir='ltr'><strong>quatuor</strong></span> <span class='ocrx_word' id='word_1_17' title='bbox 906 627 1246 700; x_wconf 86' lang='lat' dir='ltr'><strong>colligimus.</strong></span> <span class='ocrx_word' id='word_1_18' title='bbox 1269 632 1474 700; x_wconf 90' lang='lat' dir='ltr'><strong>Unum,</strong></span> <span class='ocrx_word' id='word_1_19' title='bbox 1491 633 1703 687; x_wconf 88' lang='lat' dir='ltr'><strong>Eucha-</strong></span> 
     </span>
    </p>
   </div>
   <div class='ocr_carea' id='block_1_4' title="bbox 105 717 1697 796">
    <p class='ocr_par' dir='ltr' id='par_1_4' title="bbox 105 717 1697 796">
     <span class='ocr_line' id='line_1_4' title="bbox 105 717 1697 796; baseline 0.004 -23"><span class='ocrx_word' id='word_1_20' title='bbox 105 719 246 773; x_wconf 68' lang='lat' dir='ltr'><strong>ristiaz</strong></span> <span class='ocrx_word' id='word_1_21' title='bbox 281 717 508 773; x_wconf 86' lang='lat' dir='ltr'><strong>nomine</strong></span> <span class='ocrx_word' id='word_1_22' title='bbox 556 719 652 773; x_wconf 90' lang='lat' dir='ltr'><strong>hic</strong></span> <span class='ocrx_word' id='word_1_23' title='bbox 695 720 874 776; x_wconf 89' lang='lat' dir='ltr'><strong>solam</strong></span> <span class='ocrx_word' id='word_1_24' title='bbox 917 721 1078 792; x_wconf 89' lang='lat' dir='ltr'><strong>panis</strong></span> <span class='ocrx_word' id='word_1_25' title='bbox 1117 722 1364 794; x_wconf 87' lang='lat' dir='ltr'><strong>speciem</strong></span> <span class='ocrx_word' id='word_1_26' title='bbox 1398 725 1697 796; x_wconf 88' lang='lat' dir='ltr'><strong>designari.</strong></span> 
     </span>
    </p>
   </div>
   <div class='ocr_carea' id='block_1_5' title="bbox 104 812 1702 888">
    <p class='ocr_par' dir='ltr' id='par_1_5' title="bbox 104 812 1702 888">
     <span class='ocr_line' id='line_1_5' title="bbox 104 812 1702 888; baseline 0.004 -22"><span class='ocrx_word' id='word_1_27' title='bbox 104 813 341 879; x_wconf 83' lang='lat' dir='ltr'><strong>Alterum,</strong></span> <span class='ocrx_word' id='word_1_28' title='bbox 372 827 440 866; x_wconf 80' lang='lat' dir='ltr'><strong>ex</strong></span> <span class='ocrx_word' id='word_1_29' title='bbox 487 812 772 882; x_wconf 86' lang='lat' dir='ltr'><strong>particula</strong></span> <span class='ocrx_word' id='word_1_30' title='bbox 815 815 958 885; x_wconf 89' lang='lat' dir='ltr'><strong>ejus,</strong></span> <span class='ocrx_word' id='word_1_31' title='bbox 1000 831 1116 870; x_wconf 92' lang='lat' dir='ltr'><strong>non</strong></span> <span class='ocrx_word' id='word_1_32' title='bbox 1164 831 1234 870; x_wconf 82' lang='lat' dir='ltr'><strong>ex</strong></span> <span class='ocrx_word' id='word_1_33' title='bbox 1276 815 1500 887; x_wconf 89' lang='lat' dir='ltr'><strong>integra</strong></span> <span class='ocrx_word' id='word_1_34' title='bbox 1539 818 1702 888; x_wconf 90' lang='lat' dir='ltr'><strong>panis</strong></span> 
     </span>
    </p>
   </div>
   <div class='ocr_carea' id='block_1_6' title="bbox 105 903 1703 978">
    <p class='ocr_par' dir='ltr' id='par_1_6' title="bbox 105 903 1703 978">
     <span class='ocr_line' id='line_1_6' title="bbox 105 903 1703 978; baseline 0.005 -21"><span class='ocrx_word' id='word_1_35' title='bbox 105 903 309 958; x_wconf 82' lang='lat' dir='ltr'><strong>formula</strong></span> <span class='ocrx_word' id='word_1_36' title='bbox 333 905 807 960; x_wconf 88' lang='lat' dir='ltr'><strong>communionem</strong></span> <span class='ocrx_word' id='word_1_37' title='bbox 833 907 1024 962; x_wconf 80' lang='lat' dir='ltr'>datam</span> <span class='ocrx_word' id='word_1_38' title='bbox 1053 907 1245 963; x_wconf 86' lang='lat' dir='ltr'><strong>fuisse.</strong></span> <span class='ocrx_word' id='word_1_39' title='bbox 1268 908 1538 978; x_wconf 88' lang='lat' dir='ltr'><strong>Tertium,</strong></span> <span class='ocrx_word' id='word_1_40' title='bbox 1556 927 1703 965; x_wconf 90' lang='lat' dir='ltr'><strong>com-</strong></span> 
     </span>
    </p>
   </div>
   <div class='ocr_carea' id='block_1_7' title="bbox 103 995 1702 1074">
    <p class='ocr_par' dir='ltr' id='par_1_7' title="bbox 103 995 1702 1074">
     <span class='ocr_line' id='line_1_7' title="bbox 103 995 1702 1074; baseline 0.005 -25"><span class='ocrx_word' id='word_1_41' title='bbox 103 995 395 1050; x_wconf 88' lang='lat' dir='ltr'><strong>munionem</strong></span> <span class='ocrx_word' id='word_1_42' title='bbox 425 996 536 1051; x_wconf 89' lang='lat' dir='ltr'><strong>hac</strong></span> <span class='ocrx_word' id='word_1_43' title='bbox 577 997 644 1052; x_wconf 90' lang='lat' dir='ltr'><strong>in</strong></span> <span class='ocrx_word' id='word_1_44' title='bbox 686 999 976 1055; x_wconf 88' lang='lat' dir='ltr'><strong>occasione</strong></span> <span class='ocrx_word' id='word_1_45' title='bbox 1024 1000 1128 1055; x_wconf 89' lang='lat' dir='ltr'><strong>sub</strong></span> <span class='ocrx_word' id='word_1_46' title='bbox 1161 1001 1277 1055; x_wconf 90' lang='lat' dir='ltr'><strong>sola</strong></span> <span class='ocrx_word' id='word_1_47' title='bbox 1318 1001 1477 1072; x_wconf 89' lang='lat' dir='ltr'><strong>panis</strong></span> <span class='ocrx_word' id='word_1_48' title='bbox 1520 1002 1702 1074; x_wconf 88' lang='lat' dir='ltr'><strong>specie</strong></span> 
     </span>
    </p>
   </div>
   <div class='ocr_carea' id='block_1_8' title="bbox 103 1089 1704 1164">
    <p class='ocr_par' dir='ltr' id='par_1_8' title="bbox 103 1089 1704 1164">
     <span class='ocr_line' id='line_1_8' title="bbox 103 1089 1704 1164; baseline 0.006 -23"><span class='ocrx_word' id='word_1_49' title='bbox 103 1089 300 1154; x_wconf 76' lang='lat' dir='ltr'><strong>iactam,</strong></span> <span class='ocrx_word' id='word_1_50' title='bbox 341 1089 629 1160; x_wconf 86' lang='lat' dir='ltr'><strong>siquidem</strong></span> <span class='ocrx_word' id='word_1_51' title='bbox 676 1091 926 1148; x_wconf 87' lang='lat' dir='ltr'><strong>Eulalius</strong></span> <span class='ocrx_word' id='word_1_52' title='bbox 970 1097 1201 1164; x_wconf 86' lang='lat' dir='ltr'><strong>accepta</strong></span> <span class='ocrx_word' id='word_1_53' title='bbox 1240 1094 1606 1164; x_wconf 89' lang='lat' dir='ltr'><strong>Eucharistia,</strong></span> <span class='ocrx_word' id='word_1_54' title='bbox 1645 1095 1704 1150; x_wconf 91' lang='lat' dir='ltr'><strong>id</strong></span> 
     </span>
    </p>
   </div>
   <div class='ocr_carea' id='block_1_9' title="bbox 103 1181 1702 1254">
    <p class='ocr_par' dir='ltr' id='par_1_9' title="bbox 103 1181 1702 1254">
     <span class='ocr_line' id='line_1_9' title="bbox 103 1181 1702 1254; baseline 0.004 -18"><span class='ocrx_word' id='word_1_55' title='bbox 103 1187 169 1237; x_wconf 87' lang='lat' dir='ltr'><strong>est</strong></span> <span class='ocrx_word' id='word_1_56' title='bbox 184 1181 533 1237; x_wconf 74' lang='lat' dir='ltr'><strong>Eucharistize</strong></span> <span class='ocrx_word' id='word_1_57' title='bbox 564 1184 874 1254; x_wconf 88' lang='lat' dir='ltr'><strong>particula,</strong></span> <span class='ocrx_word' id='word_1_58' title='bbox 904 1186 1092 1240; x_wconf 83' lang='lat' dir='ltr'><strong>statim</strong></span> <span class='ocrx_word' id='word_1_59' title='bbox 1123 1186 1402 1242; x_wconf 81' lang='lat' dir='ltr'><strong>abscessit.</strong></span> <span class='ocrx_word' id='word_1_60' title='bbox 1432 1189 1702 1254; x_wconf 87' lang='lat' dir='ltr'><strong>Quartum</strong></span> 
     </span>
    </p>
   </div>
   <div class='ocr_carea' id='block_1_10' title="bbox 103 1275 1702 1345">
    <p class='ocr_par' dir='ltr' id='par_1_10' title="bbox 103 1275 1702 1345">
     <span class='ocr_line' id='line_1_10' title="bbox 103 1275 1702 1345; baseline 0.004 -17"><span class='ocrx_word' id='word_1_61' title='bbox 103 1275 329 1345; x_wconf 89' lang='lat' dir='ltr'><strong>denique,</strong></span> <span class='ocrx_word' id='word_1_62' title='bbox 357 1275 782 1332; x_wconf 88' lang='lat' dir='ltr'><strong>Eucharistiam</strong></span> <span class='ocrx_word' id='word_1_63' title='bbox 823 1277 1010 1333; x_wconf 91' lang='lat' dir='ltr'><strong>eidem</strong></span> <span class='ocrx_word' id='word_1_64' title='bbox 1056 1278 1118 1334; x_wconf 91' lang='lat' dir='ltr'><strong>in</strong></span> <span class='ocrx_word' id='word_1_65' title='bbox 1157 1296 1362 1335; x_wconf 90' lang='lat' dir='ltr'><strong>manus</strong></span> <span class='ocrx_word' id='word_1_66' title='bbox 1395 1280 1564 1336; x_wconf 89' lang='lat' dir='ltr'><strong>fuisse</strong></span> <span class='ocrx_word' id='word_1_67' title='bbox 1587 1286 1702 1336; x_wconf 86' lang='lat' dir='ltr'><strong>tra-</strong></span> 
     </span>
    </p>
   </div>
   <div class='ocr_carea' id='block_1_11' title="bbox 101 1367 1702 1442">
    <p class='ocr_par' dir='ltr' id='par_1_11' title="bbox 101 1367 1702 1442">
     <span class='ocr_line' id='line_1_11' title="bbox 101 1367 1702 1442; baseline 0.004 -21"><span class='ocrx_word' id='word_1_68' title='bbox 101 1367 264 1436; x_wconf 85' lang='lat' dir='ltr'><strong>ditam,</strong></span> <span class='ocrx_word' id='word_1_69' title='bbox 288 1383 350 1422; x_wconf 89' lang='lat' dir='ltr'><strong>ac</strong></span> <span class='ocrx_word' id='word_1_70' title='bbox 375 1369 624 1440; x_wconf 82' lang='lat' dir='ltr'><strong>proinde</strong></span> <span class='ocrx_word' id='word_1_71' title='bbox 655 1370 962 1442; x_wconf 88' lang='lat' dir='ltr'><strong>antiquum</strong></span> <span class='ocrx_word' id='word_1_72' title='bbox 995 1371 1157 1426; x_wconf 91' lang='lat' dir='ltr'><strong>illum</strong></span> <span class='ocrx_word' id='word_1_73' title='bbox 1198 1373 1456 1428; x_wconf 85' lang='lat' dir='ltr'><strong>Ecclesiae</strong></span> <span class='ocrx_word' id='word_1_74' title='bbox 1485 1390 1702 1429; x_wconf 90' lang='lat' dir='ltr'><strong>morem</strong></span> 
     </span>
    </p>
   </div>
   <div class='ocr_carea' id='block_1_12' title="bbox 103 1463 1702 1532">
    <p class='ocr_par' dir='ltr' id='par_1_12' title="bbox 103 1463 1702 1532">
     <span class='ocr_line' id='line_1_12' title="bbox 103 1463 1702 1532; baseline 0.006 -19"><span class='ocrx_word' id='word_1_75' title='bbox 103 1475 153 1513; x_wconf 87' lang='lat' dir='ltr'><strong>co</strong></span> <span class='ocrx_word' id='word_1_76' title='bbox 175 1475 336 1531; x_wconf 90' lang='lat' dir='ltr'><strong>usque</strong></span> <span class='ocrx_word' id='word_1_77' title='bbox 365 1477 791 1532; x_wconf 80' lang='lat' dir='ltr'><strong>perseverasse.</strong></span> <span class='ocrx_word' id='word_1_78' title='bbox 813 1463 1071 1519; x_wconf 83' lang='lat' dir='ltr'><strong>Mulieres</strong></span> <span class='ocrx_word' id='word_1_79' title='bbox 1110 1469 1300 1520; x_wconf 89' lang='lat' dir='ltr'><strong>tamen</strong></span> <span class='ocrx_word' id='word_1_80' title='bbox 1323 1465 1496 1522; x_wconf 89' lang='lat' dir='ltr'><strong>linteo</strong></span> <span class='ocrx_word' id='word_1_81' title='bbox 1521 1466 1702 1522; x_wconf 90' lang='lat' dir='ltr'><strong>domi-</strong></span> 
     </span>
    </p>
   </div>
   <div class='ocr_carea' id='block_1_13' title="bbox 107 1551 1706 1624">
    <p class='ocr_par' dir='ltr' id='par_1_13' title="bbox 107 1551 1706 1624">
     <span class='ocr_line' id='line_1_13' title="bbox 107 1551 1706 1624; baseline 0.005 -18"><span class='ocrx_word' id='word_1_82' title='bbox 107 1551 248 1606; x_wconf 90' lang='lat' dir='ltr'><strong>nicali</strong></span> <span class='ocrx_word' id='word_1_83' title='bbox 270 1552 598 1624; x_wconf 76' lang='lat' dir='ltr'><strong>utebantur,</strong></span> <span class='ocrx_word' id='word_1_84' title='bbox 629 1559 699 1610; x_wconf 89' lang='lat' dir='ltr'><strong>ut</strong></span> <span class='ocrx_word' id='word_1_85' title='bbox 721 1559 924 1610; x_wconf 90' lang='lat' dir='ltr'><strong>notum</strong></span> <span class='ocrx_word' id='word_1_86' title='bbox 953 1561 1036 1611; x_wconf 90' lang='lat' dir='ltr'><strong>est</strong></span> <span class='ocrx_word' id='word_1_87' title='bbox 1063 1573 1133 1612; x_wconf 81' lang='lat' dir='ltr'><strong>ex</strong></span> <span class='ocrx_word' id='word_1_88' title='bbox 1158 1574 1370 1612; x_wconf 90' lang='lat' dir='ltr'><strong>canone</strong></span> <span class='ocrx_word' id='word_1_89' title='bbox 1398 1559 1465 1613; x_wconf 78' lang='grc'><strong>42</strong></span> <span class='ocrx_word' id='word_1_90' title='bbox 1492 1559 1706 1614; x_wconf 88' lang='lat' dir='ltr'><strong>concilii</strong></span> 
     </span>
    </p>
   </div>
   <div class='ocr_carea' id='block_1_14' title="bbox 106 1644 1703 1721">
    <p class='ocr_par' dir='ltr' id='par_1_14' title="bbox 106 1644 1703 1721">
     <span class='ocr_line' id='line_1_14' title="bbox 106 1644 1703 1721; baseline 0.006 -24"><span class='ocrx_word' id='word_1_91' title='bbox 106 1644 592 1702; x_wconf 80' lang='lat' dir='ltr'><strong>Antissiodorensis.</strong></span> <span class='ocrx_word' id='word_1_92' title='bbox 629 1648 872 1719; x_wconf 87' lang='lat' dir='ltr'><strong>Sumpta</strong></span> <span class='ocrx_word' id='word_1_93' title='bbox 896 1649 1256 1705; x_wconf 72' lang='lat' dir='ltr'><strong>Eucharistiaa</strong></span> <span class='ocrx_word' id='word_1_94' title='bbox 1292 1651 1584 1721; x_wconf 88' lang='lat' dir='ltr'><strong>particula,</strong></span> <span class='ocrx_word' id='word_1_95' title='bbox 1613 1668 1703 1706; x_wconf 88' lang='lat' dir='ltr'><strong>ca-</strong></span> 
     </span>
    </p>
   </div>
   <div class='ocr_carea' id='block_1_15' title="bbox 102 1735 1704 1811">
    <p class='ocr_par' dir='ltr' id='par_1_15' title="bbox 102 1735 1704 1811">
     <span class='ocr_line' id='line_1_15' title="bbox 102 1735 1704 1811; baseline 0.005 -20"><span class='ocrx_word' id='word_1_96' title='bbox 102 1735 167 1791; x_wconf 78' lang='lat' dir='ltr'><strong>lix</strong></span> <span class='ocrx_word' id='word_1_97' title='bbox 187 1742 416 1793; x_wconf 84' lang='lat' dir='ltr'><strong>sacratus</strong></span> <span class='ocrx_word' id='word_1_98' title='bbox 435 1739 867 1811; x_wconf 86' lang='lat' dir='ltr'><strong>porrigebatur.</strong></span> <span class='ocrx_word' id='word_1_99' title='bbox 896 1763 923 1790; x_wconf 83' lang='grc'><strong>‹‹</strong></span> <span class='ocrx_word' id='word_1_100' title='bbox 953 1743 1310 1798; x_wconf 83' lang='lat' dir='ltr'><strong>Consuetudo</strong></span> <span class='ocrx_word' id='word_1_101' title='bbox 1335 1748 1527 1798; x_wconf 88' lang='lat' dir='ltr'><strong>autem</strong></span> <span class='ocrx_word' id='word_1_102' title='bbox 1548 1743 1704 1799; x_wconf 86' lang='lat' dir='ltr'><strong>Aria-</strong></span> 
     </span>
    </p>
   </div>
   <div class='ocr_carea' id='block_1_16' title="bbox 103 1833 1707 1903">
    <p class='ocr_par' dir='ltr' id='par_1_16' title="bbox 103 1833 1707 1903">
     <span class='ocr_line' id='line_1_16' title="bbox 103 1833 1707 1903; baseline 0.005 -20"><span class='ocrx_word' id='word_1_103' title='bbox 103 1846 274 1884; x_wconf 88' lang='lat' dir='ltr'><strong>norum</strong></span> <span class='ocrx_word' id='word_1_104' title='bbox 307 1836 422 1886; x_wconf 89' lang='lat' dir='ltr'><strong>erat</strong></span> <span class='ocrx_word' id='word_1_105' title='bbox 462 1837 530 1887; x_wconf 89' lang='lat' dir='ltr'><strong>ut</strong></span> <span class='ocrx_word' id='word_1_106' title='bbox 557 1833 638 1888; x_wconf 89' lang='lat' dir='ltr'><strong>ad</strong></span> <span class='ocrx_word' id='word_1_107' title='bbox 665 1833 935 1890; x_wconf 88' lang='lat' dir='ltr'><strong>altarium</strong></span> <span class='ocrx_word' id='word_1_108' title='bbox 965 1835 1276 1903; x_wconf 81' lang='lat' dir='ltr'><strong>venientes,</strong></span> <span class='ocrx_word' id='word_1_109' title='bbox 1307 1835 1377 1891; x_wconf 92' lang='lat' dir='ltr'><strong>de</strong></span> <span class='ocrx_word' id='word_1_110' title='bbox 1405 1835 1516 1890; x_wconf 89' lang='lat' dir='ltr'><strong>alio</strong></span> <span class='ocrx_word' id='word_1_111' title='bbox 1541 1836 1707 1891; x_wconf 88' lang='lat' dir='ltr'><strong>calice</strong></span> 
     </span>
    </p>
   </div>
   <div class='ocr_carea' id='block_1_17' title="bbox 3311 441 3409 494">
    <p class='ocr_par' dir='ltr' id='par_1_17' title="bbox 3311 441 3409 494">
     <span class='ocr_line' id='line_1_17' title="bbox 3311 441 3409 494; baseline 0.02 -2"><span class='ocrx_word' id='word_1_112' title='bbox 3311 441 3409 494; x_wconf 78' lang='grc'><strong>142</strong></span> 
     </span>
    </p>
   </div>
   <div class='ocr_carea' id='block_1_18' title="bbox 2429 563 2772 620">
    <p class='ocr_par' dir='ltr' id='par_1_18' title="bbox 2429 563 2772 620">
     <span class='ocr_line' id='line_1_18' title="bbox 2429 563 2772 620; baseline 0.006 -3"><span class='ocrx_word' id='word_1_113' title='bbox 2429 563 2642 618; x_wconf 85' lang='lat' dir='ltr'><strong>CAPUT</strong></span> <span class='ocrx_word' id='word_1_114' title='bbox 2685 565 2772 620; x_wconf 84' lang='lat' dir='ltr'><strong>Vl.</strong></span> 
     </span>
    </p>
   </div>
   <div class='ocr_carea' id='block_1_19' title="bbox 1798 644 3412 729">
    <p class='ocr_par' dir='ltr' id='par_1_19' title="bbox 1798 644 3412 729">
     <span class='ocr_line' id='line_1_19' title="bbox 1798 644 3412 729; baseline 0.004 -19"><span class='ocrx_word' id='word_1_115' title='bbox 1798 644 1974 710; x_wconf 55' lang='lat' dir='ltr'><strong>Missa</strong></span> <span class='ocrx_word' id='word_1_116' title='bbox 2000 655 2250 729; x_wconf 78' lang='lat' dir='ltr'><strong>solemnes</strong></span> <span class='ocrx_word' id='word_1_117' title='bbox 2276 659 2326 729; x_wconf 78' lang='lat' dir='ltr'><strong>et</strong></span> <span class='ocrx_word' id='word_1_118' title='bbox 2347 657 2594 729; x_wconf 61' lang='lat' dir='ltr'><strong>privata,</strong></span> <span class='ocrx_word' id='word_1_119' title='bbox 2624 659 2900 712; x_wconf 62' lang='lat' dir='ltr'><strong>matutine</strong></span> <span class='ocrx_word' id='word_1_120' title='bbox 2919 663 2970 713; x_wconf 91' lang='lat' dir='ltr'><strong>et</strong></span> <span class='ocrx_word' id='word_1_121' title='bbox 2991 663 3302 729; x_wconf 60' lang='lat' dir='ltr'><strong>vespertina</strong></span> <span class='ocrx_word' id='word_1_122' title='bbox 3319 677 3412 717; x_wconf 86' lang='lat' dir='ltr'><strong>seu</strong></span> 
     </span>
    </p>
   </div>
   <div class='ocr_carea' id='block_1_20' title="bbox 1871 726 3410 796">
    <p class='ocr_par' dir='ltr' id='par_1_20' title="bbox 1871 726 3410 796">
     <span class='ocr_line' id='line_1_20' title="bbox 1871 726 3410 796; baseline 0.006 -18"><span class='ocrx_word' id='word_1_123' title='bbox 1871 726 2378 794; x_wconf 84' lang='lat' dir='ltr'><strong>quadragesimales.</strong></span> <span class='ocrx_word' id='word_1_124' title='bbox 2408 727 2551 780; x_wconf 85' lang='lat' dir='ltr'><strong>Unde</strong></span> <span class='ocrx_word' id='word_1_125' title='bbox 2575 729 2735 780; x_wconf 87' lang='lat' dir='ltr'><strong>missa</strong></span> <span class='ocrx_word' id='word_1_126' title='bbox 2757 744 2855 796; x_wconf 86' lang='lat' dir='ltr'><strong>pro</strong></span> <span class='ocrx_word' id='word_1_127' title='bbox 2874 731 3008 794; x_wconf 81' lang='lat' dir='ltr'><strong>festo</strong></span> <span class='ocrx_word' id='word_1_128' title='bbox 3022 732 3050 782; x_wconf 85' lang='lat'><strong><em>?</em></strong></span> <span class='ocrx_word' id='word_1_129' title='bbox 3075 726 3216 796; x_wconf 69' lang='lat' dir='ltr'><strong>Quid</strong></span> <span class='ocrx_word' id='word_1_130' title='bbox 3239 731 3410 786; x_wconf 89' lang='lat' dir='ltr'><strong>missa</strong></span> 
     </span>
    </p>
   </div>
   <div class='ocr_carea' id='block_1_21' title="bbox 1868 797 2926 866">
    <p class='ocr_par' dir='ltr' id='par_1_21' title="bbox 1868 797 2926 866">
     <span class='ocr_line' id='line_1_21' title="bbox 1868 797 2926 866; baseline 0.004 -18"><span class='ocrx_word' id='word_1_131' title='bbox 1868 797 2165 850; x_wconf 81' lang='lat' dir='ltr'><strong>revocata?</strong></span> <span class='ocrx_word' id='word_1_132' title='bbox 2191 799 2566 866; x_wconf 77' lang='lat' dir='ltr'><strong>Dispositiones</strong></span> <span class='ocrx_word' id='word_1_133' title='bbox 2590 797 2664 850; x_wconf 88' lang='lat' dir='ltr'><strong>ad</strong></span> <span class='ocrx_word' id='word_1_134' title='bbox 2691 800 2926 852; x_wconf 86' lang='lat' dir='ltr'><strong>missam.</strong></span> 
     </span>
    </p>
   </div>
   <div class='ocr_carea' id='block_1_22' title="bbox 1876 909 3409 983">
    <p class='ocr_par' dir='ltr' id='par_1_22' title="bbox 1876 909 3409 983">
     <span class='ocr_line' id='line_1_22' title="bbox 1876 909 3409 983; baseline 0.005 -20"><span class='ocrx_word' id='word_1_135' title='bbox 1876 909 2001 983; x_wconf 82' lang='grc'><strong>54</strong></span> <span class='ocrx_word' id='word_1_136' title='bbox 2014 911 2074 964; x_wconf 89' lang='lat' dir='ltr'><strong>In</strong></span> <span class='ocrx_word' id='word_1_137' title='bbox 2095 909 2328 964; x_wconf 92' lang='lat' dir='ltr'><strong>concilio</strong></span> <span class='ocrx_word' id='word_1_138' title='bbox 2352 909 2596 980; x_wconf 87' lang='lat' dir='ltr'><strong>Vasensi,</strong></span> <span class='ocrx_word' id='word_1_139' title='bbox 2617 911 2767 982; x_wconf 91' lang='lat' dir='ltr'><strong>quod</strong></span> <span class='ocrx_word' id='word_1_140' title='bbox 2785 927 2931 966; x_wconf 90' lang='lat' dir='ltr'><strong>anno</strong></span> <span class='ocrx_word' id='word_1_141' title='bbox 2952 915 3052 967; x_wconf 84' lang='grc'><strong>529</strong></span> <span class='ocrx_word' id='word_1_142' title='bbox 3067 913 3409 970; x_wconf 88' lang='lat' dir='ltr'><strong>celebratum</strong></span> 
     </span>
    </p>
   </div>
   <div class='ocr_carea' id='block_1_23' title="bbox 1802 1003 3406 1078">
    <p class='ocr_par' dir='ltr' id='par_1_23' title="bbox 1802 1003 3406 1078">
     <span class='ocr_line' id='line_1_23' title="bbox 1802 1003 3406 1078; baseline 0.004 -20"><span class='ocrx_word' id='word_1_143' title='bbox 1802 1007 1904 1072; x_wconf 89' lang='lat' dir='ltr'><strong>est,</strong></span> <span class='ocrx_word' id='word_1_144' title='bbox 1925 1007 2166 1074; x_wconf 87' lang='lat' dir='ltr'><strong>quatuor</strong></span> <span class='ocrx_word' id='word_1_145' title='bbox 2189 1003 2485 1057; x_wconf 90' lang='lat' dir='ltr'><strong>missarum</strong></span> <span class='ocrx_word' id='word_1_146' title='bbox 2503 1019 2711 1074; x_wconf 88' lang='lat' dir='ltr'><strong>genera</strong></span> <span class='ocrx_word' id='word_1_147' title='bbox 2727 1003 3111 1074; x_wconf 85' lang='lat' dir='ltr'><strong>distinguntur</strong></span> <span class='ocrx_word' id='word_1_148' title='bbox 3131 1023 3340 1063; x_wconf 89' lang='lat' dir='ltr'><strong>canone</strong></span> <span class='ocrx_word' id='word_1_149' title='bbox 3353 1011 3406 1078; x_wconf 88' lang='lat'><strong>3,</strong></span> 
     </span>
    </p>
   </div>
   <div class='ocr_carea' id='block_1_24' title="bbox 1801 1095 3407 1168">
    <p class='ocr_par' dir='ltr' id='par_1_24' title="bbox 1801 1095 3407 1168">
     <span class='ocr_line' id='line_1_24' title="bbox 1801 1095 3407 1168; baseline 0.003 -18"><span class='ocrx_word' id='word_1_150' title='bbox 1801 1111 2005 1167; x_wconf 84' lang='lat' dir='ltr'><strong>nempe</strong></span> <span class='ocrx_word' id='word_1_151' title='bbox 2020 1095 2331 1166; x_wconf 87' lang='lat' dir='ltr'><strong>matutinae,</strong></span> <span class='ocrx_word' id='word_1_152' title='bbox 2347 1096 2878 1167; x_wconf 88' lang='lat' dir='ltr'><strong>quadragesimales,</strong></span> <span class='ocrx_word' id='word_1_153' title='bbox 2898 1114 3001 1168; x_wconf 92' lang='lat' dir='ltr'><strong>pro</strong></span> <span class='ocrx_word' id='word_1_154' title='bbox 3017 1097 3407 1154; x_wconf 75' lang='lat' dir='ltr'><strong>defunctorum</strong></span> 
     </span>
    </p>
   </div>
   <div class='ocr_carea' id='block_1_25' title="bbox 1802 1188 3413 1264">
    <p class='ocr_par' dir='ltr' id='par_1_25' title="bbox 1802 1188 3413 1264">
     <span class='ocr_line' id='line_1_25' title="bbox 1802 1188 3413 1264; baseline 0.003 -22"><span class='ocrx_word' id='word_1_155' title='bbox 1802 1188 2351 1258; x_wconf 88' lang='lat' dir='ltr'><strong>commemoratione,</strong></span> <span class='ocrx_word' id='word_1_156' title='bbox 2375 1192 2431 1243; x_wconf 88' lang='lat' dir='ltr'><strong>et</strong></span> <span class='ocrx_word' id='word_1_157' title='bbox 2458 1189 2716 1260; x_wconf 89' lang='lat' dir='ltr'><strong>publicae.</strong></span> <span class='ocrx_word' id='word_1_158' title='bbox 2747 1189 2988 1244; x_wconf 85' lang='lat' dir='ltr'><strong>Publicae</strong></span> <span class='ocrx_word' id='word_1_159' title='bbox 3005 1195 3183 1262; x_wconf 88' lang='lat' dir='ltr'><strong>erant,</strong></span> <span class='ocrx_word' id='word_1_160' title='bbox 3200 1209 3328 1264; x_wconf 76' lang='lat' dir='ltr'><strong>quae</strong></span> <span class='ocrx_word' id='word_1_161' title='bbox 3353 1192 3413 1247; x_wconf 91' lang='lat' dir='ltr'><strong>in</strong></span> 
     </span>
    </p>
   </div>
   <div class='ocr_carea' id='block_1_26' title="bbox 1801 1280 3413 1356">
    <p class='ocr_par' dir='ltr' id='par_1_26' title="bbox 1801 1280 3413 1356">
     <span class='ocr_line' id='line_1_26' title="bbox 1801 1280 3413 1356; baseline 0.003 -22"><span class='ocrx_word' id='word_1_162' title='bbox 1801 1280 2082 1352; x_wconf 87' lang='lat' dir='ltr'><strong>frequenti</strong></span> <span class='ocrx_word' id='word_1_163' title='bbox 2125 1280 2378 1336; x_wconf 91' lang='lat' dir='ltr'><strong>ﬁdelium</strong></span> <span class='ocrx_word' id='word_1_164' title='bbox 2424 1285 2588 1350; x_wconf 68' lang='lat' dir='ltr'><strong>cretu,</strong></span> <span class='ocrx_word' id='word_1_165' title='bbox 2626 1281 2820 1336; x_wconf 91' lang='lat' dir='ltr'><strong>diebus</strong></span> <span class='ocrx_word' id='word_1_166' title='bbox 2860 1282 3034 1354; x_wconf 82' lang='lat' dir='ltr'><strong>festis,</strong></span> <span class='ocrx_word' id='word_1_167' title='bbox 3081 1288 3138 1339; x_wconf 93' lang='lat' dir='ltr'><strong>et</strong></span> <span class='ocrx_word' id='word_1_168' title='bbox 3183 1285 3413 1356; x_wconf 89' lang='lat' dir='ltr'><strong>quidem</strong></span> 
     </span>
    </p>
   </div>
   <div class='ocr_carea' id='block_1_27' title="bbox 1802 1373 3416 1432">
    <p class='ocr_par' dir='ltr' id='par_1_27' title="bbox 1802 1373 3416 1432">
     <span class='ocr_line' id='line_1_27' title="bbox 1802 1373 3416 1432; baseline 0.002 -4"><span class='ocrx_word' id='word_1_169' title='bbox 1802 1373 1945 1428; x_wconf 89' lang='lat' dir='ltr'><strong>hora</strong></span> <span class='ocrx_word' id='word_1_170' title='bbox 1970 1373 2135 1429; x_wconf 87' lang='lat' dir='ltr'><strong>tertia</strong></span> <span class='ocrx_word' id='word_1_171' title='bbox 2159 1373 2603 1428; x_wconf 84' lang='lat' dir='ltr'><strong>celebrabantur.</strong></span> <span class='ocrx_word' id='word_1_172' title='bbox 2635 1375 2709 1430; x_wconf 90' lang='lat' dir='ltr'><strong>De</strong></span> <span class='ocrx_word' id='word_1_173' title='bbox 2736 1373 2823 1429; x_wconf 91' lang='lat' dir='ltr'><strong>his</strong></span> <span class='ocrx_word' id='word_1_174' title='bbox 2847 1375 3146 1431; x_wconf 89' lang='lat' dir='ltr'><strong>concilium</strong></span> <span class='ocrx_word' id='word_1_175' title='bbox 3170 1377 3416 1432; x_wconf 88' lang='lat' dir='ltr'><strong>Aurelia-</strong></span> 
     </span>
    </p>
   </div>
   <div class='ocr_carea' id='block_1_28' title="bbox 1803 1465 3410 1541">
    <p class='ocr_par' dir='ltr' id='par_1_28' title="bbox 1803 1465 3410 1541">
     <span class='ocr_line' id='line_1_28' title="bbox 1803 1465 3410 1541; baseline 0.004 -21"><span class='ocrx_word' id='word_1_176' title='bbox 1803 1481 1976 1522; x_wconf 91' lang='lat' dir='ltr'><strong>nense</strong></span> <span class='ocrx_word' id='word_1_177' title='bbox 2000 1482 2060 1520; x_wconf 88' lang='lat'><strong>111</strong></span> <span class='ocrx_word' id='word_1_178' title='bbox 2081 1482 2291 1520; x_wconf 89' lang='lat' dir='ltr'><strong>canone</strong></span> <span class='ocrx_word' id='word_1_179' title='bbox 2315 1467 2376 1522; x_wconf 85' lang='grc'><strong>14</strong></span> <span class='ocrx_word' id='word_1_180' title='bbox 2409 1483 2423 1520; x_wconf 89' lang='lat'><strong>:</strong></span> <span class='ocrx_word' id='word_1_181' title='bbox 2453 1471 2526 1522; x_wconf 91' lang='lat' dir='ltr'><strong>De</strong></span> <span class='ocrx_word' id='word_1_182' title='bbox 2550 1469 2833 1522; x_wconf 87' lang='lat' dir='ltr'><strong>missarum</strong></span> <span class='ocrx_word' id='word_1_183' title='bbox 2863 1465 3163 1525; x_wconf 78' lang='lat' dir='ltr'><strong>celebritate</strong></span> <span class='ocrx_word' id='word_1_184' title='bbox 3191 1473 3248 1524; x_wconf 88' lang='lat' dir='ltr'><strong>in</strong></span> <span class='ocrx_word' id='word_1_185' title='bbox 3266 1477 3410 1541; x_wconf 52' lang='lat' dir='ltr'><strong>przé</strong></span> 
     </span>
    </p>
   </div>
   <div class='ocr_carea' id='block_1_29' title="bbox 1805 1559 3415 1630">
    <p class='ocr_par' dir='ltr' id='par_1_29' title="bbox 1805 1559 3415 1630">
     <span class='ocr_line' id='line_1_29' title="bbox 1805 1559 3415 1630; baseline 0.004 -17"><span class='ocrx_word' id='word_1_186' title='bbox 1805 1561 1974 1630; x_wconf 84' lang='lat' dir='ltr'><strong>cipuis</strong></span> <span class='ocrx_word' id='word_1_187' title='bbox 1998 1559 2269 1614; x_wconf 71' lang='grc' dir='ltr'><strong><em>εῖαηίαωαί</em></strong></span> <span class='ocrx_word' id='word_1_188' title='bbox 2303 1560 2724 1615; x_wconf 79' lang='lat' dir='ltr'><strong>solemnitatibus</strong></span> <span class='ocrx_word' id='word_1_189' title='bbox 2758 1561 2819 1615; x_wconf 97' lang='lat' dir='ltr'><strong>id</strong></span> <span class='ocrx_word' id='word_1_190' title='bbox 2856 1562 3124 1617; x_wconf 68' lang='lat' dir='ltr'><strong>observari</strong></span> <span class='ocrx_word' id='word_1_191' title='bbox 3158 1563 3328 1628; x_wconf 84' lang='lat' dir='ltr'><strong>debet,</strong></span> <span class='ocrx_word' id='word_1_192' title='bbox 3354 1569 3415 1618; x_wconf 86' lang='lat' dir='ltr'><strong>ut</strong></span> 
     </span>
    </p>
   </div>
   <div class='ocr_carea' id='block_1_30' title="bbox 1805 1651 3413 1712">
    <p class='ocr_par' dir='ltr' id='par_1_30' title="bbox 1805 1651 3413 1712">
     <span class='ocr_line' id='line_1_30' title="bbox 1805 1651 3413 1712; baseline 0.003 -6"><span class='ocrx_word' id='word_1_193' title='bbox 1805 1651 1938 1706; x_wconf 84' lang='lat' dir='ltr'><strong>hora</strong></span> <span class='ocrx_word' id='word_1_194' title='bbox 1987 1655 2148 1706; x_wconf 88' lang='lat' dir='ltr'><strong>tertia</strong></span> <span class='ocrx_word' id='word_1_195' title='bbox 2195 1654 2480 1708; x_wconf 87' lang='lat' dir='ltr'><strong>missarum</strong></span> <span class='ocrx_word' id='word_1_196' title='bbox 2526 1653 2806 1708; x_wconf 78' lang='lat' dir='ltr'><strong>celebratio</strong></span> <span class='ocrx_word' id='word_1_197' title='bbox 2847 1655 2906 1708; x_wconf 88' lang='lat' dir='ltr'><strong>in</strong></span> <span class='ocrx_word' id='word_1_198' title='bbox 2946 1657 3041 1710; x_wconf 89' lang='lat' dir='ltr'><strong>Dei</strong></span> <span class='ocrx_word' id='word_1_199' title='bbox 3078 1659 3286 1711; x_wconf 79' lang='lat' dir='ltr'><strong>nomine</strong></span> <span class='ocrx_word' id='word_1_200' title='bbox 3326 1659 3413 1712; x_wconf 83' lang='lat' dir='ltr'><strong>in-</strong></span> 
     </span>
    </p>
   </div>
   <div class='ocr_carea' id='block_1_31' title="bbox 1806 1745 3414 1820">
    <p class='ocr_par' dir='ltr' id='par_1_31' title="bbox 1806 1745 3414 1820">
     <span class='ocr_line' id='line_1_31' title="bbox 1806 1745 3414 1820; baseline 0.005 -23"><span class='ocrx_word' id='word_1_201' title='bbox 1806 1745 2037 1808; x_wconf 85' lang='lat' dir='ltr'><strong>choetur,</strong></span> <span class='ocrx_word' id='word_1_202' title='bbox 2067 1761 2168 1814; x_wconf 87' lang='lat' dir='ltr'><strong>quo</strong></span> <span class='ocrx_word' id='word_1_203' title='bbox 2195 1746 2416 1811; x_wconf 76' lang='lat' dir='ltr'><strong>facilius</strong></span> <span class='ocrx_word' id='word_1_204' title='bbox 2443 1748 2591 1800; x_wconf 83' lang='lat' dir='ltr'><strong>intra</strong></span> <span class='ocrx_word' id='word_1_205' title='bbox 2617 1747 2776 1800; x_wconf 85' lang='lat' dir='ltr'><strong>horas</strong></span> <span class='ocrx_word' id='word_1_206' title='bbox 2795 1752 3156 1817; x_wconf 86' lang='lat' dir='ltr'><strong>competentes,</strong></span> <span class='ocrx_word' id='word_1_207' title='bbox 3188 1751 3302 1820; x_wconf 88' lang='lat' dir='ltr'><strong>ipso</strong></span> <span class='ocrx_word' id='word_1_208' title='bbox 3327 1753 3414 1819; x_wconf 82' lang='lat' dir='ltr'><strong>of-</strong></span> 
     </span>
    </p>
   </div>
   <div class='ocr_carea' id='block_1_32' title="bbox 1804 1838 3415 1912">
    <p class='ocr_par' dir='ltr' id='par_1_32' title="bbox 1804 1838 3415 1912">
     <span class='ocr_line' id='line_1_32' title="bbox 1804 1838 3415 1912; baseline 0.006 -24"><span class='ocrx_word' id='word_1_209' title='bbox 1804 1838 1922 1904; x_wconf 78' lang='lat' dir='ltr'><strong>ﬁcio</strong></span> <span class='ocrx_word' id='word_1_210' title='bbox 1948 1838 2212 1906; x_wconf 56' lang='lat' dir='ltr'><strong>expedito,</strong></span> <span class='ocrx_word' id='word_1_211' title='bbox 2237 1839 2530 1894; x_wconf 86' lang='lat' dir='ltr'><strong>sacerdotes</strong></span> <span class='ocrx_word' id='word_1_212' title='bbox 2551 1841 2756 1909; x_wconf 78' lang='lat' dir='ltr'><strong>possint</strong></span> <span class='ocrx_word' id='word_1_213' title='bbox 2793 1839 2868 1894; x_wconf 89' lang='lat' dir='ltr'><strong>ad</strong></span> <span class='ocrx_word' id='word_1_214' title='bbox 2893 1843 3190 1910; x_wconf 82' lang='lat' dir='ltr'><strong>vespertina</strong></span> <span class='ocrx_word' id='word_1_215' title='bbox 3214 1844 3415 1912; x_wconf 79' lang='lat' dir='ltr'><strong>ofﬁcia,</strong></span> 
     </span>
    </p>
   </div>
   <div class='ocr_carea' id='block_1_33' title="bbox 102 1925 3418 2005">
    <p class='ocr_par' dir='ltr' id='par_1_33' title="bbox 102 1925 3418 2005">
     <span class='ocr_line' id='line_1_33' title="bbox 102 1925 3418 2005; baseline 0.004 -28"><span class='ocrx_word' id='word_1_216' title='bbox 102 1939 234 1993; x_wconf 80' lang='lat' dir='ltr'><strong>reges</strong></span> <span class='ocrx_word' id='word_1_217' title='bbox 260 1925 778 1996; x_wconf 84' lang='lat' dir='ltr'><strong>communicarent,</strong></span> <span class='ocrx_word' id='word_1_218' title='bbox 811 1931 868 1982; x_wconf 92' lang='lat' dir='ltr'><strong>et</strong></span> <span class='ocrx_word' id='word_1_219' title='bbox 896 1927 965 1982; x_wconf 92' lang='lat' dir='ltr'><strong>de</strong></span> <span class='ocrx_word' id='word_1_220' title='bbox 1002 1927 1114 1982; x_wconf 87' lang='lat' dir='ltr'><strong>alio</strong></span> <span class='ocrx_word' id='word_1_221' title='bbox 1152 1929 1392 2000; x_wconf 90' lang='lat' dir='ltr'><strong>populus</strong></span> <span class='ocrx_word' id='word_1_222' title='bbox 1437 1928 1642 1999; x_wconf 92' lang='lat' dir='ltr'><strong>minor,</strong></span> <span class='ocrx_word' id='word_1_223' title='bbox 1674 1949 1700 1982; x_wconf 81' lang='lat'><strong>»</strong></span> <span class='ocrx_word' id='word_1_224' title='bbox 1725 1928 1780 2000; x_wconf 85' lang='lat' dir='ltr'>B</span> <span class='ocrx_word' id='word_1_225' title='bbox 1803 1929 1862 1983; x_wconf 86' lang='lat' dir='ltr'><strong>id</strong></span> <span class='ocrx_word' id='word_1_226' title='bbox 1899 1935 1976 1984; x_wconf 88' lang='lat' dir='ltr'><strong>est</strong></span> <span class='ocrx_word' id='word_1_227' title='bbox 2003 1932 2062 1983; x_wconf 84' lang='lat' dir='ltr'><strong>in</strong></span> <span class='ocrx_word' id='word_1_228' title='bbox 2093 1933 2387 2000; x_wconf 80' lang='lat' dir='ltr'><strong>vespertino</strong></span> <span class='ocrx_word' id='word_1_229' title='bbox 2421 1937 2650 2001; x_wconf 83' lang='lat' dir='ltr'><strong>tempore</strong></span> <span class='ocrx_word' id='word_1_230' title='bbox 2693 1935 2986 1988; x_wconf 81' lang='lat' dir='ltr'><strong>convenire.</strong></span> <span class='ocrx_word' id='word_1_231' title='bbox 3014 1933 3113 1988; x_wconf 89' lang='lat' dir='ltr'><strong>Ubi</strong></span> <span class='ocrx_word' id='word_1_232' title='bbox 3143 1935 3418 2005; x_wconf 88' lang='lat' dir='ltr'><strong>particula</strong></span> 
     </span>
    </p>
   </div>
   <div class='ocr_carea' id='block_1_34' title="bbox 103 2017 1706 2092">
    <p class='ocr_par' dir='ltr' id='par_1_34' title="bbox 103 2017 1706 2092">
     <span class='ocr_line' id='line_1_34' title="bbox 103 2017 1706 2092; baseline 0.004 -23"><span class='ocrx_word' id='word_1_233' title='bbox 103 2021 213 2070; x_wconf 82' lang='lat' dir='ltr'><strong>teste</strong></span> <span class='ocrx_word' id='word_1_234' title='bbox 234 2017 496 2088; x_wconf 84' lang='lat' dir='ltr'><strong>Gregorio</strong></span> <span class='ocrx_word' id='word_1_235' title='bbox 523 2017 587 2073; x_wconf 91' lang='lat' dir='ltr'><strong>in</strong></span> <span class='ocrx_word' id='word_1_236' title='bbox 620 2019 886 2074; x_wconf 77' lang='lat' dir='ltr'><strong>Historiae</strong></span> <span class='ocrx_word' id='word_1_237' title='bbox 911 2037 1028 2075; x_wconf 60' lang='lat' dir='ltr'><strong>sua;</strong></span> <span class='ocrx_word' id='word_1_238' title='bbox 1061 2021 1158 2075; x_wconf 88' lang='lat' dir='ltr'><strong>lib.</strong></span> <span class='ocrx_word' id='word_1_239' title='bbox 1178 2037 1239 2075; x_wconf 92' lang='lat'><strong>111</strong></span> <span class='ocrx_word' id='word_1_240' title='bbox 1256 2037 1376 2092; x_wconf 91' lang='lat' dir='ltr'><strong>cap.</strong></span> <span class='ocrx_word' id='word_1_241' title='bbox 1397 2024 1484 2076; x_wconf 89' lang='grc'><strong>31.</strong></span> <span class='ocrx_word' id='word_1_242' title='bbox 1513 2021 1706 2077; x_wconf 87' lang='lat' dir='ltr'><strong>Nescio</strong></span> 
     </span>
    </p>
   </div>
   <div class='ocr_carea' id='block_1_35' title="bbox 102 2108 1705 2185">
    <p class='ocr_par' dir='ltr' id='par_1_35' title="bbox 102 2108 1705 2185">
     <span class='ocr_line' id='line_1_35' title="bbox 102 2108 1705 2185; baseline 0.005 -23"><span class='ocrx_word' id='word_1_243' title='bbox 102 2124 158 2162; x_wconf 86' lang='lat' dir='ltr'><strong>an</strong></span> <span class='ocrx_word' id='word_1_244' title='bbox 183 2108 281 2163; x_wconf 90' lang='lat' dir='ltr'><strong>huc</strong></span> <span class='ocrx_word' id='word_1_245' title='bbox 307 2113 523 2182; x_wconf 88' lang='lat' dir='ltr'><strong>spectet</strong></span> <span class='ocrx_word' id='word_1_246' title='bbox 553 2111 722 2182; x_wconf 90' lang='lat' dir='ltr'><strong>quod</strong></span> <span class='ocrx_word' id='word_1_247' title='bbox 748 2111 1052 2184; x_wconf 83' lang='lat' dir='ltr'><strong>Gregorius</strong></span> <span class='ocrx_word' id='word_1_248' title='bbox 1079 2129 1226 2185; x_wconf 89' lang='lat' dir='ltr'><strong>papa</strong></span> <span class='ocrx_word' id='word_1_249' title='bbox 1253 2115 1296 2168; x_wconf 91' lang='lat' dir='ltr'><strong>ll</strong></span> <span class='ocrx_word' id='word_1_250' title='bbox 1330 2113 1391 2168; x_wconf 90' lang='lat' dir='ltr'><strong>in</strong></span> <span class='ocrx_word' id='word_1_251' title='bbox 1417 2114 1649 2185; x_wconf 83' lang='lat' dir='ltr'><strong>epistola</strong></span> <span class='ocrx_word' id='word_1_252' title='bbox 1674 2118 1705 2170; x_wconf 85' lang='lat'>9</span> 
     </span>
    </p>
   </div>
   <div class='ocr_carea' id='block_1_36' title="bbox 103 2201 1704 2276">
    <p class='ocr_par' dir='ltr' id='par_1_36' title="bbox 103 2201 1704 2276">
     <span class='ocr_line' id='line_1_36' title="bbox 103 2201 1704 2276; baseline 0.005 -22"><span class='ocrx_word' id='word_1_253' title='bbox 103 2201 157 2253; x_wconf 84' lang='lat' dir='ltr'><strong>ad</strong></span> <span class='ocrx_word' id='word_1_254' title='bbox 180 2202 513 2258; x_wconf 87' lang='lat' dir='ltr'><strong>Bonifacium</strong></span> <span class='ocrx_word' id='word_1_255' title='bbox 548 2205 960 2276; x_wconf 83' lang='lat' dir='ltr'><strong>Moguntinum</strong></span> <span class='ocrx_word' id='word_1_256' title='bbox 988 2205 1300 2262; x_wconf 86' lang='lat' dir='ltr'><strong>antistitem</strong></span> <span class='ocrx_word' id='word_1_257' title='bbox 1327 2206 1536 2274; x_wconf 85' lang='lat' dir='ltr'><strong>scribit,</strong></span> <span class='ocrx_word' id='word_1_258' title='bbox 1570 2224 1704 2262; x_wconf 92' lang='lat' dir='ltr'><strong>con-</strong></span> 
     </span>
    </p>
   </div>
   <div class='ocr_carea' id='block_1_37' title="bbox 103 2296 1709 2371">
    <p class='ocr_par' dir='ltr' id='par_1_37' title="bbox 103 2296 1709 2371">
     <span class='ocr_line' id='line_1_37' title="bbox 103 2296 1709 2371; baseline 0.003 -22"><span class='ocrx_word' id='word_1_259' title='bbox 103 2310 280 2364; x_wconf 80' lang='lat' dir='ltr'><strong>gruum</strong></span> <span class='ocrx_word' id='word_1_260' title='bbox 303 2312 414 2350; x_wconf 92' lang='lat' dir='ltr'><strong>non</strong></span> <span class='ocrx_word' id='word_1_261' title='bbox 438 2313 587 2366; x_wconf 91' lang='lat' dir='ltr'><strong>esse,</strong></span> <span class='ocrx_word' id='word_1_262' title='bbox 615 2319 648 2346; x_wconf 86' lang='grc'>‹‹</span> <span class='ocrx_word' id='word_1_263' title='bbox 671 2296 816 2353; x_wconf 91' lang='lat' dir='ltr'><strong>duos</strong></span> <span class='ocrx_word' id='word_1_264' title='bbox 840 2298 928 2353; x_wconf 85' lang='lat' dir='ltr'><strong>vel</strong></span> <span class='ocrx_word' id='word_1_265' title='bbox 951 2302 1066 2352; x_wconf 89' lang='lat' dir='ltr'><strong>tres</strong></span> <span class='ocrx_word' id='word_1_266' title='bbox 1089 2299 1288 2354; x_wconf 87' lang='lat' dir='ltr'><strong>calices</strong></span> <span class='ocrx_word' id='word_1_267' title='bbox 1308 2299 1370 2354; x_wconf 92' lang='lat' dir='ltr'><strong>in</strong></span> <span class='ocrx_word' id='word_1_268' title='bbox 1387 2300 1586 2354; x_wconf 88' lang='lat' dir='ltr'><strong>altario</strong></span> <span class='ocrx_word' id='word_1_269' title='bbox 1614 2316 1709 2371; x_wconf 90' lang='lat' dir='ltr'><strong>po-</strong></span> 
     </span>
    </p>
   </div>
   <div class='ocr_carea' id='block_1_38' title="bbox 102 2389 1702 2463">
    <p class='ocr_par' dir='ltr' id='par_1_38' title="bbox 102 2389 1702 2463">
     <span class='ocr_line' id='line_1_38' title="bbox 102 2389 1702 2463; baseline 0.003 -22"><span class='ocrx_word' id='word_1_270' title='bbox 102 2403 230 2456; x_wconf 85' lang='lat' dir='ltr'><strong>nere,</strong></span> <span class='ocrx_word' id='word_1_271' title='bbox 256 2404 382 2443; x_wconf 90' lang='lat' dir='ltr'><strong>cum</strong></span> <span class='ocrx_word' id='word_1_272' title='bbox 415 2390 736 2444; x_wconf 88' lang='lat' dir='ltr'><strong>missarum</strong></span> <span class='ocrx_word' id='word_1_273' title='bbox 793 2389 918 2463; x_wconf 84' lang='lat'><strong>53</strong></span> <span class='ocrx_word' id='word_1_274' title='bbox 965 2391 1237 2446; x_wconf 89' lang='lat' dir='ltr'><strong>solemnia</strong></span> <span class='ocrx_word' id='word_1_275' title='bbox 1274 2391 1646 2447; x_wconf 89' lang='lat' dir='ltr'><strong>celebrantur.</strong></span> <span class='ocrx_word' id='word_1_276' title='bbox 1675 2410 1702 2444; x_wconf 72' lang='grc' dir='ltr'><strong>ν</strong></span> 
     </span>
    </p>
   </div>
   <div class='ocr_carea' id='block_1_39' title="bbox 74 2473 1711 2555">
    <p class='ocr_par' dir='ltr' id='par_1_39' title="bbox 74 2473 1711 2555">
     <span class='ocr_line' id='line_1_39' title="bbox 74 2473 1711 2555; baseline 0.003 -22"><span class='ocrx_word' id='word_1_277' title='bbox 74 2473 244 2535; x_wconf 78' lang='grc' dir='ltr'><strong>Ῥοιτο</strong></span> <span class='ocrx_word' id='word_1_278' title='bbox 277 2481 506 2538; x_wconf 85' lang='lat' dir='ltr'><strong>calicem</strong></span> <span class='ocrx_word' id='word_1_279' title='bbox 549 2482 894 2554; x_wconf 70' lang='lat' dir='ltr'><strong>praebebant</strong></span> <span class='ocrx_word' id='word_1_280' title='bbox 918 2483 1140 2538; x_wconf 89' lang='lat' dir='ltr'><strong>diaconi</strong></span> <span class='ocrx_word' id='word_1_281' title='bbox 1171 2503 1185 2538; x_wconf 88' lang='lat'><strong>:</strong></span> <span class='ocrx_word' id='word_1_282' title='bbox 1214 2489 1272 2538; x_wconf 92' lang='lat' dir='ltr'><strong>at</strong></span> <span class='ocrx_word' id='word_1_283' title='bbox 1299 2501 1488 2555; x_wconf 83' lang='lat' dir='ltr'><strong>corpus</strong></span> <span class='ocrx_word' id='word_1_284' title='bbox 1515 2487 1711 2543; x_wconf 80' lang='lat' dir='ltr'><strong>Christi</strong></span> 
     </span>
    </p>
   </div>
   <div class='ocr_carea' id='block_1_40' title="bbox 98 2576 1710 2648">
    <p class='ocr_par' dir='ltr' id='par_1_40' title="bbox 98 2576 1710 2648">
     <span class='ocr_line' id='line_1_40' title="bbox 98 2576 1710 2648; baseline 0.004 -22"><span class='ocrx_word' id='word_1_285' title='bbox 98 2579 320 2641; x_wconf 69' lang='lat' dir='ltr'><strong>prmia</strong></span> <span class='ocrx_word' id='word_1_286' title='bbox 337 2576 662 2646; x_wconf 78' lang='lat' dir='ltr'><strong>presbytero</strong></span> <span class='ocrx_word' id='word_1_287' title='bbox 691 2577 907 2632; x_wconf 83' lang='lat' dir='ltr'><strong>trade-re</strong></span> <span class='ocrx_word' id='word_1_288' title='bbox 951 2593 1068 2632; x_wconf 91' lang='lat' dir='ltr'><strong>non</strong></span> <span class='ocrx_word' id='word_1_289' title='bbox 1113 2577 1195 2632; x_wconf 89' lang='lat' dir='ltr'><strong>eis</strong></span> <span class='ocrx_word' id='word_1_290' title='bbox 1236 2577 1460 2648; x_wconf 86' lang='lat' dir='ltr'><strong>licebat,</strong></span> <span class='ocrx_word' id='word_1_291' title='bbox 1490 2594 1557 2632; x_wconf 85' lang='lat' dir='ltr'><strong>ex</strong></span> <span class='ocrx_word' id='word_1_292' title='bbox 1583 2594 1710 2632; x_wconf 91' lang='lat' dir='ltr'><strong>con-</strong></span> 
     </span>
    </p>
   </div>
   <div class='ocr_carea' id='block_1_41' title="bbox 103 2665 984 2725">
    <p class='ocr_par' dir='ltr' id='par_1_41' title="bbox 103 2665 984 2725">
     <span class='ocr_line' id='line_1_41' title="bbox 103 2665 984 2725; baseline 0.008 -7"><span class='ocrx_word' id='word_1_293' title='bbox 103 2665 196 2720; x_wconf 87' lang='lat' dir='ltr'><strong>cilii</strong></span> <span class='ocrx_word' id='word_1_294' title='bbox 220 2667 551 2724; x_wconf 81' lang='lat' dir='ltr'><strong>Arelatensis</strong></span> <span class='ocrx_word' id='word_1_295' title='bbox 580 2685 622 2722; x_wconf 91' lang='lat'><strong>11</strong></span> <span class='ocrx_word' id='word_1_296' title='bbox 655 2685 871 2725; x_wconf 89' lang='lat' dir='ltr'><strong>canone</strong></span> <span class='ocrx_word' id='word_1_297' title='bbox 901 2673 984 2725; x_wconf 82' lang='grc'><strong>15.</strong></span> 
     </span>
    </p>
   </div>
   <div class='ocr_carea' id='block_1_42' title="bbox 157 2761 1708 2834">
    <p class='ocr_par' dir='ltr' id='par_1_42' title="bbox 157 2761 1708 2834">
     <span class='ocr_line' id='line_1_42' title="bbox 157 2761 1708 2834; baseline 0.002 -21"><span class='ocrx_word' id='word_1_298' title='bbox 157 2763 234 2814; x_wconf 83' lang='grc'><strong>26.</strong></span> <span class='ocrx_word' id='word_1_299' title='bbox 254 2761 354 2824; x_wconf 88' lang='lat' dir='ltr'><strong>Qui</strong></span> <span class='ocrx_word' id='word_1_300' title='bbox 372 2777 489 2816; x_wconf 89' lang='lat' dir='ltr'><strong>non</strong></span> <span class='ocrx_word' id='word_1_301' title='bbox 515 2763 1048 2832; x_wconf 89' lang='lat' dir='ltr'><strong>communicabant,</strong></span> <span class='ocrx_word' id='word_1_302' title='bbox 1072 2763 1323 2834; x_wconf 86' lang='lat' dir='ltr'><strong>eulogias</strong></span> <span class='ocrx_word' id='word_1_303' title='bbox 1343 2763 1708 2834; x_wconf 87' lang='lat' dir='ltr'><strong>accipiebant,</strong></span> 
     </span>
    </p>
   </div>
   <div class='ocr_carea' id='block_1_43' title="bbox 102 2852 1708 2912">
    <p class='ocr_par' dir='ltr' id='par_1_43' title="bbox 102 2852 1708 2912">
     <span class='ocr_line' id='line_1_43' title="bbox 102 2852 1708 2912; baseline 0.004 -7"><span class='ocrx_word' id='word_1_304' title='bbox 102 2852 187 2906; x_wconf 88' lang='lat' dir='ltr'><strong>nisi</strong></span> <span class='ocrx_word' id='word_1_305' title='bbox 201 2855 610 2910; x_wconf 86' lang='lat' dir='ltr'><strong>communionis</strong></span> <span class='ocrx_word' id='word_1_306' title='bbox 645 2855 1036 2910; x_wconf 64' lang='lat' dir='ltr'><strong>ecclesiasticae</strong></span> <span class='ocrx_word' id='word_1_307' title='bbox 1071 2860 1258 2910; x_wconf 87' lang='lat' dir='ltr'><strong>essent</strong></span> <span class='ocrx_word' id='word_1_308' title='bbox 1281 2855 1547 2912; x_wconf 81' lang='lat' dir='ltr'><strong>exsortes.</strong></span> <span class='ocrx_word' id='word_1_309' title='bbox 1573 2856 1708 2912; x_wconf 89' lang='lat' dir='ltr'><strong>Gre-</strong></span> 
     </span>
    </p>
   </div>
   <div class='ocr_carea' id='block_1_44' title="bbox 103 2946 1709 3021">
    <p class='ocr_par' dir='ltr' id='par_1_44' title="bbox 103 2946 1709 3021">
     <span class='ocr_line' id='line_1_44' title="bbox 103 2946 1709 3021; baseline 0.003 -22"><span class='ocrx_word' id='word_1_310' title='bbox 103 2946 265 3014; x_wconf 82' lang='lat' dir='ltr'><strong>gorius</strong></span> <span class='ocrx_word' id='word_1_311' title='bbox 286 2953 482 3002; x_wconf 86' lang='lat' dir='ltr'><strong>auctor</strong></span> <span class='ocrx_word' id='word_1_312' title='bbox 504 2948 570 3002; x_wconf 94' lang='lat' dir='ltr'><strong>in</strong></span> <span class='ocrx_word' id='word_1_313' title='bbox 601 2948 865 3003; x_wconf 63' lang='lat' dir='ltr'><strong>historias</strong></span> <span class='ocrx_word' id='word_1_314' title='bbox 905 2949 1248 3004; x_wconf 89' lang='lat' dir='ltr'><strong>Francorum</strong></span> <span class='ocrx_word' id='word_1_315' title='bbox 1277 2949 1376 3004; x_wconf 92' lang='lat' dir='ltr'><strong>lib.</strong></span> <span class='ocrx_word' id='word_1_316' title='bbox 1405 2966 1437 3002; x_wconf 92' lang='lat' dir='ltr'><strong>v</strong></span> <span class='ocrx_word' id='word_1_317' title='bbox 1463 2966 1584 3021; x_wconf 91' lang='lat' dir='ltr'><strong>cap.</strong></span> <span class='ocrx_word' id='word_1_318' title='bbox 1625 2950 1709 3019; x_wconf 77' lang='grc'><strong>14,</strong></span> 
     </span>
    </p>
   </div>
   <div class='ocr_carea' id='block_1_45' title="bbox 103 3038 1715 3114">
    <p class='ocr_par' dir='ltr' id='par_1_45' title="bbox 103 3038 1715 3114">
     <span class='ocr_line' id='line_1_45' title="bbox 103 3038 1715 3114; baseline 0.002 -22"><span class='ocrx_word' id='word_1_319' title='bbox 103 3038 182 3093; x_wconf 84' lang='lat' dir='ltr'><strong>ubi</strong></span> <span class='ocrx_word' id='word_1_320' title='bbox 217 3039 279 3095; x_wconf 91' lang='lat' dir='ltr'><strong>de</strong></span> <span class='ocrx_word' id='word_1_321' title='bbox 318 3041 765 3096; x_wconf 87' lang='lat' dir='ltr'><strong>Guntchramno</strong></span> <span class='ocrx_word' id='word_1_322' title='bbox 815 3043 1050 3112; x_wconf 91' lang='lat' dir='ltr'><strong>Bosone,</strong></span> <span class='ocrx_word' id='word_1_323' title='bbox 1083 3042 1183 3114; x_wconf 86' lang='lat' dir='ltr'><strong>qui</strong></span> <span class='ocrx_word' id='word_1_324' title='bbox 1226 3061 1253 3094; x_wconf 83' lang='grc' dir='ltr'>α</span> <span class='ocrx_word' id='word_1_325' title='bbox 1298 3047 1424 3113; x_wconf 91' lang='lat' dir='ltr'><strong>post</strong></span> <span class='ocrx_word' id='word_1_326' title='bbox 1460 3042 1656 3096; x_wconf 88' lang='lat' dir='ltr'><strong>missas</strong></span> <span class='ocrx_word' id='word_1_327' title='bbox 1681 3059 1715 3096; x_wconf 88' lang='lat' dir='ltr'><strong>a</strong></span> 
     </span>
    </p>
   </div>
   <div class='ocr_carea' id='block_1_46' title="bbox 102 3131 1711 3207">
    <p class='ocr_par' dir='ltr' id='par_1_46' title="bbox 102 3131 1711 3207">
     <span class='ocr_line' id='line_1_46' title="bbox 102 3131 1711 3207; baseline 0.003 -22"><span class='ocrx_word' id='word_1_328' title='bbox 102 3131 333 3203; x_wconf 76' lang='lat' dir='ltr'><strong>Gregorio</strong></span> <span class='ocrx_word' id='word_1_329' title='bbox 355 3134 480 3206; x_wconf 91' lang='lat' dir='ltr'><strong>ipso</strong></span> <span class='ocrx_word' id='word_1_330' title='bbox 506 3135 706 3206; x_wconf 88' lang='lat' dir='ltr'><strong>petiit,</strong></span> <span class='ocrx_word' id='word_1_331' title='bbox 734 3139 800 3189; x_wconf 88' lang='lat' dir='ltr'><strong>ut</strong></span> <span class='ocrx_word' id='word_1_332' title='bbox 843 3135 1093 3207; x_wconf 90' lang='lat' dir='ltr'><strong>eulogias</strong></span> <span class='ocrx_word' id='word_1_333' title='bbox 1137 3135 1190 3189; x_wconf 90' lang='lat' dir='ltr'><strong>ei</strong></span> <span class='ocrx_word' id='word_1_334' title='bbox 1231 3135 1364 3190; x_wconf 88' lang='lat' dir='ltr'><strong>dare</strong></span> <span class='ocrx_word' id='word_1_335' title='bbox 1406 3135 1652 3190; x_wconf 89' lang='lat' dir='ltr'><strong>deberet.</strong></span> <span class='ocrx_word' id='word_1_336' title='bbox 1684 3157 1711 3184; x_wconf 84' lang='grc'><strong>››</strong></span> 
     </span>
    </p>
   </div>
   <div class='ocr_carea' id='block_1_47' title="bbox 103 3223 1718 3299">
    <p class='ocr_par' dir='ltr' id='par_1_47' title="bbox 103 3223 1718 3299">
     <span class='ocr_line' id='line_1_47' title="bbox 103 3223 1718 3299; baseline 0.001 -18"><span class='ocrx_word' id='word_1_337' title='bbox 103 3223 230 3288; x_wconf 82' lang='lat' dir='ltr'><strong>Quod</strong></span> <span class='ocrx_word' id='word_1_338' title='bbox 254 3242 380 3282; x_wconf 91' lang='lat' dir='ltr'><strong>cum</strong></span> <span class='ocrx_word' id='word_1_339' title='bbox 405 3227 699 3284; x_wconf 83' lang='lat' dir='ltr'><strong>refutaret</strong></span> <span class='ocrx_word' id='word_1_340' title='bbox 717 3227 1042 3299; x_wconf 81' lang='lat' dir='ltr'><strong>Gregorius,</strong></span> <span class='ocrx_word' id='word_1_341' title='bbox 1067 3227 1185 3299; x_wconf 89' lang='lat' dir='ltr'><strong>ipse</strong></span> <span class='ocrx_word' id='word_1_342' title='bbox 1202 3228 1444 3282; x_wconf 91' lang='lat' dir='ltr'><strong>clamare</strong></span> <span class='ocrx_word' id='word_1_343' title='bbox 1473 3228 1637 3298; x_wconf 74' lang='lat' dir='ltr'><strong>ccepit</strong></span> <span class='ocrx_word' id='word_1_344' title='bbox 1661 3232 1718 3282; x_wconf 89' lang='lat' dir='ltr'><strong>et</strong></span> 
     </span>
    </p>
   </div>
   <div class='ocr_carea' id='block_1_48' title="bbox 102 3317 1716 3398">
    <p class='ocr_par' dir='ltr' id='par_1_48' title="bbox 102 3317 1716 3398">
     <span class='ocr_line' id='line_1_48' title="bbox 102 3317 1716 3398; baseline 0.002 -26"><span class='ocrx_word' id='word_1_345' title='bbox 102 3317 274 3388; x_wconf 85' lang='lat' dir='ltr'><strong>dicere,</strong></span> <span class='ocrx_word' id='word_1_346' title='bbox 303 3344 330 3372; x_wconf 76' lang='grc' dir='ltr'>κ</span> <span class='ocrx_word' id='word_1_347' title='bbox 356 3321 512 3394; x_wconf 90' lang='lat' dir='ltr'><strong>quod</strong></span> <span class='ocrx_word' id='word_1_348' title='bbox 554 3337 684 3376; x_wconf 88' lang='lat' dir='ltr'><strong>non</strong></span> <span class='ocrx_word' id='word_1_349' title='bbox 731 3325 882 3375; x_wconf 86' lang='lat' dir='ltr'><strong>recte</strong></span> <span class='ocrx_word' id='word_1_350' title='bbox 920 3337 1115 3398; x_wconf 84' lang='lat' dir='ltr'><strong>euma</strong></span> <span class='ocrx_word' id='word_1_351' title='bbox 1159 3321 1553 3376; x_wconf 89' lang='lat' dir='ltr'><strong>communione</strong></span> <span class='ocrx_word' id='word_1_352' title='bbox 1597 3321 1716 3376; x_wconf 89' lang='lat' dir='ltr'><strong>sine</strong></span> 
     </span>
    </p>
   </div>
   <div class='ocr_carea' id='block_1_49' title="bbox 101 3409 1720 3485">
    <p class='ocr_par' dir='ltr' id='par_1_49' title="bbox 101 3409 1720 3485">
     <span class='ocr_line' id='line_1_49' title="bbox 101 3409 1720 3485; baseline 0.002 -20"><span class='ocrx_word' id='word_1_353' title='bbox 101 3409 310 3468; x_wconf 78' lang='lat' dir='ltr'><strong>fratrum</strong></span> <span class='ocrx_word' id='word_1_354' title='bbox 341 3413 720 3470; x_wconf 89' lang='lat' dir='ltr'><strong>conniventia</strong></span> <span class='ocrx_word' id='word_1_355' title='bbox 745 3413 1134 3485; x_wconf 88' lang='lat' dir='ltr'><strong>suspenderet.</strong></span> <span class='ocrx_word' id='word_1_356' title='bbox 1153 3413 1250 3468; x_wconf 94' lang='lat' dir='ltr'><strong>Illo</strong></span> <span class='ocrx_word' id='word_1_357' title='bbox 1275 3418 1465 3469; x_wconf 90' lang='lat' dir='ltr'><strong>autem</strong></span> <span class='ocrx_word' id='word_1_358' title='bbox 1491 3413 1611 3468; x_wconf 79' lang='lat' dir='ltr'><strong>haec</strong></span> <span class='ocrx_word' id='word_1_359' title='bbox 1639 3413 1720 3468; x_wconf 92' lang='lat' dir='ltr'><strong>di-</strong></span> 
     </span>
    </p>
   </div>
   <div class='ocr_carea' id='block_1_50' title="bbox 102 3504 1718 3578">
    <p class='ocr_par' dir='ltr' id='par_1_50' title="bbox 102 3504 1718 3578">
     <span class='ocr_line' id='line_1_50' title="bbox 102 3504 1718 3578; baseline 0.002 -20"><span class='ocrx_word' id='word_1_360' title='bbox 102 3509 253 3574; x_wconf 84' lang='lat' dir='ltr'><strong>cente,</strong></span> <span class='ocrx_word' id='word_1_361' title='bbox 273 3524 400 3563; x_wconf 91' lang='lat' dir='ltr'><strong>cum</strong></span> <span class='ocrx_word' id='word_1_362' title='bbox 425 3522 722 3564; x_wconf 89' lang='lat' dir='ltr'><strong>consensu</strong></span> <span class='ocrx_word' id='word_1_363' title='bbox 747 3506 937 3561; x_wconf 89' lang='lat' dir='ltr'><strong>fratris</strong></span> <span class='ocrx_word' id='word_1_364' title='bbox 966 3504 1045 3576; x_wconf 90' lang='lat' dir='ltr'><strong>(id</strong></span> <span class='ocrx_word' id='word_1_365' title='bbox 1069 3511 1172 3576; x_wconf 92' lang='lat' dir='ltr'><strong>est,</strong></span> <span class='ocrx_word' id='word_1_366' title='bbox 1197 3507 1549 3578; x_wconf 82' lang='lat' dir='ltr'><strong>Ragnemodi</strong></span> <span class='ocrx_word' id='word_1_367' title='bbox 1569 3506 1718 3562; x_wconf 85' lang='lat' dir='ltr'><strong>Pari-</strong></span> 
     </span>
    </p>
   </div>
   <div class='ocr_carea' id='block_1_51' title="bbox 101 3597 1718 3674">
    <p class='ocr_par' dir='ltr' id='par_1_51' title="bbox 101 3597 1718 3674">
     <span class='ocr_line' id='line_1_51' title="bbox 101 3597 1718 3674; baseline 0.002 -24"><span class='ocrx_word' id='word_1_368' title='bbox 101 3597 283 3655; x_wconf 87' lang='lat' dir='ltr'><strong>siorum</strong></span> <span class='ocrx_word' id='word_1_369' title='bbox 306 3600 604 3674; x_wconf 88' lang='lat' dir='ltr'><strong>episcopi),</strong></span> <span class='ocrx_word' id='word_1_370' title='bbox 636 3599 745 3672; x_wconf 88' lang='lat' dir='ltr'><strong>qui</strong></span> <span class='ocrx_word' id='word_1_371' title='bbox 773 3615 1022 3671; x_wconf 73' lang='lat' dir='ltr'><strong>praesens</strong></span> <span class='ocrx_word' id='word_1_372' title='bbox 1047 3603 1188 3668; x_wconf 90' lang='lat' dir='ltr'><strong>erat,</strong></span> <span class='ocrx_word' id='word_1_373' title='bbox 1211 3603 1517 3656; x_wconf 87' lang='lat' dir='ltr'><strong>contestata</strong></span> <span class='ocrx_word' id='word_1_374' title='bbox 1553 3615 1718 3654; x_wconf 87' lang='lat' dir='ltr'><strong>causa</strong></span> 
     </span>
    </p>
   </div>
   <div class='ocr_carea' id='block_1_52' title="bbox 101 3692 1714 3766">
    <p class='ocr_par' dir='ltr' id='par_1_52' title="bbox 101 3692 1714 3766">
     <span class='ocr_line' id='line_1_52' title="bbox 101 3692 1714 3766; baseline 0 -22"><span class='ocrx_word' id='word_1_375' title='bbox 101 3694 352 3763; x_wconf 83' lang='lat' dir='ltr'><strong>canonica,</strong></span> <span class='ocrx_word' id='word_1_376' title='bbox 382 3693 650 3765; x_wconf 88' lang='lat' dir='ltr'><strong>eulogias</strong></span> <span class='ocrx_word' id='word_1_377' title='bbox 692 3709 727 3748; x_wconf 86' lang='lat' dir='ltr'><strong>a</strong></span> <span class='ocrx_word' id='word_1_378' title='bbox 751 3692 912 3748; x_wconf 91' lang='lat' dir='ltr'><strong>nobis</strong></span> <span class='ocrx_word' id='word_1_379' title='bbox 942 3693 1042 3763; x_wconf 89' lang='lat' dir='ltr'><strong>(ait</strong></span> <span class='ocrx_word' id='word_1_380' title='bbox 1066 3692 1385 3766; x_wconf 80' lang='lat' dir='ltr'><strong>Gregorius)</strong></span> <span class='ocrx_word' id='word_1_381' title='bbox 1413 3692 1644 3764; x_wconf 86' lang='lat' dir='ltr'><strong>accepit.</strong></span> <span class='ocrx_word' id='word_1_382' title='bbox 1686 3711 1714 3745; x_wconf 82' lang='lat'><strong><em>»</em></strong></span> 
     </span>
    </p>
   </div>
   <div class='ocr_carea' id='block_1_53' title="bbox 156 3785 1714 3859">
    <p class='ocr_par' dir='ltr' id='par_1_53' title="bbox 156 3785 1714 3859">
     <span class='ocr_line' id='line_1_53' title="bbox 156 3785 1714 3859; baseline 0 -19"><span class='ocrx_word' id='word_1_383' title='bbox 156 3787 233 3841; x_wconf 83' lang='lat'><strong>27.</strong></span> <span class='ocrx_word' id='word_1_384' title='bbox 257 3786 398 3852; x_wconf 89' lang='lat' dir='ltr'><strong>Quid</strong></span> <span class='ocrx_word' id='word_1_385' title='bbox 440 3792 718 3859; x_wconf 86' lang='lat' dir='ltr'><strong>tempore</strong></span> <span class='ocrx_word' id='word_1_386' title='bbox 754 3786 1173 3841; x_wconf 89' lang='lat' dir='ltr'><strong>communionis</strong></span> <span class='ocrx_word' id='word_1_387' title='bbox 1207 3785 1360 3857; x_wconf 90' lang='lat' dir='ltr'><strong>apud</strong></span> <span class='ocrx_word' id='word_1_388' title='bbox 1405 3785 1584 3841; x_wconf 89' lang='lat' dir='ltr'><strong>Gallos</strong></span> <span class='ocrx_word' id='word_1_389' title='bbox 1623 3801 1714 3840; x_wconf 90' lang='lat' dir='ltr'><strong>ca-</strong></span> 
     </span>
    </p>
   </div>
   <div class='ocr_carea' id='block_1_54' title="bbox 101 3877 1716 3950">
    <p class='ocr_par' dir='ltr' id='par_1_54' title="bbox 101 3877 1716 3950">
     <span class='ocr_line' id='line_1_54' title="bbox 101 3877 1716 3950; baseline 0.001 -19"><span class='ocrx_word' id='word_1_390' title='bbox 101 3884 320 3947; x_wconf 86' lang='lat' dir='ltr'><strong>neretur,</strong></span> <span class='ocrx_word' id='word_1_391' title='bbox 347 3881 696 3936; x_wconf 88' lang='lat' dir='ltr'><strong>videndum.</strong></span> <span class='ocrx_word' id='word_1_392' title='bbox 716 3877 924 3934; x_wconf 88' lang='lat' dir='ltr'><strong>Psalmi</strong></span> <span class='ocrx_word' id='word_1_393' title='bbox 947 3879 1320 3934; x_wconf 86' lang='lat' dir='ltr'><strong>cantabantur</strong></span> <span class='ocrx_word' id='word_1_394' title='bbox 1340 3878 1400 3934; x_wconf 90' lang='lat' dir='ltr'><strong>in</strong></span> <span class='ocrx_word' id='word_1_395' title='bbox 1426 3877 1716 3950; x_wconf 89' lang='lat' dir='ltr'><strong>Carthagi-</strong></span> 
     </span>
    </p>
   </div>
   <div class='ocr_carea' id='block_1_55' title="bbox 104 3971 1718 4044">
    <p class='ocr_par' dir='ltr' id='par_1_55' title="bbox 104 3971 1718 4044">
     <span class='ocr_line' id='line_1_55' title="bbox 104 3971 1718 4044; baseline 0.002 -21"><span class='ocrx_word' id='word_1_396' title='bbox 104 3972 236 4027; x_wconf 89' lang='lat' dir='ltr'><strong>nensi</strong></span> <span class='ocrx_word' id='word_1_397' title='bbox 273 3989 369 4028; x_wconf 89' lang='lat' dir='ltr'><strong>seu</strong></span> <span class='ocrx_word' id='word_1_398' title='bbox 407 3973 687 4029; x_wconf 85' lang='lat' dir='ltr'><strong>Africana</strong></span> <span class='ocrx_word' id='word_1_399' title='bbox 726 3973 980 4044; x_wconf 88' lang='lat' dir='ltr'><strong>ecclesia,</strong></span> <span class='ocrx_word' id='word_1_400' title='bbox 1013 3976 1154 4028; x_wconf 88' lang='lat' dir='ltr'><strong>teste</strong></span> <span class='ocrx_word' id='word_1_401' title='bbox 1193 3971 1528 4044; x_wconf 84' lang='lat' dir='ltr'><strong>Augustino,</strong></span> <span class='ocrx_word' id='word_1_402' title='bbox 1554 3971 1718 4042; x_wconf 87' lang='lat' dir='ltr'><strong>cujus</strong></span> 
     </span>
    </p>
   </div>
   <div class='ocr_carea' id='block_1_56' title="bbox 104 4063 1719 4139">
    <p class='ocr_par' dir='ltr' id='par_1_56' title="bbox 104 4063 1719 4139">
     <span class='ocr_line' id='line_1_56' title="bbox 104 4063 1719 4139; baseline 0.001 -22"><span class='ocrx_word' id='word_1_403' title='bbox 104 4067 325 4137; x_wconf 88' lang='lat' dir='ltr'><strong>tempore</strong></span> <span class='ocrx_word' id='word_1_404' title='bbox 348 4067 408 4122; x_wconf 90' lang='lat' dir='ltr'><strong>id</strong></span> <span class='ocrx_word' id='word_1_405' title='bbox 437 4067 568 4123; x_wconf 83' lang='lat' dir='ltr'><strong>ﬁeri</strong></span> <span class='ocrx_word' id='word_1_406' title='bbox 598 4071 878 4139; x_wconf 62' lang='lat' dir='ltr'><strong>ceptum.</strong></span> <span class='ocrx_word' id='word_1_407' title='bbox 905 4086 936 4121; x_wconf 64' lang='grc' dir='ltr'><strong>ι)</strong></span> <span class='ocrx_word' id='word_1_408' title='bbox 970 4067 1121 4122; x_wconf 88' lang='lat' dir='ltr'><strong>[nter</strong></span> <span class='ocrx_word' id='word_1_409' title='bbox 1147 4065 1267 4121; x_wconf 70' lang='lat' dir='ltr'><strong>haec</strong></span> <span class='ocrx_word' id='word_1_410' title='bbox 1309 4065 1391 4134; x_wconf 91' lang='lat' dir='ltr'><strong>(ut</strong></span> <span class='ocrx_word' id='word_1_411' title='bbox 1414 4065 1530 4136; x_wconf 91' lang='lat' dir='ltr'><strong>ipse</strong></span> <span class='ocrx_word' id='word_1_412' title='bbox 1556 4063 1635 4120; x_wconf 85' lang='lat' dir='ltr'><strong>ait</strong></span> <span class='ocrx_word' id='word_1_413' title='bbox 1658 4063 1719 4118; x_wconf 89' lang='lat' dir='ltr'><strong>in</strong></span> 
     </span>
    </p>
   </div>
   <div class='ocr_carea' id='block_1_57' title="bbox 101 4155 1720 4231">
    <p class='ocr_par' dir='ltr' id='par_1_57' title="bbox 101 4155 1720 4231">
     <span class='ocr_line' id='line_1_57' title="bbox 101 4155 1720 4231; baseline 0.001 -21"><span class='ocrx_word' id='word_1_414' title='bbox 101 4155 180 4212; x_wconf 85' lang='lat' dir='ltr'><strong>lib.</strong></span> <span class='ocrx_word' id='word_1_415' title='bbox 205 4175 242 4214; x_wconf 89' lang='lat'><strong>11</strong></span> <span class='ocrx_word' id='word_1_416' title='bbox 266 4160 776 4217; x_wconf 79' lang='lat' dir='ltr'><strong>Retractationum</strong></span> <span class='ocrx_word' id='word_1_417' title='bbox 813 4177 936 4231; x_wconf 88' lang='lat' dir='ltr'><strong>cap.</strong></span> <span class='ocrx_word' id='word_1_418' title='bbox 973 4160 1057 4231; x_wconf 89' lang='grc'><strong>11)</strong></span> <span class='ocrx_word' id='word_1_419' title='bbox 1104 4159 1320 4214; x_wconf 85' lang='lat' dir='ltr'><strong>Hilarus</strong></span> <span class='ocrx_word' id='word_1_420' title='bbox 1356 4157 1605 4230; x_wconf 87' lang='lat' dir='ltr'><strong>quidam,</strong></span> <span class='ocrx_word' id='word_1_421' title='bbox 1634 4157 1720 4212; x_wconf 89' lang='lat' dir='ltr'><strong>vir</strong></span> 
     </span>
    </p>
   </div>
   <div class='ocr_carea' id='block_1_58' title="bbox 99 4251 1717 4324">
    <p class='ocr_par' dir='ltr' id='par_1_58' title="bbox 99 4251 1717 4324">
     <span class='ocr_line' id='line_1_58' title="bbox 99 4251 1717 4324; baseline 0.001 -20"><span class='ocrx_word' id='word_1_422' title='bbox 99 4251 411 4324; x_wconf 87' lang='lat' dir='ltr'><strong>tribunitius,</strong></span> <span class='ocrx_word' id='word_1_423' title='bbox 440 4254 631 4310; x_wconf 88' lang='lat' dir='ltr'><strong>laicus</strong></span> <span class='ocrx_word' id='word_1_424' title='bbox 662 4253 994 4322; x_wconf 87' lang='lat' dir='ltr'><strong>catholicus,</strong></span> <span class='ocrx_word' id='word_1_425' title='bbox 1035 4251 1223 4308; x_wconf 91' lang='lat' dir='ltr'><strong>nescio</strong></span> <span class='ocrx_word' id='word_1_426' title='bbox 1260 4251 1412 4306; x_wconf 89' lang='lat' dir='ltr'><strong>unde</strong></span> <span class='ocrx_word' id='word_1_427' title='bbox 1453 4251 1717 4306; x_wconf 87' lang='lat' dir='ltr'><strong>adversus</strong></span> 
     </span>
    </p>
   </div>
   <div class='ocr_carea' id='block_1_59' title="bbox 98 4341 1718 4418">
    <p class='ocr_par' dir='ltr' id='par_1_59' title="bbox 98 4341 1718 4418">
     <span class='ocr_line' id='line_1_59' title="bbox 98 4341 1718 4418; baseline 0.001 -21"><span class='ocrx_word' id='word_1_428' title='bbox 98 4341 178 4397; x_wconf 87' lang='lat' dir='ltr'><strong>Dei</strong></span> <span class='ocrx_word' id='word_1_429' title='bbox 205 4346 514 4418; x_wconf 87' lang='lat' dir='ltr'><strong>ministros,</strong></span> <span class='ocrx_word' id='word_1_430' title='bbox 545 4352 616 4402; x_wconf 89' lang='lat' dir='ltr'><strong>ut</strong></span> <span class='ocrx_word' id='word_1_431' title='bbox 652 4345 783 4402; x_wconf 85' lang='lat' dir='ltr'><strong>ﬁeri</strong></span> <span class='ocrx_word' id='word_1_432' title='bbox 817 4346 1041 4415; x_wconf 87' lang='lat' dir='ltr'><strong>assolet,</strong></span> <span class='ocrx_word' id='word_1_433' title='bbox 1068 4345 1340 4412; x_wconf 89' lang='lat' dir='ltr'><strong>irritatus,</strong></span> <span class='ocrx_word' id='word_1_434' title='bbox 1372 4360 1590 4401; x_wconf 87' lang='lat' dir='ltr'><strong>morem</strong></span> <span class='ocrx_word' id='word_1_435' title='bbox 1619 4344 1718 4416; x_wconf 89' lang='lat' dir='ltr'><strong>qui</strong></span> 
     </span>
    </p>
   </div>
   <div class='ocr_carea' id='block_1_60' title="bbox 96 4438 1714 4515">
    <p class='ocr_par' dir='ltr' id='par_1_60' title="bbox 96 4438 1714 4515">
     <span class='ocr_line' id='line_1_60' title="bbox 96 4438 1714 4515; baseline 0.002 -24"><span class='ocrx_word' id='word_1_436' title='bbox 96 4441 208 4493; x_wconf 87' lang='lat' dir='ltr'><strong>tunc</strong></span> <span class='ocrx_word' id='word_1_437' title='bbox 249 4457 364 4496; x_wconf 89' lang='lat' dir='ltr'><strong>esse</strong></span> <span class='ocrx_word' id='word_1_438' title='bbox 402 4441 567 4515; x_wconf 90' lang='lat' dir='ltr'><strong>apud</strong></span> <span class='ocrx_word' id='word_1_439' title='bbox 600 4439 1016 4511; x_wconf 87' lang='lat' dir='ltr'><strong>Carthaginem</strong></span> <span class='ocrx_word' id='word_1_440' title='bbox 1043 4441 1306 4509; x_wconf 88' lang='lat' dir='ltr'><strong>coeperat,</strong></span> <span class='ocrx_word' id='word_1_441' title='bbox 1335 4443 1400 4493; x_wconf 89' lang='lat' dir='ltr'><strong>ut</strong></span> <span class='ocrx_word' id='word_1_442' title='bbox 1424 4438 1623 4509; x_wconf 87' lang='lat' dir='ltr'><strong>hymni</strong></span> <span class='ocrx_word' id='word_1_443' title='bbox 1647 4439 1714 4494; x_wconf 89' lang='lat' dir='ltr'><strong>ad</strong></span> 
     </span>
    </p>
   </div>
   <div class='ocr_carea' id='block_1_61' title="bbox 95 4529 1718 4600">
    <p class='ocr_par' dir='ltr' id='par_1_61' title="bbox 95 4529 1718 4600">
     <span class='ocr_line' id='line_1_61' title="bbox 95 4529 1718 4600; baseline 0.001 -16"><span class='ocrx_word' id='word_1_444' title='bbox 95 4529 246 4588; x_wconf 73' lang='lat' dir='ltr'><strong>altam</strong></span> <span class='ocrx_word' id='word_1_445' title='bbox 261 4534 595 4590; x_wconf 87' lang='lat' dir='ltr'><strong>dicerentur</strong></span> <span class='ocrx_word' id='word_1_446' title='bbox 610 4534 689 4589; x_wconf 91' lang='lat' dir='ltr'><strong>de</strong></span> <span class='ocrx_word' id='word_1_447' title='bbox 715 4532 1072 4587; x_wconf 88' lang='lat' dir='ltr'><strong>Psalmorum</strong></span> <span class='ocrx_word' id='word_1_448' title='bbox 1089 4531 1255 4600; x_wconf 87' lang='lat' dir='ltr'><strong>libro,</strong></span> <span class='ocrx_word' id='word_1_449' title='bbox 1276 4531 1389 4587; x_wconf 87' lang='lat' dir='ltr'><strong>sive</strong></span> <span class='ocrx_word' id='word_1_450' title='bbox 1416 4536 1545 4587; x_wconf 87' lang='lat' dir='ltr'><strong>ante</strong></span> <span class='ocrx_word' id='word_1_451' title='bbox 1572 4532 1718 4587; x_wconf 88' lang='lat' dir='ltr'><strong>obla-</strong></span> 
     </span>
    </p>
   </div>
   <div class='ocr_carea' id='block_1_62' title="bbox 1804 2021 3416 2096">
    <p class='ocr_par' dir='ltr' id='par_1_62' title="bbox 1804 2021 3416 2096">
     <span class='ocr_line' id='line_1_62' title="bbox 1804 2021 3416 2096; baseline 0.005 -22"><span class='ocrx_word' id='word_1_452' title='bbox 1804 2021 2075 2076; x_wconf 66' lang='lat' dir='ltr'><strong>duntaxat</strong></span> <span class='ocrx_word' id='word_1_453' title='bbox 2084 2038 2200 2076; x_wconf 90' lang='lat' dir='ltr'><strong>non</strong></span> <span class='ocrx_word' id='word_1_454' title='bbox 2211 2027 2294 2077; x_wconf 91' lang='lat' dir='ltr'><strong>est</strong></span> <span class='ocrx_word' id='word_1_455' title='bbox 2303 2021 2602 2089; x_wconf 82' lang='lat' dir='ltr'><strong>exclusiva,</strong></span> <span class='ocrx_word' id='word_1_456' title='bbox 2616 2023 2709 2077; x_wconf 90' lang='lat' dir='ltr'><strong>sed</strong></span> <span class='ocrx_word' id='word_1_457' title='bbox 2725 2023 3072 2094; x_wconf 82' lang='lat' dir='ltr'><strong>explicativa,</strong></span> <span class='ocrx_word' id='word_1_458' title='bbox 3086 2042 3188 2096; x_wconf 92' lang='lat' dir='ltr'><strong>pro</strong></span> <span class='ocrx_word' id='word_1_459' title='bbox 3199 2028 3416 2090; x_wconf 82' lang='lat' dir='ltr'><strong>scilicet,</strong></span> 
     </span>
    </p>
   </div>
   <div class='ocr_carea' id='block_1_63' title="bbox 1806 2113 3420 2189">
    <p class='ocr_par' dir='ltr' id='par_1_63' title="bbox 1806 2113 3420 2189">
     <span class='ocr_line' id='line_1_63' title="bbox 1806 2113 3420 2189; baseline 0.004 -23"><span class='ocrx_word' id='word_1_460' title='bbox 1806 2129 1917 2184; x_wconf 89' lang='lat' dir='ltr'><strong>quo</strong></span> <span class='ocrx_word' id='word_1_461' title='bbox 1931 2113 2048 2168; x_wconf 89' lang='lat' dir='ltr'><strong>fere</strong></span> <span class='ocrx_word' id='word_1_462' title='bbox 2069 2131 2234 2169; x_wconf 89' lang='lat' dir='ltr'><strong>sensu</strong></span> <span class='ocrx_word' id='word_1_463' title='bbox 2253 2115 2405 2186; x_wconf 82' lang='lat' dir='ltr'><strong>apud</strong></span> <span class='ocrx_word' id='word_1_464' title='bbox 2422 2119 2677 2170; x_wconf 89' lang='lat' dir='ltr'><strong>auctores</strong></span> <span class='ocrx_word' id='word_1_465' title='bbox 2701 2115 2904 2170; x_wconf 54' lang='lat' dir='ltr'><strong>mediae</strong></span> <span class='ocrx_word' id='word_1_466' title='bbox 2930 2115 3109 2171; x_wconf 70' lang='lat' dir='ltr'><strong>aetatis</strong></span> <span class='ocrx_word' id='word_1_467' title='bbox 3130 2117 3420 2189; x_wconf 87' lang='lat' dir='ltr'><strong>accipitur.</strong></span> 
     </span>
    </p>
   </div>
   <div class='ocr_carea' id='block_1_64' title="bbox 1804 2205 3424 2282">
    <p class='ocr_par' dir='ltr' id='par_1_64' title="bbox 1804 2205 3424 2282">
     <span class='ocr_line' id='line_1_64' title="bbox 1804 2205 3424 2282; baseline 0.004 -22"><span class='ocrx_word' id='word_1_468' title='bbox 1804 2205 2087 2260; x_wconf 63' lang='lat' dir='ltr'><strong>Matutinus</strong></span> <span class='ocrx_word' id='word_1_469' title='bbox 2114 2207 2299 2261; x_wconf 65' lang='lat' dir='ltr'><strong>missas</strong></span> <span class='ocrx_word' id='word_1_470' title='bbox 2324 2211 2486 2262; x_wconf 89' lang='lat' dir='ltr'><strong>erant</strong></span> <span class='ocrx_word' id='word_1_471' title='bbox 2500 2223 2628 2278; x_wconf 66' lang='lat' dir='ltr'><strong>quae</strong></span> <span class='ocrx_word' id='word_1_472' title='bbox 2645 2211 2772 2262; x_wconf 86' lang='lat' dir='ltr'><strong>ante</strong></span> <span class='ocrx_word' id='word_1_473' title='bbox 2793 2208 2988 2262; x_wconf 92' lang='lat' dir='ltr'><strong>horam</strong></span> <span class='ocrx_word' id='word_1_474' title='bbox 3007 2209 3259 2279; x_wconf 83' lang='lat' dir='ltr'><strong>tertiam;</strong></span> <span class='ocrx_word' id='word_1_475' title='bbox 3289 2227 3424 2282; x_wconf 86' lang='lat' dir='ltr'><strong>qua-</strong></span> 
     </span>
    </p>
   </div>
   <div class='ocr_carea' id='block_1_65' title="bbox 1807 2298 3424 2371">
    <p class='ocr_par' dir='ltr' id='par_1_65' title="bbox 1807 2298 3424 2371">
     <span class='ocr_line' id='line_1_65' title="bbox 1807 2298 3424 2371; baseline 0.003 -19"><span class='ocrx_word' id='word_1_476' title='bbox 1807 2298 2221 2370; x_wconf 87' lang='lat' dir='ltr'><strong>dragesimales,</strong></span> <span class='ocrx_word' id='word_1_477' title='bbox 2241 2316 2370 2370; x_wconf 62' lang='lat' dir='ltr'><strong>quae</strong></span> <span class='ocrx_word' id='word_1_478' title='bbox 2385 2300 2488 2354; x_wconf 88' lang='lat' dir='ltr'><strong>sub</strong></span> <span class='ocrx_word' id='word_1_479' title='bbox 2504 2317 2816 2371; x_wconf 84' lang='lat' dir='ltr'><strong>vesperam,</strong></span> <span class='ocrx_word' id='word_1_480' title='bbox 2833 2301 2986 2356; x_wconf 90' lang='lat' dir='ltr'><strong>unde</strong></span> <span class='ocrx_word' id='word_1_481' title='bbox 3006 2301 3263 2357; x_wconf 78' lang='lat' dir='ltr'><strong>serotinae</strong></span> <span class='ocrx_word' id='word_1_482' title='bbox 3291 2303 3424 2358; x_wconf 86' lang='lat' dir='ltr'><strong>alias</strong></span> 
     </span>
    </p>
   </div>
   <div class='ocr_carea' id='block_1_66' title="bbox 1807 2390 3421 2460">
    <p class='ocr_par' dir='ltr' id='par_1_66' title="bbox 1807 2390 3421 2460">
     <span class='ocr_line' id='line_1_66' title="bbox 1807 2390 3421 2460; baseline 0.003 -14"><span class='ocrx_word' id='word_1_483' title='bbox 1807 2390 1990 2460; x_wconf 76' lang='lat' dir='ltr'><strong>dictae,</strong></span> <span class='ocrx_word' id='word_1_484' title='bbox 2027 2391 2474 2447; x_wconf 87' lang='lat' dir='ltr'><strong>celebrabantur.</strong></span> <span class='ocrx_word' id='word_1_485' title='bbox 2514 2394 2666 2448; x_wconf 88' lang='lat' dir='ltr'><strong>Idem</strong></span> <span class='ocrx_word' id='word_1_486' title='bbox 2706 2392 3007 2448; x_wconf 91' lang='lat' dir='ltr'><strong>concilium</strong></span> <span class='ocrx_word' id='word_1_487' title='bbox 3049 2410 3261 2450; x_wconf 89' lang='lat' dir='ltr'><strong>canone</strong></span> <span class='ocrx_word' id='word_1_488' title='bbox 3293 2399 3360 2451; x_wconf 86' lang='lat'><strong>29</strong></span> <span class='ocrx_word' id='word_1_489' title='bbox 3405 2415 3421 2450; x_wconf 86' lang='lat'><strong><em>:</em></strong></span> 
     </span>
    </p>
   </div>
   <div class='ocr_carea' id='block_1_67' title="bbox 1808 2485 3426 2556">
    <p class='ocr_par' dir='ltr' id='par_1_67' title="bbox 1808 2485 3426 2556">
     <span class='ocr_line' id='line_1_67' title="bbox 1808 2485 3426 2556; baseline 0.002 -17"><span class='ocrx_word' id='word_1_490' title='bbox 1808 2485 2085 2554; x_wconf 80' lang='lat' dir='ltr'><strong>Sacriﬁcia</strong></span> <span class='ocrx_word' id='word_1_491' title='bbox 2108 2501 2232 2539; x_wconf 76' lang='lat' dir='ltr'><strong>vero</strong></span> <span class='ocrx_word' id='word_1_492' title='bbox 2257 2487 2527 2539; x_wconf 85' lang='lat' dir='ltr'><strong>matutina</strong></span> <span class='ocrx_word' id='word_1_493' title='bbox 2546 2488 2856 2550; x_wconf 85' lang='lat' dir='ltr'><strong>missarum,</strong></span> <span class='ocrx_word' id='word_1_494' title='bbox 2877 2489 2988 2541; x_wconf 81' lang='lat' dir='ltr'><strong>sive</strong></span> <span class='ocrx_word' id='word_1_495' title='bbox 3009 2491 3333 2556; x_wconf 74' lang='lat' dir='ltr'><strong>vespertina,</strong></span> <span class='ocrx_word' id='word_1_496' title='bbox 3359 2504 3426 2543; x_wconf 86' lang='lat' dir='ltr'><strong>ne</strong></span> 
     </span>
    </p>
   </div>
   <div class='ocr_carea' id='block_1_68' title="bbox 1808 2578 3422 2650">
    <p class='ocr_par' dir='ltr' id='par_1_68' title="bbox 1808 2578 3422 2650">
     <span class='ocr_line' id='line_1_68' title="bbox 1808 2578 3422 2650; baseline 0.002 -20"><span class='ocrx_word' id='word_1_497' title='bbox 1808 2580 1928 2646; x_wconf 87' lang='lat' dir='ltr'><strong>quis</strong></span> <span class='ocrx_word' id='word_1_498' title='bbox 1941 2593 2059 2632; x_wconf 87' lang='lat' dir='ltr'><strong>cum</strong></span> <span class='ocrx_word' id='word_1_499' title='bbox 2072 2580 2237 2632; x_wconf 85' lang='lat' dir='ltr'><strong>armis</strong></span> <span class='ocrx_word' id='word_1_500' title='bbox 2248 2578 2648 2646; x_wconf 85' lang='lat' dir='ltr'><strong>pertinentibus</strong></span> <span class='ocrx_word' id='word_1_501' title='bbox 2667 2579 2740 2633; x_wconf 89' lang='lat' dir='ltr'><strong>ad</strong></span> <span class='ocrx_word' id='word_1_502' title='bbox 2762 2579 3018 2634; x_wconf 82' lang='lat' dir='ltr'><strong>bellorum</strong></span> <span class='ocrx_word' id='word_1_503' title='bbox 3038 2595 3192 2634; x_wconf 86' lang='lat' dir='ltr'><strong>usum</strong></span> <span class='ocrx_word' id='word_1_504' title='bbox 3209 2585 3422 2650; x_wconf 83' lang='lat' dir='ltr'><strong>spectet.</strong></span> 
     </span>
    </p>
   </div>
   <div class='ocr_carea' id='block_1_69' title="bbox 1809 2668 3427 2740">
    <p class='ocr_par' dir='ltr' id='par_1_69' title="bbox 1809 2668 3427 2740">
     <span class='ocr_line' id='line_1_69' title="bbox 1809 2668 3427 2740; baseline 0.002 -18"><span class='ocrx_word' id='word_1_505' title='bbox 1809 2670 1936 2723; x_wconf 83' lang='lat' dir='ltr'><strong>Haec</strong></span> <span class='ocrx_word' id='word_1_506' title='bbox 1984 2668 2248 2723; x_wconf 84' lang='lat' dir='ltr'><strong>sacriﬁcia</strong></span> <span class='ocrx_word' id='word_1_507' title='bbox 2294 2668 2610 2740; x_wconf 87' lang='lat' dir='ltr'><strong>vespertina</strong></span> <span class='ocrx_word' id='word_1_508' title='bbox 2659 2669 2717 2724; x_wconf 91' lang='lat' dir='ltr'><strong>in</strong></span> <span class='ocrx_word' id='word_1_509' title='bbox 2765 2669 2996 2724; x_wconf 89' lang='lat' dir='ltr'><strong>concilio</strong></span> <span class='ocrx_word' id='word_1_510' title='bbox 3039 2671 3427 2727; x_wconf 84' lang='lat' dir='ltr'><strong>Matisconensi</strong></span> 
     </span>
    </p>
   </div>
   <div class='ocr_carea' id='block_1_70' title="bbox 1807 2761 3427 2835">
    <p class='ocr_par' dir='ltr' id='par_1_70' title="bbox 1807 2761 3427 2835">
     <span class='ocr_line' id='line_1_70' title="bbox 1807 2761 3427 2835; baseline 0.002 -20"><span class='ocrx_word' id='word_1_511' title='bbox 1807 2761 2012 2833; x_wconf 88' lang='lat' dir='ltr'><strong>primo,</strong></span> <span class='ocrx_word' id='word_1_512' title='bbox 2061 2777 2270 2816; x_wconf 89' lang='lat' dir='ltr'><strong>canone</strong></span> <span class='ocrx_word' id='word_1_513' title='bbox 2317 2765 2368 2829; x_wconf 86' lang='lat'><strong>9,</strong></span> <span class='ocrx_word' id='word_1_514' title='bbox 2415 2762 2680 2816; x_wconf 90' lang='lat' dir='ltr'><strong>dicuntur</strong></span> <span class='ocrx_word' id='word_1_515' title='bbox 2719 2762 2914 2818; x_wconf 90' lang='lat' dir='ltr'><strong>ordine</strong></span> <span class='ocrx_word' id='word_1_516' title='bbox 2955 2763 3427 2835; x_wconf 87' lang='lat' dir='ltr'><strong>quadragesimali</strong></span> 
     </span>
    </p>
   </div>
   <div class='ocr_carea' id='block_1_71' title="bbox 1811 2853 3429 2926">
    <p class='ocr_par' dir='ltr' id='par_1_71' title="bbox 1811 2853 3429 2926">
     <span class='ocr_line' id='line_1_71' title="bbox 1811 2853 3429 2926; baseline 0.002 -20"><span class='ocrx_word' id='word_1_517' title='bbox 1811 2853 2111 2923; x_wconf 90' lang='lat' dir='ltr'><strong>celebrari,</strong></span> <span class='ocrx_word' id='word_1_518' title='bbox 2159 2853 2289 2925; x_wconf 91' lang='lat' dir='ltr'><strong>quia</strong></span> <span class='ocrx_word' id='word_1_519' title='bbox 2331 2853 2606 2909; x_wconf 88' lang='lat' dir='ltr'><strong>nimirum</strong></span> <span class='ocrx_word' id='word_1_520' title='bbox 2660 2853 2718 2908; x_wconf 92' lang='lat' dir='ltr'><strong>in</strong></span> <span class='ocrx_word' id='word_1_521' title='bbox 2774 2855 3228 2926; x_wconf 87' lang='lat' dir='ltr'><strong>Quadragesimae</strong></span> <span class='ocrx_word' id='word_1_522' title='bbox 3278 2855 3429 2910; x_wconf 88' lang='lat' dir='ltr'><strong>feriis</strong></span> 
     </span>
    </p>
   </div>
   <div class='ocr_carea' id='block_1_72' title="bbox 1811 2945 3431 3018">
    <p class='ocr_par' dir='ltr' id='par_1_72' title="bbox 1811 2945 3431 3018">
     <span class='ocr_line' id='line_1_72' title="bbox 1811 2945 3431 3018; baseline 0.002 -18"><span class='ocrx_word' id='word_1_523' title='bbox 1811 2945 1996 3000; x_wconf 87' lang='lat' dir='ltr'><strong>missae</strong></span> <span class='ocrx_word' id='word_1_524' title='bbox 2021 2945 2092 3001; x_wconf 90' lang='lat' dir='ltr'><strong>ad</strong></span> <span class='ocrx_word' id='word_1_525' title='bbox 2114 2962 2408 3018; x_wconf 84' lang='lat' dir='ltr'><strong>vesperam</strong></span> <span class='ocrx_word' id='word_1_526' title='bbox 2428 2945 2854 3002; x_wconf 71' lang='lat' dir='ltr'><strong>differebantur.</strong></span> <span class='ocrx_word' id='word_1_527' title='bbox 2878 2947 3083 3002; x_wconf 87' lang='lat' dir='ltr'><strong>Horam</strong></span> <span class='ocrx_word' id='word_1_528' title='bbox 3107 2964 3316 3003; x_wconf 91' lang='lat' dir='ltr'><strong>nonam</strong></span> <span class='ocrx_word' id='word_1_529' title='bbox 3343 2947 3431 3004; x_wconf 90' lang='lat' dir='ltr'><strong>vel</strong></span> 
     </span>
    </p>
   </div>
   <div class='ocr_carea' id='block_1_73' title="bbox 1813 3038 3427 3110">
    <p class='ocr_par' dir='ltr' id='par_1_73' title="bbox 1813 3038 3427 3110">
     <span class='ocr_line' id='line_1_73' title="bbox 1813 3038 3427 3110; baseline 0.002 -17"><span class='ocrx_word' id='word_1_530' title='bbox 1813 3038 2087 3093; x_wconf 91' lang='lat' dir='ltr'><strong>decimam</strong></span> <span class='ocrx_word' id='word_1_531' title='bbox 2105 3038 2193 3093; x_wconf 92' lang='lat' dir='ltr'><strong>his</strong></span> <span class='ocrx_word' id='word_1_532' title='bbox 2217 3038 2400 3093; x_wconf 90' lang='lat' dir='ltr'><strong>missis</strong></span> <span class='ocrx_word' id='word_1_533' title='bbox 2424 3039 2670 3110; x_wconf 88' lang='lat' dir='ltr'><strong>assignat</strong></span> <span class='ocrx_word' id='word_1_534' title='bbox 2685 3038 2984 3094; x_wconf 89' lang='lat' dir='ltr'><strong>concilium</strong></span> <span class='ocrx_word' id='word_1_535' title='bbox 3012 3041 3346 3096; x_wconf 87' lang='lat' dir='ltr'><strong>Bracarense</strong></span> <span class='ocrx_word' id='word_1_536' title='bbox 3369 3057 3427 3108; x_wconf 92' lang='lat'><strong>11,</strong></span> 
     </span>
    </p>
   </div>
   <div class='ocr_carea' id='block_1_74' title="bbox 1813 3130 3429 3204">
    <p class='ocr_par' dir='ltr' id='par_1_74' title="bbox 1813 3130 3429 3204">
     <span class='ocr_line' id='line_1_74' title="bbox 1813 3130 3429 3204; baseline 0.002 -19"><span class='ocrx_word' id='word_1_537' title='bbox 1813 3147 2024 3186; x_wconf 89' lang='lat' dir='ltr'><strong>canone</strong></span> <span class='ocrx_word' id='word_1_538' title='bbox 2048 3133 2100 3186; x_wconf 91' lang='lat'><strong>9.</strong></span> <span class='ocrx_word' id='word_1_539' title='bbox 2121 3130 2296 3186; x_wconf 68' lang='lat' dir='ltr'><strong>Missae</strong></span> <span class='ocrx_word' id='word_1_540' title='bbox 2317 3130 2614 3186; x_wconf 82' lang='lat' dir='ltr'><strong>matutinae</strong></span> <span class='ocrx_word' id='word_1_541' title='bbox 2641 3135 2699 3186; x_wconf 90' lang='lat' dir='ltr'><strong>et</strong></span> <span class='ocrx_word' id='word_1_542' title='bbox 2717 3131 3048 3203; x_wconf 66' lang='lat' dir='ltr'><strong>vespertinae</strong></span> <span class='ocrx_word' id='word_1_543' title='bbox 3072 3149 3170 3188; x_wconf 90' lang='lat' dir='ltr'><strong>seu</strong></span> <span class='ocrx_word' id='word_1_544' title='bbox 3189 3133 3429 3204; x_wconf 87' lang='lat' dir='ltr'><strong>quadra-</strong></span> 
     </span>
    </p>
   </div>
   <div class='ocr_carea' id='block_1_75' title="bbox 1816 3221 3431 3296">
    <p class='ocr_par' dir='ltr' id='par_1_75' title="bbox 1816 3221 3431 3296">
     <span class='ocr_line' id='line_1_75' title="bbox 1816 3221 3431 3296; baseline 0.002 -19"><span class='ocrx_word' id='word_1_545' title='bbox 1816 3221 2108 3296; x_wconf 87' lang='lat' dir='ltr'><strong>gesimales</strong></span> <span class='ocrx_word' id='word_1_546' title='bbox 2126 3239 2159 3276; x_wconf 90' lang='lat' dir='ltr'><strong>a</strong></span> <span class='ocrx_word' id='word_1_547' title='bbox 2177 3222 2416 3295; x_wconf 90' lang='lat' dir='ltr'><strong>publicis</strong></span> <span class='ocrx_word' id='word_1_548' title='bbox 2444 3221 2567 3295; x_wconf 79' lang='lat'>55</span> <span class='ocrx_word' id='word_1_549' title='bbox 2595 3222 3106 3294; x_wconf 85' lang='lat' dir='ltr'><strong>distinguebantur,</strong></span> <span class='ocrx_word' id='word_1_550' title='bbox 3127 3225 3431 3282; x_wconf 88' lang='lat' dir='ltr'><strong>censeban-</strong></span> 
     </span>
    </p>
   </div>
   <div class='ocr_carea' id='block_1_76' title="bbox 1814 3314 3431 3390">
    <p class='ocr_par' dir='ltr' id='par_1_76' title="bbox 1814 3314 3431 3390">
     <span class='ocr_line' id='line_1_76' title="bbox 1814 3314 3431 3390; baseline 0.002 -20"><span class='ocrx_word' id='word_1_551' title='bbox 1814 3320 2020 3387; x_wconf 89' lang='lat' dir='ltr'><strong>turque</strong></span> <span class='ocrx_word' id='word_1_552' title='bbox 2040 3314 2270 3387; x_wconf 76' lang='lat' dir='ltr'><strong>privatae</strong></span> <span class='ocrx_word' id='word_1_553' title='bbox 2304 3331 2372 3370; x_wconf 82' lang='lat' dir='ltr'><strong>ex</strong></span> <span class='ocrx_word' id='word_1_554' title='bbox 2394 3315 2669 3387; x_wconf 88' lang='lat' dir='ltr'><strong>superiori</strong></span> <span class='ocrx_word' id='word_1_555' title='bbox 2696 3333 2910 3372; x_wconf 91' lang='lat' dir='ltr'><strong>canone</strong></span> <span class='ocrx_word' id='word_1_556' title='bbox 2936 3317 3133 3390; x_wconf 76' lang='lat' dir='ltr'><strong>synodi</strong></span> <span class='ocrx_word' id='word_1_557' title='bbox 3159 3318 3431 3384; x_wconf 88' lang='lat' dir='ltr'><strong>Vasensis,</strong></span> 
     </span>
    </p>
   </div>
   <div class='ocr_carea' id='block_1_77' title="bbox 1813 3407 3434 3482">
    <p class='ocr_par' dir='ltr' id='par_1_77' title="bbox 1813 3407 3434 3482">
     <span class='ocr_line' id='line_1_77' title="bbox 1813 3407 3434 3482; baseline 0.002 -20"><span class='ocrx_word' id='word_1_558' title='bbox 1813 3413 2113 3480; x_wconf 87' lang='lat' dir='ltr'><strong>propterea</strong></span> <span class='ocrx_word' id='word_1_559' title='bbox 2138 3407 2289 3479; x_wconf 91' lang='lat' dir='ltr'><strong>quod</strong></span> <span class='ocrx_word' id='word_1_560' title='bbox 2322 3407 2512 3464; x_wconf 81' lang='lat' dir='ltr'><strong>fideles</strong></span> <span class='ocrx_word' id='word_1_561' title='bbox 2540 3407 2628 3462; x_wconf 91' lang='lat' dir='ltr'><strong>his</strong></span> <span class='ocrx_word' id='word_1_562' title='bbox 2655 3408 2922 3464; x_wconf 91' lang='lat' dir='ltr'><strong>interesse</strong></span> <span class='ocrx_word' id='word_1_563' title='bbox 2949 3409 3102 3464; x_wconf 90' lang='lat' dir='ltr'><strong>nulla</strong></span> <span class='ocrx_word' id='word_1_564' title='bbox 3124 3409 3213 3466; x_wconf 84' lang='lat' dir='ltr'><strong>lex</strong></span> <span class='ocrx_word' id='word_1_565' title='bbox 3241 3411 3434 3482; x_wconf 63' lang='lat' dir='ltr'><strong>praci-</strong></span> 
     </span>
    </p>
   </div>
   <div class='ocr_carea' id='block_1_78' title="bbox 1813 3500 3432 3574">
    <p class='ocr_par' dir='ltr' id='par_1_78' title="bbox 1813 3500 3432 3574">
     <span class='ocr_line' id='line_1_78' title="bbox 1813 3500 3432 3574; baseline 0.003 -20"><span class='ocrx_word' id='word_1_566' title='bbox 1813 3500 2023 3574; x_wconf 88' lang='lat' dir='ltr'><strong>piebat.</strong></span> <span class='ocrx_word' id='word_1_567' title='bbox 2068 3504 2155 3556; x_wconf 84' lang='lat' dir='ltr'><strong>A11</strong></span> <span class='ocrx_word' id='word_1_568' title='bbox 2203 3504 2396 3556; x_wconf 91' lang='lat' dir='ltr'><strong>autem</strong></span> <span class='ocrx_word' id='word_1_569' title='bbox 2449 3500 2686 3572; x_wconf 91' lang='lat' dir='ltr'><strong>singulis</strong></span> <span class='ocrx_word' id='word_1_570' title='bbox 2729 3501 3184 3574; x_wconf 81' lang='lat' dir='ltr'><strong>Quadragesimae</strong></span> <span class='ocrx_word' id='word_1_571' title='bbox 3237 3503 3432 3559; x_wconf 86' lang='lat' dir='ltr'><strong>diebus</strong></span> 
     </span>
    </p>
   </div>
   <div class='ocr_carea' id='block_1_79' title="bbox 1815 3592 3430 3666">
    <p class='ocr_par' dir='ltr' id='par_1_79' title="bbox 1815 3592 3430 3666">
     <span class='ocr_line' id='line_1_79' title="bbox 1815 3592 3430 3666; baseline 0.002 -18"><span class='ocrx_word' id='word_1_572' title='bbox 1815 3610 1971 3648; x_wconf 89' lang='lat' dir='ltr'><strong>sacra</strong></span> <span class='ocrx_word' id='word_1_573' title='bbox 2003 3593 2322 3666; x_wconf 89' lang='lat' dir='ltr'><strong>vespertina</strong></span> <span class='ocrx_word' id='word_1_574' title='bbox 2353 3593 2573 3664; x_wconf 88' lang='lat' dir='ltr'><strong>ﬁerent,</strong></span> <span class='ocrx_word' id='word_1_575' title='bbox 2601 3593 2660 3648; x_wconf 89' lang='lat' dir='ltr'><strong>in</strong></span> <span class='ocrx_word' id='word_1_576' title='bbox 2697 3592 2840 3648; x_wconf 89' lang='lat' dir='ltr'><strong>libro</strong></span> <span class='ocrx_word' id='word_1_577' title='bbox 2869 3610 2928 3664; x_wconf 87' lang='lat'><strong>11,</strong></span> <span class='ocrx_word' id='word_1_578' title='bbox 2957 3594 3054 3649; x_wconf 91' lang='lat' dir='ltr'><strong>ubi</strong></span> <span class='ocrx_word' id='word_1_579' title='bbox 3083 3595 3151 3650; x_wconf 89' lang='lat' dir='ltr'><strong>de</strong></span> <span class='ocrx_word' id='word_1_580' title='bbox 3179 3597 3430 3660; x_wconf 84' lang='lat' dir='ltr'><strong>Quadra-</strong></span> 
     </span>
    </p>
   </div>
   <div class='ocr_carea' id='block_1_80' title="bbox 1815 3682 3380 3758">
    <p class='ocr_par' dir='ltr' id='par_1_80' title="bbox 1815 3682 3380 3758">
     <span class='ocr_line' id='line_1_80' title="bbox 1815 3682 3380 3758; baseline 0 -16"><span class='ocrx_word' id='word_1_581' title='bbox 1815 3685 2047 3758; x_wconf 87' lang='lat' dir='ltr'><strong>gesima,</strong></span> <span class='ocrx_word' id='word_1_582' title='bbox 2075 3687 2479 3758; x_wconf 79' lang='lat' dir='ltr'><strong>expendemus.</strong></span> <span class='ocrx_word' id='word_1_583' title='bbox 3376 3682 3380 3687; x_wconf 79' lang='grc'><em>’</em></span> 
     </span>
    </p>
   </div>
   <div class='ocr_carea' id='block_1_81' title="bbox 1883 3758 3433 3850">
    <p class='ocr_par' dir='ltr' id='par_1_81' title="bbox 1883 3758 3433 3850">
     <span class='ocr_line' id='line_1_81' title="bbox 1883 3758 3433 3850; baseline 0.001 -17"><span class='ocrx_word' id='word_1_584' title='bbox 1883 3782 1938 3833; x_wconf 89' lang='grc'><strong>2.</strong></span> <span class='ocrx_word' id='word_1_585' title='bbox 1965 3778 2226 3846; x_wconf 85' lang='lat' dir='ltr'><strong>Licinius,</strong></span> <span class='ocrx_word' id='word_1_586' title='bbox 2242 3758 2456 3834; x_wconf 79' lang='lat' dir='ltr'><strong>saeculo</strong></span> <span class='ocrx_word' id='word_1_587' title='bbox 2471 3794 2523 3832; x_wconf 89' lang='lat' dir='ltr'><strong>v1</strong></span> <span class='ocrx_word' id='word_1_588' title='bbox 2539 3778 2962 3834; x_wconf 86' lang='lat' dir='ltr'><strong>Andecavorum</strong></span> <span class='ocrx_word' id='word_1_589' title='bbox 2978 3777 3228 3846; x_wconf 88' lang='lat' dir='ltr'><strong>antistes,</strong></span> <span class='ocrx_word' id='word_1_590' title='bbox 3251 3797 3278 3830; x_wconf 78' lang='grc' dir='ltr'>α</span> <span class='ocrx_word' id='word_1_591' title='bbox 3295 3794 3433 3850; x_wconf 82' lang='lat' dir='ltr'><strong>quo-</strong></span> 
     </span>
    </p>
   </div>
   <div class='ocr_carea' id='block_1_82' title="bbox 1813 3870 3428 3944">
    <p class='ocr_par' dir='ltr' id='par_1_82' title="bbox 1813 3870 3428 3944">
     <span class='ocr_line' id='line_1_82' title="bbox 1813 3870 3428 3944; baseline 0 -17"><span class='ocrx_word' id='word_1_592' title='bbox 1813 3871 1947 3927; x_wconf 89' lang='lat' dir='ltr'><strong>tidie</strong></span> <span class='ocrx_word' id='word_1_593' title='bbox 1971 3873 2198 3928; x_wconf 90' lang='lat' dir='ltr'><strong>missam</strong></span> <span class='ocrx_word' id='word_1_594' title='bbox 2225 3890 2355 3928; x_wconf 90' lang='lat' dir='ltr'><strong>cum</strong></span> <span class='ocrx_word' id='word_1_595' title='bbox 2395 3871 2612 3944; x_wconf 90' lang='lat' dir='ltr'><strong>ingenti</strong></span> <span class='ocrx_word' id='word_1_596' title='bbox 2638 3870 2820 3926; x_wconf 90' lang='lat' dir='ltr'><strong>cordis</strong></span> <span class='ocrx_word' id='word_1_597' title='bbox 2848 3870 3277 3942; x_wconf 90' lang='lat' dir='ltr'><strong>compunctione</strong></span> <span class='ocrx_word' id='word_1_598' title='bbox 3301 3888 3428 3927; x_wconf 85' lang='lat' dir='ltr'><strong>can-</strong></span> 
     </span>
    </p>
   </div>
   <div class='ocr_carea' id='block_1_83' title="bbox 1813 3963 3430 4039">
    <p class='ocr_par' dir='ltr' id='par_1_83' title="bbox 1813 3963 3430 4039">
     <span class='ocr_line' id='line_1_83' title="bbox 1813 3963 3430 4039; baseline -0.002 -16"><span class='ocrx_word' id='word_1_599' title='bbox 1813 3971 1980 4039; x_wconf 90' lang='lat' dir='ltr'><strong>tasse,</strong></span> <span class='ocrx_word' id='word_1_600' title='bbox 2004 3987 2032 4022; x_wconf 85' lang='lat'><strong>»</strong></span> <span class='ocrx_word' id='word_1_601' title='bbox 2055 3965 2114 4022; x_wconf 90' lang='lat' dir='ltr'><strong>id</strong></span> <span class='ocrx_word' id='word_1_602' title='bbox 2138 3970 2222 4022; x_wconf 90' lang='lat' dir='ltr'><strong>est</strong></span> <span class='ocrx_word' id='word_1_603' title='bbox 2246 3965 2545 4038; x_wconf 88' lang='lat' dir='ltr'><strong>protulisse</strong></span> <span class='ocrx_word' id='word_1_604' title='bbox 2579 3968 2946 4032; x_wconf 88' lang='lat' dir='ltr'><strong>memoratur,</strong></span> <span class='ocrx_word' id='word_1_605' title='bbox 2977 3963 3128 4036; x_wconf 90' lang='lat' dir='ltr'><strong>quod</strong></span> <span class='ocrx_word' id='word_1_606' title='bbox 3153 3963 3222 4019; x_wconf 89' lang='lat' dir='ltr'><strong>de</strong></span> <span class='ocrx_word' id='word_1_607' title='bbox 3245 3964 3430 4020; x_wconf 90' lang='lat' dir='ltr'><strong>Cassio</strong></span> 
     </span>
    </p>
   </div>
   <div class='ocr_carea' id='block_1_84' title="bbox 1814 4057 3432 4131">
    <p class='ocr_par' dir='ltr' id='par_1_84' title="bbox 1814 4057 3432 4131">
     <span class='ocr_line' id='line_1_84' title="bbox 1814 4057 3432 4131; baseline -0.004 -13"><span class='ocrx_word' id='word_1_608' title='bbox 1814 4059 2109 4118; x_wconf 89' lang='lat' dir='ltr'><strong>Narniensi</strong></span> <span class='ocrx_word' id='word_1_609' title='bbox 2139 4059 2397 4131; x_wconf 90' lang='lat' dir='ltr'><strong>episcopo</strong></span> <span class='ocrx_word' id='word_1_610' title='bbox 2422 4057 2727 4129; x_wconf 87' lang='lat' dir='ltr'><strong>Gregorius</strong></span> <span class='ocrx_word' id='word_1_611' title='bbox 2751 4058 2985 4128; x_wconf 85' lang='lat' dir='ltr'><strong>Magnus</strong></span> <span class='ocrx_word' id='word_1_612' title='bbox 3011 4057 3286 4112; x_wconf 86' lang='lat' dir='ltr'><strong>observat.</strong></span> <span class='ocrx_word' id='word_1_613' title='bbox 3317 4058 3432 4113; x_wconf 81' lang='lat' dir='ltr'><strong>Cae-</strong></span> 
     </span>
    </p>
   </div>
   <div class='ocr_carea' id='block_1_85' title="bbox 1813 4148 3429 4223">
    <p class='ocr_par' dir='ltr' id='par_1_85' title="bbox 1813 4148 3429 4223">
     <span class='ocr_line' id='line_1_85' title="bbox 1813 4148 3429 4223; baseline -0.004 -13"><span class='ocrx_word' id='word_1_614' title='bbox 1813 4159 2000 4210; x_wconf 89' lang='lat' dir='ltr'><strong>terum</strong></span> <span class='ocrx_word' id='word_1_615' title='bbox 2026 4169 2140 4209; x_wconf 93' lang='lat' dir='ltr'><strong>non</strong></span> <span class='ocrx_word' id='word_1_616' title='bbox 2164 4151 2242 4208; x_wconf 89' lang='lat' dir='ltr'><strong>ita</strong></span> <span class='ocrx_word' id='word_1_617' title='bbox 2267 4150 2584 4223; x_wconf 83' lang='lat' dir='ltr'><strong>frequentia</strong></span> <span class='ocrx_word' id='word_1_618' title='bbox 2609 4154 2745 4205; x_wconf 91' lang='lat' dir='ltr'><strong>tunc</strong></span> <span class='ocrx_word' id='word_1_619' title='bbox 2774 4154 2934 4205; x_wconf 90' lang='lat' dir='ltr'><strong>erant</strong></span> <span class='ocrx_word' id='word_1_620' title='bbox 2958 4149 3224 4205; x_wconf 88' lang='lat' dir='ltr'><strong>sacriﬁcia</strong></span> <span class='ocrx_word' id='word_1_621' title='bbox 3242 4148 3429 4205; x_wconf 62' lang='lat' dir='ltr'><strong>missus</strong></span> 
     </span>
    </p>
   </div>
   <div class='ocr_carea' id='block_1_86' title="bbox 1813 4242 3432 4319">
    <p class='ocr_par' dir='ltr' id='par_1_86' title="bbox 1813 4242 3432 4319">
     <span class='ocr_line' id='line_1_86' title="bbox 1813 4242 3432 4319; baseline -0.004 -17"><span class='ocrx_word' id='word_1_622' title='bbox 1813 4247 2174 4319; x_wconf 80' lang='lat' dir='ltr'><strong>quotidianae.</strong></span> <span class='ocrx_word' id='word_1_623' title='bbox 2203 4245 2355 4300; x_wconf 84' lang='lat' dir='ltr'><strong>Adeo</strong></span> <span class='ocrx_word' id='word_1_624' title='bbox 2397 4247 2464 4299; x_wconf 90' lang='lat' dir='ltr'><strong>ut</strong></span> <span class='ocrx_word' id='word_1_625' title='bbox 2502 4243 2814 4298; x_wconf 89' lang='lat' dir='ltr'><strong>sacerdotes</strong></span> <span class='ocrx_word' id='word_1_626' title='bbox 2854 4242 3025 4298; x_wconf 89' lang='lat' dir='ltr'><strong>etiam</strong></span> <span class='ocrx_word' id='word_1_627' title='bbox 3049 4259 3082 4296; x_wconf 91' lang='lat' dir='ltr'><strong>a</strong></span> <span class='ocrx_word' id='word_1_628' title='bbox 3105 4242 3432 4314; x_wconf 87' lang='lat' dir='ltr'><strong>presbytero</strong></span> 
     </span>
    </p>
   </div>
   <div class='ocr_carea' id='block_1_87' title="bbox 1813 4335 3433 4407">
    <p class='ocr_par' dir='ltr' id='par_1_87' title="bbox 1813 4335 3433 4407">
     <span class='ocr_line' id='line_1_87' title="bbox 1813 4335 3433 4407; baseline -0.004 -11"><span class='ocrx_word' id='word_1_629' title='bbox 1813 4339 2039 4396; x_wconf 89' lang='lat' dir='ltr'><strong>missam</strong></span> <span class='ocrx_word' id='word_1_630' title='bbox 2067 4339 2387 4396; x_wconf 89' lang='lat' dir='ltr'><strong>celebrante</strong></span> <span class='ocrx_word' id='word_1_631' title='bbox 2413 4335 2715 4407; x_wconf 88' lang='lat' dir='ltr'><strong>aliquando</strong></span> <span class='ocrx_word' id='word_1_632' title='bbox 2739 4335 3197 4391; x_wconf 89' lang='lat' dir='ltr'><strong>communionem</strong></span> <span class='ocrx_word' id='word_1_633' title='bbox 3219 4335 3433 4407; x_wconf 88' lang='lat' dir='ltr'><strong>accipe-</strong></span> 
     </span>
    </p>
   </div>
   <div class='ocr_carea' id='block_1_88' title="bbox 1813 4427 3426 4503">
    <p class='ocr_par' dir='ltr' id='par_1_88' title="bbox 1813 4427 3426 4503">
     <span class='ocr_line' id='line_1_88' title="bbox 1813 4427 3426 4503; baseline -0.004 -14"><span class='ocrx_word' id='word_1_634' title='bbox 1813 4438 1958 4503; x_wconf 91' lang='lat' dir='ltr'><strong>rent,</strong></span> <span class='ocrx_word' id='word_1_635' title='bbox 1986 4437 2050 4488; x_wconf 91' lang='lat' dir='ltr'><strong>ut</strong></span> <span class='ocrx_word' id='word_1_636' title='bbox 2073 4432 2251 4486; x_wconf 87' lang='lat' dir='ltr'><strong>fusius</strong></span> <span class='ocrx_word' id='word_1_637' title='bbox 2279 4429 2655 4486; x_wconf 88' lang='lat' dir='ltr'><strong>demonstravi</strong></span> <span class='ocrx_word' id='word_1_638' title='bbox 2701 4427 2760 4484; x_wconf 91' lang='lat' dir='ltr'><strong>in</strong></span> <span class='ocrx_word' id='word_1_639' title='bbox 2794 4427 3123 4500; x_wconf 77' lang='lat' dir='ltr'><strong>praefatione</strong></span> <span class='ocrx_word' id='word_1_640' title='bbox 3151 4427 3224 4482; x_wconf 89' lang='lat' dir='ltr'><strong>ad</strong></span> <span class='ocrx_word' id='word_1_641' title='bbox 3247 4443 3426 4482; x_wconf 65' lang='lat' dir='ltr'><strong>saecu-</strong></span> 
     </span>
    </p>
   </div>
   <div class='ocr_carea' id='block_1_89' title="bbox 1811 4519 3427 4592">
    <p class='ocr_par' dir='ltr' id='par_1_89' title="bbox 1811 4519 3427 4592">
     <span class='ocr_line' id='line_1_89' title="bbox 1811 4519 3427 4592; baseline -0.007 -9"><span class='ocrx_word' id='word_1_642' title='bbox 1811 4527 1934 4583; x_wconf 90' lang='lat' dir='ltr'><strong>lum</strong></span> <span class='ocrx_word' id='word_1_643' title='bbox 1984 4543 2025 4580; x_wconf 92' lang='lat'><strong>11</strong></span> <span class='ocrx_word' id='word_1_644' title='bbox 2068 4521 2512 4592; x_wconf 89' lang='lat' dir='ltr'><strong>Benedictinum,</strong></span> <span class='ocrx_word' id='word_1_645' title='bbox 2541 4537 2700 4576; x_wconf 91' lang='lat' dir='ltr'><strong>num.</strong></span> <span class='ocrx_word' id='word_1_646' title='bbox 2731 4523 2818 4575; x_wconf 89' lang='lat'><strong>36.</strong></span> <span class='ocrx_word' id='word_1_647' title='bbox 2850 4521 2910 4574; x_wconf 91' lang='lat' dir='ltr'><strong>ln</strong></span> <span class='ocrx_word' id='word_1_648' title='bbox 2960 4519 3304 4591; x_wconf 88' lang='lat' dir='ltr'><strong>praefationis</strong></span> <span class='ocrx_word' id='word_1_649' title='bbox 3339 4535 3427 4573; x_wconf 90' lang='lat' dir='ltr'><strong>se-</strong></span> 
     </span>
    </p>
   </div>
   <div class='ocr_carea' id='block_1_90' title="bbox 95 4610 3428 4721">
    <p class='ocr_par' dir='ltr' id='par_1_90' title="bbox 95 4610 3428 4721">
     <span class='ocr_line' id='line_1_90' title="bbox 95 4610 3428 4721; baseline -0.002 -45"><span class='ocrx_word' id='word_1_650' title='bbox 95 4623 296 4694; x_wconf 87' lang='lat' dir='ltr'><strong>tionem,</strong></span> <span class='ocrx_word' id='word_1_651' title='bbox 329 4628 446 4684; x_wconf 89' lang='lat' dir='ltr'><strong>sive</strong></span> <span class='ocrx_word' id='word_1_652' title='bbox 473 4644 618 4684; x_wconf 88' lang='lat' dir='ltr'><strong>cum</strong></span> <span class='ocrx_word' id='word_1_653' title='bbox 644 4625 1090 4682; x_wconf 88' lang='lat' dir='ltr'><strong>distribueretur</strong></span> <span class='ocrx_word' id='word_1_654' title='bbox 1111 4625 1320 4697; x_wconf 90' lang='lat' dir='ltr'><strong>populo</strong></span> <span class='ocrx_word' id='word_1_655' title='bbox 1345 4625 1496 4696; x_wconf 92' lang='lat' dir='ltr'><strong>quod</strong></span> <span class='ocrx_word' id='word_1_656' title='bbox 1521 4624 1716 4680; x_wconf 87' lang='lat' dir='ltr'><strong>fuisset</strong></span> <span class='ocrx_word' id='word_1_657' title='bbox 1733 4649 1792 4721; x_wconf 86' lang='lat' dir='ltr'><strong>D</strong></span> <span class='ocrx_word' id='word_1_658' title='bbox 1814 4619 2036 4692; x_wconf 76' lang='lat' dir='ltr'><strong>quentia</strong></span> <span class='ocrx_word' id='word_1_659' title='bbox 2061 4633 2220 4672; x_wconf 91' lang='lat' dir='ltr'><strong>num.</strong></span> <span class='ocrx_word' id='word_1_660' title='bbox 2245 4619 2591 4721; x_wconf 46' lang='lat' dir='ltr'><strong>7‘ostensum</strong></span> <span class='ocrx_word' id='word_1_661' title='bbox 2611 4617 2696 4668; x_wconf 84' lang='lat' dir='ltr'><strong>est</strong></span> <span class='ocrx_word' id='word_1_662' title='bbox 2717 4611 2830 4721; x_wconf 72' lang='lat' dir='ltr'><strong>illis</strong></span> <span class='ocrx_word' id='word_1_663' title='bbox 2841 4611 3194 4721; x_wconf 63' lang='lat' dir='ltr'><strong>temporibus</strong></span> <span class='ocrx_word' id='word_1_664' title='bbox 3208 4610 3428 4721; x_wconf 72' lang='lat' dir='ltr'><strong>licuisse</strong></span> 
     </span>
    </p>
   </div>
   <div class='ocr_carea' id='block_1_91' title="bbox 97 4715 1714 4792">
    <p class='ocr_par' dir='ltr' id='par_1_91' title="bbox 97 4715 1714 4792">
     <span class='ocr_line' id='line_1_91' title="bbox 97 4715 1714 4792; baseline 0.003 -23"><span class='ocrx_word' id='word_1_665' title='bbox 97 4715 339 4792; x_wconf 83' lang='lat' dir='ltr'><strong>oblatum,</strong></span> <span class='ocrx_word' id='word_1_666' title='bbox 373 4721 672 4777; x_wconf 85' lang='lat' dir='ltr'><strong>maledica</strong></span> <span class='ocrx_word' id='word_1_667' title='bbox 708 4719 1172 4790; x_wconf 86' lang='lat' dir='ltr'><strong>reprehensione,</strong></span> <span class='ocrx_word' id='word_1_668' title='bbox 1199 4718 1524 4790; x_wconf 89' lang='lat' dir='ltr'><strong>ubicunque</strong></span> <span class='ocrx_word' id='word_1_669' title='bbox 1551 4723 1714 4790; x_wconf 89' lang='lat' dir='ltr'><strong>pote-</strong></span> 
     </span>
    </p>
   </div>
   <div class='ocr_carea' id='block_1_92' title="bbox 95 4812 1718 4886">
    <p class='ocr_par' dir='ltr' id='par_1_92' title="bbox 95 4812 1718 4886">
     <span class='ocr_line' id='line_1_92' title="bbox 95 4812 1718 4886; baseline 0.003 -24"><span class='ocrx_word' id='word_1_670' title='bbox 95 4816 184 4876; x_wconf 85' lang='lat' dir='ltr'><strong>rat,</strong></span> <span class='ocrx_word' id='word_1_671' title='bbox 211 4815 508 4886; x_wconf 86' lang='lat' dir='ltr'><strong>lacerabat,</strong></span> <span class='ocrx_word' id='word_1_672' title='bbox 545 4828 816 4869; x_wconf 80' lang='lat' dir='ltr'><strong>asserens</strong></span> <span class='ocrx_word' id='word_1_673' title='bbox 844 4812 970 4868; x_wconf 87' lang='lat' dir='ltr'><strong>ﬁeri</strong></span> <span class='ocrx_word' id='word_1_674' title='bbox 1006 4829 1122 4867; x_wconf 91' lang='lat' dir='ltr'><strong>non</strong></span> <span class='ocrx_word' id='word_1_675' title='bbox 1147 4815 1426 4884; x_wconf 88' lang='lat' dir='ltr'><strong>oportere.</strong></span> <span class='ocrx_word' id='word_1_676' title='bbox 1455 4831 1484 4863; x_wconf 93' lang='lat'>»</span> <span class='ocrx_word' id='word_1_677' title='bbox 1513 4813 1718 4867; x_wconf 87' lang='lat' dir='ltr'><strong>Contra</strong></span> 
     </span>
    </p>
   </div>
   <div class='ocr_carea' id='block_1_93' title="bbox 96 4901 1718 4981">
    <p class='ocr_par' dir='ltr' id='par_1_93' title="bbox 96 4901 1718 4981">
     <span class='ocr_line' id='line_1_93' title="bbox 96 4901 1718 4981; baseline 0.002 -25"><span class='ocrx_word' id='word_1_678' title='bbox 96 4901 224 4960; x_wconf 88' lang='lat' dir='ltr'><strong>hunc</strong></span> <span class='ocrx_word' id='word_1_679' title='bbox 262 4907 626 4981; x_wconf 83' lang='lat' dir='ltr'><strong>Augustinus</strong></span> <span class='ocrx_word' id='word_1_680' title='bbox 672 4905 890 4960; x_wconf 89' lang='lat' dir='ltr'><strong>librum</strong></span> <span class='ocrx_word' id='word_1_681' title='bbox 929 4904 1168 4977; x_wconf 89' lang='lat' dir='ltr'><strong>scripsit,</strong></span> <span class='ocrx_word' id='word_1_682' title='bbox 1208 4905 1308 4976; x_wconf 91' lang='lat' dir='ltr'><strong>qui</strong></span> <span class='ocrx_word' id='word_1_683' title='bbox 1342 4905 1414 4959; x_wconf 88' lang='lat' dir='ltr'><strong>ad</strong></span> <span class='ocrx_word' id='word_1_684' title='bbox 1458 4921 1561 4960; x_wconf 87' lang='lat' dir='ltr'><strong>nos</strong></span> <span class='ocrx_word' id='word_1_685' title='bbox 1602 4921 1718 4960; x_wconf 91' lang='lat' dir='ltr'><strong>non</strong></span> 
     </span>
    </p>
   </div>
   <div class='ocr_carea' id='block_1_94' title="bbox 98 4997 1714 5071">
    <p class='ocr_par' dir='ltr' id='par_1_94' title="bbox 98 4997 1714 5071">
     <span class='ocr_line' id='line_1_94' title="bbox 98 4997 1714 5071; baseline 0.002 -21"><span class='ocrx_word' id='word_1_686' title='bbox 98 5001 340 5065; x_wconf 85' lang='lat' dir='ltr'><strong>pervenit.</strong></span> <span class='ocrx_word' id='word_1_687' title='bbox 372 5001 582 5057; x_wconf 89' lang='lat' dir='ltr'><strong>Simile</strong></span> <span class='ocrx_word' id='word_1_688' title='bbox 627 4998 773 5071; x_wconf 88' lang='lat' dir='ltr'><strong>quid</strong></span> <span class='ocrx_word' id='word_1_689' title='bbox 815 4997 984 5054; x_wconf 85' lang='lat' dir='ltr'><strong>ﬁebat</strong></span> <span class='ocrx_word' id='word_1_690' title='bbox 1027 4997 1088 5052; x_wconf 93' lang='lat' dir='ltr'><strong>in</strong></span> <span class='ocrx_word' id='word_1_691' title='bbox 1124 4997 1317 5067; x_wconf 90' lang='lat' dir='ltr'><strong>Gallia,</strong></span> <span class='ocrx_word' id='word_1_692' title='bbox 1346 5014 1481 5053; x_wconf 89' lang='lat' dir='ltr'><strong>nam</strong></span> <span class='ocrx_word' id='word_1_693' title='bbox 1513 5017 1539 5050; x_wconf 76' lang='grc' dir='ltr'><strong>ι(</strong></span> <span class='ocrx_word' id='word_1_694' title='bbox 1567 4999 1714 5070; x_wconf 91' lang='lat' dir='ltr'><strong>psal-</strong></span> 
     </span>
    </p>
   </div>
   <div class='ocr_carea' id='block_1_95' title="bbox 98 5087 1718 5166">
    <p class='ocr_par' dir='ltr' id='par_1_95' title="bbox 98 5087 1718 5166">
     <span class='ocr_line' id='line_1_95' title="bbox 98 5087 1718 5166; baseline 0.002 -25"><span class='ocrx_word' id='word_1_695' title='bbox 98 5087 239 5148; x_wconf 86' lang='lat' dir='ltr'><strong>lendo</strong></span> <span class='ocrx_word' id='word_1_696' title='bbox 280 5111 479 5150; x_wconf 86' lang='lat' dir='ltr'><strong>omnes</strong></span> <span class='ocrx_word' id='word_1_697' title='bbox 525 5091 964 5149; x_wconf 88' lang='lat' dir='ltr'><strong>communicare</strong></span> <span class='ocrx_word' id='word_1_698' title='bbox 1004 5112 1032 5142; x_wconf 87' lang='grc'><strong>››</strong></span> <span class='ocrx_word' id='word_1_699' title='bbox 1078 5091 1336 5164; x_wconf 84' lang='lat' dir='ltr'><strong>praecipit</strong></span> <span class='ocrx_word' id='word_1_700' title='bbox 1386 5091 1718 5166; x_wconf 72' lang='lat' dir='ltr'><strong>Aurelianus</strong></span> 
     </span>
    </p>
   </div>
   <div class='ocr_carea' id='block_1_96' title="bbox 97 5183 692 5260">
    <p class='ocr_par' dir='ltr' id='par_1_96' title="bbox 97 5183 692 5260">
     <span class='ocr_line' id='line_1_96' title="bbox 97 5183 692 5260; baseline 0.007 -23"><span class='ocrx_word' id='word_1_701' title='bbox 97 5183 145 5237; x_wconf 86' lang='lat' dir='ltr'><strong>in</strong></span> <span class='ocrx_word' id='word_1_702' title='bbox 165 5185 264 5242; x_wconf 82' lang='lat' dir='ltr'><strong>ﬁne</strong></span> <span class='ocrx_word' id='word_1_703' title='bbox 287 5189 508 5260; x_wconf 67' lang='lat' dir='ltr'><strong>regulae</strong></span> <span class='ocrx_word' id='word_1_704' title='bbox 536 5202 692 5242; x_wconf 68' lang='lat' dir='ltr'><strong>sure.</strong></span> 
     </span>
    </p>
   </div>
   <div class='ocr_carea' id='block_1_97' title="bbox 152 5277 1717 5349">
    <p class='ocr_par' dir='ltr' id='par_1_97' title="bbox 152 5277 1717 5349">
     <span class='ocr_line' id='line_1_97' title="bbox 152 5277 1717 5349; baseline 0.001 -17"><span class='ocrx_word' id='word_1_705' title='bbox 152 5281 231 5334; x_wconf 81' lang='lat'><strong>28.</strong></span> <span class='ocrx_word' id='word_1_706' title='bbox 261 5281 384 5337; x_wconf 64' lang='lat' dir='ltr'><strong>Baro</strong></span> <span class='ocrx_word' id='word_1_707' title='bbox 415 5282 543 5337; x_wconf 89' lang='lat' dir='ltr'><strong>fere</strong></span> <span class='ocrx_word' id='word_1_708' title='bbox 581 5282 728 5334; x_wconf 89' lang='lat' dir='ltr'><strong>sunt</strong></span> <span class='ocrx_word' id='word_1_709' title='bbox 771 5293 899 5349; x_wconf 66' lang='lat' dir='ltr'><strong>qum</strong></span> <span class='ocrx_word' id='word_1_710' title='bbox 937 5278 1007 5334; x_wconf 88' lang='lat' dir='ltr'><strong>de</strong></span> <span class='ocrx_word' id='word_1_711' title='bbox 1043 5278 1215 5333; x_wconf 91' lang='lat' dir='ltr'><strong>missa</strong></span> <span class='ocrx_word' id='word_1_712' title='bbox 1255 5277 1532 5334; x_wconf 89' lang='lat' dir='ltr'><strong>Gallicana</strong></span> <span class='ocrx_word' id='word_1_713' title='bbox 1567 5277 1717 5349; x_wconf 87' lang='lat' dir='ltr'><strong>apud</strong></span> 
     </span>
    </p>
   </div>
   <div class='ocr_carea' id='block_1_98' title="bbox 99 5369 1717 5446">
    <p class='ocr_par' dir='ltr' id='par_1_98' title="bbox 99 5369 1717 5446">
     <span class='ocr_line' id='line_1_98' title="bbox 99 5369 1717 5446; baseline -0.001 -19"><span class='ocrx_word' id='word_1_714' title='bbox 99 5369 400 5444; x_wconf 85' lang='lat' dir='ltr'><strong>Gregorium</strong></span> <span class='ocrx_word' id='word_1_715' title='bbox 447 5375 722 5446; x_wconf 89' lang='lat' dir='ltr'><strong>aliosque</strong></span> <span class='ocrx_word' id='word_1_716' title='bbox 759 5372 1017 5443; x_wconf 88' lang='lat' dir='ltr'><strong>ejusdem</strong></span> <span class='ocrx_word' id='word_1_717' title='bbox 1055 5372 1160 5426; x_wconf 66' lang='lat' dir='ltr'><strong>aevi</strong></span> <span class='ocrx_word' id='word_1_718' title='bbox 1193 5376 1448 5427; x_wconf 90' lang='lat' dir='ltr'><strong>auctores</strong></span> <span class='ocrx_word' id='word_1_719' title='bbox 1471 5371 1717 5442; x_wconf 89' lang='lat' dir='ltr'><strong>reperire</strong></span> 
     </span>
    </p>
   </div>
   <div class='ocr_carea' id='block_1_99' title="bbox 98 5464 1719 5541">
    <p class='ocr_par' dir='ltr' id='par_1_99' title="bbox 98 5464 1719 5541">
     <span class='ocr_line' id='line_1_99' title="bbox 98 5464 1719 5541; baseline 0 -21"><span class='ocrx_word' id='word_1_720' title='bbox 98 5466 373 5538; x_wconf 83' lang='lat' dir='ltr'><strong>potuimus,</strong></span> <span class='ocrx_word' id='word_1_721' title='bbox 401 5472 631 5541; x_wconf 73' lang='lat' dir='ltr'><strong>praeter</strong></span> <span class='ocrx_word' id='word_1_722' title='bbox 663 5465 781 5520; x_wconf 85' lang='lat' dir='ltr'><strong>alia</strong></span> <span class='ocrx_word' id='word_1_723' title='bbox 815 5465 1100 5536; x_wconf 64' lang='lat' dir='ltr'><strong>quaedam,</strong></span> <span class='ocrx_word' id='word_1_724' title='bbox 1127 5465 1196 5521; x_wconf 88' lang='lat' dir='ltr'><strong>de</strong></span> <span class='ocrx_word' id='word_1_725' title='bbox 1220 5464 1424 5536; x_wconf 88' lang='lat' dir='ltr'><strong>quibus</strong></span> <span class='ocrx_word' id='word_1_726' title='bbox 1454 5469 1719 5536; x_wconf 90' lang='lat' dir='ltr'><strong>opportu-</strong></span> 
     </span>
    </p>
   </div>
   <div class='ocr_carea' id='block_1_100' title="bbox 100 5557 1719 5617">
    <p class='ocr_par' dir='ltr' id='par_1_100' title="bbox 100 5557 1719 5617">
     <span class='ocr_line' id='line_1_100' title="bbox 100 5557 1719 5617; baseline 0.002 -8"><span class='ocrx_word' id='word_1_727' title='bbox 100 5557 205 5612; x_wconf 92' lang='lat' dir='ltr'><strong>nior</strong></span> <span class='ocrx_word' id='word_1_728' title='bbox 229 5561 331 5616; x_wconf 90' lang='lat' dir='ltr'><strong>erit</strong></span> <span class='ocrx_word' id='word_1_729' title='bbox 353 5561 607 5617; x_wconf 87' lang='lat' dir='ltr'><strong>inferius</strong></span> <span class='ocrx_word' id='word_1_730' title='bbox 638 5558 873 5614; x_wconf 90' lang='lat' dir='ltr'><strong>dicendi</strong></span> <span class='ocrx_word' id='word_1_731' title='bbox 902 5557 1078 5613; x_wconf 90' lang='lat' dir='ltr'><strong>locus.</strong></span> <span class='ocrx_word' id='word_1_732' title='bbox 1126 5559 1189 5612; x_wconf 92' lang='lat' dir='ltr'><strong>ln</strong></span> <span class='ocrx_word' id='word_1_733' title='bbox 1234 5557 1322 5612; x_wconf 88' lang='lat' dir='ltr'><strong>his</strong></span> <span class='ocrx_word' id='word_1_734' title='bbox 1357 5557 1620 5612; x_wconf 89' lang='lat' dir='ltr'><strong>omnibus</strong></span> <span class='ocrx_word' id='word_1_735' title='bbox 1661 5557 1719 5612; x_wconf 92' lang='lat' dir='ltr'><strong>id</strong></span> 
     </span>
    </p>
   </div>
   <div class='ocr_carea' id='block_1_101' title="bbox 99 5649 1716 5722">
    <p class='ocr_par' dir='ltr' id='par_1_101' title="bbox 99 5649 1716 5722">
     <span class='ocr_line' id='line_1_101' title="bbox 99 5649 1716 5722; baseline -0.002 -14"><span class='ocrx_word' id='word_1_736' title='bbox 99 5651 314 5710; x_wconf 72' lang='lat' dir='ltr'><strong>maxime</strong></span> <span class='ocrx_word' id='word_1_737' title='bbox 335 5657 627 5712; x_wconf 88' lang='lat' dir='ltr'><strong>curarunt</strong></span> <span class='ocrx_word' id='word_1_738' title='bbox 656 5650 932 5708; x_wconf 87' lang='lat' dir='ltr'><strong>Gallicani</strong></span> <span class='ocrx_word' id='word_1_739' title='bbox 956 5651 1168 5722; x_wconf 85' lang='lat' dir='ltr'><strong>Patres,</strong></span> <span class='ocrx_word' id='word_1_740' title='bbox 1193 5649 1490 5706; x_wconf 90' lang='lat' dir='ltr'><strong>uniformis</strong></span> <span class='ocrx_word' id='word_1_741' title='bbox 1508 5655 1572 5705; x_wconf 92' lang='lat' dir='ltr'><strong>ut</strong></span> <span class='ocrx_word' id='word_1_742' title='bbox 1589 5649 1716 5705; x_wconf 91' lang='lat' dir='ltr'><strong>ubi-</strong></span> 
     </span>
    </p>
   </div>
   <div class='ocr_carea' id='block_1_102' title="bbox 101 5742 1721 5816">
    <p class='ocr_par' dir='ltr' id='par_1_102' title="bbox 101 5742 1721 5816">
     <span class='ocr_line' id='line_1_102' title="bbox 101 5742 1721 5816; baseline 0 -18"><span class='ocrx_word' id='word_1_743' title='bbox 101 5759 192 5813; x_wconf 84' lang='lat' dir='ltr'><strong>que</strong></span> <span class='ocrx_word' id='word_1_744' title='bbox 213 5748 346 5805; x_wconf 86' lang='lat' dir='ltr'><strong>ritus</strong></span> <span class='ocrx_word' id='word_1_745' title='bbox 373 5749 744 5812; x_wconf 85' lang='lat' dir='ltr'><strong>servaretur,</strong></span> <span class='ocrx_word' id='word_1_746' title='bbox 761 5743 916 5816; x_wconf 90' lang='lat' dir='ltr'><strong>quod</strong></span> <span class='ocrx_word' id='word_1_747' title='bbox 934 5742 1086 5798; x_wconf 87' lang='lat' dir='ltr'><strong>varia</strong></span> <span class='ocrx_word' id='word_1_748' title='bbox 1109 5743 1472 5799; x_wconf 89' lang='lat' dir='ltr'><strong>conciliorum</strong></span> <span class='ocrx_word' id='word_1_749' title='bbox 1499 5743 1721 5799; x_wconf 88' lang='lat' dir='ltr'><strong>decreta</strong></span> 
     </span>
    </p>
   </div>
   <div class='ocr_carea' id='block_1_103' title="bbox 103 5833 1718 5910">
    <p class='ocr_par' dir='ltr' id='par_1_103' title="bbox 103 5833 1718 5910">
     <span class='ocr_line' id='line_1_103' title="bbox 103 5833 1718 5910; baseline -0.001 -16"><span class='ocrx_word' id='word_1_750' title='bbox 103 5833 294 5910; x_wconf 86' lang='lat' dir='ltr'><strong>docent,</strong></span> <span class='ocrx_word' id='word_1_751' title='bbox 323 5841 383 5899; x_wconf 91' lang='lat' dir='ltr'><strong>in</strong></span> <span class='ocrx_word' id='word_1_752' title='bbox 427 5842 522 5899; x_wconf 85' lang='lat' dir='ltr'><strong>his</strong></span> <span class='ocrx_word' id='word_1_753' title='bbox 565 5836 807 5897; x_wconf 87' lang='lat' dir='ltr'><strong>concilii</strong></span> <span class='ocrx_word' id='word_1_754' title='bbox 830 5835 1080 5895; x_wconf 82' lang='lat' dir='ltr'><strong>Venetici</strong></span> <span class='ocrx_word' id='word_1_755' title='bbox 1125 5853 1304 5894; x_wconf 87' lang='lat' dir='ltr'><strong>canon</strong></span> <span class='ocrx_word' id='word_1_756' title='bbox 1349 5841 1434 5908; x_wconf 79' lang='lat' dir='ltr'><strong>l5,</strong></span> <span class='ocrx_word' id='word_1_757' title='bbox 1471 5840 1528 5894; x_wconf 87' lang='lat' dir='ltr'><strong>et</strong></span> <span class='ocrx_word' id='word_1_758' title='bbox 1566 5837 1718 5908; x_wconf 83' lang='lat' dir='ltr'><strong>Aga-</strong></span> 
     </span>
    </p>
   </div>
   <div class='ocr_carea' id='block_1_104' title="bbox 105 5929 628 5994">
    <p class='ocr_par' dir='ltr' id='par_1_104' title="bbox 105 5929 628 5994">
     <span class='ocr_line' id='line_1_104' title="bbox 105 5929 628 5994; baseline -0.002 -1"><span class='ocrx_word' id='word_1_759' title='bbox 105 5929 289 5992; x_wconf 65' lang='lat' dir='ltr'><strong>lhensis</strong></span> <span class='ocrx_word' id='word_1_760' title='bbox 317 5953 500 5994; x_wconf 89' lang='lat' dir='ltr'><strong>canon</strong></span> <span class='ocrx_word' id='word_1_761' title='bbox 527 5937 628 5994; x_wconf 87' lang='lat'><strong>30.</strong></span> 
     </span>
    </p>
   </div>
   <div class='ocr_carea' id='block_1_105' title="bbox 1813 4704 3429 4787">
    <p class='ocr_par' dir='ltr' id='par_1_105' title="bbox 1813 4704 3429 4787">
     <span class='ocr_line' id='line_1_105' title="bbox 1813 4704 3429 4787; baseline -0.006 -18"><span class='ocrx_word' id='word_1_762' title='bbox 1813 4714 2002 4787; x_wconf 78' lang='lat' dir='ltr'><strong>plures</strong></span> <span class='ocrx_word' id='word_1_763' title='bbox 2026 4712 2086 4766; x_wconf 90' lang='lat' dir='ltr'><strong>in</strong></span> <span class='ocrx_word' id='word_1_764' title='bbox 2112 4727 2225 4766; x_wconf 90' lang='lat' dir='ltr'><strong>uno</strong></span> <span class='ocrx_word' id='word_1_765' title='bbox 2252 4707 2414 4764; x_wconf 80' lang='lat' dir='ltr'><strong>altari</strong></span> <span class='ocrx_word' id='word_1_766' title='bbox 2437 4707 2638 4762; x_wconf 87' lang='lat' dir='ltr'><strong>missas</strong></span> <span class='ocrx_word' id='word_1_767' title='bbox 2657 4721 2773 4760; x_wconf 92' lang='lat' dir='ltr'><strong>uno</strong></span> <span class='ocrx_word' id='word_1_768' title='bbox 2801 4704 2890 4760; x_wconf 90' lang='lat' dir='ltr'><strong>die</strong></span> <span class='ocrx_word' id='word_1_769' title='bbox 2915 4704 3218 4775; x_wconf 89' lang='lat' dir='ltr'><strong>celebrare,</strong></span> <span class='ocrx_word' id='word_1_770' title='bbox 3233 4710 3429 4761; x_wconf 84' lang='lat' dir='ltr'><strong>contra</strong></span> 
     </span>
    </p>
   </div>
   <div class='ocr_carea' id='block_1_106' title="bbox 1814 4798 3430 4880">
    <p class='ocr_par' dir='ltr' id='par_1_106' title="bbox 1814 4798 3430 4880">
     <span class='ocr_line' id='line_1_106' title="bbox 1814 4798 3430 4880; baseline -0.005 -18"><span class='ocrx_word' id='word_1_771' title='bbox 1814 4823 1986 4880; x_wconf 88' lang='lat' dir='ltr'><strong>quam</strong></span> <span class='ocrx_word' id='word_1_772' title='bbox 2010 4803 2172 4860; x_wconf 89' lang='lat' dir='ltr'><strong>multi</strong></span> <span class='ocrx_word' id='word_1_773' title='bbox 2191 4803 2514 4876; x_wconf 88' lang='lat' dir='ltr'><strong>opinantur.</strong></span> <span class='ocrx_word' id='word_1_774' title='bbox 2529 4801 2666 4864; x_wconf 83' lang='lat' dir='ltr'><strong>Quae</strong></span> <span class='ocrx_word' id='word_1_775' title='bbox 2692 4798 2843 4854; x_wconf 90' lang='lat' dir='ltr'><strong>enim</strong></span> <span class='ocrx_word' id='word_1_776' title='bbox 2865 4799 2968 4854; x_wconf 88' lang='lat' dir='ltr'><strong>hac</strong></span> <span class='ocrx_word' id='word_1_777' title='bbox 2982 4798 3050 4854; x_wconf 92' lang='lat' dir='ltr'><strong>de</strong></span> <span class='ocrx_word' id='word_1_778' title='bbox 3075 4815 3136 4854; x_wconf 89' lang='lat' dir='ltr'><strong>re</strong></span> <span class='ocrx_word' id='word_1_779' title='bbox 3161 4799 3430 4870; x_wconf 90' lang='lat' dir='ltr'><strong>leguntur</strong></span> 
     </span>
    </p>
   </div>
   <div class='ocr_carea' id='block_1_107' title="bbox 1813 4891 3429 4968">
    <p class='ocr_par' dir='ltr' id='par_1_107' title="bbox 1813 4891 3429 4968">
     <span class='ocr_line' id='line_1_107' title="bbox 1813 4891 3429 4968; baseline -0.006 -13"><span class='ocrx_word' id='word_1_780' title='bbox 1813 4899 2128 4968; x_wconf 84' lang='lat' dir='ltr'><strong>interdicta,</strong></span> <span class='ocrx_word' id='word_1_781' title='bbox 2156 4897 2226 4952; x_wconf 90' lang='lat' dir='ltr'><strong>de</strong></span> <span class='ocrx_word' id='word_1_782' title='bbox 2261 4913 2377 4951; x_wconf 90' lang='lat' dir='ltr'><strong>uno</strong></span> <span class='ocrx_word' id='word_1_783' title='bbox 2420 4893 2731 4966; x_wconf 89' lang='lat' dir='ltr'><strong>eodemque</strong></span> <span class='ocrx_word' id='word_1_784' title='bbox 2766 4892 3070 4962; x_wconf 89' lang='lat' dir='ltr'><strong>sacerdote,</strong></span> <span class='ocrx_word' id='word_1_785' title='bbox 3102 4908 3217 4947; x_wconf 90' lang='lat' dir='ltr'><strong>non</strong></span> <span class='ocrx_word' id='word_1_786' title='bbox 3247 4892 3315 4946; x_wconf 90' lang='lat' dir='ltr'><strong>de</strong></span> <span class='ocrx_word' id='word_1_787' title='bbox 3343 4891 3429 4946; x_wconf 80' lang='lat' dir='ltr'><strong>di-</strong></span> 
     </span>
    </p>
   </div>
   <div class='ocr_carea' id='block_1_108' title="bbox 1815 4983 3428 5062">
    <p class='ocr_par' dir='ltr' id='par_1_108' title="bbox 1815 4983 3428 5062">
     <span class='ocr_line' id='line_1_108' title="bbox 1815 4983 3428 5062; baseline -0.006 -14"><span class='ocrx_word' id='word_1_788' title='bbox 1815 4992 1986 5048; x_wconf 87' lang='lat' dir='ltr'><strong>versis</strong></span> <span class='ocrx_word' id='word_1_789' title='bbox 2009 4989 2336 5062; x_wconf 85' lang='lat' dir='ltr'><strong>explicanda</strong></span> <span class='ocrx_word' id='word_1_790' title='bbox 2368 4993 2518 5043; x_wconf 90' lang='lat' dir='ltr'><strong>sunt.</strong></span> <span class='ocrx_word' id='word_1_791' title='bbox 2550 4987 2607 5042; x_wconf 91' lang='lat' dir='ltr'><strong>ld</strong></span> <span class='ocrx_word' id='word_1_792' title='bbox 2633 4985 2948 5058; x_wconf 89' lang='lat' dir='ltr'><strong>colligimus</strong></span> <span class='ocrx_word' id='word_1_793' title='bbox 2977 5001 3046 5040; x_wconf 86' lang='lat' dir='ltr'><strong>ex</strong></span> <span class='ocrx_word' id='word_1_794' title='bbox 3072 4983 3291 5039; x_wconf 91' lang='lat' dir='ltr'><strong>concilii</strong></span> <span class='ocrx_word' id='word_1_795' title='bbox 3319 4986 3428 5039; x_wconf 83' lang='lat' dir='ltr'><strong>An-</strong></span> 
     </span>
    </p>
   </div>
   <div class='ocr_carea' id='block_1_109' title="bbox 1813 5077 3429 5150">
    <p class='ocr_par' dir='ltr' id='par_1_109' title="bbox 1813 5077 3429 5150">
     <span class='ocr_line' id='line_1_109' title="bbox 1813 5077 3429 5150; baseline -0.006 -8"><span class='ocrx_word' id='word_1_796' title='bbox 1813 5083 2222 5142; x_wconf 89' lang='lat' dir='ltr'><strong>tissiodorensis</strong></span> <span class='ocrx_word' id='word_1_797' title='bbox 2261 5097 2471 5138; x_wconf 89' lang='lat' dir='ltr'><strong>canone</strong></span> <span class='ocrx_word' id='word_1_798' title='bbox 2505 5082 2570 5136; x_wconf 87' lang='grc'><strong>10</strong></span> <span class='ocrx_word' id='word_1_799' title='bbox 2603 5097 2618 5135; x_wconf 89' lang='lat'><strong>:</strong></span> <span class='ocrx_word' id='word_1_800' title='bbox 2653 5082 2774 5138; x_wconf 84' lang='lat' dir='ltr'><strong>Non</strong></span> <span class='ocrx_word' id='word_1_801' title='bbox 2809 5081 2928 5134; x_wconf 88' lang='lat' dir='ltr'><strong>licet</strong></span> <span class='ocrx_word' id='word_1_802' title='bbox 2951 5094 3109 5150; x_wconf 79' lang='lat' dir='ltr'><strong>super</strong></span> <span class='ocrx_word' id='word_1_803' title='bbox 3130 5093 3236 5132; x_wconf 86' lang='lat' dir='ltr'><strong>uno</strong></span> <span class='ocrx_word' id='word_1_804' title='bbox 3261 5077 3429 5134; x_wconf 80' lang='lat' dir='ltr'><strong>altari</strong></span> 
     </span>
    </p>
   </div>
   <div class='ocr_carea' id='block_1_110' title="bbox 1815 5172 3428 5242">
    <p class='ocr_par' dir='ltr' id='par_1_110' title="bbox 1815 5172 3428 5242">
     <span class='ocr_line' id='line_1_110' title="bbox 1815 5172 3428 5242; baseline -0.006 -5"><span class='ocrx_word' id='word_1_805' title='bbox 1815 5185 1873 5236; x_wconf 86' lang='lat' dir='ltr'><strong>in</strong></span> <span class='ocrx_word' id='word_1_806' title='bbox 1897 5196 2008 5236; x_wconf 82' lang='lat' dir='ltr'><strong>una</strong></span> <span class='ocrx_word' id='word_1_807' title='bbox 2033 5179 2120 5234; x_wconf 88' lang='lat' dir='ltr'><strong>die</strong></span> <span class='ocrx_word' id='word_1_808' title='bbox 2142 5178 2280 5232; x_wconf 86' lang='lat' dir='ltr'><strong>duas</strong></span> <span class='ocrx_word' id='word_1_809' title='bbox 2306 5177 2494 5230; x_wconf 86' lang='lat' dir='ltr'><strong>missas</strong></span> <span class='ocrx_word' id='word_1_810' title='bbox 2515 5174 2716 5240; x_wconf 80' lang='lat' dir='ltr'><strong>dicere;</strong></span> <span class='ocrx_word' id='word_1_811' title='bbox 2742 5187 2835 5226; x_wconf 80' lang='lat' dir='ltr'><strong>nec</strong></span> <span class='ocrx_word' id='word_1_812' title='bbox 2869 5174 2927 5226; x_wconf 82' lang='lat' dir='ltr'><strong>in</strong></span> <span class='ocrx_word' id='word_1_813' title='bbox 2951 5173 3170 5235; x_wconf 87' lang='lat' dir='ltr'><strong>altario,</strong></span> <span class='ocrx_word' id='word_1_814' title='bbox 3200 5172 3294 5227; x_wconf 84' lang='lat' dir='ltr'><strong>ubi</strong></span> <span class='ocrx_word' id='word_1_815' title='bbox 3320 5173 3428 5242; x_wconf 84' lang='lat' dir='ltr'><strong>epi-</strong></span> 
     </span>
    </p>
   </div>
   <div class='ocr_carea' id='block_1_111' title="bbox 1813 5265 3431 5345">
    <p class='ocr_par' dir='ltr' id='par_1_111' title="bbox 1813 5265 3431 5345">
     <span class='ocr_line' id='line_1_111' title="bbox 1813 5265 3431 5345; baseline -0.006 -16"><span class='ocrx_word' id='word_1_816' title='bbox 1813 5288 2000 5345; x_wconf 84' lang='lat' dir='ltr'><strong>scopus</strong></span> <span class='ocrx_word' id='word_1_817' title='bbox 2034 5273 2220 5326; x_wconf 85' lang='lat' dir='ltr'><strong>missas</strong></span> <span class='ocrx_word' id='word_1_818' title='bbox 2253 5269 2473 5330; x_wconf 69' lang='lat' dir='ltr'><strong>dixerit,</strong></span> <span class='ocrx_word' id='word_1_819' title='bbox 2499 5270 2560 5321; x_wconf 88' lang='lat' dir='ltr'><strong>ut</strong></span> <span class='ocrx_word' id='word_1_820' title='bbox 2589 5266 2866 5337; x_wconf 82' lang='lat' dir='ltr'><strong>presbyter</strong></span> <span class='ocrx_word' id='word_1_821' title='bbox 2903 5267 2961 5319; x_wconf 79' lang='lat' dir='ltr'><strong>in</strong></span> <span class='ocrx_word' id='word_1_822' title='bbox 2999 5265 3101 5320; x_wconf 85' lang='lat' dir='ltr'><strong>illa</strong></span> <span class='ocrx_word' id='word_1_823' title='bbox 3127 5265 3214 5320; x_wconf 89' lang='lat' dir='ltr'><strong>die</strong></span> <span class='ocrx_word' id='word_1_824' title='bbox 3242 5267 3431 5320; x_wconf 87' lang='lat' dir='ltr'><strong>missas</strong></span> 
     </span>
    </p>
   </div>
   <div class='ocr_carea' id='block_1_112' title="bbox 1815 5357 3428 5430">
    <p class='ocr_par' dir='ltr' id='par_1_112' title="bbox 1815 5357 3428 5430">
     <span class='ocr_line' id='line_1_112' title="bbox 1815 5357 3428 5430; baseline -0.006 -8"><span class='ocrx_word' id='word_1_825' title='bbox 1815 5369 1982 5422; x_wconf 85' lang='lat' dir='ltr'><strong>dicat.</strong></span> <span class='ocrx_word' id='word_1_826' title='bbox 2012 5363 2222 5429; x_wconf 89' lang='lat' dir='ltr'><strong>Quibus</strong></span> <span class='ocrx_word' id='word_1_827' title='bbox 2261 5359 2444 5415; x_wconf 89' lang='lat' dir='ltr'><strong>verbis</strong></span> <span class='ocrx_word' id='word_1_828' title='bbox 2477 5357 2850 5430; x_wconf 76' lang='lat' dir='ltr'><strong>praerogativa</strong></span> <span class='ocrx_word' id='word_1_829' title='bbox 2876 5358 3138 5429; x_wconf 81' lang='lat' dir='ltr'><strong>quaedam</strong></span> <span class='ocrx_word' id='word_1_830' title='bbox 3171 5358 3428 5430; x_wconf 88' lang='lat' dir='ltr'><strong>episcopo</strong></span> 
     </span>
    </p>
   </div>
   <div class='ocr_carea' id='block_1_113' title="bbox 1815 5450 3429 5532">
    <p class='ocr_par' dir='ltr' id='par_1_113' title="bbox 1815 5450 3429 5532">
     <span class='ocr_line' id='line_1_113' title="bbox 1815 5450 3429 5532; baseline -0.007 -16"><span class='ocrx_word' id='word_1_831' title='bbox 1815 5476 1933 5532; x_wconf 66' lang='lat' dir='ltr'><strong>prae</strong></span> <span class='ocrx_word' id='word_1_832' title='bbox 1977 5455 2192 5513; x_wconf 85' lang='lat' dir='ltr'><strong>caeteris</strong></span> <span class='ocrx_word' id='word_1_833' title='bbox 2223 5451 2580 5526; x_wconf 70' lang='lat' dir='ltr'><strong>prmsbyteris</strong></span> <span class='ocrx_word' id='word_1_834' title='bbox 2608 5450 2898 5520; x_wconf 89' lang='lat' dir='ltr'><strong>tribuitur,</strong></span> <span class='ocrx_word' id='word_1_835' title='bbox 2923 5455 2989 5505; x_wconf 93' lang='lat' dir='ltr'><strong>ut</strong></span> <span class='ocrx_word' id='word_1_836' title='bbox 3012 5450 3219 5506; x_wconf 90' lang='lat' dir='ltr'><strong>scilicet</strong></span> <span class='ocrx_word' id='word_1_837' title='bbox 3241 5450 3301 5506; x_wconf 94' lang='lat' dir='ltr'><strong>in</strong></span> <span class='ocrx_word' id='word_1_838' title='bbox 3333 5450 3429 5505; x_wconf 92' lang='lat' dir='ltr'><strong>illo</strong></span> 
     </span>
    </p>
   </div>
   <div class='ocr_carea' id='block_1_114' title="bbox 1815 5542 3426 5620">
    <p class='ocr_par' dir='ltr' id='par_1_114' title="bbox 1815 5542 3426 5620">
     <span class='ocr_line' id='line_1_114' title="bbox 1815 5542 3426 5620; baseline -0.007 -12"><span class='ocrx_word' id='word_1_839' title='bbox 1815 5551 1994 5619; x_wconf 85' lang='lat' dir='ltr'><strong>altari,</strong></span> <span class='ocrx_word' id='word_1_840' title='bbox 2026 5550 2085 5604; x_wconf 92' lang='lat' dir='ltr'><strong>in</strong></span> <span class='ocrx_word' id='word_1_841' title='bbox 2112 5564 2224 5620; x_wconf 90' lang='lat' dir='ltr'><strong>quo</strong></span> <span class='ocrx_word' id='word_1_842' title='bbox 2273 5545 2501 5601; x_wconf 89' lang='lat' dir='ltr'><strong>missam</strong></span> <span class='ocrx_word' id='word_1_843' title='bbox 2539 5543 2872 5600; x_wconf 87' lang='lat' dir='ltr'><strong>celebrasset</strong></span> <span class='ocrx_word' id='word_1_844' title='bbox 2910 5542 3218 5614; x_wconf 86' lang='lat' dir='ltr'><strong>episcOpus,</strong></span> <span class='ocrx_word' id='word_1_845' title='bbox 3266 5558 3426 5615; x_wconf 88' lang='lat' dir='ltr'><strong>pres-</strong></span> 
     </span>
    </p>
   </div>
   <div class='ocr_carea' id='block_1_115' title="bbox 1815 5635 3429 5717">
    <p class='ocr_par' dir='ltr' id='par_1_115' title="bbox 1815 5635 3429 5717">
     <span class='ocr_line' id='line_1_115' title="bbox 1815 5635 3429 5717; baseline -0.008 -16"><span class='ocrx_word' id='word_1_846' title='bbox 1815 5645 2012 5717; x_wconf 81' lang='lat' dir='ltr'><strong>bytero</strong></span> <span class='ocrx_word' id='word_1_847' title='bbox 2035 5658 2151 5696; x_wconf 91' lang='lat' dir='ltr'><strong>non</strong></span> <span class='ocrx_word' id='word_1_848' title='bbox 2176 5640 2369 5696; x_wconf 91' lang='lat' dir='ltr'><strong>liceret</strong></span> <span class='ocrx_word' id='word_1_849' title='bbox 2405 5638 2524 5710; x_wconf 89' lang='lat' dir='ltr'><strong>ipsa</strong></span> <span class='ocrx_word' id='word_1_850' title='bbox 2555 5636 2646 5692; x_wconf 90' lang='lat' dir='ltr'><strong>die</strong></span> <span class='ocrx_word' id='word_1_851' title='bbox 2673 5635 3008 5691; x_wconf 89' lang='lat' dir='ltr'><strong>sacriﬁcium</strong></span> <span class='ocrx_word' id='word_1_852' title='bbox 3038 5635 3258 5692; x_wconf 76' lang='lat' dir='ltr'><strong>offerre.</strong></span> <span class='ocrx_word' id='word_1_853' title='bbox 3282 5636 3429 5705; x_wconf 86' lang='lat' dir='ltr'><strong>Ergo</strong></span> 
     </span>
    </p>
   </div>
   <div class='ocr_carea' id='block_1_116' title="bbox 1817 5725 3430 5809">
    <p class='ocr_par' dir='ltr' id='par_1_116' title="bbox 1817 5725 3430 5809">
     <span class='ocr_line' id='line_1_116' title="bbox 1817 5725 3430 5809; baseline -0.007 -16"><span class='ocrx_word' id='word_1_854' title='bbox 1817 5737 1874 5793; x_wconf 92' lang='lat' dir='ltr'><strong>id</strong></span> <span class='ocrx_word' id='word_1_855' title='bbox 1905 5733 2244 5809; x_wconf 86' lang='lat' dir='ltr'><strong>presbyteris</strong></span> <span class='ocrx_word' id='word_1_856' title='bbox 2275 5732 2478 5788; x_wconf 77' lang='lat' dir='ltr'><strong>ﬁcabat</strong></span> <span class='ocrx_word' id='word_1_857' title='bbox 2505 5729 2626 5784; x_wconf 89' lang='lat' dir='ltr'><strong>aliis</strong></span> <span class='ocrx_word' id='word_1_858' title='bbox 2666 5733 2794 5800; x_wconf 91' lang='lat' dir='ltr'><strong>post</strong></span> <span class='ocrx_word' id='word_1_859' title='bbox 2821 5727 2978 5796; x_wconf 90' lang='lat' dir='ltr'><strong>alios,</strong></span> <span class='ocrx_word' id='word_1_860' title='bbox 3008 5727 3257 5800; x_wconf 88' lang='lat' dir='ltr'><strong>alioquin</strong></span> <span class='ocrx_word' id='word_1_861' title='bbox 3279 5725 3430 5782; x_wconf 87' lang='lat' dir='ltr'><strong>addi-</strong></span> 
     </span>
    </p>
   </div>
   <div class='ocr_carea' id='block_1_117' title="bbox 1817 5819 3426 5900">
    <p class='ocr_par' dir='ltr' id='par_1_117' title="bbox 1817 5819 3426 5900">
     <span class='ocr_line' id='line_1_117' title="bbox 1817 5819 3426 5900; baseline -0.014 -9"><span class='ocrx_word' id='word_1_862' title='bbox 1817 5830 1896 5891; x_wconf 87' lang='lat' dir='ltr'><strong>tio</strong></span> <span class='ocrx_word' id='word_1_863' title='bbox 1933 5829 2002 5887; x_wconf 90' lang='lat' dir='ltr'><strong>de</strong></span> <span class='ocrx_word' id='word_1_864' title='bbox 2036 5825 2308 5900; x_wconf 88' lang='lat' dir='ltr'><strong>episcopis</strong></span> <span class='ocrx_word' id='word_1_865' title='bbox 2332 5825 2648 5881; x_wconf 86' lang='lat' dir='ltr'><strong>frustranea</strong></span> <span class='ocrx_word' id='word_1_866' title='bbox 2683 5827 2848 5878; x_wconf 89' lang='lat' dir='ltr'><strong>esset.</strong></span> <span class='ocrx_word' id='word_1_867' title='bbox 2885 5824 2956 5877; x_wconf 84' lang='lat' dir='ltr'><strong>At</strong></span> <span class='ocrx_word' id='word_1_868' title='bbox 2995 5821 3096 5876; x_wconf 88' lang='lat' dir='ltr'><strong>uni</strong></span> <span class='ocrx_word' id='word_1_869' title='bbox 3136 5819 3426 5887; x_wconf 88' lang='lat' dir='ltr'><strong>eidemque</strong></span> 
     </span>
    </p>
   </div>
   <div class='ocr_carea' id='block_1_118' title="bbox 1818 5908 3427 6000">
    <p class='ocr_par' dir='ltr' id='par_1_118' title="bbox 1818 5908 3427 6000">
     <span class='ocr_line' id='line_1_118' title="bbox 1818 5908 3427 6000; baseline -0.013 -18"><span class='ocrx_word' id='word_1_870' title='bbox 1818 5923 2165 6000; x_wconf 82' lang='lat' dir='ltr'><strong>presbytero,</strong></span> <span class='ocrx_word' id='word_1_871' title='bbox 2193 5921 2310 5979; x_wconf 90' lang='lat' dir='ltr'><strong>imo</strong></span> <span class='ocrx_word' id='word_1_872' title='bbox 2329 5935 2433 5978; x_wconf 85' lang='lat' dir='ltr'><strong>nec</strong></span> <span class='ocrx_word' id='word_1_873' title='bbox 2458 5918 2716 5990; x_wconf 79' lang='lat' dir='ltr'><strong>episcopo</strong></span> <span class='ocrx_word' id='word_1_874' title='bbox 2743 5916 2830 5972; x_wconf 84' lang='lat' dir='ltr'><strong>fas</strong></span> <span class='ocrx_word' id='word_1_875' title='bbox 2858 5918 2978 5970; x_wconf 86' lang='lat' dir='ltr'><strong>erat</strong></span> <span class='ocrx_word' id='word_1_876' title='bbox 3010 5913 3068 5968; x_wconf 91' lang='lat' dir='ltr'><strong>in</strong></span> <span class='ocrx_word' id='word_1_877' title='bbox 3095 5926 3208 5967; x_wconf 90' lang='lat' dir='ltr'><strong>uno</strong></span> <span class='ocrx_word' id='word_1_878' title='bbox 3232 5908 3427 5964; x_wconf 84' lang='lat' dir='ltr'><strong>eodem</strong></span> 
     </span>
    </p>
   </div>
  </div>
