3968 6422
547 397 652 460 ,143

1335 388 1663 448 APPENDIX
1703 387 1790 441 AD
1825 384 2043 440 OPERA
2082 381 2313 438 SANCTI
2349 375 2645 434 GERMANI
2685 368 3108 427 PARISIENSIS.

3814 361 3906 414 144

550 509 711 564 altari
742 509 929 580 plures
956 505 1150 561 missas
1175 503 1378 558 dicere.
1405 499 1561 554 Unde
1588 511 1717 552 cum
1743 491 2041 563 Gregorius
2059 492 2169 545 Tu-
2195 502 2251 574 Α
2275 487 2402 542 inde
2431 487 2638 539 factum
2659 486 2818 553 puto,
2839 478 2990 550 quod
3020 475 3187 530 missa
3209 471 3352 527 dicta
3374 469 3499 526 sita
3516 467 3793 523 missione
3816 484 3908 522 seu

551 602 805 659 ronensis
836 599 1065 654 antistes
1107 593 1510 651 maledicentize
1559 591 1618 644 in
1645 585 2070 657 Fredegundem
2102 583 2172 636 ab

555 695 772 750 aemulis
819 693 1013 746 fuisset
1057 694 1371 754 accusatus,
1406 684 1554 756 apud
1597 684 1947 736 Brennacum
1984 677 2172 730 villam

553 788 683 860 pagi
724 783 1156 850 SuCSsionensis,
1189 803 1215 833 «
1242 779 1442 836 restitit
1467 777 1534 830 ad
1567 777 1673 830 hoc
1707 790 1892 839 causa,
1921 774 1987 826 ut
2015 769 2175 824 dictis

551 879 734 935 missis
777 879 835 932 in
887 877 1061 931 tribus
1110 875 1376 930 altaribus
1414 889 1470 926 se
1502 871 1570 924 de
1609 867 1698 922 his
1735 867 1918 920 verbis
1946 867 2177 919 exueret

553 976 925 1028 sacramento.
955 972 1020 1025 Et
1043 965 1497 1023 licctcanonibus
1519 969 1703 1018 essent
1721 959 2020 1026 contraria,
2049 953 2172 1028 56

551 1083 657 1138 pro
674 1082 838 1120 causa
860 1070 1048 1119 tamen
1064 1061 1214 1132 regis
1231 1059 1460 1130 impleta
1487 1061 1638 1126 sunt,
1668 1077 1694 1104 ››
1720 1055 1804 1110 uti
1837 1054 1953 1126 ipse
1981 1053 2177 1106 narrat

553 1159 612 1214 in
638 1159 734 1213 lib.
755 1175 784 1212 v
805 1175 926 1228 cap.
955 1159 1042 1211 49.

627 1256 680 1308 3.
704 1253 891 1322 Itaque
919 1248 1108 1316 missa,
1129 1251 1194 1302 ut
1213 1245 1396 1301 dicere
1420 1260 1721 1316 coeperam,
1749 1242 2030 1312 praecepta
2059 1239 2178 1292 erat

555 1351 776 1400 tantum
820 1343 1016 1398 diebus
1063 1341 1236 1409 festis,
1266 1339 1417 1394 unde
1468 1338 1652 1392 missa:
1699 1335 2032 1389 vocabulum
2075 1347 2178 1402 pro

553 1440 694 1494 festo
733 1437 885 1508 apud
922 1440 1137 1490 veteres
1173 1432 1420 1487 inolevit.
1451 1429 1721 1501 Exempla
1755 1427 1964 1498 passim
1992 1440 2182 1478 occur-

555 1536 690 1586 runt
719 1529 777 1584 in
797 1527 1209 1600 Capitularibus
1225 1541 1428 1596 regum
1447 1526 1790 1578 nostrorum.
1813 1519 2075 1574 Dubitare
2102 1520 2181 1569 ta-

554 1641 690 1679 men
715 1623 863 1691 licet,
896 1637 1037 1676 num
1067 1619 1236 1673 etiam
1265 1617 1322 1672 in
1349 1617 1546 1672 diebus
1572 1613 1942 1686 jejuniorum,
1975 1611 2181 1682 quibus

558 1716 755 1772 diebus
775 1713 1011 1769 orationi
1032 1711 1387 1784 potissimum
1402 1709 1716 1763 vacandum
1737 1709 1877 1772 erat,
1899 1701 2182 1758 sacriﬁciis

559 1807 888 1880 vespertinis
917 1806 1185 1860 interesse
1212 1804 1483 1858 deberent
1500 1801 1712 1866 ﬁdeles,
1733 1798 1990 1854 videlicet
2015 1797 2071 1850 in
2099 1797 2182 1850 fe-

2273 579 2595 634 dimissione
2624 572 2837 646 populi.
2887 594 2913 620 «
2961 573 3000 624 A
3047 567 3208 638 cujus
3245 563 3589 636 proprietate
3634 560 3912 615 sermonis

2273 671 2476 744 (inquit
2513 669 2704 724 Avitus
2739 662 3072 720 Viennensis
3108 659 3342 714 antistes
3386 656 3444 710 in
3481 655 3726 726 epistola
3766 655 3815 724 t)
3858 652 3910 706 in

2273 764 2536 832 ecclesiis,
2566 759 2919 833 palatiisque,
2951 755 3064 809 sive
3090 751 3388 825 praetoriis,
3419 749 3594 802 missa
3624 746 3753 801 ﬁeri
3791 763 3914 818 pro-

2272 858 2730 924 nuntiatur,cum
2757 850 2999 922 populus
3019 847 3088 901 ab
3105 843 3493 901 observatione
3521 840 3854 896 dimittitur.
3888 863 3910 886 ι)

2276 955 2354 1008 Ex
2381 969 2493 1023 quo
2519 950 2600 1018 ﬁt,
2629 951 2693 1002 ut
2716 943 2988 998 allusione
3009 957 3110 1012 per
3138 937 3488 1008 antiphrasin
3515 935 3586 989 ad
3610 933 3808 988 missae
3828 949 3916 987 vo-

2277 1063 2399 1100 cem
2419 1046 2587 1111 facta,
2607 1039 2776 1095 missa
2795 1039 3050 1092 revocata
3067 1033 3306 1100 dicatur,
3321 1046 3451 1084 cum
3477 1027 3734 1101 populus
3754 1033 3914 1080 antea

2277 1139 2558 1205 dimissus,
2583 1135 2768 1188 denuo
2795 1131 2865 1184 ad
2891 1126 3228 1182 sacriﬁcium
3256 1127 3568 1178 revocatur.
3591 1121 3770 1174 Favet
3787 1120 3916 1173 huic

2277 1226 2724 1302 interpretationi
2779 1221 3082 1293 Gregorius
3130 1215 3472 1272 Turonensis
3523 1215 3581 1268 in
3633 1213 3741 1268 lib.
3791 1229 3807 1265 1
3855 1213 3918 1266 de

2277 1325 2460 1380 Gloria
2486 1325 2821 1391 martyrum,
2853 1333 2975 1386 cap.
3009 1312 3205 1382 51,ubi
3229 1311 3428 1366 eodem
3453 1305 3732 1378 loquendi
3755 1306 3920 1359 modo

2277 1419 2458 1472 utitur
2489 1433 2502 1470 :
2539 1439 2566 1464 «
2593 1413 2760 1481 Vade,
2785 1414 2841 1465 et
2864 1408 3035 1478 vigila
3058 1410 3234 1460 totam
3261 1407 3488 1457 noctem
3511 1401 3566 1455 in
3591 1400 3841 1466 honore,
3863 1415 3921 1452 ac

2279 1527 2478 1566 revoca
2505 1508 2718 1572 missas,
2747 1508 2800 1559 et
2826 1499 3156 1556 liberaberis
3197 1514 3230 1550 a
3259 1497 3444 1577 plaga.
3477 1517 3506 1540 η
3538 1494 3596 1548 ld
3625 1497 3740 1561 est,
3776 1491 3919 1546 cele-

2281 1605 2381 1658 bra
2409 1602 2624 1668 missas,
2643 1598 2740 1653 etsi
2770 1597 2841 1650 ibi
2873 1595 2940 1648 de
2965 1597 3143 1648 matre
3165 1607 3263 1645 sua
3279 1587 3582 1660 Gregorius
3607 1586 3756 1657 agit.
3787 1586 3922 1639 Nam

2281 1695 2554 1750 familiare
2581 1697 2661 1746 est
2689 1688 2976 1760 Gregorio,
3004 1691 3069 1740 ut
3095 1683 3281 1739 missas
3323 1681 3495 1736 etiam
3523 1697 3554 1734 a
3583 1679 3746 1734 laicis
3780 1679 3922 1732 cele-

2281 1789 2431 1844 brari
2458 1787 2737 1842 dicantur.
2763 1770 2823 1837 in
2851 1780 3104 1852 ejusdem
3145 1775 3275 1832 libri
3313 1792 3437 1846 cap.
3476 1777 3565 1842 75,
3588 1772 3694 1827 ubi
3734 1773 3805 1826 de
3842 1771 3921 1826 Si-

558 1902 657 1956 riis
693 1898 1168 1970 Quadragesimze,
1197 1897 1258 1951 in
1302 1896 1489 1950 triduo
1533 1893 1931 1964 Rogationum,
1953 1888 2184 1960 jejuniis
2204 1880 2260 1950 B
2287 1880 2586 1954 gismundo
2609 1875 2734 1950 58
2761 1891 2915 1946 rege,
2935 1887 3104 1944 quem
3133 1869 3210 1924 ait
3239 1869 3297 1922 in
3327 1866 3680 1921 consortium
3710 1871 3924 1919 sancto-

559 1995 810 2059 Quatuor
832 1994 1194 2062 Temporum,
1225 1993 1282 2042 et
1305 1988 1542 2059 singulis
1567 1985 1845 2052 secundis,
1869 1981 2108 2054 quartis,
2133 1986 2188 2036 et

567 2087 734 2142 sextis
757 2084 911 2139 feriis
936 2101 968 2137 a
996 2084 1137 2139 festo
1163 2081 1336 2135 sancti
1363 2080 1580 2135 Martini
1618 2079 1688 2132 ad
1717 2078 1904 2132 Natale
1941 2074 2182 2141 Domini,

565 2180 634 2234 de
661 2178 866 2250 quibus
903 2193 1083 2231 canon
1111 2179 1142 2230 9
1173 2173 1394 2228 concilii
1419 2171 1588 2243 primi
1629 2169 2038 2225 ltlatisconensis
2071 2185 2083 2221 :
2124 2170 2188 2222 Ut

565 2289 598 2328 a
625 2275 770 2339 feria
805 2272 978 2325 sancti
1005 2271 1232 2324 Martini
1271 2282 1438 2336 usque
1476 2266 1550 2320 ad
1599 2265 1792 2321 Natale
1839 2263 2069 2323 Domini,
2103 2277 2186 2316 se-

567 2366 766 2428 cunda,
791 2368 1010 2434 quarta,
1041 2369 1091 2416 et
1117 2367 1270 2416 sexta
1295 2360 1520 2416 Sabbati
1533 2358 1824 2427 jejunetur,
1853 2362 1901 2410 et
1925 2357 2190 2424 sacriﬁcia

565 2457 1026 2530 quadragesimali
1045 2456 1271 2509 debeant
1293 2455 1480 2508 ordine
1505 2453 1781 2506 celebrari.
1802 2451 1858 2504 In
1873 2449 2192 2519 ltogationi-

565 2553 670 2607 bus
695 2551 924 2622 quidem
951 2549 1223 2620 populum
1252 2548 1438 2600 missae
1475 2544 1790 2598 interfuisse
1826 2543 2190 2597 manifestum

567 2650 650 2701 est
692 2660 760 2699 ex
804 2645 1108 2697 Fortunato
1145 2641 1202 2695 in
1242 2641 1427 2694 libello
1466 2640 1533 2692 de
1559 2638 1678 2692 Vita
1707 2637 1879 2691 sancti
1907 2635 2188 2704 Germani,

567 2738 905 2793 Parisiorum
947 2735 1214 2805 episcopi,
1244 2751 1366 2803 cap.
1393 2736 1480 2799 33,
1506 2732 1604 2786 ubi
1639 2735 1895 2784 matrona
1932 2731 2193 2800 quanlam

570 2831 823 2885 caecitate
852 2829 1091 2882 liberata
1113 2833 1361 2896 tempore
1388 2825 1734 2893 litaniarum,
1752 2826 2088 2878 clarescente
2105 2823 2194 2877 die

570 2925 639 2978 ad
667 2917 894 2976 missam
925 2937 1052 2975 cum
1083 2920 1291 2992 populo
1320 2941 1346 2967 ››
1375 2936 1675 2990 progressa
1695 2918 2046 2989 perhibetur.
2077 2917 2194 2970 Odo

571 3017 742 3071 abbas
767 3013 1146 3072 Cluniacensis
1177 3013 1459 3083 singulare
1483 3013 1695 3066 factum
1725 3011 2017 3082 cujusdam
2046 3027 2197 3082 prcs-

571 3109 755 3181 byteri
796 3106 1136 3164 Turonensis
1172 3107 1364 3176 refert,
1405 3105 1521 3177 qui,
1562 3105 1735 3160 sancti
1778 3105 2016 3159 Andreae
2056 3104 2196 3158 festo
2239 3127 2246 3136 -

574 3219 704 3258 cum
747 3201 1031 3256 Dominica
1073 3199 1256 3271 prima
1293 3199 1578 3255 Adventus
1613 3203 2001 3264 concurrente,
2035 3217 2062 3248 α
2091 3214 2193 3269 pa-

2283 1992 2412 2030 rum
2439 1972 2677 2027 ascitum
2701 1987 2714 2024 :
2740 1991 2766 2018 ‹‹
2790 1968 2842 2022 Si
2871 1966 2966 2038 qui
2987 1980 3140 2019 nunc
3160 1959 3458 2032 frigoritici
3483 1959 3542 2014 in
3563 1959 3691 2030 ejus
3709 1959 3924 2012 honore

2285 2069 2480 2124 missas
2507 2067 2702 2120 devote
2732 2061 3036 2126 celebrent,
3071 2057 3304 2128 ejusque
3333 2071 3436 2126 pro
3466 2053 3669 2124 requie
3697 2053 3814 2106 Deo
3845 2051 3922 2104 of-

2285 2163 2470 2216 ferant
2515 2156 2897 2221 oblationem;
2943 2151 3131 2205 statim
3171 2146 3505 2218 compressis
3555 2144 3924 2209 tremoribus,

2287 2251 2566 2308 restinctis
2593 2249 2863 2315 febribus,
2892 2241 3114 2298 sanitati
3158 2241 3412 2312 pristinze
3446 2243 3869 2293 restaurantur.
3900 2259 3924 2284 ››

2289 2349 2478 2417 Itaque
2504 2343 2688 2398 missa:
2721 2340 2925 2396 oblatio
2948 2339 3117 2392 ﬁebat
3143 2335 3312 2390 etiam
3345 2350 3450 2404 pro
3486 2332 3692 2402 requie
3729 2347 3927 2386 eorum

2289 2439 2384 2511 qui
2413 2437 2586 2492 sancti
2619 2435 3009 2501 credebantur,
3040 2436 3104 2484 ut
3141 2429 3200 2482 in
3239 2425 3577 2481 Mozarabico
3611 2441 3725 2495 pro
3767 2423 3928 2494 spiri-

2289 2534 2440 2588 tibus
2466 2529 2826 2603 pausantium
2853 2543 2953 2580 seu
2979 2526 3382 2588 confessorum,
3400 2534 3611 2590 nempe
3634 2521 3707 2571 ut
3723 2535 3828 2589 pro
3849 2534 3932 2570 co-

2290 2643 2421 2682 rum
2459 2623 2652 2694 requie
2697 2623 2806 2676 Deo
2847 2619 3046 2692 gratiae
3073 2620 3398 2688 agerentur.
3429 2613 3536 2668 Sed
3575 2615 3647 2665 ut
3690 2611 3764 2666 ad
3790 2628 3929 2676 rem,

2292 2736 2404 2792 qua
2433 2719 2501 2773 de
2532 2717 2621 2770 hic.
2651 2715 2858 2786 agitur,
2887 2713 3135 2778 redeam,
3163 2707 3468 2777 Gregorius
3499 2705 3668 2772 item,
3704 2704 3768 2759 in
3793 2705 3932 2758 libro

2293 2815 2362 2868 de
2389 2811 2574 2865 Gloria
2611 2809 3017 2874 confessorum,
3051 2821 3172 2874 cap.
3209 2806 3296 2871 65,
3326 2800 3508 2854 utitur
3540 2798 3722 2852 etiam
3766 2799 3933 2853 verbo

2293 2905 2598 2962 celebrandi
2620 2902 2840 2973 agendo
2867 2901 2935 2954 de
2965 2898 3200 2960 muliere
3239 2911 3370 2966 quas
3405 2915 3432 2942 «
3462 2909 3569 2964 per
3593 2909 3824 2946 annum
3851 2891 3931 2945 in-

2294 3005 2523 3071 tegrum
2566 2998 2782 3051 assidue
2823 2992 3059 3050 orationi
3094 2989 3340 3057 vacabat,
3365 2987 3662 3041 celebrans
3687 2985 3937 3058 quotidie

2294 3094 2594 3148 missarum
2617 3089 2906 3154 solemnia,
2924 3092 2980 3142 et
2999 3085 3241 3140 offerens
3260 3081 3602 3136 oblationem
3621 3097 3737 3150 pro
3755 3080 3938 3133 anima

2294 3186 2421 3256 viri,
2450 3203 2565 3240 non
2591 3185 2770 3240 diftisa
2797 3183 2864 3237 de
2890 3179 3108 3234 Domini
3136 3173 3539 3243 misericordia,
3569 3173 3736 3244 quod
3766 3173 3936 3228 habe-

577 3249 704 3258 ~-—-
747 3249 1031 3256 νν--η--κτ
1074 3249 1256 3271 ιυ------
1293 3249 1373 3255 --τ
1421 3249 1574 3253 ------
1620 3249 1837 3252 ν--τ---ν
1864 3249 2001 3264 --ηι
2091 3249 2116 3269 ι-
2137 3249 2163 3250 η
2409 3249 2417 3256 .

577 3295 840 3366 gensibns
865 3295 980 3348 suis
998 3299 1262 3364 utrasque
1285 3292 1478 3346 missas
1502 3292 1696 3348 audire
1721 3291 2010 3362 praecepit.
2042 3312 2069 3341 ››
2102 3292 2200 3344 Lo-
2219 3249 2272 3322 Ο
2299 3287 2385 3336 ret
2404 3281 2700 3335 defunctus
2724 3275 3000 3349 requiem,
3023 3273 3080 3326 in
3099 3271 3312 3342 diequa
3329 3266 3565 3322 Domino
3586 3267 3940 3321 οωίίίίοηθω

577 3405 708 3444 cum
748 3389 911 3444 adeat
952 3387 1048 3458 qui
1087 3387 1234 3441 volet
1273 3386 1330 3440 in
1377 3386 1752 3440 Collationum
1777 3385 1878 3439 lib.
1909 3401 1925 3438 ι
1957 3402 2077 3455 cap.
2106 3388 2196 3439 22.

575 3483 764 3538 Redeo
785 3483 854 3537 ad
881 3481 1080 3535 missas
1101 3479 1554 3550 Quadragesimm
1577 3483 1633 3533 et
1651 3478 2052 3549 Itogationum,
2081 3477 2201 3549 qui-

576 3576 681 3631 bus
711 3579 862 3630 recte
901 3573 1078 3646 aptari
1121 3578 1303 3644 potest
1333 3574 1484 3644 quod
1511 3573 1580 3627 de
1610 3571 1940 3627 stationibus
1963 3571 2042 3625 ait
2065 3571 2198 3624 Ter-

575 3669 848 3725 tullianus
877 3669 981 3722 sub
1018 3669 1192 3722 tinem
1220 3667 1347 3721 libri
1378 3667 1446 3721 de
1473 3665 1733 3721 Oratione
1764 3682 1778 3720 :
1817 3685 1844 3718 «
1875 3666 2067 3720 Nonne
2109 3682 2198 3718 so-

576 3763 820 3820 lemnior
859 3762 967 3817 erit
1008 3761 1172 3816 statio
1214 3766 1332 3828 tua,
1361 3759 1404 3814 si
1449 3760 1520 3814 ad
1557 3777 1712 3814 aram
1757 3759 1851 3814 Dei
1888 3759 2198 3814 steteris?»

577 3857 737 3913 Certe
767 3857 973 3911 saeculo
1012 3872 1064 3909 IX
1101 3855 1252 3927 apud
1278 3859 1554 3909 nostrates
1581 3872 1614 3908 a
1637 3853 1820 3908 missis
1849 3851 2204 3924 quadragesi-

581 3949 826 4006 malibus
854 3949 1044 4004 abesse
1073 3948 1269 4020 religio
1294 3953 1434 4019 erat,
1456 3964 1525 4003 ex
1551 3947 1708 4002 libris
1751 3963 1791 4000 ιι
1834 3947 1902 4002 de
1928 3945 2204 4001 Miraculis

581 4043 756 4098 sancti
783 4043 1021 4114 Dionysii
1050 4059 1172 4114 cap.
1201 4046 1290 4098 35.

654 4138 705 4192 4.
738 4138 798 4192 In
827 4136 1098 4208 praedicto
1123 4137 1314 4192 libello
1345 4136 1702 4204 Fortunatus,
1734 4151 1854 4205 cap.
1881 4138 1968 4204 60,
2001 4151 2202 4188 secun-

583 4232 718 4286 dum
735 4229 856 4303 5'7
880 4235 1100 4286 textum
1119 4248 1152 4285 a
1167 4230 1328 4284 nobis
1349 4228 1692 4299 restitutum,
1711 4227 2056 4283 mentionem
2075 4229 2206 4283 facit

583 4324 652 4380 de
677 4323 844 4378 missa
869 4329 1147 4390 revocata,
1186 4323 1437 4394 itemque
1465 4321 1522 4375 in
1548 4321 1646 4376 lib.
1672 4338 1692 4374 ι
1734 4321 1802 4375 de
1845 4321 1962 4375 Vita
1998 4326 2204 4376 sanctas

583 4417 939 4488 Radegundis
967 4434 1092 4488 cap.
1119 4417 1202 4470 14.
1233 4417 1292 4468 1η
1317 4413 1491 4486 priori
1517 4415 1638 4468 loco
1666 4413 1744 4468 sic
1767 4413 1976 4484 legitur
2005 4430 2018 4468 ε
2051 4437 2079 4464 ι(
2108 4417 2207 4470 Ac-

583 4509 716 4565 cidit
753 4515 818 4565 ut
851 4515 1074 4565 sanctus
1104 4507 1190 4562 vir
1217 4507 1562 4578 (Germanus)
1590 4523 1845 4561 remeans
1869 4507 1937 4562 de
1962 4509 2204 4562 Namne-

2298 3391 2402 3447 pro
2438 3374 2560 3444 ejus
2589 3372 2779 3425 anima
2805 3369 3102 3424 delibasset
3122 3381 3136 3418 :
3160 3378 3386 3433 semper
3411 3359 3732 3415 sextarium
3760 3360 3940 3416 Gazeti

2301 3469 2415 3522 vini
2440 3465 2681 3538 praebuit
2711 3464 2769 3518 in
2804 3459 3136 3516 sacriﬁcium
3165 3455 3410 3510 basilica:
3436 3458 3675 3509 sanctae.
3710 3475 3740 3503 ››
3771 3455 3940 3509 Locus

2302 3577 2434 3616 sane
2473 3558 2711 3630 insignis
2747 3557 2818 3610 ad
2849 3553 3206 3626 probandum
3238 3548 3578 3603 sacriﬁcium
3608 3565 3722 3620 pro
3751 3549 3940 3604 defun-

2303 3655 2422 3710 ctis.
2443 3658 2513 3709 At
2535 3668 2663 3724 quae
2691 3654 3009 3721 sequuntur
3038 3644 3190 3701 haud
3207 3642 3445 3698 minoris
3462 3647 3600 3697 sunt
3628 3643 3936 3698 momenti:

2306 3771 2332 3799 «
2361 3749 2466 3804 Sed
2494 3746 2867 3802 subdiaconus
2894 3756 3139 3812 nequam
3156 3752 3448 3793 reservans
3474 3735 3629 3807 gulae
3651 3737 3940 3798 Gazetum,

2301 3848 2524 3899 acetum
2537 3835 3099 3895 vehementissimum
3113 3831 3385 3887 offerebat
3407 3829 3467 3883 in
3487 3829 3690 3900 calice,
3707 3831 3942 3886 muliere

2301 3953 2419 3992 non
2444 3950 2669 4006 semper
2693 3933 2763 3987 ad
2793 3926 3248 3986 communicandi
3279 3924 3522 3997 gratiam
3552 3925 3892 3981 accedente.
3920 3946 3942 3973 ι)

2303 4033 2452 4101 Ergo
2476 4045 2593 4084 non
2620 4026 2786 4082 toties
2813 4020 3288 4089 communicabat,
3321 4019 3541 4092 quoties
3570 4019 3880 4087 offerebat,
3901 4022 3946 4071 et

2303 4124 2475 4178 sacris
2505 4123 2793 4190 intererat,
2821 4135 2919 4174 seu
2965 4119 3048 4188 (ut
3081 4131 3213 4170 cum
3241 4112 3512 4184 Gregorio
3536 4113 3772 4186 loquar)
3805 4113 3941 4168 cele-

2304 4218 2526 4272 brabat.
2547 4215 2733 4271 Utitur
2765 4213 2936 4269 etiam
2977 4211 3172 4266 eodem
3200 4207 3372 4262 verbo
3398 4207 3458 4261 in
3484 4206 3698 4262 eodem
3729 4207 3943 4280 signiﬁ-

2306 4317 2433 4367 catu
2474 4309 2784 4382 Cyprianus
2823 4307 2892 4362 de
2931 4304 3194 4362 Oratione
3235 4300 3530 4356 Dominica
3554 4301 3667 4355 sub
3697 4301 3944 4356 initium.

2310 4429 2339 4457 «
2367 4407 2433 4460 Et
2449 4404 2674 4476 quando
2707 4403 2767 4456 in
2793 4417 2975 4456 unum
3001 4414 3132 4454 cum
3167 4396 3438 4451 fratribus
3460 4395 3867 4462 convenimus,
3900 4398 3949 4448 et

2308 4498 2577 4554 sacriﬁcia
2601 4497 2788 4552 divina
2815 4510 2946 4549 cum
2983 4491 3078 4547 Dei
3108 4489 3396 4545 sacerdote
3434 4488 3825 4560 celebramus,
3859 4505 3946 4542 ve-

581 4603 712 4674 tico,
729 4601 964 4660 domum
986 4599 1266 4656 Nunnichi
1289 4599 1517 4654 illustris
1537 4601 1840 4656 illustraret
1857 4600 2112 4672 vestigio.
2133 4603 2206 4656 De
2226 4621 2284 4693 D
2306 4591 2595 4650 recundiee
2625 4596 2682 4646 et
2708 4588 3018 4662 disciplinae
3038 4601 3320 4641 memores
3339 4599 3460 4637 esse
3485 4582 3796 4639 debemus.
3825 4604 3853 4630 ››
3876 4581 3947 4636 Ad

585 4697 746 4768 cujus
778 4701 929 4752 veste
968 4699 1225 4750 matrona
1252 4700 1411 4766 rapto
1440 4694 1680 4750 ﬁdeliter
1719 4695 1812 4748 filo
1858 4695 2111 4750 recondit
2149 4695 2206 4750 in

583 4791 846 4844 oratorio.
865 4791 1002 4853 Ome.
1027 4787 1401 4843 valetudinem
1432 4787 1668 4856 irruens,
1687 4787 1892 4860 vigiliis
1910 4789 1966 4842 in
1994 4789 2207 4843 honore

581 4885 756 4940 sancti
807 4881 1136 4936 solemniter
1183 4881 1488 4951 celebratis,
1521 4899 1585 4936 ac.
1625 4883 1794 4937 missa
1836 4889 2110 4952 revocata,
2141 4883 2209 4936 de

583 4974 850 5048 prwsenti
883 4980 1073 5028 curata
1095 4979 1198 5030 est.
1231 4997 1257 5023 »
1289 4977 1408 5030 Non
1435 4976 1693 5030 convenit
1718 4975 1850 5030 huic
1876 4977 1998 5030 loco
2025 4976 2209 5030 missae.

583 5067 920 5124 vocabulum
959 5085 1062 5139 pro
1102 5068 1260 5138 festo,
1310 5069 1393 5124 uti
1435 5071 1720 5142 quondam
1749 5070 2010 5140 opinatus
2037 5087 2160 5124 sum
2193 5088 2206 5123 :

585 5178 716 5217 cum
751 5161 842 5215 hic
885 5169 1086 5233 agatur
1119 5163 1186 5218 de
1225 5163 1430 5236 vigiliis
1473 5182 1537 5220 ac
1580 5165 1768 5234 missa,
1799 5164 2018 5218 vivente
2048 5165 2211 5218 beato

586 5257 882 5324 Germano,
914 5256 1223 5313 celebratis.
1256 5258 1580 5314 Posterioris
1607 5259 1714 5313 loci
1740 5259 1862 5335 haec
1891 5257 2056 5312 verba
2081 5262 2212 5312 sunt

587 5349 657 5403 de
697 5354 886 5404 sancta
924 5351 1264 5422 Radcgunde
1313 5370 1326 5407 :
1371 5375 1398 5401 ‹‹
1438 5352 1580 5416 Quid
1620 5352 1800 5422 egerit
1847 5351 1994 5405 circa
2036 5351 2211 5406 sancti

583 5441 803 5497 Martini
831 5443 989 5511 atria,
1023 5447 1252 5516 templa,
1291 5446 1598 5514 basilicam,
1636 5446 1794 5514 ﬂens,
1833 5445 2094 5517 lacrymis
2120 5445 2208 5499 in-

586 5535 797 5606 satiata,
831 5537 1052 5609 singula
1078 5539 1276 5608 jacens
1303 5553 1407 5608 per
1440 5537 1658 5606 limina,
1691 5538 1790 5591 ubi
1835 5538 2005 5591 missa
2047 5555 2209 5593 revo-

580 5632 720 5698 cata,
739 5630 984 5685 vestibus
1011 5635 1067 5685 et
1095 5635 1446 5700 ornamento,
1465 5647 1577 5702 quo
1608 5646 1666 5684 se
1693 5629 1910 5684 claricri
1942 5633 2096 5702 cultu
2121 5648 2209 5684 so-

581 5721 734 5778 lebat
754 5723 901 5778 ferre
919 5722 974 5777 in
989 5722 1218 5794 palatio,
1234 5737 1456 5776 sacrum
1481 5722 1769 5794 componit
1787 5723 1983 5780 altare.
2005 5746 2032 5773 »
2057 5727 2214 5780 Utro-

577 5815 750 5888 bique
793 5815 938 5870 nihil
979 5813 1134 5870 aliud
1174 5814 1608 5887 intelligendum
1658 5823 1792 5889 puto
1827 5835 1999 5890 quam
2043 5818 2213 5874 missa

580 5909 880 5994 celebrata.
916 5908 1028 5963 Cur
1079 5911 1272 5967 autem
1313 5913 1568 5966 revocata
1607 5911 1828 5968 dicatur
1869 5913 2209 5984 Fortunato,

2307 4704 2478 4760 quem
2506 4687 2695 4741 locum
2735 4684 2794 4738 in
2836 4681 3136 4736 novissima
3179 4678 3423 4734 editione
3469 4676 3801 4732 Oxoniensi
3835 4677 3948 4731 haec

2309 4780 2622 4840 observatio
2659 4778 2978 4845 adhibetur,
3006 4775 3261 4846 ignotam
3305 4773 3441 4825 olim
3487 4770 3670 4825 fuisse
3724 4769 3947 4826 solitarii

2310 4875 2609 4932 sacerdotis
2638 4871 3114 4928 communionem.
3135 4869 3242 4924 Sed
3267 4872 3331 4922 ut
3355 4882 3479 4921 rem
3507 4865 3706 4936 ipsam
3736 4881 3855 4921 non
3881 4865 3950 4918 in-

2310 4971 2485 5040 ﬁcier,
2526 4970 2582 5024 id
2625 4984 2739 5022 non
2780 4965 3056 5021 evincitur
3099 4981 3167 5018 ex
3213 4962 3387 5018 verbo
3433 4959 3788 5022 celebrandi,
3831 4973 3948 5013 cum

2310 5064 2517 5120 mulier
2551 5062 2650 5116 illa
2695 5058 2944 5132 quotidie
2985 5058 3288 5112 missarum
3328 5054 3605 5109 solemnia
3639 5054 3950 5109 celebrasse

2311 5159 2530 5214 dicatur
2555 5176 2588 5212 a
2608 5156 2897 5228 Gregorio,
2916 5171 3020 5209 nec
3046 5157 3237 5206 tamen
3263 5149 3514 5222 quotidie
3541 5146 3677 5221 59
3707 5161 3952 5202 commu-

2309 5253 2541 5307 nionem
2577 5251 2877 5323 accepisse.
2910 5247 3017 5304 Sed
3060 5245 3196 5318 quid
3239 5249 3397 5311 tunc,
3443 5242 3500 5297 id
3547 5248 3637 5296 est
3683 5259 3822 5298 cum
3867 5239 3951 5294 illa

2309 5363 2424 5400 non
2453 5343 2921 5411 communicabat,
2963 5340 3123 5412 quid,
3169 5339 3422 5410 inquam,
3451 5335 3522 5390 de
3551 5335 3736 5390 calice
3765 5350 3949 5390 conse-

2312 5444 2467 5494 crato
2501 5439 2712 5493 ﬁebat?
2738 5441 2835 5491 aut
2859 5434 3143 5506 quomodo
3171 5431 3428 5486 sacerdos
3454 5431 3574 5501 ipse
3605 5447 3682 5485 ex
3711 5447 3780 5485 eo
3807 5442 3948 5484 com-

2311 5532 2643 5588 munionem
2680 5529 2972 5602 sanguinis
2998 5525 3334 5582 hauriebat?
3363 5541 3438 5578 an
3465 5524 3580 5579 duo
3621 5528 3798 5578 erant
3831 5520 3948 5575 cali-

2313 5645 2423 5697 ces,
2455 5645 2605 5684 unus
2639 5643 2742 5698 pro
2783 5623 3088 5692 sacerdote,
3116 5622 3259 5676 alter
3282 5636 3386 5690 pro
3416 5619 3666 5673 muliere
3696 5630 3948 5673 commu-

2309 5723 2604 5780 nicatum?
2645 5738 2761 5776 non
2807 5718 2985 5790 capio.
3020 5718 3164 5772 Cum
3209 5729 3342 5769 vero
3380 5712 3596 5768 mulier
3623 5707 3952 5768 subdiaconi

2311 5818 2569 5874 fraudem
2592 5817 2709 5872 viso
2737 5813 3069 5888 agnovisset,
3099 5832 3127 5862 «
3157 5809 3228 5865 ad
3256 5805 3610 5864 matutinum
3639 5805 3954 5864 secundum

2313 5911 2778 5970 consuetudinem
2821 5907 3084 5966 surrexit.
3133 5903 3346 5974 Quibus
3391 5900 3663 5978 expletis,
3711 5900 3952 5960 celebra-
