3968 6438
104 423 184 481 liti

1081 427 1166 484 DE
1205 431 1511 489 LITURGIA
1548 433 1916 493 GALLICANA
1950 437 2146 496 LIBER
2184 440 2443 499 PRIMUS.

3326 441 3422 508 ut

99 536 252 605 tisque
274 526 478 602 missis,
505 529 734 590 accedit
751 531 828 591 ad
854 534 1124 608 poculum
1148 537 1411 595 salutare.
1440 540 1575 604 Quae
1601 545 1716 597 tam
1737 554 1794 628 Α
1815 545 2024 602 statuit.
2054 547 2169 602 lmo
2193 547 2384 605 ﬁdeles
2400 549 2526 622 ipsi,
2549 551 2772 610 tametsi
2790 569 2904 611 non
2929 550 3422 629 communicaturi,

96 628 290 682 fervens
319 631 552 682 acetum
573 626 778 684 hausit
798 645 868 686 ex
905 629 1098 698 calice,
1119 635 1185 686 ut
1202 635 1425 702 putaret
1451 633 1557 689 sibi
1584 635 1716 690 den-

98 728 163 776 tes
189 719 388 776 excuti.
422 741 451 770 ››
487 721 576 774 En
607 722 944 778 communio
970 723 1142 778 etiam
1170 725 1273 778 sub
1304 725 1479 780 altera
1505 727 1710 798 specie.

97 813 184 869 Sed
210 813 335 867 satis
363 813 435 867 de
473 813 658 868 verbo
693 817 1022 883 celebrandi,
1067 817 1218 888 quod
1256 817 1408 872 idem
1435 819 1714 890 significat

97 923 324 961 revocare
353 907 594 962 missam
623 925 732 965 seu
759 910 975 977 missas,
993 915 1054 964 ut
1070 927 1138 964 ex
1162 910 1322 964 dictis
1346 911 1708 983 intelligitur:

95 1002 239 1070 idque
264 1000 567 1055 conﬁrmat
593 1002 794 1056 Aredii
821 1002 1039 1056 abbatis
1076 1004 1370 1058 Atancnsis
1409 1008 1709 1060 testamen-

97 1096 216 1161 tum,
239 1092 573 1147 obtestantis
617 1116 646 1142 ιι
681 1111 789 1165 per
814 1111 1018 1166 corpus
1043 1099 1098 1149 et
1131 1096 1466 1166 sanguinem
1493 1097 1711 1153 Domini

92 1184 243 1239 nostri
275 1187 404 1239 Jesu
441 1184 668 1241 Christi
697 1208 726 1235 ι»
759 1192 816 1241 et
850 1186 1052 1242 merita
1080 1188 1336 1242 omnium
1363 1193 1706 1260 sanctorum,

92 1283 141 1332 ut
161 1277 215 1332 in
240 1277 482 1332 oratorio
508 1278 708 1332 sancti
743 1279 941 1334 Hilarii
968 1279 1168 1350 quinta
1191 1279 1350 1348 feria,
1383 1282 1538 1336 omni
1565 1288 1677 1338 tem
1693 1315 1705 1323 -

92 1387 223 1442 pore,
253 1391 279 1418 ‹‹
305 1369 592 1425 maturius
625 1371 917 1425 matutina
944 1375 999 1426 et
1025 1371 1192 1426 missa
1218 1378 1528 1428 revocetur.
1560 1393 1587 1425 ι)

146 1466 192 1518 5.
219 1462 403 1517 Missas
428 1462 611 1517 etiam
648 1468 903 1534 spectare
930 1463 1196 1518 dicuntur
1219 1465 1348 1520 laici
1375 1467 1525 1536 apud
1553 1483 1710 1522 eum-

92 1558 198 1611 dem
251 1555 592 1626 Gregorium
653 1571 772 1610 non
827 1557 1020 1622 semel,
1070 1573 1276 1628 nempe
1339 1557 1400 1612 in
1451 1559 1708 1614 Historia:

92 1649 170 1703 lib.
207 1663 294 1702 vm
337 1663 464 1718 cap.
506 1653 539 1702 7
591 1653 661 1702 et
701 1651 791 1717 3t,
825 1653 948 1703 tum
981 1647 1081 1702 lib.
1110 1665 1165 1702 ix
1195 1666 1316 1720 cap.
1353 1653 1437 1705 l0.
1466 1655 1522 1706 et
1546 1652 1644 1706 lib.
1672 1669 1708 1706 ιι

93 1758 188 1813 cap.
216 1744 267 1809 8,
296 1741 367 1797 ad
393 1741 521 1795 haec
545 1741 610 1795 in
651 1741 753 1796 lib.
784 1757 844 1795 ιιι
871 1741 940 1796 de
965 1741 1242 1796 Miraculis
1279 1742 1458 1796 sancti
1486 1743 1707 1800 Martini

94 1851 191 1906 cap.
243 1837 324 1889 l9.
372 1835 492 1888 Imo
540 1833 734 1888 etiam
803 1834 862 1888 in
914 1833 1149 1888 concilio
1207 1849 1267 1888 ιιι
1321 1837 1706 1894 Aurelianensi

1813 638 1997 692 missae
2038 639 2304 697 interesse
2343 643 2622 700 debebant
2652 647 2857 717 jejuni.
2897 650 3077 714 Quam
3115 650 3186 706 ob
3211 667 3333 706 rem
3361 650 3421 707 in

1810 729 1996 786 libello
2035 733 2103 788 de
2141 734 2261 788 Vita
2299 736 2473 791 sancti
2503 738 2784 808 Walarici,
2825 758 2947 812 cap.
2999 747 3086 809 15,
3135 743 3247 798 duo
3286 759 3416 814 ger-

1810 823 1983 894 mani,
2011 826 2110 896 qui
2143 827 2214 881 ad
2242 844 2373 882 eum
2415 829 2472 884 in
2511 830 2808 886 festivitate
2833 833 2982 888 beati
3005 835 3225 890 Martini
3248 837 3416 890 adve-

1811 923 2026 985 nerant,
2054 918 2416 989 increpantur
2455 922 2526 976 ab
2564 923 2704 994 ipso,
2732 926 2884 996 quod
2913 947 2941 977 α
2968 933 3094 982 ante
3123 929 3419 983 missarum

1811 1009 2080 1064 solemnia
2125 1011 2314 1066 bibere
2349 1004 2866 1086 'prmsumpsissent.
2917 1037 2944 1069 »
2986 1020 3209 1074 [iterent
3249 1021 3418 1076 etiam

1812 1099 1925 1172 61
1965 1118 2114 1156 nunc
2140 1105 2288 1174 apud
2327 1105 2545 1175 plebem
2573 1108 2810 1179 hujusce
2846 1111 3132 1181 religionis
3158 1113 3417 1183 quaedam

1809 1193 2058 1264 vestigia.
2095 1196 2201 1260 Qui
2237 1197 2418 1267 potuit
2465 1203 2618 1254 tanta
2657 1201 2857 1272 religio
2903 1203 3123 1258 afﬁcere
3177 1205 3418 1276 majores

1808 1289 2024 1340 nostros
2079 1287 2139 1341 in
2177 1289 2526 1360 suscipiendo
2564 1293 2926 1349 Eucharistise
2963 1302 3334 1365 sacramento,
3368 1300 3416 1355 si

1808 1377 1985 1432 solam
2011 1381 2256 1450 corporis
2281 1381 2560 1438 Christi-in
2585 1401 2650 1440 eo
2676 1385 2941 1457 ﬁguram,
2963 1389 3068 1443 hoc
3088 1394 3171 1444 est
3198 1392 3416 1449 nudum

1806 1485 2012 1540 panem
2035 1489 2098 1528 ac
2123 1489 2345 1530 merum
2371 1475 2584 1544 vinum,
2612 1478 2854 1534 residere
2877 1481 3277 1539 credidissent?

2433 1587 2650 1642 CAPUT
2676 1589 2784 1644 VII.

1804 1673 2171 1753 Ministrorum
2185 1679 2240 1730 in
2255 1680 2415 1753 missa
2433 1685 2595 1734 vestes
2621 1687 2670 1735 et
2693 1688 2991 1752 apparatus
3009 1702 3026 1748 ;
3041 1688 3414 1753 ministerium,

1875 1743 1934 1796 id
1957 1749 2031 1798 est
2053 1759 2208 1800 sacra
2227 1749 2484 1817 supellex,
2507 1765 2599 1804 seu
2623 1743 2942 1808 vast-{sacra
2965 1743 3019 1808 et
3045 1743 3377 1814 ornamenta.

1875 1843 1925 1894 1.
1969 1841 2050 1894 Ad
2090 1841 2235 1896 hanc
2269 1843 2454 1898 missa:
2492 1846 2784 1902 Gallicana:
2819 1851 3210 1907 tractationem
3250 1855 3416 1924 perti-

95 1943 278 1982 canone
302 1930 369 1982 29
398 1926 778 1998 prohibetur,
807 1931 872 1981 ut
897 1943 961 1981 ne
985 1929 1104 1996 quis
1127 1929 1396 1996 sacriﬁcia
1423 1933 1702 1986 missarum
1725 1911 1780 1984 B
1803 1936 1898 1985 net
1932 1948 2218 1988 sacrorum
2244 1935 2632 1992 ministrorum
2669 1940 2894 1995 habitus
2927 1943 3239 2015 cultusque,
3283 1952 3414 2002 ante

94 2036 188 2074 cum
209 2021 366 2074 annis
397 2020 809 2090 pertinentibus
836 2019 913 2073 ad
941 2020 1198 2074 bellorum
1230 2036 1384 2075 usum
1405 2028 1616 2092 spectet.
1643 2025 1700 2078 In

96 2114 163 2166 his
181 2113 431 2167 omnibus
457 2112 711 2184 aliisque
742 2111 1075 2166 testimoniis
1101 2115 1348 2183 spectare
1366 2114 1553 2170 forsan
1571 2133 1700 2186 pro-

95 2206 190 2276 prie
231 2206 450 2276 respicit
496 2222 597 2260 eos
645 2203 746 2276 qui
785 2209 1094 2275 praesentes
1141 2205 1393 2276 aderant,
1443 2209 1538 2262 sed
1587 2225 1698 2264 non

94 2298 572 2353 communicabant.
597 2298 731 2352 Non
758 2297 906 2351 male
922 2297 1054 2352 huic
1075 2298 1434 2368 explicationi
1461 2301 1702 2370 quadrat

94 2390 307 2462 Gregorii
345 2391 502 2444 locus
545 2390 607 2444 in
659 2389 762 2444 lib.
803 2406 838 2444 x
874 2406 1000 2461 cap.
1029 2393 1082 2459 8,
1118 2391 1212 2444 ubi
1243 2391 1312 2445 de
1342 2392 1578 2447 Cautino
1603 2397 1701 2448 Ar-

96 2500 360 2537 vernorum
389 2483 666 2554 episcopo
702 2498 899 2552 agens,
923 2483 1020 2552 qui
1059 2483 1338 2538 Eulalium
1375 2485 1637 2539 comitem
1666 2503 1700 2540 a

96 2576 454 2630 communione
475 2575 863 2646 suspenderat
889 2591 903 2628 :
932 2600 959 2624 ιι
982 2575 1134 2630 Tunc
1161 2576 1452 2647 episcopus
1473 2577 1695 2648 (inquit,

97 2670 136 2721 id
160 2674 232 2722 est
255 2669 309 2722 in
327 2668 633 2722 festivitate
663 2667 844 2722 sancti
869 2667 1096 2737 Juliani)
1128 2669 1382 2738 permisit
1409 2686 1539 2724 eum
1567 2687 1698 2725 cum

95 2762 277 2815 caeteris
307 2762 615 2816 missarum
647 2765 904 2832 spectare
933 2761 1223 2816 solemnia.
1265 2763 1468 2816 Verum
1509 2762 1600 2816 ubi
1629 2765 1697 2819 ad

94 2857 516 2910 communionem
547 2859 794 2908 ventum
825 2858 927 2920 est,
958 2858 1014 2908 et
1053 2854 1298 2908 Eulalius
1335 2855 1406 2909 ad
1433 2856 1697 2910 altarium

92 2949 390 3018 accessisset,
424 2971 451 2998 »
484 2947 772 3002 Cautinus
815 2963 948 3000 eum
976 2947 1150 3000 voluit
1183 2947 1502 3016 prohibere.
1529 2949 1696 3004 Aliud

95 3057 202 3110 ergo
235 3047 351 3097 erat
387 3046 653 3113 spectare
691 3040 998 3094 missarum
1043 3040 1334 3109 solemnia,
1368 3040 1524 3098 aliud
1568 3041 1692 3114 60

94 3135 494 3203 communicare,
513 3133 754 3206 quando
783 3133 1054 3188 Cautinus
1081 3149 1198 3188 uno
1221 3133 1512 3204 permisso,
1543 3135 1696 3189 aliud

93 3244 183 3281 non
208 3229 434 3284 ferebat.
464 3228 629 3283 Mitto
648 3227 790 3281 alias
809 3225 1080 3297 loquendi
1100 3227 1372 3280 formulas
1397 3227 1548 3298 apud
1568 3228 1695 3282 Gre-

1801 2025 2071 2078 seeculum
2113 2043 2185 2079 vu
2223 2027 2482 2083 usitatus.
2529 2029 2590 2083 Hi
2628 2033 2870 2086 vestibus
2901 2034 3040 2088 albis
3075 2035 3133 2088 in
3160 2053 3220 2091 re
3261 2055 3415 2094 sacra

1802 2115 2121 2184 utebantur,
2145 2122 2282 2172 teste
2308 2121 2574 2191 Gregorio
2595 2123 2662 2177 de
2688 2124 2880 2186 Gloria.
2892 2126 3269 2182 confessorum
3289 2147 3412 2202 cap.

1800 2211 1866 2261 2O
1895 2223 1908 2260 :
1936 2227 1964 2258 ι(
2003 2209 2132 2264 Erat
2169 2213 2360 2266 autem
2385 2215 2742 2270 sacerdotum
2776 2233 2839 2271 ac
2867 2217 3163 2276 levitarum
3193 2221 3249 2277 in
3276 2223 3417 2278 albis

1801 2299 2039 2354 vestibus
2075 2317 2190 2356 non
2234 2304 2504 2360 minimus
2545 2307 2767 2379 chorus,
2813 2329 2840 2360 ››
2882 2328 3086 2384 nempe
3129 2314 3191 2369 in
3230 2319 3412 2371 trans-

1797 2391 1999 2446 latione
2035 2394 2402 2465 reliquiarum
2440 2399 2509 2452 ad
2545 2399 2950 2458 dedicationem
2979 2406 3206 2460 oratorii
3237 2408 3415 2464 sancti

1797 2483 2099 2539 Saturnini.
2147 2488 2204 2540 ln
2248 2488 2472 2542 concilii
2524 2491 2898 2549 Narbonensis
2946 2513 3160 2551 canone
3205 2503 3268 2554 12
3311 2501 3409 2555 de—

1797 2577 2064 2647 cernitur,
2118 2585 2178 2632 ut
2229 2582 2407 2636 nullus
2451 2585 2729 2652 presbyter
2771 2593 2866 2640 aut
2916 2588 3171 2645 diaconus
3215 2593 3412 2662 absque

1796 2671 1983 2738 aliqua
2004 2673 2328 2739 inﬁrmitate,
2343 2675 2469 2727 dum
2485 2679 2642 2730 missa
2666 2682 2962 2746 perﬁcitur,
2981 2683 3162 2749 egredi
3185 2685 3249 2738 de
3273 2686 3412 2739 alla-

1797 2765 1895 2824 rio,
1924 2768 2018 2816 aut
2043 2780 2230 2819 exuere
2246 2781 2299 2819 se
2326 2767 2452 2820 alba
2479 2770 2695 2823 audeat.
2728 2772 2792 2824 Et
2820 2773 2969 2842 apud
2995 2775 3324 2845 Gregorium
3351 2778 3409 2832 in

1797 2854 2045 2908 Historiae
2075 2855 2170 2911 lib.
2203 2873 2255 2910 ιν
2296 2875 2416 2928 cap.
2460 2861 2523 2914 38
2553 2846 2742 2931 agitur
2773 2863 2840 2918 de
2867 2866 3278 2935 archidiacono,
3312 2870 3409 2942 qui

1799 2965 1826 2996 «
1856 2946 2086 3001 indutus
2113 2949 2254 3018 alba,
2287 2951 2630 3023 episcopum,
2659 2958 2722 3008 ut
2757 2972 2878 3010 mos
2920 2962 3020 3027 est,
3047 2959 3314 3015 invitabat
3338 2963 3408 3016 ad

1793 3038 1984 3094 altare.
2018 3062 2044 3088 »
2082 3041 2290 3112 Nempe
2317 3060 2436 3097 mos
2461 3050 2595 3114 erat,
2620 3050 2682 3100 ut
2710 3064 2836 3102 cum
2866 3050 3155 3122 episc0pus
3181 3053 3410 3108 missam

1793 3131 2170 3188 celebraturus
2196 3135 2256 3188 in
2281 3136 2572 3191 ecclesiam
2592 3141 3046 3212 progrederetur,
3075 3166 3102 3193 ‹‹
3133 3145 3409 3200 archidia-

1793 3239 1964 3278 conus
2006 3241 2136 3280 cum
2173 3227 2322 3281 clero
2364 3228 2422 3281 in
2460 3230 2597 3283 albis
2621 3231 2868 3288 venienti
2903 3234 3256 3305 (occurreret)
3297 3239 3409 3292 dia-

95 3321 301 3390 gorium,
329 3326 385 3376 et
424 3321 483 3376 in
509 3319 774 3375 conciliis
814 3319 1108 3374 Gallicanis
1135 3319 1384 3388 usitatas,
1415 3324 1477 3374 ut
1500 3320 1695 3374 missas
1719 3315 1768 3333 υ
1793 3315 2023 3370 conibus
2041 3317 2326 3374 thuribula
2352 3323 2694 3392 gerentibus,
2721 3346 2747 3371 ››
2778 3328 2842 3377 ut
2867 3325 3074 3397 legitur
3099 3329 3252 3399 apud
3271 3331 3408 3385 Pau-

93 3419 250 3469 tenere
285 3415 459 3486 (quod
497 3414 680 3470 etiam
725 3413 796 3467 de
840 3411 997 3466 laicis
1029 3411 1235 3466 dicitur
1266 3429 1300 3465 a
1335 3412 1597 3483 Gregorio
1635 3413 1694 3467 in
1791 3408 1910 3461 lum
1951 3410 2352 3466 Emeritensem
2397 3413 2453 3466 in
2494 3431 2620 3484 cap.
2653 3419 2704 3470 6.
2735 3417 2940 3472 Confer
2966 3419 3192 3490 Sulpicii
3219 3422 3404 3476 Severi

92 3504 166 3558 lib.
199 3522 244 3559 vi
269 3523 388 3578 cap.
418 3507 532 3577 48),
567 3511 628 3561 et
658 3505 769 3560 alia
794 3505 850 3559 id
884 3520 1084 3576 genus,
1111 3508 1177 3558 ut
1201 3505 1272 3560 ad
1297 3504 1482 3558 missae
1513 3505 1695 3576 dispo-
1792 3499 2075 3570 dialogum
2123 3507 2155 3556 2
2204 3504 2272 3558 de
2318 3511 2508 3560 sancto
2550 3508 2805 3577 Martino,
2849 3526 2971 3579 cap.
3023 3515 3071 3565 l.
3113 3513 3225 3566 Hac
3256 3519 3405 3568 veste

93 3599 286 3654 sitiones
310 3599 676 3671 progrediar.

145 3695 188 3746 6.
223 3683 421 3748 Contra
465 3709 564 3748 eos
602 3691 706 3763 qui
742 3690 958 3762 polluto
1001 3690 1192 3745 animo
1239 3707 1395 3746 sacra
1429 3695 1688 3761 tractant,

90 3786 287 3857 insignis
309 3791 393 3842 est
416 3784 684 3856 Gregorii
715 3783 871 3838 locus
898 3783 958 3837 in
985 3783 1083 3838 lib.
1116 3799 1133 3836 ι
1156 3783 1223 3837 de
1247 3783 1519 3838 Miraculis
1535 3801 1690 3838 mar-

92 3885 246 3946 tyrum
277 3896 397 3950 cap.
429 3881 498 3933 86
545 3894 560 3932 :
611 3899 641 3926 «
671 3876 954 3930 Deﬂemus
993 3875 1203 3930 scelera
1231 3880 1419 3930 nostra
1445 3881 1500 3931 et
1529 3877 1688 3948 plan-

91 3972 262 4041 gimus,
289 3990 419 4027 cum
447 3988 554 4027 nos
581 3969 832 4025 mundos
853 3984 970 4023 esse
999 3969 1311 4038 nescimus;
1336 3974 1390 4023 et
1409 3969 1480 4023 ad
1507 3969 1691 4039 ipsum

87 4064 229 4119 altare
255 4065 471 4120 Domini
508 4062 868 4130 accedentes,
897 4061 1174 4116 audenter
1208 4067 1462 4116 sanctum
1491 4078 1691 4132 corpus

88 4157 181 4225 ejus
199 4163 250 4213 et
265 4158 634 4229 sanguinem,
659 4171 793 4211 cum
823 4153 998 4208 simus
1017 4157 1146 4208 actu
1166 4153 1386 4224 polluti,
1408 4154 1592 4225 potius
1619 4155 1691 4209 ad

80 4250 322 4317 judicium
347 4251 658 4318 sumimus,
677 4264 853 4320 quam
879 4252 944 4302 ut
961 4247 1183 4301 veniam
1209 4263 1686 4316 consequamur.»

90 4343 135 4396 In
157 4345 322 4414 capite
350 4342 622 4416 sequenti
650 4341 823 4397 deflet
859 4339 1150 4394 audaciam
1179 4339 1471 4408 cujusdam
1505 4355 1685 4394 sacer-

89 4435 230 4502 dotis,
272 4439 366 4508 qui
422 4453 544 4491 non
607 4433 890 4489 dubitavit
937 4433 1108 4486 miser
1160 4431 1288 4486 vino
1350 4432 1689 4486 madefactus

89 4535 316 4597 appetere
339 4529 494 4601 quod
509 4528 752 4599 jejunus
779 4526 1160 4599 quisque‘non
1189 4523 1309 4578 sine
1333 4528 1486 4578 metu
1509 4529 1689 4595 potest

1791 3592 1916 3646 alba
1954 3609 2068 3647 non
2095 3596 2394 3650 utebantur
2421 3601 2578 3651 extra
2620 3615 2738 3654 rem
2775 3617 3009 3671 sacram,
3038 3619 3193 3657 secus
3235 3609 3403 3676 atque

1790 3685 2124 3756 patriarchae
2165 3688 2421 3757 Orientis,
2464 3707 2705 3760 quorum
2754 3691 2844 3746 hic
2885 3694 3144 3764 proprius
3181 3695 3404 3751 habitus

1791 3781 1927 3846 erat,
1960 3795 2027 3832 ex
2068 3780 2190 3833 Vita
2228 3781 2496 3835 Euthimii
2537 3784 2685 3853 apud
2723 3784 3162 3840 eruditissimum
3187 3788 3398 3844 Cotcle-

1790 3869 1958 3937 rium,
2005 3887 2163 3927 num.
2209 3877 2296 3927 61.
2341 3874 2533 3928 Albam
2562 3892 2671 3930 .seu
2710 3875 2917 3930 lineam
2957 3882 3164 3932 ve’stem
3217 3880 3402 3950 potius

1789 3979 1960 4033 quam
1999 3962 2124 4036 62
2165 3965 2410 4019 casulam
2444 3967 2649 4021 tunica:
2684 3969 2914 4024 nomine
2941 3969 3234 4041 designare
3261 3973 3402 4029 mihi

1790 4055 2006 4109 videtur
2035 4057 2420 4128 Hieronymus,
2449 4060 2537 4114 cui
2564 4061 2904 4132 Nepotianus
2929 4064 3218 4134 presbyter
3242 4070 3404 4120 testa-

1788 4151 1979 4201 mento
2004 4149 2228 4220 reliquit
2256 4151 2572 4219 «tunicam,
2595 4170 2702 4224 qua
2727 4155 2990 4209 utebatur
3008 4155 3065 4209 in
3092 4156 3401 4214 ministerio

1787 4239 2012 4310 Christi,
2049 4263 2074 4288 n
2102 4258 2165 4294 ac
2191 4243 2426 4313 proinde
2463 4261 2576 4298 non
2605 4251 2763 4300 extra
2793 4246 2976 4317 ipsum
3001 4247 3398 4306 ministerium.

1787 4337 1906 4401 Quo
1929 4339 2140 4406 spectat
2163 4335 2541 4406 Chrysostomi
2561 4339 2714 4393 locus
2739 4356 2807 4393 ex
2832 4339 3061 4394 homilia
3089 4343 3154 4396 83
3186 4341 3245 4396 in
3271 4343 3403 4397 Mat~

1785 4429 2021 4496 thaeum,
2053 4427 2147 4481 ubi
2176 4427 2422 4482 ministri
2451 4433 2706 4502 tempore
2746 4449 3032 4486 sacrorum
3074 4454 3101 4480 «
3145 4433 3392 4489 tunicam

1787 4519 2270 4589 candidissimum,
2316 4528 2480 4575 λευκὸν
2519 4529 2798 4591 χιτωνίσκον
2838 4547 2864 4572 ››
2909 4528 3154 4595 gestasse
3208 4527 3401 4596 perbi-

88 4626 297 4676 terrente
333 4620 691 4677 conscientia
719 4617 1018 4690 explicare,
1052 4637 1080 4669 ι)
1113 4617 1170 4672 id
1194 4619 1279 4672 est
1297 4617 1396 4688 qui
1419 4617 1766 4688 nonjeju-D
1787 4613 2010 4668 bentur.
2041 4613 2117 4666 De
2155 4611 2365 4667 amictu
2405 4611 2594 4684 (quem
2637 4617 2916 4686 vocamus)
2962 4633 3088 4672 rara
3116 4617 3181 4687 (si
3208 4623 3397 4674 tamen

84 4728 170 4765 nus
205 4715 424 4770 missam
465 4715 759 4771 celebrare
797 4727 967 4767 ausus
1010 4715 1113 4766 est.
1157 4711 1278 4774 Quo
1318 4725 1387 4765 ex
1434 4714 1686 4781 tempore

81 4805 306 4873 jejunum
325 4825 444 4864 esse
485 4810 782 4879 oporteret
807 4804 1154 4860 sacerdotem
1182 4803 1280 4874 qui
1307 4802 1686 4858 celebraturus

85 4903 217 4967 esset,
262 4899 445 4955 innuit
490 4899 701 4954 eodem
737 4897 796 4952 in
832 4898 954 4951 loco
1001 4895 1302 4967 Gregorius
1325 4936 1339 4960 ,
1380 4895 1479 4948 ubi
1516 4894 1686 4964 hujus

88 4991 348 5046 sacerdotis
393 4992 635 5064 culpam
673 4990 732 5044 in
777 4989 896 5059 ipso
933 4987 1110 5042 Natali
1148 4986 1368 5041 Domini
1406 4990 1688 5057 perpetra-

89 5085 178 5136 tam
198 5099 567 5156 exaggerans,
617 5101 645 5133 α
682 5083 765 5136 ita
790 5085 854 5136 ut
879 5081 1233 5136 afﬁrmarent
1255 5078 1442 5150 multi,
1482 5079 1682 5150 inquit,

89 5188 191 5225 eum
214 5182 330 5245 post
355 5177 489 5247 galli
533 5178 775 5230 cantum
816 5172 877 5228 in
919 5173 1036 5244 ipsa
1071 5175 1234 5226 nocte
1260 5170 1460 5225 vidisse
1486 5170 1681 5224 biben-

93 5269 200 5320 tem.
227 5269 520 5341 nDenique
551 5270 747 5322 Patres
765 5265 983 5320 concilii
1009 5282 1048 5319 ιι
1079 5262 1446 5331 Bracarensis,
1475 5279 1684 5318 canone

97 5360 160 5418 10,
179 5359 432 5416 damnant
450 5360 735 5433 quosdam
762 5358 1133 5430 presbyteros,
1159 5356 1257 5428 qui
1287 5359 1343 5410 in
1367 5359 1525 5411 missa
1550 5373 1686 5410 mor-

97 5454 286 5514 tuorum,
309 5459 427 5524 post
468 5458 755 5526 acceptum
799 5467 1018 5514 merum,
1059 5451 1376 5504 oblationem
1419 5451 1539 5504 ausi
1562 5455 1684 5504 sunt

96 5555 355 5602 macerare
361 5588 374 5600 .

153 5639 198 5689 7.
224 5635 333 5692 Non
353 5639 558 5694 licebat
598 5635 776 5692 etiam
803 5635 1032 5690 diacono
1055 5639 1154 5690 aut
1191 5632 1529 5688 subdiacono
1561 5637 1685 5702 post

98 5735 326 5796 acceptum
355 5733 531 5786 cibum
565 5730 658 5784 vel
698 5729 948 5798 poculum
982 5731 1170 5784 missas
1209 5731 1461 5788 tractare,
1497 5731 1593 5780 aut
1627 5729 1684 5779 in

103 5820 278 5876 seriesid
313 5823 434 5878 dum
475 5827 657 5877 missa:
702 5819 1012 5876 dicebantur
1046 5827 1216 5883 stare,
1258 5836 1326 5874 ex
1365 5833 1574 5873 canone
1616 5821 1680 5873 19

106 5913 276 5968 concilii
327 5910 860 5980 Antissiodorensis,
895 5914 990 5986 qui
1042 5915 1110 5970 de
1153 5913 1476 5987 presbytero
1533 5909 1680 5967 idem

1783 4705 1915 4776 ulla)
1944 4704 2155 4761 mentio
2173 4705 2323 4776 apud
2347 4708 2600 4760 auct-ores
2625 4711 2844 4762 nostros
2868 4713 2995 4763 ante
3015 4709 3195 4764 Caroli
3214 4711 3396 4782 Magni

1786 4803 2027 4853 aetatem.
2051 4800 2329 4853 Caeterum
2357 4799 2525 4853 nullis
2545 4803 2690 4854 tecto
2709 4805 2807 4855 aut
2829 4802 3008 4856 velato
3036 4803 3216 4873 capite
3243 4820 3399 4858 sacra

1784 4877 2051 4962 peragere
2087 4891 2308 4960 licebat,
2348 4896 2577 4962 propter
2609 4894 2858 4964 Apostoli
2892 4895 3240 4963 mandatum,
3285 4912 3398 4966 quo

1785 4983 1914 5038 viris
1939 4983 2243 5038 universim
2272 4984 2424 5038 nudo
2449 4985 2626 5055 capite
2657 4985 2716 5040 in
2741 4987 2970 5042 ecclesia
3007 5003 3167 5042 orare
3195 4989 3393 5059 princi-

1785 5077 1956 5148 pitur,
1981 5082 2035 5132 et
2055 5093 2126 5131 ne
2147 5077 2351 5131 Christi
2374 5078 2684 5133 sacerdotes
2701 5079 3019 5135 viderentur
3044 5080 3248 5135 imitari
3275 5098 3400 5152 pro-

1783 5170 1958 5239 fanos,
1986 5169 2136 5240 apud
2159 5185 2298 5240 quos
2327 5191 2353 5217 ‹‹
2381 5169 2815 5226 sacrificantium
2843 5173 3062 5244 captiva
3091 5175 3274 5244 capita
3301 5190 3396 5231 ve-

1783 5264 2068 5328 labantur,
2121 5282 2149 5310 ι»
2180 5266 2244 5316 ut
2290 5261 2542 5332 loquitur
2595 5263 2907 5334 Cyprianus
2944 5266 3103 5321 initio
3151 5267 3278 5322 libri
3331 5267 3399 5322 de

1784 5355 1988 5425 Lapsis.
2027 5355 2186 5416 Certe
2228 5353 2284 5409 id
2321 5354 2488 5408 sacris
2531 5355 2802 5410 ministris
2837 5358 3170 5428 prohibetur
3214 5359 3272 5414 in
3315 5377 3398 5431 sy-

1783 5449 1928 5502 nodo
1961 5449 2216 5502 Romana
2250 5447 2352 5501 sub
2384 5447 2646 5502 Zacliaria
2673 5449 2952 5518 pontiﬁce,
2985 5467 3109 5522 cap.
3142 5455 3225 5505 l3.
3254 5452 3400 5523 Lege

1783 5539 1987 5594 eruditi
2013 5539 2267 5595 Cotelerii
2283 5544 2439 5594 notas
2455 5539 2512 5594 in
2539 5541 2971 5597 Constitutiones
2991 5528 3371 5614 apostolorum
3384 5585 3398 5612 ,

1781 5632 1887 5686 col.
1923 5635 2035 5686 l55.
2071 5632 2294 5704 Excipio
2314 5636 2604 5702 Armenes,
2626 5633 2725 5704 qui
2753 5638 2897 5690 tecto
2923 5635 3104 5706 capite
3129 5651 3283 5689 sacra
3311 5651 3394 5688 ce-

1780 5725 2021 5792 lebrant,
2060 5729 2299 5780 testante
2343 5726 2576 5780 Daronio
2606 5727 2676 5782 ad
2701 5743 2915 5782 annum
2947 5731 3070 5782 863.
3099 5729 3174 5782 De
3213 5726 3394 5780 orario

1783 5817 2134 5872 sacerdotum
2173 5818 2232 5872 in
2270 5819 2500 5874 modum
2549 5818 2727 5874 crucis
2763 5824 2892 5875 ante
2943 5823 3137 5890 pectus
3177 5831 3394 5884 compo-

1782 5910 1966 5966 nendo
2002 5913 2180 5967 exstat
2207 5910 2494 5968 decretum
2535 5911 2753 5967 concilii
2791 5927 2848 5965 ιιι
2886 5907 3250 5976 Bracarensis,
3299 5921 3387 5958 ca-
