  <div class='ocr_page' id='page_1' title='image "/cluster/home/n/w/nwhite01/storage/ocr_20150623/72/umn.31951002477365o/081.png"; bbox 0 0 3968 6426; ppageno 0'>
   <div class='ocr_carea' id='block_1_1' title="bbox 531 419 625 476">
    <p class='ocr_par' dir='ltr' id='par_1_1' title="bbox 531 419 625 476">
     <span class='ocr_line' id='line_1_1' title="bbox 531 419 625 476; baseline 0 -1"><span class='ocrx_word' id='word_1_1' title='bbox 531 419 625 476; x_wconf 80' lang='grc'><strong>147</strong></span> 
     </span>
    </p>
   </div>
   <div class='ocr_carea' id='block_1_2' title="bbox 1303 414 3087 488">
    <p class='ocr_par' dir='ltr' id='par_1_2' title="bbox 1303 414 3087 488">
     <span class='ocr_line' id='line_1_2' title="bbox 1303 414 3087 488; baseline -0.003 -14"><span class='ocrx_word' id='word_1_2' title='bbox 1303 418 1636 474; x_wconf 78' lang='grc' dir='ltr'><strong>ΑΡΡΕΝΒΙΧ</strong></span> <span class='ocrx_word' id='word_1_3' title='bbox 1672 419 1760 474; x_wconf 87' lang='lat' dir='ltr'><strong>AD</strong></span> <span class='ocrx_word' id='word_1_4' title='bbox 1797 419 2017 473; x_wconf 76' lang='grc' dir='ltr'><strong>ΟΡΕΒΑ</strong></span> <span class='ocrx_word' id='word_1_5' title='bbox 2053 417 2285 473; x_wconf 75' lang='grc' dir='ltr'><strong>8ΛΝΟΤΙ</strong></span> <span class='ocrx_word' id='word_1_6' title='bbox 2323 416 2620 472; x_wconf 76' lang='lat' dir='ltr'><strong>GERMANI</strong></span> <span class='ocrx_word' id='word_1_7' title='bbox 2659 414 3087 488; x_wconf 76' lang='lat' dir='ltr'><strong>PARISIENSIS.</strong></span> 
     </span>
    </p>
   </div>
   <div class='ocr_carea' id='block_1_3' title="bbox 3799 417 3895 471">
    <p class='ocr_par' dir='ltr' id='par_1_3' title="bbox 3799 417 3895 471">
     <span class='ocr_line' id='line_1_3' title="bbox 3799 417 3895 471; baseline 0.01 -1"><span class='ocrx_word' id='word_1_8' title='bbox 3799 417 3895 471; x_wconf 75' lang='grc'><strong>148</strong></span> 
     </span>
    </p>
   </div>
   <div class='ocr_carea' id='block_1_4' title="bbox 524 519 3896 611">
    <p class='ocr_par' dir='ltr' id='par_1_4' title="bbox 524 519 3896 611">
     <span class='ocr_line' id='line_1_4' title="bbox 524 519 3896 611; baseline -0.002 -27"><span class='ocrx_word' id='word_1_9' title='bbox 524 544 674 584; x_wconf 88' lang='lat' dir='ltr'><strong>none</strong></span> <span class='ocrx_word' id='word_1_10' title='bbox 704 528 758 584; x_wconf 76' lang='grc'><strong>4.</strong></span> <span class='ocrx_word' id='word_1_11' title='bbox 787 528 868 584; x_wconf 85' lang='lat' dir='ltr'><strong>Ad</strong></span> <span class='ocrx_word' id='word_1_12' title='bbox 901 529 1025 583; x_wconf 85' lang='lat' dir='ltr'><strong>hac</strong></span> <span class='ocrx_word' id='word_1_13' title='bbox 1057 524 1282 582; x_wconf 84' lang='lat' dir='ltr'><strong>concilii</strong></span> <span class='ocrx_word' id='word_1_14' title='bbox 1319 527 1696 582; x_wconf 85' lang='lat' dir='ltr'><strong>Narbonensis</strong></span> <span class='ocrx_word' id='word_1_15' title='bbox 1733 543 1910 581; x_wconf 91' lang='lat' dir='ltr'><strong>canon</strong></span> <span class='ocrx_word' id='word_1_16' title='bbox 1945 529 1962 581; x_wconf 84' lang='grc'><strong>1</strong></span> <span class='ocrx_word' id='word_1_17' title='bbox 2001 529 2147 580; x_wconf 85' lang='lat' dir='ltr'>vetat</span> <span class='ocrx_word' id='word_1_18' title='bbox 2169 538 2377 611; x_wconf 70' lang='lat' dir='ltr'><strong>Aoum</strong></span> <span class='ocrx_word' id='word_1_19' title='bbox 2414 524 2752 580; x_wconf 82' lang='lat' dir='ltr'><strong>Turonensis</strong></span> <span class='ocrx_word' id='word_1_20' title='bbox 2789 523 3105 596; x_wconf 89' lang='lat' dir='ltr'><strong>episcopus,</strong></span> <span class='ocrx_word' id='word_1_21' title='bbox 3139 520 3244 578; x_wconf 87' lang='lat' dir='ltr'><strong>sibi</strong></span> <span class='ocrx_word' id='word_1_22' title='bbox 3289 519 3618 596; x_wconf 84' lang='lat' dir='ltr'><strong>populoque</strong></span> <span class='ocrx_word' id='word_1_23' title='bbox 3667 538 3778 578; x_wconf 87' lang='lat' dir='ltr'><strong>suo</strong></span> <span class='ocrx_word' id='word_1_24' title='bbox 3823 523 3896 578; x_wconf 87' lang='lat' dir='ltr'><strong>ti-</strong></span> 
     </span>
    </p>
   </div>
   <div class='ocr_carea' id='block_1_5' title="bbox 524 619 2148 693">
    <p class='ocr_par' dir='ltr' id='par_1_5' title="bbox 524 619 2148 693">
     <span class='ocr_line' id='line_1_5' title="bbox 524 619 2148 693; baseline -0.001 -17"><span class='ocrx_word' id='word_1_25' title='bbox 524 638 596 678; x_wconf 90' lang='lat' dir='ltr'><strong>ne</strong></span> <span class='ocrx_word' id='word_1_26' title='bbox 623 621 808 676; x_wconf 84' lang='lat' dir='ltr'><strong>clerici</strong></span> <span class='ocrx_word' id='word_1_27' title='bbox 825 620 1124 693; x_wconf 88' lang='lat' dir='ltr'><strong>purpureis</strong></span> <span class='ocrx_word' id='word_1_28' title='bbox 1141 621 1385 676; x_wconf 80' lang='lat' dir='ltr'><strong>vestibus</strong></span> <span class='ocrx_word' id='word_1_29' title='bbox 1401 620 1727 690; x_wconf 87' lang='lat' dir='ltr'><strong>induantur,</strong></span> <span class='ocrx_word' id='word_1_30' title='bbox 1746 636 1950 692; x_wconf 89' lang='lat' dir='ltr'><strong>nempe</strong></span> <span class='ocrx_word' id='word_1_31' title='bbox 1967 619 2024 674; x_wconf 93' lang='lat' dir='ltr'><strong>in</strong></span> <span class='ocrx_word' id='word_1_32' title='bbox 2038 635 2148 674; x_wconf 92' lang='lat' dir='ltr'><strong>usu</strong></span> 
     </span>
    </p>
   </div>
   <div class='ocr_carea' id='block_1_6' title="bbox 523 714 760 786">
    <p class='ocr_par' dir='ltr' id='par_1_6' title="bbox 523 714 760 786">
     <span class='ocr_line' id='line_1_6' title="bbox 523 714 760 786; baseline 0 -18"><span class='ocrx_word' id='word_1_33' title='bbox 523 714 760 786; x_wconf 88' lang='lat' dir='ltr'><strong>vulgari.</strong></span> 
     </span>
    </p>
   </div>
   <div class='ocr_carea' id='block_1_7' title="bbox 591 806 2150 879">
    <p class='ocr_par' dir='ltr' id='par_1_7' title="bbox 591 806 2150 879">
     <span class='ocr_line' id='line_1_7' title="bbox 591 806 2150 879; baseline -0.001 -17"><span class='ocrx_word' id='word_1_34' title='bbox 591 811 644 862; x_wconf 84' lang='lat'><strong>2.</strong></span> <span class='ocrx_word' id='word_1_35' title='bbox 672 808 885 862; x_wconf 87' lang='lat' dir='ltr'><strong>Prater</strong></span> <span class='ocrx_word' id='word_1_36' title='bbox 909 808 1096 862; x_wconf 83' lang='lat' dir='ltr'><strong>albam</strong></span> <span class='ocrx_word' id='word_1_37' title='bbox 1113 808 1418 879; x_wconf 85' lang='lat' dir='ltr'><strong>Gregorius</strong></span> <span class='ocrx_word' id='word_1_38' title='bbox 1437 808 1682 862; x_wconf 84' lang='lat' dir='ltr'><strong>casulam</strong></span> <span class='ocrx_word' id='word_1_39' title='bbox 1711 806 1907 862; x_wconf 70' lang='lat' dir='ltr'><strong>Nicetii</strong></span> <span class='ocrx_word' id='word_1_40' title='bbox 1928 807 2150 877; x_wconf 82' lang='lat' dir='ltr'><strong>Lugdu-</strong></span> 
     </span>
    </p>
   </div>
   <div class='ocr_carea' id='block_1_8' title="bbox 521 900 2149 972">
    <p class='ocr_par' dir='ltr' id='par_1_8' title="bbox 521 900 2149 972">
     <span class='ocr_line' id='line_1_8' title="bbox 521 900 2149 972; baseline 0 -18"><span class='ocrx_word' id='word_1_41' title='bbox 521 900 710 954; x_wconf 90' lang='lat' dir='ltr'><strong>nensis</strong></span> <span class='ocrx_word' id='word_1_42' title='bbox 734 901 996 956; x_wconf 83' lang='lat' dir='ltr'><strong>antistitis</strong></span> <span class='ocrx_word' id='word_1_43' title='bbox 1023 907 1078 956; x_wconf 92' lang='lat' dir='ltr'><strong>et</strong></span> <span class='ocrx_word' id='word_1_44' title='bbox 1104 919 1329 972; x_wconf 89' lang='lat' dir='ltr'><strong>capsam</strong></span> <span class='ocrx_word' id='word_1_45' title='bbox 1355 907 1636 958; x_wconf 85' lang='lat' dir='ltr'><strong>memorat</strong></span> <span class='ocrx_word' id='word_1_46' title='bbox 1659 902 1717 956; x_wconf 92' lang='lat' dir='ltr'><strong>in</strong></span> <span class='ocrx_word' id='word_1_47' title='bbox 1747 901 1895 956; x_wconf 88' lang='lat' dir='ltr'><strong>libro</strong></span> <span class='ocrx_word' id='word_1_48' title='bbox 1919 902 1988 956; x_wconf 92' lang='lat' dir='ltr'><strong>de</strong></span> <span class='ocrx_word' id='word_1_49' title='bbox 2014 901 2149 956; x_wconf 85' lang='lat' dir='ltr'><strong>Vitis</strong></span> 
     </span>
    </p>
   </div>
   <div class='ocr_carea' id='block_1_9' title="bbox 521 993 2150 1066">
    <p class='ocr_par' dir='ltr' id='par_1_9' title="bbox 521 993 2150 1066">
     <span class='ocr_line' id='line_1_9' title="bbox 521 993 2150 1066; baseline 0.002 -21"><span class='ocrx_word' id='word_1_50' title='bbox 521 993 774 1060; x_wconf 85' lang='lat' dir='ltr'><strong>Patrum,</strong></span> <span class='ocrx_word' id='word_1_51' title='bbox 806 1011 928 1065; x_wconf 85' lang='lat' dir='ltr'><strong>cap.</strong></span> <span class='ocrx_word' id='word_1_52' title='bbox 955 997 1008 1050; x_wconf 93' lang='lat'><strong>8.</strong></span> <span class='ocrx_word' id='word_1_53' title='bbox 1039 995 1233 1050; x_wconf 91' lang='lat' dir='ltr'><strong>Casula</strong></span> <span class='ocrx_word' id='word_1_54' title='bbox 1257 995 1532 1050; x_wconf 86' lang='lat' dir='ltr'><strong>hactenus</strong></span> <span class='ocrx_word' id='word_1_55' title='bbox 1560 996 1811 1066; x_wconf 89' lang='lat' dir='ltr'><strong>priscum</strong></span> <span class='ocrx_word' id='word_1_56' title='bbox 1835 1011 2044 1049; x_wconf 89' lang='lat' dir='ltr'><strong>nomen</strong></span> <span class='ocrx_word' id='word_1_57' title='bbox 2067 1011 2150 1048; x_wconf 83' lang='lat' dir='ltr'><strong>re-</strong></span> 
     </span>
    </p>
   </div>
   <div class='ocr_carea' id='block_1_10' title="bbox 521 1084 2150 1159">
    <p class='ocr_par' dir='ltr' id='par_1_10' title="bbox 521 1084 2150 1159">
     <span class='ocr_line' id='line_1_10' title="bbox 521 1084 2150 1159; baseline 0 -19"><span class='ocrx_word' id='word_1_58' title='bbox 521 1084 696 1141; x_wconf 89' lang='lat' dir='ltr'><strong>tinet:</strong></span> <span class='ocrx_word' id='word_1_59' title='bbox 721 1109 748 1137; x_wconf 89' lang='grc'><strong>‹‹</strong></span> <span class='ocrx_word' id='word_1_60' title='bbox 765 1088 938 1159; x_wconf 86' lang='lat' dir='ltr'><strong>Capsa</strong></span> <span class='ocrx_word' id='word_1_61' title='bbox 963 1094 1150 1144; x_wconf 91' lang='lat' dir='ltr'><strong>autem</strong></span> <span class='ocrx_word' id='word_1_62' title='bbox 1179 1089 1254 1144; x_wconf 86' lang='lat' dir='ltr'><strong>ita</strong></span> <span class='ocrx_word' id='word_1_63' title='bbox 1275 1089 1502 1144; x_wconf 89' lang='lat' dir='ltr'><strong>dilatata</strong></span> <span class='ocrx_word' id='word_1_64' title='bbox 1523 1094 1662 1155; x_wconf 89' lang='lat' dir='ltr'><strong>erat,</strong></span> <span class='ocrx_word' id='word_1_65' title='bbox 1678 1093 1741 1142; x_wconf 89' lang='lat' dir='ltr'><strong>ut</strong></span> <span class='ocrx_word' id='word_1_66' title='bbox 1759 1089 1942 1142; x_wconf 79' lang='lat' dir='ltr'><strong>solent</strong></span> <span class='ocrx_word' id='word_1_67' title='bbox 1967 1087 2026 1142; x_wconf 91' lang='lat' dir='ltr'><strong>in</strong></span> <span class='ocrx_word' id='word_1_68' title='bbox 2042 1087 2150 1142; x_wconf 89' lang='lat' dir='ltr'><strong>illis</strong></span> 
     </span>
    </p>
   </div>
   <div class='ocr_carea' id='block_1_11' title="bbox 523 1179 2149 1254">
    <p class='ocr_par' dir='ltr' id='par_1_11' title="bbox 523 1179 2149 1254">
     <span class='ocr_line' id='line_1_11' title="bbox 523 1179 2149 1254; baseline 0.001 -20"><span class='ocrx_word' id='word_1_69' title='bbox 523 1179 774 1235; x_wconf 86' lang='lat' dir='ltr'><strong>candidis</strong></span> <span class='ocrx_word' id='word_1_70' title='bbox 812 1182 953 1252; x_wconf 83' lang='lat' dir='ltr'><strong>fieri,</strong></span> <span class='ocrx_word' id='word_1_71' title='bbox 992 1199 1120 1254; x_wconf 90' lang='lat' dir='ltr'><strong>qua</strong></span> <span class='ocrx_word' id='word_1_72' title='bbox 1157 1200 1261 1254; x_wconf 91' lang='lat' dir='ltr'><strong>per</strong></span> <span class='ocrx_word' id='word_1_73' title='bbox 1297 1183 1584 1254; x_wconf 86' lang='lat' dir='ltr'><strong>paschalia</strong></span> <span class='ocrx_word' id='word_1_74' title='bbox 1617 1183 1757 1237; x_wconf 90' lang='lat' dir='ltr'><strong>festa</strong></span> <span class='ocrx_word' id='word_1_75' title='bbox 1797 1181 2149 1237; x_wconf 88' lang='lat' dir='ltr'><strong>sacerdotum</strong></span> 
     </span>
    </p>
   </div>
   <div class='ocr_carea' id='block_1_12' title="bbox 523 1271 2150 1347">
    <p class='ocr_par' dir='ltr' id='par_1_12' title="bbox 523 1271 2150 1347">
     <span class='ocr_line' id='line_1_12' title="bbox 523 1271 2150 1347; baseline 0.001 -21"><span class='ocrx_word' id='word_1_76' title='bbox 523 1271 777 1328; x_wconf 88' lang='lat' dir='ltr'><strong>humeris</strong></span> <span class='ocrx_word' id='word_1_77' title='bbox 811 1273 1202 1347; x_wconf 90' lang='lat' dir='ltr'><strong>imponuntur.</strong></span> <span class='ocrx_word' id='word_1_78' title='bbox 1247 1295 1275 1326; x_wconf 84' lang='lat'><strong>»</strong></span> <span class='ocrx_word' id='word_1_79' title='bbox 1313 1276 1608 1345; x_wconf 88' lang='lat' dir='ltr'><strong>Diaeonus,</strong></span> <span class='ocrx_word' id='word_1_80' title='bbox 1637 1276 1728 1330; x_wconf 90' lang='lat' dir='ltr'><strong>cui</strong></span> <span class='ocrx_word' id='word_1_81' title='bbox 1763 1275 1906 1328; x_wconf 90' lang='lat' dir='ltr'><strong>hanc</strong></span> <span class='ocrx_word' id='word_1_82' title='bbox 1933 1273 2150 1328; x_wconf 82' lang='lat' dir='ltr'><strong>Priscus</strong></span> 
     </span>
    </p>
   </div>
   <div class='ocr_carea' id='block_1_13' title="bbox 525 1366 2147 1440">
    <p class='ocr_par' dir='ltr' id='par_1_13' title="bbox 525 1366 2147 1440">
     <span class='ocr_line' id='line_1_13' title="bbox 525 1366 2147 1440; baseline 0.001 -21"><span class='ocrx_word' id='word_1_83' title='bbox 525 1366 817 1438; x_wconf 87' lang='lat' dir='ltr'><strong>episcopus</strong></span> <span class='ocrx_word' id='word_1_84' title='bbox 842 1368 1090 1438; x_wconf 87' lang='lat' dir='ltr'><strong>dederat,</strong></span> <span class='ocrx_word' id='word_1_85' title='bbox 1113 1385 1179 1424; x_wconf 88' lang='lat' dir='ltr'><strong>ea</strong></span> <span class='ocrx_word' id='word_1_86' title='bbox 1213 1369 1532 1440; x_wconf 90' lang='lat' dir='ltr'><strong>promiscue</strong></span> <span class='ocrx_word' id='word_1_87' title='bbox 1558 1369 1790 1423; x_wconf 91' lang='lat' dir='ltr'><strong>indutus</strong></span> <span class='ocrx_word' id='word_1_88' title='bbox 1819 1369 2028 1438; x_wconf 80' lang='lat' dir='ltr'><strong>absque</strong></span> <span class='ocrx_word' id='word_1_89' title='bbox 2057 1383 2147 1420; x_wconf 89' lang='lat' dir='ltr'><strong>re-</strong></span> 
     </span>
    </p>
   </div>
   <div class='ocr_carea' id='block_1_14' title="bbox 523 1457 2151 1533">
    <p class='ocr_par' dir='ltr' id='par_1_14' title="bbox 523 1457 2151 1533">
     <span class='ocr_line' id='line_1_14' title="bbox 523 1457 2151 1533; baseline 0.001 -21"><span class='ocrx_word' id='word_1_90' title='bbox 523 1457 734 1530; x_wconf 86' lang='lat' dir='ltr'><strong>ligione</strong></span> <span class='ocrx_word' id='word_1_91' title='bbox 772 1461 1100 1533; x_wconf 88' lang='lat' dir='ltr'><strong>procedens,</strong></span> <span class='ocrx_word' id='word_1_92' title='bbox 1142 1482 1169 1514; x_wconf 86' lang='lat'>«</span> <span class='ocrx_word' id='word_1_93' title='bbox 1209 1463 1394 1518; x_wconf 90' lang='lat' dir='ltr'><strong>deciso</strong></span> <span class='ocrx_word' id='word_1_94' title='bbox 1434 1463 1670 1531; x_wconf 88' lang='lat' dir='ltr'><strong>cucullo,</strong></span> <span class='ocrx_word' id='word_1_95' title='bbox 1705 1484 1732 1511; x_wconf 85' lang='lat'>»</span> <span class='ocrx_word' id='word_1_96' title='bbox 1769 1467 2035 1530; x_wconf 82' lang='lat' dir='ltr'><strong>tegumen</strong></span> <span class='ocrx_word' id='word_1_97' title='bbox 2081 1476 2151 1514; x_wconf 90' lang='lat' dir='ltr'><strong>ex</strong></span> 
     </span>
    </p>
   </div>
   <div class='ocr_carea' id='block_1_15' title="bbox 525 1550 2150 1628">
    <p class='ocr_par' dir='ltr' id='par_1_15' title="bbox 525 1550 2150 1628">
     <span class='ocr_line' id='line_1_15' title="bbox 525 1550 2150 1628; baseline 0.002 -23"><span class='ocrx_word' id='word_1_98' title='bbox 525 1550 620 1606; x_wconf 93' lang='lat' dir='ltr'><strong>illo</strong></span> <span class='ocrx_word' id='word_1_99' title='bbox 660 1553 900 1624; x_wconf 85' lang='lat' dir='ltr'><strong>pedibus</strong></span> <span class='ocrx_word' id='word_1_100' title='bbox 927 1555 1155 1627; x_wconf 87' lang='lat' dir='ltr'><strong>aptavit.</strong></span> <span class='ocrx_word' id='word_1_101' title='bbox 1201 1557 1331 1612; x_wconf 87' lang='lat' dir='ltr'><strong>Erat</strong></span> <span class='ocrx_word' id='word_1_102' title='bbox 1353 1555 1591 1628; x_wconf 86' lang='lat' dir='ltr'><strong>proinde</strong></span> <span class='ocrx_word' id='word_1_103' title='bbox 1621 1572 1782 1626; x_wconf 88' lang='lat' dir='ltr'><strong>capsa</strong></span> <span class='ocrx_word' id='word_1_104' title='bbox 1813 1553 1949 1608; x_wconf 91' lang='lat' dir='ltr'><strong>illud</strong></span> <span class='ocrx_word' id='word_1_105' title='bbox 1973 1569 2150 1624; x_wconf 89' lang='lat' dir='ltr'><strong>genus</strong></span> 
     </span>
    </p>
   </div>
   <div class='ocr_carea' id='block_1_16' title="bbox 523 1643 2152 1720">
    <p class='ocr_par' dir='ltr' id='par_1_16' title="bbox 523 1643 2152 1720">
     <span class='ocr_line' id='line_1_16' title="bbox 523 1643 2152 1720; baseline 0.001 -22"><span class='ocrx_word' id='word_1_106' title='bbox 523 1643 864 1714; x_wconf 88' lang='lat' dir='ltr'><strong>indumenti,</strong></span> <span class='ocrx_word' id='word_1_107' title='bbox 901 1648 1055 1719; x_wconf 91' lang='lat' dir='ltr'><strong>quod</strong></span> <span class='ocrx_word' id='word_1_108' title='bbox 1093 1650 1263 1704; x_wconf 91' lang='lat' dir='ltr'><strong>modo</strong></span> <span class='ocrx_word' id='word_1_109' title='bbox 1303 1665 1543 1720; x_wconf 88' lang='lat' dir='ltr'><strong>cappam</strong></span> <span class='ocrx_word' id='word_1_110' title='bbox 1580 1648 1952 1719; x_wconf 85' lang='lat' dir='ltr'><strong>appellamus,</strong></span> <span class='ocrx_word' id='word_1_111' title='bbox 1990 1647 2152 1717; x_wconf 86' lang='lat' dir='ltr'><strong>cujus</strong></span> 
     </span>
    </p>
   </div>
   <div class='ocr_carea' id='block_1_17' title="bbox 523 1737 2147 1812">
    <p class='ocr_par' dir='ltr' id='par_1_17' title="bbox 523 1737 2147 1812">
     <span class='ocr_line' id='line_1_17' title="bbox 523 1737 2147 1812; baseline 0.001 -20"><span class='ocrx_word' id='word_1_112' title='bbox 523 1753 653 1808; x_wconf 89' lang='lat' dir='ltr'><strong>pars</strong></span> <span class='ocrx_word' id='word_1_113' title='bbox 694 1737 819 1812; x_wconf 83' lang='lat'><strong>63</strong></span> <span class='ocrx_word' id='word_1_114' title='bbox 857 1741 1134 1812; x_wconf 89' lang='lat' dir='ltr'><strong>posterior</strong></span> <span class='ocrx_word' id='word_1_115' title='bbox 1173 1758 1242 1796; x_wconf 91' lang='lat' dir='ltr'><strong>ex</strong></span> <span class='ocrx_word' id='word_1_116' title='bbox 1267 1742 1521 1796; x_wconf 90' lang='lat' dir='ltr'><strong>humeris</strong></span> <span class='ocrx_word' id='word_1_117' title='bbox 1558 1741 1882 1812; x_wconf 87' lang='lat' dir='ltr'><strong>dependens</strong></span> <span class='ocrx_word' id='word_1_118' title='bbox 1919 1757 2022 1811; x_wconf 89' lang='lat' dir='ltr'><strong>pro</strong></span> <span class='ocrx_word' id='word_1_119' title='bbox 2048 1756 2147 1794; x_wconf 86' lang='lat' dir='ltr'><strong>cu-</strong></span> 
     </span>
    </p>
   </div>
   <div class='ocr_carea' id='block_1_18' title="bbox 524 1833 2152 1906">
    <p class='ocr_par' dir='ltr' id='par_1_18' title="bbox 524 1833 2152 1906">
     <span class='ocr_line' id='line_1_18' title="bbox 524 1833 2152 1906; baseline -0.001 -18"><span class='ocrx_word' id='word_1_120' title='bbox 524 1833 670 1888; x_wconf 91' lang='lat' dir='ltr'><strong>cullo</strong></span> <span class='ocrx_word' id='word_1_121' title='bbox 695 1835 982 1902; x_wconf 89' lang='lat' dir='ltr'><strong>quondam</strong></span> <span class='ocrx_word' id='word_1_122' title='bbox 1009 1840 1128 1891; x_wconf 89' lang='lat' dir='ltr'><strong>erat</strong></span> <span class='ocrx_word' id='word_1_123' title='bbox 1153 1836 1223 1890; x_wconf 93' lang='lat' dir='ltr'><strong>ad</strong></span> <span class='ocrx_word' id='word_1_124' title='bbox 1243 1839 1413 1906; x_wconf 91' lang='lat' dir='ltr'><strong>caput</strong></span> <span class='ocrx_word' id='word_1_125' title='bbox 1437 1834 1833 1906; x_wconf 84' lang='lat' dir='ltr'><strong>Operiendum,</strong></span> <span class='ocrx_word' id='word_1_126' title='bbox 1857 1833 2042 1906; x_wconf 85' lang='lat' dir='ltr'><strong>qualis</strong></span> <span class='ocrx_word' id='word_1_127' title='bbox 2068 1836 2152 1886; x_wconf 86' lang='lat' dir='ltr'><strong>est</strong></span> 
     </span>
    </p>
   </div>
   <div class='ocr_carea' id='block_1_19' title="bbox 523 1925 2152 2004">
    <p class='ocr_par' dir='ltr' id='par_1_19' title="bbox 523 1925 2152 2004">
     <span class='ocr_line' id='line_1_19' title="bbox 523 1925 2152 2004; baseline -0.004 -17"><span class='ocrx_word' id='word_1_128' title='bbox 523 1949 580 1987; x_wconf 90' lang='lat' dir='ltr'><strong>ca</strong></span> <span class='ocrx_word' id='word_1_129' title='bbox 588 1949 701 2004; x_wconf 91' lang='lat' dir='ltr'><strong>ppa</strong></span> <span class='ocrx_word' id='word_1_130' title='bbox 721 1931 898 1986; x_wconf 88' lang='lat' dir='ltr'><strong>sancti</strong></span> <span class='ocrx_word' id='word_1_131' title='bbox 913 1929 1218 1986; x_wconf 89' lang='lat' dir='ltr'><strong>Audomari</strong></span> <span class='ocrx_word' id='word_1_132' title='bbox 1233 1928 1502 2000; x_wconf 89' lang='lat' dir='ltr'><strong>episcopi,</strong></span> <span class='ocrx_word' id='word_1_133' title='bbox 1525 1927 1585 1982; x_wconf 92' lang='lat' dir='ltr'><strong>in</strong></span> <span class='ocrx_word' id='word_1_134' title='bbox 1604 1927 1782 1982; x_wconf 84' lang='lat' dir='ltr'><strong>sancti</strong></span> <span class='ocrx_word' id='word_1_135' title='bbox 1803 1925 2017 1981; x_wconf 89' lang='lat' dir='ltr'><strong>Bertini</strong></span> <span class='ocrx_word' id='word_1_136' title='bbox 2036 1942 2152 1980; x_wconf 64' lang='lat' dir='ltr'><strong>mo«</strong></span> 
     </span>
    </p>
   </div>
   <div class='ocr_carea' id='block_1_20' title="bbox 525 2005 2152 2091">
    <p class='ocr_par' dir='ltr' id='par_1_20' title="bbox 525 2005 2152 2091">
     <span class='ocr_line' id='line_1_20' title="bbox 525 2005 2152 2091; baseline -0.006 -10"><span class='ocrx_word' id='word_1_137' title='bbox 525 2025 770 2080; x_wconf 88' lang='lat' dir='ltr'><strong>nasterio</strong></span> <span class='ocrx_word' id='word_1_138' title='bbox 804 2008 1079 2079; x_wconf 71' lang='lat' dir='ltr'><strong>hactenus</strong></span> <span class='ocrx_word' id='word_1_139' title='bbox 1115 2025 1409 2076; x_wconf 87' lang='lat' dir='ltr'><strong>asservata.</strong></span> <span class='ocrx_word' id='word_1_140' title='bbox 1453 2020 1712 2074; x_wconf 90' lang='lat' dir='ltr'><strong>Casulam</strong></span> <span class='ocrx_word' id='word_1_141' title='bbox 1746 2005 2152 2091; x_wconf 81' lang='lat' dir='ltr'><strong>processoriam</strong></span> 
     </span>
    </p>
   </div>
   <div class='ocr_carea' id='block_1_21' title="bbox 525 2111 2152 2189">
    <p class='ocr_par' dir='ltr' id='par_1_21' title="bbox 525 2111 2152 2189">
     <span class='ocr_line' id='line_1_21' title="bbox 525 2111 2152 2189; baseline -0.002 -19"><span class='ocrx_word' id='word_1_142' title='bbox 525 2121 684 2173; x_wconf 87' lang='lat' dir='ltr'><strong>vocat</strong></span> <span class='ocrx_word' id='word_1_143' title='bbox 709 2117 1020 2189; x_wconf 83' lang='lat' dir='ltr'><strong>Cyprianus</strong></span> <span class='ocrx_word' id='word_1_144' title='bbox 1036 2115 1329 2186; x_wconf 89' lang='lat' dir='ltr'><strong>episcopus</strong></span> <span class='ocrx_word' id='word_1_145' title='bbox 1349 2113 1671 2168; x_wconf 91' lang='lat' dir='ltr'><strong>Tolonensis</strong></span> <span class='ocrx_word' id='word_1_146' title='bbox 1686 2113 1745 2167; x_wconf 92' lang='lat' dir='ltr'><strong>in</strong></span> <span class='ocrx_word' id='word_1_147' title='bbox 1774 2112 1874 2167; x_wconf 89' lang='lat' dir='ltr'><strong>lib.</strong></span> <span class='ocrx_word' id='word_1_148' title='bbox 1898 2129 1917 2166; x_wconf 85' lang='lat'>1</span> <span class='ocrx_word' id='word_1_149' title='bbox 1935 2112 2006 2167; x_wconf 92' lang='lat' dir='ltr'><strong>de</strong></span> <span class='ocrx_word' id='word_1_150' title='bbox 2032 2111 2152 2166; x_wconf 87' lang='lat' dir='ltr'><strong>Vita</strong></span> 
     </span>
    </p>
   </div>
   <div class='ocr_carea' id='block_1_22' title="bbox 523 2205 2148 2282">
    <p class='ocr_par' dir='ltr' id='par_1_22' title="bbox 523 2205 2148 2282">
     <span class='ocr_line' id='line_1_22' title="bbox 523 2205 2148 2282; baseline -0.006 -16"><span class='ocrx_word' id='word_1_151' title='bbox 523 2210 752 2266; x_wconf 87' lang='lat' dir='ltr'><strong>Casarii</strong></span> <span class='ocrx_word' id='word_1_152' title='bbox 777 2209 1026 2282; x_wconf 89' lang='lat' dir='ltr'><strong>episcopi</strong></span> <span class='ocrx_word' id='word_1_153' title='bbox 1052 2207 1408 2278; x_wconf 83' lang='lat' dir='ltr'><strong>Arelatensis,</strong></span> <span class='ocrx_word' id='word_1_154' title='bbox 1436 2224 1597 2262; x_wconf 92' lang='lat' dir='ltr'><strong>num.</strong></span> <span class='ocrx_word' id='word_1_155' title='bbox 1632 2209 1720 2275; x_wconf 80' lang='lat'><strong>23,</strong></span> <span class='ocrx_word' id='word_1_156' title='bbox 1753 2205 1852 2278; x_wconf 88' lang='lat' dir='ltr'><strong>qui</strong></span> <span class='ocrx_word' id='word_1_157' title='bbox 1893 2206 2037 2259; x_wconf 90' lang='lat' dir='ltr'><strong>hanc</strong></span> <span class='ocrx_word' id='word_1_158' title='bbox 2057 2221 2148 2258; x_wconf 82' lang='lat' dir='ltr'><strong>ca-</strong></span> 
     </span>
    </p>
   </div>
   <div class='ocr_carea' id='block_1_23' title="bbox 526 2298 2154 2376">
    <p class='ocr_par' dir='ltr' id='par_1_23' title="bbox 526 2298 2154 2376">
     <span class='ocr_line' id='line_1_23' title="bbox 526 2298 2154 2376; baseline -0.004 -18"><span class='ocrx_word' id='word_1_159' title='bbox 526 2303 710 2358; x_wconf 87' lang='lat' dir='ltr'><strong>sulam</strong></span> <span class='ocrx_word' id='word_1_160' title='bbox 737 2326 766 2354; x_wconf 85' lang='lat'><strong>«</strong></span> <span class='ocrx_word' id='word_1_161' title='bbox 792 2304 1090 2376; x_wconf 88' lang='lat' dir='ltr'><strong>albamque</strong></span> <span class='ocrx_word' id='word_1_162' title='bbox 1111 2302 1456 2375; x_wconf 88' lang='lat' dir='ltr'><strong>paschalem,</strong></span> <span class='ocrx_word' id='word_1_163' title='bbox 1488 2323 1514 2350; x_wconf 72' lang='grc'>»</span> <span class='ocrx_word' id='word_1_164' title='bbox 1545 2299 1779 2372; x_wconf 88' lang='lat' dir='ltr'><strong>pauperi</strong></span> <span class='ocrx_word' id='word_1_165' title='bbox 1801 2298 2025 2353; x_wconf 90' lang='lat' dir='ltr'><strong>cuidam</strong></span> <span class='ocrx_word' id='word_1_166' title='bbox 2047 2299 2154 2352; x_wconf 89' lang='lat' dir='ltr'><strong>lar-</strong></span> 
     </span>
    </p>
   </div>
   <div class='ocr_carea' id='block_1_24' title="bbox 567 2397 809 2453">
    <p class='ocr_par' dir='ltr' id='par_1_24' title="bbox 567 2397 809 2453">
     <span class='ocr_line' id='line_1_24' title="bbox 567 2397 809 2453; baseline 0.004 -2"><span class='ocrx_word' id='word_1_167' title='bbox 567 2397 678 2453; x_wconf 92' lang='lat' dir='ltr'><strong>itus</strong></span> <span class='ocrx_word' id='word_1_168' title='bbox 705 2401 809 2452; x_wconf 89' lang='lat' dir='ltr'><strong>est.</strong></span> 
     </span>
    </p>
   </div>
   <div class='ocr_carea' id='block_1_25' title="bbox 528 2414 2148 2562">
    <p class='ocr_par' dir='ltr' id='par_1_25' title="bbox 528 2414 2148 2562">
     <span class='ocr_line' id='line_1_25' title="bbox 528 2414 809 2470; baseline 0.004 -19"><span class='ocrx_word' id='word_1_169' title='bbox 528 2414 678 2470; x_wconf 74' lang='lat' dir='ltr'><strong>gntus</strong></span> <span class='ocrx_word' id='word_1_170' title='bbox 705 2414 809 2452; x_wconf 79' lang='lat' dir='ltr'><strong>est.</strong></span> 
     </span>
     <span class='ocr_line' id='line_1_26' title="bbox 594 2485 2148 2562; baseline -0.005 -15"><span class='ocrx_word' id='word_1_171' title='bbox 594 2495 647 2547; x_wconf 87' lang='lat'><strong>3.</strong></span> <span class='ocrx_word' id='word_1_172' title='bbox 679 2492 903 2548; x_wconf 85' lang='lat' dir='ltr'><strong>Sacram</strong></span> <span class='ocrx_word' id='word_1_173' title='bbox 931 2489 1334 2562; x_wconf 90' lang='lat' dir='ltr'><strong>supellectilem</strong></span> <span class='ocrx_word' id='word_1_174' title='bbox 1359 2492 1576 2542; x_wconf 86' lang='lat' dir='ltr'><strong>veteres</strong></span> <span class='ocrx_word' id='word_1_175' title='bbox 1603 2503 1717 2542; x_wconf 88' lang='lat' dir='ltr'><strong>uno</strong></span> <span class='ocrx_word' id='word_1_176' title='bbox 1745 2485 2013 2541; x_wconf 90' lang='lat' dir='ltr'><strong>vocabulo</strong></span> <span class='ocrx_word' id='word_1_177' title='bbox 2040 2485 2148 2540; x_wconf 89' lang='lat' dir='ltr'><strong>mi-</strong></span> 
     </span>
    </p>
   </div>
   <div class='ocr_carea' id='block_1_26' title="bbox 521 2579 2151 2654">
    <p class='ocr_par' dir='ltr' id='par_1_26' title="bbox 521 2579 2151 2654">
     <span class='ocr_line' id='line_1_27' title="bbox 521 2579 2151 2654; baseline -0.005 -14"><span class='ocrx_word' id='word_1_178' title='bbox 521 2585 820 2640; x_wconf 88' lang='lat' dir='ltr'><strong>nisterium</strong></span> <span class='ocrx_word' id='word_1_179' title='bbox 859 2583 1108 2639; x_wconf 84' lang='lat' dir='ltr'><strong>ecclesiae</strong></span> <span class='ocrx_word' id='word_1_180' title='bbox 1150 2581 1526 2654; x_wconf 85' lang='lat' dir='ltr'><strong>appellabant.</strong></span> <span class='ocrx_word' id='word_1_181' title='bbox 1583 2579 1835 2635; x_wconf 81' lang='lat' dir='ltr'><strong>Eximius</strong></span> <span class='ocrx_word' id='word_1_182' title='bbox 1871 2592 1956 2634; x_wconf 82' lang='lat' dir='ltr'><strong>est</strong></span> <span class='ocrx_word' id='word_1_183' title='bbox 1997 2579 2151 2633; x_wconf 91' lang='lat' dir='ltr'><strong>locus</strong></span> 
     </span>
    </p>
   </div>
   <div class='ocr_carea' id='block_1_27' title="bbox 522 2671 2148 2748">
    <p class='ocr_par' dir='ltr' id='par_1_27' title="bbox 522 2671 2148 2748">
     <span class='ocr_line' id='line_1_28' title="bbox 522 2671 2148 2748; baseline -0.006 -15"><span class='ocrx_word' id='word_1_184' title='bbox 522 2679 672 2733; x_wconf 89' lang='lat' dir='ltr'><strong>inter</strong></span> <span class='ocrx_word' id='word_1_185' title='bbox 685 2677 825 2732; x_wconf 89' lang='lat' dir='ltr'><strong>alios</strong></span> <span class='ocrx_word' id='word_1_186' title='bbox 847 2677 998 2748; x_wconf 90' lang='lat' dir='ltr'><strong>apud</strong></span> <span class='ocrx_word' id='word_1_187' title='bbox 1027 2675 1362 2746; x_wconf 89' lang='lat' dir='ltr'><strong>Gregorium</strong></span> <span class='ocrx_word' id='word_1_188' title='bbox 1386 2678 1645 2729; x_wconf 90' lang='lat' dir='ltr'><strong>nostrum</strong></span> <span class='ocrx_word' id='word_1_189' title='bbox 1671 2673 1730 2727; x_wconf 91' lang='lat' dir='ltr'><strong>in</strong></span> <span class='ocrx_word' id='word_1_190' title='bbox 1752 2673 1849 2728; x_wconf 90' lang='lat' dir='ltr'><strong>lib.</strong></span> <span class='ocrx_word' id='word_1_191' title='bbox 1880 2688 1940 2726; x_wconf 84' lang='lat' dir='ltr'>III</span> <span class='ocrx_word' id='word_1_192' title='bbox 1967 2671 2148 2726; x_wconf 82' lang='lat' dir='ltr'><strong>Histo-</strong></span> 
     </span>
    </p>
   </div>
   <div class='ocr_carea' id='block_1_28' title="bbox 521 2764 2151 2842">
    <p class='ocr_par' dir='ltr' id='par_1_28' title="bbox 521 2764 2151 2842">
     <span class='ocr_line' id='line_1_29' title="bbox 521 2764 2151 2842; baseline -0.006 -15"><span class='ocrx_word' id='word_1_193' title='bbox 521 2772 623 2827; x_wconf 84' lang='lat' dir='ltr'><strong>ria</strong></span> <span class='ocrx_word' id='word_1_194' title='bbox 644 2788 767 2842; x_wconf 89' lang='lat' dir='ltr'><strong>cap.</strong></span> <span class='ocrx_word' id='word_1_195' title='bbox 792 2774 877 2840; x_wconf 80' lang='lat' dir='ltr'><strong>to,</strong></span> <span class='ocrx_word' id='word_1_196' title='bbox 899 2769 997 2824; x_wconf 91' lang='lat' dir='ltr'><strong>ubi</strong></span> <span class='ocrx_word' id='word_1_197' title='bbox 1018 2770 1086 2825; x_wconf 91' lang='lat' dir='ltr'><strong>de</strong></span> <span class='ocrx_word' id='word_1_198' title='bbox 1116 2768 1475 2824; x_wconf 87' lang='lat' dir='ltr'><strong>Childeberto</strong></span> <span class='ocrx_word' id='word_1_199' title='bbox 1503 2783 1658 2836; x_wconf 90' lang='lat' dir='ltr'><strong>rege,</strong></span> <span class='ocrx_word' id='word_1_200' title='bbox 1686 2765 1784 2836; x_wconf 85' lang='lat' dir='ltr'><strong>qui</strong></span> <span class='ocrx_word' id='word_1_201' title='bbox 1805 2781 1874 2820; x_wconf 91' lang='lat' dir='ltr'><strong>ex</strong></span> <span class='ocrx_word' id='word_1_202' title='bbox 1892 2764 2151 2836; x_wconf 86' lang='lat' dir='ltr'><strong>Hispania</strong></span> 
     </span>
    </p>
   </div>
   <div class='ocr_carea' id='block_1_29' title="bbox 526 2857 2149 2936">
    <p class='ocr_par' dir='ltr' id='par_1_29' title="bbox 526 2857 2149 2936">
     <span class='ocr_line' id='line_1_30' title="bbox 526 2857 2149 2936; baseline -0.005 -17"><span class='ocrx_word' id='word_1_203' title='bbox 526 2863 771 2932; x_wconf 90' lang='lat' dir='ltr'><strong>rediens,</strong></span> <span class='ocrx_word' id='word_1_204' title='bbox 789 2863 986 2917; x_wconf 88' lang='lat' dir='ltr'><strong>«inter</strong></span> <span class='ocrx_word' id='word_1_205' title='bbox 1008 2861 1254 2933; x_wconf 90' lang='lat' dir='ltr'><strong>reliquos</strong></span> <span class='ocrx_word' id='word_1_206' title='bbox 1280 2861 1574 2915; x_wconf 87' lang='lat' dir='ltr'><strong>thesauros</strong></span> <span class='ocrx_word' id='word_1_207' title='bbox 1598 2859 1912 2914; x_wconf 88' lang='lat' dir='ltr'><strong>ministeria</strong></span> <span class='ocrx_word' id='word_1_208' title='bbox 1937 2857 2149 2936; x_wconf 85' lang='lat' dir='ltr'><strong>pretio-</strong></span> 
     </span>
    </p>
   </div>
   <div class='ocr_carea' id='block_1_30' title="bbox 524 2951 2150 3024">
    <p class='ocr_par' dir='ltr' id='par_1_30' title="bbox 524 2951 2150 3024">
     <span class='ocr_line' id='line_1_31' title="bbox 524 2951 2150 3024; baseline -0.002 -13"><span class='ocrx_word' id='word_1_209' title='bbox 524 2956 741 3016; x_wconf 86' lang='lat' dir='ltr'><strong>sissima</strong></span> <span class='ocrx_word' id='word_1_210' title='bbox 767 2955 989 3024; x_wconf 86' lang='lat' dir='ltr'><strong>detulit,</strong></span> <span class='ocrx_word' id='word_1_211' title='bbox 1019 2974 1047 3006; x_wconf 82' lang='lat'><strong>»</strong></span> <span class='ocrx_word' id='word_1_212' title='bbox 1073 2954 1348 3008; x_wconf 90' lang='lat' dir='ltr'><strong>nimirum</strong></span> <span class='ocrx_word' id='word_1_213' title='bbox 1379 2976 1406 3001; x_wconf 86' lang='grc'><strong>‹‹</strong></span> <span class='ocrx_word' id='word_1_214' title='bbox 1427 2953 1718 3024; x_wconf 74' lang='lat' dir='ltr'><strong>sexaginta</strong></span> <span class='ocrx_word' id='word_1_215' title='bbox 1744 2953 1958 3020; x_wconf 88' lang='lat' dir='ltr'><strong>calices,</strong></span> <span class='ocrx_word' id='word_1_216' title='bbox 1987 2951 2150 3024; x_wconf 84' lang='lat' dir='ltr'><strong>quin-</strong></span> 
     </span>
    </p>
   </div>
   <div class='ocr_carea' id='block_1_31' title="bbox 524 3045 2148 3121">
    <p class='ocr_par' dir='ltr' id='par_1_31' title="bbox 524 3045 2148 3121">
     <span class='ocr_line' id='line_1_32' title="bbox 524 3045 2148 3121; baseline -0.004 -16"><span class='ocrx_word' id='word_1_217' title='bbox 524 3050 706 3106; x_wconf 89' lang='lat' dir='ltr'><strong>decim</strong></span> <span class='ocrx_word' id='word_1_218' title='bbox 733 3053 982 3121; x_wconf 88' lang='lat' dir='ltr'><strong>patenas,</strong></span> <span class='ocrx_word' id='word_1_219' title='bbox 1009 3047 1210 3120; x_wconf 81' lang='lat' dir='ltr'><strong>viginti</strong></span> <span class='ocrx_word' id='word_1_220' title='bbox 1242 3047 1674 3118; x_wconf 88' lang='lat' dir='ltr'><strong>Evangeliorum</strong></span> <span class='ocrx_word' id='word_1_221' title='bbox 1720 3063 1930 3118; x_wconf 85' lang='lat' dir='ltr'><strong>capsas,</strong></span> <span class='ocrx_word' id='word_1_222' title='bbox 1962 3045 2148 3099; x_wconf 90' lang='lat' dir='ltr'><strong>omnia</strong></span> 
     </span>
    </p>
   </div>
   <div class='ocr_carea' id='block_1_32' title="bbox 526 3140 2148 3215">
    <p class='ocr_par' dir='ltr' id='par_1_32' title="bbox 526 3140 2148 3215">
     <span class='ocr_line' id='line_1_33' title="bbox 526 3140 2148 3215; baseline -0.002 -17"><span class='ocrx_word' id='word_1_223' title='bbox 526 3161 594 3200; x_wconf 87' lang='lat' dir='ltr'><strong>ex</strong></span> <span class='ocrx_word' id='word_1_224' title='bbox 621 3158 758 3197; x_wconf 87' lang='lat' dir='ltr'><strong>auro</strong></span> <span class='ocrx_word' id='word_1_225' title='bbox 795 3158 961 3215; x_wconf 91' lang='lat' dir='ltr'><strong>puro,</strong></span> <span class='ocrx_word' id='word_1_226' title='bbox 989 3159 1052 3196; x_wconf 88' lang='lat' dir='ltr'><strong>ac</strong></span> <span class='ocrx_word' id='word_1_227' title='bbox 1092 3141 1332 3214; x_wconf 90' lang='lat' dir='ltr'><strong>gemmis</strong></span> <span class='ocrx_word' id='word_1_228' title='bbox 1373 3141 1631 3212; x_wconf 90' lang='lat' dir='ltr'><strong>pretiosis</strong></span> <span class='ocrx_word' id='word_1_229' title='bbox 1670 3145 1885 3195; x_wconf 88' lang='lat' dir='ltr'><strong>ornata.</strong></span> <span class='ocrx_word' id='word_1_230' title='bbox 1917 3162 1944 3188; x_wconf 82' lang='lat'>»</span> <span class='ocrx_word' id='word_1_231' title='bbox 1997 3140 2148 3194; x_wconf 89' lang='lat' dir='ltr'><strong>ldcm</strong></span> 
     </span>
    </p>
   </div>
   <div class='ocr_carea' id='block_1_33' title="bbox 525 3232 2144 3306">
    <p class='ocr_par' dir='ltr' id='par_1_33' title="bbox 525 3232 2144 3306">
     <span class='ocr_line' id='line_1_34' title="bbox 525 3232 2144 3306; baseline -0.003 -15"><span class='ocrx_word' id='word_1_232' title='bbox 525 3236 584 3292; x_wconf 90' lang='lat' dir='ltr'><strong>in</strong></span> <span class='ocrx_word' id='word_1_233' title='bbox 613 3237 714 3292; x_wconf 92' lang='lat' dir='ltr'><strong>lib.</strong></span> <span class='ocrx_word' id='word_1_234' title='bbox 741 3253 780 3291; x_wconf 85' lang='lat' dir='ltr'><strong>ll</strong></span> <span class='ocrx_word' id='word_1_235' title='bbox 808 3237 877 3292; x_wconf 90' lang='lat' dir='ltr'><strong>de</strong></span> <span class='ocrx_word' id='word_1_236' title='bbox 903 3235 1090 3291; x_wconf 89' lang='lat' dir='ltr'><strong>Gloria</strong></span> <span class='ocrx_word' id='word_1_237' title='bbox 1115 3241 1431 3306; x_wconf 81' lang='lat' dir='ltr'><strong>martyrum</strong></span> <span class='ocrx_word' id='word_1_238' title='bbox 1461 3251 1582 3306; x_wconf 89' lang='lat' dir='ltr'><strong>cap.</strong></span> <span class='ocrx_word' id='word_1_239' title='bbox 1607 3239 1658 3301; x_wconf 84' lang='lat'><strong>7,</strong></span> <span class='ocrx_word' id='word_1_240' title='bbox 1683 3234 1761 3288; x_wconf 91' lang='lat' dir='ltr'><strong>ait</strong></span> <span class='ocrx_word' id='word_1_241' title='bbox 1787 3232 2144 3304; x_wconf 88' lang='lat' dir='ltr'><strong>Burgundio-</strong></span> 
     </span>
    </p>
   </div>
   <div class='ocr_carea' id='block_1_34' title="bbox 524 3325 2147 3398">
    <p class='ocr_par' dir='ltr' id='par_1_34' title="bbox 524 3325 2147 3398">
     <span class='ocr_line' id='line_1_35' title="bbox 524 3325 2147 3398; baseline -0.004 -13"><span class='ocrx_word' id='word_1_242' title='bbox 524 3345 625 3386; x_wconf 88' lang='lat' dir='ltr'><strong>nes</strong></span> <span class='ocrx_word' id='word_1_243' title='bbox 650 3329 710 3384; x_wconf 93' lang='lat' dir='ltr'><strong>in</strong></span> <span class='ocrx_word' id='word_1_244' title='bbox 735 3330 1112 3384; x_wconf 86' lang='lat' dir='ltr'><strong>Brivatensem</strong></span> <span class='ocrx_word' id='word_1_245' title='bbox 1128 3329 1313 3383; x_wconf 85' lang='lat' dir='ltr'><strong>vicum</strong></span> <span class='ocrx_word' id='word_1_246' title='bbox 1342 3328 1590 3396; x_wconf 84' lang='lat' dir='ltr'><strong>irruisse,</strong></span> <span class='ocrx_word' id='word_1_247' title='bbox 1605 3333 1774 3398; x_wconf 90' lang='lat' dir='ltr'><strong>atque</strong></span> <span class='ocrx_word' id='word_1_248' title='bbox 1800 3325 1930 3380; x_wconf 90' lang='lat' dir='ltr'><strong>inde</strong></span> <span class='ocrx_word' id='word_1_249' title='bbox 1949 3326 2147 3380; x_wconf 87' lang='lat' dir='ltr'><strong>disces-</strong></span> 
     </span>
    </p>
   </div>
   <div class='ocr_carea' id='block_1_35' title="bbox 523 3421 2144 3494">
    <p class='ocr_par' dir='ltr' id='par_1_35' title="bbox 523 3421 2144 3494">
     <span class='ocr_line' id='line_1_36' title="bbox 523 3421 2144 3494; baseline -0.003 -16"><span class='ocrx_word' id='word_1_250' title='bbox 523 3425 654 3479; x_wconf 88' lang='lat' dir='ltr'><strong>sisse</strong></span> <span class='ocrx_word' id='word_1_251' title='bbox 699 3444 728 3475; x_wconf 74' lang='grc' dir='ltr'><strong><em>α</em></strong></span> <span class='ocrx_word' id='word_1_252' title='bbox 768 3422 988 3494; x_wconf 88' lang='lat' dir='ltr'><strong>direpto</strong></span> <span class='ocrx_word' id='word_1_253' title='bbox 1035 3421 1344 3476; x_wconf 88' lang='lat' dir='ltr'><strong>ministerio</strong></span> <span class='ocrx_word' id='word_1_254' title='bbox 1396 3424 1746 3474; x_wconf 90' lang='lat' dir='ltr'><strong>sacrosancto</strong></span> <span class='ocrx_word' id='word_1_255' title='bbox 1789 3439 1816 3470; x_wconf 88' lang='lat'>»</span> <span class='ocrx_word' id='word_1_256' title='bbox 1863 3437 1876 3474; x_wconf 92' lang='lat'><strong>:</strong></span> <span class='ocrx_word' id='word_1_257' title='bbox 1923 3435 1993 3473; x_wconf 90' lang='lat' dir='ltr'><strong>ex</strong></span> <span class='ocrx_word' id='word_1_258' title='bbox 2032 3436 2144 3490; x_wconf 90' lang='lat' dir='ltr'><strong>quo</strong></span> 
     </span>
    </p>
   </div>
   <div class='ocr_carea' id='block_1_36' title="bbox 524 3513 2141 3589">
    <p class='ocr_par' dir='ltr' id='par_1_36' title="bbox 524 3513 2141 3589">
     <span class='ocr_line' id='line_1_37' title="bbox 524 3513 2141 3589; baseline -0.004 -18"><span class='ocrx_word' id='word_1_259' title='bbox 524 3520 769 3589; x_wconf 86' lang='lat' dir='ltr'><strong>quatuor</strong></span> <span class='ocrx_word' id='word_1_260' title='bbox 786 3531 981 3570; x_wconf 89' lang='lat' dir='ltr'><strong>eorum</strong></span> <span class='ocrx_word' id='word_1_261' title='bbox 999 3513 1301 3586; x_wconf 81' lang='lat' dir='ltr'><strong>perfugam</strong></span> <span class='ocrx_word' id='word_1_262' title='bbox 1318 3513 1515 3584; x_wconf 85' lang='lat' dir='ltr'><strong>lapsi,«</strong></span> <span class='ocrx_word' id='word_1_263' title='bbox 1529 3517 1794 3584; x_wconf 85' lang='lat' dir='ltr'><strong>patenam</strong></span> <span class='ocrx_word' id='word_1_264' title='bbox 1813 3516 1867 3566; x_wconf 89' lang='lat' dir='ltr'><strong>et</strong></span> <span class='ocrx_word' id='word_1_265' title='bbox 1887 3527 2141 3577; x_wconf 54' lang='lat' dir='ltr'><strong>urceum.</strong></span> 
     </span>
    </p>
   </div>
   <div class='ocr_carea' id='block_1_37' title="bbox 519 3605 2145 3685">
    <p class='ocr_par' dir='ltr' id='par_1_37' title="bbox 519 3605 2145 3685">
     <span class='ocr_line' id='line_1_38' title="bbox 519 3605 2145 3685; baseline -0.004 -21"><span class='ocrx_word' id='word_1_266' title='bbox 519 3611 619 3685; x_wconf 87' lang='lat' dir='ltr'><strong>qui</strong></span> <span class='ocrx_word' id='word_1_267' title='bbox 647 3626 791 3664; x_wconf 87' lang='lat' dir='ltr'><strong>anax</strong></span> <span class='ocrx_word' id='word_1_268' title='bbox 817 3608 1039 3676; x_wconf 89' lang='lat' dir='ltr'><strong>dicitur,</strong></span> <span class='ocrx_word' id='word_1_269' title='bbox 1066 3627 1092 3658; x_wconf 85' lang='lat'><strong>»</strong></span> <span class='ocrx_word' id='word_1_270' title='bbox 1116 3607 1174 3662; x_wconf 94' lang='lat' dir='ltr'><strong>in</strong></span> <span class='ocrx_word' id='word_1_271' title='bbox 1203 3606 1445 3679; x_wconf 87' lang='lat' dir='ltr'><strong>patriam</strong></span> <span class='ocrx_word' id='word_1_272' title='bbox 1465 3605 1786 3672; x_wconf 90' lang='lat' dir='ltr'><strong>detulerint,</strong></span> <span class='ocrx_word' id='word_1_273' title='bbox 1811 3609 1866 3659; x_wconf 92' lang='lat' dir='ltr'><strong>et</strong></span> <span class='ocrx_word' id='word_1_274' title='bbox 1883 3608 2145 3676; x_wconf 90' lang='lat' dir='ltr'><strong>patenam</strong></span> 
     </span>
    </p>
   </div>
   <div class='ocr_carea' id='block_1_38' title="bbox 519 3701 2146 3776">
    <p class='ocr_par' dir='ltr' id='par_1_38' title="bbox 519 3701 2146 3776">
     <span class='ocr_line' id='line_1_39' title="bbox 519 3701 2146 3776; baseline -0.004 -18"><span class='ocrx_word' id='word_1_275' title='bbox 519 3704 750 3776; x_wconf 87' lang='lat' dir='ltr'><strong>quidem</strong></span> <span class='ocrx_word' id='word_1_276' title='bbox 793 3702 1042 3757; x_wconf 89' lang='lat' dir='ltr'><strong>divisisse</strong></span> <span class='ocrx_word' id='word_1_277' title='bbox 1089 3701 1146 3756; x_wconf 92' lang='lat' dir='ltr'><strong>in</strong></span> <span class='ocrx_word' id='word_1_278' title='bbox 1185 3701 1388 3755; x_wconf 90' lang='lat' dir='ltr'><strong>multas</strong></span> <span class='ocrx_word' id='word_1_279' title='bbox 1423 3704 1638 3770; x_wconf 88' lang='lat' dir='ltr'><strong>partes;</strong></span> <span class='ocrx_word' id='word_1_280' title='bbox 1683 3715 1914 3753; x_wconf 90' lang='lat' dir='ltr'><strong>urceum</strong></span> <span class='ocrx_word' id='word_1_281' title='bbox 1955 3702 2146 3752; x_wconf 88' lang='lat' dir='ltr'><strong>autem</strong></span> 
     </span>
    </p>
   </div>
   <div class='ocr_carea' id='block_1_39' title="bbox 518 3791 2147 3870">
    <p class='ocr_par' dir='ltr' id='par_1_39' title="bbox 518 3791 2147 3870">
     <span class='ocr_line' id='line_1_40' title="bbox 518 3791 2147 3870; baseline -0.006 -17"><span class='ocrx_word' id='word_1_282' title='bbox 518 3795 1014 3870; x_wconf 38' lang='lat' dir='ltr'><strong>regi‘Gundobado</strong></span> <span class='ocrx_word' id='word_1_283' title='bbox 1037 3795 1107 3849; x_wconf 91' lang='lat' dir='ltr'><strong>ab</strong></span> <span class='ocrx_word' id='word_1_284' title='bbox 1134 3794 1271 3866; x_wconf 88' lang='lat' dir='ltr'><strong>ipsis</strong></span> <span class='ocrx_word' id='word_1_285' title='bbox 1297 3793 1467 3847; x_wconf 87' lang='lat' dir='ltr'><strong>fuisse</strong></span> <span class='ocrx_word' id='word_1_286' title='bbox 1495 3792 1770 3861; x_wconf 89' lang='lat' dir='ltr'><strong>oblatum,</strong></span> <span class='ocrx_word' id='word_1_287' title='bbox 1799 3796 1863 3846; x_wconf 90' lang='lat' dir='ltr'><strong>ut</strong></span> <span class='ocrx_word' id='word_1_288' title='bbox 1885 3791 2033 3846; x_wconf 90' lang='lat' dir='ltr'><strong>idem</strong></span> <span class='ocrx_word' id='word_1_289' title='bbox 2052 3807 2147 3845; x_wconf 85' lang='lat' dir='ltr'><strong>au-</strong></span> 
     </span>
    </p>
   </div>
   <div class='ocr_carea' id='block_1_40' title="bbox 521 3884 2142 3958">
    <p class='ocr_par' dir='ltr' id='par_1_40' title="bbox 521 3884 2142 3958">
     <span class='ocr_line' id='line_1_41' title="bbox 521 3884 2142 3958; baseline -0.006 -12"><span class='ocrx_word' id='word_1_290' title='bbox 521 3895 642 3946; x_wconf 92' lang='lat' dir='ltr'><strong>ctor</strong></span> <span class='ocrx_word' id='word_1_291' title='bbox 665 3888 858 3943; x_wconf 87' lang='lat' dir='ltr'><strong>subdit</strong></span> <span class='ocrx_word' id='word_1_292' title='bbox 881 3888 939 3942; x_wconf 92' lang='lat' dir='ltr'><strong>in</strong></span> <span class='ocrx_word' id='word_1_293' title='bbox 967 3886 1148 3958; x_wconf 89' lang='lat' dir='ltr'><strong>capite</strong></span> <span class='ocrx_word' id='word_1_294' title='bbox 1175 3887 1228 3939; x_wconf 91' lang='lat'><strong>8.</strong></span> <span class='ocrx_word' id='word_1_295' title='bbox 1256 3887 1464 3939; x_wconf 89' lang='lat' dir='ltr'><strong>Patena</strong></span> <span class='ocrx_word' id='word_1_296' title='bbox 1492 3884 1584 3938; x_wconf 90' lang='lat' dir='ltr'><strong>illa</strong></span> <span class='ocrx_word' id='word_1_297' title='bbox 1623 3884 1741 3938; x_wconf 90' lang='lat' dir='ltr'><strong>sine</strong></span> <span class='ocrx_word' id='word_1_298' title='bbox 1777 3885 1949 3939; x_wconf 88' lang='lat' dir='ltr'><strong>dubio</strong></span> <span class='ocrx_word' id='word_1_299' title='bbox 1977 3901 2142 3956; x_wconf 89' lang='lat' dir='ltr'><strong>capa-</strong></span> 
     </span>
    </p>
   </div>
   <div class='ocr_carea' id='block_1_41' title="bbox 519 3976 2146 4049">
    <p class='ocr_par' dir='ltr' id='par_1_41' title="bbox 519 3976 2146 4049">
     <span class='ocr_line' id='line_1_42' title="bbox 519 3976 2146 4049; baseline -0.004 -11"><span class='ocrx_word' id='word_1_300' title='bbox 519 3982 744 4038; x_wconf 87' lang='lat' dir='ltr'><strong>cissima</strong></span> <span class='ocrx_word' id='word_1_301' title='bbox 767 3985 905 4049; x_wconf 90' lang='lat' dir='ltr'><strong>erat,</strong></span> <span class='ocrx_word' id='word_1_302' title='bbox 938 3979 1132 4033; x_wconf 90' lang='lat' dir='ltr'><strong>similis</strong></span> <span class='ocrx_word' id='word_1_303' title='bbox 1159 3977 1212 4032; x_wconf 92' lang='lat' dir='ltr'><strong>ei</strong></span> <span class='ocrx_word' id='word_1_304' title='bbox 1243 3977 1312 4031; x_wconf 90' lang='lat' dir='ltr'><strong>de</strong></span> <span class='ocrx_word' id='word_1_305' title='bbox 1338 3993 1451 4048; x_wconf 89' lang='lat' dir='ltr'><strong>qua</strong></span> <span class='ocrx_word' id='word_1_306' title='bbox 1479 3976 1671 4030; x_wconf 88' lang='lat' dir='ltr'><strong>scribit</strong></span> <span class='ocrx_word' id='word_1_307' title='bbox 1697 3977 1814 4048; x_wconf 89' lang='lat' dir='ltr'><strong>ipse</strong></span> <span class='ocrx_word' id='word_1_308' title='bbox 1842 3978 2146 4049; x_wconf 81' lang='lat' dir='ltr'><strong>Gregorius</strong></span> 
     </span>
    </p>
   </div>
   <div class='ocr_carea' id='block_1_42' title="bbox 519 4070 2146 4142">
    <p class='ocr_par' dir='ltr' id='par_1_42' title="bbox 519 4070 2146 4142">
     <span class='ocr_line' id='line_1_43' title="bbox 519 4070 2146 4142; baseline -0.003 -11"><span class='ocrx_word' id='word_1_309' title='bbox 519 4077 578 4132; x_wconf 88' lang='lat' dir='ltr'><strong>in</strong></span> <span class='ocrx_word' id='word_1_310' title='bbox 605 4075 704 4130; x_wconf 86' lang='lat' dir='ltr'><strong>lib.</strong></span> <span class='ocrx_word' id='word_1_311' title='bbox 733 4091 752 4128; x_wconf 81' lang='grc' dir='ltr'>ι</span> <span class='ocrx_word' id='word_1_312' title='bbox 779 4073 915 4128; x_wconf 89' lang='lat' dir='ltr'><strong>item</strong></span> <span class='ocrx_word' id='word_1_313' title='bbox 943 4073 1013 4126; x_wconf 91' lang='lat' dir='ltr'><strong>de</strong></span> <span class='ocrx_word' id='word_1_314' title='bbox 1041 4070 1227 4126; x_wconf 89' lang='lat' dir='ltr'><strong>Gloria</strong></span> <span class='ocrx_word' id='word_1_315' title='bbox 1253 4074 1568 4141; x_wconf 86' lang='lat' dir='ltr'><strong>martyrum</strong></span> <span class='ocrx_word' id='word_1_316' title='bbox 1595 4087 1717 4142; x_wconf 89' lang='lat' dir='ltr'><strong>cap.</strong></span> <span class='ocrx_word' id='word_1_317' title='bbox 1745 4075 1832 4126; x_wconf 76' lang='lat'><strong>85.</strong></span> <span class='ocrx_word' id='word_1_318' title='bbox 1862 4071 1966 4136; x_wconf 88' lang='lat' dir='ltr'><strong>Qui</strong></span> <span class='ocrx_word' id='word_1_319' title='bbox 1995 4073 2146 4126; x_wconf 91' lang='lat' dir='ltr'><strong>locus</strong></span> 
     </span>
    </p>
   </div>
   <div class='ocr_carea' id='block_1_43' title="bbox 521 4163 2147 4240">
    <p class='ocr_par' dir='ltr' id='par_1_43' title="bbox 521 4163 2147 4240">
     <span class='ocr_line' id='line_1_44' title="bbox 521 4163 2147 4240; baseline -0.003 -17"><span class='ocrx_word' id='word_1_320' title='bbox 521 4167 790 4240; x_wconf 89' lang='lat' dir='ltr'><strong>quoniam</strong></span> <span class='ocrx_word' id='word_1_321' title='bbox 825 4181 1094 4237; x_wconf 88' lang='lat' dir='ltr'><strong>magnam</strong></span> <span class='ocrx_word' id='word_1_322' title='bbox 1126 4163 1186 4218; x_wconf 91' lang='lat' dir='ltr'><strong>in</strong></span> <span class='ocrx_word' id='word_1_323' title='bbox 1219 4180 1347 4216; x_wconf 89' lang='lat' dir='ltr'><strong>vasa</strong></span> <span class='ocrx_word' id='word_1_324' title='bbox 1390 4179 1546 4217; x_wconf 88' lang='lat' dir='ltr'><strong>sacra</strong></span> <span class='ocrx_word' id='word_1_325' title='bbox 1587 4165 1957 4218; x_wconf 86' lang='lat' dir='ltr'><strong>reverentiam</strong></span> <span class='ocrx_word' id='word_1_326' title='bbox 1993 4164 2147 4218; x_wconf 89' lang='lat' dir='ltr'><strong>exhi-</strong></span> 
     </span>
    </p>
   </div>
   <div class='ocr_carea' id='block_1_44' title="bbox 520 4257 2146 4329">
    <p class='ocr_par' dir='ltr' id='par_1_44' title="bbox 520 4257 2146 4329">
     <span class='ocr_line' id='line_1_45' title="bbox 520 4257 2146 4329; baseline -0.002 -13"><span class='ocrx_word' id='word_1_327' title='bbox 520 4261 635 4326; x_wconf 90' lang='lat' dir='ltr'><strong>bet,</strong></span> <span class='ocrx_word' id='word_1_328' title='bbox 679 4259 771 4315; x_wconf 90' lang='lat' dir='ltr'><strong>hic</strong></span> <span class='ocrx_word' id='word_1_329' title='bbox 821 4276 890 4314; x_wconf 88' lang='lat' dir='ltr'><strong>ex</strong></span> <span class='ocrx_word' id='word_1_330' title='bbox 930 4258 1154 4329; x_wconf 85' lang='lat' dir='ltr'><strong>integro</strong></span> <span class='ocrx_word' id='word_1_331' title='bbox 1191 4257 1519 4312; x_wconf 85' lang='lat' dir='ltr'><strong>referendus</strong></span> <span class='ocrx_word' id='word_1_332' title='bbox 1555 4261 1658 4312; x_wconf 86' lang='lat' dir='ltr'><strong>est.</strong></span> <span class='ocrx_word' id='word_1_333' title='bbox 1693 4277 1720 4308; x_wconf 83' lang='lat'><strong><em>«</em></strong></span> <span class='ocrx_word' id='word_1_334' title='bbox 1750 4258 2146 4312; x_wconf 87' lang='lat' dir='ltr'><strong>Britannorum</strong></span> 
     </span>
    </p>
   </div>
   <div class='ocr_carea' id='block_1_45' title="bbox 441 4350 2148 4425">
    <p class='ocr_par' dir='ltr' id='par_1_45' title="bbox 441 4350 2148 4425">
     <span class='ocr_line' id='line_1_46' title="bbox 441 4350 2148 4425; baseline -0.002 -16"><span class='ocrx_word' id='word_1_335' title='bbox 441 4413 448 4425; x_wconf 69' lang='grc' dir='ltr'><strong> </strong></span> <span class='ocrx_word' id='word_1_336' title='bbox 521 4369 707 4408; x_wconf 88' lang='lat' dir='ltr'><strong>comes</strong></span> <span class='ocrx_word' id='word_1_337' title='bbox 735 4369 863 4408; x_wconf 93' lang='lat' dir='ltr'><strong>cum</strong></span> <span class='ocrx_word' id='word_1_338' title='bbox 895 4353 1142 4424; x_wconf 87' lang='lat' dir='ltr'><strong>graviter</strong></span> <span class='ocrx_word' id='word_1_339' title='bbox 1169 4368 1201 4404; x_wconf 90' lang='lat' dir='ltr'><strong>a</strong></span> <span class='ocrx_word' id='word_1_340' title='bbox 1230 4350 1515 4404; x_wconf 92' lang='lat' dir='ltr'><strong>doloribus</strong></span> <span class='ocrx_word' id='word_1_341' title='bbox 1550 4351 1763 4422; x_wconf 90' lang='lat' dir='ltr'><strong>pedum</strong></span> <span class='ocrx_word' id='word_1_342' title='bbox 1799 4351 2148 4422; x_wconf 86' lang='lat' dir='ltr'><strong>aftligeretur</strong></span> 
     </span>
    </p>
   </div>
   <div class='ocr_carea' id='block_1_46' title="bbox 521 4443 2146 4519">
    <p class='ocr_par' dir='ltr' id='par_1_46' title="bbox 521 4443 2146 4519">
     <span class='ocr_line' id='line_1_47' title="bbox 521 4443 2146 4519; baseline -0.002 -17"><span class='ocrx_word' id='word_1_343' title='bbox 521 4452 577 4502; x_wconf 91' lang='lat' dir='ltr'><strong>et</strong></span> <span class='ocrx_word' id='word_1_344' title='bbox 601 4463 706 4519; x_wconf 89' lang='lat' dir='ltr'><strong>per</strong></span> <span class='ocrx_word' id='word_1_345' title='bbox 738 4445 983 4500; x_wconf 90' lang='lat' dir='ltr'><strong>medicos</strong></span> <span class='ocrx_word' id='word_1_346' title='bbox 1019 4443 1345 4516; x_wconf 86' lang='lat' dir='ltr'><strong>expendens</strong></span> <span class='ocrx_word' id='word_1_347' title='bbox 1377 4443 1746 4498; x_wconf 84' lang='lat' dir='ltr'><strong>substantiam</strong></span> <span class='ocrx_word' id='word_1_348' title='bbox 1789 4461 1968 4513; x_wconf 91' lang='lat' dir='ltr'><strong>suam,</strong></span> <span class='ocrx_word' id='word_1_349' title='bbox 2003 4443 2146 4498; x_wconf 88' lang='lat' dir='ltr'><strong>nihil</strong></span> 
     </span>
    </p>
   </div>
   <div class='ocr_carea' id='block_1_47' title="bbox 520 4535 2146 4608">
    <p class='ocr_par' dir='ltr' id='par_1_47' title="bbox 520 4535 2146 4608">
     <span class='ocr_line' id='line_1_48' title="bbox 520 4535 2146 4608; baseline -0.002 -12"><span class='ocrx_word' id='word_1_350' title='bbox 520 4539 869 4596; x_wconf 88' lang='lat' dir='ltr'><strong>commodius</strong></span> <span class='ocrx_word' id='word_1_351' title='bbox 904 4537 1210 4606; x_wconf 87' lang='lat' dir='ltr'><strong>habuisset,</strong></span> <span class='ocrx_word' id='word_1_352' title='bbox 1237 4537 1379 4592; x_wconf 89' lang='lat' dir='ltr'><strong>dixit</strong></span> <span class='ocrx_word' id='word_1_353' title='bbox 1413 4535 1464 4591; x_wconf 92' lang='lat' dir='ltr'><strong>ei</strong></span> <span class='ocrx_word' id='word_1_354' title='bbox 1490 4535 1722 4608; x_wconf 90' lang='lat' dir='ltr'><strong>quidam</strong></span> <span class='ocrx_word' id='word_1_355' title='bbox 1751 4537 1820 4592; x_wconf 91' lang='lat' dir='ltr'><strong>de</strong></span> <span class='ocrx_word' id='word_1_356' title='bbox 1847 4536 1962 4592; x_wconf 89' lang='lat' dir='ltr'><strong>suis</strong></span> <span class='ocrx_word' id='word_1_357' title='bbox 1987 4553 2000 4591; x_wconf 90' lang='lat'><strong>:</strong></span> <span class='ocrx_word' id='word_1_358' title='bbox 2037 4561 2064 4586; x_wconf 89' lang='grc'><strong>‹‹</strong></span> <span class='ocrx_word' id='word_1_359' title='bbox 2091 4537 2146 4593; x_wconf 92' lang='lat' dir='ltr'><strong>Si</strong></span> 
     </span>
    </p>
   </div>
   <div class='ocr_carea' id='block_1_48' title="bbox 2247 616 3900 689">
    <p class='ocr_par' dir='ltr' id='par_1_48' title="bbox 2247 616 3900 689">
     <span class='ocr_line' id='line_1_49' title="bbox 2247 616 3900 689; baseline -0.001 -16"><span class='ocrx_word' id='word_1_360' title='bbox 2247 635 2406 673; x_wconf 89' lang='lat' dir='ltr'><strong>mens</strong></span> <span class='ocrx_word' id='word_1_361' title='bbox 2431 635 2465 672; x_wconf 89' lang='lat' dir='ltr'><strong>a</strong></span> <span class='ocrx_word' id='word_1_362' title='bbox 2501 619 2692 674; x_wconf 83' lang='lat' dir='ltr'><strong>furore</strong></span> <span class='ocrx_word' id='word_1_363' title='bbox 2729 617 3139 674; x_wconf 88' lang='lat' dir='ltr'><strong>Guntchramni</strong></span> <span class='ocrx_word' id='word_1_364' title='bbox 3176 617 3328 689; x_wconf 88' lang='lat' dir='ltr'><strong>regis</strong></span> <span class='ocrx_word' id='word_1_365' title='bbox 3351 617 3625 688; x_wconf 89' lang='lat' dir='ltr'><strong>militum,</strong></span> <span class='ocrx_word' id='word_1_366' title='bbox 3659 616 3900 674; x_wconf 70' lang='lat' dir='ltr'><strong>effracto</strong></span> 
     </span>
    </p>
   </div>
   <div class='ocr_carea' id='block_1_49' title="bbox 2246 711 3897 781">
    <p class='ocr_par' dir='ltr' id='par_1_49' title="bbox 2246 711 3897 781">
     <span class='ocr_line' id='line_1_50' title="bbox 2246 711 3897 781; baseline 0 -15"><span class='ocrx_word' id='word_1_367' title='bbox 2246 728 2361 766; x_wconf 90' lang='lat' dir='ltr'><strong>uno</strong></span> <span class='ocrx_word' id='word_1_368' title='bbox 2387 713 2455 768; x_wconf 92' lang='lat' dir='ltr'><strong>de</strong></span> <span class='ocrx_word' id='word_1_369' title='bbox 2489 712 2658 767; x_wconf 87' lang='lat' dir='ltr'><strong>sacris</strong></span> <span class='ocrx_word' id='word_1_370' title='bbox 2689 711 3016 768; x_wconf 89' lang='lat' dir='ltr'><strong>ministeriis</strong></span> <span class='ocrx_word' id='word_1_371' title='bbox 3047 711 3217 768; x_wconf 89' lang='lat' dir='ltr'><strong>calice</strong></span> <span class='ocrx_word' id='word_1_372' title='bbox 3257 728 3455 781; x_wconf 91' lang='lat' dir='ltr'><strong>aureo,</strong></span> <span class='ocrx_word' id='word_1_373' title='bbox 3489 716 3546 768; x_wconf 89' lang='lat' dir='ltr'><strong>et</strong></span> <span class='ocrx_word' id='word_1_374' title='bbox 3573 711 3635 766; x_wconf 92' lang='lat' dir='ltr'><strong>in</strong></span> <span class='ocrx_word' id='word_1_375' title='bbox 3667 711 3897 766; x_wconf 89' lang='lat' dir='ltr'><strong>numis-</strong></span> 
     </span>
    </p>
   </div>
   <div class='ocr_carea' id='block_1_50' title="bbox 2249 804 3900 878">
    <p class='ocr_par' dir='ltr' id='par_1_50' title="bbox 2249 804 3900 878">
     <span class='ocr_line' id='line_1_51' title="bbox 2249 804 3900 878; baseline 0 -19"><span class='ocrx_word' id='word_1_376' title='bbox 2249 809 2398 860; x_wconf 87' lang='lat' dir='ltr'><strong>mata</strong></span> <span class='ocrx_word' id='word_1_377' title='bbox 2441 806 2687 876; x_wconf 87' lang='lat' dir='ltr'><strong>redacto,</strong></span> <span class='ocrx_word' id='word_1_378' title='bbox 2728 823 2786 860; x_wconf 91' lang='lat' dir='ltr'><strong>se</strong></span> <span class='ocrx_word' id='word_1_379' title='bbox 2832 805 3227 878; x_wconf 90' lang='lat' dir='ltr'><strong>populumque</strong></span> <span class='ocrx_word' id='word_1_380' title='bbox 3269 805 3532 860; x_wconf 88' lang='lat' dir='ltr'><strong>redemit.</strong></span> <span class='ocrx_word' id='word_1_381' title='bbox 3577 804 3900 876; x_wconf 86' lang='lat' dir='ltr'><strong>Gregorius</strong></span> 
     </span>
    </p>
   </div>
   <div class='ocr_carea' id='block_1_51' title="bbox 2249 898 3898 970">
    <p class='ocr_par' dir='ltr' id='par_1_51' title="bbox 2249 898 3898 970">
     <span class='ocr_line' id='line_1_52' title="bbox 2249 898 3898 970; baseline -0.001 -17"><span class='ocrx_word' id='word_1_382' title='bbox 2249 903 2442 954; x_wconf 91' lang='lat' dir='ltr'><strong>auctor</strong></span> <span class='ocrx_word' id='word_1_383' title='bbox 2475 899 2536 953; x_wconf 93' lang='lat' dir='ltr'><strong>in</strong></span> <span class='ocrx_word' id='word_1_384' title='bbox 2571 899 2826 953; x_wconf 90' lang='lat' dir='ltr'><strong>Historia</strong></span> <span class='ocrx_word' id='word_1_385' title='bbox 2857 898 2957 954; x_wconf 90' lang='lat' dir='ltr'><strong>lib.</strong></span> <span class='ocrx_word' id='word_1_386' title='bbox 2989 914 3062 952; x_wconf 84' lang='lat' dir='ltr'><strong>vn</strong></span> <span class='ocrx_word' id='word_1_387' title='bbox 3089 915 3213 970; x_wconf 90' lang='lat' dir='ltr'><strong>cap.</strong></span> <span class='ocrx_word' id='word_1_388' title='bbox 3247 899 3338 953; x_wconf 77' lang='grc'><strong>24.</strong></span> <span class='ocrx_word' id='word_1_389' title='bbox 3367 899 3485 952; x_wconf 87' lang='lat' dir='ltr'><strong>Huc</strong></span> <span class='ocrx_word' id='word_1_390' title='bbox 3523 903 3752 969; x_wconf 88' lang='lat' dir='ltr'><strong>spectat</strong></span> <span class='ocrx_word' id='word_1_391' title='bbox 3781 900 3898 952; x_wconf 88' lang='lat' dir='ltr'><strong>fac-</strong></span> 
     </span>
    </p>
   </div>
   <div class='ocr_carea' id='block_1_52' title="bbox 2248 991 3897 1064">
    <p class='ocr_par' dir='ltr' id='par_1_52' title="bbox 2248 991 3897 1064">
     <span class='ocr_line' id='line_1_53' title="bbox 2248 991 3897 1064; baseline -0.001 -16"><span class='ocrx_word' id='word_1_392' title='bbox 2248 998 2370 1048; x_wconf 92' lang='lat' dir='ltr'><strong>tum</strong></span> <span class='ocrx_word' id='word_1_393' title='bbox 2403 993 2625 1048; x_wconf 86' lang='lat' dir='ltr'><strong>Casarii</strong></span> <span class='ocrx_word' id='word_1_394' title='bbox 2651 991 2984 1046; x_wconf 81' lang='lat' dir='ltr'><strong>Arelatensis</strong></span> <span class='ocrx_word' id='word_1_395' title='bbox 3010 992 3276 1063; x_wconf 87' lang='lat' dir='ltr'><strong>episcopi,</strong></span> <span class='ocrx_word' id='word_1_396' title='bbox 3311 991 3411 1064; x_wconf 89' lang='lat' dir='ltr'><strong>qui</strong></span> <span class='ocrx_word' id='word_1_397' title='bbox 3440 991 3500 1046; x_wconf 91' lang='lat' dir='ltr'><strong>in</strong></span> <span class='ocrx_word' id='word_1_398' title='bbox 3529 992 3897 1063; x_wconf 89' lang='lat' dir='ltr'><strong>redemptio-</strong></span> 
     </span>
    </p>
   </div>
   <div class='ocr_carea' id='block_1_53' title="bbox 2247 1085 3904 1158">
    <p class='ocr_par' dir='ltr' id='par_1_53' title="bbox 2247 1085 3904 1158">
     <span class='ocr_line' id='line_1_54' title="bbox 2247 1085 3904 1158; baseline 0 -18"><span class='ocrx_word' id='word_1_399' title='bbox 2247 1102 2380 1141; x_wconf 89' lang='lat' dir='ltr'><strong>nem</strong></span> <span class='ocrx_word' id='word_1_400' title='bbox 2401 1086 2746 1158; x_wconf 91' lang='lat' dir='ltr'><strong>eaptivorum</strong></span> <span class='ocrx_word' id='word_1_401' title='bbox 2771 1104 2798 1137; x_wconf 83' lang='grc'><strong>‹‹</strong></span> <span class='ocrx_word' id='word_1_402' title='bbox 2822 1102 3068 1157; x_wconf 89' lang='lat' dir='ltr'><strong>expenso</strong></span> <span class='ocrx_word' id='word_1_403' title='bbox 3094 1089 3352 1155; x_wconf 86' lang='lat' dir='ltr'><strong>argento,</strong></span> <span class='ocrx_word' id='word_1_404' title='bbox 3375 1085 3527 1158; x_wconf 90' lang='lat' dir='ltr'><strong>quod</strong></span> <span class='ocrx_word' id='word_1_405' title='bbox 3548 1085 3904 1140; x_wconf 81' lang='lat' dir='ltr'><strong>venerabilis</strong></span> 
     </span>
    </p>
   </div>
   <div class='ocr_carea' id='block_1_54' title="bbox 2247 1178 3901 1250">
    <p class='ocr_par' dir='ltr' id='par_1_54' title="bbox 2247 1178 3901 1250">
     <span class='ocr_line' id='line_1_55' title="bbox 2247 1178 3901 1250; baseline -0.001 -16"><span class='ocrx_word' id='word_1_406' title='bbox 2247 1180 2456 1234; x_wconf 89' lang='lat' dir='ltr'><strong>Eonius</strong></span> <span class='ocrx_word' id='word_1_407' title='bbox 2493 1183 2811 1235; x_wconf 91' lang='lat' dir='ltr'><strong>antecessor</strong></span> <span class='ocrx_word' id='word_1_408' title='bbox 2849 1196 2985 1233; x_wconf 90' lang='lat' dir='ltr'><strong>suus</strong></span> <span class='ocrx_word' id='word_1_409' title='bbox 3019 1179 3268 1233; x_wconf 90' lang='lat' dir='ltr'><strong>ecclesia</strong></span> <span class='ocrx_word' id='word_1_410' title='bbox 3312 1195 3525 1233; x_wconf 87' lang='lat' dir='ltr'><strong>mensa</strong></span> <span class='ocrx_word' id='word_1_411' title='bbox 3553 1178 3901 1250; x_wconf 86' lang='lat' dir='ltr'><strong>reliquerat,</strong></span> 
     </span>
    </p>
   </div>
   <div class='ocr_carea' id='block_1_55' title="bbox 2249 1272 3957 1344">
    <p class='ocr_par' dir='ltr' id='par_1_55' title="bbox 2249 1272 3957 1344">
     <span class='ocr_line' id='line_1_56' title="bbox 2249 1272 3957 1344; baseline 0 -17"><span class='ocrx_word' id='word_1_412' title='bbox 2249 1273 2562 1328; x_wconf 89' lang='lat' dir='ltr'><strong>custodiens</strong></span> <span class='ocrx_word' id='word_1_413' title='bbox 2586 1273 2724 1327; x_wconf 86' lang='lat' dir='ltr'><strong>illud</strong></span> <span class='ocrx_word' id='word_1_414' title='bbox 2750 1272 2903 1344; x_wconf 91' lang='lat' dir='ltr'><strong>quod</strong></span> <span class='ocrx_word' id='word_1_415' title='bbox 2934 1272 3202 1326; x_wconf 88' lang='lat' dir='ltr'><strong>Dominus</strong></span> <span class='ocrx_word' id='word_1_416' title='bbox 3227 1272 3286 1326; x_wconf 91' lang='lat' dir='ltr'><strong>in</strong></span> <span class='ocrx_word' id='word_1_417' title='bbox 3302 1272 3568 1327; x_wconf 90' lang='lat' dir='ltr'><strong>arantino</strong></span> <span class='ocrx_word' id='word_1_418' title='bbox 3588 1272 3904 1344; x_wconf 84' lang='lat' dir='ltr'><strong>paropside</strong></span> <span class='ocrx_word' id='word_1_419' title='bbox 3955 1327 3957 1334; x_wconf 79' lang='grc'>,</span> 
     </span>
    </p>
   </div>
   <div class='ocr_carea' id='block_1_56' title="bbox 2249 1366 3904 1438">
    <p class='ocr_par' dir='ltr' id='par_1_56' title="bbox 2249 1366 3904 1438">
     <span class='ocr_line' id='line_1_57' title="bbox 2249 1366 3904 1438; baseline 0 -18"><span class='ocrx_word' id='word_1_420' title='bbox 2249 1367 2417 1421; x_wconf 88' lang='lat' dir='ltr'><strong>tinxit</strong></span> <span class='ocrx_word' id='word_1_421' title='bbox 2458 1383 2684 1438; x_wconf 87' lang='lat' dir='ltr'><strong>panem,</strong></span> <span class='ocrx_word' id='word_1_422' title='bbox 2713 1382 2828 1421; x_wconf 93' lang='lat' dir='ltr'><strong>non</strong></span> <span class='ocrx_word' id='word_1_423' title='bbox 2871 1366 2930 1419; x_wconf 90' lang='lat' dir='ltr'><strong>in</strong></span> <span class='ocrx_word' id='word_1_424' title='bbox 2968 1370 3240 1436; x_wconf 85' lang='lat' dir='ltr'><strong>argenteo</strong></span> <span class='ocrx_word' id='word_1_425' title='bbox 3277 1382 3424 1432; x_wconf 86' lang='lat' dir='ltr'><strong>vase,</strong></span> <span class='ocrx_word' id='word_1_426' title='bbox 3455 1382 3600 1438; x_wconf 91' lang='lat' dir='ltr'><strong>opus</strong></span> <span class='ocrx_word' id='word_1_427' title='bbox 3630 1370 3904 1420; x_wconf 88' lang='lat' dir='ltr'><strong>sanctum</strong></span> 
     </span>
    </p>
   </div>
   <div class='ocr_carea' id='block_1_57' title="bbox 2248 1459 3907 1531">
    <p class='ocr_par' dir='ltr' id='par_1_57' title="bbox 2248 1459 3907 1531">
     <span class='ocr_line' id='line_1_58' title="bbox 2248 1459 3907 1531; baseline 0 -17"><span class='ocrx_word' id='word_1_428' title='bbox 2248 1475 2428 1531; x_wconf 89' lang='lat' dir='ltr'><strong>usque</strong></span> <span class='ocrx_word' id='word_1_429' title='bbox 2479 1460 2549 1514; x_wconf 92' lang='lat' dir='ltr'><strong>ad</strong></span> <span class='ocrx_word' id='word_1_430' title='bbox 2603 1459 2776 1514; x_wconf 90' lang='lat' dir='ltr'><strong>divini</strong></span> <span class='ocrx_word' id='word_1_431' title='bbox 2827 1459 3130 1513; x_wconf 85' lang='lat' dir='ltr'><strong>ministerii</strong></span> <span class='ocrx_word' id='word_1_432' title='bbox 3181 1459 3710 1531; x_wconf 88' lang='lat' dir='ltr'><strong>dispensationem,</strong></span> <span class='ocrx_word' id='word_1_433' title='bbox 3770 1476 3907 1514; x_wconf 91' lang='lat' dir='ltr'><strong>cum</strong></span> 
     </span>
    </p>
   </div>
   <div class='ocr_carea' id='block_1_58' title="bbox 2247 1552 3906 1626">
    <p class='ocr_par' dir='ltr' id='par_1_58' title="bbox 2247 1552 3906 1626">
     <span class='ocr_line' id='line_1_59' title="bbox 2247 1552 3906 1626; baseline 0 -18"><span class='ocrx_word' id='word_1_434' title='bbox 2247 1553 2573 1620; x_wconf 88' lang='lat' dir='ltr'><strong>thuribulis,</strong></span> <span class='ocrx_word' id='word_1_435' title='bbox 2604 1553 2889 1620; x_wconf 91' lang='lat' dir='ltr'><strong>calicibus,</strong></span> <span class='ocrx_word' id='word_1_436' title='bbox 2919 1552 3248 1624; x_wconf 91' lang='lat' dir='ltr'><strong>patenisque</strong></span> <span class='ocrx_word' id='word_1_437' title='bbox 3289 1570 3395 1626; x_wconf 93' lang='lat' dir='ltr'><strong>pro</strong></span> <span class='ocrx_word' id='word_1_438' title='bbox 3433 1553 3784 1608; x_wconf 88' lang='lat' dir='ltr'><strong>eorumdem</strong></span> <span class='ocrx_word' id='word_1_439' title='bbox 3813 1569 3906 1608; x_wconf 83' lang='lat' dir='ltr'><strong>re-</strong></span> 
     </span>
    </p>
   </div>
   <div class='ocr_carea' id='block_1_59' title="bbox 2250 1646 3907 1718">
    <p class='ocr_par' dir='ltr' id='par_1_59' title="bbox 2250 1646 3907 1718">
     <span class='ocr_line' id='line_1_60' title="bbox 2250 1646 3907 1718; baseline 0.001 -18"><span class='ocrx_word' id='word_1_440' title='bbox 2250 1646 2574 1718; x_wconf 88' lang='lat' dir='ltr'><strong>demptione</strong></span> <span class='ocrx_word' id='word_1_441' title='bbox 2608 1669 2634 1694; x_wconf 84' lang='lat'>»</span> <span class='ocrx_word' id='word_1_442' title='bbox 2664 1647 2934 1716; x_wconf 87' lang='lat' dir='ltr'><strong>vendidit,</strong></span> <span class='ocrx_word' id='word_1_443' title='bbox 2967 1663 3082 1701; x_wconf 93' lang='lat' dir='ltr'><strong>non</strong></span> <span class='ocrx_word' id='word_1_444' title='bbox 3117 1663 3354 1718; x_wconf 91' lang='lat' dir='ltr'><strong>parcens</strong></span> <span class='ocrx_word' id='word_1_445' title='bbox 3391 1647 3565 1702; x_wconf 89' lang='lat' dir='ltr'><strong>etiam</strong></span> <span class='ocrx_word' id='word_1_446' title='bbox 3591 1647 3907 1702; x_wconf 90' lang='lat' dir='ltr'><strong>columna-</strong></span> 
     </span>
    </p>
   </div>
   <div class='ocr_carea' id='block_1_60' title="bbox 2249 1739 3908 1813">
    <p class='ocr_par' dir='ltr' id='par_1_60' title="bbox 2249 1739 3908 1813">
     <span class='ocr_line' id='line_1_61' title="bbox 2249 1739 3908 1813; baseline 0.001 -19"><span class='ocrx_word' id='word_1_447' title='bbox 2249 1757 2378 1794; x_wconf 89' lang='lat' dir='ltr'><strong>rum</strong></span> <span class='ocrx_word' id='word_1_448' title='bbox 2416 1759 2444 1790; x_wconf 76' lang='grc' dir='ltr'>α</span> <span class='ocrx_word' id='word_1_449' title='bbox 2487 1757 2556 1794; x_wconf 88' lang='lat' dir='ltr'><strong>ex</strong></span> <span class='ocrx_word' id='word_1_450' title='bbox 2599 1744 2834 1811; x_wconf 89' lang='lat' dir='ltr'><strong>argento</strong></span> <span class='ocrx_word' id='word_1_451' title='bbox 2864 1760 2892 1791; x_wconf 75' lang='grc' dir='ltr'><strong>ι)</strong></span> <span class='ocrx_word' id='word_1_452' title='bbox 2935 1739 3302 1795; x_wconf 88' lang='lat' dir='ltr'><strong>ornamentis.</strong></span> <span class='ocrx_word' id='word_1_453' title='bbox 3349 1742 3493 1795; x_wconf 90' lang='lat' dir='ltr'><strong>Tum</strong></span> <span class='ocrx_word' id='word_1_454' title='bbox 3537 1740 3908 1813; x_wconf 85' lang='lat' dir='ltr'><strong>interpositis</strong></span> 
     </span>
    </p>
   </div>
   <div class='ocr_carea' id='block_1_61' title="bbox 2249 1833 3902 1905">
    <p class='ocr_par' dir='ltr' id='par_1_61' title="bbox 2249 1833 3902 1905">
     <span class='ocr_line' id='line_1_62' title="bbox 2249 1833 3902 1905; baseline 0.001 -18"><span class='ocrx_word' id='word_1_455' title='bbox 2249 1834 2585 1904; x_wconf 81' lang='lat' dir='ltr'><strong>quibusdam</strong></span> <span class='ocrx_word' id='word_1_456' title='bbox 2614 1834 2867 1905; x_wconf 83' lang='lat' dir='ltr'><strong>ejusdem</strong></span> <span class='ocrx_word' id='word_1_457' title='bbox 2885 1833 3170 1905; x_wconf 88' lang='lat' dir='ltr'><strong>pontiﬁcis</strong></span> <span class='ocrx_word' id='word_1_458' title='bbox 3186 1833 3476 1888; x_wconf 88' lang='lat' dir='ltr'><strong>sententiis</strong></span> <span class='ocrx_word' id='word_1_459' title='bbox 3498 1834 3867 1905; x_wconf 81' lang='lat' dir='ltr'><strong>gravissimis</strong></span> <span class='ocrx_word' id='word_1_460' title='bbox 3889 1853 3902 1889; x_wconf 91' lang='lat'><strong>:</strong></span> 
     </span>
    </p>
   </div>
   <div class='ocr_carea' id='block_1_62' title="bbox 2171 1905 3903 1998">
    <p class='ocr_par' dir='ltr' id='par_1_62' title="bbox 2171 1905 3903 1998">
     <span class='ocr_line' id='line_1_63' title="bbox 2171 1905 3903 1998; baseline 0.001 -18"><span class='ocrx_word' id='word_1_461' title='bbox 2171 1905 2227 1977; x_wconf 84' lang='grc' dir='ltr'><strong>Β</strong></span> <span class='ocrx_word' id='word_1_462' title='bbox 2254 1949 2281 1976; x_wconf 72' lang='grc' dir='ltr'><strong>ε(</strong></span> <span class='ocrx_word' id='word_1_463' title='bbox 2309 1929 2430 1981; x_wconf 76' lang='lat' dir='ltr'><strong>Non</strong></span> <span class='ocrx_word' id='word_1_464' title='bbox 2455 1927 2640 1996; x_wconf 91' lang='lat' dir='ltr'><strong>credo,</strong></span> <span class='ocrx_word' id='word_1_465' title='bbox 2673 1928 2749 1981; x_wconf 88' lang='lat' dir='ltr'><strong>ait</strong></span> <span class='ocrx_word' id='word_1_466' title='bbox 2779 1928 2893 1996; x_wconf 88' lang='lat' dir='ltr'><strong>(Vir</strong></span> <span class='ocrx_word' id='word_1_467' title='bbox 2935 1928 3176 1998; x_wconf 87' lang='lat' dir='ltr'><strong>sanctus)</strong></span> <span class='ocrx_word' id='word_1_468' title='bbox 3207 1927 3562 1982; x_wconf 87' lang='lat' dir='ltr'><strong>contrarium</strong></span> <span class='ocrx_word' id='word_1_469' title='bbox 3603 1944 3734 1982; x_wconf 90' lang='lat' dir='ltr'><strong>esse</strong></span> <span class='ocrx_word' id='word_1_470' title='bbox 3766 1930 3903 1995; x_wconf 91' lang='lat' dir='ltr'><strong>Deo,</strong></span> 
     </span>
    </p>
   </div>
   <div class='ocr_carea' id='block_1_63' title="bbox 2251 2019 3907 2094">
    <p class='ocr_par' dir='ltr' id='par_1_63' title="bbox 2251 2019 3907 2094">
     <span class='ocr_line' id='line_1_64' title="bbox 2251 2019 3907 2094; baseline 0.002 -20"><span class='ocrx_word' id='word_1_471' title='bbox 2251 2021 2320 2075; x_wconf 92' lang='lat' dir='ltr'><strong>de</strong></span> <span class='ocrx_word' id='word_1_472' title='bbox 2346 2019 2657 2075; x_wconf 84' lang='lat' dir='ltr'><strong>ministerio</strong></span> <span class='ocrx_word' id='word_1_473' title='bbox 2683 2036 2786 2074; x_wconf 92' lang='lat' dir='ltr'><strong>suo</strong></span> <span class='ocrx_word' id='word_1_474' title='bbox 2827 2020 3278 2091; x_wconf 90' lang='lat' dir='ltr'><strong>redemptionem</strong></span> <span class='ocrx_word' id='word_1_475' title='bbox 3315 2020 3459 2087; x_wconf 86' lang='lat' dir='ltr'><strong>dari,</strong></span> <span class='ocrx_word' id='word_1_476' title='bbox 3484 2021 3584 2093; x_wconf 91' lang='lat' dir='ltr'><strong>qui</strong></span> <span class='ocrx_word' id='word_1_477' title='bbox 3617 2038 3680 2076; x_wconf 91' lang='lat' dir='ltr'><strong>se</strong></span> <span class='ocrx_word' id='word_1_478' title='bbox 3709 2021 3907 2094; x_wconf 88' lang='lat' dir='ltr'><strong>ipsum</strong></span> 
     </span>
    </p>
   </div>
   <div class='ocr_carea' id='block_1_64' title="bbox 2252 2113 3908 2186">
    <p class='ocr_par' dir='ltr' id='par_1_64' title="bbox 2252 2113 3908 2186">
     <span class='ocr_line' id='line_1_65' title="bbox 2252 2113 3908 2186; baseline 0 -18"><span class='ocrx_word' id='word_1_479' title='bbox 2252 2131 2352 2185; x_wconf 89' lang='lat' dir='ltr'><strong>pro</strong></span> <span class='ocrx_word' id='word_1_480' title='bbox 2379 2113 2704 2168; x_wconf 85' lang='lat' dir='ltr'><strong>hominibus</strong></span> <span class='ocrx_word' id='word_1_481' title='bbox 2725 2113 3112 2184; x_wconf 89' lang='lat' dir='ltr'><strong>redemptione</strong></span> <span class='ocrx_word' id='word_1_482' title='bbox 3141 2113 3393 2169; x_wconf 89' lang='lat' dir='ltr'><strong>tradidit.</strong></span> <span class='ocrx_word' id='word_1_483' title='bbox 3425 2137 3451 2162; x_wconf 85' lang='lat'>»</span> <span class='ocrx_word' id='word_1_484' title='bbox 3481 2116 3756 2186; x_wconf 88' lang='lat' dir='ltr'><strong>Cumque</strong></span> <span class='ocrx_word' id='word_1_485' title='bbox 3785 2116 3908 2186; x_wconf 86' lang='lat' dir='ltr'><strong>ejus</strong></span> 
     </span>
    </p>
   </div>
   <div class='ocr_carea' id='block_1_65' title="bbox 2251 2207 3908 2278">
    <p class='ocr_par' dir='ltr' id='par_1_65' title="bbox 2251 2207 3908 2278">
     <span class='ocr_line' id='line_1_66' title="bbox 2251 2207 3908 2278; baseline 0.002 -18"><span class='ocrx_word' id='word_1_486' title='bbox 2251 2207 2460 2262; x_wconf 83' lang='lat' dir='ltr'><strong>factum</strong></span> <span class='ocrx_word' id='word_1_487' title='bbox 2506 2207 2601 2260; x_wconf 90' lang='lat' dir='ltr'><strong>alii</strong></span> <span class='ocrx_word' id='word_1_488' title='bbox 2640 2207 2953 2277; x_wconf 89' lang='lat' dir='ltr'><strong>culparent,</strong></span> <span class='ocrx_word' id='word_1_489' title='bbox 3000 2207 3308 2278; x_wconf 87' lang='lat' dir='ltr'><strong>probarent</strong></span> <span class='ocrx_word' id='word_1_490' title='bbox 3352 2223 3484 2263; x_wconf 87' lang='lat' dir='ltr'><strong>vero</strong></span> <span class='ocrx_word' id='word_1_491' title='bbox 3531 2208 3656 2278; x_wconf 91' lang='lat' dir='ltr'><strong>alii,</strong></span> <span class='ocrx_word' id='word_1_492' title='bbox 3713 2209 3908 2264; x_wconf 90' lang='lat' dir='ltr'><strong>subdit</strong></span> 
     </span>
    </p>
   </div>
   <div class='ocr_carea' id='block_1_66' title="bbox 2249 2299 3907 2372">
    <p class='ocr_par' dir='ltr' id='par_1_66' title="bbox 2249 2299 3907 2372">
     <span class='ocr_line' id='line_1_67' title="bbox 2249 2299 3907 2372; baseline 0.001 -16"><span class='ocrx_word' id='word_1_493' title='bbox 2249 2301 2557 2372; x_wconf 85' lang='lat' dir='ltr'><strong>Cyprianus</strong></span> <span class='ocrx_word' id='word_1_494' title='bbox 2583 2301 2878 2371; x_wconf 84' lang='lat' dir='ltr'><strong>episcopus</strong></span> <span class='ocrx_word' id='word_1_495' title='bbox 2907 2299 3006 2372; x_wconf 92' lang='lat' dir='ltr'><strong>qui</strong></span> <span class='ocrx_word' id='word_1_496' title='bbox 3041 2301 3163 2354; x_wconf 88' lang='lat' dir='ltr'><strong>hac</strong></span> <span class='ocrx_word' id='word_1_497' title='bbox 3203 2301 3376 2356; x_wconf 80' lang='lat' dir='ltr'><strong>refert</strong></span> <span class='ocrx_word' id='word_1_498' title='bbox 3405 2301 3464 2356; x_wconf 88' lang='lat' dir='ltr'><strong>in</strong></span> <span class='ocrx_word' id='word_1_499' title='bbox 3492 2302 3593 2357; x_wconf 92' lang='lat' dir='ltr'><strong>lib.</strong></span> <span class='ocrx_word' id='word_1_500' title='bbox 3627 2319 3646 2356; x_wconf 83' lang='grc' dir='ltr'><strong><em>ι</em></strong></span> <span class='ocrx_word' id='word_1_501' title='bbox 3677 2303 3753 2357; x_wconf 90' lang='lat' dir='ltr'><strong>de</strong></span> <span class='ocrx_word' id='word_1_502' title='bbox 3783 2304 3907 2358; x_wconf 80' lang='lat' dir='ltr'><strong>Ca-</strong></span> 
     </span>
    </p>
   </div>
   <div class='ocr_carea' id='block_1_67' title="bbox 2251 2394 3907 2466">
    <p class='ocr_par' dir='ltr' id='par_1_67' title="bbox 2251 2394 3907 2466">
     <span class='ocr_line' id='line_1_68' title="bbox 2251 2394 3907 2466; baseline 0.001 -17"><span class='ocrx_word' id='word_1_503' title='bbox 2251 2395 2382 2449; x_wconf 88' lang='lat' dir='ltr'><strong>sarii</strong></span> <span class='ocrx_word' id='word_1_504' title='bbox 2408 2395 2527 2448; x_wconf 85' lang='lat' dir='ltr'><strong>Vita</strong></span> <span class='ocrx_word' id='word_1_505' title='bbox 2552 2410 2713 2448; x_wconf 89' lang='lat' dir='ltr'><strong>num.</strong></span> <span class='ocrx_word' id='word_1_506' title='bbox 2745 2397 2804 2448; x_wconf 85' lang='lat' dir='ltr'><strong>t7</strong></span> <span class='ocrx_word' id='word_1_507' title='bbox 2837 2410 2850 2448; x_wconf 89' lang='lat'><strong>:</strong></span> <span class='ocrx_word' id='word_1_508' title='bbox 2879 2415 2904 2443; x_wconf 84' lang='grc'><strong>‹‹</strong></span> <span class='ocrx_word' id='word_1_509' title='bbox 2930 2394 3124 2449; x_wconf 89' lang='lat' dir='ltr'><strong>Nonne</strong></span> <span class='ocrx_word' id='word_1_510' title='bbox 3145 2394 3206 2448; x_wconf 92' lang='lat' dir='ltr'><strong>in</strong></span> <span class='ocrx_word' id='word_1_511' title='bbox 3230 2394 3374 2450; x_wconf 87' lang='lat' dir='ltr'><strong>vitro</strong></span> <span class='ocrx_word' id='word_1_512' title='bbox 3402 2395 3643 2466; x_wconf 84' lang='lat' dir='ltr'><strong>sanguis</strong></span> <span class='ocrx_word' id='word_1_513' title='bbox 3665 2397 3907 2464; x_wconf 87' lang='lat' dir='ltr'><strong>Christi,</strong></span> 
     </span>
    </p>
   </div>
   <div class='ocr_carea' id='block_1_68' title="bbox 2251 2487 3908 2562">
    <p class='ocr_par' dir='ltr' id='par_1_68' title="bbox 2251 2487 3908 2562">
     <span class='ocr_line' id='line_1_69' title="bbox 2251 2487 3908 2562; baseline 0.001 -18"><span class='ocrx_word' id='word_1_514' title='bbox 2251 2494 2307 2544; x_wconf 91' lang='lat' dir='ltr'><strong>et</strong></span> <span class='ocrx_word' id='word_1_515' title='bbox 2333 2489 2393 2543; x_wconf 93' lang='lat' dir='ltr'><strong>in</strong></span> <span class='ocrx_word' id='word_1_516' title='bbox 2420 2487 2576 2558; x_wconf 85' lang='lat' dir='ltr'><strong>ligno</strong></span> <span class='ocrx_word' id='word_1_517' title='bbox 2603 2504 2806 2558; x_wconf 91' lang='lat' dir='ltr'><strong>corpus</strong></span> <span class='ocrx_word' id='word_1_518' title='bbox 2833 2487 3300 2558; x_wconf 88' lang='lat' dir='ltr'><strong>pretiosissimum</strong></span> <span class='ocrx_word' id='word_1_519' title='bbox 3328 2489 3451 2559; x_wconf 83' lang='lat' dir='ltr'><strong>ejus</strong></span> <span class='ocrx_word' id='word_1_520' title='bbox 3479 2491 3774 2560; x_wconf 87' lang='lat' dir='ltr'><strong>pependit</strong></span> <span class='ocrx_word' id='word_1_521' title='bbox 3802 2507 3908 2562; x_wconf 90' lang='lat' dir='ltr'><strong>pro</strong></span> 
     </span>
    </p>
   </div>
   <div class='ocr_carea' id='block_1_69' title="bbox 2249 2581 3911 2653">
    <p class='ocr_par' dir='ltr' id='par_1_69' title="bbox 2249 2581 3911 2653">
     <span class='ocr_line' id='line_1_70' title="bbox 2249 2581 3911 2653; baseline 0.001 -15"><span class='ocrx_word' id='word_1_522' title='bbox 2249 2582 2410 2638; x_wconf 90' lang='lat' dir='ltr'><strong>nobis</strong></span> <span class='ocrx_word' id='word_1_523' title='bbox 2453 2588 2509 2638; x_wconf 92' lang='lat' dir='ltr'><strong>et</strong></span> <span class='ocrx_word' id='word_1_524' title='bbox 2545 2582 2743 2637; x_wconf 82' lang='lat' dir='ltr'><strong>fulsit?</strong></span> <span class='ocrx_word' id='word_1_525' title='bbox 2772 2602 2798 2634; x_wconf 84' lang='lat'><strong>»</strong></span> <span class='ocrx_word' id='word_1_526' title='bbox 2829 2584 2962 2647; x_wconf 87' lang='lat' dir='ltr'><strong>Qua</strong></span> <span class='ocrx_word' id='word_1_527' title='bbox 3000 2581 3278 2636; x_wconf 89' lang='lat' dir='ltr'><strong>sententia</strong></span> <span class='ocrx_word' id='word_1_528' title='bbox 3319 2582 3657 2653; x_wconf 80' lang='lat' dir='ltr'><strong>Hieronymi</strong></span> <span class='ocrx_word' id='word_1_529' title='bbox 3685 2584 3911 2639; x_wconf 90' lang='lat' dir='ltr'><strong>dictum</strong></span> 
     </span>
    </p>
   </div>
   <div class='ocr_carea' id='block_1_70' title="bbox 2249 2676 3911 2748">
    <p class='ocr_par' dir='ltr' id='par_1_70' title="bbox 2249 2676 3911 2748">
     <span class='ocr_line' id='line_1_71' title="bbox 2249 2676 3911 2748; baseline 0.001 -16"><span class='ocrx_word' id='word_1_530' title='bbox 2249 2679 2309 2732; x_wconf 92' lang='lat' dir='ltr'><strong>in</strong></span> <span class='ocrx_word' id='word_1_531' title='bbox 2350 2677 2687 2731; x_wconf 88' lang='lat' dir='ltr'><strong>memoriam</strong></span> <span class='ocrx_word' id='word_1_532' title='bbox 2718 2681 2940 2732; x_wconf 86' lang='lat' dir='ltr'><strong>revocat</strong></span> <span class='ocrx_word' id='word_1_533' title='bbox 2965 2693 3033 2730; x_wconf 86' lang='lat' dir='ltr'><strong>ex</strong></span> <span class='ocrx_word' id='word_1_534' title='bbox 3061 2676 3299 2748; x_wconf 89' lang='lat' dir='ltr'><strong>epistola</strong></span> <span class='ocrx_word' id='word_1_535' title='bbox 3329 2676 3402 2730; x_wconf 91' lang='lat' dir='ltr'><strong>ad</strong></span> <span class='ocrx_word' id='word_1_536' title='bbox 3441 2677 3778 2747; x_wconf 85' lang='lat' dir='ltr'><strong>Rusticum,</strong></span> <span class='ocrx_word' id='word_1_537' title='bbox 3811 2679 3911 2733; x_wconf 90' lang='lat' dir='ltr'><strong>ubi</strong></span> 
     </span>
    </p>
   </div>
   <div class='ocr_carea' id='block_1_71' title="bbox 2249 2769 3912 2842">
    <p class='ocr_par' dir='ltr' id='par_1_71' title="bbox 2249 2769 3912 2842">
     <span class='ocr_line' id='line_1_72' title="bbox 2249 2769 3912 2842; baseline 0.001 -16"><span class='ocrx_word' id='word_1_538' title='bbox 2249 2771 2318 2826; x_wconf 90' lang='lat' dir='ltr'><strong>de</strong></span> <span class='ocrx_word' id='word_1_539' title='bbox 2347 2770 2623 2842; x_wconf 83' lang='lat' dir='ltr'><strong>Exuperio</strong></span> <span class='ocrx_word' id='word_1_540' title='bbox 2647 2771 2856 2826; x_wconf 90' lang='lat' dir='ltr'><strong>Tolosa</strong></span> <span class='ocrx_word' id='word_1_541' title='bbox 2883 2769 3164 2841; x_wconf 89' lang='lat' dir='ltr'><strong>episcopo,</strong></span> <span class='ocrx_word' id='word_1_542' title='bbox 3189 2770 3288 2841; x_wconf 91' lang='lat' dir='ltr'><strong>qui</strong></span> <span class='ocrx_word' id='word_1_543' title='bbox 3317 2789 3344 2821; x_wconf 73' lang='grc' dir='ltr'><strong>(ε</strong></span> <span class='ocrx_word' id='word_1_544' title='bbox 3375 2787 3610 2825; x_wconf 91' lang='lat' dir='ltr'><strong>omnem</strong></span> <span class='ocrx_word' id='word_1_545' title='bbox 3639 2772 3912 2828; x_wconf 86' lang='lat' dir='ltr'><strong>substan-</strong></span> 
     </span>
    </p>
   </div>
   <div class='ocr_carea' id='block_1_72' title="bbox 2249 2862 3912 2936">
    <p class='ocr_par' dir='ltr' id='par_1_72' title="bbox 2249 2862 3912 2936">
     <span class='ocr_line' id='line_1_73' title="bbox 2249 2862 3912 2936; baseline 0.002 -18"><span class='ocrx_word' id='word_1_546' title='bbox 2249 2864 2385 2920; x_wconf 91' lang='lat' dir='ltr'><strong>tiam</strong></span> <span class='ocrx_word' id='word_1_547' title='bbox 2413 2863 2618 2918; x_wconf 87' lang='lat' dir='ltr'><strong>Christi</strong></span> <span class='ocrx_word' id='word_1_548' title='bbox 2641 2863 2948 2918; x_wconf 87' lang='lat' dir='ltr'><strong>visceribus</strong></span> <span class='ocrx_word' id='word_1_549' title='bbox 2970 2863 3292 2934; x_wconf 76' lang='lat' dir='ltr'><strong>erogavit,»</strong></span> <span class='ocrx_word' id='word_1_550' title='bbox 3310 2868 3480 2935; x_wconf 90' lang='lat' dir='ltr'><strong>atque</strong></span> <span class='ocrx_word' id='word_1_551' title='bbox 3504 2862 3636 2936; x_wconf 84' lang='lat'><strong>65</strong></span> <span class='ocrx_word' id='word_1_552' title='bbox 3660 2865 3912 2921; x_wconf 89' lang='lat' dir='ltr'><strong>indubie</strong></span> 
     </span>
    </p>
   </div>
   <div class='ocr_carea' id='block_1_73' title="bbox 2251 2958 3913 3029">
    <p class='ocr_par' dir='ltr' id='par_1_73' title="bbox 2251 2958 3913 3029">
     <span class='ocr_line' id='line_1_74' title="bbox 2251 2958 3913 3029; baseline 0.001 -17"><span class='ocrx_word' id='word_1_553' title='bbox 2251 2975 2380 3012; x_wconf 88' lang='lat' dir='ltr'><strong>vasa</strong></span> <span class='ocrx_word' id='word_1_554' title='bbox 2416 2975 2590 3026; x_wconf 88' lang='lat' dir='ltr'><strong>sacra,</strong></span> <span class='ocrx_word' id='word_1_555' title='bbox 2624 2963 2854 3029; x_wconf 89' lang='lat' dir='ltr'><strong>propter</strong></span> <span class='ocrx_word' id='word_1_556' title='bbox 2887 2958 3056 3012; x_wconf 88' lang='lat' dir='ltr'><strong>verba</strong></span> <span class='ocrx_word' id='word_1_557' title='bbox 3093 2973 3221 3028; x_wconf 85' lang='lat' dir='ltr'><strong>qua</strong></span> <span class='ocrx_word' id='word_1_558' title='bbox 3270 2963 3594 3028; x_wconf 89' lang='lat' dir='ltr'><strong>sequuntur</strong></span> <span class='ocrx_word' id='word_1_559' title='bbox 3635 2975 3650 3012; x_wconf 92' lang='lat'><strong>:</strong></span> <span class='ocrx_word' id='word_1_560' title='bbox 3692 2982 3724 3007; x_wconf 88' lang='grc'><em>‹‹</em></span> <span class='ocrx_word' id='word_1_561' title='bbox 3758 2960 3913 3014; x_wconf 70' lang='lat' dir='ltr'><strong>Nihil</strong></span> 
     </span>
    </p>
   </div>
   <div class='ocr_carea' id='block_1_74' title="bbox 2249 3049 3906 3122">
    <p class='ocr_par' dir='ltr' id='par_1_74' title="bbox 2249 3049 3906 3122">
     <span class='ocr_line' id='line_1_75' title="bbox 2249 3049 3906 3122; baseline 0.002 -17"><span class='ocrx_word' id='word_1_562' title='bbox 2249 3051 2344 3105; x_wconf 94' lang='lat' dir='ltr'><strong>illo</strong></span> <span class='ocrx_word' id='word_1_563' title='bbox 2379 3051 2572 3118; x_wconf 92' lang='lat' dir='ltr'><strong>ditius,</strong></span> <span class='ocrx_word' id='word_1_564' title='bbox 2601 3051 2700 3122; x_wconf 93' lang='lat' dir='ltr'><strong>qui</strong></span> <span class='ocrx_word' id='word_1_565' title='bbox 2739 3067 2944 3121; x_wconf 85' lang='lat' dir='ltr'><strong>corpus</strong></span> <span class='ocrx_word' id='word_1_566' title='bbox 2983 3049 3208 3105; x_wconf 91' lang='lat' dir='ltr'><strong>Domini</strong></span> <span class='ocrx_word' id='word_1_567' title='bbox 3243 3050 3303 3104; x_wconf 90' lang='lat' dir='ltr'><strong>in</strong></span> <span class='ocrx_word' id='word_1_568' title='bbox 3331 3050 3582 3105; x_wconf 89' lang='lat' dir='ltr'><strong>canistro</strong></span> <span class='ocrx_word' id='word_1_569' title='bbox 3611 3051 3906 3121; x_wconf 84' lang='lat' dir='ltr'><strong>vimineo,</strong></span> 
     </span>
    </p>
   </div>
   <div class='ocr_carea' id='block_1_75' title="bbox 2249 3143 3916 3225">
    <p class='ocr_par' dir='ltr' id='par_1_75' title="bbox 2249 3143 3916 3225">
     <span class='ocr_line' id='line_1_76' title="bbox 2249 3143 3916 3225; baseline 0.003 -28"><span class='ocrx_word' id='word_1_570' title='bbox 2249 3145 2584 3216; x_wconf 89' lang='lat' dir='ltr'><strong>sanguinem</strong></span> <span class='ocrx_word' id='word_1_571' title='bbox 2611 3148 2798 3215; x_wconf 86' lang='lat' dir='ltr'><strong>portat</strong></span> <span class='ocrx_word' id='word_1_572' title='bbox 2823 3143 2884 3225; x_wconf 80' lang='lat' dir='ltr'><strong>in</strong></span> <span class='ocrx_word' id='word_1_573' title='bbox 2907 3143 3074 3199; x_wconf 87' lang='lat' dir='ltr'><strong>vitro.</strong></span> <span class='ocrx_word' id='word_1_574' title='bbox 3101 3165 3128 3192; x_wconf 83' lang='lat'><strong>»</strong></span> <span class='ocrx_word' id='word_1_575' title='bbox 3151 3143 3401 3215; x_wconf 90' lang='lat' dir='ltr'><strong>Denique</strong></span> <span class='ocrx_word' id='word_1_576' title='bbox 3417 3144 3741 3200; x_wconf 88' lang='lat' dir='ltr'><strong>concilium</strong></span> <span class='ocrx_word' id='word_1_577' title='bbox 3765 3147 3916 3201; x_wconf 82' lang='lat' dir='ltr'><strong>Rhe-</strong></span> 
     </span>
    </p>
   </div>
   <div class='ocr_carea' id='block_1_76' title="bbox 2245 3237 3914 3308">
    <p class='ocr_par' dir='ltr' id='par_1_76' title="bbox 2245 3237 3914 3308">
     <span class='ocr_line' id='line_1_77' title="bbox 2245 3237 3914 3308; baseline 0.001 -16"><span class='ocrx_word' id='word_1_578' title='bbox 2245 3253 2437 3292; x_wconf 87' lang='lat' dir='ltr'><strong>mense</strong></span> <span class='ocrx_word' id='word_1_579' title='bbox 2467 3237 2570 3292; x_wconf 91' lang='lat' dir='ltr'><strong>sub</strong></span> <span class='ocrx_word' id='word_1_580' title='bbox 2593 3253 2808 3291; x_wconf 85' lang='lat' dir='ltr'><strong>annum</strong></span> <span class='ocrx_word' id='word_1_581' title='bbox 2834 3240 2934 3290; x_wconf 80' lang='lat'><strong>627</strong></span> <span class='ocrx_word' id='word_1_582' title='bbox 2962 3237 3330 3303; x_wconf 89' lang='lat' dir='ltr'><strong>celebratum,</strong></span> <span class='ocrx_word' id='word_1_583' title='bbox 3355 3253 3573 3291; x_wconf 89' lang='lat' dir='ltr'><strong>canone</strong></span> <span class='ocrx_word' id='word_1_584' title='bbox 3596 3240 3699 3308; x_wconf 77' lang='lat'><strong>&#39;22,</strong></span> <span class='ocrx_word' id='word_1_585' title='bbox 3727 3245 3914 3305; x_wconf 89' lang='lat' dir='ltr'><strong>cavet,</strong></span> 
     </span>
    </p>
   </div>
   <div class='ocr_carea' id='block_1_77' title="bbox 2246 3331 3916 3404">
    <p class='ocr_par' dir='ltr' id='par_1_77' title="bbox 2246 3331 3916 3404">
     <span class='ocr_line' id='line_1_78' title="bbox 2246 3331 3916 3404; baseline 0.001 -18"><span class='ocrx_word' id='word_1_586' title='bbox 2246 3348 2317 3386; x_wconf 91' lang='lat' dir='ltr'><strong>ne</strong></span> <span class='ocrx_word' id='word_1_587' title='bbox 2344 3331 2634 3402; x_wconf 88' lang='lat' dir='ltr'><strong>episcopus</strong></span> <span class='ocrx_word' id='word_1_588' title='bbox 2652 3333 2956 3384; x_wconf 76' lang='lat' dir='ltr'><strong>ministeria</strong></span> <span class='ocrx_word' id='word_1_589' title='bbox 2976 3345 3133 3384; x_wconf 81' lang='lat' dir='ltr'><strong>saera</strong></span> <span class='ocrx_word' id='word_1_590' title='bbox 3151 3331 3384 3397; x_wconf 79' lang='lat' dir='ltr'><strong>frangat</strong></span> <span class='ocrx_word' id='word_1_591' title='bbox 3397 3346 3502 3400; x_wconf 84' lang='lat' dir='ltr'><strong>pro</strong></span> <span class='ocrx_word' id='word_1_592' title='bbox 3523 3333 3916 3404; x_wconf 78' lang='lat' dir='ltr'><strong>qualicunque</strong></span> 
     </span>
    </p>
   </div>
   <div class='ocr_carea' id='block_1_78' title="bbox 2245 3423 3917 3497">
    <p class='ocr_par' dir='ltr' id='par_1_78' title="bbox 2245 3423 3917 3497">
     <span class='ocr_line' id='line_1_79' title="bbox 2245 3423 3917 3497; baseline 0.002 -19"><span class='ocrx_word' id='word_1_593' title='bbox 2245 3425 2563 3486; x_wconf 79' lang='lat' dir='ltr'><strong>conditione,</strong></span> <span class='ocrx_word' id='word_1_594' title='bbox 2589 3429 2802 3492; x_wconf 66' lang='lat' dir='ltr'><strong>excepto</strong></span> <span class='ocrx_word' id='word_1_595' title='bbox 2829 3425 2880 3478; x_wconf 70' lang='lat' dir='ltr'><strong>si</strong></span> <span class='ocrx_word' id='word_1_596' title='bbox 2902 3425 3135 3478; x_wconf 68' lang='lat' dir='ltr'><strong>evenerit</strong></span> <span class='ocrx_word' id='word_1_597' title='bbox 3160 3423 3342 3477; x_wconf 86' lang='lat' dir='ltr'><strong>ardua</strong></span> <span class='ocrx_word' id='word_1_598' title='bbox 3365 3426 3665 3480; x_wconf 74' lang='lat' dir='ltr'><strong>necessitas</strong></span> <span class='ocrx_word' id='word_1_599' title='bbox 3698 3442 3811 3497; x_wconf 79' lang='lat' dir='ltr'><strong>pro</strong></span> <span class='ocrx_word' id='word_1_600' title='bbox 3842 3444 3917 3482; x_wconf 88' lang='lat' dir='ltr'><strong>re-</strong></span> 
     </span>
    </p>
   </div>
   <div class='ocr_carea' id='block_1_79' title="bbox 2245 3517 2927 3588">
    <p class='ocr_par' dir='ltr' id='par_1_79' title="bbox 2245 3517 2927 3588">
     <span class='ocr_line' id='line_1_80' title="bbox 2245 3517 2927 3588; baseline 0.001 -18"><span class='ocrx_word' id='word_1_601' title='bbox 2245 3517 2544 3588; x_wconf 80' lang='lat' dir='ltr'><strong>demptione</strong></span> <span class='ocrx_word' id='word_1_602' title='bbox 2567 3519 2927 3587; x_wconf 81' lang='lat' dir='ltr'><strong>captivo-rum.</strong></span> 
     </span>
    </p>
   </div>
   <div class='ocr_carea' id='block_1_80' title="bbox 2317 3609 3916 3669">
    <p class='ocr_par' dir='ltr' id='par_1_80' title="bbox 2317 3609 3916 3669">
     <span class='ocr_line' id='line_1_81' title="bbox 2317 3609 3916 3669; baseline 0.003 -4"><span class='ocrx_word' id='word_1_603' title='bbox 2317 3614 2369 3665; x_wconf 79' lang='grc'><strong>5.</strong></span> <span class='ocrx_word' id='word_1_604' title='bbox 2401 3612 2614 3664; x_wconf 88' lang='lat' dir='ltr'><strong>Prater</strong></span> <span class='ocrx_word' id='word_1_605' title='bbox 2660 3610 2762 3663; x_wconf 89' lang='lat' dir='ltr'><strong>hos</strong></span> <span class='ocrx_word' id='word_1_606' title='bbox 2803 3609 2896 3663; x_wconf 92' lang='lat' dir='ltr'><strong>alii</strong></span> <span class='ocrx_word' id='word_1_607' title='bbox 2935 3609 3106 3664; x_wconf 89' lang='lat' dir='ltr'><strong>etiam</strong></span> <span class='ocrx_word' id='word_1_608' title='bbox 3143 3612 3403 3663; x_wconf 89' lang='lat' dir='ltr'><strong>auctores</strong></span> <span class='ocrx_word' id='word_1_609' title='bbox 3448 3609 3781 3667; x_wconf 86' lang='lat' dir='ltr'><strong>ministerii</strong></span> <span class='ocrx_word' id='word_1_610' title='bbox 3812 3631 3916 3669; x_wconf 87' lang='lat' dir='ltr'><strong>no-</strong></span> 
     </span>
    </p>
   </div>
   <div class='ocr_carea' id='block_1_81' title="bbox 2247 3701 3913 3774">
    <p class='ocr_par' dir='ltr' id='par_1_81' title="bbox 2247 3701 3913 3774">
     <span class='ocr_line' id='line_1_82' title="bbox 2247 3701 3913 3774; baseline 0.002 -15"><span class='ocrx_word' id='word_1_611' title='bbox 2247 3705 2399 3760; x_wconf 89' lang='lat' dir='ltr'><strong>mine</strong></span> <span class='ocrx_word' id='word_1_612' title='bbox 2420 3704 2503 3757; x_wconf 91' lang='lat' dir='ltr'><strong>usi</strong></span> <span class='ocrx_word' id='word_1_613' title='bbox 2535 3707 2667 3757; x_wconf 90' lang='lat' dir='ltr'><strong>sunt</strong></span> <span class='ocrx_word' id='word_1_614' title='bbox 2686 3703 2756 3756; x_wconf 91' lang='lat' dir='ltr'><strong>ad</strong></span> <span class='ocrx_word' id='word_1_615' title='bbox 2772 3718 2988 3756; x_wconf 90' lang='lat' dir='ltr'><strong>sacram</strong></span> <span class='ocrx_word' id='word_1_616' title='bbox 3004 3701 3416 3773; x_wconf 88' lang='lat' dir='ltr'><strong>supellectilem</strong></span> <span class='ocrx_word' id='word_1_617' title='bbox 3434 3702 3913 3774; x_wconf 84' lang='lat' dir='ltr'><strong>signiﬁcandam.</strong></span> 
     </span>
    </p>
   </div>
   <div class='ocr_carea' id='block_1_82' title="bbox 2247 3795 3920 3866">
    <p class='ocr_par' dir='ltr' id='par_1_82' title="bbox 2247 3795 3920 3866">
     <span class='ocr_line' id='line_1_83' title="bbox 2247 3795 3920 3866; baseline 0.002 -14"><span class='ocrx_word' id='word_1_618' title='bbox 2247 3800 2404 3866; x_wconf 74' lang='lat' dir='ltr'><strong>Nam,</strong></span> <span class='ocrx_word' id='word_1_619' title='bbox 2433 3802 2499 3852; x_wconf 92' lang='lat' dir='ltr'><strong>ut</strong></span> <span class='ocrx_word' id='word_1_620' title='bbox 2522 3812 2593 3851; x_wconf 92' lang='lat' dir='ltr'><strong>ne</strong></span> <span class='ocrx_word' id='word_1_621' title='bbox 2615 3800 2773 3850; x_wconf 86' lang='lat' dir='ltr'><strong>extra</strong></span> <span class='ocrx_word' id='word_1_622' title='bbox 2795 3795 3031 3850; x_wconf 88' lang='lat' dir='ltr'><strong>Galliam</strong></span> <span class='ocrx_word' id='word_1_623' title='bbox 3053 3795 3310 3866; x_wconf 80' lang='lat' dir='ltr'><strong>exempla</strong></span> <span class='ocrx_word' id='word_1_624' title='bbox 3334 3801 3620 3866; x_wconf 83' lang='lat' dir='ltr'><strong>petamus,</strong></span> <span class='ocrx_word' id='word_1_625' title='bbox 3652 3803 3920 3856; x_wconf 84' lang='lat' dir='ltr'><strong>occurrit</strong></span> 
     </span>
    </p>
   </div>
   <div class='ocr_carea' id='block_1_83' title="bbox 2246 3887 3916 3962">
    <p class='ocr_par' dir='ltr' id='par_1_83' title="bbox 2246 3887 3916 3962">
     <span class='ocr_line' id='line_1_84' title="bbox 2246 3887 3916 3962; baseline 0.004 -18"><span class='ocrx_word' id='word_1_626' title='bbox 2246 3890 2441 3944; x_wconf 84' lang='lat' dir='ltr'><strong>Alcimi</strong></span> <span class='ocrx_word' id='word_1_627' title='bbox 2474 3888 2618 3944; x_wconf 86' lang='lat' dir='ltr'><strong>Aviti</strong></span> <span class='ocrx_word' id='word_1_628' title='bbox 2651 3889 2985 3960; x_wconf 83' lang='lat' dir='ltr'><strong>praclarum</strong></span> <span class='ocrx_word' id='word_1_629' title='bbox 3035 3887 3428 3942; x_wconf 90' lang='lat' dir='ltr'><strong>testimonium</strong></span> <span class='ocrx_word' id='word_1_630' title='bbox 3467 3888 3526 3943; x_wconf 91' lang='lat' dir='ltr'><strong>in</strong></span> <span class='ocrx_word' id='word_1_631' title='bbox 3575 3891 3842 3962; x_wconf 89' lang='lat' dir='ltr'><strong>epistola</strong></span> <span class='ocrx_word' id='word_1_632' title='bbox 3885 3899 3916 3949; x_wconf 91' lang='lat'><strong>6</strong></span> 
     </span>
    </p>
   </div>
   <div class='ocr_carea' id='block_1_84' title="bbox 2245 3981 3918 4052">
    <p class='ocr_par' dir='ltr' id='par_1_84' title="bbox 2245 3981 3918 4052">
     <span class='ocr_line' id='line_1_85' title="bbox 2245 3981 3918 4052; baseline 0.004 -16"><span class='ocrx_word' id='word_1_633' title='bbox 2245 3983 2314 4038; x_wconf 90' lang='lat' dir='ltr'><strong>ad</strong></span> <span class='ocrx_word' id='word_1_634' title='bbox 2346 3981 2652 4037; x_wconf 88' lang='lat' dir='ltr'><strong>Victorium</strong></span> <span class='ocrx_word' id='word_1_635' title='bbox 2693 3981 3020 4052; x_wconf 89' lang='lat' dir='ltr'><strong>episcopum</strong></span> <span class='ocrx_word' id='word_1_636' title='bbox 3054 3999 3067 4035; x_wconf 91' lang='lat'><strong>:</strong></span> <span class='ocrx_word' id='word_1_637' title='bbox 3105 4001 3132 4032; x_wconf 73' lang='grc' dir='ltr'><strong>(ι</strong></span> <span class='ocrx_word' id='word_1_638' title='bbox 3160 3981 3235 4034; x_wconf 91' lang='lat' dir='ltr'><strong>De</strong></span> <span class='ocrx_word' id='word_1_639' title='bbox 3276 3981 3614 4036; x_wconf 88' lang='lat' dir='ltr'><strong>ministeriis</strong></span> <span class='ocrx_word' id='word_1_640' title='bbox 3664 3984 3918 4043; x_wconf 70' lang='lat' dir='ltr'><strong>haereti-</strong></span> 
     </span>
    </p>
   </div>
   <div class='ocr_carea' id='block_1_85' title="bbox 2245 4073 3918 4150">
    <p class='ocr_par' dir='ltr' id='par_1_85' title="bbox 2245 4073 3918 4150">
     <span class='ocr_line' id='line_1_86' title="bbox 2245 4073 3918 4150; baseline 0.004 -20"><span class='ocrx_word' id='word_1_641' title='bbox 2245 4092 2461 4144; x_wconf 91' lang='lat' dir='ltr'><strong>corum,</strong></span> <span class='ocrx_word' id='word_1_642' title='bbox 2485 4092 2610 4146; x_wconf 90' lang='lat' dir='ltr'><strong>qua</strong></span> <span class='ocrx_word' id='word_1_643' title='bbox 2630 4075 2738 4129; x_wconf 90' lang='lat' dir='ltr'><strong>illis</strong></span> <span class='ocrx_word' id='word_1_644' title='bbox 2764 4091 2940 4143; x_wconf 83' lang='lat' dir='ltr'><strong>sacra,</strong></span> <span class='ocrx_word' id='word_1_645' title='bbox 2959 4073 3122 4128; x_wconf 85' lang='lat' dir='ltr'><strong>nobis</strong></span> <span class='ocrx_word' id='word_1_646' title='bbox 3143 4074 3510 4129; x_wconf 87' lang='lat' dir='ltr'><strong>exsecrabilia</strong></span> <span class='ocrx_word' id='word_1_647' title='bbox 3531 4075 3918 4150; x_wconf 87' lang='lat' dir='ltr'><strong>judicantur,</strong></span> 
     </span>
    </p>
   </div>
   <div class='ocr_carea' id='block_1_86' title="bbox 2246 4167 3922 4244">
    <p class='ocr_par' dir='ltr' id='par_1_86' title="bbox 2246 4167 3922 4244">
     <span class='ocr_line' id='line_1_87' title="bbox 2246 4167 3922 4244; baseline 0.005 -21"><span class='ocrx_word' id='word_1_648' title='bbox 2246 4170 2302 4223; x_wconf 91' lang='lat' dir='ltr'><strong>id</strong></span> <span class='ocrx_word' id='word_1_649' title='bbox 2329 4174 2410 4223; x_wconf 90' lang='lat' dir='ltr'><strong>est</strong></span> <span class='ocrx_word' id='word_1_650' title='bbox 2432 4167 2651 4240; x_wconf 89' lang='lat' dir='ltr'><strong>patenis</strong></span> <span class='ocrx_word' id='word_1_651' title='bbox 2677 4168 3022 4239; x_wconf 88' lang='lat' dir='ltr'><strong>paterisque,</strong></span> <span class='ocrx_word' id='word_1_652' title='bbox 3047 4168 3182 4239; x_wconf 91' lang='lat' dir='ltr'><strong>quia</strong></span> <span class='ocrx_word' id='word_1_653' title='bbox 3207 4167 3346 4238; x_wconf 92' lang='lat' dir='ltr'><strong>quid</strong></span> <span class='ocrx_word' id='word_1_654' title='bbox 3369 4184 3637 4224; x_wconf 89' lang='lat' dir='ltr'><strong>censeam</strong></span> <span class='ocrx_word' id='word_1_655' title='bbox 3663 4175 3922 4244; x_wconf 90' lang='lat' dir='ltr'><strong>perinde</strong></span> 
     </span>
    </p>
   </div>
   <div class='ocr_carea' id='block_1_87' title="bbox 2246 4261 3922 4332">
    <p class='ocr_par' dir='ltr' id='par_1_87' title="bbox 2246 4261 3922 4332">
     <span class='ocr_line' id='line_1_88' title="bbox 2246 4261 3922 4332; baseline 0.004 -16"><span class='ocrx_word' id='word_1_656' title='bbox 2246 4262 2551 4317; x_wconf 89' lang='lat' dir='ltr'><strong>rescribere</strong></span> <span class='ocrx_word' id='word_1_657' title='bbox 2600 4278 2691 4316; x_wconf 89' lang='lat' dir='ltr'><strong>me</strong></span> <span class='ocrx_word' id='word_1_658' title='bbox 2725 4261 2958 4332; x_wconf 87' lang='lat' dir='ltr'><strong>jussisti,</strong></span> <span class='ocrx_word' id='word_1_659' title='bbox 2989 4261 3186 4315; x_wconf 87' lang='lat' dir='ltr'><strong>valida</strong></span> <span class='ocrx_word' id='word_1_660' title='bbox 3223 4261 3456 4332; x_wconf 91' lang='lat' dir='ltr'><strong>quidem</strong></span> <span class='ocrx_word' id='word_1_661' title='bbox 3488 4261 3922 4322; x_wconf 85' lang='lat' dir='ltr'><strong>observationis</strong></span> 
     </span>
    </p>
   </div>
   <div class='ocr_carea' id='block_1_88' title="bbox 2246 4355 3919 4428">
    <p class='ocr_par' dir='ltr' id='par_1_88' title="bbox 2246 4355 3919 4428">
     <span class='ocr_line' id='line_1_89' title="bbox 2246 4355 3919 4428; baseline 0.005 -18"><span class='ocrx_word' id='word_1_662' title='bbox 2246 4357 2567 4428; x_wconf 83' lang='lat' dir='ltr'><strong>exemplum</strong></span> <span class='ocrx_word' id='word_1_663' title='bbox 2597 4361 2701 4421; x_wconf 92' lang='lat' dir='ltr'><strong>est,</strong></span> <span class='ocrx_word' id='word_1_664' title='bbox 2729 4355 2883 4426; x_wconf 90' lang='lat' dir='ltr'><strong>quod</strong></span> <span class='ocrx_word' id='word_1_665' title='bbox 2912 4355 3120 4425; x_wconf 85' lang='lat' dir='ltr'><strong>legitur</strong></span> <span class='ocrx_word' id='word_1_666' title='bbox 3157 4355 3216 4408; x_wconf 92' lang='lat' dir='ltr'><strong>in</strong></span> <span class='ocrx_word' id='word_1_667' title='bbox 3257 4355 3614 4426; x_wconf 85' lang='lat' dir='ltr'><strong>Heptatycho</strong></span> <span class='ocrx_word' id='word_1_668' title='bbox 3659 4360 3742 4416; x_wconf 88' lang='lat' dir='ltr'><strong>de</strong></span> <span class='ocrx_word' id='word_1_669' title='bbox 3775 4363 3919 4417; x_wconf 84' lang='lat' dir='ltr'><strong>thu-</strong></span> 
     </span>
    </p>
   </div>
   <div class='ocr_carea' id='block_1_89' title="bbox 2246 4447 3921 4520">
    <p class='ocr_par' dir='ltr' id='par_1_89' title="bbox 2246 4447 3921 4520">
     <span class='ocr_line' id='line_1_90' title="bbox 2246 4447 3921 4520; baseline 0.005 -16"><span class='ocrx_word' id='word_1_670' title='bbox 2246 4449 2444 4504; x_wconf 90' lang='lat' dir='ltr'><strong>ribulis</strong></span> <span class='ocrx_word' id='word_1_671' title='bbox 2472 4452 2902 4520; x_wconf 81' lang='lat' dir='ltr'><strong>peccatorum.»</strong></span> <span class='ocrx_word' id='word_1_672' title='bbox 2936 4449 3001 4502; x_wconf 85' lang='lat' dir='ltr'><strong>Et</strong></span> <span class='ocrx_word' id='word_1_673' title='bbox 3026 4447 3173 4502; x_wconf 89' lang='lat' dir='ltr'><strong>infra</strong></span> <span class='ocrx_word' id='word_1_674' title='bbox 3204 4467 3216 4502; x_wconf 90' lang='lat'><strong>:</strong></span> <span class='ocrx_word' id='word_1_675' title='bbox 3253 4470 3278 4497; x_wconf 89' lang='grc'><strong>‹‹</strong></span> <span class='ocrx_word' id='word_1_676' title='bbox 3309 4449 3732 4520; x_wconf 79' lang='lat' dir='ltr'><strong>Heprehendat</strong></span> <span class='ocrx_word' id='word_1_677' title='bbox 3761 4463 3921 4511; x_wconf 90' lang='lat' dir='ltr'><strong>certe</strong></span> 
     </span>
    </p>
   </div>
   <div class='ocr_carea' id='block_1_90' title="bbox 2245 4541 3922 4614">
    <p class='ocr_par' dir='ltr' id='par_1_90' title="bbox 2245 4541 3922 4614">
     <span class='ocr_line' id='line_1_91' title="bbox 2245 4541 3922 4614; baseline 0.005 -18"><span class='ocrx_word' id='word_1_678' title='bbox 2245 4541 2524 4614; x_wconf 85' lang='lat' dir='ltr'><strong>quispiam</strong></span> <span class='ocrx_word' id='word_1_679' title='bbox 2555 4557 2657 4612; x_wconf 90' lang='lat' dir='ltr'><strong>pro</strong></span> <span class='ocrx_word' id='word_1_680' title='bbox 2686 4541 2773 4595; x_wconf 92' lang='lat' dir='ltr'><strong>sui</strong></span> <span class='ocrx_word' id='word_1_681' title='bbox 2809 4541 3143 4596; x_wconf 89' lang='lat' dir='ltr'><strong>discretione</strong></span> <span class='ocrx_word' id='word_1_682' title='bbox 3171 4541 3324 4612; x_wconf 89' lang='lat' dir='ltr'><strong>quod</strong></span> <span class='ocrx_word' id='word_1_683' title='bbox 3354 4541 3559 4596; x_wconf 90' lang='lat' dir='ltr'><strong>sentio.</strong></span> <span class='ocrx_word' id='word_1_684' title='bbox 3592 4543 3821 4602; x_wconf 82' lang='lat' dir='ltr'><strong>Fateor</strong></span> <span class='ocrx_word' id='word_1_685' title='bbox 3853 4551 3922 4605; x_wconf 90' lang='lat' dir='ltr'><strong>de</strong></span> 
     </span>
    </p>
   </div>
   <div class='ocr_carea' id='block_1_91' title="bbox 520 4629 3923 4712">
    <p class='ocr_par' dir='ltr' id='par_1_91' title="bbox 520 4629 3923 4712">
     <span class='ocr_line' id='line_1_92' title="bbox 520 4629 3923 4712; baseline 0 -23"><span class='ocrx_word' id='word_1_686' title='bbox 520 4635 675 4692; x_wconf 89' lang='lat' dir='ltr'><strong>enim</strong></span> <span class='ocrx_word' id='word_1_687' title='bbox 703 4634 774 4688; x_wconf 86' lang='lat' dir='ltr'><strong>ab</strong></span> <span class='ocrx_word' id='word_1_688' title='bbox 801 4632 1031 4687; x_wconf 90' lang='lat' dir='ltr'><strong>ecclesia</strong></span> <span class='ocrx_word' id='word_1_689' title='bbox 1055 4631 1158 4686; x_wconf 90' lang='lat' dir='ltr'><strong>tibi</strong></span> <span class='ocrx_word' id='word_1_690' title='bbox 1187 4630 1412 4702; x_wconf 89' lang='lat' dir='ltr'><strong>aliquod</strong></span> <span class='ocrx_word' id='word_1_691' title='bbox 1440 4647 1531 4686; x_wconf 90' lang='lat' dir='ltr'><strong>vas</strong></span> <span class='ocrx_word' id='word_1_692' title='bbox 1558 4629 1878 4699; x_wconf 88' lang='lat' dir='ltr'><strong>ministerii,</strong></span> <span class='ocrx_word' id='word_1_693' title='bbox 1909 4631 2061 4702; x_wconf 89' lang='lat' dir='ltr'><strong>quod</strong></span> <span class='ocrx_word' id='word_1_694' title='bbox 2087 4631 2144 4686; x_wconf 90' lang='lat' dir='ltr'><strong>in</strong></span> <span class='ocrx_word' id='word_1_695' title='bbox 2165 4640 2224 4712; x_wconf 88' lang='lat' dir='ltr'><strong>D</strong></span> <span class='ocrx_word' id='word_1_696' title='bbox 2248 4635 2576 4690; x_wconf 88' lang='lat' dir='ltr'><strong>ministeriis</strong></span> <span class='ocrx_word' id='word_1_697' title='bbox 2628 4634 2741 4688; x_wconf 89' lang='lat' dir='ltr'><strong>illis</strong></span> <span class='ocrx_word' id='word_1_698' title='bbox 2781 4633 3018 4688; x_wconf 87' lang='lat' dir='ltr'><strong>minime</strong></span> <span class='ocrx_word' id='word_1_699' title='bbox 3068 4633 3353 4701; x_wconf 88' lang='lat' dir='ltr'><strong>delectari,</strong></span> <span class='ocrx_word' id='word_1_700' title='bbox 3401 4651 3532 4706; x_wconf 84' lang='lat' dir='ltr'><strong>qua</strong></span> <span class='ocrx_word' id='word_1_701' title='bbox 3581 4642 3923 4710; x_wconf 79' lang='lat' dir='ltr'><strong>superioris</strong></span> 
     </span>
    </p>
   </div>
   <div class='ocr_carea' id='block_1_92' title="bbox 517 4723 2146 4799">
    <p class='ocr_par' dir='ltr' id='par_1_92' title="bbox 517 4723 2146 4799">
     <span class='ocr_line' id='line_1_93' title="bbox 517 4723 2146 4799; baseline -0.004 -14"><span class='ocrx_word' id='word_1_702' title='bbox 517 4728 680 4784; x_wconf 83' lang='lat' dir='ltr'><strong>altari</strong></span> <span class='ocrx_word' id='word_1_703' title='bbox 706 4726 954 4799; x_wconf 89' lang='lat' dir='ltr'><strong>ponitur,</strong></span> <span class='ocrx_word' id='word_1_704' title='bbox 985 4725 1290 4792; x_wconf 83' lang='lat' dir='ltr'><strong>deferatur,</strong></span> <span class='ocrx_word' id='word_1_705' title='bbox 1320 4724 1379 4778; x_wconf 93' lang='lat' dir='ltr'><strong>in</strong></span> <span class='ocrx_word' id='word_1_706' title='bbox 1405 4740 1518 4795; x_wconf 92' lang='lat' dir='ltr'><strong>quo</strong></span> <span class='ocrx_word' id='word_1_707' title='bbox 1543 4723 1712 4794; x_wconf 90' lang='lat' dir='ltr'><strong>pedes</strong></span> <span class='ocrx_word' id='word_1_708' title='bbox 1738 4724 2013 4794; x_wconf 89' lang='lat' dir='ltr'><strong>ablueres,</strong></span> <span class='ocrx_word' id='word_1_709' title='bbox 2042 4742 2146 4796; x_wconf 90' lang='lat' dir='ltr'><strong>po-</strong></span> 
     </span>
    </p>
   </div>
   <div class='ocr_carea' id='block_1_93' title="bbox 520 4817 2148 4879">
    <p class='ocr_par' dir='ltr' id='par_1_93' title="bbox 520 4817 2148 4879">
     <span class='ocr_line' id='line_1_94' title="bbox 520 4817 2148 4879; baseline -0.004 0"><span class='ocrx_word' id='word_1_710' title='bbox 520 4822 650 4879; x_wconf 84' lang='lat' dir='ltr'><strong>terit</strong></span> <span class='ocrx_word' id='word_1_711' title='bbox 675 4820 774 4876; x_wconf 91' lang='lat' dir='ltr'><strong>tibi</strong></span> <span class='ocrx_word' id='word_1_712' title='bbox 800 4820 923 4874; x_wconf 83' lang='lat' dir='ltr'><strong>hac</strong></span> <span class='ocrx_word' id='word_1_713' title='bbox 949 4835 1114 4872; x_wconf 90' lang='lat' dir='ltr'><strong>causa</strong></span> <span class='ocrx_word' id='word_1_714' title='bbox 1153 4818 1300 4872; x_wconf 89' lang='lat' dir='ltr'><strong>ferre</strong></span> <span class='ocrx_word' id='word_1_715' title='bbox 1333 4817 1634 4873; x_wconf 89' lang='lat' dir='ltr'><strong>medelam.</strong></span> <span class='ocrx_word' id='word_1_716' title='bbox 1664 4817 1829 4872; x_wconf 89' lang='lat' dir='ltr'><strong>Stulti</strong></span> <span class='ocrx_word' id='word_1_717' title='bbox 1859 4821 1916 4872; x_wconf 90' lang='lat' dir='ltr'><strong>et</strong></span> <span class='ocrx_word' id='word_1_718' title='bbox 1938 4817 2148 4873; x_wconf 86' lang='lat' dir='ltr'><strong>inertes</strong></span> 
     </span>
    </p>
   </div>
   <div class='ocr_carea' id='block_1_94' title="bbox 518 4911 2144 4986">
    <p class='ocr_par' dir='ltr' id='par_1_94' title="bbox 518 4911 2144 4986">
     <span class='ocr_line' id='line_1_95' title="bbox 518 4911 2144 4986; baseline -0.004 -15"><span class='ocrx_word' id='word_1_719' title='bbox 518 4916 615 4984; x_wconf 87' lang='lat' dir='ltr'><strong>(ait</strong></span> <span class='ocrx_word' id='word_1_720' title='bbox 649 4913 935 4986; x_wconf 87' lang='lat' dir='ltr'><strong>piissimus</strong></span> <span class='ocrx_word' id='word_1_721' title='bbox 973 4911 1248 4980; x_wconf 89' lang='lat' dir='ltr'><strong>antistes),</strong></span> <span class='ocrx_word' id='word_1_722' title='bbox 1277 4927 1392 4966; x_wconf 92' lang='lat' dir='ltr'><strong>non</strong></span> <span class='ocrx_word' id='word_1_723' title='bbox 1426 4913 1846 4982; x_wconf 88' lang='lat' dir='ltr'><strong>cognoscentes,</strong></span> <span class='ocrx_word' id='word_1_724' title='bbox 1878 4911 2029 4982; x_wconf 90' lang='lat' dir='ltr'><strong>quod</strong></span> <span class='ocrx_word' id='word_1_725' title='bbox 2056 4928 2144 4965; x_wconf 87' lang='lat' dir='ltr'><strong>sa-</strong></span> 
     </span>
    </p>
   </div>
   <div class='ocr_carea' id='block_1_95' title="bbox 517 5004 2143 5075">
    <p class='ocr_par' dir='ltr' id='par_1_95' title="bbox 517 5004 2143 5075">
     <span class='ocr_line' id='line_1_96' title="bbox 517 5004 2143 5075; baseline -0.003 -12"><span class='ocrx_word' id='word_1_726' title='bbox 517 5013 669 5063; x_wconf 82' lang='lat' dir='ltr'><strong>crata</strong></span> <span class='ocrx_word' id='word_1_727' title='bbox 705 5008 816 5061; x_wconf 91' lang='lat' dir='ltr'><strong>Deo</strong></span> <span class='ocrx_word' id='word_1_728' title='bbox 843 5022 970 5059; x_wconf 86' lang='lat' dir='ltr'><strong>vasa</strong></span> <span class='ocrx_word' id='word_1_729' title='bbox 994 5021 1108 5059; x_wconf 91' lang='lat' dir='ltr'><strong>non</strong></span> <span class='ocrx_word' id='word_1_730' title='bbox 1137 5005 1343 5060; x_wconf 88' lang='lat' dir='ltr'><strong>debent</strong></span> <span class='ocrx_word' id='word_1_731' title='bbox 1365 5005 1434 5058; x_wconf 92' lang='lat' dir='ltr'><strong>ad</strong></span> <span class='ocrx_word' id='word_1_732' title='bbox 1465 5020 1596 5058; x_wconf 91' lang='lat' dir='ltr'><strong>usus</strong></span> <span class='ocrx_word' id='word_1_733' title='bbox 1623 5004 1908 5058; x_wconf 90' lang='lat' dir='ltr'><strong>humanos</strong></span> <span class='ocrx_word' id='word_1_734' title='bbox 1943 5004 2143 5075; x_wconf 87' lang='lat' dir='ltr'><strong>aptari.</strong></span> 
     </span>
    </p>
   </div>
   <div class='ocr_carea' id='block_1_96' title="bbox 517 5097 2144 5171">
    <p class='ocr_par' dir='ltr' id='par_1_96' title="bbox 517 5097 2144 5171">
     <span class='ocr_line' id='line_1_97' title="bbox 517 5097 2144 5171; baseline -0.002 -15"><span class='ocrx_word' id='word_1_735' title='bbox 517 5101 703 5156; x_wconf 80' lang='lat' dir='ltr'><strong>Atille</strong></span> <span class='ocrx_word' id='word_1_736' title='bbox 731 5098 856 5171; x_wconf 80' lang='grc'>64</span> <span class='ocrx_word' id='word_1_737' title='bbox 885 5098 1141 5154; x_wconf 88' lang='lat' dir='ltr'><strong>celeriter</strong></span> <span class='ocrx_word' id='word_1_738' title='bbox 1165 5098 1233 5152; x_wconf 90' lang='lat' dir='ltr'><strong>ad</strong></span> <span class='ocrx_word' id='word_1_739' title='bbox 1264 5098 1555 5152; x_wconf 89' lang='lat' dir='ltr'><strong>ecclesiam</strong></span> <span class='ocrx_word' id='word_1_740' title='bbox 1585 5097 1780 5162; x_wconf 91' lang='lat' dir='ltr'><strong>mittit,</strong></span> <span class='ocrx_word' id='word_1_741' title='bbox 1805 5102 1860 5152; x_wconf 92' lang='lat' dir='ltr'><strong>et</strong></span> <span class='ocrx_word' id='word_1_742' title='bbox 1881 5101 2144 5168; x_wconf 90' lang='lat' dir='ltr'><strong>patenam</strong></span> 
     </span>
    </p>
   </div>
   <div class='ocr_carea' id='block_1_97' title="bbox 517 5189 2146 5262">
    <p class='ocr_par' dir='ltr' id='par_1_97' title="bbox 517 5189 2146 5262">
     <span class='ocr_line' id='line_1_98' title="bbox 517 5189 2146 5262; baseline -0.001 -15"><span class='ocrx_word' id='word_1_743' title='bbox 517 5191 850 5247; x_wconf 84' lang='lat' dir='ltr'><strong>sacrosancti</strong></span> <span class='ocrx_word' id='word_1_744' title='bbox 889 5191 1076 5246; x_wconf 88' lang='lat' dir='ltr'><strong>altaris</strong></span> <span class='ocrx_word' id='word_1_745' title='bbox 1113 5191 1182 5245; x_wconf 91' lang='lat' dir='ltr'><strong>de</strong></span> <span class='ocrx_word' id='word_1_746' title='bbox 1221 5189 1458 5245; x_wconf 89' lang='lat' dir='ltr'><strong>sacrario</strong></span> <span class='ocrx_word' id='word_1_747' title='bbox 1485 5190 1737 5262; x_wconf 90' lang='lat' dir='ltr'><strong>suscipit,</strong></span> <span class='ocrx_word' id='word_1_748' title='bbox 1761 5189 1949 5262; x_wconf 90' lang='lat' dir='ltr'><strong>ibique</strong></span> <span class='ocrx_word' id='word_1_749' title='bbox 1977 5191 2146 5262; x_wconf 87' lang='lat' dir='ltr'><strong>pedes</strong></span> 
     </span>
    </p>
   </div>
   <div class='ocr_carea' id='block_1_98' title="bbox 459 5283 2143 5354">
    <p class='ocr_par' dir='ltr' id='par_1_98' title="bbox 459 5283 2143 5354">
     <span class='ocr_line' id='line_1_99' title="bbox 459 5283 2143 5354; baseline 0 -16"><span class='ocrx_word' id='word_1_750' title='bbox 459 5331 468 5338; x_wconf 93' lang='lat'><strong>.</strong></span> <span class='ocrx_word' id='word_1_751' title='bbox 517 5286 712 5340; x_wconf 88' lang='lat' dir='ltr'><strong>abluit.</strong></span> <span class='ocrx_word' id='word_1_752' title='bbox 744 5285 847 5340; x_wconf 89' lang='lat' dir='ltr'><strong>Sed</strong></span> <span class='ocrx_word' id='word_1_753' title='bbox 870 5285 1062 5339; x_wconf 87' lang='lat' dir='ltr'><strong>statim</strong></span> <span class='ocrx_word' id='word_1_754' title='bbox 1086 5285 1371 5339; x_wconf 88' lang='lat' dir='ltr'><strong>doloribus</strong></span> <span class='ocrx_word' id='word_1_755' title='bbox 1394 5285 1615 5352; x_wconf 91' lang='lat' dir='ltr'><strong>additis,</strong></span> <span class='ocrx_word' id='word_1_756' title='bbox 1635 5283 1703 5338; x_wconf 90' lang='lat' dir='ltr'><strong>ad</strong></span> <span class='ocrx_word' id='word_1_757' title='bbox 1724 5284 1956 5354; x_wconf 90' lang='lat' dir='ltr'><strong>plenum</strong></span> <span class='ocrx_word' id='word_1_758' title='bbox 1985 5285 2143 5340; x_wconf 88' lang='lat' dir='ltr'><strong>debi-</strong></span> 
     </span>
    </p>
   </div>
   <div class='ocr_carea' id='block_1_99' title="bbox 517 5377 2142 5450">
    <p class='ocr_par' dir='ltr' id='par_1_99' title="bbox 517 5377 2142 5450">
     <span class='ocr_line' id='line_1_100' title="bbox 517 5377 2142 5450; baseline -0.004 -16"><span class='ocrx_word' id='word_1_759' title='bbox 517 5379 728 5447; x_wconf 80' lang='lat' dir='ltr'><strong>litatus,</strong></span> <span class='ocrx_word' id='word_1_760' title='bbox 787 5395 1068 5450; x_wconf 89' lang='lat' dir='ltr'><strong>nusquam</strong></span> <span class='ocrx_word' id='word_1_761' title='bbox 1112 5382 1302 5448; x_wconf 86' lang='lat' dir='ltr'><strong>postea</strong></span> <span class='ocrx_word' id='word_1_762' title='bbox 1343 5394 1601 5449; x_wconf 89' lang='lat' dir='ltr'><strong>gressum</strong></span> <span class='ocrx_word' id='word_1_763' title='bbox 1642 5377 1826 5432; x_wconf 88' lang='lat' dir='ltr'><strong>facere</strong></span> <span class='ocrx_word' id='word_1_764' title='bbox 1864 5377 2066 5448; x_wconf 92' lang='lat' dir='ltr'><strong>potuit.</strong></span> <span class='ocrx_word' id='word_1_765' title='bbox 2115 5397 2142 5429; x_wconf 78' lang='grc' dir='ltr'><strong>ι)</strong></span> 
     </span>
    </p>
   </div>
   <div class='ocr_carea' id='block_1_100' title="bbox 517 5470 2144 5544">
    <p class='ocr_par' dir='ltr' id='par_1_100' title="bbox 517 5470 2144 5544">
     <span class='ocr_line' id='line_1_101' title="bbox 517 5470 2144 5544; baseline 0 -17"><span class='ocrx_word' id='word_1_766' title='bbox 517 5471 685 5527; x_wconf 81' lang='lat' dir='ltr'><strong>Addit</strong></span> <span class='ocrx_word' id='word_1_767' title='bbox 721 5472 1021 5544; x_wconf 82' lang='lat' dir='ltr'><strong>Gregorius</strong></span> <span class='ocrx_word' id='word_1_768' title='bbox 1059 5471 1320 5526; x_wconf 90' lang='lat' dir='ltr'><strong>similiter</strong></span> <span class='ocrx_word' id='word_1_769' title='bbox 1345 5471 1542 5524; x_wconf 88' lang='lat' dir='ltr'><strong>fecisse</strong></span> <span class='ocrx_word' id='word_1_770' title='bbox 1572 5470 1879 5540; x_wconf 89' lang='lat' dir='ltr'><strong>quemdam</strong></span> <span class='ocrx_word' id='word_1_771' title='bbox 1919 5471 2144 5544; x_wconf 85' lang='lat' dir='ltr'><strong>Lango-</strong></span> 
     </span>
    </p>
   </div>
   <div class='ocr_carea' id='block_1_101' title="bbox 517 5562 2146 5632">
    <p class='ocr_par' dir='ltr' id='par_1_101' title="bbox 517 5562 2146 5632">
     <span class='ocr_line' id='line_1_102' title="bbox 517 5562 2146 5632; baseline 0 -12"><span class='ocrx_word' id='word_1_772' title='bbox 517 5565 822 5622; x_wconf 89' lang='lat' dir='ltr'><strong>bardorum</strong></span> <span class='ocrx_word' id='word_1_773' title='bbox 853 5567 1080 5622; x_wconf 91' lang='lat' dir='ltr'><strong>ducem.</strong></span> <span class='ocrx_word' id='word_1_774' title='bbox 1111 5566 1262 5620; x_wconf 89' lang='lat' dir='ltr'><strong>Adeo</strong></span> <span class='ocrx_word' id='word_1_775' title='bbox 1290 5580 1444 5618; x_wconf 89' lang='lat' dir='ltr'><strong>sacra</strong></span> <span class='ocrx_word' id='word_1_776' title='bbox 1463 5562 1659 5617; x_wconf 88' lang='lat' dir='ltr'><strong>omnia</strong></span> <span class='ocrx_word' id='word_1_777' title='bbox 1677 5563 1903 5632; x_wconf 89' lang='lat' dir='ltr'><strong>cedunt,</strong></span> <span class='ocrx_word' id='word_1_778' title='bbox 1927 5581 2054 5619; x_wconf 89' lang='lat' dir='ltr'><strong>cum</strong></span> <span class='ocrx_word' id='word_1_779' title='bbox 2077 5565 2146 5620; x_wconf 87' lang='lat' dir='ltr'><strong>de</strong></span> 
     </span>
    </p>
   </div>
   <div class='ocr_carea' id='block_1_102' title="bbox 516 5655 2145 5730">
    <p class='ocr_par' dir='ltr' id='par_1_102' title="bbox 516 5655 2145 5730">
     <span class='ocr_line' id='line_1_103' title="bbox 516 5655 2145 5730; baseline -0.001 -16"><span class='ocrx_word' id='word_1_780' title='bbox 516 5664 814 5730; x_wconf 90' lang='lat' dir='ltr'><strong>potentum</strong></span> <span class='ocrx_word' id='word_1_781' title='bbox 833 5661 1013 5716; x_wconf 88' lang='lat' dir='ltr'><strong>salute</strong></span> <span class='ocrx_word' id='word_1_782' title='bbox 1035 5659 1244 5729; x_wconf 83' lang='lat' dir='ltr'><strong>agitur.</strong></span> <span class='ocrx_word' id='word_1_783' title='bbox 1267 5655 1495 5710; x_wconf 89' lang='lat' dir='ltr'><strong>Concilii</strong></span> <span class='ocrx_word' id='word_1_784' title='bbox 1518 5672 1576 5710; x_wconf 82' lang='grc' dir='ltr'><strong>ιιι</strong></span> <span class='ocrx_word' id='word_1_785' title='bbox 1594 5656 1946 5711; x_wconf 86' lang='lat' dir='ltr'><strong>Bracarensis</strong></span> <span class='ocrx_word' id='word_1_786' title='bbox 1965 5675 2145 5713; x_wconf 91' lang='lat' dir='ltr'><strong>canon</strong></span> 
     </span>
    </p>
   </div>
   <div class='ocr_carea' id='block_1_103' title="bbox 514 5749 2140 5823">
    <p class='ocr_par' dir='ltr' id='par_1_103' title="bbox 514 5749 2140 5823">
     <span class='ocr_line' id='line_1_104' title="bbox 514 5749 2140 5823; baseline -0.001 -16"><span class='ocrx_word' id='word_1_787' title='bbox 514 5756 546 5807; x_wconf 82' lang='lat'><strong>2</strong></span> <span class='ocrx_word' id='word_1_788' title='bbox 582 5769 771 5808; x_wconf 88' lang='lat' dir='ltr'><strong>severe</strong></span> <span class='ocrx_word' id='word_1_789' title='bbox 811 5751 1212 5808; x_wconf 90' lang='lat' dir='ltr'><strong>animadvertit</strong></span> <span class='ocrx_word' id='word_1_790' title='bbox 1252 5749 1310 5804; x_wconf 93' lang='lat' dir='ltr'><strong>in</strong></span> <span class='ocrx_word' id='word_1_791' title='bbox 1355 5749 1631 5821; x_wconf 91' lang='lat' dir='ltr'><strong>quosdam</strong></span> <span class='ocrx_word' id='word_1_792' title='bbox 1673 5750 2006 5821; x_wconf 90' lang='lat' dir='ltr'><strong>sacerdotes,</strong></span> <span class='ocrx_word' id='word_1_793' title='bbox 2044 5753 2140 5823; x_wconf 90' lang='lat' dir='ltr'><strong>qui</strong></span> 
     </span>
    </p>
   </div>
   <div class='ocr_carea' id='block_1_104' title="bbox 513 5843 1773 5916">
    <p class='ocr_par' dir='ltr' id='par_1_104' title="bbox 513 5843 1773 5916">
     <span class='ocr_line' id='line_1_105' title="bbox 513 5843 1773 5916; baseline 0 -20"><span class='ocrx_word' id='word_1_794' title='bbox 513 5863 642 5900; x_wconf 81' lang='lat' dir='ltr'><strong>vasa</strong></span> <span class='ocrx_word' id='word_1_795' title='bbox 672 5863 828 5902; x_wconf 88' lang='lat' dir='ltr'><strong>sacra</strong></span> <span class='ocrx_word' id='word_1_796' title='bbox 855 5846 915 5900; x_wconf 91' lang='lat' dir='ltr'><strong>in</strong></span> <span class='ocrx_word' id='word_1_797' title='bbox 943 5843 1208 5916; x_wconf 88' lang='lat' dir='ltr'><strong>profanos</strong></span> <span class='ocrx_word' id='word_1_798' title='bbox 1231 5859 1367 5898; x_wconf 89' lang='lat' dir='ltr'><strong>usus</strong></span> <span class='ocrx_word' id='word_1_799' title='bbox 1392 5843 1773 5897; x_wconf 89' lang='lat' dir='ltr'><strong>assumebant.</strong></span> 
     </span>
    </p>
   </div>
   <div class='ocr_carea' id='block_1_105' title="bbox 580 5936 2143 6010">
    <p class='ocr_par' dir='ltr' id='par_1_105' title="bbox 580 5936 2143 6010">
     <span class='ocr_line' id='line_1_106' title="bbox 580 5936 2143 6010; baseline 0.001 -18"><span class='ocrx_word' id='word_1_800' title='bbox 580 5940 634 5993; x_wconf 80' lang='grc'><strong>4.</strong></span> <span class='ocrx_word' id='word_1_801' title='bbox 669 5939 856 6010; x_wconf 83' lang='lat' dir='ltr'><strong>Longe</strong></span> <span class='ocrx_word' id='word_1_802' title='bbox 889 5936 1230 6009; x_wconf 88' lang='lat' dir='ltr'><strong>probabilior</strong></span> <span class='ocrx_word' id='word_1_803' title='bbox 1253 5936 1362 5992; x_wconf 86' lang='lat' dir='ltr'><strong>fuit</strong></span> <span class='ocrx_word' id='word_1_804' title='bbox 1399 5952 1533 5992; x_wconf 91' lang='lat' dir='ltr'><strong>usus</strong></span> <span class='ocrx_word' id='word_1_805' title='bbox 1566 5953 1827 5993; x_wconf 87' lang='lat' dir='ltr'><strong>vasorum</strong></span> <span class='ocrx_word' id='word_1_806' title='bbox 1857 5953 2143 5994; x_wconf 89' lang='lat' dir='ltr'><strong>sacrorum</strong></span> 
     </span>
    </p>
   </div>
   <div class='ocr_carea' id='block_1_106' title="bbox 2249 4726 3922 4807">
    <p class='ocr_par' dir='ltr' id='par_1_106' title="bbox 2249 4726 3922 4807">
     <span class='ocr_line' id='line_1_107' title="bbox 2249 4726 3922 4807; baseline 0.005 -25"><span class='ocrx_word' id='word_1_807' title='bbox 2249 4728 2437 4783; x_wconf 83' lang='lat' dir='ltr'><strong>Gallia</strong></span> <span class='ocrx_word' id='word_1_808' title='bbox 2483 4727 2740 4799; x_wconf 88' lang='lat' dir='ltr'><strong>partibus</strong></span> <span class='ocrx_word' id='word_1_809' title='bbox 2792 4727 2863 4781; x_wconf 92' lang='lat' dir='ltr'><strong>ad</strong></span> <span class='ocrx_word' id='word_1_810' title='bbox 2917 4726 3177 4782; x_wconf 88' lang='lat' dir='ltr'><strong>ecclesias</strong></span> <span class='ocrx_word' id='word_1_811' title='bbox 3228 4727 3373 4797; x_wconf 88' lang='lat' dir='ltr'><strong>legis</strong></span> <span class='ocrx_word' id='word_1_812' title='bbox 3413 4734 3634 4785; x_wconf 85' lang='lat' dir='ltr'><strong>nostra</strong></span> <span class='ocrx_word' id='word_1_813' title='bbox 3681 4736 3922 4807; x_wconf 83' lang='lat' dir='ltr'><strong>captiva</strong></span> 
     </span>
    </p>
   </div>
   <div class='ocr_carea' id='block_1_107' title="bbox 2247 4819 3922 4892">
    <p class='ocr_par' dir='ltr' id='par_1_107' title="bbox 2247 4819 3922 4892">
     <span class='ocr_line' id='line_1_108' title="bbox 2247 4819 3922 4892; baseline 0.005 -18"><span class='ocrx_word' id='word_1_814' title='bbox 2247 4823 2552 4887; x_wconf 88' lang='lat' dir='ltr'><strong>venerunt;</strong></span> <span class='ocrx_word' id='word_1_815' title='bbox 2599 4835 2842 4892; x_wconf 84' lang='lat' dir='ltr'><strong>quaque</strong></span> <span class='ocrx_word' id='word_1_816' title='bbox 2892 4819 2972 4874; x_wconf 92' lang='lat' dir='ltr'><strong>nil</strong></span> <span class='ocrx_word' id='word_1_817' title='bbox 3024 4819 3429 4890; x_wconf 86' lang='lat' dir='ltr'><strong>voluntarium,</strong></span> <span class='ocrx_word' id='word_1_818' title='bbox 3485 4822 3570 4877; x_wconf 88' lang='lat' dir='ltr'><strong>nil</strong></span> <span class='ocrx_word' id='word_1_819' title='bbox 3625 4823 3922 4883; x_wconf 85' lang='lat' dir='ltr'><strong>innocens</strong></span> 
     </span>
    </p>
   </div>
   <div class='ocr_carea' id='block_1_108' title="bbox 2248 4912 3923 4986">
    <p class='ocr_par' dir='ltr' id='par_1_108' title="bbox 2248 4912 3923 4986">
     <span class='ocr_line' id='line_1_109' title="bbox 2248 4912 3923 4986; baseline 0.005 -18"><span class='ocrx_word' id='word_1_820' title='bbox 2248 4914 2626 4986; x_wconf 88' lang='lat' dir='ltr'><strong>praferentia,</strong></span> <span class='ocrx_word' id='word_1_821' title='bbox 2682 4913 2728 4968; x_wconf 93' lang='lat' dir='ltr'><strong>si</strong></span> <span class='ocrx_word' id='word_1_822' title='bbox 2781 4913 3104 4967; x_wconf 88' lang='lat' dir='ltr'><strong>dolentibus</strong></span> <span class='ocrx_word' id='word_1_823' title='bbox 3153 4912 3469 4984; x_wconf 88' lang='lat' dir='ltr'><strong>rapiantur,</strong></span> <span class='ocrx_word' id='word_1_824' title='bbox 3525 4915 3923 4976; x_wconf 72' lang='lat' dir='ltr'><strong>offerentibus</strong></span> 
     </span>
    </p>
   </div>
   <div class='ocr_carea' id='block_1_109' title="bbox 2246 5005 3918 5080">
    <p class='ocr_par' dir='ltr' id='par_1_109' title="bbox 2246 5005 3918 5080">
     <span class='ocr_line' id='line_1_110' title="bbox 2246 5005 3918 5080; baseline 0.005 -18"><span class='ocrx_word' id='word_1_825' title='bbox 2246 5009 2509 5080; x_wconf 89' lang='lat' dir='ltr'><strong>prodesse</strong></span> <span class='ocrx_word' id='word_1_826' title='bbox 2549 5023 2667 5061; x_wconf 91' lang='lat' dir='ltr'><strong>non</strong></span> <span class='ocrx_word' id='word_1_827' title='bbox 2701 5009 3035 5078; x_wconf 90' lang='lat' dir='ltr'><strong>poterunt...</strong></span> <span class='ocrx_word' id='word_1_828' title='bbox 3069 5006 3182 5059; x_wconf 85' lang='lat' dir='ltr'><strong>Cur</strong></span> <span class='ocrx_word' id='word_1_829' title='bbox 3221 5005 3290 5060; x_wconf 86' lang='lat' dir='ltr'><strong>de</strong></span> <span class='ocrx_word' id='word_1_830' title='bbox 3323 5005 3614 5063; x_wconf 88' lang='lat' dir='ltr'><strong>thesauris</strong></span> <span class='ocrx_word' id='word_1_831' title='bbox 3663 5014 3796 5069; x_wconf 91' lang='lat' dir='ltr'><strong>suis</strong></span> <span class='ocrx_word' id='word_1_832' title='bbox 3837 5016 3918 5069; x_wconf 89' lang='lat' dir='ltr'><strong>le-</strong></span> 
     </span>
    </p>
   </div>
   <div class='ocr_carea' id='block_1_110' title="bbox 2247 5099 3923 5174">
    <p class='ocr_par' dir='ltr' id='par_1_110' title="bbox 2247 5099 3923 5174">
     <span class='ocr_line' id='line_1_111' title="bbox 2247 5099 3923 5174; baseline 0.005 -19"><span class='ocrx_word' id='word_1_833' title='bbox 2247 5101 2492 5156; x_wconf 89' lang='lat' dir='ltr'><strong>ctissima</strong></span> <span class='ocrx_word' id='word_1_834' title='bbox 2513 5116 2752 5172; x_wconf 87' lang='lat' dir='ltr'><strong>quaque</strong></span> <span class='ocrx_word' id='word_1_835' title='bbox 2769 5099 3109 5170; x_wconf 89' lang='lat' dir='ltr'><strong>producens,</strong></span> <span class='ocrx_word' id='word_1_836' title='bbox 3135 5099 3289 5153; x_wconf 92' lang='lat' dir='ltr'><strong>haud</strong></span> <span class='ocrx_word' id='word_1_837' title='bbox 3310 5099 3468 5153; x_wconf 91' lang='lat' dir='ltr'><strong>omni</strong></span> <span class='ocrx_word' id='word_1_838' title='bbox 3486 5099 3812 5174; x_wconf 89' lang='lat' dir='ltr'><strong>impendio</strong></span> <span class='ocrx_word' id='word_1_839' title='bbox 3828 5127 3923 5164; x_wconf 88' lang='lat' dir='ltr'><strong>eu-</strong></span> 
     </span>
    </p>
   </div>
   <div class='ocr_carea' id='block_1_111' title="bbox 2247 5191 3919 5268">
    <p class='ocr_par' dir='ltr' id='par_1_111' title="bbox 2247 5191 3919 5268">
     <span class='ocr_line' id='line_1_112' title="bbox 2247 5191 3919 5268; baseline 0.005 -20"><span class='ocrx_word' id='word_1_840' title='bbox 2247 5199 2420 5263; x_wconf 91' lang='lat' dir='ltr'><strong>rat,ut</strong></span> <span class='ocrx_word' id='word_1_841' title='bbox 2431 5193 2489 5247; x_wconf 91' lang='lat' dir='ltr'><strong>in</strong></span> <span class='ocrx_word' id='word_1_842' title='bbox 2503 5193 2590 5247; x_wconf 91' lang='lat' dir='ltr'><strong>his</strong></span> <span class='ocrx_word' id='word_1_843' title='bbox 2603 5208 2730 5265; x_wconf 88' lang='lat' dir='ltr'><strong>qua</strong></span> <span class='ocrx_word' id='word_1_844' title='bbox 2742 5192 2810 5246; x_wconf 89' lang='lat' dir='ltr'><strong>ad</strong></span> <span class='ocrx_word' id='word_1_845' title='bbox 2823 5196 3078 5247; x_wconf 90' lang='lat' dir='ltr'><strong>sanctum</strong></span> <span class='ocrx_word' id='word_1_846' title='bbox 3093 5191 3479 5247; x_wconf 90' lang='lat' dir='ltr'><strong>ministerium</strong></span> <span class='ocrx_word' id='word_1_847' title='bbox 3493 5197 3919 5268; x_wconf 88' lang='lat' dir='ltr'><strong>pertinebunt,</strong></span> 
     </span>
    </p>
   </div>
   <div class='ocr_carea' id='block_1_112' title="bbox 2246 5285 3919 5357">
    <p class='ocr_par' dir='ltr' id='par_1_112' title="bbox 2246 5285 3919 5357">
     <span class='ocr_line' id='line_1_113' title="bbox 2246 5285 3919 5357; baseline 0.002 -16"><span class='ocrx_word' id='word_1_848' title='bbox 2246 5303 2362 5342; x_wconf 89' lang='lat' dir='ltr'><strong>non</strong></span> <span class='ocrx_word' id='word_1_849' title='bbox 2387 5286 2568 5357; x_wconf 89' lang='lat' dir='ltr'><strong>magis</strong></span> <span class='ocrx_word' id='word_1_850' title='bbox 2589 5285 2905 5357; x_wconf 86' lang='lat' dir='ltr'><strong>pretiositas</strong></span> <span class='ocrx_word' id='word_1_851' title='bbox 2924 5285 3103 5356; x_wconf 90' lang='lat' dir='ltr'><strong>possit</strong></span> <span class='ocrx_word' id='word_1_852' title='bbox 3122 5285 3362 5356; x_wconf 87' lang='lat' dir='ltr'><strong>placere,</strong></span> <span class='ocrx_word' id='word_1_853' title='bbox 3387 5302 3564 5357; x_wconf 91' lang='lat' dir='ltr'><strong>quam</strong></span> <span class='ocrx_word' id='word_1_854' title='bbox 3586 5293 3833 5350; x_wconf 83' lang='lat' dir='ltr'><strong>novitas</strong></span> <span class='ocrx_word' id='word_1_855' title='bbox 3850 5297 3877 5350; x_wconf 84' lang='lat'><strong>?</strong></span> <span class='ocrx_word' id='word_1_856' title='bbox 3894 5319 3919 5346; x_wconf 84' lang='grc'>››</span> 
     </span>
    </p>
   </div>
   <div class='ocr_carea' id='block_1_113' title="bbox 2247 5378 3920 5452">
    <p class='ocr_par' dir='ltr' id='par_1_113' title="bbox 2247 5378 3920 5452">
     <span class='ocr_line' id='line_1_114' title="bbox 2247 5378 3920 5452; baseline 0 -18"><span class='ocrx_word' id='word_1_857' title='bbox 2247 5381 2370 5434; x_wconf 87' lang='lat' dir='ltr'><strong>Hac</strong></span> <span class='ocrx_word' id='word_1_858' title='bbox 2397 5379 2498 5434; x_wconf 89' lang='lat' dir='ltr'><strong>etsi</strong></span> <span class='ocrx_word' id='word_1_859' title='bbox 2524 5379 2593 5434; x_wconf 92' lang='lat' dir='ltr'><strong>ad</strong></span> <span class='ocrx_word' id='word_1_860' title='bbox 2620 5378 3070 5434; x_wconf 80' lang='lat' dir='ltr'><strong>confirmandum</strong></span> <span class='ocrx_word' id='word_1_861' title='bbox 3098 5378 3157 5432; x_wconf 92' lang='lat' dir='ltr'><strong>id</strong></span> <span class='ocrx_word' id='word_1_862' title='bbox 3182 5378 3334 5449; x_wconf 88' lang='lat' dir='ltr'><strong>quod</strong></span> <span class='ocrx_word' id='word_1_863' title='bbox 3360 5379 3423 5433; x_wconf 91' lang='lat' dir='ltr'><strong>in</strong></span> <span class='ocrx_word' id='word_1_864' title='bbox 3447 5385 3765 5452; x_wconf 83' lang='lat' dir='ltr'><strong>proposito</strong></span> <span class='ocrx_word' id='word_1_865' title='bbox 3798 5396 3920 5444; x_wconf 62' lang='lat' dir='ltr'><strong>erat</strong></span> 
     </span>
    </p>
   </div>
   <div class='ocr_carea' id='block_1_114' title="bbox 2246 5471 3920 5546">
    <p class='ocr_par' dir='ltr' id='par_1_114' title="bbox 2246 5471 3920 5546">
     <span class='ocr_line' id='line_1_115' title="bbox 2246 5471 3920 5546; baseline 0.002 -18"><span class='ocrx_word' id='word_1_866' title='bbox 2246 5489 2363 5528; x_wconf 90' lang='lat' dir='ltr'><strong>non</strong></span> <span class='ocrx_word' id='word_1_867' title='bbox 2388 5477 2470 5527; x_wconf 90' lang='lat' dir='ltr'><strong>est</strong></span> <span class='ocrx_word' id='word_1_868' title='bbox 2505 5473 2904 5538; x_wconf 79' lang='lat' dir='ltr'><strong>necessarium,</strong></span> <span class='ocrx_word' id='word_1_869' title='bbox 2929 5471 3036 5526; x_wconf 88' lang='lat' dir='ltr'><strong>erit</strong></span> <span class='ocrx_word' id='word_1_870' title='bbox 3069 5475 3261 5526; x_wconf 89' lang='lat' dir='ltr'><strong>tamen</strong></span> <span class='ocrx_word' id='word_1_871' title='bbox 3287 5472 3359 5527; x_wconf 92' lang='lat' dir='ltr'><strong>ad</strong></span> <span class='ocrx_word' id='word_1_872' title='bbox 3391 5472 3499 5528; x_wconf 90' lang='lat' dir='ltr'><strong>hoc</strong></span> <span class='ocrx_word' id='word_1_873' title='bbox 3527 5477 3920 5546; x_wconf 82' lang='lat' dir='ltr'><strong>probandum</strong></span> 
     </span>
    </p>
   </div>
   <div class='ocr_carea' id='block_1_115' title="bbox 2245 5564 3919 5640">
    <p class='ocr_par' dir='ltr' id='par_1_115' title="bbox 2245 5564 3919 5640">
     <span class='ocr_line' id='line_1_116' title="bbox 2245 5564 3919 5640; baseline 0.007 -20"><span class='ocrx_word' id='word_1_874' title='bbox 2245 5565 2551 5636; x_wconf 88' lang='lat' dir='ltr'><strong>singulare,</strong></span> <span class='ocrx_word' id='word_1_875' title='bbox 2580 5581 2786 5637; x_wconf 87' lang='lat' dir='ltr'><strong>nempe</strong></span> <span class='ocrx_word' id='word_1_876' title='bbox 2826 5566 2970 5618; x_wconf 88' lang='lat' dir='ltr'><strong>vasis</strong></span> <span class='ocrx_word' id='word_1_877' title='bbox 3002 5564 3400 5619; x_wconf 79' lang='lat' dir='ltr'><strong>haereticorum</strong></span> <span class='ocrx_word' id='word_1_878' title='bbox 3442 5566 3674 5640; x_wconf 89' lang='lat' dir='ltr'><strong>ablatis,</strong></span> <span class='ocrx_word' id='word_1_879' title='bbox 3712 5580 3777 5629; x_wconf 88' lang='lat' dir='ltr'><strong>et</strong></span> <span class='ocrx_word' id='word_1_880' title='bbox 3825 5594 3919 5632; x_wconf 83' lang='lat' dir='ltr'><strong>ec-</strong></span> 
     </span>
    </p>
   </div>
   <div class='ocr_carea' id='block_1_116' title="bbox 2245 5657 3920 5730">
    <p class='ocr_par' dir='ltr' id='par_1_116' title="bbox 2245 5657 3920 5730">
     <span class='ocr_line' id='line_1_117' title="bbox 2245 5657 3920 5730; baseline 0.007 -17"><span class='ocrx_word' id='word_1_881' title='bbox 2245 5659 2427 5714; x_wconf 88' lang='lat' dir='ltr'><strong>clesia</strong></span> <span class='ocrx_word' id='word_1_882' title='bbox 2463 5659 2680 5728; x_wconf 89' lang='lat' dir='ltr'><strong>oblatis,</strong></span> <span class='ocrx_word' id='word_1_883' title='bbox 2713 5660 2888 5713; x_wconf 90' lang='lat' dir='ltr'><strong>Deum</strong></span> <span class='ocrx_word' id='word_1_884' title='bbox 2927 5674 3042 5712; x_wconf 92' lang='lat' dir='ltr'><strong>non</strong></span> <span class='ocrx_word' id='word_1_885' title='bbox 3089 5657 3376 5727; x_wconf 87' lang='lat' dir='ltr'><strong>delectari,</strong></span> <span class='ocrx_word' id='word_1_886' title='bbox 3415 5675 3548 5730; x_wconf 86' lang='lat' dir='ltr'><strong>qua</strong></span> <span class='ocrx_word' id='word_1_887' title='bbox 3587 5671 3725 5721; x_wconf 89' lang='lat' dir='ltr'><strong>erat</strong></span> <span class='ocrx_word' id='word_1_888' title='bbox 3764 5671 3920 5725; x_wconf 78' lang='lat' dir='ltr'><strong>Aviti</strong></span> 
     </span>
    </p>
   </div>
   <div class='ocr_carea' id='block_1_117' title="bbox 2246 5750 3923 5834">
    <p class='ocr_par' dir='ltr' id='par_1_117' title="bbox 2246 5750 3923 5834">
     <span class='ocr_line' id='line_1_118' title="bbox 2246 5750 3923 5834; baseline 0.003 -28"><span class='ocrx_word' id='word_1_889' title='bbox 2246 5753 2538 5824; x_wconf 87' lang='lat' dir='ltr'><strong>sententia,</strong></span> <span class='ocrx_word' id='word_1_890' title='bbox 2581 5751 2690 5807; x_wconf 90' lang='lat' dir='ltr'><strong>nisi</strong></span> <span class='ocrx_word' id='word_1_891' title='bbox 2719 5773 2745 5800; x_wconf 84' lang='lat'><strong>«</strong></span> <span class='ocrx_word' id='word_1_892' title='bbox 2784 5751 2967 5806; x_wconf 89' lang='lat' dir='ltr'><strong>infusa</strong></span> <span class='ocrx_word' id='word_1_893' title='bbox 3009 5750 3355 5818; x_wconf 87' lang='lat' dir='ltr'><strong>fornacibus,</strong></span> <span class='ocrx_word' id='word_1_894' title='bbox 3403 5757 3461 5807; x_wconf 89' lang='lat' dir='ltr'><strong>et</strong></span> <span class='ocrx_word' id='word_1_895' title='bbox 3501 5753 3771 5816; x_wconf 82' lang='lat' dir='ltr'><strong>distenta</strong></span> <span class='ocrx_word' id='word_1_896' title='bbox 3815 5780 3923 5834; x_wconf 76' lang='lat' dir='ltr'><strong>per</strong></span> 
     </span>
    </p>
   </div>
   <div class='ocr_carea' id='block_1_118' title="bbox 2244 5843 3920 5917">
    <p class='ocr_par' dir='ltr' id='par_1_118' title="bbox 2244 5843 3920 5917">
     <span class='ocr_line' id='line_1_119' title="bbox 2244 5843 3920 5917; baseline 0.007 -17"><span class='ocrx_word' id='word_1_897' title='bbox 2244 5847 2498 5913; x_wconf 89' lang='lat' dir='ltr'><strong>laminas,</strong></span> <span class='ocrx_word' id='word_1_898' title='bbox 2534 5867 2560 5896; x_wconf 86' lang='lat'>»</span> <span class='ocrx_word' id='word_1_899' title='bbox 2597 5861 2742 5917; x_wconf 89' lang='lat' dir='ltr'><strong>pura</strong></span> <span class='ocrx_word' id='word_1_900' title='bbox 2778 5843 3115 5900; x_wconf 84' lang='lat' dir='ltr'><strong>efﬁciantur.</strong></span> <span class='ocrx_word' id='word_1_901' title='bbox 3163 5845 3314 5899; x_wconf 90' lang='lat' dir='ltr'><strong>Idem</strong></span> <span class='ocrx_word' id='word_1_902' title='bbox 3346 5851 3540 5902; x_wconf 88' lang='lat' dir='ltr'><strong>censet</strong></span> <span class='ocrx_word' id='word_1_903' title='bbox 3576 5849 3651 5906; x_wconf 91' lang='lat' dir='ltr'><strong>de</strong></span> <span class='ocrx_word' id='word_1_904' title='bbox 3697 5869 3920 5912; x_wconf 87' lang='lat' dir='ltr'><strong>eorum</strong></span> 
     </span>
    </p>
   </div>
   <div class='ocr_carea' id='block_1_119' title="bbox 2244 5937 3916 6013">
    <p class='ocr_par' dir='ltr' id='par_1_119' title="bbox 2244 5937 3916 6013">
     <span class='ocr_line' id='line_1_120' title="bbox 2244 5937 3916 6013; baseline -0.003 -19"><span class='ocrx_word' id='word_1_905' title='bbox 2244 5940 2491 6012; x_wconf 86' lang='lat' dir='ltr'><strong>templis,</strong></span> <span class='ocrx_word' id='word_1_906' title='bbox 2519 5943 2674 5996; x_wconf 88' lang='lat' dir='ltr'><strong>ratus</strong></span> <span class='ocrx_word' id='word_1_907' title='bbox 2709 5961 2736 5990; x_wconf 83' lang='lat'><strong><em>«</em></strong></span> <span class='ocrx_word' id='word_1_908' title='bbox 2768 5955 2889 5994; x_wconf 88' lang='lat' dir='ltr'><strong>rem</strong></span> <span class='ocrx_word' id='word_1_909' title='bbox 2919 5937 3321 6005; x_wconf 83' lang='lat' dir='ltr'><strong>insensibilem,</strong></span> <span class='ocrx_word' id='word_1_910' title='bbox 3351 5955 3480 6010; x_wconf 85' lang='lat' dir='ltr'><strong>qua</strong></span> <span class='ocrx_word' id='word_1_911' title='bbox 3507 5944 3789 6013; x_wconf 87' lang='lat' dir='ltr'><strong>primum</strong></span> <span class='ocrx_word' id='word_1_912' title='bbox 3823 5951 3916 6006; x_wconf 83' lang='lat' dir='ltr'><strong>in-</strong></span> 
     </span>
    </p>
   </div>
  </div>
