3968 6444
129 409 211 461 Its
1112 411 1197 470 DE
1235 412 1548 472 LITURGIA
1583 413 1949 506 GALLICANA
1986 418 2186 478 LIBER
2221 421 2482 480 PRIMUS.

3363 435 3459 489 l50

121 516 303 570 novata
339 509 639 612 polluitur
679 513 860 586 (nulla
902 515 1086 591 posse)
1127 519 1564 578 sanctiﬁcatione
1605 539 1742 595 pur-
1766 535 1824 610 Α
1842 526 2105 584 tudinum
2131 528 2582 589 Cluniacensium
2605 549 2726 606 cap.
2756 536 2846 604 29,
2874 538 2931 592 et
2967 535 3269 596 Hildeberti
3307 539 3455 612 epis-

122 606 247 678 gari.
281 625 308 658 ι
336 605 462 662 Alia
500 606 620 664 fuit
659 625 826 665 mens
862 609 1118 683 Gregorii
1159 613 1343 685 Magni
1377 618 1435 670 et
1457 620 1586 671 ante
1614 631 1746 672 eum

120 700 366 756 Honorati
393 701 654 773 episcopi
685 701 814 776 66
837 705 1201 774 Novariensis,
1220 707 1320 778 qui
1337 708 1613 779 templum
1633 709 1748 764 ido-

122 794 288 848 lorum
313 791 375 848 in
401 795 714 851 ecclesiam
741 797 1050 853 convertit:
1075 798 1136 852 in
1160 799 1320 869 cujus
1343 801 1747 856 dedicationem

121 885 391 942 Ennodius
439 886 728 943 diaconus
759 889 1068 944 Ticinensis
1121 890 1428 947 dictionem
1465 895 1748 949 Honorato

123 979 379 1045 submisit,
407 995 542 1050 qua
573 981 751 1036 dictio
784 985 868 1037 est
886 983 1130 1038 secunda
1155 986 1308 1055 apud
1333 986 1674 1042 Ennodium.

182 1075 229 1127 6.
259 1073 490 1141 Verum,
535 1078 604 1128 ut
640 1073 716 1128 ad
756 1075 1113 1147 propositum
1140 1092 1233 1132 me
1258 1078 1520 1148 referam,
1549 1079 1743 1134 minis-

121 1165 309 1220 terium
331 1181 450 1221 non
478 1165 678 1221 solum
705 1183 836 1221 vasa
871 1185 1044 1235 sacra,
1076 1169 1173 1224 sed
1201 1169 1368 1225 etiam
1400 1171 1506 1225 alia
1533 1188 1660 1242 qua
1687 1172 1747 1228 in

122 1257 271 1312 sacris
318 1258 448 1312 usui
505 1264 713 1329 erant,
770 1260 1050 1331 signiﬁcat
1103 1263 1256 1333 apud
1307 1264 1639 1333 Gregorium
1685 1265 1748 1321 in

123 1350 352 1405 Historia
392 1350 495 1407 lib.
549 1368 570 1405 1
618 1368 748 1422 cap.
797 1356 888 1420 27,
923 1353 1023 1408 ubi
1075 1355 1334 1410 Clodovei
1371 1357 1576 1411 milites
1613 1378 1640 1406 ‹‹
1678 1357 1748 1412 de

122 1442 344 1514 quadam
368 1443 614 1498 ecclesia
642 1460 882 1500 urceum
905 1445 1067 1502 mira
1095 1447 1501 1518 magnitudinis
1525 1466 1588 1503 ac
1615 1450 1744 1520 pul-

124 1535 439 1590 chritudinis
467 1558 495 1586 »
533 1537 738 1608 (quem
766 1542 958 1593 sancto
984 1539 1245 1610 Remigio
1272 1541 1618 1596 Bhemorum
1642 1558 1744 1596 an-

124 1628 268 1682 tistiti
307 1644 408 1682 rex
449 1629 576 1700 ipse
630 1629 820 1685 adhuc
861 1647 1118 1702 paganus
1169 1633 1434 1703 restituit)
1476 1633 1749 1704 leguntur

125 1719 394 1776 abstulisse
425 1740 453 1774 α
485 1738 628 1776 cum
653 1721 892 1794 reliquis
927 1724 1284 1780 ecclesiastici
1320 1725 1621 1780 ministerii
1651 1743 1745 1781 or-

126 1814 402 1869 namentis.
435 1835 465 1864 »
495 1815 802 1885 Ejusmodi
837 1817 1262 1888 supellectilem,
1290 1833 1415 1889 qua
1448 1818 1747 1873 ministerii

1844 619 1972 692 cOpi
1994 621 2430 679 Cenomanensis
2457 625 2690 696 epistola
2716 629 2748 683 8
2779 627 2848 683 ad
2883 629 3230 687 Anselmum.
3262 633 3322 688 In
3352 649 3458 688 usu

1844 716 1963 767 erat
1995 729 2030 768 a
2061 715 2260 786 primis
2304 719 2655 790 temporibus
2688 720 2797 775 hoc
2838 722 3278 780 instrumentum
3306 726 3456 796 apud

1844 804 2080 876 Gracos,
2109 809 2258 878 quod
2287 810 2452 864 variis
2468 811 2804 868 testimoniis
2827 814 3029 884 probat
3047 816 3458 872 eruditissimus

1843 897 2084 968 Cangius
2125 917 2138 954 :
2181 901 2386 971 quibus
2427 903 2640 958 accedit
2683 904 2840 960 locus
2885 922 2954 960 ex
3001 906 3124 962 Vita
3165 909 3451 977 Euthimii,

1845 1005 2005 1046 num.
2034 994 2099 1046 78
2126 992 2222 1047 ubi
2247 994 2475 1055 μυστικῆς
2495 995 2672 1060 ῥιπίδας
2693 997 2757 1052 fit
2785 998 3017 1054 mentio.

1915 1085 1967 1136 8.
1997 1087 2310 1155 Antequam
2338 1087 2445 1140 hoc
2479 1093 2648 1159 caput
2679 1089 2895 1159 finiam,
2929 1092 3220 1149 observare
3249 1111 3450 1151 conve-

1845 1173 1948 1243 nit,
1978 1191 2045 1229 ex
2070 1177 2340 1247 Gregorio
2368 1183 2634 1249 nostrate,
2669 1183 2983 1238 sacerdotes
3009 1185 3069 1240 in
3091 1186 3292 1242 itinere
3316 1205 3452 1244 con-

1846 1267 2090 1336 stitutos,
2116 1275 2181 1324 ut
2217 1287 2442 1342 semper
2481 1273 2549 1326 ad
2585 1289 2738 1328 sacra
2759 1274 3012 1331 facienda
3036 1280 3219 1348 parati
3247 1287 3452 1351 essent,

1845 1359 2144 1430 aliquando
2193 1367 2431 1432 gestasse
2476 1365 2704 1420 calicem
2743 1383 2872 1422 cum
2909 1374 3130 1439 patena.
3174 1373 3262 1427 Sic
3301 1374 3454 1430 enim

1846 1451 2013 1507 habet
2044 1454 2347 1526 Gregorius
2386 1456 2444 1510 in
2479 1457 2576 1513 lib.
2608 1459 2676 1513 de
2710 1460 2891 1515 Gloria
2916 1462 3299 1520 confessorum
3328 1482 3449 1538 cap.

1845 1549 1932 1614 22,
1961 1547 2058 1600 ubi
2083 1547 2151 1601 de
2176 1549 2413 1604 Maximo
2439 1549 2634 1606 abbate
2657 1568 2670 1606 :
2703 1573 2731 1601 (ι
2760 1553 2859 1624 qui
2887 1556 3136 1612 occulere
3160 1559 3314 1628 quod
3336 1564 3456 1614 erat

1845 1639 2091 1708 cupiens,
2118 1641 2266 1711 apud
2294 1643 2536 1696 Insulam
2557 1643 2851 1700 barbaram
2874 1650 3201 1704 monasterii
3221 1651 3449 1722 Lugdu-

1845 1730 2032 1784 nensis
2073 1732 2416 1801 peregrinari
2457 1735 2724 1805 expetiit;
2764 1737 3148 1794 manifestatus
3179 1746 3372 1796 autem
3401 1747 3457 1797 et

1845 1821 1944 1891 ibi,
1961 1823 2031 1877 ad
2050 1824 2287 1894 patriam
2309 1825 2381 1892 (id
2405 1830 2489 1880 est
2508 1827 2576 1881 ad
2598 1844 2812 1899 pagum
2831 1831 3190 1904 Turonicum)
3215 1832 3342 1907 68
3363 1851 3452 1890 re-

128 1907 331 1963 nomine
361 1907 731 1976 censebatur,
762 1915 1016 1965 recenset
1038 1911 1226 1966 Aredii
1260 1911 1476 1965 abbatis
1499 1912 1746 1967 Atanen-
1767 1889 1823 1961 Β
1847 1913 1964 1968 dire
1990 1915 2279 1986 disposuit.
2302 1917 2547 1988 Denique
2569 1920 2706 1974 dum
2725 1921 2942 1976 Ararim
2961 1923 3194 1979 ﬂuvium
3215 1889 3456 1982 tra‘r'isire

129 2000 189 2054 sis
212 2004 616 2056 testamentum
645 2001 710 2056 in
741 2001 866 2056 hac
883 2003 1052 2056 verba
1085 2021 1145 2057 :«
1177 2003 1334 2068 Quod
1362 2004 1748 2076 unusquisque
1847 2011 2094 2076 cuperet,
2122 2023 2260 2062 nave
2299 2009 2530 2078 impleta
2571 2011 2938 2082 demergitur,
2966 2030 3028 2068 ac
3057 2016 3175 2086 ipse
3204 2018 3459 2073 sacerdos

129 2094 265 2148 locus
287 2098 514 2150 sanctus
541 2094 891 2150 constitutus
914 2095 994 2150 ibi
1017 2095 1221 2150 habeat
1244 2095 1622 2152 ministerium
1648 2097 1747 2152 de-
1846 2097 2045 2169 pelago
2059 2099 2330 2169 operitur,
2347 2101 2560 2155 habens
2571 2102 2640 2156 ad
2658 2103 2866 2158 collum
2879 2121 3007 2160 cum
3023 2108 3460 2178 Evangeliorum

129 2187 394 2255 claratum,
421 2192 656 2242 rectum
676 2187 947 2243 duximus
973 2189 1360 2256 inserendum,
1383 2189 1440 2244 id
1460 2193 1542 2244 est
1563 2194 1748 2244 turres
1846 2189 1992 2244 libro
2036 2191 2412 2246 ministerium
2449 2193 2865 2266 quotidianum,
2910 2197 2969 2252 id
3009 2203 3093 2254 est
3135 2202 3459 2270 patenulam

130 2283 366 2350 quatuor,
407 2281 804 2351 coopertorios
850 2281 1190 2336 holosericos
1229 2287 1374 2350 tres;
1412 2282 1610 2336 calices
1654 2299 1745 2336 ar-
1846 2298 2072 2351 parvam
2117 2299 2244 2338 cum
2285 2284 2472 2340 calice.
2503 2305 2532 2335 »
2563 2287 2664 2341 Ubi
2704 2288 2858 2343 vides
2899 2289 3192 2346 ministerii
3227 2293 3459 2349 nomine

131 2377 336 2442 genteos
362 2379 637 2444 quatuor,
674 2373 765 2443 (ex
804 2375 1029 2444 quibus)
1059 2375 1170 2428 duo
1213 2373 1413 2444 ansati,
1443 2374 1750 2446 comparati
1847 2374 2147 2444 aliquando
2174 2377 2358 2431 solum
2383 2377 2612 2434 calicem
2639 2396 2769 2435 cum
2797 2386 3020 2452 patena,
3050 2387 3111 2438 ut
3136 2400 3271 2439 mox
3289 2386 3462 2441 turris

133 2465 302 2520 solidis
330 2466 589 2538 triginta,
620 2466 769 2520 alius
805 2467 996 2522 solidis
1015 2467 1316 2536 sexdecim,
1337 2467 1538 2522 tertius
1563 2467 1750 2522 solidis
1849 2467 2140 2522 occasione
2171 2469 2457 2538 dicebam;
2486 2471 2788 2542 aliquando
2816 2473 2926 2527 alia
2949 2473 3178 2546 insuper
3203 2493 3360 2532 sacra
3381 2477 3456 2532 si-

132 2558 716 2631 quindecim,quartus
734 2559 928 2615 solidis
945 2559 1323 2631 quadraginta
1344 2559 1616 2632 quinque,
1635 2559 1748 2615 duo
1849 2559 2100 2631 gnificari
2127 2565 2457 2616 ornamenta
2489 2579 2504 2616 :
2537 2579 2604 2618 ex
2634 2564 2858 2634 quibus,
2890 2582 3016 2636 qua
3045 2565 3106 2621 in
3139 2567 3246 2623 hoc
3280 2569 3460 2640 capite

135 2667 190 2704 ex
219 2650 347 2722 ipsis
385 2669 528 2707 auro
564 2655 709 2708 sunt
748 2651 1027 2708 fabricati.
1059 2652 1212 2708 Idem
1239 2653 1652 2724 coopertorium
1675 2653 1746 2708 li-
1847 2652 2324 2722 pratermisimus,
2353 2653 2413 2708 in
2437 2661 2600 2726 caput
2620 2673 2858 2727 sequens
2873 2673 3238 2714 reservamus.
3259 2662 3459 2716 Postea

134 2760 302 2810 neum,
330 2745 519 2800 valens
544 2745 750 2800 solidis
778 2749 1042 2817 quatuor,
1070 2745 1243 2816 pallas
1273 2745 1589 2816 corporales
1616 2761 1749 2816 qua-
1847 2747 2119 2798 statutum
2140 2748 2220 2799 est
2241 2765 2268 2798 ‹‹
2295 2751 2360 2800 ut
2383 2746 2694 2817 presbyteri
2722 2749 2840 2803 sine
2871 2765 3026 2804 sacro
3053 2751 3375 2821 chrismate,
3404 2759 3460 2808 et

135 2841 260 2906 tuor,
285 2838 524 2909 majores
564 2837 851 2910 quinque,
879 2837 1296 2909 quinquaginta
1338 2837 1609 2909 quinque,
1638 2837 1745 2892 mi-
1849 2836 1974 2890 oleo
1999 2835 2314 2906 benedicto,
2337 2842 2393 2892 et
2421 2855 2572 2892 sacra
2600 2841 2945 2895 Eucharistia
2970 2841 3172 2896 alicubi
3191 2859 3308 2898 non
3331 2861 3462 2915 pro-

137 2945 284 2984 nores
317 2935 372 2984 et
400 2931 644 2986 tribuna
684 2930 927 2986 valentia
970 2930 1166 2986 solidis
1209 2929 1528 2999 duodecim,
1559 2934 1615 2985 et
1639 2931 1750 2985 alia
1847 2928 2180 2996 ficiscantur,
2229 2929 2452 3001 (nempe
2502 2931 2580 3001 ut)
2631 2932 2702 2986 ad
2751 2933 3003 2988 ofﬁcium
3053 2951 3220 2990 suum
3270 2936 3458 2992 statim

137 3022 457 3092 quotidiana,
496 3039 632 3095 qua
680 3027 816 3078 sunt
857 3027 990 3079 ante
1034 3023 1228 3092 altare,
1276 3022 1514 3078 valentia
1563 3022 1751 3077 solidis
1849 3020 2206 3076 inveniantur
2243 3023 2440 3094 parati.
2481 3044 2510 3071 »
2551 3025 2712 3088 Quod
2752 3029 3021 3081 statutum
3059 3033 3246 3083 sancto
3286 3029 3458 3084 Boni-

137 3112 395 3186 quinque,
411 3122 468 3171 et
495 3116 689 3171 multa
727 3116 839 3170 alia
872 3115 1119 3186 pretiosa
1147 3119 1497 3170 ornamenta.
1523 3136 1549 3163 »
1581 3115 1749 3169 Paulo
1848 3112 1989 3168 facio
2015 3113 2432 3186 archiepiscopo
2456 3117 2785 3186 Moguntina
2807 3118 3076 3174 tribuitur
3094 3119 3155 3174 in
3175 3121 3460 3193 Spicilegii

138 3213 241 3276 post
273 3214 687 3264 enumerantur
721 3229 748 3258 ‹‹
779 3207 1083 3263 tribunalia
1107 3209 1238 3276 duo,
1270 3208 1508 3262 valentia
1549 3207 1750 3262 solidos
1771 3245 1827 3319 Ο
1847 3209 2006 3260 tomo
2034 3205 2117 3260 lX.

139 3306 381 3370 quatuor;
413 3303 536 3356 vela
561 3302 639 3356 ad
669 3301 811 3355 ostia
837 3301 963 3368 tria,
992 3301 1235 3355 valentia
1261 3300 1462 3355 solidos
1482 3316 1610 3368 sex;
1633 3304 1752 3354 tur-
1775 3300 1826 3319 ν
2457 3303 2673 3360 CAPUT
2712 3306 2842 3360 Vlll.

146 3408 237 3458 res,
281 3395 498 3464 calices,
547 3395 741 3466 palla,
789 3397 846 3448 et
895 3393 1262 3464 coopertoria.
1311 3415 1337 3441 ››
1381 3393 1577 3447 Omnia
1621 3392 1752 3447 satis
1848 3397 2202 3478 Ecclesiqrum
2229 3410 2320 3450 seu
2346 3396 2686 3478 basilicarum
2713 3401 2892 3478 forma
2926 3403 2978 3453 et
3009 3400 3286 3478 dispositio
3314 3403 3460 3474 apud

140 3487 406 3556 perspicua
441 3493 601 3556 sunt,
632 3491 844 3557 prater
885 3491 1070 3540 turres
1104 3491 1160 3540 et
1195 3485 1418 3540 tribuna
1445 3501 1544 3540 seu
1569 3485 1747 3539 tribu-

2023 3469 2268 3528 Francos,
2289 3469 2552 3536 variaque
2578 3469 2686 3536 ejus
2706 3474 2890 3538 partes
2917 3469 3281 3540 explicantur.

140 3577 282 3632 nalia.
313 3580 371 3634 ln
397 3579 660 3634 turribus
692 3578 895 3633 inclusi
921 3582 1082 3632 erant
1108 3577 1325 3648 calices,
1359 3578 1459 3648 qui
1483 3577 1541 3631 in
1568 3593 1746 3630 secre-
1922 3581 1974 3632 1.
2000 3577 2123 3632 Non
2145 3593 2260 3632 una
2281 3577 2389 3633 fuit
2411 3577 2562 3649 apud
2585 3580 2828 3649 majores
2850 3585 3075 3636 nostros
3100 3581 3459 3639 ecclesiarum

138 3670 256 3725 tario
275 3672 725 3742 reponebantur.
1851 3685 1949 3727 seu
1967 3668 2319 3724 basilicarum
2345 3669 2550 3724 forma.
2578 3670 2714 3725 Alia
2747 3672 2958 3742 quippe
2983 3671 3044 3727 in
3067 3675 3300 3730 modum
3326 3691 3456 3730 cru-

196 3767 240 3816 '7.
268 3764 429 3820 Favet
466 3765 607 3820 huic
661 3745 1124 3834 interpretationi
1167 3760 1468 3833 Gregorius
1510 3762 1568 3815 in
1607 3761 1750 3817 libro
1850 3761 1946 3827 eis,
1991 3761 2111 3816 alia
2154 3765 2306 3816 recto
2351 3761 2630 3832 parietum
2674 3765 2730 3818 et
2767 3763 3048 3834 porticum
3095 3781 3192 3820 seu
3240 3766 3457 3822 alarum

141 3855 196 3908 de
231 3855 406 3912 Gloria
449 3863 802 3928 martyrum,
850 3873 975 3927 cap.
1004 3859 1072 3912 36
1107 3871 1121 3908 :
1155 3877 1182 3905 «
1221 3857 1464 3924 Tempus
1499 3853 1751 3908 sacrificii
1850 3853 2062 3922 ordine,
2091 3853 2211 3908 alia
2253 3853 2314 3909 in
2353 3853 2549 3910 orbem
2584 3858 2919 3909 constructa
2960 3860 3160 3912 erant:
3201 3859 3459 3930 quadam

142 3947 364 4018 advenit;
393 3955 748 4021 acceptaque
777 3953 936 4002 turre
962 3948 1248 4016 diaconus,
1272 3947 1330 4001 in
1361 3963 1472 4017 qua
1501 3946 1752 4000 ministe-
1848 3945 2203 4017 laquearibus
2241 3946 2326 4000 vel
2369 3946 2652 4014 tabulatis,
2687 3947 2976 4002 nonnulla
3015 3949 3325 4006 fornicibus
3367 3951 3455 4006 in-

143 4039 271 4094 rium
308 4041 576 4097 dominici
615 4041 870 4112 corporis
907 4041 1238 4108 habebatur,
1287 4041 1438 4093 ferre
1482 4039 1646 4108 coepit
1681 4039 1751 4092 ad
1849 4043 2099 4106 structa;
2133 4055 2328 4094 omnes
2366 4039 2426 4094 in
2459 4039 2708 4094 absidem
2751 4057 2846 4094 seu
2889 4057 3084 4096 arcum
3113 4042 3456 4111 desinebant,

144 4133 350 4203 ostium;
383 4135 794 4206 ingressusque
836 4133 1135 4204 templum,
1167 4137 1231 4186 ut
1275 4130 1396 4204 67
1429 4148 1551 4185 eam
1587 4131 1751 4184 altari
1847 4135 2015 4202 atque
2029 4131 2313 4186 Orientem
2335 4131 2680 4203 spectabant,
2698 4148 3099 4203 quemmorem
3113 4135 3461 4191 usitatiorem

143 4232 539 4297 superponeret,
567 4227 760 4298 elapsa
775 4225 846 4281 de
861 4241 1033 4280 manu
1053 4225 1100 4296 ej
1110 4243 1172 4279 us
1187 4225 1472 4280 ferebatur
1488 4223 1548 4277 in
1564 4239 1746 4290 aera,»
1848 4227 2008 4278 vocat
2025 4223 2288 4278 Paulinus
2313 4223 2372 4280 in
2397 4224 2633 4295 epistola
2663 4227 2724 4279 l2
2750 4225 2821 4280 ad
2843 4226 3127 4296 Severum,
3147 4243 3273 4298 qua
3289 4232 3372 4284 est
3391 4231 3460 4284 32

145 4321 231 4372 etc.
265 4319 449 4392 Itaque
483 4336 553 4375 ex
584 4320 694 4375 hoc
731 4319 858 4373 loco
882 4323 1056 4390 patet,
1086 4316 1460 4372 ministerium
1487 4314 1751 4370 dominici
1849 4315 1909 4370 in
1960 4315 2262 4371 novissima
2303 4317 2572 4372 editione.
2613 4317 2768 4372 Unde
2812 4317 3125 4388 Stephanus
3167 4319 3461 4392 episcopus

145 4412 384 4480 corporis,
413 4413 471 4466 id
509 4417 596 4466 est
634 4411 868 4466 calicem
906 4416 963 4465 et
988 4415 1269 4481 patenum,
1296 4407 1572 4478 ejusmodi
1597 4411 1750 4461 turre
1847 4409 2226 4478 Tornacensis,
2252 4409 2313 4463 in
2333 4409 2564 4479 epistola
2585 4412 2649 4464 86
2682 4407 2753 4464 ad
2780 4410 3012 4464 Lucium
3043 4428 3245 4482 papam
3274 4414 3359 4480 Ill,
3381 4414 3461 4468 ait

146 4500 292 4557 fuisse
315 4503 619 4560 inclusum.
649 4503 809 4560 Unde
837 4503 898 4557 in
925 4502 1194 4574 pradicto
1233 4505 1567 4556 testamento
1601 4516 1748 4554 sem-

1848 4500 2170 4555 Parisiensis
2194 4500 2439 4556 ecclesia
2463 4500 2638 4555 sancti
2661 4501 2941 4556 Benedicti
2965 4501 3210 4556 formam
3237 4524 3265 4551 «
3294 4504 3456 4558 dissi-

147 4609 230 4660 per
263 4600 439 4652 turres
481 4613 620 4652 cum
659 4595 927 4652 calicibus
961 4594 1406 4664 conjunguntur,
1435 4598 1491 4648 et
1513 4592 1745 4648 totidem
1763 4599 1822 4671 Ι)
1846 4593 2036 4648 milem
2065 4597 2120 4648 et
2149 4592 2514 4648 dissidentem
2536 4592 2690 4662 (esse)
2713 4591 2782 4646 ab
2802 4591 2924 4646 aliis
2940 4593 3204 4662 ecclesiis,
3227 4594 3459 4666 (utpote)

149 4689 304 4742 turres
340 4694 721 4745 numerantur
756 4691 898 4760 quot
941 4687 1157 4742 calices.
1197 4689 1282 4741 An
1313 4690 1503 4740 autem
1540 4685 1600 4740 in
1643 4684 1752 4738 illis

148 4779 367 4835 turribus
390 4782 748 4837 Eucharistia
773 4780 942 4836 fuerit
969 4783 1265 4844 asservata,
1293 4779 1673 4848 expendemus
1692 4776 1750 4830 in

150 4871 303 4940 capite
344 4875 626 4946 sequenti.
670 4873 1060 4928 Tribunalium
1095 4871 1386 4926 obscurior
1421 4875 1504 4924 est
1533 4867 1748 4939 signiti-

152 4967 299 5019 catus.
324 4967 446 5021 Hac
465 4984 575 5022 vox
599 4966 812 5038 passim
830 4965 1128 5019 umbonem
1150 4981 1214 5018 ac
1235 4962 1515 5034 pulpitum
1543 4961 1752 5032 signiﬁ-

152 5059 223 5108 cat
246 5071 259 5108 :
285 5058 376 5112 sed
401 5059 490 5113 his
518 5059 658 5113 locis
684 5057 879 5112 sedilia
915 5056 1305 5112 ministrorum
1329 5055 1516 5112 forsan
1545 5053 1748 5108 intelli-

157 5149 312 5214 genda
352 5157 500 5220 sunt,
539 5157 640 5206 aut
682 5152 836 5204 certe
871 5149 1090 5220 pulpita
1130 5147 1377 5216 mobilia,
1409 5163 1507 5202 seu
1542 5144 1754 5216 quavis

157 5238 245 5290 alia
283 5244 526 5312 supellex
565 5242 796 5298 mobilis
831 5241 902 5296 ad
941 5246 1202 5296 ornatum
1239 5239 1446 5308 altaris,
1491 5254 1621 5292 nam
1663 5237 1753 5292 hic

161 5331 358 5388 mobilia
381 5336 657 5390 duntaxat
697 5338 1030 5388 ornamenta
1069 5337 1449 5387 recensentur.
1480 5332 1754 5386 Caeterum

161 5436 254 5476 non
275 5426 443 5481 solum
471 5426 738 5499 argentei
763 5430 820 5480 et
855 5426 1012 5480 aurei
1043 5425 1238 5480 calices
1273 5428 1452 5493 erant,
1480 5439 1550 5478 ex
1574 5423 1752 5491 dictis,

163 5515 242 5568 sed
263 5518 419 5574 etiam
443 5517 782 5591 crystallini,
809 5517 986 5588 qualis
1013 5521 1134 5573 erat
1158 5517 1273 5585 ille,
1303 5516 1372 5571 de
1405 5532 1518 5587 quo
1542 5516 1753 5586 Grego-

163 5605 263 5660 rius
285 5609 339 5664 in
361 5611 454 5666 lib.
481 5629 498 5667 ι
526 5613 596 5668 de
623 5609 816 5666 Gloria
839 5616 1150 5680 martyrum
1178 5625 1301 5680 cap.
1329 5609 1416 5662 46.
1449 5607 1543 5686 His
1567 5609 1754 5664 omni-

165 5695 255 5752 bus
274 5701 582 5760 addendum
612 5703 844 5757 videtur
865 5702 1149 5757 ﬂabellum
1178 5718 1290 5773 quo
1317 5700 1582 5756 diaconus
1600 5717 1756 5754 mus-

168 5805 240 5842 cas
267 5808 295 5844 a
318 5797 476 5850 sacris
501 5803 557 5852 et
597 5795 676 5850 ab
716 5794 839 5863 ipso
872 5796 1152 5850 sacerdote
1182 5794 1317 5848 olim
1341 5793 1621 5864 abigebat,
1649 5809 1760 5864 quo

169 5881 223 5934 de
246 5884 600 5946 instrumento
628 5885 914 5956 legendus
942 5887 1224 5943 Udalricus
1250 5885 1308 5940 in
1331 5885 1428 5942 lib.
1457 5901 1490 5940 ιι
1515 5885 1757 5942 Consue-

1849 4701 1976 4756 qua
2008 4701 2041 4739 a
2078 4689 2237 4755 parte
2272 4684 2572 4739 sanctuarii
2610 4683 2942 4755 respiciebat
2983 4685 3360 4756 Occidentem,
3393 4688 3462 4742 ab

1849 4777 2079 4832 introitu
2107 4777 2410 4832 Orientem.
2438 4799 2462 4825 ››
2487 4776 2789 4848 Aptissima
2814 4781 2898 4832 est
2919 4777 3050 4832 huic
3075 4777 3196 4832 loco
3222 4779 3463 4835 basilica

1851 4887 1883 4923 a
1896 4868 2019 4942 69
2035 4871 2304 4940 Perpetuo
2313 4869 2625 4925 Turonensi
2644 4870 2890 4924 antistite
2913 4869 3151 4924 condita
3167 4870 3464 4940 descriptio

1849 4962 1999 5031 apud
2023 4961 2359 5032 Gregorium
2385 4961 2444 5015 in
2477 4961 2726 5016 Historia
2755 4961 2856 5016 lib.
2879 4977 2916 5014 ιι
2946 4977 3066 5031 cap.
3099 4962 3162 5014 14
3193 4979 3206 5016 :
3235 4980 3262 5012 ‹‹
3291 4962 3466 5018 Habet
3553 5032 3562 5038 _

1851 5053 1908 5107 in
1933 5053 2166 5122 longum
2200 5053 2368 5123 pedes
2405 5058 2632 5108 centum
2657 5051 3066 5124 quinquaginta
3103 5053 3373 5124 quinque,
3405 5053 3464 5108 in

1851 5146 2025 5200 latum
2054 5144 2342 5214 sexaginta
2367 5161 2381 5198 :
2410 5144 2580 5200 habet
2597 5145 2870 5214 inultum,
2892 5161 3070 5215 usque
3092 5145 3162 5221 ad
3185 5162 3465 5201 cameram

1855 5238 1931 5309 (id
1955 5241 2038 5292 est
2059 5236 2374 5306 fornicem),
2392 5237 2562 5306 pedes
2585 5237 2957 5308 quadraginta
2993 5237 3263 5308 quinque.
3295 5239 3466 5294 Fene-

1855 5335 1994 5384 stras
2033 5329 2094 5384 in
2129 5328 2326 5384 altario
2364 5329 2596 5400 triginta
2633 5329 2792 5398 duas,
2823 5329 2883 5384 in
2907 5346 3072 5400 capso
3101 5331 3338 5400 viginti;
3371 5349 3463 5386 co-

1855 5424 2074 5478 lumnas
2103 5419 2471 5493 quadraginta
2499 5437 2700 5476 unam:
2723 5421 2782 5476 in
2800 5424 2921 5477 toto
2947 5421 3182 5477 adiﬁcio
3198 5423 3466 5478 fenestras

1855 5513 2267 5586 quinquaginta
2295 5514 2450 5583 duas,
2477 5515 2766 5570 columnas
2792 5518 3020 5570 centum
3044 5513 3254 5585 viginti
3283 5533 3297 5570 :
3329 5515 3468 5570 ostia

1859 5611 2004 5677 octo,
2033 5607 2140 5662 tria
2172 5607 2233 5663 in
2265 5606 2484 5674 altario,
2524 5608 2775 5679 quinque
2816 5606 2876 5663 in
2919 5623 3108 5680 capso.
3145 5629 3173 5658 ››
3202 5609 3313 5662 Hoc
3345 5607 3466 5662 loco

1858 5700 2160 5770 Gregorius
2199 5705 2376 5757 totam
2419 5699 2705 5755 ecclesiam
2748 5699 2948 5756 dividit
2983 5700 3046 5756 in
3081 5704 3268 5772 partes
3305 5698 3462 5762 duas,

1859 5807 2098 5864 quarum
2126 5809 2236 5848 una
2264 5793 2467 5848 dicitur
2489 5793 2772 5860 altarium,
2799 5794 2974 5849 altera
2991 5809 3241 5864 capsum.

1928 5888 1980 5941 2.
2009 5885 2150 5951 Quid
2192 5886 2262 5942 sit
2295 5902 2544 5959 capsum,
2579 5901 2693 5942 non
2731 5888 3060 5958 promptum
3094 5886 3178 5940 est
3211 5876 3458 5936 definire.
