3968 6444
449 399 538 460 ιω

1233 397 1567 456 ᾹΡΡΕΝΒΙΧ
1604 400 1691 456 AD
1727 400 1947 457 OPERA
1983 397 2549 482 SANCTIGERMANI
2587 399 3011 456 PARISIENSIS.

3717 403 3812 457 152

441 513 556 568 Hac
585 525 716 568 voce
751 507 938 568 navim
969 508 1159 582 (quam
1181 510 1462 581 vocamus)
1492 507 1757 576 ecclesiae,
1788 508 1872 563 vel
1897 512 2064 578 caput
2085 521 2144 592 Α
2163 507 2486 578 signiﬁcare
2534 506 2734 562 altare.
2787 527 2814 559 »
2867 509 2936 562 At
2977 506 3039 562 in
3080 505 3230 562 Actis
3274 503 3456 562 sancti
3497 504 3809 578 Trudonis,

445 623 541 660 seu
570 606 821 660 absidam
848 621 977 658 cum
1010 604 1182 658 choro
1214 603 1482 674 adjuncto
1519 601 1799 673 designari
1827 603 2061 655 constat.

445 701 514 754 At
550 716 661 770 quo
703 698 888 753 minus
923 697 980 754 id
1019 698 1088 752 de
1111 697 1302 751 absida
1334 696 1691 767 interpreter,
1730 694 1868 748 illud
1911 693 2062 762 facit,

443 792 591 863 quod
635 790 776 846 ostia
819 791 1071 862 quinque
1125 807 1290 860 capso
1342 789 1716 859 assignentur,
1755 787 1906 858 quod
1951 802 2066 841 non

443 884 670 954 absidae,
699 883 796 938 sed
820 884 946 938 navi
981 883 1280 938 convenire
1315 885 1515 953 potest.
1555 882 1642 937 Sic
1671 880 1877 935 dicitur
1905 897 2068 950 capsa

441 977 602 1034 navis
634 977 694 1032 in
734 977 885 1032 Actis
919 983 1235 1047 martyrum
1278 975 1668 1030 Africanorum
1705 974 1856 1044 apud
1897 975 2066 1026 Baro-

442 1071 626 1140 nium,
665 1071 738 1126 ad
778 1087 993 1124 annum
1037 1073 1159 1137 302,
1202 1085 1343 1123 num
1387 1071 1507 1138 123,
1550 1067 1620 1122 ad
1665 1066 2069 1138 designandam

445 1167 620 1222 imam
639 1181 786 1220 verae
799 1163 954 1219 navis
976 1168 1213 1236 partem.
1233 1140 1427 1216 Pbstea
1438 1167 1629 1216 tamen
1649 1177 1879 1232 capsum
1902 1160 2070 1214 etiam

447 1265 504 1316 et
541 1259 810 1330 capitium
847 1259 1126 1328 appellata
1162 1259 1247 1310 est
1291 1255 1385 1309 illa
1423 1255 1669 1309 ecclesiae
1697 1271 1844 1324 pars,
1873 1253 1930 1307 in
1959 1270 2071 1324 qua

447 1353 624 1409 altare
638 1352 903 1419 locatum,
928 1349 1340 1422 presbyterium
1362 1349 1532 1420 vulgo
1552 1348 1848 1420 appellata,
1870 1351 1930 1401 ut
1947 1347 2071 1401 doc-

338 1501 346 1510 ,
445 1445 697 1504 tissimus
721 1445 967 1516 Cangius
1001 1444 1276 1498 observat.
1308 1442 1610 1513 Gregorius
1639 1441 1696 1495 in
1727 1441 1977 1512 ejusdem
2000 1439 2067 1494 li-

445 1539 536 1595 bri
561 1556 683 1610 cap.
718 1541 782 1594 16
811 1536 1076 1592 describit
1103 1536 1270 1590 aliam
1303 1535 1614 1604 ecclesiam,
1643 1551 1815 1606 quam
1851 1538 2072 1587 sanctus

449 1631 738 1687 Namatius
771 1631 922 1702 apud
947 1632 1228 1685 Arvernos
1258 1629 1574 1698 aediﬁcavit,
1610 1649 1637 1678 ‹‹
1671 1627 1973 1682 habentem
2015 1627 2072 1682 in

446 1725 684 1796 longum
709 1724 881 1796 pedes
907 1728 1132 1778 centum
1159 1721 1594 1794 quinquaginta,
1623 1721 1684 1776 in
1706 1721 1883 1775 latum
1903 1721 2073 1791 pedes

451 1819 773 1890 sexaginta;
811 1817 868 1872 in
908 1817 1086 1871 altum
1113 1815 1261 1870 infra
1297 1832 1527 1886 capsum
1568 1832 1748 1887 usque
1791 1830 2074 1868 cameram

2163 617 2324 656 num.
2366 604 2455 667 25,
2495 600 2729 672 quidam
2772 622 2800 649 κ
2839 607 2970 656 ante
3007 601 3217 656 lectum
3256 599 3502 673 piissimi
3540 601 3755 670 Patris,
3786 625 3812 651 »ι

2166 693 2220 748 id
2249 698 2332 748 est
2357 697 2488 749 ante
2516 694 2636 764 ejus
2662 695 2970 764 tumulum,
3003 711 3060 749 se
3087 685 3400 766 prostrasse
3430 693 3668 749 dicitur.
3696 697 3816 760 Quo

2167 804 2332 841 sensu
2358 787 2567 858 passim
2597 789 2747 858 apud
2773 793 3031 844 auctores
3057 789 3260 843 mediae
3289 789 3474 842 astatis
3501 789 3816 860 reperitur,

2166 884 2230 934 ut
2257 881 2406 951 apud
2430 881 2768 952 Gregorium
2794 881 2854 936 in
2880 882 2976 936 lib.
3006 899 3024 936 1
3050 883 3118 936 de
3145 881 3438 936 miraculis
3463 881 3654 936 sancti
3681 883 3820 937 Mar-

2168 973 2270 1028 tini
2305 990 2427 1044 cap.
2470 977 2556 1042 35,
2602 974 2700 1028 ubi
2736 975 2930 1029 lectuli
2966 974 3144 1029 sancti
3179 974 3405 1030 Martini
3443 991 3550 1046 pro
3589 975 3817 1031 tumulo

2167 1066 2446 1122 meminit.
2469 1066 2711 1122 Omnino
2739 1067 2846 1122 dici
2871 1072 3075 1139 potest,
3099 1067 3375 1123 lectulum
3401 1067 3511 1122 hoc
3537 1068 3670 1122 loco
3699 1085 3816 1124 esse

2169 1175 2426 1214 mensam
2468 1160 2653 1231 ipsam
2699 1161 2914 1230 altaris,
2963 1161 3124 1232 cujus
3181 1177 3404 1216 summa
3453 1178 3595 1234 pars
3643 1163 3819 1217 altare

2170 1253 2490 1324 appellatur
2513 1253 2583 1307 ab
2609 1253 2717 1308 hoc
2756 1259 3006 1323 auctore,
3036 1255 3135 1326 qui
3170 1255 3374 1308 sasculo
3403 1271 3476 1309 vn
3505 1255 3817 1312 scribebat.

2241 1347 2294 1401 4.
2335 1349 2378 1401 Α
2406 1347 2692 1418 proposito
2729 1365 2844 1402 non
2882 1347 3291 1419 digrediemur,
3321 1347 3367 1402 si
3406 1349 3736 1403 referamus
3765 1349 3819 1404 id

2171 1439 2322 1510 quod
2345 1441 2489 1494 Beda
2511 1441 2857 1496 Venerabilis
2884 1440 2942 1495 in
2966 1441 3064 1496 lib.
3088 1458 3106 1495 ι
3128 1441 3196 1496 de
3218 1440 3456 1496 Historia
3485 1442 3821 1498 monasterii

2172 1532 2258 1586 sui
2287 1549 2447 1588 num.
2487 1537 2517 1587 5
2545 1538 2971 1602 commemorat,
3011 1533 3266 1588 videlicet
3297 1535 3696 1605 Benedictum,
3735 1552 3821 1590 co-

2174 1631 2479 1696 gnomento
2507 1625 2826 1698 BlSCOpllm,
2850 1627 3070 1682 Oceano
3103 1627 3450 1696 transmisso,
3482 1627 3702 1682 Gallias
3728 1644 3822 1700 pe-

2173 1718 2344 1786 tiisse,
2376 1723 2441 1773 ut
2467 1741 2494 1767 ‹‹
2525 1719 2933 1788 caementarios,
2961 1719 3061 1792 qui
3079 1719 3360 1791 lapideam
3381 1720 3487 1774 sibi
3510 1721 3818 1776 ecclesiam

2175 1811 2252 1881 (id
2279 1812 2375 1881 est)
2409 1829 2538 1866 cum
2557 1813 2812 1867 tabulatu
2840 1813 3062 1884 lapideo
3094 1813 3197 1884 (uti
3226 1813 3472 1886 explicat
3500 1815 3821 1870 Willelmus

448 1886 619 1983 pedes
652 1909 1088 1983 quinquaginta,
1119 1909 1311 1964 inante
1353 1908 1603 1963 absidem
1641 1886 1946 1963 rotundam
1971 1907 2071 1962 ha-
2095 1886 2150 1956 Β
2177 1905 2684 1960 Malmesburiensis
2755 1906 3114 1978 monachus),
3158 1908 3329 1978 juxta
3393 1908 3814 1977 Romanorum,

449 2005 617 2075 bene,
645 2005 716 2060 ab
740 2009 983 2074 utroque
1012 2003 1185 2056 latere
1212 2001 1442 2056 ascellas
1467 2001 1544 2071 (id
1569 2006 1653 2056 est
1679 2002 1792 2056 alas
1815 2017 1914 2056 seu
1941 2017 2077 2072 por-

451 2098 612 2169 ticus)
651 2096 894 2168 eleganti
929 2098 1275 2150 constructas
1317 2111 1506 2165 opere,
1550 2099 1848 2166 totumque
1901 2093 2078 2148 aediﬁ-

451 2191 606 2246 cium
651 2190 711 2244 in
749 2189 982 2244 modum
1025 2189 1208 2244 crucis
1253 2187 1500 2243 habetur
1533 2187 1874 2258 expositum.
1905 2187 2083 2242 Habet

452 2285 728 2340 fenestras
767 2283 1150 2355 quadraginta
1188 2283 1350 2351 duas,
1380 2281 1672 2336 columnas
1697 2281 2078 2352 septuaginta,

457 2376 602 2432 ostia
624 2382 772 2432 octo.
797 2397 824 2426 »
843 2375 1004 2440 Quod
1024 2374 1216 2430 scribit
1232 2375 1558 2445 Gregorius,
1576 2394 1602 2426 (ι
1617 2373 1808 2428 inante
1830 2373 2081 2427 absidem

454 2471 763 2526 rotundam
782 2469 1019 2538 habens,
1039 2491 1064 2517 ››
1087 2467 1230 2522 mihi
1250 2467 1436 2538 prima
1455 2467 1697 2522 lectione
1717 2467 1915 2521 referri
1934 2467 2084 2522 vidc-

453 2565 622 2620 batur
649 2565 720 2619 ad
747 2580 1008 2634 capsum;
1031 2579 1164 2617 nam
1191 2561 1236 2615 si
1267 2561 1338 2615 ad
1368 2560 1666 2615 ecclesiam
1692 2561 1925 2630 referas,
1953 2559 2082 2614 scri-

453 2659 702 2714 bendum
717 2657 915 2712 fuisset
929 2657 1228 2711 habentem.
1247 2655 1325 2709 Ex
1339 2671 1454 2725 quo
1476 2654 1531 2725 7
1543 2653 1601 2726 ο
1623 2653 1938 2708 inferebam
1957 2672 2083 2726 cap-

456 2767 583 2805 sum
610 2750 680 2804 ab
701 2748 892 2804 abside
911 2748 1080 2804 fuisse
1097 2747 1448 2815 distinctum,
1468 2763 1599 2800 cum
1611 2751 1742 2800 ante
1759 2764 1816 2801 se
1831 2746 2084 2801 absidem

456 2843 760 2898 rotundam
779 2841 1454 2896 haberet.Verumtamen
1480 2845 1675 2910 postea
1701 2840 1877 2894 satius
1906 2839 2083 2894 visum

459 2941 538 2992 est
559 2936 758 2990 habens
771 2933 969 2990 referri
991 2935 1060 2988 ad
1083 2933 1398 3002 ecclesiam,
1417 2938 1473 2987 et
1493 2935 1772 2988 habentem
1792 2933 1904 3004 legi
1924 2950 2086 3004 opor-

459 3033 598 3084 tere.
625 3030 684 3083 ln
710 3033 952 3098 utraque
981 3027 1234 3094 ecclesia,
1254 3043 1428 3098 quam
1455 3043 1524 3081 ex
1549 3026 1820 3097 Gregorio
1847 3027 2088 3098 descrip-

460 3124 658 3191 simus,
689 3124 812 3175 octo
842 3125 1006 3174 erant
1030 3120 1206 3174 ostia:
1238 3124 1294 3174 et
1319 3115 1428 3174 tria
1449 3119 1676 3190 quidem
1698 3120 1766 3174 ad
1791 3119 1966 3174 altare
1987 3136 2088 3176 seu

459 3214 896 3288 presbyterium,
937 3213 1188 3284 quinque
1230 3213 1302 3266 ad
1342 3229 1596 3283 capsum.
1627 3215 1702 3268 De
1737 3213 1848 3266 illis
1885 3213 2082 3280 tribus,

463 3308 668 3380 quibus
695 3307 764 3361 ad
803 3306 1216 3378 presbyterium
1255 3305 1486 3376 patebat
1523 3305 1726 3375 aditus,
1760 3306 2083 3377 intelligen-

465 3402 568 3458 dus
593 3400 864 3456 Paulinus
890 3399 952 3454 in
978 3398 1163 3453 Natali
1196 3401 1261 3454 lO
1293 3417 1306 3453 :

619 3492 872 3556 Trinaquc
903 3491 1147 3542 cancellis
1173 3490 1500 3540 currentibus
1524 3491 1654 3542 ostia.
1683 3491 1930 3556 pandunt.

463 3588 720 3645 Totidem
744 3592 1041 3642 enumerat
1060 3587 1266 3642 Paulus
1285 3585 1640 3642 Silentiarius
1667 3603 1680 3640 :
1715 3606 1742 3638 (ι
1769 3587 1969 3641 Tribus
1997 3604 2091 3642 au-

463 3688 579 3738 tem
625 3681 802 3754 portis
843 3684 1024 3736 totum
1065 3685 1287 3751 septum
1329 3679 1710 3736 sacerdotibus
1751 3685 1928 3752 patet,
1966 3702 1994 3729 ››
2031 3681 2091 3737 in

467 3776 586 3832 (ede
611 3775 822 3831 scilicet
845 3779 1055 3830 sanctae
1084 3773 1326 3846 Sophias.
1348 3775 1407 3828 In
1431 3791 1620 3846 capso,
1643 3774 1791 3846 quod
1812 3774 2092 3844 reliquam

465 3887 498 3924 a
521 3868 870 3941 presbyterio
903 3865 1150 3922 ecclesiae
1177 3872 1401 3939 partem
1429 3867 1579 3937 apud
1615 3883 1716 3920 nos
1751 3867 2088 3938 complecte-

465 3961 653 4028 batur,
683 3961 935 4032 quinque
977 3959 1118 4014 ostia
1139 3963 1322 4028 erant,
1350 3959 1461 4014 tria
1497 3959 1772 4013 nimirum
1807 3958 1867 4013 in
1893 3960 2093 4030 majori

468 4058 636 4126 porta
659 4053 728 4108 ad
757 4052 1108 4107 occidentem
1139 4071 1153 4106 :
1184 4052 1296 4106 duo
1326 4052 1398 4106 ad
1423 4051 1557 4106 bina
1582 4053 1782 4107 latera.

542 4150 595 4202 3.
625 4147 746 4202 Non
777 4145 1088 4200 omittenda
1115 4149 1197 4200 est
1223 4145 1334 4200 hoc
1359 4146 1480 4199 loco
1523 4145 1822 4217 descriptio
1848 4146 2094 4202 ecclesiae

471 4239 886 4305 Gemeticensis,
916 4239 1101 4310 qualis
1137 4256 1170 4294 a
1209 4243 1400 4294 sancto
1440 4238 1703 4294 Filiberto
1745 4240 1947 4296 abbate
1986 4257 2092 4295 sae-

473 4333 601 4390 culo
630 4349 698 4388 vn
731 4331 954 4388 condita
982 4337 1098 4387 est:
1127 4351 1155 4383 α
1181 4333 1455 4387 Introrsus
1484 4331 1684 4388 domus
1718 4333 1871 4388 alma
1893 4333 2092 4405 fulget,

471 4425 862 4483 habitantibus
887 4425 1080 4497 digna,
1105 4425 1176 4480 ab
1201 4425 1349 4480 Euro
1375 4441 1614 4497 surgens
1639 4426 1892 4495 ecclesia,
1918 4427 2098 4481 crucis

469 4521 649 4576 instar
683 4522 871 4574 erecta
903 4535 916 4574 :
947 4518 1106 4589 cujus
1131 4518 1350 4589 apicem
1375 4519 1590 4574 obtinet
1619 4519 1769 4574 alma
1793 4519 1951 4591 virgo
1977 4521 2094 4575 Ma-

2178 2015 2348 2070 quem
2368 2015 2591 2070 semper
2612 2000 2861 2070 amabat,
2887 2017 3106 2055 morem
3127 2001 3400 2069 facerent,
3427 2020 3453 2052 n
3477 2003 3817 2074 postularet.

2178 2092 2388 2148 Deinde
2419 2109 2548 2148 cum
2574 2110 2716 2164 opus
2744 2113 2771 2144 α
2801 2094 2870 2148 ad
2901 2093 3215 2164 profectum
3238 2095 3570 2164 (accederet,
3603 2097 3820 2164 rursus)

2179 2186 2485 2256 legatarios
2513 2186 2730 2241 misisse
2755 2185 2814 2240 in
2839 2187 3094 2256 Galliam,
3118 2188 3216 2260 qui
3243 2187 3374 2242 vitri
3395 2188 3669 2259 factores,
3693 2187 3822 2243 arti-

2179 2280 2310 2333 tices
2344 2279 2601 2334 videlicet
2629 2279 2910 2334 Britannis
2936 2286 3168 2335 eatenus
3206 2280 3543 2353 incognitos,
3578 2283 3653 2337 ad
3684 2299 3818 2337 can-

2182 2372 2460 2427 cellandas
2507 2373 2776 2441 ecclesiae,
2817 2373 3255 2445 porticuumque
3293 2379 3350 2429 et
3391 2376 3819 2430 caenaculorum

2183 2466 2303 2538 ejus
2342 2467 2616 2520 fenestras
2653 2467 3017 2522 adducerent.
3048 2468 3397 2540 Factumque
3424 2475 3529 2536 est,
3561 2475 3624 2524 et
3660 2485 3821 2524 vene-

2182 2564 2345 2628 runt;
2375 2575 2478 2614 nec
2499 2559 2682 2614 solum
2701 2561 3053 2630 postulatum
3078 2578 3219 2632 opus
3240 2562 3701 2632 compleverunt,
3727 2563 3818 2618 sed

2184 2658 2239 2707 et
2257 2653 2572 2724 Anglorum
2591 2669 2658 2707 ex
2681 2669 2746 2708 eo
2768 2659 2996 2724 gentem
3019 2654 3293 2725 ejusmodi
3323 2655 3636 2711 artiﬁcium
3661 2673 3821 2712 nosse

2185 2762 2248 2800 ac
2275 2745 2486 2800 discere
2512 2746 2786 2801 fecerunt.
2811 2747 2893 2802 Ad
2917 2747 3041 2801 haec
3067 2752 3269 2803 cuncta
3294 2764 3423 2820 quae
3449 2749 3522 2804 ad
3551 2750 3752 2805 altaris
3774 2754 3826 2804 et

2185 2839 2428 2893 ecclesiae
2459 2838 2836 2894 ministerium
2872 2841 3284 2911 competebant,
3319 2859 3451 2895 vasa
3490 2842 3713 2898 scilicet
3740 2843 3823 2898 vel

2186 2933 2534 3002 vestimenta,
2557 2933 2688 3004 quia
2718 2933 2870 2988 domi
2903 2933 3155 2989 invenire
3179 2951 3293 2988 non
3320 2935 3526 3006 potuit,
3549 2937 3622 2992 de
3648 2943 3824 2992 tmns-

2185 3026 2417 3080 marinis
2455 3026 2780 3096 regionibus
2816 3027 3106 3083 advectare
3143 3028 3438 3100 religiosus
3474 3036 3709 3102 emptor
3735 3048 3825 3086 cu-

2185 3118 2366 3174 rabat.
2397 3139 2424 3166 »
2458 3119 2556 3174 Ubi
2582 3120 2734 3174 vides
2759 3125 2969 3190 quanta
2991 3121 3163 3176 fuerit
3185 3122 3468 3193 majorum
3493 3130 3824 3179 nostrorum

2186 3211 2246 3266 in
2270 3212 2536 3267 ornandis
2569 3212 2705 3266 locis
2742 3214 2912 3268 sacris
2947 3215 3257 3269 sollicitudo
3287 3221 3344 3270 et
3385 3216 3669 3272 industria
3707 3234 3824 3288 pra:

2188 3305 2328 3360 aliis.
2359 3305 2734 3360 Guthberctus
2753 3307 2921 3360 abbas
2942 3309 3281 3379 Anglicanus
3309 3325 3440 3364 cum
3465 3327 3671 3366 rursus
3701 3311 3828 3366 vitri

2189 3397 2426 3453 artiﬁces
2446 3400 2596 3470 apud
2621 3417 2677 3454 se
2710 3400 2985 3468 deessent,
3020 3401 3269 3473 aliquem
3302 3425 3328 3452 «
3357 3403 3458 3476 qui
3483 3404 3672 3460 vitrea
3699 3421 3828 3459 vasa

2190 3492 2332 3547 bene
2371 3497 2557 3563 posset
2584 3492 2766 3548 facere
2796 3513 2822 3546 »
2852 3494 3014 3565 petiit
3038 3512 3072 3549 a
3100 3496 3257 3550 Lullo
3287 3497 3558 3568 episcopo
3598 3500 3828 3571 Mogun-

2191 3585 2328 3640 tino.
2359 3586 2564 3640 Confer
2582 3586 2790 3642 Alfredi
2820 3587 2970 3658 regis
2997 3587 3199 3644 Vitam.

2264 3676 2390 3750 '72
2419 3682 2470 3733 5.
2503 3680 2622 3742 Quo
2657 3679 2768 3735 ritu
2798 3681 2959 3734 ﬁeret
2985 3681 3183 3752 primis
3213 3681 3320 3737 illis
3356 3685 3718 3756 temporibus
3747 3702 3830 3741 ec-

2193 3771 2485 3826 clesiarum
2539 3773 2690 3843 apud
2740 3778 3014 3828 nostrates
3057 3775 3352 3846 dedicatio,
3399 3777 3536 3831 satis
3583 3779 3830 3851 explicat

2191 3863 2490 3935 Gregorius
2520 3865 2578 3918 in
2603 3865 2704 3920 lib.
2727 3865 2795 3920 de
2821 3867 3008 3921 Gloria
3039 3868 3422 3924 confessorum
3449 3873 3577 3942 cap!
3605 3875 3701 3939 20,
3733 3871 3830 3926 ubi

2193 3957 2421 4012 oratorii
2443 3975 2475 4012 a
2500 3975 2557 4012 se
2577 3958 2787 4012 factam
2808 3959 3218 4016 dedicationem
3241 3962 3524 4018 describit.
3549 3965 3622 4018 Et
3642 3965 3830 4036 primo

2194 4050 2424 4122 quidem
2447 4049 2503 4104 in
2514 4051 2628 4114 ,alia
2648 4056 2840 4106 sancta
2860 4052 3092 4108 basilica
3114 4073 3142 4106 «
3165 4055 3368 4126 vigiliis
3395 4059 3631 4112 noctem
3653 4074 3828 4114 unam

2195 4143 2481 4210 ducentes,
2513 4143 2717 4215 inquit,
2741 4161 2910 4200 mane
2935 4146 3222 4202 venientes
3247 4148 3316 4202 ad
3339 4149 3632 4221 cellulam,
3655 4153 3831 4207 altare

2196 4237 2346 4308 quod
2372 4253 2754 4308 erexeramus,
2785 4239 3218 4295 sanctiﬁcamus.
3242 4261 3270 4290 »
3296 4241 3505 4298 Deinde
3531 4262 3559 4294 α
3585 4244 3831 4316 regressi

2197 4329 2267 4384 ad
2300 4329 2608 4401 basilicam,
2651 4335 2868 4386 sanctas
2913 4333 3176 4404 reliquias
3221 4333 3446 4405 exinde,
3493 4337 3834 4393 solemniter

2199 4422 2544 4478 radiantibus
2565 4425 2737 4480 cereis
2765 4425 3156 4498 crucibusque,
3179 4427 3562 4485 admovimus.
3585 4431 3724 4486 Erat
3738 4447 3831 4486 au-

2196 4520 2314 4570 tem
2351 4517 2706 4572 sacerdotum
2733 4535 2796 4572 ac
2827 4519 3124 4574 levitarum
3155 4519 3214 4575 in
3247 4519 3389 4576 albis
3424 4522 3680 4578 vestibus
3718 4541 3830 4579 non

470 4613 572 4680 ria,
602 4613 779 4668 altare
821 4617 951 4667 ante
983 4611 1188 4668 faciem
1227 4611 1422 4667 lectuli
1463 4613 1738 4668 condente
1774 4613 2097 4668 beatissimo
2116 4617 2175 4688 Ι)
2201 4609 2475 4665 minimus
2507 4611 2732 4680 chorus,
2757 4615 2812 4665 et
2836 4611 3043 4668 civium
3071 4613 3484 4670 honoratorum
3518 4617 3664 4672 ordo
3693 4633 3832 4689 prae-

471 4705 753 4773 Filiberto,
777 4704 990 4776 pictum
1018 4721 1382 4776 gemmarum
1399 4705 1636 4773 lumine,
1661 4710 1953 4777 comptum
1975 4705 2097 4760 auri

472 4803 528 4854 et
545 4797 767 4869 argenti
788 4797 1073 4868 congerie.
1096 4797 1179 4852 Ab
1206 4803 1444 4870 utroque
1469 4800 1642 4854 latere
1667 4799 1896 4854 Joannis
1921 4803 1976 4854 et
2000 4799 2100 4854 Co-

469 4891 730 4947 lumbani
755 4907 870 4946 arae
891 4891 1029 4946 dant
1055 4890 1294 4962 gloriam
1320 4893 1450 4948 Deo.
1474 4893 1680 4948 Aderat
1713 4909 1746 4946 a
1782 4895 1953 4947 Borea
1978 4891 2100 4947 Dio-

469 4985 613 5058 nysii
654 4983 918 5056 martyris
956 4988 1011 5038 et
1047 4984 1309 5038 Germani
1355 4985 1683 5040 confessoris
1727 4985 2006 5040 aedicula:
2039 4985 2098 5040 in

470 5077 682 5134 dextris
699 5077 891 5132 nobile
918 5082 1215 5149 permanet
1234 5079 1413 5134 sancti
1433 5079 1582 5134 Petri
1604 5079 1897 5144 oraculum
1924 5079 1998 5150 (id
2019 5084 2099 5135 est

472 5163 802 5239 oratorium)
843 5188 856 5224 :
901 5186 930 5225 e
971 5171 1146 5226 latere
1185 5173 1363 5227 sancti
1398 5172 1613 5228 habens
1639 5173 1860 5228 Martini
1912 5189 2094 5227 sacra-

471 5263 643 5318 rium.
671 5284 696 5310 »
723 5265 782 5317 ln
809 5263 916 5318 hoc
944 5268 1207 5320 contextu
1233 5265 1404 5337 plana
1426 5271 1482 5321 et
1507 5266 1804 5338 perspicua
1823 5265 1940 5320 fere
1969 5270 2100 5320 sunt

472 5355 684 5422 omnia,
700 5355 804 5410 nisi
822 5356 973 5427 quod
994 5374 1107 5412 non
1127 5358 1258 5412 satis
1277 5359 1571 5430 explorata
1596 5364 1679 5414 est
1702 5345 1898 5414 lectuli
1923 5359 2094 5414 notio.

473 5450 672 5504 Lectus
689 5465 786 5504 seu
809 5449 1046 5506 lectulus
1058 5451 1361 5523 aliquando
1381 5452 1580 5520 altare,
1598 5452 1902 5523 aliquando
1921 5452 2098 5508 sancti

470 5541 756 5598 tumulum
783 5543 1083 5615 significat.
1111 5545 1170 5599 ln
1193 5545 1342 5599 Actis
1367 5548 1575 5599 sanctae
1604 5545 1896 5600 Anstrudis
1921 5545 2094 5601 abba-

469 5635 619 5692 tissae
648 5635 1057 5706 Laudunensis,
1079 5653 1240 5694 num.
1275 5641 1363 5706 33,
1392 5635 1714 5705 Adalsinda,
1747 5654 1872 5708 quae
1898 5639 1949 5694 ei
1981 5656 2101 5694 suc-

472 5734 732 5797 cesserat,
755 5730 972 5786 coelitus
995 5730 1353 5797 admonetur,
1386 5748 1414 5780 ‹‹
1436 5732 1500 5782 ut
1522 5727 1731 5784 lectum
1756 5730 1917 5786 citius
1929 5732 2098 5787 faciat

471 5821 804 5877 aediﬁcari.»
823 5822 983 5888 Quod
1012 5837 1144 5876 cum
1166 5823 1236 5877 ab
1263 5821 1369 5877 alia
1396 5820 1831 5892 sanctimoniali,
1861 5823 1977 5896 71
2009 5824 2098 5878 cui

470 5915 528 5968 id
545 5915 854 5970 revelatum
873 5914 1076 5978 fuerat,
1093 5915 1356 5980 audisset,
1377 5934 1403 5965 «
1423 5912 1698 5969 intellexit
1710 5914 1919 5971 lectum
1937 5917 2096 5971 illum

2199 4704 2406 4773 clarus;
2451 4703 2549 4758 sed
2590 4709 2646 4759 et
2681 4705 2877 4776 populi
2902 4707 3190 4778 sequentis
3215 4707 3430 4762 ordinis
3455 4725 3710 4782 magnus
3734 4727 3834 4765 nu-

2199 4813 2410 4852 merus.
2429 4797 2684 4868 Cumque
2711 4803 3064 4854 sacrosancta
3091 4799 3351 4870 pignora,
3371 4801 3558 4873 palliis
3584 4821 3651 4858 ac
3680 4822 3834 4876 map-

2199 4890 2282 4960 pis
2327 4894 2618 4959 exornata,
2654 4890 2713 4948 in
2743 4891 3030 4946 excelsum
3060 4893 3432 4964 deferremus,
3461 4898 3831 4966 parvenimus

2200 4984 2270 5038 ad
2298 4983 2505 5038 ostium
2545 4983 2792 5038 oratorii.
2824 4985 3277 5056 lngredientibus
3301 4992 3498 5043 autem
3524 4990 3714 5057 nobis,
3749 5007 3834 5045 su-

2200 5077 2314 5132 bito
2340 5076 2573 5148 replevit
2599 5077 2858 5132 cellulam
2897 5077 3052 5132 illam
3084 5079 3276 5150 fulgor
3311 5080 3604 5152 terribilis,
3652 5089 3760 5140 etc.
3803 5105 3827 5131 ν

2198 5170 2508 5226 Concilium
2539 5170 2954 5226 Arausicanum
2982 5173 3028 5227 It
3055 5172 3115 5227 in
3146 5173 3496 5230 dedicatione
3524 5175 3775 5232 basilica:
3801 5194 3830 5230 a

2200 5263 2416 5320 Liberio
2464 5264 2700 5318 Patricio
2755 5269 3092 5320 constructae
3145 5267 3491 5324 celebratum
3543 5275 3632 5326 est
3685 5287 3830 5326 anno

2200 5360 2323 5412 529.
2363 5357 2510 5428 Lege
2548 5357 2731 5428 Vigilii
2781 5375 2939 5430 papae
2987 5359 3284 5430 epistolam
3339 5361 3409 5416 ad
3456 5363 3828 5420 Profuturum

2200 5449 2528 5522 episcopum
2571 5451 2988 5507 Bracarensem.
3035 5454 3236 5516 Quales
3291 5455 3361 5509 ad
3411 5455 3829 5514 dedicationem

2200 5543 2452 5614 reliquiae
2499 5544 2923 5615 adhiberentur,
2973 5551 3194 5602 constat
3239 5563 3308 5602 ex
3360 5549 3562 5605 eodem
3604 5557 3832 5606 auctore

2198 5636 2430 5709 aliisque
2439 5680 2452 5705 ,
2465 5638 2564 5710 qui
2578 5637 2948 5710 reliquiarum
2961 5640 3192 5696 nomine
3209 5641 3543 5714 intelligunt
3555 5644 3830 5718 quidquid

2199 5730 2387 5802 aliquo
2415 5732 2582 5786 modo
2613 5735 2870 5786 sanctum
2890 5721 3164 5805 aliquem,
3183 5735 3230 5806 ej
3241 5751 3376 5790 usve
3397 5737 3697 5792 tumulum
3711 5737 3830 5792 atti-

2201 5829 2377 5894 gerat,
2407 5823 2613 5879 scilicet
2639 5841 2870 5894 pannos,
2899 5825 3248 5897 linteamina,
3290 5833 3345 5882 et
3381 5827 3491 5882 alia
3523 5830 3585 5885 id
3627 5847 3825 5902 genus.

2197 5917 2580 5972 Consuleudus
2608 5917 2711 5976 hac
2741 5917 2807 5973 de
2838 5935 2896 5974 re
2933 5919 3236 5990 Gregorius
3263 5921 3319 5974 in
3356 5921 3454 5976 lib.
3507 5924 3523 5976 l
3573 5924 3641 5978 de
3680 5925 3829 5978 Mira-
