3968 6434
125 385 208 442 453

1119 390 1205 446 DE
1243 389 1553 448 LITURGIA
1588 393 1955 450 GALLICANA
1994 390 2192 450 LIBER
2231 395 2491 454 PRIMUS.

3373 397 3470 460 154

121 496 244 554 culis
279 493 461 551 sancti
487 495 746 568 Martini,
777 514 902 570 cap.
937 503 1022 568 Η,
1045 502 1102 554 et
1126 499 1226 555 lib.
1248 517 1269 556 ι
1295 501 1363 556 de
1389 503 1574 558 Gloria
1599 519 1748 557 mar-
1773 514 1830 588 Α
1850 519 1978 558 cum
2005 505 2277 561 columnis
2314 506 2428 562 suis
2451 513 2690 581 quatuor
2713 526 2784 568 ex
2810 515 3044 586 argento
3067 529 3232 586 puro.
3264 533 3292 566 »
3316 514 3380 572 Et
3407 513 3466 571 in

120 595 290 662 tyrum
326 605 455 660 cap.
493 591 594 660 28,
639 594 709 646 ut
746 592 929 647 multa
960 592 1070 648 alia
1105 592 1228 649 loca
1269 599 1622 667 praeteream,
1667 613 1752 654 eo-

121 682 400 740 clesiarum
424 685 774 739 nostrarum
801 689 990 756 partes
1017 685 1266 742 breviter
1283 687 1678 758 explicaturus.

176 780 224 831 6.
250 779 432 846 Atque
461 781 531 830 ut
561 777 639 830 ab
675 777 864 844 altari,
894 794 1020 848 quae
1056 779 1324 835 sacratior
1349 781 1592 836 ecclesiae
1619 799 1750 854 pars

118 873 206 938 est,
232 869 532 941 exordiar;
564 871 642 926 de
675 888 744 925 eo
781 872 889 926 hoc
926 876 1199 927 statutum
1235 873 1506 928 habemus
1530 875 1590 929 in
1613 892 1747 930 con-

119 963 215 1016 cilii
238 964 583 1034 Agathensis
611 981 836 1020 canone
866 966 930 1020 14
947 985 960 1020 :
978 965 1187 1021 Altaria
1207 965 1416 1036 placuit
1435 983 1547 1021 non
1568 969 1750 1023 solum

117 1053 360 1112 unctione
389 1057 756 1129 chrismatis,
789 1058 888 1114 sed
918 1059 1090 1114 etiam
1123 1059 1451 1114 sacerdotali
1484 1060 1745 1116 benedic-

119 1151 251 1204 tione
279 1151 514 1205 sacrari.
548 1151 626 1206 Et
668 1151 732 1206 in
766 1151 988 1206 concilii
1024 1152 1364 1222 Epaonensis
1399 1169 1609 1208 canone
1633 1156 1700 1208 26
1729 1171 1742 1208 :

116 1243 325 1310 Altaria,
352 1243 468 1297 nisi
493 1243 754 1315 lapidea,
777 1245 1094 1300 chrismatis
1111 1245 1376 1300 unctione
1393 1262 1510 1300 non
1535 1262 1748 1301 sacren-

115 1341 211 1391 tur.
242 1337 511 1390 Formam
544 1336 754 1391 altaris
783 1337 1030 1392 ecclesiae
1059 1336 1186 1410 '73
1213 1339 1388 1393 sancti
1419 1339 1568 1394 Petri
1595 1340 1745 1410 apud

116 1428 474 1499 Burdegalam
518 1429 804 1484 describit
837 1429 1138 1502 Gregorius
1177 1431 1238 1484 in
1272 1431 1367 1486 lib.
1403 1447 1420 1484 ι
1460 1431 1528 1486 de
1563 1432 1747 1487 Gloria

115 1527 415 1592 martyrum
445 1538 579 1593 cap.
615 1525 692 1578 33
720 1541 734 1578 :
763 1543 790 1574 ί(
823 1523 1000 1594 Hujus
1033 1523 1208 1578 altare
1242 1522 1436 1594 positis
1469 1522 1530 1578 in
1565 1525 1745 1579 altum

114 1613 326 1685 pulpitis
350 1615 616 1669 locatum
640 1615 918 1684 habetur;
946 1615 1106 1686 cujus
1125 1631 1254 1686 pars
1272 1615 1524 1686 inferior,
1553 1617 1613 1670 in
1629 1633 1746 1672 mo-

115 1707 232 1762 dum
255 1711 492 1778 crypta,
522 1707 681 1762 ostio
703 1707 1006 1777 clauditur,
1036 1707 1251 1763 habens
1286 1707 1654 1764 nihilominus
1690 1713 1745 1766 et

112 1799 216 1870 ipsa
237 1815 366 1855 cum
395 1803 746 1856 sanctorum
765 1799 1100 1872 pignoribus
1119 1800 1294 1856 altare
1313 1817 1500 1856 suum.
1521 1821 1548 1853 ››
1575 1801 1742 1858 Multa

1848 596 2029 652 Leone
2060 598 2129 652 Ill
2167 617 2180 653 :
2217 617 2245 650 «
2277 600 2424 656 Fecit
2462 601 2521 658 in
2557 603 2785 660 basilica
2828 607 2976 662 beati
3021 607 3170 662 Petri
3207 607 3462 679 apostoli,

1849 706 2018 761 super
2035 691 2212 745 altare
2231 693 2432 764 majus,
2457 694 2730 752 ciborium
2750 714 2879 752 cum
2899 700 3172 754 columnis
3195 701 3308 754 suis
3332 717 3466 772 qua-

1848 787 1976 836 tuor
2017 799 2085 837 ex
2123 790 2357 856 argento
2385 788 2686 858 purissimo
2730 791 3016 860 deaurato,
3061 809 3191 847 cum
3230 794 3464 850 diversis

1848 875 2090 930 historiis
2119 877 2276 932 iniria
2303 880 2730 950 magnitudinis.
2759 902 2786 933 ›)
2837 884 2897 936 In
2939 884 3213 953 ejusmodi
3241 886 3462 942 ciboriis

1849 983 1984 1022 crux
2012 967 2072 1022 in
2097 986 2318 1026 summo
2345 977 2482 1040 erat,
2512 973 2596 1027 uti
2623 974 2793 1030 etiam
2818 976 3030 1045 Romae,
3061 981 3199 1032 teste
3227 981 3457 1033 Anasta-

1847 1060 1926 1114 sio
1951 1059 2011 1116 in
2043 1061 2220 1117 Leone
2252 1065 2350 1118 IV:
2379 1065 2658 1121 «Sacrum
2695 1067 2935 1138 desuper
2957 1069 3267 1125 construxit
3283 1071 3456 1128 altare

1846 1157 1902 1207 et
1937 1153 2212 1210 ciborium
2235 1172 2364 1210 cum
2401 1174 2584 1214 cruce.
2617 1178 2644 1210 »
2677 1161 2794 1214 Huc
2823 1165 3034 1231 spectat
3058 1179 3088 1217 e
3118 1163 3322 1218 nostris
3349 1165 3456 1218 Ha-

1846 1243 2047 1300 riulfus
2086 1245 2144 1301 in
2175 1248 2434 1304 Chronici
2460 1251 2808 1307 Centulensi's
2833 1253 2931 1308 lib.
2961 1270 3019 1308 III
3046 1272 3167 1326 cap.
3197 1259 3262 1311 3:
3288 1276 3316 1308 «
3344 1257 3448 1312 Su-

1844 1354 1946 1408 per
1975 1337 2069 1392 illa
2095 1339 2202 1393 tria
2225 1341 2417 1396 altaria
2438 1343 2716 1398 habentur
2736 1345 2842 1399 tria
2861 1346 3086 1416 ciboria,
3119 1365 3189 1402 ex
3219 1353 3455 1420 argento

1843 1435 1900 1484 et
1929 1446 2066 1484 auro
2101 1438 2293 1503 parata
2336 1451 2350 1488 :
2390 1434 2450 1489 in
2479 1437 2684 1506 quibus
2714 1440 2825 1491 tres
2859 1438 3178 1510 dependent
3214 1457 3452 1509 coronae,

1843 1521 2082 1594 singulae
2121 1541 2224 1596 per
2261 1525 2504 1597 singula,
2544 1545 2612 1582 ex
2646 1545 2783 1584 auro
2829 1531 3178 1604 gemmisque
3219 1539 3450 1606 paratae,

1841 1631 1970 1669 cum
1999 1617 2184 1671 aureis
2221 1619 2532 1689 cruciculis,
2565 1620 2801 1692 aliisque
2827 1625 3186 1680 ornamentis.
3208 1645 3236 1677 ››
3266 1629 3455 1699 Itaque

1841 1707 1900 1762 in
1935 1723 2154 1763 summo
2192 1709 2399 1766 ciborio
2443 1729 2633 1768 cruces
2675 1731 2773 1770 seu
2819 1717 3113 1772 cruciculaa
3149 1723 3328 1788 erant,
3368 1721 3454 1776 uti

1842 1799 2011 1855 etiam
2030 1801 2090 1855 in
2105 1801 2346 1872 cibariis,
2363 1820 2490 1874 quae
2506 1822 2674 1879 super
2693 1809 2940 1863 tumulos
2966 1815 3286 1866 sanctorum
3303 1829 3454 1868 erec-

117 1869 370 1963 cjusmodi
394 1892 605 1949 altaria
625 1869 808 1962 edita,
833 1869 889 1948 et
913 1909 1085 1966 super
1107 1897 1330 1964 cryptas
1353 1893 1528 1948 locata
1553 1910 1742 1966 super-
1759 1869 1817 1940 B
1843 1894 1895 1945 ta
1936 1898 2113 1963 erant,
2148 1895 2295 1964 apud
2334 1869 2664 1967 Gregorium
2701 1901 3083 1956 Turonensem
3125 1903 3452 1975 episcopum

115 1991 226 2040 sunt
240 1987 298 2040 in
317 1985 573 2041 ecclesiis
591 1985 923 2064 Gallicanis.
944 1985 1029 2040 Ad
1047 1986 1166 2041 haec
1192 1985 1389 2040 altaria
1407 1985 1742 2057 quibusdam

118 2079 360 2150 gradibus
395 2095 680 2134 ascensus
717 2083 859 2146 erat,
895 2079 974 2133 ita
1008 2081 1074 2133 ut
1102 2078 1208 2134 sub
1246 2078 1512 2150 gradibus
1552 2079 1742 2136 ﬁdeles

115 2172 304 2226 oraturi
356 2175 599 2244 possent
659 2172 986 2238 consistere,
1036 2175 1100 2226 ut
1132 2171 1388 2242 pluribus
1425 2172 1644 2227 ostendi
1681 2173 1742 2228 in

116 2265 420 2336 praefatione
448 2265 651 2337 prima
671 2265 864 2319 saeculi
886 2281 967 2332 III,
985 2281 1148 2320 num.
1167 2267 1256 2319 79.
1279 2263 1543 2334 Ejusdem
1566 2281 1741 2336 prope

115 2359 286 2414 formae
309 2363 431 2414 erat
450 2359 514 2413 in
533 2357 783 2412 basilica
799 2357 977 2412 sancti
998 2356 1264 2428 Cypriani
1289 2358 1552 2429 martyris
1572 2378 1599 2410 «
1612 2375 1742 2413 ana—

117 2452 294 2523 logius,
322 2453 382 2507 in
409 2468 556 2523 quo,
589 2451 746 2505 libro
777 2450 1150 2522 superposito,
1183 2455 1440 2505 cantatur
1475 2454 1573 2505 aut
1608 2451 1742 2523 legi-

116 2550 210 2612 tur,
237 2563 262 2595 ι)
290 2544 478 2615 inquit
503 2544 826 2615 Gregorius
861 2543 922 2598 in
954 2543 1050 2598 lib.
1069 2561 1090 2596 ι
1121 2542 1190 2598 de
1215 2542 1399 2597 Gloria
1426 2547 1740 2614 martyrum

117 2654 219 2708 cap.
241 2611 323 2693 9i.
353 2611 496 2693 N—‘am
525 2653 601 2692 ex
631 2611 756 2690 uno
780 2636 966 2707 lapide
995 2635 1293 2690 marmoris
1321 2638 1469 2690 totus
1493 2611 1739 2706 sculptus

117 2729 390 2785 asseritur:
413 2730 472 2784 id
503 2734 594 2785 est
624 2745 828 2784 mensa
861 2728 1124 2798 desuper,
1158 2728 1229 2782 ad
1255 2744 1426 2798 quam
1460 2745 1564 2798 per
1595 2745 1736 2800 qua-

117 2829 226 2877 tuor
251 2822 453 2893 gradus
478 2821 888 2890 adscenditur;
923 2821 1155 2876 cancelli
1177 2821 1238 2875 in
1265 2820 1520 2890 circuitu,
1549 2821 1740 2875 subter

117 2915 392 2986 columns;
431 2916 574 2988 quia
601 2920 668 2970 et
697 2913 984 2986 pulpitum
1011 2914 1182 2968 habet
1207 2913 1309 2967 sub
1333 2929 1447 2984 quo
1471 2918 1592 2968 octo
1618 2930 1740 2984 per-

123 3025 248 3064 sonae
282 3009 452 3081 recipi
482 3011 760 3080 possunt.
802 3026 830 3058 »

177 3106 224 3155 7.
248 3102 350 3166 Qui
383 3102 698 3158 historiam
737 3099 1176 3154 Eucharisticam
1216 3116 1400 3170 nuper
1427 3099 1740 3170 composuit

122 3196 276 3250 Rocus
300 3195 585 3262 minister,
614 3197 796 3264 negat
821 3197 956 3247 ante
983 3191 1254 3246 saeculum
1281 3209 1374 3246 vni
1409 3191 1469 3246 in
1506 3208 1619 3246 una
1643 3208 1732 3246 ec-

121 3288 259 3342 clesia
283 3289 449 3360 plura
487 3288 674 3343 fuisse
711 3285 929 3340 altaria.
963 3285 1047 3339 Ad
1088 3285 1194 3339 hoc
1225 3288 1416 3339 autem
1455 3283 1737 3340 revincen-

122 3380 236 3436 dum
267 3381 469 3437 sufﬁcit
509 3397 672 3436 unus
710 3377 1013 3448 Gregorius
1049 3378 1282 3448 Magnus
1315 3377 1413 3448 qui
1463 3376 1526 3431 in
1574 3377 1672 3432 lib.
1704 3395 1736 3430 v

122 3474 324 3543 epistola
360 3478 428 3528 50
469 3474 542 3528 ad
581 3471 905 3528 Palladium
948 3471 1350 3526 Santonensem
1387 3469 1732 3540 episcopum,

121 3567 360 3622 tredecim
383 3565 587 3621 altaria
616 3567 864 3620 testatur
889 3563 1059 3618 fuisse
1098 3562 1156 3616 in
1205 3561 1433 3616 ecclesia
1469 3563 1730 3632 quadam,

122 3659 168 3712 in
183 3659 443 3714 honorem
467 3657 870 3730 apostolorum
888 3655 958 3710 ab
984 3656 1106 3726 ipso
1132 3654 1374 3709 Palladio
1393 3659 1729 3709 constructa.

123 3752 174 3806 Et
197 3753 487 3825 Gregorius
515 3753 672 3807 alter
696 3749 959 3821 superius
994 3749 1055 3803 in
1098 3747 1331 3804 ecclesia
1370 3746 1546 3801 sancti
1585 3747 1732 3802 Petri

124 3847 248 3915 apud
290 3846 671 3917 Burdegalam
717 3843 831 3898 duo
869 3841 1064 3897 altaria
1102 3844 1398 3909 memorat,
1443 3855 1624 3894 unum
1672 3840 1731 3895 in

122 3939 343 4010 pulpitis,
400 3939 557 3994 aliud
609 3937 676 3992 in
732 3939 928 4007 crypta
984 3934 1090 3988 sub
1138 3933 1236 3988 illo
1286 3949 1508 3989 summo
1547 3933 1727 3988 altari.

125 4029 366 4086 Brennaci
388 4031 448 4086 in
478 4047 635 4102 pago
664 4026 1051 4084 Suessionensi
1088 4026 1200 4081 tria
1244 4030 1406 4082 erant
1431 4024 1644 4096 altaria,
1670 4025 1730 4079 in

123 4121 296 4192 quibus
317 4123 400 4193 (ut
425 4124 552 4194 jam
578 4121 852 4190 vidimus)
883 4117 1187 4190 Gregorius
1211 4117 1410 4172 missas
1442 4123 1555 4172 tres
1581 4117 1729 4171 cele-

124 4211 294 4270 bravit.
323 4217 442 4271 Non
467 4216 758 4270 immoror
781 4211 1039 4284 pluribus
1065 4210 1400 4266 testimoniis
1423 4225 1728 4281 congeren-

125 4306 209 4362 dis.
233 4308 362 4364 Vide
389 4325 520 4382 quae
546 4309 660 4363 hac
689 4306 762 4360 de
803 4321 865 4360 re
905 4321 938 4358 a
979 4303 1140 4358 nobis
1178 4303 1322 4358 dicta
1349 4305 1480 4358 sunt
1505 4301 1564 4357 in
1591 4318 1732 4374 prte-

127 4399 308 4456 fatione
331 4401 520 4472 prima
546 4399 730 4456 seculi
753 4415 836 4465 ni,
864 4396 964 4452 ubi
995 4397 1214 4452 tabulas
1245 4395 1576 4464 itinerarias,
1603 4410 1732 4466 qua;

127 4492 223 4548 vice
247 4493 430 4550 altaris
461 4491 869 4550 itinerantibus
899 4489 1278 4545 sacerdotibus
1308 4493 1510 4556 essent,
1536 4487 1598 4542 in
1627 4503 1732 4542 usu

1839 1983 1895 2038 in
1924 1983 2022 2039 lib.
2048 2001 2086 2038 ιι
2117 1986 2185 2040 de
2213 1987 2397 2042 Gloria
2425 1993 2739 2060 martyrum
2763 2009 2886 2064 cap.
2927 1996 3014 2048 20.
3051 1993 3213 2049 Aliud
3251 1997 3446 2053 ciborii

1841 2092 2019 2146 genus
2059 2077 2162 2132 aevi
2208 2080 2530 2149 posterioris
2570 2081 2757 2138 videre
2793 2085 2923 2139 licet
2963 2087 3114 2156 apud
3157 2088 3450 2158 Hugonem

1839 2168 2096 2223 abbatem
2125 2170 2610 2244 Flaviniacensem,
2633 2191 2764 2247 pag.
2787 2179 2905 2232 166.
2921 2177 3237 2248 Aliquando
3263 2185 3452 2235 tamen

1839 2260 2094 2315 columba
2119 2263 2240 2316 loco
2264 2265 2443 2319 crucis
2476 2270 2593 2320 erat
2629 2267 2686 2320 in
2715 2269 3001 2339 sepulcris,
3031 2275 3098 2324 ut
3138 2271 3205 2326 de
3233 2274 3454 2328 tumulo

1840 2352 2015 2406 sancti
2054 2353 2298 2426 Dionysii
2335 2358 2633 2429 Gregorius
2675 2361 2843 2414 tradit
2885 2361 2943 2416 in
2992 2362 3091 2417 lib.
3119 2381 3135 2416 ι
3168 2363 3235 2417 de
3273 2365 3458 2420 Gloria

1839 2449 2147 2516 martyrum
2191 2464 2313 2519 cap.
2341 2453 2428 2504 '72.
2469 2452 2592 2505 Haec
2631 2451 2939 2508 observatio
2983 2455 3051 2508 de
3091 2472 3252 2510 cruce
3281 2473 3451 2528 super

1839 2537 2046 2590 ciboria
2069 2538 2304 2609 alicujus
2344 2543 2614 2596 momenti
2656 2543 2714 2597 in
2750 2547 3214 2616 consequentibus
3243 2548 3349 2602 erit
3378 2549 3450 2602 ad

1839 2629 2229 2700 explicandum
2259 2649 2527 2688 canouem
2554 2639 2586 2689 2
2615 2636 2833 2690 concilii
2859 2639 3195 2693 Turonensis
3227 2655 3284 2693 ιῐ.
3316 2641 3450 2711 Ejus

1839 2721 2057 2792 generis
2071 2723 2342 2779 ciborinm
2353 2743 2482 2780 cum
2497 2727 2551 2798 7
2564 2727 2621 2800 5
2640 2729 2980 2784 Eucharistia
2998 2748 3243 2802 appensa
3259 2748 3452 2787 recens

1838 2815 2136 2870 Beccenses
2163 2817 2336 2871 nostri
2364 2819 2729 2876 restituerunt
2756 2821 2824 2875 ad
2854 2824 3176 2894 exemplum
3208 2825 3450 2879 ecclesizn

1837 2905 2014 2960 beatae
2034 2908 2215 2962 Mariae
2239 2909 2306 2963 de
2328 2911 2476 2964 Valle
2495 2912 2712 2979 Gratiae,
2728 2913 2786 2967 in
2814 2930 2923 2984 qua
2947 2916 3119 2970 altare
3147 2933 3274 2970 cum
3303 2917 3448 2971 cibo-

1837 2997 1920 3052 rio
1957 3016 2052 3054 sex
2083 3001 2356 3055 columnis
2389 3003 2582 3058 innixa
2614 3005 2784 3059 felicis
2810 3008 3093 3062 memoriae
3120 3011 3277 3062 Anna
3303 3012 3445 3063 Aus-

1835 3091 2007 3146 triaca
2020 3110 2176 3148 more
2191 3095 2442 3170 antiquo,
2458 3097 2614 3168 regia
2631 3099 3042 3169 magniﬁcentia
3059 3101 3198 3172 erigi
3215 3102 3446 3158 curavit.

1907 3187 1959 3238 9.
1991 3185 2288 3256 Gregorius
2321 3189 2628 3243 Turonicus
2664 3191 2892 3246 antistes
2927 3209 3040 3247 non
3079 3211 3192 3247 uno
3237 3195 3295 3249 in
3322 3195 3442 3249 loco

1834 3275 2076 3346 picturas
2109 3279 2352 3334 ecclesiae
2391 3281 2674 3352 parietum
2715 3290 3012 3340 memorat.
3060 3288 3211 3340 Unus
3257 3292 3339 3342 est
3385 3290 3447 3343 in

1832 3367 1930 3422 lib.
1960 3385 1978 3422 ι
2017 3369 2084 3424 de
2127 3371 2309 3426 Gloria
2345 3379 2656 3444 martyrum
2694 3393 2816 3446 cap.
2855 3381 2943 3444 65,
2982 3378 3078 3432 ubi
3114 3379 3182 3434 de
3217 3379 3446 3436 basilica

1832 3461 2007 3515 sancti
2033 3463 2314 3518 Antoliani
2340 3467 2600 3537 martyris
2626 3469 2774 3538 apud
2802 3471 3092 3540 Arvernos,
3125 3489 3295 3542 quam
3320 3472 3445 3527 dua:

1831 3553 2482 3626 mulieres,perillustres
2530 3563 2957 3618 construxerant
2993 3581 3007 3618 :
3039 3581 3067 3614 α
3099 3564 3305 3618 Erectis
3341 3581 3442 3634 pa-

1832 3646 2063 3701 rietibus
2091 3663 2261 3718 super
2287 3649 2459 3704 altare
2486 3651 2620 3705 edis
2643 3651 2812 3722 illius,
2840 3657 3058 3708 turrem
3085 3671 3118 3708 a
3141 3656 3438 3724 columnis,

1831 3739 2040 3808 pharis,
2065 3739 2457 3812 heracliisque,
2475 3744 2833 3799 transvolutis
2853 3746 3095 3800 arcubus
3110 3753 3430 3816 erexerunt,

1832 3831 2034 3884 miram
2061 3847 2294 3886 camerae
2333 3833 2590 3889 fucorum
2629 3835 3038 3892 diversitatibus
3075 3839 3440 3911 imaginatam

1828 3922 2153 3978 adhibentes
2199 3923 2496 3996 picturam.
2539 3946 2568 3978 »
2613 3928 2780 3983 Addit
2822 3929 3120 4001 Gregorius
3162 3932 3270 3987 hoc
3304 3950 3444 4005 opus

1829 4020 1944 4069 tam
1972 4015 2240 4087 «elegans
2257 4022 2312 4072 et
2335 4018 2582 4074 subtile»
2613 4019 2803 4088 fuisse,
2832 4026 2895 4076 ut
2919 4023 3094 4079 ruinae
3129 4026 3442 4096 periculum

1829 4125 2062 4163 cernens
2077 4109 2269 4164 Avitus
2289 4112 2564 4182 pontifex,
2587 4132 2615 4164 ι(
2635 4113 2947 4187 anticipans
2963 4117 3215 4172 futuram
3239 4119 3444 4174 colum-

1828 4217 2029 4255 narum
2055 4205 2324 4274 stragem,
2345 4203 2577 4274 jusserit
2601 4206 2780 4277 tigna,
2801 4224 3144 4282 assercsque,
3172 4211 3260 4266 vel
3287 4215 3445 4284 tegu-

1828 4292 1908 4346 las
1943 4294 2206 4348 amoveri.
2236 4295 2446 4358 Quibus
2475 4297 2764 4365 submotis,
2788 4315 2890 4354 nec
2916 4301 3205 4373 adjutoriis
3237 4304 3444 4359 colum-

1828 4385 1914 4438 nis
1933 4385 2197 4456 appositis
2293 4387 2419 4442 dato
2440 4389 2713 4444 columna:
2731 4390 3006 4448 immenso
3021 4396 3290 4466 pondere,
3312 4413 3442 4452 cum

1829 4494 2034 4548 magno
2063 4479 2246 4533 sonitu
2271 4496 2441 4550 super
2467 4481 2641 4536 altare
2666 4488 2723 4537 et
2748 4484 2894 4538 circa
2919 4487 3092 4540 altare
3122 4487 3438 4556 diruerunt,

127 4584 273 4641 fuisse
303 4592 430 4644 ante
468 4587 747 4642 saeculum
776 4600 833 4638 χι
859 4586 1054 4638 contra
1091 4581 1356 4638 eumdem
1393 4581 1606 4636 Bocum
1631 4580 1728 4635 de-
1750 4579 1808 4650 D
1831 4570 2212 4642 completaque
2233 4576 2316 4625 est
2339 4573 2472 4626 aedis
2496 4573 2701 4628 nebula
2741 4575 2808 4630 de
2853 4576 3090 4632 effracta:
3118 4579 3280 4634 calcis
3309 4581 3438 4652 pul-

129 4683 471 4736 monstratum
500 4685 608 4736 est.

185 4770 298 4842 ’74
355 4776 408 4828 8.
458 4763 679 4828 Altai'ia
713 4769 939 4825 ciboriis
989 4767 1198 4841 passim
1248 4767 1522 4822 instructa
1575 4768 1734 4822 erant

127 4865 409 4930 praesertim
445 4865 631 4920 altare
660 4863 868 4934 majus,
899 4862 1050 4934 quod
1082 4859 1319 4932 praevios
1344 4858 1586 4914 habebat
1609 4873 1734 4912 can-

129 4955 286 5024 cellos,
319 4962 372 5012 et
409 4957 668 5028 picturas
697 4971 769 5011 ex
794 4958 1035 5026 utroque
1072 4954 1245 5008 latere
1272 4952 1341 5007 ad
1368 4951 1626 5023 parietes.
1651 4947 1734 5004 Ci-

129 5044 259 5102 boria
291 5054 448 5104 erant
479 5049 710 5105 turritae
749 5047 1018 5115 aediculae,
1045 5051 1289 5117 quatuor
1319 5044 1620 5098 minimum
1647 5059 1732 5096 co-

130 5137 310 5194 lumnis
345 5141 580 5210 innixae,
613 5156 745 5212 quae
782 5139 1031 5194 aediculae
1067 5138 1239 5194 altare
1277 5136 1544 5208 tegebant
1577 5149 1732 5190 more

132 5229 434 5304 Graecorum,
450 5234 609 5307 apud
628 5249 774 5305 quos
800 5251 827 5282 «
849 5248 1018 5303 supra
1051 5229 1546 5285 incontaminatam
1569 5243 1730 5282 men-

133 5338 230 5379 sam
267 5332 480 5382 vastum
531 5326 594 5382 in
646 5340 840 5381 aerem
883 5324 1159 5378 immensa
1212 5321 1386 5376 turris
1438 5319 1728 5391 exsurgit:

134 5417 426 5485 quadriﬂdis
443 5435 578 5476 vero
592 5415 884 5488 argenteis
899 5417 1140 5471 arcubus
1164 5414 1513 5482 incumbens,
1536 5427 1734 5483 argen-

135 5508 220 5562 teis
251 5513 473 5582 perinde
511 5509 800 5567 columnis
837 5509 1128 5578 attollitur,
1157 5508 1217 5563 in
1243 5521 1488 5579 quarum
1527 5505 1733 5561 vertice

136 5608 393 5671 argenteos
427 5605 606 5678 pedes
647 5601 849 5658 statuit
879 5618 1040 5656 arcus
1063 5599 1434 5673 quadruplex,
1464 5601 1526 5653 ut
1552 5597 1621 5652 de
1662 5597 1735 5652 ci-

137 5691 267 5748 borio
318 5697 526 5752 Sanctae
590 5691 824 5766 Sophia:
883 5693 1051 5749 tradit
1112 5691 1318 5747 Paulus
1385 5688 1732 5745 Silentiarius

137 5785 262 5853 apud
285 5789 734 5844 eruditissimum
775 5785 1066 5855 Cangium.
1089 5782 1407 5838 Anastasius
1447 5781 1504 5835 in
1529 5781 1734 5851 Grego-

142 5875 204 5928 rio
222 5879 408 5948 primo.
433 5901 460 5932 (ι
489 5881 590 5936 Hic
617 5877 760 5935 fecit
788 5876 948 5932 beato
976 5877 1136 5932 Petro
1166 5875 1416 5948 apostolo
1456 5868 1731 5928 ciborium

1832 4673 1976 4718 vere.
2008 4682 2036 4713 »
2075 4664 2251 4727 Quem
2290 4664 2477 4719 locum
2513 4665 2803 4737 integrum
2842 4670 3043 4740 refero,
3071 4676 3195 4726 tum
3231 4677 3296 4728 ut
3335 4689 3442 4729 vox

1829 4756 2007 4818 calcis,
2033 4771 2158 4826 quae
2183 4755 2242 4810 in
2271 4757 2449 4812 calicis
2475 4775 2770 4830 perperam
2811 4767 3030 4817 mutata
3055 4764 3255 4832 fuerat,
3287 4767 3442 4821 resti-

1831 4852 2048 4916 tuatur;
2096 4852 2216 4903 tum
2255 4853 2320 4903 ut
2355 4856 2620 4920 appareat
2664 4853 2832 4924 (quod
2869 4855 3124 4926 superius
3165 4859 3436 4928 notatum)

1831 4940 2114 4994 columnas
2159 4941 2229 4994 ad
2262 4941 2433 4996 altare
2469 4948 2678 4998 erectas
2717 4945 2903 5000 fuisse.
2941 4951 3012 5002 At
3051 4964 3119 5002 ex
3167 4949 3444 5020 superiori

1831 5033 2146 5087 testimonio
2171 5033 2340 5088 etiam
2368 5034 2426 5089 id
2451 5042 2682 5106 constat,
2713 5039 2862 5110 quod
2888 5041 3054 5095 modo
3082 5043 3436 5113 probandum

1831 5125 2064 5196 suscepi,
2094 5125 2337 5196 picturas
2362 5127 2666 5198 parietibus
2683 5132 2924 5187 ecclesiae
2949 5135 3225 5205 appositas
3247 5137 3437 5192 fuisse.

1832 5217 1970 5272 Hinc
1996 5217 2090 5271 illa
2127 5235 2230 5272 vox
2273 5219 2513 5274 militum
2559 5222 2943 5294 Gundobaldo,
2972 5228 3192 5284 Clotarii
3243 5230 3344 5300 (uti
3385 5247 3442 5286 se

1831 5309 2058 5380 ferebat)
2078 5308 2210 5380 ﬁlio,
2233 5309 2622 5367 insultantium
2644 5315 2794 5386 apud
2820 5319 3084 5374 eumdem
3110 5322 3441 5394 Gregorium

1831 5403 1890 5457 in
1931 5401 2186 5456 Historias
2226 5402 2324 5458 lib.
2363 5420 2432 5458 vn
2473 5408 2596 5478 eap.
2625 5410 2692 5462 36
2723 5424 2736 5462 :
2769 5427 2795 5459 α
2825 5410 2980 5466 Tune
3017 5429 3076 5467 es
3108 5414 3288 5484 pictor
3325 5416 3439 5484 ille,

1831 5495 1928 5566 qui
1956 5499 2208 5566 tempore
2229 5495 2452 5551 Clotarii
2471 5499 2621 5570 regis
2638 5517 2740 5571 per
2760 5504 3000 5558 oratoria
3012 5505 3252 5577 parietes
3275 5512 3442 5580 atque

1832 5604 2076 5643 cameras
2105 5589 2439 5644 caraxabas?
2465 5610 2492 5641 ››
2523 5593 2589 5646 Et
2617 5593 2676 5647 in
2702 5611 2824 5666 cap.
2855 5599 2924 5652 22
2963 5598 3152 5668 agitur
3190 5599 3258 5654 de
3288 5601 3442 5670 puel-

1831 5682 1896 5736 lis
1937 5685 1992 5736 et
2034 5681 2224 5751 pueris
2265 5683 2526 5750 Eberulﬁ,
2571 5685 2670 5757 qui
2723 5706 2750 5738 ί(
2785 5689 3158 5760 suspiciebant
3198 5693 3438 5762 picturas

1830 5773 2127 5846 parietum,
2150 5773 2608 5850 rimabanturque
2635 5786 2962 5836 ornamenta
2988 5783 3268 5853 sepulcri»
3291 5781 3435 5834 beati

1830 5865 2066 5922 Martini.
2087 5865 2234 5920 Idem
2259 5867 2326 5922 de
2359 5868 2792 5926 Wiremutliensi
2820 5873 3044 5929 ecclesia
3066 5873 3270 5943 legitur
3288 5871 3434 5940 apud
