3968 6424
483 381 581 441 155

1257 386 1586 443 ΛΡΡΕΝΒΙΧ
1624 389 1712 444 ΑΒ
1747 387 1966 444 OPERA
2005 385 2235 443 SANCTI
2273 386 2573 444 GERMANI
2610 384 3036 442 PARISIENSIS.

3751 385 3854 438 156

477 514 686 572 Bedam
713 513 774 572 in
799 515 897 573 lib.
925 533 940 572 ι
965 515 1034 572 de
1054 516 1294 573 Historia
1312 518 1643 575 monasterii
1665 517 1790 594 '76
1813 517 1917 590 sui,
1935 535 2096 574 num.

2240 512 2379 554 crsus
2431 498 2609 552 altare
2660 495 2949 559 dividitur,
2998 492 3172 550 choris
3221 494 3436 548 tantum
3477 490 3858 564 psallentium

479 611 532 664 6.
561 610 794 666 Picturas
820 610 988 666 etiam
1018 615 1178 666 erant
1191 611 1252 666 in
1272 611 1368 667 illo
1387 613 1718 685 baptisterio
1739 613 1892 685 quod
1917 612 2099 684 Sulpi-

479 703 595 757 cius
621 704 851 758 Severus
880 709 1251 773 exstruxerat,
1268 705 1366 760 ubi
1389 705 1666 778 imagines
1689 705 1862 761 sancti
1881 703 2101 760 Martini

478 799 533 850 et
555 795 771 850 Paulini
796 796 996 851 Nolani
1021 798 1204 852 adhuc
1238 797 1474 853 viventis
1511 798 1744 870 depingi
1789 802 2097 854 curaverat.

477 888 633 952 Quod
663 888 732 943 de
760 905 859 944 sua
885 889 1171 961 improbat
1188 891 1453 946 Paulinus
1473 890 1593 962 ipse
1612 891 1672 944 in
1694 891 1930 962 epistola
1950 907 2101 946 nunc

478 983 544 1034 32
571 981 642 1036 ad
670 982 958 1038 Severum.
992 983 1248 1038 Praeclari
1279 987 1412 1038 sunt
1440 984 1679 1039 Ennodii
1701 1001 1894 1040 versus
1919 984 1980 1039 in
1999 984 2098 1038 ba-

477 1073 732 1144 ptisterio
755 1076 956 1148 agello,
995 1075 1092 1131 ubi
1133 1076 1271 1148 picti
1311 1080 1472 1133 erant
1515 1081 1813 1150 martyres,
1856 1093 2103 1150 quorum

479 1165 558 1222 ibi
586 1169 838 1240 reliquiae
863 1169 1104 1226 conditze
1131 1175 1310 1226 erant.

666 1269 831 1348 ⁸³,ρέἚέ
846 1267 1635 1348 5‘9P‘ilﬂ’i§,§‘ll“3‘lliif°iﬁ°ff
1650 1268 1855 1348 3‘99}?

728 1331 927 1380 Funera
949 1331 1068 1380 viva
1091 1331 1276 1380 videns
1298 1344 1439 1381 mors
1463 1331 1546 1381 eat
1571 1331 1626 1380 in
1650 1331 1895 1380 tumulos.

667 1391 876 1456 illorum
901 1396 1073 1456 tamen
1097 1393 1192 1456 iste
1227 1395 1373 1442 locus
1401 1393 1947 1456 complectiturartus,

729 1454 868 1512 Quos
893 1455 1063 1518 paries
1087 1455 1238 1518 facie,
1263 1469 1414 1506 mens
1437 1453 1582 1506 tenet
1605 1455 1743 1505 alma
1763 1453 1886 1503 ﬁde.

547 1543 812 1599 Paulinus
837 1561 973 1599 mox
1002 1545 1260 1600 laudatus
1287 1545 1348 1600 in
1372 1545 1548 1601 natali
1569 1547 1599 1600 9
1623 1544 1692 1599 de
1719 1548 1908 1598 sancto
1927 1543 2105 1598 Felice

480 1641 760 1692 memorat
789 1638 1037 1708 picturas
1075 1638 1384 1710 porticibus
1423 1637 1668 1694 ecclesiae
1705 1636 2008 1709 appositas,
2044 1636 2106 1690 in

483 1729 686 1801 quibus
729 1731 963 1786 historia
1005 1732 1164 1786 Mosis
1207 1732 1278 1786 ob
1321 1733 1511 1788 oculos
1553 1731 1735 1802 posita
1777 1734 1916 1785 erat.
1957 1729 2108 1784 Facti

483 1822 760 1878 rationem
801 1825 946 1879 hanc
971 1825 1178 1894 reddit,
1209 1841 1415 1896 nempe
1461 1829 1522 1880 ut
1560 1824 1726 1880 turba
1762 1822 2108 1878 rusticorum

2194 595 2385 662 pateat
2435 591 2766 646 clericorum.
2821 589 2994 644 Paulo
3039 587 3204 643 aliter
3247 586 3399 660 apud
3447 586 3703 652 Griecos,
3753 583 3859 639 ubi

2200 685 2428 739 clericos
2454 684 2524 737 ab
2551 683 2711 738 altari
2739 683 3073 754 separabant
3097 681 3354 748 cancelli,
3384 681 3594 753 quibus
3621 678 3740 734 soli
3775 695 3860 732 sa-

2202 778 2452 832 cerdotes
2495 776 2926 832 continebantur
2948 817 2962 843 ,
3006 775 3157 847 apud
3202 774 3483 846 Cangium
3523 773 3584 828 in
3628 770 3860 839 Descri-

2199 871 2394 943 ptione
2419 871 2634 926 Sanctm
2673 869 2919 940 Sophias,
2963 885 3124 924 num.
3164 872 3252 923 70.
3303 870 3476 923 Erant
3510 871 3569 922 et
3607 863 3860 921 cancelli

2201 964 2272 1020 ad
2299 964 2546 1019 tumulos
2571 965 2912 1017 sanctorum.
2941 961 3244 1033 Gregorius
3272 962 3330 1016 in
3361 961 3457 1016 lib.
3488 978 3504 1014 ι
3546 960 3620 1014 de
3665 959 3856 1014 mira-

2201 1057 2342 1112 culis
2368 1058 2542 1112 sancti
2573 1056 2794 1112 Martini
2819 1074 2944 1128 cap.
2971 1059 3060 1122 35,
3084 1055 3258 1110 refert
3277 1053 3572 1125 cujusdam
3602 1053 3856 1119 factum,

2203 1151 2302 1223 qui
2335 1171 2363 1203 «
2390 1151 2612 1224 lignum
2640 1149 2960 1205 venerabile
2990 1149 3059 1204 de
3086 1148 3331 1204 cancello
3356 1148 3568 1217 lectuli,
3602 1167 3630 1197 η
3681 1146 3744 1200 id
3775 1150 3863 1199 est

2201 1243 2432 1313 tumuli,
2460 1243 2636 1298 sancti
2664 1242 2885 1298 Martini
2911 1242 3236 1297 abstulerat.
3265 1243 3442 1296 Porro
3470 1238 3722 1295 cancelli
3748 1237 3858 1292 ali-

2204 1337 2452 1408 quando,
2491 1337 2578 1391 vel
2618 1337 2820 1391 saltem
2865 1352 3065 1390 eorum
3105 1337 3462 1402 ornamenta,
3506 1332 3865 1388 constabant

2207 1433 2466 1499 argento,
2495 1429 2726 1484 cuinon
2771 1429 3024 1499 pepercit
3059 1426 3189 1500 '78
3227 1426 3503 1483 Caesarius
3541 1425 3864 1497 episcopus

2206 1521 2562 1590 Arelatensis,
2593 1522 2732 1576 illud
2769 1521 3093 1592 expendens
3124 1521 3185 1575 in
3227 1519 3586 1592 captivorum
3627 1518 3866 1573 redem-

2204 1615 2476 1685 ptionem.
2519 1633 2547 1665 «
2577 1614 2848 1669 Videntur
2871 1613 3042 1669 etiam
3070 1613 3354 1684 hodieque
3387 1612 3483 1681 (ait
3525 1610 3863 1683 Cyprianus

2206 1707 2264 1761 in
2287 1707 2386 1762 lib.
2414 1724 2434 1762 1
2463 1708 2530 1762 de
2559 1708 2680 1778 ejus
2709 1707 2848 1776 Vita,
2877 1723 3040 1761 num.
3076 1709 3158 1775 17)
3181 1705 3468 1760 securium
3488 1705 3636 1760 ictus
3660 1704 3742 1758 in-
3762 1719 3867 1774 po-

2208 1799 2312 1854 diis
2349 1804 2406 1855 et
2442 1800 2718 1870 cancellis,
2750 1799 2888 1854 dum
2914 1799 3046 1854 inde
3071 1798 3470 1854 columnarum
3489 1813 3560 1853 ex
3607 1801 3864 1869 argento

484 1874 760 1878 _-,-_m___
801 1874 942 1879 ____
971 1874 1178 1894 --η-Ἴ
1211 1874 1414 1896 ---ηρ
1466 1874 1520 1880 __
1567 1874 1725 1880 Vm“
1764 1874 2108 1878 ηψηνπ-

482 1931 601 1971 non
630 1935 659 1968 α
686 1917 848 1972 docta
870 1918 1119 1990 legendi,
1149 1937 1177 1970 »
1205 1918 1338 1972 visis
1363 1921 1688 1972 sanctorum
1709 1917 1848 1971 actis
1867 1915 1939 1970 ad
1957 1915 2112 1970 Chri-

2243 1893 2574 1948 xcutiuntur
2601 1896 2954 1948 ornamenta.
2984 1912 3012 1944 »

485 2012 635 2063 stum
663 2015 1062 2066 convertatur:
1094 2011 1294 2066 deinde
1322 2016 1386 2066 ut
1422 2011 1523 2082 qui
1558 2009 1752 2080 vigiles
1790 2013 2012 2062 noctem
2053 2007 2112 2062 in

487 2101 715 2156 ecclesia
754 2103 1032 2158 ducebant
1055 2103 1363 2173 insomnes,
1394 2103 1483 2158 his
1507 2103 1740 2174 picturis
1767 2101 1986 2155 animos
2010 2117 2110 2172 pa-

489 2199 727 2265 scerent,
757 2201 815 2251 et
838 2214 872 2250 a
897 2197 1402 2268 compotationibus
1429 2201 1838 2252 averterentur.

563 2291 649 2344 10.
681 2290 805 2344 Non
830 2289 1019 2362 itaque
1045 2290 1106 2344 in
1132 2291 1292 2345 altari
1318 2295 1479 2346 erant
1503 2291 1737 2362 picturae
1776 2294 1875 2345 aut
1906 2288 2110 2359 imagi-

487 2396 609 2450 nes,
639 2382 751 2436 nisi
777 2383 1090 2438 admodum
1116 2384 1174 2439 in
1201 2384 1338 2440 velis
1365 2389 1418 2440 et
1445 2385 1686 2439 arcubus
1713 2383 1930 2452 ciborii,
1962 2381 2114 2454 quod

489 2475 746 2530 eruditus
787 2476 1032 2548 Cangius
1073 2477 1332 2534 observat
1374 2478 1433 2532 in
1477 2477 1850 2548 descriptione
1897 2477 2114 2532 Sanctae

489 2567 730 2638 Sophia-3.
759 2570 877 2624 Huc
901 2569 1136 2626 fortasse
1166 2571 1316 2625 trahi
1341 2575 1529 2642 potest
1551 2571 1609 2626 id
1625 2571 1780 2642 quod
1801 2571 2034 2641 Optatus
2055 2568 2115 2622 in

487 2661 597 2717 ﬁne
624 2662 754 2718 libri
785 2679 846 2717 ιιι
871 2663 1041 2718 tradit
1067 2665 1136 2718 de
1162 2665 1333 2718 Paulo
1360 2669 1416 2719 et
1444 2664 1701 2733 Macario,
1731 2663 1830 2736 qui
1855 2662 2116 2718 diceban-

485 2759 581 2808 tur
607 2755 852 2823 venturi,
882 2775 912 2808 «
935 2761 1002 2811 ut
1029 2756 1366 2812 interessent
1391 2757 1697 2820 sacriﬁcio;
1729 2761 1784 2810 et
1811 2772 1940 2810 cum
1973 2755 2112 2808 alta-

487 2847 572 2901 ria
597 2847 925 2903 solemniter
947 2852 1296 2920 aptarentur,
1327 2850 1650 2920 proferrent
1676 2849 1759 2903 illi
1785 2847 2114 2920 imaginem,

488 2956 662 3011 quam
687 2941 870 3012 primo
899 2941 959 2996 in
983 2942 1142 2996 altari
1167 2947 1474 3014 ponerent;
1505 2946 1560 2998 et
1577 2942 1655 2996 sic
1676 2941 2010 2996 sacriﬁcium
2030 2940 2114 2994 of-

488 3033 752 3090 ferretur.
781 3053 810 3086 »
841 3035 962 3099 Quo
991 3052 1222 3090 rumore
1261 3036 1338 3090 ita
1378 3036 1620 3108 perculsi
1653 3039 1786 3090 sunt
1817 3033 2014 3103 animi,
2053 3038 2120 3088 ut

491 3126 846 3194 sacriﬁcium,
872 3129 1027 3184 velut
1055 3151 1081 3177 κ
1110 3145 1330 3183 sacrum
1361 3147 1389 3180 »
1422 3145 1485 3183 ac
1515 3129 1926 3196 detestandum,
1965 3143 2119 3182 aver-

491 3224 770 3276 sarentur.
790 3221 896 3277 Sed
915 3226 1268 3293 compertum
1288 3227 1371 3277 est
1389 3223 1592 3277 falsum
1612 3221 1782 3277 fuisse
1805 3237 2113 3276 rumorem.
2137 3239 2192 3311 ρ

2285 1989 2368 2040 12.
2398 1988 2607 2041 Praeter
2626 1986 2891 2057 picturas,
2921 1985 3094 2040 etiam
3121 1984 3289 2057 pallia
3317 1984 3397 2054 (ut
3421 1982 3730 2054 vocabant)
3763 1997 3866 2036 seu

2213 2079 2418 2148 tapetia
2443 2097 2512 2134 ex
2538 2079 2849 2150 parietibus
2875 2078 3220 2150 pendebant,
3247 2078 3369 2132 vela
3397 2077 3458 2132 in
3489 2076 3676 2131 ostiis.
3718 2075 3863 2130 Gre-

2215 2173 2406 2244 gorius
2430 2173 2491 2227 in
2516 2173 2616 2227 lib.
2645 2189 2664 2226 1
2695 2173 2762 2228 de
2803 2171 3082 2228 Miraculis
3125 2171 3301 2226 sancti
3340 2169 3568 2226 Martini
3604 2185 3740 2240 cap.
3801 2171 3864 2224 l3

2213 2265 2310 2333 ait,
2339 2264 2483 2319 hanc
2510 2265 2661 2336 apud
2688 2265 2850 2319 Italos
2874 2265 3176 2336 specialem
3204 2264 3486 2334 (mendose,
3511 2261 3864 2333 spiritalem)

2213 2358 2401 2428 vigere
2429 2358 2727 2425 medelam,
2757 2363 2820 2412 ut
2843 2359 2888 2412 si
2917 2358 3043 2429 quis
3070 2357 3313 2428 pustulte
3339 2355 3707 2428 percutiatur
3735 2355 3862 2409 vul-

2212 2466 2368 2519 nere,
2400 2451 2472 2506 ad
2496 2451 2884 2522 prepinquum
2907 2451 3059 2522 quod
3077 2451 3244 2505 fuerit
3265 2449 3413 2504 beati
3430 2449 3658 2504 Martini
3678 2454 3868 2504 orato-

2214 2542 2364 2598 rium
2393 2544 2670 2599 habeatur
2694 2544 3054 2616 perfugium;
3087 2548 3144 2598 et
3168 2547 3266 2597 aut
3287 2559 3356 2596 ex
3380 2543 3500 2596 velo
3513 2542 3744 2612 januaz,
3767 2545 3868 2595 aut

2213 2636 2449 2706 palliolis
2461 2653 2588 2708 quae
2605 2637 2855 2708 pendent
2876 2638 2944 2690 de
2956 2635 3282 2708 parietibus,
3299 2634 3582 2706 quidquid
3597 2634 3865 2706 primum

2214 2736 2440 2800 raptum
2464 2731 2655 2800 fuerit,
2687 2729 2751 2784 fit
2775 2730 3016 2784 salubre.
3045 2749 3071 2780 »
3089 2729 3251 2800 Apud
3270 2727 3560 2796 eumdem,
3585 2727 3654 2782 in
3681 2728 3785 2782 lib.
3813 2743 3867 2780 ιν

2214 2823 2468 2878 Historiae
2497 2841 2617 2895 cap.
2649 2827 2740 2892 31,
2771 2823 2886 2878 avis
2916 2822 3179 2894 qumdam
3219 2840 3246 2872 «
3294 2820 3355 2874 in
3399 2820 3726 2874 sacrarium
3762 2821 3866 2873 sub

2213 2919 2340 2973 velo
2385 2937 2411 2970 »
2445 2918 2704 2972 transisse
2747 2917 2970 2984 dicitur,
3011 2921 3068 2970 et
3113 2913 3447 2969 cicindelem
3487 2913 3867 2982 exstinguere

2215 3011 2475 3079 voluisse,
2521 3031 2548 3061 »
2587 3010 2695 3064 nisi
2745 3029 2774 3061 (ι
2821 3009 2891 3062 ab
2937 3007 3174 3062 ostiariis
3223 3025 3250 3058 ››
3298 3004 3587 3078 prohibita
3640 3006 3866 3060 fuisset.

2218 3103 2537 3160 Sacrarium
2578 3104 2734 3158 locus
2775 3106 2857 3156 est
2895 3101 3106 3170 altaris,
3156 3115 3329 3172 quem
3367 3099 3559 3153 locum
3616 3099 3750 3153 vela
3799 3098 3867 3151 ad

2217 3199 2357 3252 ostia
2383 3195 2714 3268 presbyterii
2739 3211 2984 3265 appensa
3011 3193 3296 3264 tegebant.
3341 3191 3694 3246 lnferiorum
3736 3209 3870 3246 vero

495 3332 522 3364 α
553 3314 676 3368 Visa
703 3319 786 3369 est
812 3286 1060 3386 puritas;
1077 3319 1130 3370 et
1160 3315 1272 3370 ritu
1299 3316 1457 3370 solito
1485 3315 1748 3370 solemnis
1773 3315 2118 3370 consuetudo
2139 3286 2192 3311 υ
2217 3291 2607 3346 ministrorum
2633 3289 2690 3344 id
2711 3287 2880 3343 oflicii
2910 3291 3048 3354 erat,
3077 3291 3142 3341 ut
3163 3286 3460 3341 senioribus
3480 3286 3602 3339 vela
3623 3287 3710 3340 ad
3731 3289 3869 3340 ostia

491 3411 781 3478 perspecta
807 3411 911 3462 est.
941 3429 969 3456 ››
997 3409 1351 3480 Quamquam
1379 3409 1696 3464 existimem
1737 3408 1795 3463 id
1830 3408 2018 3480 potius
2051 3407 2119 3462 de

491 3500 809 3555 Constantis
829 3502 1186 3573 imperatoris
1207 3519 1378 3572 quam
1404 3503 1473 3556 de
1493 3502 1680 3573 aliqua
1695 3517 1848 3556 sacra
1868 3499 2121 3571 imagine

492 3609 610 3648 esse
625 3593 1082 3665 intelligendum.
1105 3595 1228 3650 Non
1247 3595 1368 3667 '77
1395 3595 1529 3650 satis
1551 3598 1766 3649 constat
1785 3611 1898 3666 quo
1923 3593 1982 3647 in
2002 3593 2122 3647 loco

491 3690 634 3741 esset
657 3685 752 3742 illa
778 3687 1153 3742 Narbonensis
1179 3687 1428 3742 ecclesire
1463 3710 1488 3736 «
1519 3687 1758 3759 pictura,
1789 3703 1916 3758 quas
1937 3684 2124 3740 Domi-

490 3795 629 3834 num
638 3783 918 3850 nostrum,
934 3781 1094 3852 quasi
1108 3781 1479 3852 praecinctum
1494 3780 1690 3846 linteo,
1706 3778 1988 3834 indicabat
2003 3795 2125 3832 cru-

489 3873 739 3928 ciﬁxum.
759 3893 788 3926 )›
805 3874 1060 3929 Christus
1074 3889 1207 3928 vero
1223 3873 1444 3928 cuidam
1460 3873 1788 3944 presbytero
1799 3870 2122 3942 apparuisse

491 3965 712 4033 dicitur,
743 3971 1082 4037 conquestus
1111 3966 1262 4036 quod
1284 3981 1342 4020 se
1359 3965 1578 4020 nudum
1598 3965 1974 4035 spectantium
1995 3981 2124 4018 ocu-

491 4058 560 4112 lis
582 4058 988 4114 exhibuissent.
1010 4057 1255 4114 Monitus
1277 4057 1592 4130 episcopus,
1619 4076 1645 4110 ‹‹
1677 4057 1919 4128 desuper
1935 4057 2122 4112 velum

494 4151 735 4222 expandi
759 4151 948 4221 jussit,
983 4173 1008 4198 n
1033 4151 1185 4222 apud
1223 4150 1560 4222 Gregorium
1587 4151 1644 4204 in
1671 4150 1770 4204 lib.
1799 4167 1816 4203 1
1847 4149 1916 4204 de
1943 4150 2125 4204 Gloria

493 4249 808 4314 martyrum
835 4261 954 4314 cap.
983 4247 1074 4298 23.
1103 4243 1348 4316 Dignum
1373 4248 1584 4299 nostrae
1605 4243 1757 4298 aetati
1777 4243 2120 4314 exemplum.

568 4340 653 4391 ll.
685 4335 855 4390 Venio
897 4337 968 4390 ad
1013 4336 1257 4392 ecclesiae
1301 4337 1594 4406 cancellos,
1637 4353 1778 4408 quos
1817 4335 1920 4390 sub
1967 4351 2121 4402 arcu,

493 4429 591 4483 ubi
615 4429 805 4484 clerici
832 4429 1162 4500 psallebant,
1191 4429 1401 4500 positos
1427 4429 1596 4484 fuisse
1624 4429 1786 4484 docet
1824 4427 2125 4499 Gregorius

495 4521 553 4576 in
580 4522 680 4578 lib.
708 4539 727 4575 ι
753 4521 824 4576 de
849 4521 1034 4576 Gloria
1062 4527 1379 4594 martyrum
1407 4539 1528 4593 cap.
1559 4525 1648 4578 39.
1689 4521 1796 4586 Qui
1828 4521 1984 4575 locus
2022 4520 2126 4575 etsi

2217 3385 2578 3445 sublevarent,
2609 3399 2677 3436 ex
2709 3381 2929 3436 concilii
2958 3378 3336 3434 Narbonensis
3364 3376 3580 3432 canone
3621 3382 3717 3435 13.
3759 3379 3866 3434 Ne-

2219 3477 2672 3550 potianus,testc
2699 3474 3058 3544 Hieronymo,
3101 3471 3348 3526 maxime
3393 3470 3678 3526 sollicitus
3723 3475 3866 3540 erat,

2225 3591 2251 3622 «
2280 3571 2325 3624 si
2349 3570 2554 3624 niteret
2578 3569 2770 3636 altare,
2798 3567 2842 3620 si
2869 3565 3111 3638 parietes
3137 3565 3349 3636 absque
3374 3563 3650 3635 fuligine,
3686 3565 3735 3619 si
3764 3583 3862 3637 pa-

2222 3664 2534 3719 vimentum
2559 3667 2791 3729 tersum,
2821 3659 2867 3714 si
2884 3659 3100 3730 jauitor
3127 3658 3325 3712 creber
3353 3657 3412 3711 in
3441 3662 3635 3728 porta,
3669 3658 3720 3712 si
3751 3659 3869 3713 vela

2223 3772 2445 3828 semper
2468 3755 2528 3808 in
2553 3754 2730 3822 ostiis,
2761 3753 2804 3806 si
2832 3751 3138 3806 sacrarium
3165 3750 3469 3816 mundum,
3511 3749 3560 3804 si
3603 3767 3742 3806 vasa
3780 3751 3867 3805 lu-

2223 3852 2466 3918 culenta,
2499 3853 2554 3902 et
2579 3847 2638 3902 in
2665 3862 2862 3900 omnes
2889 3843 3252 3899 caeremonias
3279 3842 3374 3914 pia
3399 3843 3734 3899 sollicitudo
3765 3844 3870 3899 dis-

2222 3944 2424 4016 posita.
2457 3961 2484 3993 »
2519 3941 2599 3995 Ad
2627 3941 2748 3994 haec
2774 3939 2833 3993 in
2872 3937 3095 3993 ciboriis
3136 3937 3310 3992 etiam
3336 3935 3459 3990 vela
3486 3941 3768 4008 quatuor,
3800 3953 3872 3991 ne

2225 4054 2378 4092 sacra
2411 4033 2740 4106 quorumvis
2767 4030 3021 4102 aspectui
3047 4033 3326 4102 paterent,
3373 4045 3657 4101 suspensa
3701 4030 3876 4086 fuisse

2224 4128 2409 4200 colligi
2437 4131 2621 4198 potest
2647 4142 2714 4180 ex
2736 4123 2909 4180 simili
2935 4139 3096 4178 more
3133 4139 3247 4176 non
3281 4122 3466 4176 solum
3506 4121 3870 4188 Graecorum,

2224 4223 2318 4279 sed
2371 4221 2540 4277 etiam
2588 4220 2997 4287 Romanorum,
3050 4217 3120 4272 de
3165 4216 3372 4288 quibus
3429 4217 3770 4273 Anastasius
3815 4217 3874 4272 in

2225 4318 2408 4372 Leone
2450 4315 2563 4369 lll:
2619 4333 2646 4365 ί(
2687 4311 2840 4367 Fecit
2859 4315 2928 4366 ~et
2966 4311 3027 4365 in
3069 4310 3307 4366 circuitu
3356 4309 3552 4366 altaris
3590 4311 3710 4366 alia
3753 4312 3873 4366 vela

2224 4411 2369 4477 alba,
2402 4407 2712 4463 holoserica
2735 4410 2939 4475 rosata,
2969 4421 3099 4476 quas
3123 4403 3375 4475 pendent
3405 4403 3466 4458 in
3500 4421 3645 4460 arcu
3686 4406 3760 4462 de
3805 4405 3876 4460 ci~

2223 4503 2401 4570 borio,
2431 4517 2669 4557 numero
2707 4502 2972 4572 quatuor.
3019 4519 3048 4546 ››
3089 4498 3424 4569 Quanquam
3469 4497 3541 4553 de
3586 4498 3874 4570 ejusmodi

494 4615 560 4669 ad
610 4615 785 4670 sancti
829 4615 1106 4670 pancraﬁi
1150 4590 1441 4670 ec'clesiam
1465 4590 1491 4684 ξ
1529 4631 1656 4686 qua,
1702 4630 1820 4669 non
1855 4613 2055 4684 procul
2097 4629 2129 4666 θ
2148 4607 2207 4678 D
2229 4597 2365 4652 velis
2389 4595 2460 4650 ad
2479 4593 2692 4649 ciboria
2714 4591 2930 4646 nullam
2951 4591 3178 4645 invenio
3198 4590 3350 4662 apud
3370 4595 3592 4646 veteres
3613 4597 3877 4648 auctores

495 4709 687 4762 Romae
717 4708 872 4762 urbis
898 4725 1065 4763 muro
1092 4713 1232 4776 erat,
1252 4709 1551 4780 pertineat,
1583 4707 1675 4762 hic
1695 4712 1888 4762 tamen
1912 4723 2029 4762 non
2051 4706 2125 4760 vi~

495 4802 662 4856 detur
685 4802 1222 4872 prtetermittendus.
1251 4801 1342 4856 Ait
1376 4802 1564 4873 itaque
1604 4804 1860 4856 sanctum
1894 4801 2127 4856 Pancra-

494 4895 636 4952 tium
667 4911 926 4950 severum
949 4894 1118 4949 fuisse
1145 4895 1213 4949 de
1238 4894 1480 4966 perjuris
1507 4895 1752 4948 ultorem
1781 4910 1796 4948 :
1841 4912 1868 4944 ‹‹
1905 4893 1985 4948 Ad
2025 4909 2125 4947 cu-

485 4989 582 5060 jus
603 4989 925 5060 sepulcrum
956 4988 999 5042 si
1029 4988 1364 5058 cujusquam
1403 5004 1565 5043 mens
1603 4986 1798 5041 insana
1829 4985 2124 5056 juramen-

491 5087 615 5137 tum
638 5082 805 5136 inane
830 5081 1083 5153 proferre
1123 5081 1380 5150 voluerit,
1435 5079 1768 5152 priusquam
1805 5079 2126 5149 sepulcrum

496 5176 617 5245 ejus
643 5174 824 5242 adeat,
852 5175 958 5229 hoc
985 5179 1069 5229 est
1097 5178 1406 5246 antequam
1432 5173 1502 5228 ad
1545 5172 1838 5240 cancellos,
1888 5171 1988 5242 qui
2025 5171 2128 5224 sub

497 5285 630 5322 arcu
653 5267 953 5335 habentur,
982 5267 1080 5322 ubi
1099 5268 1433 5322 clericorum
1459 5265 1820 5338 psallentium
1847 5269 1992 5320 stare
2005 5281 2128 5318 mos

496 5366 599 5428 est,
623 5361 864 5431 accedat,
895 5362 1080 5416 statim
1107 5365 1206 5416 aut
1232 5361 1506 5432 arripitur
1531 5377 1564 5414 a
1593 5359 1869 5427 daemone,
1899 5361 1997 5412 aut
2033 5373 2126 5411 ca-

499 5455 636 5509 dens
665 5455 724 5508 in
751 5454 1134 5526 pavimentum
1167 5454 1376 5509 emittit
1402 5453 1687 5524 spiritum.
1712 5470 1740 5502 »
1761 5449 2005 5506 Cancelli
2025 5449 2130 5504 cle-

499 5548 746 5603 ricorum
782 5549 1023 5604 chorum
1049 5553 1106 5602 et
1129 5549 1303 5601 altare
1334 5563 1368 5599 a
1395 5545 1550 5600 laicis
1576 5544 1932 5613 separabant,
1961 5541 2125 5597 sicuti

498 5642 810 5711 praescribit
834 5658 1016 5697 canon
1051 5641 1083 5695 4
1122 5638 1342 5694 concilii
1380 5655 1419 5690 ιι
1461 5635 1844 5691 Turonensis:
1897 5639 1962 5691 Ut
2004 5636 2133 5689 laici

498 5751 642 5790 secus
686 5737 882 5798 altare,
919 5750 1023 5804 quo
1068 5737 1256 5786 saneta
1293 5733 1552 5799 mysteria
1598 5729 1952 5791 celebrantur,
1991 5731 2132 5782 inter

501 5829 712 5884 clericos
745 5833 857 5882 tam
885 5827 962 5882 ad
1000 5825 1243 5892 vigilias,
1285 5839 1448 5893 quam
1490 5823 1567 5876 ad
1609 5823 1818 5884 missas,
1857 5824 2001 5875 stare
2031 5835 2130 5891 pe-

503 5925 646 5976 nitus
675 5936 781 5975 non
799 5921 1136 5992 praesumant
1162 5935 1178 5976 τ
1208 5917 1301 5973 sed
1343 5931 1474 5990 pars
1514 5916 1615 5970 illa
1656 5929 1774 5986 quae
1810 5929 1842 5968 a
1885 5912 2134 5968 cancellis

2224 4695 2444 4745 nostros
2459 4687 2829 4742 mentionem.
2849 4685 2987 4742 Illud
3001 4684 3171 4740 etiam
3189 4685 3301 4738 huc
3311 4683 3464 4751 facit,
3486 4686 3651 4756 quod
3674 4686 3871 4757 pallas,

2227 4784 2430 4856 quibus
2449 4798 2602 4836 sacra
2622 4779 2979 4852 tegebantur,
2999 4793 3114 4832 non
3133 4776 3258 4850 79
3272 4781 3492 4848 tenues,
3511 4783 3582 4833 ut
3597 4779 3871 4846 diximus,

2227 4877 2323 4932 sed
2349 4877 2549 4931 densas
2569 4889 2688 4928 esse
2715 4873 2980 4926 volebant
3008 4877 3284 4948 nostrates
3309 4871 3471 4941 Galli,
3493 4887 3570 4927 ne
3600 4873 3875 4945 mysteria

2227 4989 2260 5026 a
2311 4969 2599 5042 quibusvis
2645 4971 3034 5022 cernerentur.
3085 4966 3222 5030 Quae
3268 4964 3454 5020 cautio
3495 4981 3622 5020 non
3680 4968 3876 5022 fuisset

2226 5063 2558 5129 necessaria,
2591 5062 2637 5116 si
2664 5062 2920 5116 velorum
2959 5075 3129 5116 usum
3170 5059 3228 5113 in
3259 5057 3482 5112 ciboriis
3512 5058 3873 5116 habuissent.

2229 5159 2618 5215 Pavimentum
2646 5171 2779 5210 vero
2804 5153 3056 5209 ecclesiae
3095 5169 3212 5207 non
3245 5167 3374 5206 raro
3417 5167 3488 5206 ex
3532 5155 3784 5224 musivo,
3823 5153 3877 5207 id

2229 5257 2314 5307 est
2337 5249 2624 5306 tessellatis
2660 5247 2965 5320 lapidibus,
2998 5250 3062 5300 ut
3097 5244 3447 5301 Coloniensis
3487 5246 3875 5303 Thebaeorum

2230 5345 2382 5416 apud
2407 5343 2738 5414 Gregorium
2760 5341 2820 5395 in
2849 5341 2947 5395 lib.
2966 5357 2985 5394 1
3005 5340 3074 5394 de
3099 5339 3275 5409 gloria
3292 5339 3611 5410 Martyrum
3634 5359 3764 5412 cap.
3790 5345 3874 5395 6'2.

2228 5439 2460 5493 Tectum
2485 5435 2789 5508 aliquando
2816 5451 2887 5489 ex
2911 5450 3086 5504 cupro
3111 5436 3250 5498 erat,
3281 5436 3348 5486 ut
3376 5431 3445 5486 de
3469 5433 3716 5489 basilica
3747 5449 3869 5488 san-

2231 5537 2335 5587 ctae
2363 5531 2554 5586 Crucis
2580 5534 2636 5585 et
2660 5527 2835 5584 sancti
2863 5526 3139 5582 Vincentii
3171 5524 3382 5596 legitur
3405 5526 3468 5580 in
3498 5526 3622 5582 Vita
3655 5529 3875 5582 Drocto—

2230 5624 2318 5680 vei
2345 5624 2578 5679 abbatis.
2607 5623 2712 5679 Sed
2739 5622 2860 5675 haec
2889 5619 3194 5675 minutiora
3220 5619 3406 5673 mitto.

2307 5722 2392 5774 13.
2421 5718 2690 5773 Paulinus
2717 5715 2774 5768 in
2804 5713 3042 5784 epistola
3083 5713 3152 5767 ad
3199 5713 3472 5768 Severum
3508 5712 3775 5786 loquitur
3813 5713 3874 5767 de

2235 5833 2264 5866 «
2291 5810 2596 5869 secretariis
2625 5807 2843 5865 duobus
2863 5807 3031 5878 juxta
3055 5805 3328 5877 apsidem,
3367 5826 3394 5854 ι)
3427 5806 3728 5880 refertque
3754 5822 3872 5862 ver-
3911 5871 3920 5879 ,

2232 5923 2327 5963 sus
2349 5905 2655 5960 indicantes
2684 5921 2710 5953 «
2741 5899 2920 5956 ofﬁcia
2946 5899 3324 5970 singulorum.
3353 5917 3383 5950 ι)
3419 5900 3486 5955 Et
3519 5901 3761 5973 quidem
3811 5899 3874 5954 ad
