3968 6440
143 425 229 480 157
1134 424 1220 480 ΒΕ
1257 426 1565 482 LITL'RGIA
1599 424 1966 480 GALLICANA
2003 425 2201 481 LIBER
2239 426 2498 483 PRIMUS.

3375 433 3472 485 158

136 531 384 587 dextram
409 533 541 586 erat
568 549 596 584 α
625 531 946 588 veneranda
969 547 1169 604 penus,
1207 549 1320 605 qua
1347 532 1624 603 conditur,
1653 554 1682 584 »
1711 537 1767 588 et
1786 543 1846 616 Α
1863 531 2017 588 aditu
2041 532 2292 604 porticus
2315 533 2386 589 ad
2409 534 2645 590 totidem
2671 537 2891 608 portas:
2915 551 3158 608 quarum
3177 552 3291 592 una
3309 551 3471 608 capa-

135 641 195 681 ex
223 643 250 676 α
278 640 393 697 qua
420 623 722 696 promitur
759 624 900 680 sacri
925 642 1134 698 pompa
1169 625 1484 697 ministerii,
1528 648 1556 677 »
1595 627 1654 682 id
1689 632 1773 684 est
1867 624 1986 679 cior
2011 625 2346 696 pmnitentes
2371 627 2698 699 excipiebat.
2727 627 2902 684 Media
2926 629 3079 684 navis
3103 629 3380 684 columnis
3407 645 3475 683 ex

135 735 278 775 sacra
304 717 592 789 supellex,
633 717 837 774 calices
873 718 1086 774 scilicet
1121 724 1177 775 et
1210 719 1472 792 reliqua:
1512 721 1583 774 ad
1629 720 1768 775 sini-

135 817 298 866 stram
339 817 512 867 erant
563 812 702 866 libri
747 813 910 881 sacri,
965 829 1172 884 nempe
1218 812 1349 868 libri
1396 814 1766 882 Psalmorum,

137 905 593 976 Evangeliorum,
642 911 702 962 et
743 905 1141 978 Epistolarum,
1189 905 1472 977 simulque
1516 907 1764 961 Missalis.

138 999 398 1054 Missalem
423 999 588 1054 hunc
611 999 829 1054 librum
857 998 1126 1070 intelligit
1148 999 1449 1070 Gregorius
1486 999 1548 1054 in
1586 999 1684 1054 lib.
1725 1017 1765 1054 ιι

137 1091 379 1148 Historias
407 1108 540 1164 cap.
575 1095 671 1159 22,
704 1092 803 1147 ubi
822 1091 891 1147 de
911 1091 1135 1147 Sidonio
1151 1091 1487 1146 Arvernensi
1507 1092 1768 1164 episcopo

135 1185 379 1257 loquitur
405 1185 470 1240 in
497 1185 661 1240 hunc
693 1185 931 1241 modum
958 1201 972 1240 :
1005 1204 1035 1238 ι(
1066 1185 1298 1241 Sanctus
1335 1201 1468 1240 vero
1511 1184 1770 1241 Sidonius

136 1281 298 1333 tanta:
319 1277 610 1333 facundia:
636 1282 781 1347 erat,
807 1283 873 1334 ut
895 1278 1231 1350 plerumque
1257 1293 1324 1332 ex
1349 1277 1652 1348 improviso
1675 1278 1765 1332 lu-

139 1370 512 1425 culentissime
553 1387 690 1442 quae
727 1371 1016 1439 voluisset,
1056 1371 1213 1425 nulla
1249 1370 1547 1425 obsistente
1587 1387 1763 1440 mora,

139 1467 514 1534 componeret.
547 1464 806 1534 Contigit
831 1468 1023 1518 autem
1047 1463 1292 1534 quadam
1319 1462 1429 1530 die,
1450 1467 1515 1518 ut
1530 1463 1599 1518 ad
1619 1463 1768 1518 festi-

139 1557 356 1612 vitatem
401 1555 660 1612 basilicae
712 1556 1042 1612 monasterii
1086 1554 1314 1625 (scilicet
1351 1555 1499 1610 beati
1533 1555 1765 1626 Cyriaci)

141 1649 392 1705 invitatus
416 1650 724 1704 accederet
755 1666 768 1704 :
805 1649 1103 1720 ablataque
1129 1647 1232 1702 sibi
1262 1647 1519 1719 nequiter
1555 1647 1763 1717 libello,

143 1759 236 1816 per
257 1759 384 1814 qua:
407 1746 777 1798 sacrosancta
805 1741 1078 1797 solemnia
1099 1757 1267 1812 agere
1287 1745 1668 1810 consueverat,
1691 1741 1766 1796 ita

142 1839 352 1909 paratus
369 1853 404 1890 a
422 1841 692 1907 tempore
715 1839 985 1890 cunctum
1005 1833 1316 1890 festivitatis
1329 1849 1470 1905 opus
1484 1833 1764 1904 explicuit,

142 1929 276 1984 utab
292 1929 564 1984 omnibus
589 1928 921 1995 miraretur,
958 1942 1064 1982 nec
1097 1930 1394 1998 putaretur
1435 1926 1506 1981 ab
1545 1926 1767 1981 astanti-

145 2022 238 2077 bus
259 2022 470 2077 ibidem
495 2021 806 2101 hominem
835 2021 1088 2075 locutum
1115 2019 1304 2089 fuisse,
1335 2019 1431 2074 sed
1475 2021 1766 2091 angelum.

147 2115 287 2179 Quod
341 2115 400 2170 in
451 2113 798 2185 praefatione
839 2112 968 2168 libri
1012 2112 1220 2181 (subdit
1252 2112 1569 2183 Gregorius)
1599 2128 1770 2184 quem

148 2206 207 2261 de
231 2205 394 2262 Missis
419 2207 491 2261 ab
519 2223 592 2261 eo
621 2205 952 2279 compositis
977 2203 1394 2275 conjunximus,
1421 2204 1640 2276 plenius
1669 2204 1766 2260 de-

148 2299 483 2354 claravimus.
517 2321 546 2348 ››
593 2299 876 2354 Missalem
913 2295 1326 2367 Gregorianum
1371 2295 1518 2351 inter
1559 2295 1770 2366 primos

148 2391 377 2464 appellat
400 2393 656 2448 Otkerus
681 2407 784 2446 seu
821 2390 1084 2446 Otkarius
1123 2389 1374 2462 pontifex
1415 2389 1770 2460 Moguntinus

149 2484 199 2538 in
222 2484 446 2556 epistola
473 2485 547 2539 ad
571 2485 897 2552 Tattonem,
947 2499 1075 2555 qua:
1115 2487 1198 2538 est
1236 2483 1331 2538 114
1366 2481 1513 2537 inter
1557 2481 1771 2538 Bonifa-

153 2576 338 2631 cianas.

219 2671 295 2725 14.
323 2670 578 2742 Denique
609 2669 672 2724 in
699 2668 1026 2723 salutatorio
1055 2669 1370 2724 sacerdotes
1393 2684 1571 2723 sacras
1596 2671 1771 2722 vestes

156 2760 269 2836 80
299 2763 638 2831 induebant,
673 2777 869 2816 causas
891 2761 1218 2828 audiebant,
1249 2762 1487 2832 synodos
1526 2761 1770 2816 celebra-

155 2853 290 2923 bant,
317 2855 649 2926 ibidemque
677 2853 982 2924 aliquando
1016 2853 1336 2908 manebant.
1371 2854 1530 2918 Quod
1565 2854 1633 2908 de
1663 2855 1770 2908 Na-

156 2948 308 3001 matio
326 2951 718 3003 Arvernorum
737 2946 987 3000 antistite
1011 2947 1180 3000 tradit
1199 2947 1498 3017 Gregorius
1521 2947 1579 3001 in
1601 2947 1774 3000 Histo-

160 3040 244 3094 rire
267 3039 359 3096 lib.
391 3058 428 3096 ιι
455 3058 585 3112 cap.
615 3043 710 3109 21,
743 3044 800 3094 et
836 3039 906 3093 de
935 3038 1197 3092 Eberulfo
1236 3038 1295 3091 in
1343 3039 1439 3092 lib.
1477 3055 1549 3092 vn
1591 3056 1639 3092 c.
1682 3042 1771 3094 22.

158 3134 262 3188 Alia
282 3138 397 3189 erat
432 3133 645 3188 domus
682 3131 957 3196 ecclesiae,
1000 3131 1162 3201 cujus
1206 3129 1464 3184 meminit
1510 3131 1676 3185 variis
1717 3131 1776 3185 in

1865 733 2150 773 marmore
2184 719 2532 790 Aquitanico,
2573 719 2631 775 id
2669 726 2751 775 est
2795 737 2825 776 e
2872 722 3151 792 Pyrenaeis
3187 721 3475 776 montibus

1867 810 2066 879 exciso,
2097 810 2230 865 hinc
2259 811 2388 866 inde
2413 812 2631 878 vallata,
2663 813 2821 883 quasi
2845 813 3038 866 silvam
3065 829 3288 867 saxeam
3316 812 3474 868 exhi-

1864 901 2046 957 bebat.
2075 903 2235 974 Apud
2263 904 2526 959 eumdem
2556 909 2841 960 auctorem
2866 904 2924 958 in
2951 906 3196 958 carmine
3241 909 3300 960 l6
3339 921 3476 976 pon-

1864 994 2000 1048 tifex
2046 1014 2073 1046 «
2101 997 2526 1051 concionaturus
2567 997 2626 1051 in
2671 997 2938 1069 gradibus
2981 997 3315 1052 venerabilis
3357 1014 3472 1052 aras

1867 1086 2191 1155 (constitisse
2228 1089 2468 1158 dicitur),
2506 1089 2668 1160 plebe
2711 1091 3176 1156 circumsistente,
3230 1109 3256 1141 »
3297 1089 3354 1144 id
3393 1093 3476 1144 est
3566 1131 3576 1142 .

1865 1184 2062 1234 stante.
2121 1181 2257 1234 Nam
2305 1183 2633 1236 concionem
2675 1198 2893 1237 sacram
2937 1181 3218 1237 auditores
3253 1181 3475 1237 nonnisi

1866 1277 2073 1327 stantes
2109 1273 2477 1344 excipiebant,
2504 1279 2569 1329 ut
2593 1275 2831 1329 eximius
2861 1274 3194 1330 Sirmundus
3217 1274 3288 1329 ad
3323 1275 3476 1328 hunc

1866 1365 2053 1419 locum
2079 1366 2382 1420 annotavit.
2412 1367 2600 1438 Neque
2626 1367 2730 1420 hoc
2756 1371 3107 1438 praeteream,
3137 1367 3288 1437 quod
3324 1366 3475 1420 idem

1866 1457 2122 1512 Sidonius
2146 1458 2206 1512 in
2231 1458 2479 1513 carmine
2509 1462 2570 1512 17
2597 1459 2785 1514 laudat
2807 1459 3054 1514 Gazetica
3086 1459 3236 1527 vina,
3273 1459 3475 1528 Grego-

1864 1549 1949 1604 rio
1975 1550 2238 1605 Gazetum
2263 1551 2478 1620 vinum,
2508 1567 2678 1622 supra
2701 1551 2763 1605 in
2789 1567 2910 1622 cap.
2938 1554 2988 1617 6,
3019 1567 3177 1606 num.
3206 1550 3260 1620 4,
3287 1550 3363 1605 ita
3396 1549 3476 1604 di-

1865 1644 2018 1696 ctum
2044 1659 2077 1697 a
2103 1642 2242 1697 Gaza
2264 1643 2592 1711 Palasstinaa,
2621 1647 2858 1698 testante
2880 1643 3108 1697 Isidoro.

2509 1775 2724 1830 CAPUT
2752 1777 2836 1831 IX.

1790 1896 1846 1968 B
1869 1877 1996 1968 Qui
2005 1875 2198 1968 5’11???
2224 1878 3026 1968 ΡῗδξὲἰῗὲἶέίὲθῗῖίέφῙεέίίῖηίδῗδ
3054 1895 3126 1968 ‘3"
3165 1883 3218 1968 εξ
3239 1880 3334 1934 ubi
3363 1883 3472 1968 Eg“:

1939 1947 2194 2000 charistia
2219 1945 2291 2000 ad
2319 1945 2589 2002 Viatz'cum
2613 1945 2887 2002 reservatd
2907 1954 3030 2002 ante
3055 1951 3304 2004 saeculum
3339 1963 3431 2002 vui
3448 1950 3477 2004 ?

1937 2017 2064 2082 Quae
2110 2021 2235 2070 tunc
2277 2019 2524 2087 temporis
2579 2018 2805 2071 ecclesia:
2851 2019 3142 2074 Gallicanae
3175 2020 3241 2073 de
3273 2020 3479 2075 Eucha-

1938 2087 2096 2141 ristia
2121 2087 2271 2155 ﬁdes.

1936 2207 2062 2282 82
2095 2213 2143 2264 1.
2174 2210 2254 2265 Ad
2279 2209 2592 2266 absolutam
2617 2210 2686 2266 de
2712 2211 2880 2266 missa
2904 2211 3291 2267 tractationem
3313 2209 3480 2284 perti-

1867 2305 1964 2356 net
1987 2301 2349 2358 Eucharistice
2373 2303 2673 2358 reservatio
2711 2304 2781 2358 ad
2821 2303 3108 2373 viaticum,
3149 2320 3319 2375 quam
3350 2306 3481 2359 ante

1868 2395 2139 2449 smculum
2166 2411 2256 2448 vm
2281 2399 2380 2450 aut
2399 2411 2453 2450 ιι
2471 2395 2674 2451 factam
2693 2400 2902 2467 negant
2917 2395 3145 2467 quidam
3167 2399 3476 2451 novatores.

1869 2486 1973 2541 Sed
2011 2489 2310 2558 antequam
2347 2487 2405 2542 id
2441 2489 2840 2558 expendamus,
2882 2487 2949 2542 de
2988 2487 3238 2560 reliquiis
3269 2490 3481 2543 sancto-

1868 2593 1998 2633 rum
2026 2593 2331 2650 earumque
2360 2579 2419 2634 in
2447 2579 2680 2634 ecclesia
2699 2579 2976 2650 positione
2997 2580 3280 2652 agendum
3295 2583 3395 2649 est,
3417 2583 3482 2636 ut

1869 2670 2120 2742 planiora
2144 2670 2281 2725 ﬁant
2307 2687 2436 2742 quae
2476 2671 2544 2726 de
2581 2671 2940 2726 Eucharistite
2977 2671 3349 2728 reservatione
3391 2671 3478 2726 di-

1871 2763 2044 2818 cenda
2069 2767 2218 2818 sunt.

1940 2857 1995 2910 2.
2021 2856 2216 2910 Tribus
2242 2855 2300 2910 in
2324 2855 2460 2910 locis
2489 2855 2750 2928 reliquias
2787 2873 2970 2912 sacras
3013 2857 3268 2912 conditas
3311 2855 3480 2913 fuisse

1871 2948 2169 3018 Gregorius
2194 2952 2277 3003 est
2298 2953 2509 3004 auctor.
2540 2949 2726 3003 Primo
2754 2949 2814 3003 in
2841 2950 3050 3020 cryptis
3083 2949 3478 3017 subterraneis,

1871 3056 2076 3112 nempe
2105 3041 2298 3096 subtus
2323 3041 2514 3096 altare.
2546 3042 2702 3106 Quod
2726 3042 2924 3112 probat
2947 3043 3208 3114 egregius
3233 3041 3482 3112 Gregorii

1872 3133 2026 3188 locus
2051 3134 2118 3188 de
2143 3150 2376 3204 corpore
2403 3134 2578 3188 sancti
2603 3133 2752 3188 Petri
2777 3133 2836 3189 in
2862 3134 3124 3189 Vaticano
3150 3133 3374 3206 sepulti,
3419 3133 3476 3188 in

159 3226 275 3280 locis
300 3225 447 3281 idem
473 3230 702 3294 auctor,
734 3223 888 3278 haud
924 3221 1091 3277 dubie
1131 3222 1459 3293 episc0palis
1497 3223 1644 3277 aedes
1681 3239 1770 3278 ec-
1794 3251 1848 3325 Ο
1875 3225 1973 3280 lib.
1999 3243 2019 3280 ι
2051 3227 2120 3280 de
2161 3225 2344 3280 Gloria
2386 3231 2701 3298 martyrum
2743 3244 2864 3298 cap.
2901 3231 2990 3296 28,
3033 3232 3200 3299 atque
3243 3227 3384 3282 alter
3423 3226 3482 3280 in

160 3318 322 3373 clesia:
349 3319 656 3373 adhaerens
684 3333 699 3370 :
734 3319 928 3386 utpote
957 3315 1018 3369 in
1046 3331 1156 3386 qua
1187 3320 1437 3369 maneret
1457 3314 1770 3387 episcopus,
1803 3314 1848 3325 “’”
1873 3319 2124 3388 ejusdem
2146 3319 2274 3372 libri
2302 3335 2424 3391 cap.
2470 3322 2557 3389 32,
2599 3320 2698 3374 ubi
2744 3320 2812 3374 de
2849 3319 3080 3374 ecclesia
3122 3319 3295 3374 sancti
3332 3317 3483 3374 Petri

161 3417 209 3465 et
229 3411 466 3468 convivia
495 3410 839 3475 celebraret,
869 3411 934 3462 ut
962 3411 1116 3478 patet
1159 3423 1227 3461 ex
1270 3407 1518 3462 Historiae
1559 3408 1658 3464 lib.
1700 3426 1774 3464 vn

160 3519 302 3576 capp.
330 3508 396 3560 27
423 3508 480 3560 et
504 3507 596 3572 29,
630 3505 690 3557 et
718 3517 789 3554 ex
819 3499 917 3554 lib.
951 3515 1025 3569 IX,
1054 3515 1178 3570 cap.
1213 3502 1296 3553 l2.

224 3602 299 3652 15.
327 3599 472 3652 Pene
501 3594 815 3662 exciderat,
843 3608 1014 3664 quam
1041 3591 1469 3662 praetermittere
1489 3611 1602 3649 non
1620 3595 1770 3665 licet,

161 3689 435 3761 descriptio
458 3687 718 3744 ecclesiae
745 3684 1009 3756 Lugduni
1031 3688 1329 3739 exstructos
1348 3701 1450 3756 per
1463 3687 1772 3744 Patientem

163 3783 461 3853 episcopum
484 3798 499 3836 :
517 3795 701 3853 quam
713 3776 1150 3849 descriptionem
1173 3777 1503 3846 Apollinaris
1515 3780 1772 3837 Sidonius

163 3875 212 3927 in
235 3875 455 3944 epistola
480 3874 554 3928 ad
593 3871 956 3942 Hesperium,
994 3887 1123 3940 qua:
1166 3874 1250 3925 est
1289 3871 1418 3925 libri
1463 3887 1502 3926 ιι
1541 3872 1772 3944 epistola

164 3966 374 4037 decima,
402 3966 665 4022 versibus
690 3962 922 4018 exhibet
946 3961 1006 4016 in
1033 3961 1186 4016 hunc
1214 3963 1469 4018 modum.

386 4072 546 4124 Edes
569 4071 720 4122 celsa
745 4067 1018 4130 nitet,rnec
1039 4065 1092 4116 in
1120 4065 1402 4130 sinistrum,

385 4139 486 4186 Aut
509 4134 760 4183 dextrum
784 4127 1022 4188 trahitur,
1047 4127 1138 4176 sed
1163 4141 1282 4178 arce
1314 4127 1496 4180 frontis

385 4199 568 4264 prtum
596 4191 858 4264 prospicit
882 4188 1317 4264 aequinoctialem.

384 4259 527 4307 Intus
551 4251 648 4306 lu'x
675 4251 850 4312 micat,
871 4251 1368 4315 atquebracteatum

384 4320 469 4368 Sol
493 4319 572 4368 sic
597 4315 912 4368 sollicitatur
935 4312 999 4362 ad
1033 4313 1263 4372 lacunar,

387 4382 550 4430 Fulvo
574 4383 640 4429 ut
663 4377 916 4428 concolor
939 4379 1077 4424 erret
1099 4373 1154 4423 in
1181 4373 1410 4424 metallo.

389 4442 709 4492 Distinctum
731 4437 876 4488 vario
901 4435 1068 4486 nitore
1093 4449 1322 4485 marmor

390 4502 665 4554 Percurrit
692 4511 974 4556 cameram,
996 4497 1185 4557 solum,
1209 4497 1459 4548 fenestras
1489 4514 1502 4548 :

393 4569 466 4616 Ac
495 4566 595 4615 sub
619 4559 1028 4612 versicoloribus
1051 4558 1229 4620 ﬁguris

393 4629 635 4692 Yernans
660 4622 880 4692 herbida
901 4623 1078 4692 crusta
1099 4619 1422 4692 eappbiratos

389 4689 575 4739 Flectit
600 4701 700 4751 per
725 4683 990 4751 prasinum
1014 4682 1208 4751 vitrum:
1225 4682 1446 4751 lapillos.

389 4751 520 4815 Huic
548 4743 890 4815 estporticus
915 4743 1174 4815 applicata
1196 4743 1402 4815 triplex,

389 4804 682 4875 Fulmentis
708 4804 1028 4875 Aquitanicis
1049 4804 1277 4875 superba
1299 4819 1313 4853 ε

387 4873 464 4936 Ad
491 4874 647 4936 cujus
673 4869 1244 4936 specimenromotiora

385 4925 652 4984 Claudunt
674 4925 804 4982 atria
825 4929 1058 4994 porticus
1080 4925 1362 4994 secundm;

391 4996 451 5045 Et
473 5007 727 5058 campum
753 4988 982 5058 medium
999 4989 1185 5058 procul
1211 4988 1403 5037 locatas

385 5057 554 5108 Vestit
575 5051 741 5106 s'axea
765 5053 891 5103 silva
914 5051 1018 5116 per
1034 5051 1320 5116 columnas.

390 5119 525 5182 Eine
549 5130 716 5182 agger
739 5109 1054 5182 sonat,'hinc
1079 5114 1208 5161 Arar
1235 5109 1462 5182 restituit.

389 5181 521 5242 Hinc
545 5172 665 5229 sese
693 5177 872 5242 pedes,
893 5172 1047 5238 atque
1073 5172 1494 5236 equeseeﬂectit,

461 5241 510 5315 1
545 5241 867 5315 Stridentum
889 5250 946 5315 _et
969 5242 1588 5315 moderatoressedorum
1615 5258 1628 5292 :

429 5304 681 5362 iii-varum
706 5309 831 5376 hinc
857 5309 1058 5376 chorus
1075 5304 1458 5376 helciariorum,

391 5371 837 5438 Responsantibus
856 5368 1090 5438 Alleluia
1114 5368 1256 5428 ripis,

396 5435 471 5500 {id
493 5425 769 5500 Christum
787 5433 924 5480 levat
942 5425 1221 5500 amnicum
1239 5425 1490 5475 celeuma.

393 5497 472 5560 Sic
497 5497 574 5546 sic
603 5493 808 5560 psallite
832 5494 991 5560 nauta
1015 5490 1100 5540 vel
1125 5490 1291 5560 viator
1316 5501 1330 5536 :

393 5547 623 5621 Namque
647 5557 744 5607 iste
769 5557 848 5621 est
868 5554 1020 5621 locus
1047 5549 1290 5621 omnibus
1311 5547 1588 5612 petendus,

397 5613 588 5670 Omnés
613 5631 719 5683 quo
745 5616 830 5666 via
853 5613 996 5664 ducit
1018 5613 1083 5663 ad
1106 5613 1343 5662 salutem.

183 5717 392 5778 Ecclesia
417 5741 550 5797 ergo
576 5725 695 5794 illa,
720 5720 938 5778 Orienti
955 5719 1208 5786 obversa,
1230 5714 1478 5789 laqueari
1508 5715 1773 5771 deaurato

188 5820 358 5869 Ornata
383 5823 517 5874 erat.
561 5819 644 5874 Ex
687 5829 977 5871 marmore
1019 5809 1228 5878 fornix,
1268 5809 1676 5881 pavimentum,
1719 5812 1777 5862 et

187 5901 430 5979 fenestras,
459 5909 614 5966 vitris
639 5903 1075 5965 versicoloribus
1115 5901 1408 5957 distinctae.
1452 5899 1675 5972 Triplex
1714 5899 1774 5956 in

1871 3411 2021 3482 apud
2058 3411 2448 3482 Burdegalam,
2487 3412 2744 3482 superius
2783 3429 2816 3466 a
2850 3411 3012 3466 nobis
3051 3412 3278 3467 relatus.
3330 3411 3483 3466 Idem

1870 3503 2069 3558 astruit
2109 3503 2190 3572 (ut
2227 3503 2363 3558 alios
2406 3503 2683 3574 omittam)
2726 3503 2990 3559 Paulinus
3029 3503 3090 3559 in
3129 3503 3303 3559 natali
3338 3506 3369 3558 9
3412 3501 3482 3558 de

1870 3601 2059 3650 sancto
2085 3595 2283 3650 Felice.

1931 3707 2056 3756 Nam
2081 3705 2226 3769 quasi
2250 3704 2551 3769 contignata
2567 3703 2725 3769 sacris
2749 3703 3015 3769 caenacula
3035 3701 3202 3769 tectis,

1931 3764 2174 3830 Spectant
2195 3764 2688 3830 de‘supérisaltaria
2710 3769 2816 3816 tota
2839 3764 3094 3826 fenestris,

1930 3825 2034 3878 Sub
2057 3828 2244 3892 quibus
2266 3825 2402 3878 intus
2424 3828 2618 3892 habent
2639 3832 2934 3892 sanctorum
2959 3825 3180 3892 corpora
3201 3825 3401 3876 sedem.

1932 3888 2159 3954 Namque
2185 3893 2235 3940 et
2257 3889 2528 3954 apostolici
2553 3889 2755 3940 cineres
2779 3889 2873 3939 sub
2905 3888 3075 3939 ccelite
3101 3901 3280 3937 mensa

1933 3952 2181 4016 Depositi,
2207 3952 2306 4003 etc'.

1939 4058 1991 4109 3.
2034 4053 2286 4110 Secundo
2325 4053 2578 4125 reliquiae
2604 4052 2933 4107 locabantur
2956 4051 3017 4106 in
3057 4043 3360 4123 parietibus
3399 4066 3483 4106 ec-

1871 4145 2072 4216 clesiae,
2097 4146 2197 4200 ubi
2228 4145 2458 4217 depingi
2487 4145 2738 4200 solebant
2764 4145 3038 4216 imagines
3067 4144 3482 4215 sacrae.Grego-

1872 4237 1986 4292 rius
2011 4239 2069 4292 in
2097 4239 2193 4294 lib.
2221 4255 2294 4292 vu
2321 4255 2444 4309 cap.
2477 4241 2536 4293 31
2570 4239 2782 4312 factum
2815 4241 3008 4292 narrat
3045 4236 3336 4307 cujusdam
3369 4237 3480 4290 Eu-

1869 4331 2043 4385 fronis
2067 4330 2210 4402 Syri,
2247 4330 2364 4402 qui,
2406 4330 2588 4384 allatis
2627 4329 2802 4384 sancti
2843 4329 3022 4400 Sergii
3064 4329 3324 4400 martyris
3363 4328 3487 4383 reli-

1869 4423 2036 4495 quiis,
2067 4423 2356 4478 ecclesiam
2383 4423 2442 4476 in
2467 4422 2588 4492 ejus
2612 4422 2891 4476 honorem
2918 4421 3068 4492 apud
3115 4421 3485 4492 Burdegalam

1872 4516 2259 4582 aedificaverat,
2285 4514 2384 4568 ubi
2407 4514 2677 4568 miracula
2713 4513 3163 4568 increbruerunt.
3211 4509 3338 4584 83
3375 4513 3486 4566 Hoc

1789 4607 1846 4678 Ι)
1869 4613 2112 4680 accepto,
2143 4625 2170 4658 ε(
2198 4607 2534 4661 Mummolus
2562 4621 2691 4660 cum
2713 4605 2973 4676 episcopo
2995 4604 3396 4658 Bertchramno
3415 4604 3484 4658 ad

1873 4702 2107 4756 domum
2155 4699 2278 4770 Syri
2323 4698 2556 4769 accedit,
2601 4698 2912 4768 vallatoque
2964 4697 3214 4766 homine,
3255 4696 3487 4768 pignera

1872 4793 1976 4848 sibi
1999 4796 2186 4846 sancta
2209 4791 2478 4863 praecepit
2507 4790 2746 4846 ostendi.
2775 4791 2950 4862 Negat
2968 4789 3130 4845 ille...
3151 4791 3303 4844 Tunc
3318 4790 3488 4844 Mum-

1872 4886 2054 4940 molus
2083 4883 2289 4940 elevari
2314 4884 2383 4939 ad
2412 4884 2684 4956 parietem
2710 4883 2916 4938 scalam
2927 4883 3110 4953 jubet.
3135 4883 3306 4936 Erant
3333 4881 3487 4936 enim

1871 4978 1930 5032 in
1966 4977 2188 5032 sublimi
2244 4976 2474 5048 parietis
2516 4980 2708 5031 contra
2745 4975 3009 5030 altarium
3046 4975 3105 5029 in
3140 4973 3366 5046 capsula
3407 4989 3488 5029 re-

1871 5071 2133 5126 conditae.
2165 5092 2191 5118 )›

1941 5163 1994 5218 4.
2021 5161 2206 5217 Tertio
2231 5161 2566 5232 quandoque
2595 5161 2655 5216 in
2691 5160 3016 5232 baptisterio
3053 5160 3486 5230 collocabantur,

1872 5259 2108 5310 testante
2135 5253 2402 5324 Gregorio
2429 5254 2495 5308 de
2524 5253 2701 5324 seipso
2729 5253 2788 5307 in
2826 5254 2938 5308 fine
2981 5255 3110 5310 libri
3147 5271 3202 5310 χ.
3240 5273 3268 5306 α
3311 5254 3492 5326 Bapti-

1873 5346 2104 5402 sterium
2130 5346 2202 5400 ad
2230 5345 2408 5417 ipsam
2439 5345 2724 5400 basilicam
2753 5346 2924 5400 sancti
2951 5347 3214 5420 Perpetui
3229 5346 3490 5402 aediﬁcari

1872 5439 2135 5511 praecepi,
2164 5438 2224 5493 in
2249 5456 2361 5510 quo
2386 5438 2560 5493 sancti
2592 5437 2818 5493 Joannis
2846 5455 2977 5494 cum
3010 5439 3192 5510 Sergii
3230 5439 3492 5511 martyris

1873 5531 2139 5604 reliquias
2164 5533 2325 5604 posui
2355 5549 2370 5587 ε
2403 5537 2457 5587 et
2495 5532 2555 5586 in
2587 5531 2679 5587 illo
2718 5532 2904 5604 priore
2947 5531 3274 5604 baptisterio
3317 5532 3490 5587 sancti

1875 5624 2110 5696 Benigni
2122 5625 2383 5696 martyris
2406 5625 2650 5698 pignera,
2660 5625 2940 5681 collocavi.
2958 5647 2985 5676 »
3009 5627 3295 5698 Nusquam
3321 5639 3489 5694 super

1872 5717 2042 5772 altare
2069 5717 2263 5788 posita“:
2293 5723 2424 5774 sunt
2453 5718 2726 5790 reliquiae,
2757 5718 2864 5773 nisi
2892 5718 3032 5774 forte
3055 5718 3126 5772 ad
3153 5717 3319 5772 breve
3345 5719 3482 5768 tem-

1874 5825 1996 5879 pus.
2027 5811 2148 5874 Quo
2179 5815 2392 5882 spectat
2417 5811 2718 5882 Gregorius
2746 5811 2804 5866 in
2835 5809 3088 5866 Historiae
3103 5810 3198 5863 lib.
3218 5823 3270 5862 ix
3290 5821 3409 5874 cap.
3427 5807 3481 5870 6,

1877 5901 1970 5956 ubi
1994 5901 2063 5958 de
2084 5903 2326 5974 quodam
2344 5902 2776 5979 praestigiatore,
2801 5902 3043 5972 quicum
3067 5902 3329 5963 Turonos,
3353 5894 3484 5949 Gre-
