3968 6432
437 391 534 455 159

1217 399 1548 454 APPENDIX
1585 400 1673 454 AD
1709 400 1928 455 OPERA
1966 399 2196 456 SANCTI
2235 401 2531 456 GERMANI
2568 400 2993 457 PARlSlENSlS.

3691 395 3787 459 £60

433 503 592 577 gorio
619 499 857 560 necdum
887 505 1071 572 notus,
1102 519 1332 577 vespere
1357 506 1694 577 accessisset,
1724 507 1912 563 dicens
1941 531 1967 558 «
1991 523 2047 563 se
2071 522 2130 595 Α
2149 510 2325 565 moris
2354 510 2613 582 exempla
2634 509 2754 580 jam
2783 509 2915 566 inde
2939 526 2974 566 a
3001 507 3205 567 saeculo
3231 525 3307 566 iv.
3337 509 3502 567 Anno
3541 509 3651 568 442
3695 527 3786 567 ce-

432 599 501 655 de
539 597 809 669 Hispaniis
841 597 1158 668 adventare,
1199 617 1263 654 ac
1302 601 1566 673 reliquias
1601 602 2051 658 beatissimorum

429 697 741 763 martyrum
785 690 1060 747 Vincentii
1103 693 1286 749 levitae
1329 695 1635 767 Felicisque
1682 695 1970 764 exhibere,
2019 717 2046 748 ι»

431 785 753 857 Gregorius,
780 804 808 836 α
828 786 960 857 quia
975 787 1098 857 jam
1115 787 1254 843 hora
1271 789 1641 860 praeterierat,
1665 811 1691 841 »
1715 795 1779 845 ut
1795 790 2050 862 reliquiis

428 883 762 948 occurreret,
786 880 959 935 dixit:
981 901 1007 930 «
1026 882 1394 953 Requiescant
1414 883 1855 954 beata‘reliquia‘
1881 900 2051 954 super

425 974 710 1038 altarium,
739 973 913 1027 donec
947 992 1108 1029 mane
1140 977 1504 1046 procedamus
1528 978 1598 1031 ad
1623 993 1919 1031 occursum
1963 995 2051 1032 ea-

425 1083 575 1121 rum.
609 1086 635 1119 »
663 1067 827 1132 Quod
860 1073 1194 1137 argumento
1234 1073 1314 1124 est
1353 1069 1655 1142 aliquando
1691 1071 1956 1142 reliquias
1981 1072 2051 1126 ad

426 1161 595 1216 breve
611 1165 834 1232 tempus
847 1161 903 1214 in
919 1161 1076 1215 altari
1093 1163 1371 1234 expositas
1388 1181 1404 1233 ;
1425 1165 1521 1219 sed
1539 1181 1736 1220 earum
1756 1165 2051 1237 proprium

426 1253 504 1308 ibi
530 1253 718 1308 locum
741 1271 855 1308 non
880 1254 1067 1320 fuisse,
1091 1273 1156 1310 ex
1180 1256 1340 1311 dictis
1359 1258 1723 1313 manifestum
1745 1263 1848 1313 est.
1871 1260 2051 1322 Quan-

425 1363 596 1418 quam
622 1363 806 1418 neque
832 1349 902 1402 ad
931 1348 1097 1403 breve
1123 1353 1348 1420 tempus
1374 1352 1641 1423 reliquias
1667 1369 1839 1423 super
1877 1353 2052 1408 altare

425 1440 631 1511 positas
657 1442 910 1512 probavit
935 1448 1160 1499 sanctus
1185 1444 1304 1498 Odo
1334 1445 1504 1498 abbas
1533 1445 1931 1515 Cluniacensis,
1953 1450 2053 1500 aut

426 1534 613 1605 potius
639 1540 830 1590 sancta
854 1537 1191 1608 Gualburgis
1217 1553 1317 1592 seu
1342 1538 1659 1609 Walburgis
1688 1555 1702 1593 :
1731 1556 1859 1610 qua:
1897 1556 2048 1608 cum,

426 1627 702 1683 referente
728 1630 984 1686 Bernone
1005 1630 1224 1701 abbate,
1248 1631 1516 1686 miracula
1535 1631 1595 1686 in
1615 1633 1857 1702 quadam
1884 1633 2053 1687 eccle-

428 1720 510 1775 sia
533 1721 642 1792 ipsi
667 1721 847 1777 dicata
876 1728 1144 1795 patraret,
1168 1725 1454 1796 «contigit
1476 1729 1538 1779 ut
1559 1725 1814 1795 ejusdem
1843 1731 2050 1780 sanctae

427 1813 762 1886 Gualburgis
810 1802 1064 1889 reliquiae
1110 1834 1280 1888 super
1312 1819 1486 1872 altare
1529 1835 1632 1889 per
1668 1819 1888 1891 aliquot
1933 1819 2052 1873 dies

2149 604 2427 658 lebratum
2456 608 2538 659 est
2565 605 2624 658 in
2657 604 2834 658 Gallia
2870 605 3178 660 concilium
3215 605 3474 682 Vasense,
3521 603 3584 659 in
3630 605 3789 676 cujus

2149 714 2363 752 canone
2388 701 2420 752 2
2452 698 2728 752 sancitum
2759 703 2843 752 est
2871 698 2939 752 de
2965 698 3375 770 paenitentibus
3404 698 3597 754 subito
3629 714 3784 753 mor-

2150 791 2282 858 tuis,
2309 795 2375 846 ut
2398 808 2596 846 eorum
2624 791 2930 847 oblationes
2957 793 3322 864 recipiantur,
3353 795 3493 860 Quia
3523 794 3688 859 nefas
3713 796 3788 848 est

2151 903 2329 941 eorum
2355 889 2874 941 commemorationes
2903 888 3120 940 ercludi
3159 905 3194 940 a
3229 888 3558 942 salutaribus
3597 890 3788 949 sacris.

2149 981 2246 1050 qui
2269 980 2344 1033 ad
2372 980 2554 1034 eadem
2578 995 2734 1034 sacra
2756 981 2906 1048 ﬁdeli
2931 981 3127 1049 affectu
3155 981 3545 1042 contendentes,
3576 981 3713 1034 dum
3738 995 3790 1034 se

2150 1073 2356 1127 diutius
2393 1088 2506 1128 reos
2539 1077 2836 1134 stratuunt,
2877 1075 3127 1142 indignos
3170 1074 3472 1140 salutiferis
3515 1075 3792 1142 mysteriis

2139 1167 2424 1236 judicent;
2439 1182 2502 1220 ac
2518 1167 2645 1220 dum
2652 1169 2996 1237 purgatiores
3013 1169 3229 1222 restitui
3241 1167 3575 1228 desiderant,
3592 1167 3793 1236 absque

2148 1266 2601 1316 sacramentorum
2628 1263 2824 1314 viatico
2853 1263 3291 1332 intercipiuntur.
3327 1261 3441 1315 Mos
3481 1274 3624 1330 ergo
3659 1263 3793 1314 tunc

2151 1360 2290 1424 erat,
2333 1361 2398 1410 ut
2433 1355 2545 1410 nisi
2591 1355 2773 1408 subita
2815 1359 3000 1408 morte
3045 1354 3525 1425 interciperentur
3569 1352 3790 1422 ﬁdeles,

2151 1449 2470 1518 acciperent
2499 1451 2980 1502 sacramentorum
3009 1447 3301 1515 viaticum,
3327 1447 3599 1502 salutaria
3615 1463 3792 1517 sacra,

2151 1541 2436 1596 salutifera
2470 1541 2760 1612 mysteria,
2801 1558 2836 1595 a
2880 1541 3088 1612 quibus
3121 1541 3462 1612 pmnitentes
3495 1540 3796 1611 religionis

2152 1651 2316 1689 causa
2340 1635 2712 1690 abstinebant.
2747 1634 2984 1706 insignis
3011 1635 3079 1690 de
3129 1634 3339 1689 Viatico
3377 1638 3462 1689 est
3499 1650 3690 1689 canon
3731 1636 3788 1689 ll

2151 1728 2379 1783 concilii
2405 1745 2458 1783 x1
2487 1729 2770 1797 Toletani;
2801 1733 2858 1783 et
2883 1728 3188 1798 Gregorius
3219 1729 3287 1783 Ill
3315 1727 3384 1782 de
3423 1726 3512 1782 his
3550 1728 3656 1799 qui
3693 1743 3794 1797 pa-

2151 1826 2339 1876 rentes
2365 1839 2497 1877 suos
2522 1827 2833 1889 necassent,
2862 1821 3132 1891 decernit,
3161 1825 3226 1876 ut
3241 1825 3358 1876 toto
3376 1820 3510 1876 vitae
3529 1825 3797 1892 tempore

428 1912 722 1964 manerent
753 1925 766 1963 :
795 1910 890 1964 sed
919 1927 1047 1964 mox
1077 1911 1347 1965 miracula
1387 1917 1760 1966 cessaverunt.
1803 1911 2053 1966 Tandem
2073 1896 2129 1967 Β
2154 1932 2356 1986 corpus
2381 1916 2731 1971 dominicum
2755 1931 2874 1970 non
2901 1915 3229 1986 suscipiant,
3257 1915 3368 1970 nisi
3399 1914 3459 1969 in
3493 1931 3600 1969 suo
3640 1915 3798 1969 exitu

429 2015 558 2054 vero
575 2001 695 2072 ipsa
711 2002 872 2073 virgo
897 2002 1118 2058 cuidam
1141 2020 1210 2057 ex
1231 2004 1471 2057 inﬁrmis
1491 2020 1796 2075 apparens:
1823 2005 2052 2073 Idcirco,

428 2091 632 2164 inquit,
666 2112 779 2149 non
808 2096 1102 2162 sanamini,
1131 2097 1264 2167 quia
1293 2097 1546 2167 reliquiae
1569 2114 1708 2151 mete
1737 2102 1867 2152 sunt
1887 2114 2056 2168 super

428 2187 602 2241 altare
631 2188 871 2257 Domini,
905 2189 1002 2243 ubi
1029 2190 1289 2260 majestas
1315 2189 1489 2244 divini
1509 2190 1758 2261 mysterii
1781 2191 1946 2246 debet
1972 2208 2054 2245 so—

429 2277 724 2335 lummodo
751 2282 1042 2338 celebrari.
1077 2303 1103 2333 »
1134 2285 1210 2337 Ita
1238 2289 1458 2338 sanctus
1485 2285 1603 2338 Odo
1631 2284 1689 2337 in
1717 2284 1811 2337 lib.
1857 2301 1893 2338 ιι
1926 2285 2052 2338 Col-

429 2371 705 2428 lationum
732 2391 852 2446 cap.
886 2379 972 2431 28.
1013 2378 1140 2430 ilzec
1167 2377 1411 2431 narratio
1449 2377 1654 2445 innuit,
1689 2394 1813 2431 raro
1852 2394 1954 2447 per
1996 2377 2053 2431 id

429 2469 670 2537 tempus,
700 2467 758 2522 id
784 2473 868 2522 est
891 2467 1018 2541 84
1049 2471 1258 2524 saeculo
1290 2488 1344 2538 x,
1366 2471 1627 2541 reliquias
1648 2471 1808 2524 altari
1831 2471 2056 2541 imposi-

428 2565 510 2613 tas
534 2561 724 2627 fuisse,
752 2563 975 2616 tametsi
1002 2561 1058 2616 id
1089 2563 1363 2633 permittit
1389 2565 1497 2618 Leo
1525 2582 1667 2637 papa
1697 2566 1759 2618 IV
1792 2565 1849 2618 in
1876 2564 2056 2618 homi-

429 2653 502 2708 lia
527 2655 770 2724 quadam
799 2655 885 2710 his
910 2655 1091 2710 verbis
1123 2673 1137 2710 :
1173 2678 1199 2703 ‹‹
1229 2657 1409 2727 Super
1429 2659 1602 2712 altare
1625 2657 1764 2711 nihil
1790 2663 2050 2727 ponatur,

428 2748 534 2804 nisi
559 2765 738 2818 capsae
767 2752 823 2802 et
854 2749 1128 2818 reliquiae,
1155 2755 1251 2802 aut
1281 2750 1423 2804 forte
1447 2756 1693 2820 quatuor
1732 2751 2051 2820 Evangelia,

430 2840 711 2895 etbuxida
729 2857 859 2894 cum
879 2858 1113 2911 corpore
1142 2842 1366 2896 Domini
1388 2844 1457 2896 ad
1484 2843 1748 2897 viaticum
1769 2843 2008 2896 infirmis
2037 2861 2050 2898 :

429 2939 632 2988 caetera
653 2932 712 2986 in
737 2933 918 2987 nitido
963 2933 1084 2987 loco
1124 2936 1518 2990 recondantur.
1549 2957 1576 2986 »
1616 2936 1773 3000 Quod
1819 2937 2055 2991 totidem

430 3027 634 3098 repetit
681 3026 863 3080 verbis
913 3027 1213 3081 Ratlierius
1264 3029 1600 3084 Veronensis
1659 3029 1954 3100 episc0pus
1995 3030 2055 3084 in

427 3119 690 3190 synodica
717 3120 966 3174 oratione
995 3119 1064 3173 ad
1095 3121 1449 3191 presbyteros
1477 3139 1625 3176 suos.

579 3213 683 3267 Sed
713 3213 854 3267 forte
881 3213 1005 3283 quis
1033 3213 1180 3268 dicat
1207 3214 1264 3268 id
1293 3231 1477 3269 unum
1507 3215 1574 3268 ab
1606 3215 1798 3270 Odone
1835 3216 2049 3287 impro-

427 3305 640 3374 batum,
673 3305 823 3376 quod
850 3305 1104 3377 reliquiae
1134 3324 1304 3377 super
1329 3324 1583 3362 mensam
1611 3309 1819 3363 altaris.
1864 3309 1921 3362 in
1944 3326 2054 3379 qua
2075 3296 2129 3368 C

427 3397 660 3452 offertur
684 3399 1036 3468 sacrificium,
1065 3399 1262 3469 posita:
1294 3400 1405 3454 sint
1433 3418 1446 3454 :
1475 3418 1590 3454 non
1610 3401 2049 3472 improbaturus,

427 3491 471 3544 si
497 3491 557 3546 in
576 3491 697 3545 loco
723 3491 1017 3562 paululum
1048 3509 1080 3544 a
1106 3508 1302 3546 mensa
1334 3499 1634 3562 summoto,
1663 3497 1724 3548 ut
1750 3495 1830 3562 lit,
1878 3510 2049 3564 expo-

425 3589 714 3640 nerentur.
745 3585 1027 3656 Quidquid
1056 3585 1110 3639 id
1137 3591 1239 3652 est,
1271 3585 1316 3640 si
1345 3587 1715 3656 reliquiarum
1758 3586 1916 3642 sedes
1956 3605 2056 3640 sre-

425 3677 550 3731 culo
579 3695 630 3732 IX
657 3681 756 3731 aut
793 3695 824 3732 χ
855 3677 924 3731 ad
968 3677 1143 3732 altare
1187 3696 1305 3733 esse
1350 3679 1554 3750 potuit,
1601 3680 1744 3734 alius
1785 3679 1892 3734 fuit
1936 3697 2054 3734 mos

421 3770 865 3840 praecedentium
892 3771 1249 3840 saeculorum,
1279 3777 1344 3826 ut
1383 3790 1451 3826 ex
1490 3772 1649 3826 dictis
1683 3772 2049 3843 intelligitur:

423 3864 625 3934 quibus
655 3863 1004 3934 temporibus
1047 3881 1230 3934 neque
1275 3865 1554 3936 reliquiae,
1597 3881 1782 3936 neque
1820 3865 2052 3935 picturae

423 3956 585 4010 altari
609 3955 1055 4026 apponebantur.
1101 3956 1353 4010 Floribus
1395 3963 1582 4010 tamen
1629 3959 1828 4011 altaria
1867 3961 2054 4014 ornari

423 4066 538 4104 non
564 4049 849 4120 improbat
876 4048 1184 4103 Venantius
1217 4050 1551 4103 Fortunatus
1589 4051 1648 4103 in
1685 4050 1782 4104 lib.
1815 4067 1907 4104 vm
1931 4070 2050 4106 car-

425 4143 578 4196 mine
603 4145 634 4195 9
661 4141 730 4195 ad
775 4141 1210 4209 Radcgundem,
1253 4142 1401 4212 quod
1444 4159 1670 4196 carmen
1708 4143 1784 4197 De
1821 4143 2054 4200 ﬂoribus

424 4251 594 4304 super
640 4234 816 4288 alt-ire
863 4233 1210 4288 inscribitur.
1254 4235 1396 4288 Tum
1445 4235 1736 4306 praemisso
1781 4238 1924 4292 veris
1971 4256 2054 4295 re-

423 4327 648 4383 deuntis
674 4327 858 4397 elogio
889 4327 1095 4382 subdit.

672 4427 799 4492 Inde
825 4426 922 4476 viri
948 4431 1122 4492 postes
1151 4430 1204 4477 et
1227 4427 1424 4490 pulpita
1442 4427 1657 4492 floribus
1679 4433 1883 4492 ornant,

733 4490 863 4538 Hinc
891 4490 1076 4539 mulier
1100 4504 1251 4538 roseo
1282 4490 1510 4552 complet
1535 4491 1694 4539 odore
1721 4490 1908 4541 sinum.

669 4553 734 4602 At
760 4566 853 4600 vos
877 4566 982 4601 non
1011 4552 1176 4608 vobis.
1202 4553 1293 4600 sed
1319 4553 1520 4601 Christo
1544 4553 1686 4603 fertis
1711 4554 1900 4603 odores
1924 4569 1936 4603 :

733 4615 1068 4680 Hasquoque
1096 4615 1348 4680 primitias
1374 4615 1438 4663 ad
1465 4615 1548 4678 pia
1574 4617 1765 4680 templa
1790 4616 1940 4666 datis.

669 4676 892 4725 Texistis
916 4676 1068 4726 variis
1097 4676 1276 4726 altaria
1302 4677 1429 4726 festa
1453 4676 1680 4737 coronis,

731 4738 962 4799 Pingitur
988 4743 1044 4787 ut
1070 4737 1169 4787 ﬁlis
1192 4739 1406 4788 ﬂoribus
1430 4753 1518 4790 ara
1543 4741 1710 4789 novis.

491 4833 540 4885 6.
574 4830 666 4884 His
694 4829 1021 4900 praemissis,
1049 4831 1334 4900 agendum
1363 4837 1446 4886 est
1472 4833 1540 4886 de
1575 4832 1919 4887 Eucharistia
1959 4849 2048 4886 sa-

419 4940 530 4992 cra,
563 4923 723 4994 cujus
753 4939 922 4978 usum
951 4923 1021 4978 ad
1049 4923 1312 4978 viaticum
1339 4941 1536 4979 eorum
1567 4926 1662 4996 qui
1691 4925 1750 4979 in
1769 4941 1908 4996 pace
1945 4926 2046 4978 Ec-

418 5016 601 5070 clesiae
629 5017 742 5072 vita
771 5017 1243 5087 defungebantur,
1276 5018 1732 5090 antiquissimum
1753 5033 1872 5072 esse
1892 5017 2051 5072 docet

418 5125 596 5162 canon
627 5112 689 5162 l2
723 5108 861 5177 (aliis
895 5112 978 5179 l3)
1011 5110 1230 5164 concilii
1256 5110 1426 5182 primi
1453 5111 1683 5166 Niczeni.
1712 5114 1786 5166 De
1816 5113 1897 5165 his
1922 5126 2044 5164 vero

418 5205 514 5270 qui
539 5202 790 5256 recedunt
816 5217 882 5255 ea:
909 5219 1144 5273 corpore,
1173 5204 1419 5276 antiquas
1451 5204 1614 5272 legis,
1651 5205 1841 5273 regula
1880 5205 2050 5257 obser-

416 5296 636 5348 vabitur
655 5296 817 5348 etiam
841 5311 1002 5356 nunc,
1030 5299 1108 5351 ita
1135 5301 1288 5352 ut....
1318 5299 1508 5352 ultimo
1543 5300 1669 5351 rita:
1705 5313 1814 5352 suae
1852 5298 2049 5350 viatico

416 5404 520 5440 non
547 5387 963 5453 defraudentur.
995 5390 1155 5454 Quod
1180 5391 1248 5445 de
1277 5390 1677 5444 communione
1707 5406 1810 5460 per
1838 5389 2050 5444 Eucha-

417 5479 634 5533 ristiam
661 5480 1089 5549 intelligendum
1117 5499 1235 5537 esse
1275 5484 1446 5536 verba
1482 5481 1607 5554 85
1653 5481 2050 5552 subsequentia

415 5573 676 5642 probant.
699 5574 922 5629 Accedit
942 5576 1218 5630 Ambrosii
1241 5574 1483 5629 doctoris
1501 5573 1836 5627 sanctissimi
1864 5590 2050 5628 exem-

414 5667 575 5736 plum
599 5667 748 5736 apud
775 5668 1092 5734 Paulinum,
1128 5667 1221 5721 ubi
1249 5686 1276 5717 «
1301 5667 1615 5720 Honoratus
1659 5667 1917 5720 sacerdos
1954 5683 2046 5720 ec-

415 5759 602 5814 clesite
631 5761 993 5815 Vercellensis
1019 5761 1218 5814 Sancto
1244 5760 1303 5812 in
1332 5759 1599 5813 extremis
1615 5759 1806 5827 agenti
1827 5759 2047 5814 Domini

415 5869 618 5923 corpus
649 5853 916 5907 obtulisse
946 5871 972 5903 α
1003 5851 1228 5908 dicitur.
1275 5871 1301 5903 «
1341 5854 1460 5916 Quo
1499 5857 1745 5922 accepto,
1785 5852 1884 5907 ubi
1917 5853 2044 5924 glu-

419 5945 560 6015 tivit,
604 5946 794 6002 emisit
827 5944 1112 6016 spiritum.
1159 5963 1187 5999 ν
1235 5947 1355 6002 Non
1405 5946 1608 6004 desunt
1644 5945 1753 6001 alia
1797 5945 2048 6017 ejusdem

2149 2025 2252 2078 pro
2279 2012 2497 2064 viatico.
2546 2011 2740 2064 Postea
2776 2025 2906 2064 vero
2951 2009 3009 2064 id
3048 2008 3216 2064 variis
3263 2007 3522 2064 Ecclesiae
3571 2007 3796 2078 legibus

2155 2109 2502 2174 praeceptum
2529 2107 2632 2158 est.

2225 2213 2277 2262 7.
2308 2209 2414 2264 Sed
2450 2213 2579 2263 ante
2615 2209 2734 2263 haec
2773 2208 2968 2263 omnia
3004 2209 3146 2262 sacri
3183 2207 3368 2262 viatici
3407 2205 3795 2278 antiquiorem

2155 2319 2324 2357 usum
2364 2302 2659 2356 observare
2696 2302 2830 2356 licet
2864 2302 2924 2356 in
2961 2302 3195 2372 epistola
3234 2301 3500 2373 synodica
3543 2300 3797 2355 ecclesias

2156 2397 2426 2450 Africanae
2451 2397 2521 2450 ad
2547 2395 2876 2451 Cornelium
2907 2411 3133 2466 papam,
3164 2412 3293 2466 quas
3320 2394 3554 2466 epistola
3591 2398 3680 2448 est
3715 2409 3800 2449 or-

2156 2489 2286 2544 dine
2311 2490 2376 2544 54
2405 2491 2552 2544 inter
2580 2489 2938 2561 Cyprianicas
2982 2489 3133 2558 apud
3171 2488 3506 2556 Pamelium,
3549 2487 3626 2541 de
3660 2503 3795 2558 pace

2154 2584 2323 2654 lapsis
2335 2584 2611 2638 maturius
2634 2583 2816 2637 danda
2831 2583 2902 2636 ob
2924 2583 3376 2652 persecutionem
3399 2581 3794 2652 ingruentem.

2157 2659 2251 2730 llis
2280 2678 2433 2731 enim
2458 2677 2528 2730 ob
2556 2693 2680 2731 eam
2711 2693 2938 2731 causam
2967 2675 3382 2731 communionis
3408 2692 3583 2729 sacra:
3612 2675 3797 2728 muni-

2156 2775 2412 2825 mentum
2443 2771 2756 2824 concedunt
2792 2772 3002 2837 Patres,
3039 2776 3106 2825 ut
3145 2769 3254 2823 tuti
3293 2773 3487 2823 contra
3527 2769 3794 2823 adversa-

2155 2863 2303 2917 rium
2326 2870 2528 2932 essent,
2552 2881 2677 2935 qua:
2703 2864 2943 2918 instituti
2963 2864 3148 2917 viatici
3171 2863 3315 2917 ratio
3337 2866 3440 2917 est.
3466 2863 3578 2917 Sed
3605 2863 3794 2916 locum

2154 2957 2442 3027 integrum
2469 2974 2536 3011 ex
2561 2957 2656 3012 ilia
2683 2958 2919 3028 epistola
2949 2958 3159 3011 referre
3183 2957 3346 3027 juvat
3377 2973 3391 3010 :
3425 2976 3452 3007 α
3480 2957 3646 3010 Nunc
3683 2971 3796 3010 non

2155 3051 2415 3117 infirmis,
2448 3051 2542 3105 sed
2572 3051 2810 3104 fortibus
2849 3067 2958 3120 pax
2996 3049 3313 3104 necessaria
3357 3054 3468 3117 est;
3519 3066 3629 3103 nec
3672 3065 3794 3103 mo-

2155 3144 2450 3214 rientibus,
2473 3145 2566 3199 sed
2588 3143 2904 3197 viventibus
2921 3143 3356 3198 communicatio
3375 3159 3407 3195 a
3424 3142 3594 3196 nobis
3613 3143 3796 3197 danda

2156 3242 2238 3292 est
2267 3254 2280 3292 :
2303 3245 2367 3292 ut
2391 3255 2530 3310 quos
2550 3237 2858 3292 excitamus
2877 3242 2933 3291 et
2957 3238 3256 3291 hortamur
3274 3237 3342 3290 ad
3363 3235 3656 3307 praelium,
3681 3253 3794 3291 non

2155 3331 2400 3386 inermes
2425 3337 2482 3385 et
2511 3330 2636 3403 86
2665 3331 2843 3384 nudos
2878 3331 3284 3401 relinquamus,
3313 3329 3410 3384 sed
3441 3331 3795 3400 protectione

2154 3425 2444 3496 sanguinis
2470 3430 2524 3478 et
2550 3425 2807 3495 corporis
2836 3423 3042 3478 Christi
3069 3423 3415 3477 muniamus.
3445 3423 3511 3476 Et
3553 3441 3691 3478 cum
3728 3423 3795 3477 ad

2154 3521 2260 3575 hoc
2305 3519 2406 3573 fiat
2453 3517 2820 3585 Eucharistia,
2874 3522 2938 3571 ut
2988 3517 3161 3588 possit
3211 3515 3619 3586 accipientibus
3679 3533 3796 3572 esse

2153 3613 2348 3681 tutela,
2379 3629 2519 3684 quos
2547 3615 2696 3666 tutos
2725 3626 2841 3665 esse
2873 3615 3066 3664 contra
3093 3609 3479 3664 adversarium
3506 3611 3796 3665 voluimus

2155 3707 2506 3761 munimento
2525 3704 2818 3759 dominicae
2844 3703 3148 3758 saturitatis
3171 3719 3478 3757 armemus.
3505 3704 3654 3758 Nam
3683 3721 3795 3776 quo

2154 3801 2320 3854 modo
2347 3799 2610 3854 docemus
2648 3801 2746 3852 aut
2779 3813 3149 3869 provocamus
3196 3813 3290 3850 eos
3329 3797 3389 3850 in
3433 3797 3796 3852 confessione

2154 3893 2404 3948 nominis
2431 3892 2769 3963 sanguinem
2799 3907 2966 3946 suum
2995 3890 3252 3960 fundere,
3285 3889 3331 3944 si
3357 3890 3438 3944 eis
3464 3890 3800 3946 militaturis

2155 3987 2360 4042 Christi
2374 4003 2468 4040 san
2477 3986 2709 4056 guinem
2726 3985 3072 4056 denegamus
3083 3985 3110 4038 ?
3125 3989 3224 4038 aut
3235 4000 3350 4054 quo
3372 3983 3541 4038 modo
3559 3985 3635 4039 ad
3653 4001 3799 4038 mar-

2153 4081 2286 4152 tyrii
2310 4081 2580 4152 poculum
2607 4079 2840 4133 idoneos
2865 4077 3126 4147 facimus,
3161 4077 3207 4130 si
3244 4093 3360 4132 non
3400 4093 3494 4131 eos
3521 4078 3690 4148 prius
3728 4077 3797 4132 ad

2153 4175 2461 4230 bibendum
2489 4173 2544 4227 in
2575 4173 2805 4227 ecclesia
2831 4171 3100 4243 poculum
3133 4171 3355 4226 Domini
3371 4170 3505 4243 jure
3530 4187 3794 4226 commu-

2153 4267 2448 4323 nicationis
2471 4266 2863 4320 admittimus?
2893 4288 2919 4314 ι)

2225 4366 2277 4416 8.
2307 4363 2412 4415 Par
2435 4360 2632 4431 utique
2661 4360 2804 4413 ratio
2831 4365 2913 4413 est
2937 4359 3006 4414 de
3033 4359 3342 4427 morituris,
3373 4363 3438 4413 ut
3467 4375 3648 4414 sacrae
3689 4362 3797 4415 Eu-

2153 4455 2429 4510 charistize
2477 4453 2744 4507 viaticum
2793 4453 3087 4522 accipiant,
3139 4469 3211 4506 ne
3258 4452 3510 4508 inermes
3566 4459 3628 4508 et
3653 4454 3794 4508 nudi

2153 4548 2564 4619 relinquantur,
2595 4547 2693 4600 sed
2717 4546 3062 4616 protectione
3105 4545 3396 4616 sanguinis
3437 4550 3495 4600 et
3533 4547 3794 4618 corporis

2069 4641 2356 4732 DChristi
2397 4639 2746 4694 muniantur.
2799 4641 2864 4693 Et
2901 4639 3196 4693 manifeste
3240 4638 3432 4694 innuit
3469 4640 3792 4710 Cyprianus

2149 4734 2518 4790 morientibus
2545 4737 2676 4786 tunc
2702 4732 2972 4802 temporis
2998 4732 3185 4787 datam
3223 4732 3394 4787 fuisse
3433 4734 3695 4804 corporis
3739 4738 3794 4788 et

2150 4827 2439 4900 sanguinis
2477 4825 2682 4880 Christi
2721 4826 3222 4880 communionem:
3273 4845 3300 4876 «
3345 4827 3528 4896 Nunc,
3573 4827 3790 4899 inquit,

2149 4939 2262 4976 non
2289 4919 2550 4988 inﬁrmis,
2595 4919 2691 4973 sed
2733 4919 2970 4973 fortibus
3014 4936 3122 4990 pax
3161 4919 3472 4973 necessaria
3518 4926 3642 4989 est;
3688 4937 3792 4974 nec

2151 5013 2538 5080 morientibus,
2569 5012 2664 5065 sed
2709 5011 3026 5066 viventibus
3068 5011 3505 5066 communicatio
3555 5031 3589 5066 a
3632 5013 3793 5068 nobis

2150 5108 2330 5162 danda
2343 5112 2446 5171 est,
2458 5128 2482 5152 n
2501 5105 2775 5159 nimirum
2789 5105 3224 5160 communicatio
3237 5122 3338 5176 per
3354 5107 3789 5174 Eucharistiam,

2149 5217 2252 5272 per
2275 5216 2478 5269 corpus
2505 5203 2560 5252 et
2588 5197 2925 5268 sanguinem
2951 5198 3178 5264 Christi,
3207 5203 3272 5252 ut
3295 5203 3489 5268 postea
3519 5200 3789 5272 explicat.

2151 5295 2297 5364 Ergo
2315 5292 2636 5345 etiamtunc
2661 5291 2920 5358 inﬁrmis,
2941 5295 2996 5345 et
3025 5291 3398 5345 morientibus
3419 5292 3622 5346 eadem
3645 5310 3794 5347 com-

2150 5385 2457 5441 municatio
2492 5384 2869 5440 tribuebatur.
2898 5383 3118 5455 Quippe
3161 5403 3188 5435 ς(
3229 5385 3469 5438 idoneus
3511 5402 3636 5441 esse
3675 5403 3793 5441 non

2149 5485 2334 5550 potest
2361 5479 2430 5532 ad
2459 5477 2814 5548 martyrium,
2847 5496 2872 5527 »
2901 5481 3050 5531 certe
3074 5494 3176 5531 nec
3206 5477 3275 5532 ad
3321 5484 3589 5548 mortem,
3639 5499 3668 5531 α
3697 5479 3792 5551 qui

2149 5573 2218 5626 ab
2249 5571 2490 5625 Ecclesia
2516 5587 2632 5626 non
2662 5575 2918 5623 armatur
2945 5570 3016 5623 ad
3041 5570 3332 5640 praelium;
3363 5580 3419 5626 et
3449 5588 3616 5627 mens
3653 5574 3791 5628 deti-

2150 5666 2243 5733 cit,
2268 5681 2436 5736 quam
2454 5681 2570 5720 non
2587 5666 2810 5732 recepta
2837 5662 3180 5716 Eucharistia
3201 5663 3366 5734 erigit
3389 5668 3445 5718 et
3465 5667 3786 5732 accendit,»

2149 5763 2213 5813 ut
2231 5758 2382 5812 idem
2408 5757 2718 5828 Cyprianus
2738 5756 2796 5809 in
2823 5755 3300 5826 consequentibus
3316 5756 3510 5812 habet.
3536 5759 3792 5831 Denique

2104 5887 2110 5901 .
2149 5851 2226 5906 ait
2252 5851 2564 5923 pastoribus
2587 5849 2985 5920 imputandum
3016 5865 3155 5917 esse,
3189 5849 3234 5902 si
3261 5852 3373 5904 tam
3416 5851 3478 5905 in
3518 5868 3788 5923 persecu-

2150 5945 2300 6003 tione
2327 5943 2612 6000 constituti
2639 5941 2984 6000 Eucharistia
3014 5958 3130 5999 non
3159 5943 3518 6018 muniantur,
3548 5961 3723 6018 quam
3746 5946 3790 5999 si
