3968 6444
189 355 267 413 itii
1201 368 1287 430 DE
1324 370 1632 433 LITURGIA
1669 374 2036 437 CALLICANA
2073 374 2269 439 LIBER
2307 386 2566 443 PRIMUS.

3454 391 3552 452 l6'2

190 485 222 574 ξι.
237 466 420 568 bonus
447 467 624 524 miles
658 470 790 540 (seu
817 475 1186 551 Christianus)
1217 483 1315 553 qui
1341 485 1528 539 omnia
1553 503 1651 540 sua
1677 488 1836 542 dere-
1863 502 1919 572 Α
1939 491 2106 544 etiam
2143 493 2292 562 apud
2320 495 2556 561 Graecos,
2597 513 2665 550 ex
2701 513 2896 552 eorum
2932 498 3292 570 Enchologio,
3339 500 3398 556 in
3435 519 3550 574 quo

189 559 366 630 liquit,
394 565 454 614 et
479 567 834 638 contempta
863 570 1052 641 domo,
1077 578 1132 628 et
1159 577 1504 646 parentibus,
1533 595 1596 633 ac
1625 580 1836 650 liberis,

197 654 347 724 sequi
371 655 693 712 Dominum
722 677 896 716 suum
925 665 1155 734 maluit;
1181 668 1303 722 sine
1321 685 1458 739 pace
1482 675 1537 725 et
1556 671 1674 726 sine
1695 689 1842 726 com-

198 747 584 804 municatione
611 751 861 810 decedit.
893 775 920 806 n
943 757 1101 820 Quod
1127 759 1428 816 manifeste
1453 763 1521 817 de
1541 764 1738 818 viatico
1757 765 1842 820 iu-

196 839 569 908 telligendum
597 850 706 899 est.

261 934 315 985 9.
352 933 464 988 Sed
510 935 747 1006 longius
785 942 1077 1010 provehor
1120 961 1292 1014 quam
1335 951 1478 1001 esset
1510 964 1733 1002 necesse
1767 949 1836 1002 ad

189 1024 708 1084 demonstrandum
722 1030 782 1085 id
797 1034 948 1103 quod
968 1034 1027 1088 in
1043 1043 1383 1106 argumento
1405 1045 1542 1108 erat,
1565 1040 1835 1094 nimirum

186 1117 660 1188 antiquissimum
692 1139 815 1178 esse
844 1125 904 1178 in
932 1127 1176 1182 Ecclesia
1195 1146 1358 1183 usum
1380 1131 1564 1184 viatici
1589 1133 1836 1186 inﬁrmo-

185 1225 338 1276 rum,
397 1216 597 1282 utpote
638 1232 674 1267 a
711 1213 839 1288 87
895 1219 1093 1288 primis
1121 1222 1552 1293 purioribnsque
1583 1225 1833 1278 Ecclesiae

183 1303 549 1372 temporibus
579 1314 882 1378 receptum
911 1329 925 1364 :
956 1312 1035 1366 ita
1073 1319 1136 1367 ut
1170 1315 1488 1384 pastoribus
1519 1317 1576 1370 in
1613 1320 1833 1389 culpam

178 1394 585 1466 deputaretur,
617 1399 665 1452 si
694 1401 824 1471 quis
850 1403 941 1472 pie
969 1403 1162 1458 vivens
1189 1407 1401 1477 absque
1430 1408 1628 1463 viatico
1671 1411 1829 1465 dece-

179 1487 366 1542 deret.
423 1491 639 1545 Verum
690 1493 940 1549 divinam
994 1497 1402 1554 Eucharistiam
1451 1502 1521 1555 ad
1571 1502 1830 1557 viaticum

178 1580 357 1636 fuisse
388 1587 531 1636 tunc
569 1591 920 1642 reservatam
955 1605 1070 1643 non
1110 1591 1241 1645 satis
1277 1593 1406 1646 inde
1449 1593 1826 1665 intelligitur:

177 1675 416 1728 tametsi
456 1675 552 1730 vix
591 1679 704 1731 alio
743 1680 914 1734 modo
963 1687 1184 1752 poterat
1235 1685 1472 1739 inﬁrmis
1516 1687 1831 1758 quibusque

176 1765 403 1838 absque
430 1767 542 1822 hac
573 1772 916 1841 repositione
943 1774 1247 1846 subveniri,
1276 1793 1406 1832 cum
1433 1779 1728 1834 missarum
1749 1796 1831 1833 so-

1939 582 2017 635 ita
2042 583 2268 651 legitur,
2299 602 2428 656 pag.
2461 591 2584 654 339,
2609 591 2756 659 apud
2781 592 3014 646 Goarem
3059 609 3072 646 :
3115 613 3144 644 «
3186 594 3276 647 His
3313 594 3490 662 dictis,
3521 615 3549 647 ››

1937 675 2147 730 scilicet
2171 681 2293 746 post
2319 677 2682 750 baptismum,
2713 687 2767 736 et
2795 685 3117 738 unctionem
3145 685 3434 755 baptizatis
3451 688 3556 742 im-

1936 769 2218 837 pertitam,
2251 788 2279 820 «
2307 772 2618 840 patriarcha
2646 775 2964 844 ingreditur
2991 793 3120 830 cum
3149 782 3401 833 recenter
3427 779 3552 834 illu-

1935 860 2158 914 minatis
2185 861 2255 916 ad
2293 865 2612 936 lntroitum,
2653 872 2708 921 et
2746 867 3006 938 deinceps
3047 869 3293 924 divinam
3326 871 3547 942 perlicit

1935 954 2180 1019 missam,
2229 963 2311 1010 καὶ
2356 967 2479 1013 τελεῖ
2521 965 2793 1021 ἀκολουοῶς
2840 969 2922 1024 τὴν
2971 967 3096 1016 θείαν
3155 969 3461 1032 λειτουργίαν.
3517 984 3545 1014 n

1934 1051 2088 1105 Unde
2112 1068 2458 1122 consequens
2483 1057 2586 1117 est,
2615 1068 2836 1105 sacrum
2863 1052 3066 1105 Christi
3107 1054 3440 1123 sanguinem
3476 1071 3546 1109 ex

1934 1145 2270 1213 prmoedenti
2297 1144 2566 1198 sacriﬁcio
2591 1144 2760 1198 fuisse
2789 1149 3154 1199 reservatum.
3185 1147 3345 1208 Quod
3378 1147 3548 1201 etiam

1934 1235 2000 1289 de
2023 1237 2133 1290 alia
2159 1237 2518 1291 Eucharistize
2542 1237 2723 1306 specie
2753 1238 2882 1290 satis
2901 1237 3086 1292 innuit
3101 1239 3545 1309 Chrysostomus,

1932 1327 2029 1381 ubi
2052 1329 2131 1382 ait
2153 1329 2421 1398 irrupisse
2449 1329 2548 1382 ubi
2573 1345 2726 1382 sacra
2765 1335 2926 1383 erant
2959 1330 3218 1400 reposita,
3255 1336 3312 1384 et
3347 1331 3548 1388 vidisse

1934 1421 2122 1474 omnia
2159 1438 2284 1492 qua:
2319 1421 2469 1475 intus
2509 1426 2688 1476 erant.
2739 1421 2988 1492 Denique
3026 1423 3261 1477 verbum
3302 1431 3546 1480 ἀπέκειντο

1930 1511 2081 1565 idem
2107 1517 2194 1567 est
2221 1530 2284 1568 ac
2310 1513 2636 1584 repositum,
2665 1519 3006 1568 reservatum
3031 1515 3100 1568 ad
3130 1519 3368 1586 tempus.
3399 1508 3546 1571 Hanc

1929 1604 2364 1660 reservationem
2394 1606 2784 1676 improbarunt
2820 1606 3049 1677 quidam
3085 1607 3288 1661 smculo
3325 1624 3396 1674 Iv,
3435 1625 3542 1678 pu-

1930 1698 2112 1750 tantes
2143 1718 2170 1746 ‹‹
2201 1697 2492 1768 mysticam
2518 1697 2965 1752 benedictionem
2991 1699 3132 1753 nihil
3155 1700 3224 1753 ad
3245 1700 3547 1755 sanctiﬁca-

1930 1787 2141 1842 tionem
2168 1790 2458 1860 prolicere,
2489 1791 2535 1842 si
2561 1790 2696 1860 quid
2725 1805 2790 1844 ex
2823 1807 2886 1844 ea
2913 1790 3006 1844 ﬁat
3030 1791 3230 1862 reliqui
3269 1791 3329 1846 in
3371 1792 3546 1847 alium

177 1857 403 1953 lemnia
430 1859 672 1932 longam
698 1880 923 1918 moram
953 1867 1264 1937 exigerent.
1295 1869 1401 1924 Sed
1431 1875 1491 1924 ut
1518 1870 1574 1924 id
1612 1872 1830 1942 planius
1850 1863 1906 1935 B
1929 1878 2098 1948 diem,
2132 1857 2328 1951 {quos
2351 1904 2376 1929 ‹‹
2402 1857 2644 1935 insanire
2669 1904 2693 1930 ››
2719 1882 2856 1936 dicit
2875 1883 3114 1953 Cyrillus
3133 1857 3544 1939 Alexandrinus

179 1950 298 2019 ﬁat,
333 1953 614 2022 quaedam
647 1955 753 2010 hoc
792 1957 934 2027 loco,
969 1960 1154 2030 quoad
1197 1960 1422 2015 brevius
1447 1962 1570 2016 ﬁeri
1606 1965 1828 2033 poterit,

181 2042 548 2100 observanda
575 2053 731 2104 sunt.

256 2139 343 2190 10.
405 2139 470 2192 [ιι
516 2139 720 2210 primis
753 2158 872 2196 non
907 2143 1072 2197 aliter
1109 2148 1291 2214 potest
1330 2146 1569 2218 intelligi
1615 2149 1831 2203 Paulini

176 2231 438 2286 narratio
496 2233 568 2286 de
618 2234 906 2288 Ambrosii
957 2241 1212 2291 extrema
1259 2240 1676 2307 communione,
1723 2242 1830 2295 nisi

179 2322 612 2378 Eucharistiam
675 2331 1018 2382 reservatam
1079 2330 1442 2385 admittamus
1507 2333 1830 2387 Ambrosius

181 2421 366 2470 morte
425 2417 792 2488 imminente,
851 2442 879 2467 u
939 2421 1009 2473 ab
1063 2421 1202 2475 hora
1251 2423 1470 2478 circiter
1537 2425 1828 2479 undecima

183 2507 318 2577 diei,
361 2526 550 2580 usque
585 2511 657 2564 ad
701 2512 860 2565 illam
901 2513 1120 2583 horam,
1165 2531 1277 2584 qua
1317 2517 1506 2570 emisit
1543 2517 1825 2586 spiritum,

184 2603 456 2671 expansis
469 2604 741 2657 manibus
758 2604 818 2658 in
838 2606 1072 2660 modum
1092 2607 1272 2660 crucis
1294 2609 1490 2662 oravit.
1514 2610 1828 2664 Honoratus

182 2700 380 2748 autem
409 2697 674 2750 sacerdos
700 2697 952 2751 ecclesia:
983 2700 1364 2768 Vercellensis,
1397 2717 1524 2754 cum
1561 2701 1621 2754 in
1659 2718 1825 2772 supe-

173 2787 318 2841 riori
357 2788 536 2842 domo
572 2805 632 2842 se
673 2789 746 2842 ad
785 2790 1036 2860 quietem
1075 2793 1494 2862 composuisset,
1535 2795 1699 2848 tertio
1740 2812 1828 2848 vo-

175 2896 308 2934 cem
355 2882 618 2935 vocantis
664 2899 723 2936 se
759 2883 995 2952 audivit,
1039 2884 1386 2955 dicentisque
1426 2886 1578 2940 sibi:
1629 2888 1825 2956 Surge,

176 2973 413 3042 festina,
445 2974 583 3045 quia
613 2975 786 3028 modo
815 2980 898 3030 est
943 2992 1282 3030 recessurus.
1325 2978 1432 3040 Qui
1469 2979 1825 3045 descendens,

177 3065 390 3120 obtulit
416 3067 627 3121 Sancto
655 3067 884 3121 Domini
912 3084 1139 3138 corpus.
1168 3069 1287 3132 Quo
1311 3075 1556 3141 accepto,
1585 3071 1681 3124 ubi
1709 3071 1830 3142 glu-

177 3158 327 3224 tivit,
359 3159 557 3214 emisit
583 3160 877 3230 spiritum.
912 3179 939 3211 ι)
969 3161 1189 3214 Nemini
1216 3162 1309 3216 hic
1328 3163 1543 3234 lingere
1562 3163 1828 3218 animoli-

175 3257 288 3321 cet,
319 3253 566 3307 missam
590 3253 664 3307 ad
693 3255 802 3308 hoc
826 3254 998 3308 fuisse
1044 3254 1402 3309 celebratam.
1441 3257 1682 3328 Tempus
1716 3273 1830 3310 non

175 3344 426 3414 sinebat,
457 3345 606 3398 hora
632 3346 745 3400 diei
774 3346 1083 3400 minimum
1104 3347 1467 3415 duodecima;
1489 3365 1602 3402 non
1619 3354 1831 3420 tempo—

172 3439 255 3492 ris
283 3438 574 3492 articulus
599 3445 657 3493 et
694 3439 994 3510 angustiae,
1038 3439 1316 3511 siquidem
1362 3442 1694 3511 Honoratus,
1731 3442 1830 3515 qui

173 3537 318 3586 tunc
345 3531 422 3586 ad
451 3532 715 3603 quietem
759 3533 820 3586 in
856 3533 1000 3588 lecto
1041 3535 1386 3606 compositus
1425 3541 1562 3606 erat,
1605 3553 1734 3590 mox
1766 3541 1830 3591 ut

170 3624 505 3693 descendit,
561 3624 720 3678 nulla
769 3625 1105 3697 interposita
1155 3644 1332 3696 mora,
1385 3628 1585 3682 obtulit
1637 3633 1827 3683 sancto

169 3719 418 3776 Domini
443 3735 677 3789 corpus.
705 3719 860 3790 Ergo
887 3735 957 3774 ex
987 3726 1264 3776 reservata
1289 3721 1638 3776 Eucharistia
1659 3721 1717 3776 id
1743 3722 1826 3776 fa-

167 3819 336 3870 ctum
365 3819 478 3868 est.

249 3911 344 3962 11.
379 3905 679 3961 Concedat
705 3905 898 3960 forsan
925 3905 1148 3977 aliquis,
1180 3924 1248 3963 ex
1273 3912 1551 3964 reservata
1574 3907 1823 3979 quidem,

164 4017 296 4056 non
324 4001 390 4056 in
416 3999 675 4068 ecclesia,
717 3999 816 4053 sed
858 3998 1038 4068 domi,
1079 4002 1231 4072 quod
1269 4001 1445 4056 cuivis
1478 4001 1672 4056 liceret
1711 4002 1824 4056 Eu-

161 4093 522 4149 charistiam
546 4092 770 4146 deferre
796 4091 858 4146 in
886 4093 1146 4165 prOprias
1170 4094 1336 4149 aedes.
1368 4095 1477 4150 Nec
1505 4110 1638 4148 sane
1665 4094 1824 4149 video

160 4187 320 4260 quid
347 4202 423 4241 ex
450 4185 694 4240 Paulino
721 4185 857 4239 huic
884 4186 1236 4257 responsioni
1263 4187 1439 4258 possit
1475 4188 1701 4258 opponi,
1737 4193 1822 4242 ta-

159 4279 352 4335 metsi
377 4295 508 4334 rem
535 4277 703 4332 aliter
726 4295 786 4332 se
814 4278 1022 4334 habere
1052 4295 1166 4334 non
1193 4280 1407 4336 dubito.
1445 4281 1653 4336 Verum
1689 4297 1822 4335 con-

159 4373 403 4428 feratur
427 4371 525 4426 hic
549 4372 710 4426 locus
739 4387 871 4426 cum
897 4371 1129 4427 Palladii
1151 4374 1475 4428 testimonio
1500 4374 1558 4428 in
1587 4374 1731 4428 libro
1756 4375 1824 4430 de

161 4467 306 4521 Vita
345 4465 537 4520 sancti
578 4464 855 4519 Johannis
889 4466 1295 4536 Chrysostomi,
1337 4472 1434 4522 aut
1467 4466 1655 4538 potius
1695 4484 1824 4522 cum

159 4559 360 4631 ipsius
387 4558 786 4628 Chrysostomi
827 4558 1064 4629 epistola
1096 4559 1167 4614 ad
1205 4557 1332 4632 88
1369 4560 1754 4615 Innocentium
1793 4578 1901 4654 aD

160 4653 436 4708 Palladio
462 4651 662 4706 relata.
691 4653 753 4706 In
778 4667 844 4706 ea
869 4651 1106 4722 epistola
1127 4652 1394 4709 describit
1415 4654 1654 4708 Joannes
1680 4653 1826 4708 irru-

162 4747 447 4817 ptionem
486 4745 762 4814 militum,
809 4761 938 4816 quae
977 4744 1035 4799 in
1083 4745 1375 4800 ecclesiam
1415 4747 1518 4801 CP.
1560 4747 1707 4801 facta
1743 4751 1825 4802 est

163 4840 426 4896 Sabbato
453 4843 676 4908 sancto,
698 4855 832 4892 cum
853 4838 1045 4892 omnia
1063 4837 1133 4892 ad
1151 4839 1461 4894 solemnem
1479 4839 1824 4910 baptismum

165 4938 370 4988 essent
397 4931 700 5005 disposita.
729 4933 886 4986 Tunc
929 4931 1140 5003 quippe
1176 4949 1360 4986 sacros
1393 4934 1592 4989 Fontes
1627 4950 1822 4988 cruore

170 5028 622 5082 vulneratorum
647 5041 719 5079 ex
737 5024 1062 5096 promiscuo
1080 5040 1218 5080 sexu
1236 5026 1490 5097 perfusos
1508 5026 1676 5080 fuisse
1697 5026 1825 5080 scri-

170 5121 257 5177 bit
286 5139 302 5178 :
336 5121 438 5176 sed
465 5135 660 5191 neque
686 5118 782 5173 hic
810 5117 1028 5172 malum
1064 5119 1394 5174 substitisse.
1430 5120 1628 5175 Milites
1671 5120 1822 5174 enim

177 5237 203 5268 α
230 5215 334 5271 ubi
374 5230 538 5269 sacra
563 5216 732 5268 erant
760 5212 1007 5282 reposita
1043 5232 1070 5260 ››
1107 5211 1506 5284 irrumpentes,
1543 5234 1569 5262 ‹‹
1603 5220 1746 5270 Ἐντα
1768 5221 1826 5268 τὰ

178 5318 290 5379 ἅγια
318 5316 595 5375 ἀπέκειντο,
642 5305 914 5359 viderunt
956 5303 1147 5358 omnia
1188 5321 1315 5375 quae
1357 5305 1509 5360 intus
1547 5309 1728 5372 erant,
1769 5309 1826 5359 et

183 5403 566 5457 sanctissimus
619 5397 836 5453 Christi
886 5397 1146 5468 sanguis,
1194 5405 1249 5452 τὸ
1288 5405 1547 5467 ἁγιώτατον
1584 5406 1702 5468 αἷμα
1737 5403 1822 5453 τοῦ

187 5503 398 5568 Χριστοῦ,
441 5497 508 5552 in
550 5491 976 5568 praedictorum
1020 5495 1197 5544 vestes
1237 5491 1648 5546 etl‘undebatur.
1695 5513 1721 5538 ››
1768 5491 1823 5544 ld

185 5598 356 5649 autem
377 5593 608 5649 factum
635 5589 748 5654 est,
781 5599 916 5637 cum
941 5599 1136 5638 omnes
1163 5584 1550 5638 catechumeni
1589 5584 1660 5638 ad
1697 5601 1820 5639 sus-

184 5688 491 5763 cipiendum
522 5680 840 5754 baptisma
874 5677 1052 5747 aptati
1089 5681 1291 5733 essent.
1324 5677 1472 5748 Ergo
1505 5681 1634 5731 ante
1671 5693 1824 5732 sacra

170 5787 447 5858 celebmta,
512 5793 662 5856 quae
724 5769 974 5828 Sabbato
1023 5774 1233 5840 sancto,
1282 5769 1508 5826 nonnisi
1553 5770 1824 5826 absolutis

171 5883 408 5964 bapusmi
441 5865 870 5940 cmremoniis,
899 5864 969 5918 ab
1002 5863 1234 5938 antiquo
1266 5864 1517 5921 inchoari
1558 5880 1680 5920 mos
1717 5869 1820 5932 est,

1930 1971 1999 2025 ad
2025 1973 2372 2043 Calosyrium
2401 1975 2728 2044 episcopum
2758 1974 3024 2028 scribens.
3105 1981 3117 1988 '

2006 2070 2090 2121 l2.
2141 2066 2250 2120 Sed
2303 2066 2504 2119 Graecis
2554 2065 2678 2119 aliis
2729 2051 2949 2120 omissis
2991 2067 3153 2120 venio
3191 2067 3258 2121 ad
3300 2069 3545 2138 Latinos,

1929 2175 2173 2229 quorum
2203 2159 2350 2211 inter
2378 2157 2591 2228 primos
2633 2159 2878 2212 occurrit
2917 2158 3170 2229 Optatus.
3216 2161 3264 2212 ls
3296 2159 3355 2213 in
3389 2160 3487 2215 lib.
3528 2177 3547 2214 ι

1928 2251 2309 2322 conqueritur,
2337 2250 2486 2320 quod
2514 2251 2680 2303 factio
2707 2251 3120 2304 Donatistarum
3143 2268 3208 2305 eo
3226 2268 3404 2323 usque
3426 2269 3548 2308 eru-

1926 2343 2115 2413 pisset,
2148 2347 2212 2396 ut
2229 2342 2501 2412 jusserint
2528 2365 2554 2390 «
2596 2343 3004 2396 Eucharistiam
3044 2343 3274 2398 canibus
3305 2345 3486 2400 fundi.
3514 2364 3541 2397 ι)

1926 2436 1986 2488 In
2015 2435 2111 2489 lib.
2139 2452 2190 2488 γι
2215 2435 2410 2488 eadem
2437 2436 2666 2505 querela
2694 2436 2947 2503 iteratur,
2995 2434 3120 2507 89
3157 2437 3306 2506 quod
3355 2438 3540 2507 frege-

1927 2527 2039 2580 rint
2076 2527 2456 2596 eraserintque
2495 2527 2710 2593 altaria,
2753 2527 2810 2580 in
2845 2527 3049 2597 quibus
3089 2533 3215 2582 vota
3256 2529 3450 2599 populi
3488 2535 3544 2584 et

1926 2620 2179 2673 membra
2208 2620 2413 2674 Christi
2451 2624 2668 2690 portata
2706 2623 2856 2687 sunt,
2900 2638 2928 2669 »
2975 2619 3089 2672 imo
3137 2641 3165 2668 (ι
3202 2620 3301 2674 ubi
3343 2637 3544 2692 corpus

1925 2712 2128 2765 Christi
2153 2712 2456 2777 habitabat,
2491 2733 2517 2760 »
2545 2711 2696 2782 quod
2725 2728 2834 2764 non
2853 2711 2921 2764 de
2946 2715 3266 2766 transeunte
3293 2717 3348 2767 et
3373 2714 3541 2767 hora-

1926 2803 2007 2856 ria
2036 2805 2115 2872 (ut
2143 2804 2217 2858 ita
2258 2804 2457 2873 dicam)
2497 2803 2752 2856 sacriﬁcii
2792 2805 3031 2874 actione,
3068 2805 3163 2857 sed
3201 2804 3268 2858 de
3313 2821 3534 2875 perma-

1926 2897 2082 2950 nenti
2108 2896 2450 2950 habitatione
2482 2895 2972 2966 interpretandum
2999 2902 3083 2951 est
3109 2913 3123 2950 :
3152 2913 3254 2950 nec
3282 2913 3412 2950 sane
3449 2914 3536 2950 sa-

1927 3004 2021 3041 cra
2046 2993 2166 3042 tum
2190 2989 2416 3057 fiebant,
2448 3005 2578 3042 cum
2606 2989 2903 3043 Donatistae
2929 2989 2987 3043 in
3015 2989 3324 3055 ecclesiam,
3359 2989 3417 3044 in
3452 2991 3538 3062 ip-

1927 3097 2052 3134 sum
2081 3098 2284 3153 corpus
2309 3080 2511 3136 Christi
2544 3081 2777 3150 grassati
2805 3087 2954 3136 sunt.

2003 3176 2086 3228 13.
2116 3175 2322 3227 Eadem
2353 3174 2654 3228 reservatio
2678 3174 2901 3244 probari
2927 3179 3109 3244 potest
3139 3190 3206 3228 ex
3229 3175 3328 3229 lib.
3355 3191 3393 3228 ιι
3423 3175 3543 3229 Dia-

1927 3265 2190 3336 logorum
2219 3265 2474 3336 Gregorii
2503 3267 2687 3337 Magni
2714 3283 2836 3338 cap.
2865 3268 2956 3335 24,
2987 3267 3082 3320 ubi
3110 3271 3332 3322 sanctus
3363 3269 3536 3323 Bene-

1927 3358 2126 3427 dictus,
2154 3359 2344 3412 audito
2365 3359 2704 3412 monachum
2733 3375 2762 3413 e
2783 3357 2897 3412 suis
2917 3359 3219 3430 quemdam
3240 3359 3539 3430 sepultura:

1925 3450 2194 3506 beneﬁcio
2223 3450 2486 3506 divinitus
2514 3451 2710 3518 arceri,
2741 3451 2956 3506 nuntiis
2989 3473 3016 3500 ‹‹
3045 3467 3216 3505 manu
3244 3469 3345 3506 sua
3369 3453 3541 3522 proti-

1925 3559 2033 3598 nus
2059 3544 2511 3598 communionem
2535 3543 2804 3598 dominici
2840 3544 3086 3614 corporis
3124 3543 3294 3612 dedit,
3335 3543 3539 3615 (atque)

1926 3636 2034 3690 hoc
2069 3635 2414 3691 dominicum
2461 3652 2666 3706 corpus
2693 3651 2865 3705 super
2895 3641 3087 3706 pectus
3126 3635 3370 3706 (mortui)
3409 3652 3539 3690 cum

1927 3728 2235 3784 reverentia
2277 3727 2416 3800 poni
2464 3727 2790 3798 (praicepit,)
2831 3743 3075 3798 eumque
3113 3728 3418 3799 sepultura).
3459 3728 3540 3782 sic

1924 3821 2089 3876 tradi.
2137 3842 2164 3870 »
2204 3820 2455 3875 Notanda
2495 3820 2766 3891 particula
2799 3820 3075 3890 protinus,
3118 3819 3224 3873 hoc
3260 3825 3343 3874 est
3384 3820 3540 3876 nulla

1923 3915 2251 3986 interposita
2294 3930 2472 3984 mora,
2501 3930 2630 3985 qua:
2653 3913 2722 3968 ad
2747 3929 2900 3966 sacra
2925 3913 3256 3968 celebranda
3279 3929 3531 3970 necessa-

1925 4007 2007 4062 ria
2032 4013 2171 4062 erat.

2000 4101 2083 4154 14.
2113 4099 2265 4154 Idem
2291 4115 2413 4154 mos
2451 4099 2813 4154 Eucharistiaa
2851 4091 3210 4154 asservandae‘
3226 4099 3377 4171 apud
3410 4098 3537 4153 Gal-

1923 4191 2008 4246 los
2027 4193 2148 4263 jam
2177 4192 2464 4247 obtinebat
2490 4197 2746 4265 tempore
2774 4191 3038 4263 Perpetui
3066 4191 3402 4247 Turonensis
3428 4192 3541 4263 epi-

1923 4285 2096 4356 sc0pi,
2126 4285 2182 4340 id
2213 4291 2297 4340 est
2321 4286 2524 4340 saeculo
2555 4302 2606 4354 v,
2636 4302 2748 4357 quo
2766 4291 3017 4356 tempore
3038 4287 3343 4356 Perpetuus
3360 4285 3420 4340 in
3439 4301 3539 4340 suo

1922 4382 2256 4432 testamento
2285 4397 2312 4429 α
2339 4377 2620 4433 Amalario
2650 4378 2974 4449 presbytero
2993 4378 3278 4448 capsulam
3293 4394 3540 4432 commu-

1921 4487 2055 4526 nem
2072 4487 2246 4526 unam
2272 4471 2339 4526 de
2369 4471 2564 4540 serico,
2593 4472 2726 4524 item
2754 4471 3111 4541 peristerium
3137 4475 3194 4524 et
3223 4470 3538 4526 columbam

1922 4563 1990 4618 ad
2020 4563 2412 4635 repositorium
2439 4563 2552 4631 dat,
2583 4582 2610 4613 »
2643 4564 2922 4633 legatque.
2953 4564 3134 4618 Rocus
3158 4562 3411 4617 minister
3434 4579 3534 4617 na-

1924 4661 2018 4727 gat
2040 4657 2184 4710 hanc
2213 4656 2529 4710 columbam
2559 4655 2628 4710 ad
2656 4654 3082 4724 Eucharistiam,
3109 4655 3203 4710 sed
3225 4655 3292 4710 ad
3319 4655 3538 4727 quidvis

1921 4748 2073 4803 aliud
2098 4747 2483 4820 reponendum
2511 4747 2681 4804 fuisse
2708 4747 3042 4804 institutam.
3071 4749 3136 4802 Et
3167 4747 3288 4802 haec
3309 4748 3538 4819 quidem

1923 4842 2209 4912 responsio
2243 4841 2456 4912 aliquid
2485 4842 2710 4910 valeret,
2744 4841 2789 4895 si
2817 4841 3005 4895 nullus
3031 4841 3172 4896 alius
3207 4841 3368 4895 nobis
3401 4858 3536 4912 sup-

1922 4939 2138 5006 peteret
2162 4936 2318 4990 locus
2344 4934 2412 4988 ad
2441 4934 2792 5006 probandan
2831 4951 2998 4988 usum
3035 4933 3420 4988 columbarum
3456 4950 3540 4988 ar-

1924 5033 2253 5098 gentearum
2290 5044 2657 5083 aurearumve
2693 5029 2760 5082 ad
2805 5026 3165 5082 Eucharistite
3209 5026 3539 5081 reservatio-

1922 5137 2073 5175 nem.
2097 5124 2165 5175 At
2184 5122 2358 5175 multa
2381 5121 2434 5175 id
2456 5121 2720 5175 evincunt
2741 5125 2993 5175 veterum
3011 5119 3348 5188 testimonia,
3369 5124 3538 5192 atque

1923 5214 2064 5268 ritus
2089 5214 2256 5268 etiam
2285 5214 2452 5289 hodie
2478 5214 2815 5284 quibusdam
2843 5215 2901 5268 in
2920 5214 3053 5268 locis
3073 5229 3450 5285 perseverans,
3470 5216 3536 5268 ut

1922 5307 1980 5360 in
2006 5306 2235 5360 ecclesia
2259 5305 2432 5359 sancti
2472 5306 2645 5360 Mauri
2685 5323 2862 5377 prope
2903 5306 3140 5360 Parisios
3171 5323 3184 5360 :
3229 5306 3327 5360 ubi
3359 5307 3536 5361 conti-

1921 5399 2123 5454 nenda:
2167 5399 2366 5453 divina:
2418 5399 2783 5452 Eucharistize
2826 5399 3033 5453 vasculi
3073 5400 3192 5454 loco
3229 5404 3312 5454 est
3347 5405 3542 5454 aurata

1922 5493 2200 5547 columba.
2233 5493 2383 5547 Idem
2403 5508 2524 5545 mos
2549 5492 2684 5546 olim
2710 5491 2934 5562 vigebat
2959 5491 3110 5562 apud
3147 5491 3537 5547 Cluniacenses

1922 5589 2161 5652 nostros,
2188 5589 2327 5640 teste
2357 5584 2628 5654 Udalrico,
2660 5585 2760 5656 qui
2785 5583 3046 5656 pyxidem
3075 5601 3278 5656 corpus
3305 5583 3539 5639 domini-

1921 5695 2051 5734 cum
2067 5678 2136 5732 ad
2155 5677 2417 5733 viaticum
2435 5677 2788 5732 inﬁrmorum
2809 5676 3207 5746 continentem,
3234 5696 3262 5730 ς(
3287 5677 3348 5731 in
3367 5689 3534 5729 aurea

1923 5771 2181 5826 columba
2199 5771 2417 5843 jugiter
2443 5770 2718 5843 pendente
2747 5787 2916 5843 super
2950 5771 3121 5826 altare
3166 5789 3192 5820 ι)
3237 5768 3402 5824 fuisse
3439 5779 3529 5819 re-

1925 5865 2202 5922 conditam
2233 5865 2420 5922 scribit
2449 5864 2507 5922 in
2532 5865 2628 5923 lib.
2659 5881 2819 5939 lcap.
2848 5866 2899 5920 8.
