3968 6430
427 350 524 404 163

1213 345 1544 402 APPENDIX
1583 345 1668 400 AD
1705 345 1926 400 OPERA
1963 343 2194 399 SANCTI
2228 343 2526 400 GERMANI
2567 340 2990 398 PARISIENSIS.

3700 337 3818 392 164

497 473 625 549 90
659 477 744 532 15.
772 474 876 532 Sed
899 474 1184 546 antiquius
1209 479 1293 530 est
1317 475 1704 530 testimonium
1728 474 1865 530 Vita
1893 473 2046 528 Basi-
2071 465 2130 538 A
2148 450 2632 549 Vf’riéimimmum
2650 455 2734 504 θεῖ
2759 449 3048 549 θοῙυΠξῙξθε
3076 447 3444 549 illa-Saeuam.
3459 462 3595 549 (lum
3623 459 3825 549 §qur

421 569 486 626 lii
503 569 710 640 Magni,
729 585 856 640 quae
871 569 999 623 licet
1009 567 1405 640 Amphitochio
1419 585 1718 640 perperam
1736 568 2042 633 tribuatur,

424 668 615 719 tamen
638 662 707 716 ab
732 666 956 717 auctore
985 662 1288 717 veterrimo
1315 662 1523 734 scripta
1561 665 1665 730 est,
1705 665 1875 732 atque
1923 660 2048 714 lau-

428 757 557 812 data
591 756 660 809 ab
695 757 868 810 IEnea
909 755 1204 810 Parisiensi
1242 756 1502 827 episcopo
1545 754 1605 809 in
1641 755 1740 809 lib.
1787 755 2054 808 adversus

429 851 668 916 Graecos,
700 848 892 903 relatis
919 848 1240 904 iisdemmet
1269 848 1450 904 verbis
1475 864 1603 920 qua:
1628 848 1796 902 modo
1813 847 1872 901 in
1889 863 2056 918 argu-

427 945 620 996 mento
674 946 990 997 versantur.
1042 941 1278 996 Basilius
1314 941 1526 1014 quippe
1567 945 1696 1012 post
1738 941 1952 996 elatum
1997 941 2056 995 in

427 1036 598 1092 missa
625 1035 969 1091 dominicum
996 1052 1222 1106 panem,
1255 1051 1386 1090 eum
1415 1035 1473 1088 in
1499 1039 1612 1090 tres
1639 1039 1826 1106 partes
1845 1034 2054 1104 divisit,

429 1145 675 1201 quarum
703 1145 876 1184 unam
904 1129 1021 1200 ipse
1051 1128 1312 1200 sumpsit,
1335 1128 1508 1182 aliam
1527 1127 1588 1182 in
1606 1144 1781 1184 aurea
1801 1127 2059 1182 columba

431 1239 604 1294 super
629 1222 802 1277 altare
828 1227 1241 1276 sacrosanctum
1265 1221 1574 1291 collocavit,
1612 1229 1696 1286 τήν
1732 1228 1890 1294 ἑτέραν
1920 1227 2062 1282 ἐνθεὶς

431 1320 681 1379 περιστερᾷ
715 1318 869 1378 χρυσῇ
910 1314 1169 1380 ἐκρέμασεν
1201 1313 1359 1362 ἐπάνω
1391 1312 1477 1363 τοῦ
1522 1313 1662 1376 ἁγίου
1701 1311 2056 1376 Θυσιαστηρίου.

435 1401 578 1457 Cum
605 1400 796 1472 itaque
826 1401 1136 1471 Perpetuus
1162 1399 1444 1456 Amalario
1481 1400 1810 1472 presbytero
1843 1398 2058 1453 colum-

434 1489 566 1545 bam
614 1495 944 1562 argenteam
993 1491 1064 1546 ad
1106 1490 1502 1562 repositorium
1548 1506 1680 1544 cum
1723 1489 1846 1543 aliis
1891 1488 2061 1542 sacris

434 1583 602 1639 rebus
631 1584 800 1654 legat,
834 1583 902 1638 de
931 1583 1212 1653 columba,
1250 1600 1378 1656 quas
1411 1583 1480 1638 ad
1518 1582 1913 1638 asservandam
1945 1583 2059 1635 Eu-

435 1676 760 1732 charistiam
784 1677 926 1732 facta
952 1682 1094 1744 erat,
1122 1677 1578 1748 interpretandus
1602 1676 1844 1731 videtur.

511 1773 596 1826 l6.
625 1770 935 1826 Fatendum
965 1774 1155 1825 tamen
1197 1774 1298 1840 est,
1337 1787 1453 1824 non
1490 1769 1694 1839 ubivis,
1734 1785 1864 1824 cum
1907 1768 1971 1824 fit
2002 1768 2063 1823 in

437 1862 606 1917 rebus
643 1863 814 1917 etiam
857 1863 1242 1918 ecclesiasticis
1278 1863 1672 1918 columbarum
1713 1863 1947 1932 mentio,
1993 1833 2139 1917 deB

439 1955 712 2010 columbis
751 1957 1120 2010 Eucharistiae
1173 1956 1462 2012 servandae
1505 1956 1707 2028 aptatis
1746 1972 2067 2010 sermonem

441 2063 577 2102 esse.
625 2047 826 2101 Tribus
867 2047 1078 2118 quippe
1124 2047 1186 2102 in
1223 2047 1358 2102 locis
1403 2048 1679 2103 columbae
1719 2047 1974 2104 adhiberi
2008 2048 2068 2102 in

440 2139 672 2194 ecclesia
701 2139 975 2206 solebant,
1005 2156 1212 2211 nempe
1239 2140 1298 2195 in
1339 2139 1702 2212 baptisteriis,
1741 2140 1802 2195 in
1833 2141 2070 2196 tumulis

441 2249 574 2287 cum
593 2238 934 2303 sanctorum,
953 2237 1077 2288 tum
1093 2233 1332 2288 aliorum
1351 2233 1650 2288 hominum
1667 2234 1776 2288 insi
1783 2235 2066 2306 guiorum,

443 2331 499 2381 et
527 2326 586 2380 in
613 2325 878 2380 altaribus
906 2326 1094 2382 sacris.
1125 2328 1186 2381 In
1211 2327 1552 2400 baptisteriis
1589 2327 1844 2398 mysterii
1883 2345 2068 2398 causa,

445 2419 515 2474 ad
540 2419 972 2490 signiﬁcandum
1009 2419 1217 2475 scilicet
1241 2420 1514 2490 Spiritum
1555 2423 1830 2487 sanctum,
1879 2421 1978 2492 qui
2011 2421 2071 2474 in

441 2512 719 2566 columbae
749 2512 929 2584 specie
955 2529 1126 2584 super
1152 2513 1438 2569 Christum
1467 2513 1808 2585 baptizatum
1851 2519 2069 2584 specta—

443 2604 611 2660 bilem
641 2621 698 2660 se
724 2605 968 2677 prmbuit
995 2623 1009 2660 :
1042 2606 1234 2677 quales
1275 2605 1447 2660 etiam
1485 2623 1638 2661 nunc
1677 2622 1848 2676 super
1880 2606 2070 2677 bapti-

443 2699 609 2753 steria
634 2716 898 2770 appensze
916 2702 1047 2752 sunt
1065 2699 1406 2770 quibusdam
1428 2699 1488 2754 in
1514 2699 1669 2754 locis.
1689 2700 1871 2770 Super
1888 2705 2009 2754 tum
2018 2717 2074 2754 u-

443 2791 526 2846 los
558 2792 756 2846 itidem
789 2796 1108 2863 martyrum
1153 2793 1443 2847 columbas
1491 2793 1738 2864 appendi
1777 2793 1912 2847 olim
1953 2809 2074 2848 mos

448 2890 587 2940 erat.
628 2885 785 2940 Unde
819 2885 914 2939 fur
947 2885 1180 2956 quidam
1221 2886 1282 2940 in
1327 2885 1559 2940 ecclesia
1595 2885 1772 2940 sancti
1810 2886 2072 2956 Dionysii,

451 3000 479 3028 α
517 2995 687 3050 super
723 2980 1043 3050 sepulcrum
1086 2983 1342 3034 sanctum
1383 2979 1595 3034 calcare
1638 2996 1754 3034 non
1793 2983 2071 3050 metuens,

449 3071 586 3126 dum
612 3071 934 3127 columbam
959 3090 1190 3128 auream
1214 3073 1406 3128 lancea
1435 3072 1638 3144 quaerit
1663 3073 1888 3143 elidere,
1920 3075 2072 3146 elap—

447 3163 523 3218 sis
549 3165 786 3236 pedibus
815 3165 884 3219 ab
911 3169 1152 3237 utraque
1177 3170 1360 3238 parte,
1393 3166 1527 3238 quia
1557 3167 1795 3222 turritus
1823 3172 1944 3222 erat
1981 3171 2071 3221 tu-

451 3259 658 3328 mulus,
689 3259 881 3314 lancea
905 3259 966 3313 in
994 3259 1167 3315 latere
1209 3260 1410 3329 defixa,
1451 3260 1726 3315 exanimis
1763 3264 1848 3314 est
1881 3261 2075 3315 iuven-

450 3357 562 3423 tus,
595 3371 624 3405 »
649 3353 800 3424 apud
829 3352 1162 3425 Gregorium
1192 3353 1251 3408 in
1277 3353 1374 3408 lib.
1401 3371 1421 3407 1
1447 3353 1515 3408 de
1541 3353 1728 3408 Gloria
1761 3359 2078 3426 martyrum

453 3463 575 3518 cap.
625 3448 712 3500 7'2.
758 3445 946 3500 Simile
994 3447 1338 3518 praestabant
1383 3447 1737 3518 Langobardi
1786 3463 1921 3518 erga
1952 3464 2081 3501 con-

453 3539 793 3611 sanguineos
818 3556 966 3609 suos,
996 3540 1274 3596 referente
1300 3540 1472 3595 Paulo
1509 3539 1844 3595 Warnefridi
1879 3539 1940 3594 in
1978 3540 2076 3596 lib.

453 3650 486 3687 v
511 3651 632 3706 cap.
670 3633 738 3688 34
777 3649 792 3688 :
837 3655 864 3682 (ί
909 3633 966 3688 Si
1007 3635 1136 3705 quis
1173 3634 1327 3689 enim
1370 3634 1642 3704 (suorum)
1683 3638 1782 3689 aut
1815 3633 1878 3688 in
1909 3634 2076 3704 bello,

450 3733 548 3782 aut
573 3727 1083 3800 quomodocumque
1106 3725 1220 3800 91
1253 3727 1563 3784 exstinctus
1585 3727 1803 3797 fuisset,
1835 3745 2077 3783 consan-

451 3821 642 3893 guinei
671 3821 758 3876 sui
783 3821 934 3877 intra
961 3821 1220 3893 sepulcra
1243 3838 1344 3876 sua
1387 3821 1662 3892 perticam
1708 3821 1976 3893 ﬁgebant,
2020 3821 2080 3876 in

451 3911 611 3982 cujus
637 3910 960 3964 summitate
991 3909 1313 3964 columbam
1351 3925 1421 3964 ex
1455 3909 1613 3981 ligno
1656 3910 1859 3966 factam
1901 3928 2078 3984 pone-

452 4004 610 4073 bant,
643 4015 772 4074 quae
793 4003 926 4057 illuc
952 4019 1112 4057 versa
1135 4007 1298 4070 esset,
1329 4003 1430 4058 ubi
1456 4019 1654 4058 eorum
1675 4004 1910 4060 dilectus
1936 4005 2084 4060 obis-

453 4101 559 4152 set.
601 4115 629 4147 »
662 4097 771 4150 Illae
798 4095 989 4167 itaque
1014 4096 1309 4166 columbae,
1337 4097 1452 4152 sive
1483 4113 1611 4168 qua:
1629 4098 1689 4152 in
1713 4098 2077 4170 baptisteriis,

454 4191 571 4246 sive
595 4206 724 4261 qum
749 4189 809 4243 in
831 4189 1065 4244 tumulis
1083 4206 1366 4262 appensae,
1384 4195 1544 4246 erant
1556 4192 1626 4246 ad
1646 4192 1982 4264 mysterium
1997 4194 2082 4247 vel

409 4309 417 4314 -
456 4285 528 4340 ad
549 4285 832 4352 ornatum,
855 4299 970 4338 non
983 4283 1455 4339 adasservandum
1479 4285 1766 4357 viaticum,
1787 4286 1844 4341 id
1867 4292 1951 4342 est
1967 4303 2083 4341 non

453 4377 527 4432 ad
552 4375 966 4448 repositorium,
994 4377 1176 4449 qualis
1204 4381 1325 4432 erat
1348 4378 1441 4432 illa
1475 4379 1738 4450 Perpetui
1777 4380 2034 4434 columba
2065 4396 2078 4434 :

453 4489 581 4544 qum
609 4489 739 4528 cum
759 4470 1089 4543 simpliciter
1109 4471 1368 4526 columba
1387 4472 1458 4526 ad
1474 4472 1874 4544 repositorium
1893 4473 2085 4546 appel-

2148 545 2344 600 altaria
2369 560 2634 616 appenszr.
2671 548 2850 613 erant,
2883 543 2953 597 ad
2971 543 3078 597 hoc
3105 542 3380 598 duntaxat
3416 541 3594 596 fuisse
3631 538 3824 594 insti-

2151 644 2320 705 tutas,
2350 655 2556 710 nempe
2583 639 2642 692 in
2669 638 2913 709 figuram
2941 636 3182 707 Spiritus
3209 635 3408 706 sancti,
3440 645 3507 700 εἰς
3529 645 3692 691 τύπον
3721 638 3826 690 τοῦ

2152 741 2291 804 ἁγίου
2331 741 2622 803 Πνεύματος,
2654 731 2738 786 uti
2783 735 2839 786 et
2887 729 3028 800 illas,
3075 747 3204 802 qua:
3249 747 3421 800 super
3464 727 3828 800 baptisteria

2152 828 2492 900 pendebant.

2230 924 2315 976 l8.
2342 921 2426 976 Ad
2451 919 2733 991 triplicem
2760 917 2950 989 itaque
2972 934 3141 972 usum
3169 917 3441 971 institutae
3468 918 3638 970 erant
3659 913 3714 985 ej
3726 930 3829 968 us-

2157 1015 2312 1069 modi
2337 1013 2630 1075 columbae,
2661 1027 2868 1082 nempe
2899 1011 2968 1066 ad
3013 1011 3259 1082 ﬁguram
3297 1027 3396 1065 seu
3433 1009 3826 1080 mysterium,

2157 1109 2227 1164 ad
2255 1112 2539 1173 ornatum,
2583 1111 2639 1160 et
2677 1106 2750 1159 ad
2787 1103 3208 1176 repositorium.
3246 1103 3421 1158 Primi
3459 1108 3516 1158 et
3561 1100 3830 1156 secundi

2161 1201 2382 1274 generis
2405 1199 2680 1254 columba:
2711 1203 2874 1252 erant
2893 1197 2952 1252 in
2976 1197 3323 1268 baptisteriis
3357 1200 3415 1252 et
3453 1196 3512 1250 in
3557 1195 3828 1268 quibus-

2159 1295 2292 1352 dam
2334 1293 2636 1360 altaribus;
2689 1291 2840 1347 tertii
2881 1307 3014 1346 vero
3053 1291 3278 1362 generis
3315 1290 3438 1344 aliae
3478 1289 3704 1362 passim
3747 1287 3831 1342 ad

2160 1387 2554 1444 continendam
2583 1385 2989 1440 Eucharistiam
3021 1384 3288 1439 divinam.

2236 1485 2321 1537 l9.
2351 1481 2431 1536 Ad
2459 1481 2664 1535 harum
2689 1479 2880 1534 tamen
2905 1478 3282 1533 imitationem
3323 1477 3606 1532 columbae
3655 1492 3836 1549 quae-

2162 1576 2292 1630 dam
2344 1574 2513 1629 etiam
2563 1573 2634 1626 ad
2685 1571 3038 1644 reponendus
3088 1571 3360 1643 reliquias
3409 1587 3598 1626 sacras
3643 1569 3835 1625 facta

2161 1672 2334 1724 sunt:
2379 1683 2494 1740 quo
2528 1666 2588 1721 in
2632 1664 2758 1738 92
2801 1681 3007 1737 genere
3048 1669 3170 1720 erat
3202 1664 3297 1718 illa
3330 1664 3584 1719 ecclesiae
3623 1663 3836 1720 beatae

2161 1762 2347 1818 Maria:
2373 1759 2778 1826 Landunensis,
2809 1759 2972 1830 cujus
2998 1757 3265 1813 meminit
3288 1759 3655 1813 Hermannus
3683 1774 3835 1813 mo-

2163 1856 2376 1912 nachus
2399 1854 2460 1908 in
2487 1854 2590 1908 lib.
2620 1869 2678 1907 ιιι
2705 1853 2772 1907 de
2802 1852 3077 1906 Miraculis
3105 1855 3311 1906 sanctas
3341 1851 3529 1906 Mariae
3557 1867 3690 1924 cap.
3725 1855 3834 1921 28,

2164 1950 2262 2006 ubi
2287 1950 2355 2004 de
2379 1949 2530 2002 furto
2553 1946 2804 2000 Anselmi
2829 1946 3146 2017 cujusdam,
3170 1945 3271 2018 qui
3301 1967 3329 1995 ‹‹
3369 1961 3568 2000 cruces
3605 1960 3838 2000 aureas

2167 2049 2222 2099 et
2255 2041 2600 2114 phylacteria
2639 2039 3022 2110 confringens,
3063 2039 3214 2095 inter
3251 2043 3457 2094 caetera
3490 2039 3670 2093 etiam
3711 2055 3836 2094 au-

2167 2149 2322 2189 ream
2349 2131 2670 2186 columbam
2713 2128 3010 2200 confregit,
3041 2145 3167 2199 quaa
3194 2144 3299 2200 pro
3325 2129 3469 2182 lacte
3495 2132 3554 2182 et
3591 2127 3837 2199 capillis

2169 2226 2374 2277 sanctae
2419 2220 2626 2289 Mariae,
2673 2223 2740 2274 ut
2774 2217 3078 2284 ferebatur,
3124 2217 3439 2272 introrsum
3477 2217 3835 2285 reconditis,

2168 2315 2414 2370 multum
2439 2318 2559 2368 erat
2587 2313 2802 2367 famosa
2827 2315 2882 2366 et
2903 2309 3268 2366 honorabilis.
3287 2309 3446 2365 Unde
3472 2314 3530 2366 et
3547 2311 3613 2366 in
3641 2312 3840 2383 majo-

2169 2409 2326 2463 ribus
2352 2407 2505 2463 festis
2533 2423 2704 2478 super
2727 2407 2848 2476 ejus
2875 2404 3050 2458 altare
3076 2404 3290 2459 solebat
3315 2404 3592 2475 appendi.
3635 2426 3668 2454 »
3717 2407 3836 2462 Ve-

2171 2518 2302 2558 rum
2325 2519 2441 2556 non
2467 2517 2690 2571 semper
2717 2516 2978 2570 appensa;
3009 2501 3173 2554 erant
3213 2497 3494 2568 ejusmodi
3531 2499 3840 2556 columbae

2172 2612 2342 2668 super
2378 2596 2571 2663 altare,
2615 2593 2712 2648 sed
2745 2593 2817 2648 ad
2855 2593 3024 2647 breve
3063 2596 3289 2662 tempus
3319 2608 3334 2646 :
3384 2608 3578 2664 neque
3615 2592 3841 2664 primis

2173 2689 2391 2744 saeculis
2413 2687 2680 2760 reliquias
2707 2702 2878 2758 super
2904 2685 3102 2741 altaria
3134 2685 3383 2758 appendi
3420 2685 3632 2758 religio
3671 2687 3840 2742 fere-

2173 2785 2288 2839 bat.
2344 2783 2534 2854 Neque
2588 2781 2778 2835 forsan
2822 2779 2956 2834 alibi
3011 2779 3234 2850 uspiam
3287 2778 3534 2834 inveniri
3601 2780 3844 2852 possint

2173 2876 2453 2949 ejusmodi
2478 2875 2755 2930 columbae
2781 2874 2850 2929 ad
2875 2873 3242 2928 continendas
3269 2871 3540 2944 reliquias
3566 2892 3584 2928 :
3611 2890 3728 2930 nec
3756 2876 3837 2930 ob

2173 2971 2280 3026 hoc
2304 2969 2590 3042 singulare
2617 2969 2827 3023 factum
2857 2967 3066 3022 elevari
3090 2966 3259 3021 debet
3278 2983 3348 3020 ex
3368 2967 3646 3038 Perpetui
3661 2974 3844 3024 testa-

2173 3069 2363 3120 mento
2391 3063 2564 3136 petita
2589 3061 2890 3117 auctoritas
2917 3061 2989 3116 ad
3012 3060 3372 3132 probandum
3401 3076 3576 3115 usum
3603 3061 3844 3118 colum-

2174 3159 2378 3213 barum
2402 3173 2507 3228 pro
2533 3155 2898 3211 Eucharistiae
2926 3171 3025 3210 seu
3050 3153 3238 3208 viatici
3266 3154 3678 3212 asservatione.

2097 3207 2152 3280 Ο
2247 3255 2338 3307 20.
2369 3207 2738 3306 Ebeharistiae
2768 3253 3062 3304 asservatae
3091 3251 3501 3319 argumentum
3525 3249 3755 3306 certius
3784 3255 3848 3306 et

2180 3345 2521 3418 exploratius
2549 3343 2758 3415 legitur
2781 3342 2842 3397 in
2869 3359 3084 3397 canone
3111 3345 3142 3396 3
3181 3341 3403 3398 concilii
3442 3359 3485 3396 ιι
3521 3343 3844 3400 Turonen-

2180 3440 2273 3510 sis,
2313 3438 2414 3511 qui
2452 3438 2521 3493 de
2557 3436 2960 3508 compositione
3001 3435 3252 3508 corporis
3286 3435 3513 3490 Domini
3553 3436 3620 3492 in
3661 3438 3849 3495 altari

2179 3533 2525 3601 inscribitur,
2550 3531 2638 3586 his
2663 3530 2896 3585 omnino
2922 3529 3106 3585 verbis
3130 3545 3430 3600 expressus
3460 3547 3474 3585 :
3530 3534 3599 3586 Ut
3635 3548 3851 3605 corpus

2179 3629 2394 3684 Domini
2420 3628 2477 3680 in
2501 3627 2692 3689 altari,
2722 3641 2829 3680 non
2868 3627 2928 3679 in
2969 3625 3298 3694 imaginario
3341 3624 3556 3688 ordine,
3595 3627 3703 3682 sed
3737 3629 3848 3684 sub

2180 3723 2352 3776 crucis
2379 3721 2534 3776 titulo
2564 3723 2936 3790 componatur.
2970 3719 3046 3772 De
3077 3719 3184 3773 hoc
3213 3731 3430 3774 canone
3472 3718 3668 3775 fusius
3706 3721 3846 3794 egi-

2180 3831 2309 3870 mus
2331 3813 2391 3868 in
2419 3813 2606 3868 libello
2636 3813 2706 3868 de
2726 3816 2933 3884 Azymo
2958 3829 3082 3884 cap.
3115 3813 3168 3866 8.
3199 3812 3306 3867 Sed
3327 3812 3594 3884 quaedam
3621 3813 3727 3870 hic
3755 3833 3851 3872 re-

2179 3912 2418 3963 tractare
2436 3907 2618 3978 juvat.
2645 3907 2778 3961 Tres
2804 3909 2937 3960 sunt
2965 3906 3035 3961 de
3079 3904 3414 3978 explicando
3456 3907 3566 3962 hoc
3605 3924 3847 3966 canone

2180 4001 2597 4056 Catholicorum
2641 3999 2954 4056 sententiae.
3003 3999 3198 4054 Binius
3231 3999 3520 4056 existimat
3567 4001 3684 4057 hoc
3731 4003 3848 4060 de-

2181 4099 2332 4152 creto
2358 4094 2648 4168 prohiberi
2671 4111 2744 4150 ne
2777 4111 2980 4166 corpus
3015 4093 3242 4149 Domini
3277 4093 3430 4150 inter
3467 4111 3661 4150 sacras
3693 4097 3852 4153 ima-

2185 4191 2344 4263 gines
2366 4205 2537 4262 super
2563 4189 2734 4244 altare
2761 4187 2897 4259 poni
2924 4187 3133 4257 solitas,
3166 4188 3266 4242 sed
3289 4187 3478 4260 potius
3517 4189 3852 4248 collocetur

2182 4283 2286 4339 sub
2315 4283 2437 4355 ipsa
2459 4298 2644 4352 cruce,
2673 4297 2802 4354 quae
2827 4281 2887 4336 in
2911 4280 3233 4337 meditullio
3261 4281 3441 4354 ipsius
3469 4282 3674 4339 altaris
3693 4286 3850 4358 poni

2183 4377 2488 4433 consuevit.
2543 4376 2778 4431 Iacobus
2829 4375 3167 4430 Sirmundus
3219 4390 3251 4430 e
3299 4375 3585 4432 contrario
3636 4385 3851 4436 censet

2183 4472 2328 4527 nihil
2355 4469 2507 4525 aliud
2532 4469 2640 4524 hoc
2665 4485 2876 4524 canone
2901 4469 3102 4538 vetari,
3135 4485 3308 4541 quam
3319 4474 3400 4524 .ut
3421 4470 3590 4541 panis
3617 4470 3686 4527 in
3715 4490 3851 4529 cor-

454 4567 622 4635 letur,
649 4582 765 4622 non
787 4566 855 4622 de
869 4565 976 4620 alia
995 4581 1056 4621 re
1080 4582 1253 4638 quam
1269 4565 1337 4622 de
1359 4566 1705 4622 Eucharistia
1723 4567 1781 4623 id
1799 4567 2080 4640 interpre-
2099 4576 2160 4650 D
2182 4584 2288 4640 pus
2327 4563 2548 4620 Domini
2579 4563 2990 4621 consecrandus
3036 4579 3152 4617 non
3192 4562 3358 4618 aliter
3401 4579 3508 4636 pro
3547 4565 3850 4640 cujusque

454 4661 692 4716 tandum
719 4663 824 4716 est.

527 4758 615 4810 17.
646 4756 833 4810 Unum
861 4757 1034 4808 restat
1060 4753 1267 4808 scilicet
1291 4753 1360 4808 de
1389 4753 1662 4810 columbis
1699 4753 1970 4810 altaribus
1987 4772 2082 4826 ap-

453 4849 662 4923 pensis,
691 4865 821 4921 quae
847 4847 1001 4903 haud
1028 4846 1141 4902 scio
1167 4864 1239 4902 an
1259 4864 1456 4903 omnes
1483 4849 1650 4904 etiam
1675 4848 2080 4904 Eucharistiam

453 4944 834 5000 continebant.
866 4943 926 4997 lu
971 4941 1158 4996 libello
1197 4941 1618 5014 supplicationis
1658 4942 1993 4998 clericorum
2025 4947 2082 4998 et

453 5039 864 5094 monachorum
888 5035 1197 5092 Antiochim
1223 5036 1293 5091 ad
1321 5037 1594 5092 Joannem
1623 5037 2000 5108 patriarcham
2025 5042 2082 5091 et

452 5133 524 5188 ad
548 5133 823 5204 synodum
849 5131 949 5186 CP.
979 5130 1082 5186 sub
1109 5131 1308 5185 Menna
1334 5135 1740 5202 congregatam
1766 5135 1961 5186 contra
1981 5131 2078 5186 Se-

452 5242 652 5282 verum
679 5225 1087 5296 Acephalorum
1119 5225 1578 5296 antesignanum,
1619 5225 1866 5297 graviter
1905 5241 2078 5296 eXpo-

451 5321 665 5377 stulant
678 5319 779 5390 illi,
801 5319 952 5390 quod
965 5320 1199 5375 Severus
1213 5335 1398 5390 neque
1427 5319 1564 5391 ipsis
1584 5319 1788 5376 sanctis
1813 5319 2081 5375 altaribus

453 5413 812 5488 pepercisset,
843 5430 1028 5485 neque
1055 5413 1226 5468 sacris
1254 5413 1398 5467 vasis
1434 5429 1447 5468 :
1495 5413 1592 5468 sed
1629 5418 1686 5470 et
1725 5431 1753 5465 «
1795 5413 2082 5468 columbas

453 5524 652 5563 aureas
699 5513 754 5564 et
796 5512 1112 5579 argenteas,
1159 5519 1343 5579 χρυσᾶς
1386 5514 1470 5562 καὶ
1515 5513 1722 5578 ἀργυρᾶς
1761 5513 2035 5578 περιστεράς
2055 5531 2082 5560 ››

453 5601 514 5658 in
536 5603 779 5674 ﬁguram
809 5602 1046 5674 Spiritus
1075 5600 1252 5655 sancti
1273 5615 1444 5669 super
1473 5599 1660 5653 divina
1684 5599 1904 5652 lavacra
1929 5605 1983 5654 et
2008 5599 2086 5655 al-

454 5697 598 5753 taria
621 5713 914 5771 appensas,
945 5711 1060 5750 una
1082 5709 1214 5748 cum
1251 5691 1374 5746 aliis
1408 5691 1514 5746 sibi
1553 5691 1954 5764 appropriavit,
1994 5692 2081 5750 di-

451 5808 585 5848 cens
608 5807 724 5847 non
749 5793 1006 5863 oportere
1033 5787 1093 5843 in
1117 5784 1298 5858 specie
1339 5784 1612 5842 columba
1648 5784 1918 5858 Spiritum
1954 5803 2084 5843 san-

458 5891 615 5941 ctum
649 5883 966 5951 nominare,
1018 5900 1044 5934 »
1090 5884 1244 5935 tomo
1282 5877 1321 5932 V
1368 5877 1746 5937 Conciliorum
1784 5897 1915 5953 pag.
1963 5883 2085 5938 {59.

2177 4660 2412 4718 arbitrio
2440 4675 2609 4732 quam
2636 4659 2908 4730 impressa
2933 4673 3097 4712 cruce
3122 4656 3423 4714 formetur.
3462 4659 3660 4714 Tertia
3702 4678 3847 4718 sen-

2181 4755 2356 4812 tentia
2389 4759 2474 4809 est
2501 4753 2796 4824 cujusdam
2836 4751 2946 4806 viri
2980 4751 3314 4822 doctissimi,
3351 4751 3508 4807 hunc
3545 4769 3846 4812 canonem

2177 4847 2612 4920 intelligendum
2651 4862 2770 4902 esse
2817 4845 2888 4901 de
2934 4845 3325 4916 componenda
3365 4845 3658 4903 oblatione
3701 4865 3847 4906 cum

2179 4943 2348 4998 calice
2391 4946 2646 5013 tempore
2693 4939 2950 4994 sacriﬁcii
3002 4955 3033 4994 e
3075 4938 3312 5011 regione
3360 4937 3489 5012 93
3535 4943 3732 4998 crucis
3779 4944 3847 5000 in

2179 5036 2366 5092 medio
2389 5034 2552 5090 altari
2579 5033 2795 5106 positas,
2817 5049 2934 5088 non
2967 5049 3100 5089 vero
3139 5033 3212 5088 ad
3250 5032 3570 5104 dexteram,
3619 5039 3729 5092 aut
3767 5037 3846 5094 ad

2179 5129 2465 5185 sinistram
2491 5144 2521 5184 e
2547 5127 2780 5200 regione
2806 5126 3146 5198 imaginum.

2251 5227 2340 5279 2i.
2372 5223 2442 5278 Ut
2469 5221 2684 5277 sincere
2721 5237 2785 5276 ac
2825 5221 3073 5292 ingenue
3113 5219 3382 5291 profitear
3426 5222 3587 5292 quod
3627 5223 3844 5294 sentio,

2179 5315 2642 5392 prtemittendum
2668 5319 2753 5370 est
2778 5317 3106 5384 imaginario
3140 5314 3326 5370 ordine
3361 5314 3469 5370 hoc
3511 5315 3577 5372 in
3615 5335 3843 5376 canone

2181 5411 2328 5468 nihil
2352 5409 2505 5465 aliud
2529 5409 2856 5480 significari,
2881 5425 3054 5480 quam
3075 5408 3337 5464 ordinem
3358 5425 3459 5464 seu
3478 5409 3681 5468 locum
3701 5413 3846 5470 ima-

2186 5505 2405 5577 ginum.
2431 5505 2552 5568 Quo
2580 5519 2750 5559 sensu
2775 5505 3109 5572 imaginaria
3122 5505 3344 5574 pictura
3363 5502 3577 5560 dicitur
3597 5506 3674 5562 ab
3696 5511 3847 5564 Ana-

2183 5598 2350 5654 stasio
2376 5599 2437 5653 in
2463 5597 2718 5654 versione
2747 5597 2979 5653 secundi
3009 5596 3232 5652 concilii
3256 5597 3492 5667 Nicaeni,
3527 5604 3588 5655 et
3607 5600 3674 5656 in
3693 5603 3843 5660 libro

2183 5691 2370 5765 primo
2398 5691 2554 5748 Beati
2578 5691 2794 5747 abbatis
2821 5691 3090 5748 adversus
3108 5691 3452 5764 Elipandum
3473 5694 3841 5766 imaginarie,

2185 5785 2244 5842 id
2256 5792 2337 5843 est
2349 5786 2658 5844 secundum
2667 5785 2998 5858 imaginem,
3018 5790 3076 5842 et
3086 5785 3199 5843 alia
3219 5784 3280 5842 id
3293 5801 3478 5858 genus
3488 5803 3617 5846 non
3629 5807 3838 5864 pauca.

2189 5880 2398 5938 Deinde
2436 5881 2628 5938 titulus
2666 5882 2836 5936 crucis
2876 5880 3029 5937 idem
3068 5885 3153 5938 est
3190 5897 3253 5936 ac
3281 5896 3422 5937 crux
3463 5881 3614 5956 ipsa,
3666 5901 3841 5961 super
