3968 6444
151 387 232 440 163
1149 391 1234 448 DE
1273 391 1582 450 LITURGIA
1617 396 1984 452 GALLICANA
2023 397 2219 452 LIBER
2257 347 2526 454 PRIMUS:

3411 397 3508 456 {se

153 515 300 570 altare
323 513 432 585 (uti
458 498 745 588 superius
773 519 1040 591 vidimus)
1087 520 1228 576 olim
1273 522 1417 594 erigi
1455 524 1633 580 solita.
1674 526 1787 580 Hoc
1808 516 1866 588 Α
1885 509 2114 560 tunatus
2143 505 2204 560 in
2223 506 2323 560 lib.
2356 523 2416 560 ιιι
2442 507 2689 562 carmine
2719 510 2784 562 25
2814 509 2885 564 ad
2912 507 3158 564 Felicem
3189 505 3507 578 Biturigen-

154 629 300 670 sensu
339 615 683 671 monachus
727 618 1026 674 Dervensis
1059 635 1378 691 anonymus
1423 623 1484 676 in
1525 623 1669 677 libro
1717 624 1786 696 de

153 711 412 768 Miraculis
438 713 633 768 sancti
661 715 955 771 Bercharii
981 716 1215 785 abbatis,
1245 733 1419 789 agens
1445 719 1513 773 de
1533 725 1784 774 extremo

154 810 390 881 llugouis
417 810 735 882 cujusdam
753 813 986 868 artiﬁcis
1001 814 1202 868 morbo
1230 831 1244 868 :
1277 838 1304 864 ‹‹
1329 817 1388 869 In
1404 815 1568 870 titulo
1587 817 1783 884 crucis,

152 904 236 971 ait,
263 903 359 975 qui
386 904 585 960 stabat
611 905 687 960 ad
713 907 888 978 pedes
913 907 1140 962 artiﬁcis
1169 908 1574 978 decumbentis,
1605 909 1786 964 subito

155 997 288 1051 visus
306 1001 390 1052 est
409 997 754 1054 illucescere
769 999 970 1071 globus
997 1000 1297 1070 mthereus,
1318 1023 1346 1049 »
1366 1001 1427 1055 in
1456 1003 1658 1056 saeculo
1681 1019 1784 1056 no-

153 1094 254 1144 stro
270 1105 488 1161 u,pag.
518 1091 765 1160 856,ubi
799 1093 990 1147 titulus
1017 1095 1189 1148 crucis
1217 1092 1447 1147 indubie
1473 1094 1613 1148 nihil
1637 1094 1786 1148 aliud

153 1183 424 1254 signiﬁcat
451 1201 635 1256 quam
663 1185 1108 1256 crucemipsam,
1128 1202 1255 1256 quae
1269 1185 1339 1239 ad
1355 1185 1524 1256 pedes
1536 1187 1787 1241 ﬁdelium

152 1276 205 1330 in
229 1277 504 1332 extremis
530 1277 835 1348 agentium
864 1278 1509 1350 apponisolet.Den-ique
1523 1295 1591 1334 ex
1619 1296 1786 1350 supe-

153 1368 387 1424 rioribus
414 1369 480 1424 in
506 1371 852 1426 memoriam
867 1371 1244 1434 revocandum
1264 1375 1365 1440 est,
1383 1371 1660 1442 imagines
1685 1372 1788 1426 sub

151 1461 325 1534 prima
355 1463 538 1535 stirpe
559 1479 770 1536 regum
794 1468 1124 1518 nostrorum
1146 1463 1239 1519 vix
1266 1481 1330 1518 ac
1342 1480 1414 1517 ne
1441 1465 1536 1518 vix
1560 1464 1788 1535 quidem

149 1556 415 1611 altaribus
462 1557 637 1612 fuisse
681 1557 987 1628 appositas,
1019 1557 1117 1610 sed
1150 1557 1457 1628 parietibus
1503 1557 1789 1628 utrimque

150 1649 308 1704 altari
339 1649 804 1719 adhaerentihus,
830 1649 927 1703 ubi
947 1650 1117 1704 etiam
1144 1665 1274 1703 vasa
1300 1667 1476 1718 sacra,
1495 1653 1550 1704 et
1575 1649 1704 1703 libri
1719 1650 1790 1703 ad

148 1742 378 1796 missam
413 1742 730 1797 necessarii
771 1742 835 1797 in
873 1742 1190 1796 secretariis
1220 1743 1665 1797 asservabantur.
1697 1741 1791 1796 His

145 1835 483 1905 observatis,
506 1835 880 1906 plenissimus
907 1840 992 1890 est
1015 1835 1290 1906 praemissi
1315 1834 1542 1890 canonis
1571 1851 1783 1903 sensus,
1807 1869 1863 1939 B

143 1945 353 2000 nempe
369 1933 438 1984 ut
462 1945 673 2000 corpus
699 1929 926 1983 Domini
950 1929 1140 1983 nonin
1166 1928 1476 1983 secretariis
1489 1945 1616 1982 cum
1645 1928 1788 1982 vasis

144 2027 241 2077 aut
263 2022 434 2076 libris
451 2021 650 2091 sacris,
665 2021 921 2092 adeoque
945 2037 1060 2076 non
1076 2022 1226 2076 inter
1245 2021 1540 2092 imagines,
1565 2023 1658 2076 sed
1685 2021 1788 2076 sub

142 2131 308 2169 cruce
335 2115 463 2186 ipsa
493 2118 897 2186 componatur,
925 2114 1004 2168 ita
1031 2119 1096 2169 ut
1121 2130 1150 2168 e
1175 2131 1360 2184 cruce,
1389 2131 1516 2185 qua;
1543 2114 1603 2169 in
1633 2132 1786 2170 sum-

139 2224 233 2264 mo
261 2209 510 2278 ciborio,
546 2208 631 2263 ita
661 2213 724 2263 ut
749 2209 1138 2280 exposuimus,
1167 2207 1471 2277 eminebat,
1493 2208 1784 2278 penderet.

207 2305 302 2357 22.
332 2303 464 2357 Non
492 2301 778 2356 immorer
809 2301 1121 2356 refutandis
1149 2300 1272 2354 aliis
1299 2301 1622 2368 sententiis;
1654 2317 1788 2354 nam

135 2396 330 2466 prima
360 2395 652 2465 imagines
681 2393 795 2448 illis
816 2393 1173 2466 temporibus
1193 2408 1364 2464 super
1389 2392 1566 2447 altare
1586 2393 1791 2464 positas

135 2487 310 2542 fuisse
343 2487 623 2559 supponit
649 2491 849 2542 contra
876 2492 1133 2542 veterum
1167 2502 1405 2540 morem.
1443 2485 1710 2541 Secundze
1736 2490 1792 2540 et

136 2582 324 2636 tertiae
346 2585 614 2635 auctores
639 2581 840 2634 volunt
867 2581 974 2634 hoc
1007 2579 1065 2633 in
1094 2595 1305 2633 canone
1337 2595 1552 2648 corpore
1583 2581 1794 2633 Domini

134 2674 288 2728 nihil
330 2674 495 2728 aliud
527 2671 658 2746 94
691 2673 1002 2744 signiﬁcari
1044 2687 1214 2744 quam
1259 2671 1348 2726 vel
1386 2671 1791 2726 confectionem

141 2768 306 2840 panis
331 2767 729 2833 eucharistici,
765 2766 866 2837 qui
891 2782 1056 2821 cruce
1085 2765 1396 2836 signandus
1412 2765 1502 2830 sit,
1533 2765 1620 2818 vel
1637 2781 1790 2818 com-

151 2861 498 2933 positionem
551 2859 860 2914 oblationis
912 2858 971 2912 in
1026 2858 1188 2912 altari
1235 2863 1488 2928 tempore
1516 2857 1790 2924 sacriﬁcii,

152 2955 318 3009 etiam
345 2957 484 3008 ante
513 2951 1024 3007 consecrationem.
1053 2950 1212 3014 Quod
1237 2955 1504 3004 neutrum
1529 2955 1676 3004 stare
1699 2967 1796 3020 po-

149 3052 272 3117 test,
307 3064 448 3102 cum
495 3046 650 3117 apud
687 3044 990 3115 scriptores
1036 3041 1432 3098 ecclesiasticos
1471 3058 1658 3113 corpus
1689 3045 1792 3097 Do-

149 3143 281 3195 mini
305 3155 548 3212 semper
577 3137 866 3209 signiﬁcet
892 3135 1298 3190 Eucharistiam
1335 3151 1395 3190 re
1425 3151 1555 3189 vera
1597 3151 1793 3189 conse-

149 3239 392 3304 cratam,
428 3249 550 3287 non
589 3247 726 3286 vero
760 3246 971 3301 panem
1015 3229 1460 3296 conﬁciendum,
1491 3227 1578 3282 vel
1627 3227 1792 3282 etiam

149 3327 432 3395 oblatum,
461 3330 597 3380 ante
626 3322 1139 3378 consecrationem.

216 3424 310 3476 23.
341 3419 594 3484 Quidam
621 3417 956 3472 existimant
982 3415 1088 3470 hoc
1115 3430 1328 3469 canone
1356 3412 1542 3468 caveri
1581 3429 1652 3468 ne
1697 3415 1800 3468 Eu-

149 3513 425 3568 charistia
470 3512 534 3566 in
577 3509 858 3578 turribus,
890 3512 955 3563 ut
982 3507 1106 3564 ﬁeri
1144 3511 1311 3562 antea
1335 3510 1716 3575 consueverat,
1746 3510 1800 3560 et

148 3607 390 3678 quidem
431 3605 587 3660 intra
629 3601 904 3670 armaria,
933 3603 1340 3669 asservaretur,
1382 3599 1480 3654 sed
1518 3599 1702 3670 potius
1741 3598 1798 3653 in

147 3699 272 3771 ipso
299 3699 478 3754 altari
509 3697 707 3770 quales
736 3695 910 3750 fuisse
937 3699 1123 3748 turres
1149 3693 1310 3747 aiunt
1335 3709 1368 3747 a
1393 3692 1658 3764 Gregorio
1686 3692 1822 3746 Tun

147 3793 382 3848 ronensi
434 3789 690 3846 antistite
723 3793 782 3844 et
813 3804 847 3842 a
884 3786 1156 3843 Venantio
1198 3786 1502 3840 Fortunato
1529 3801 1801 3839 memora-

150 3897 253 3948 tas.
289 3893 511 3947 Verum
547 3889 610 3944 in
649 3887 770 3942 illis
812 3884 1068 3941 turribus
1095 3901 1212 3938 non
1257 3883 1441 3956 ipsum
1471 3900 1674 3955 corpus
1699 3883 1803 3938 Do-

151 3990 318 4056 mini,
333 3987 440 4043 sed
457 3988 828 4042 ministerium
846 3985 1002 4039 Domi
1004 3983 1112 4036 uici
1130 3983 1389 4052 corporis,
1415 3985 1480 4036 ut
1504 3981 1803 4052 Gregorius

152 4081 210 4136 in
238 4083 342 4137 lib.
366 4098 390 4136 1
420 4080 492 4135 de
521 4079 713 4134 Gloria
738 4080 1063 4147 martyrum
1094 4092 1218 4147 cap.
1244 4078 1310 4130 86
1337 4074 1608 4145 loquitur,
1636 4073 1694 4128 id
1724 4077 1805 4128 est

154 4191 284 4230 vasa
310 4191 500 4243 sacra,
522 4169 1015 4245 quemadmodum
1037 4185 1207 4240 supra
1223 4167 1605 4239 exposuimus,
1627 4183 1805 4222 serva-

153 4267 342 4324 batur.
378 4270 652 4322 Attamen
691 4267 924 4327 sanctus
953 4263 1072 4316 0do
1115 4262 1285 4316 abbas
1317 4260 1699 4316 Cluniacencis
1744 4260 1805 4314 in

153 4360 254 4417 lib.
281 4378 324 4416 ιι
345 4359 744 4416 Collationum
773 4373 896 4428 cap.
917 4358 1005 4426 32,
1033 4354 1132 4409 ubi
1157 4355 1310 4408 hunc
1339 4352 1591 4424 Gregorii
1620 4353 1806 4407 locum

157 4456 354 4524 refert,
384 4455 497 4509 hoc
524 4452 767 4506 nomine
794 4449 1063 4522 intelligit
1089 4463 1307 4519 capsum
1326 4463 1442 4501 cum
1461 4462 1678 4517 corpore
1702 4449 1806 4502 Do-

157 4552 312 4604 mini.
361 4547 473 4604 Sed
521 4545 682 4600 haud
733 4543 850 4597 scio
892 4559 966 4596 an
1011 4543 1132 4614 ejus
1179 4539 1478 4595 auctoritas
1503 4539 1809 4594 decretoria

1817 3278 1871 3350 C

1885 614 2000 650 sem
2023 597 2348 670 episcopum
2374 599 2432 652 in
2462 603 2676 654 turrem
2699 601 2822 670 ejus
2850 618 2864 655 :

1974 689 2135 756 Quam
2162 689 2296 756 bene
2317 691 2499 756 juncta
2523 691 2731 750 decent,
2756 691 3022 756 sacratiut
3048 691 3282 756 corporis
3306 691 3436 756 Agni

2037 752 2365 813 Margaritum
2389 753 2574 816 ingens
2603 767 2760 802 aurea
2790 753 2926 802 dona
2950 752 3144 802 ferant!

1883 833 1942 887 Id
1984 839 2066 888 est
2105 841 2170 888 ut
2194 836 2334 890 calix
2367 841 2424 890 et
2459 841 2664 907 patena
2691 853 2761 890 ex
2787 853 2946 904 auro,
2987 853 3112 906 quae
3139 837 3198 890 in
3224 837 3323 890 illa
3348 840 3506 891 turre

1885 943 1954 981 ex
1981 927 2126 980 dono
2151 927 2348 982 Felicis
2375 928 2827 994 continebantur,
2847 927 3106 983 sacriﬁcii
3121 934 3370 999 tempore
3386 945 3511 999 pre-

1885 1019 2085 1074 tiosam
2128 1021 2518 1090 margaritam,
2563 1020 2774 1075 scilicet
2831 1021 3018 1092 ipsum
3054 1037 3254 1092 corpus
3290 1020 3511 1075 Domini

1885 1127 2015 1165 cum
2045 1112 2340 1182 sanguine,
2373 1113 2578 1168 ferant.

1957 1206 2044 1258 25.
2069 1205 2196 1258 Haec
2227 1221 2473 1276 namque
2501 1205 2608 1260 fuit
2653 1221 2876 1276 semper
2922 1206 3216 1260 Gallicanae
3258 1205 3510 1259 Ecclesia:

1887 1296 1955 1351 de
1994 1297 2341 1352 sanctissimo
2388 1298 2746 1353 Sacramento
2787 1297 2946 1366 ﬁdes,
2989 1299 3150 1368 cujus
3191 1314 3304 1352 non
3333 1298 3507 1352 alium

1885 1394 2086 1444 testem
2105 1390 2286 1460 magis
2303 1390 2581 1444 illustrem
2605 1407 2666 1444 ac
2685 1396 2900 1445 certum
2931 1390 3130 1445 aﬁ‘erre
3157 1390 3304 1459 licet,
3334 1406 3507 1460 quam

1888 1481 2158 1536 Hilarium
2187 1482 2556 1536 clarissimum
2583 1483 2894 1551 Doctorem,
2927 1483 3088 1554 cujus
3139 1483 3386 1537 solemne
3423 1482 3506 1536 cf-

1887 1574 2067 1628 fatum
2095 1579 2178 1628 est
2207 1593 2220 1628 :
2253 1596 2279 1622 ‹‹
2309 1577 2383 1628 De
2411 1575 2642 1629 veritate
2669 1575 2852 1630 carnis
2877 1579 2933 1630 et
2953 1575 3242 1646 sanguinis
3267 1591 3384 1629 non
3409 1590 3501 1629 re-

1887 1667 2050 1720 lictus
2079 1671 2162 1721 est
2185 1666 2506 1738 ambigendi
2531 1667 2706 1736 locus,
2741 1688 2768 1715 ι)
2798 1671 2861 1722 ut
2887 1667 3006 1738 ipse
3033 1667 3284 1738 loquitur
3312 1667 3372 1720 in
3406 1666 3505 1721 lib.

1887 1775 1982 1812 vui
2009 1759 2078 1812 de
2106 1757 2396 1814 Trinitate.
2425 1760 2692 1814 Eamdem
2725 1759 2895 1814 ﬁdem
2933 1764 3212 1829 astruunt,
3259 1762 3322 1814 ut
3348 1758 3509 1814 initio

1886 1851 2056 1922 hujus
2068 1850 2195 1904 libri
2210 1850 2471 1914 vidimus,
2493 1856 2706 1906 veteres
2722 1852 2849 1906 libri
2861 1852 3099 1907 Missales
3116 1851 3373 1906 Ecclesiae
3391 1851 3509 1905 Gal-

1885 1943 2098 2012 licanaz,
2128 1943 2188 1996 in
2207 1943 2412 2014 quibus
2437 1943 2718 1998 Christum
2735 1947 3001 2014 precatur
3011 1945 3286 2012 sacerdos,
3301 1949 3363 1998 ut
3383 1958 3506 2012 ope-

1885 2040 2040 2090 rante
2059 2037 2256 2088 virtute
2281 2035 2488 2103 divina,
2512 2051 2707 2104 panem
2727 2040 2990 2089 mutatum
3015 2037 3074 2089 in
3101 2050 3332 2097 carnem,
3349 2050 3510 2104 pocu-

1889 2129 1999 2182 lum
2022 2143 2231 2182 rersum
2254 2129 2312 2181 in
2333 2130 2667 2196 sanguinem,
2695 2129 2852 2182 illum
2868 2133 3044 2182 sumat
3057 2129 3114 2182 in
3133 2128 3316 2190 calice,
3338 2129 3435 2197 qui
3447 2127 3512 2181 de

1888 2220 2009 2290 ipso
2035 2221 2195 2288 ﬂuxit
2219 2236 2286 2274 ea:
2311 2221 2496 2274 latere.
2523 2220 2590 2274 Et
2618 2219 2677 2273 in
2706 2219 2818 2273 alio
2845 2238 2861 2274 :
2906 2221 3106 2290 Corpus
3132 2224 3280 2274 tuum
3299 2234 3400 2290 pro
3425 2235 3515 2273 no—

1891 2313 1968 2367 bis
1993 2314 2298 2380 cruci/trum
2325 2313 2550 2374 edimus,
2567 2315 2617 2366 et
2639 2315 2957 2380 sanguinem
2978 2316 3219 2367 sanctum
3240 2316 3389 2366 tuum
3411 2327 3513 2382 pro

1887 2405 2036 2458 nobis
2050 2403 2271 2472 e/fusum
2300 2404 2544 2458 bibimus.
2576 2405 2700 2457 Haec
2723 2408 2934 2472 nostra,
2958 2403 3078 2456 haec
3093 2403 3370 2474 majorum
3392 2420 3514 2456 nos-

1891 2501 2108 2550 trorum
2137 2496 2290 2563 ﬁdes,
2320 2512 2497 2566 quam
2521 2495 2741 2549 utinam
2758 2495 2962 2549 fratres
2997 2495 3173 2550 nostri
3201 2496 3377 2549 aversi
3390 2496 3511 2566 jam

1890 2587 2117 2642 tandem
2138 2587 2224 2640 vel
2253 2603 2375 2641 sero
2401 2590 2738 2658 agnoscant;
2769 2603 2953 2657 neque
2982 2603 3084 2640 nos
3129 2586 3368 2657 amplius
3389 2603 3514 2658 pro-

1891 2684 2088 2734 vocent
2115 2680 2186 2733 ad
2212 2678 2473 2733 ﬁcticiam
2500 2679 2653 2733 illam
2670 2679 3045 2748 novationem,
3075 2695 3246 2750 quam
3271 2679 3509 2733 Pascha-

1891 2773 1973 2827 sio
2000 2772 2276 2828 Radberto
2309 2776 2534 2826 auctore
2562 2773 2765 2826 saeculo
2798 2789 2854 2825 1x
2881 2771 3181 2841 contigisse
3209 2771 3511 2826 criminan-

1891 2869 2003 2920 tur.
2029 2866 2106 2919 Ne
2133 2865 2389 2936 pluribus
2415 2865 2505 2918 hic
2533 2880 2740 2933 morer,
2772 2865 3121 2919 luculentum
3156 2865 3244 2918 his
3272 2864 3516 2920 testimo-

1892 2957 2000 3012 niis
2025 2962 2308 3012 auctorem
2328 2957 2604 3011 adducere
2633 2955 2892 3026 sufﬁciat,
2922 2956 3196 3011 nimirum
3216 2957 3516 3011 Alcuinum

1891 3051 2184 3105 Paschasio
2201 3049 2570 3120 superiorem,
2585 3050 2745 3120 cujus
2759 3049 2927 3103 unius
2940 3049 3264 3118 auctoritas,
3279 3053 3395 3103 tam
3410 3048 3519 3102 ela-

1893 3159 1955 3197 ra
1967 3147 2023 3197 et
2035 3141 2344 3209 manifesta,
2369 3143 2512 3196 hanc
2527 3141 2958 3196 controversiam
2973 3141 3238 3196 dirimere
3267 3141 3516 3196 deberet.

1895 3237 1943 3290 ls
1956 3235 2142 3306 itaque
2155 3235 2214 3288 in
2230 3235 2464 3306 epistola
2480 3238 2499 3288 1
2517 3238 2535 3288 ’1
2547 3237 2576 3289 3
2599 3235 2670 3289 ad
2682 3235 2982 3290 Paulinum
3000 3233 3415 3306 Aquileiensem
3427 3249 3522 3304 pa-

1895 3327 2201 3383 triarcham
2217 3327 2338 3381 ham
2355 3327 2522 3382 verba
2551 3327 2742 3396 habet,
2763 3325 2886 3399 96
2914 3327 3118 3382 litteris
3131 3327 3316 3382 aureis
3329 3325 3524 3381 inscri-

1895 3419 2080 3475 benda
2103 3439 2116 3475 :
2151 3442 2177 3468 «
2209 3421 2286 3474 Ne
2313 3436 2504 3490 quaeso
2535 3419 2874 3473 obliviscaris
2897 3420 2956 3474 in
2973 3419 3086 3474 tuis
3103 3419 3306 3474 sanctis
3325 3417 3523 3473 oratio-

1897 3513 2066 3568 nibus
2093 3527 2304 3567 nomen
2334 3511 2499 3566 amici
2528 3511 2613 3566 tui
2637 3511 2861 3580 Albini;
2885 3512 2982 3566 sed
3009 3511 3070 3566 in
3099 3511 3290 3583 aliquo
3314 3527 3523 3566 memo-

1897 3606 1996 3660 τίω
2016 3605 2416 3677 gazophylacio
2439 3605 2678 3658 reconde
2704 3604 2864 3672 illud,
2897 3609 2951 3658 et
2967 3604 3158 3675 profer
3177 3621 3243 3660 eo
3267 3607 3522 3674 tempore

1899 3703 2235 3770 Opportune,
2250 3713 2362 3769 quo
2373 3713 2577 3768 panem
2595 3702 2650 3752 et
2669 3696 2863 3750 vinum
2875 3695 2935 3749 in
2952 3697 3318 3752 substantiam
3333 3711 3524 3766 corpo-

1899 3791 1977 3846 ris
2006 3795 2061 3846 et
2089 3789 2378 3861 sanguinis
2403 3789 2606 3844 Christi
2633 3788 3066 3845 consecraveris.
3087 3809 3114 3840 η
3136 3789 3240 3854 Qui
3258 3794 3373 3844 tam
3400 3804 3526 3860 per-

1901 3883 2106 3956 spicuis
2134 3883 2316 3939 verbis
2357 3883 2605 3937 detrahit
2631 3883 2820 3950 ﬁdem,
2871 3881 2916 3936 is
2967 3899 3081 3937 non
3127 3881 3399 3949 veritatis,
3428 3881 3524 3936 sed

1901 3977 2294 4044 contentionis,
2327 3978 2422 4032 sed
2451 3976 2676 4044 erroris,
2708 3977 2807 4031 sed
2837 3974 3152 4030 schismatis
3177 3979 3397 4030 amator
3421 3979 3524 4030 est.

1973 4074 2059 4126 26.
2089 4071 2364 4126 Caeterum
2392 4087 2462 4126 ex
2487 4073 2763 4124 asservata
2791 4069 3142 4124 Eucharistia
3161 4069 3262 4124 soli
3279 4083 3527 4123 commu-

1903 4163 2163 4218 nicabant
2189 4163 2420 4230 inﬁrmi,
2448 4180 2562 4218 non
2589 4163 2731 4230 sani,
2759 4161 2962 4233 quibus
2987 4161 3077 4216 vix
3099 4179 3353 4234 unquam
3371 4165 3529 4217 extra

1904 4256 2132 4310 missam
2159 4256 2480 4310 communio
2509 4273 2540 4310 a
2563 4255 2846 4310 sacerdote
2867 4255 3283 4326 porrigebatur.
3305 4255 3529 4310 Contra-

1905 4349 2022 4403 rius
2051 4365 2172 4402 mos
2196 4349 2256 4404 in
2281 4349 2508 4404 ecclesia
2533 4347 2995 4418 Jerosolymitana
3021 4347 3275 4418 primum
3301 4346 3530 4418 ccepisse

1905 4441 2124 4497 videtur
2147 4458 2215 4496 ex
2243 4442 2550 4496 Humberto
2577 4441 2858 4495 cardinale
2880 4441 2939 4494 in
2957 4440 3321 4510 responsione
3338 4445 3532 4494 contra

1907 4535 2208 4590 Grecorum
2227 4534 2554 4602 calumnias,
2578 4533 2636 4587 in
2658 4533 2779 4586 litec
2800 4532 2999 4586 verba:
3028 4554 3054 4579 ί(
3082 4532 3161 4586 Ad
3184 4532 3304 4586 haec
3325 4532 3370 4586 si
3389 4531 3527 4604 quid

159 4641 448 4697 censenda
475 4639 552 4694 sit
577 4637 638 4692 in
669 4653 733 4692 re
760 4641 882 4691 tam
901 4635 1156 4706 antiqua,
1184 4649 1311 4706 quae
1330 4632 1450 4703 ejus
1465 4635 1688 4687 aetatem
1700 4636 1808 4687 tre-
1825 4644 1884 4716 D
1907 4643 1974 4682 ex
2002 4631 2188 4680 sancta
2213 4631 2268 4681 et
2289 4625 2594 4681 venerabili
2613 4625 2958 4679 Eucharistia
2975 4624 3034 4678 in
3052 4623 3530 4696 Jerosolymitanis

159 4736 338 4790 centis
367 4732 628 4805 amplius
652 4730 822 4785 annis
846 4731 1224 4801 praecesserat.

226 4830 320 4884 24.
343 4830 510 4883 Hanc
539 4821 914 4880 Eucharistiae
952 4838 1084 4877 cum
1127 4837 1284 4876 sacra
1331 4835 1494 4877 cruce
1542 4818 1603 4874 in
1646 4817 1806 4874 altari

159 4924 641 4999 compositionem
686 4921 939 4976 illustrat
969 4919 1193 4974 Paulini
1241 4917 1486 4991 episcopi
1511 4917 1805 4988 egregium

163 5037 393 5077 carmen
424 5017 502 5073 ad
533 5017 830 5072 Severum.

347 5111 605 5162 Divinum
631 5104 935 5157 veneranda
961 5106 1144 5169 tegunt
1166 5103 1344 5154 altaria
1367 5103 1554 5166 fcedus,

413 5169 843 5239 Compositisque
868 5165 1692 5239 sacra'cumcruceﬂmartyribus.

327 5227 573 5287 .Cuncta'
585 5227 844 5282 salutiferi
868 5232 1060 5292 coeunt
1081 5227 1304 5292 insignia
1327 5227 1525 5292 Christi:
1540 5242 1553 5276 :

415 5299 581 5359 Crux,
609 5307 825 5358 corpus,
849 5291 1059 5356 sanguis
1081 5290 1340 5355 martyris,
1365 5290 1476 5354 ipse
1502 5291 1653 5340 Deus.

235 5385 292 5440 Id
330 5387 442 5452 est,
482 5381 555 5437 si~
575 5379 726 5435 bene
772 5377 927 5432 hunc
955 5377 1144 5431 locum
1188 5375 1554 5446 interpretor,
1584 5389 1723 5428 crux
1752 5371 1812 5426 in

173 5493 389 5546 sumne,
425 5490 640 5546 corpus
659 5476 720 5528 et
749 5469 1008 5541 sanguis,
1037 5469 1097 5523 id
1123 5473 1208 5523 est
1245 5467 1522 5540 reliquias,
1550 5465 1814 5536 martyris

175 5570 232 5625 in
248 5571 382 5642 imo,
397 5569 620 5626 scilicet
641 5564 849 5621 subtus
862 5564 1070 5631 altare;
1098 5563 1210 5632 ipse
1222 5565 1378 5630 Deus,
1395 5561 1501 5614 hoc
1520 5564 1602 5614 est
1625 5559 1814 5630 ipsum

177 5661 390 5721 Domini
419 5678 637 5736 corpus
664 5659 732 5714 in
760 5655 1022 5712 columba
1051 5659 1370 5726 appensum
1394 5652 1455 5707 in
1483 5652 1691 5707 medio.
1721 5651 1816 5706 Hic
1853 5685 1856 5688 ~

180 5773 295 5816 vero
319 5756 601 5835 loquendi
651 5749 786 5828 95
838 5749 1063 5818 modus,
1090 5750 1204 5818 ipse
1250 5752 1407 5812 Deus,
1434 5745 1818 5801 indubitanter

175 5857 351 5914 asserit
376 5861 770 5920 veramhnon
797 5841 1177 5900 umbraticam
1200 5840 1406 5896 Christi
1430 5839 1490 5895 in
1517 5837 1815 5894 Eucharis-

170 5951 232 6012 ιλιι
241 5949 647 6032 praesentiam,
664 5948 857 6017 quam
875 5935 1076 5993 eodem
1089 5935 1208 5992 fere
1221 5934 1386 5990 modo
1399 5931 1668 6008 exprimit
1693 5931 1820 5987 For-

1907 4720 2146 4774 eeclesiis
2172 4719 2529 4790 superfuerit,
2558 4735 2662 4773 nec
2701 4717 3030 4787 incendunt,
3077 4733 3182 4773 nec
3214 4717 3274 4772 in
3315 4719 3534 4773 foveam

1907 4813 2168 4882 mittunt;
2191 4813 2285 4868 sed
2298 4813 2356 4867 in
2375 4811 2641 4883 pyxidem
2663 4811 2936 4866 mundam
2955 4809 3300 4880 recondunt;
3325 4831 3354 4860 »
3379 4815 3434 4866 et
3453 4826 3533 4866 se.

1905 4907 2100 4978 quenti
2129 4905 2218 4961 die
2247 4905 2664 4960 communicant
2689 4921 2755 4962 ex
2787 4921 2849 4958 ea
2875 4904 3166 4976 populum,
3200 4903 3335 4974 quia
3355 4902 3535 4975 quoti-

1907 4999 1997 5054 die
2021 4999 2439 5054 communicant
2473 4998 2550 5053 ibi
2579 5015 2592 5053 :
2623 5015 2687 5053 eo
2725 4998 2876 5070 quod
2915 4997 3256 5052 conveniunt
3291 4996 3424 5051 illuc
3464 5012 3533 5052 ex

1909 5093 2140 5148 diversis
2169 5092 2469 5164 provinciis
2501 5091 2820 5162 Christiani,
2867 5091 2966 5163 qui
3001 5094 3232 5162 propter
3273 5088 3444 5146 ﬁdem
3481 5096 3537 5146 et

1911 5185 2221 5240 maximum
2245 5201 2496 5239 amorem
2527 5184 2656 5238 Filii
2681 5185 2778 5238 Dei
2795 5183 3210 5238 communicare
3235 5183 3311 5238 ibi
3332 5183 3542 5240 deside-

1908 5283 2054 5334 rant.
2087 5299 2114 5327 ››
2145 5279 2270 5332 Ηωο
2295 5277 2462 5348 longe
2499 5276 2848 5348 probabilior
2891 5281 2976 5331 est
3019 5277 3181 5348 ratio,
3228 5293 3400 5348 quam
3443 5294 3537 5333 eos

1910 5387 2040 5426 rum
2066 5371 2165 5442 qui
2191 5370 2400 5442 passim
2428 5370 2486 5424 id
2511 5370 2741 5425 actitant
2769 5370 2889 5424 sine
2917 5369 3138 5424 delectu
3167 5374 3362 5425 contra
3387 5375 3539 5426 vete-

1911 5481 2033 5520 rem
2059 5463 2315 5519 Ecclesia)
2345 5479 2584 5518 morem.
2614 5463 2734 5528 Quo
2764 5467 3025 5536 tempore
3051 5463 3109 5517 id
3150 5463 3275 5518 ﬁeri
3313 5462 3546 5534 coeperit

1912 5559 1970 5613 in
1999 5557 2224 5614 ecclesia
2247 5556 2725 5628 Jerosolymitana,
2747 5572 2862 5610 non
2889 5560 2972 5612 est
2992 5555 3369 5628 exploratum.
3397 5557 3540 5612 Sane

1913 5651 2366 5724 antiquissimum
2403 5665 2525 5705 esse
2555 5649 2906 5705 asservandus
2935 5649 3048 5704 illis
3074 5649 3133 5704 in
3157 5650 3410 5722 partibus
3434 5649 3541 5703 Eu-

1915 5745 2194 5802 charistiae
2225 5761 2442 5800 morem
2471 5741 2786 5816 colligimus
2814 5759 2881 5799 ex
2910 5743 3116 5814 Cyrillo
3138 5743 3392 5816 episeopo
3416 5740 3538 5794 Ale-

1916 5839 2210 5908 xandrino,
2239 5839 2337 5910 qui
2365 5838 2423 5894 in
2445 5837 2676 5911 epistola
2703 5836 2774 5891 ad
2813 5835 3157 5908 Calosyrium
3195 5831 3380 5904 arguit
3420 5846 3530 5898 eos,

1917 5929 2018 6004 qui
2044 5925 2339 6000 mysticam
2371 5925 2818 5986 benedictionem
2854 5923 2997 5980 nihil
3033 5923 3102 5978 ad
3142 5917 3529 5980 sanctiﬁcatio-
