3968 6430
518 365 617 418 167
1303 361 1632 415 APPENDIX
1672 360 1758 414 AD
1796 359 2016 414 OPERA
2053 359 2286 416 SANCTI
2323 359 2623 416 GERMANI
2662 359 3088 416 PARISIENSIS.
3802 359 3898 413 l68

515 508 648 546 nem
676 491 874 562 juvare
915 487 1192 554 dicebant,
1247 487 1293 540 si
1341 489 1477 559 quid
1509 505 1577 542 ex
1620 505 1686 542 ea
1728 488 1888 543 ﬁeret
1933 487 2137 558 reliqui
2164 489 2612 573 Aviviiicantem
2639 489 2900 560 gratiam,
2934 491 3262 560 perpetuam
3301 486 3363 541 in
3393 486 3516 558 ipso
3556 484 3838 541 existere.
3868 510 3893 535 »

514 585 572 638 in
621 585 795 639 alium
839 583 1008 636 diem.
1057 582 1210 645 Quos
1245 581 1492 636 insanire
1533 581 1611 636 ait
1650 581 1906 652 Cyrillus.
1953 581 2143 652 Neque
2243 579 2348 634 Sed
2389 578 2610 649 longius
2649 582 2807 632 extra
2848 581 3026 632 metas
3069 576 3378 648 digredior,
3422 575 3492 630 ad
3533 575 3896 630 Gallicanum

515 677 666 732 enim
691 674 914 730 alterari
941 674 1246 741 Christum,
1279 691 1463 748 neque
1489 679 1744 730 sanctum
1775 675 1894 745 ejus
1939 691 2144 744 corpus
2244 672 2653 726 Lectionarium
2678 671 2859 726 venio.

515 769 803 824 immutari
833 785 846 823 :
877 767 973 823 sed
1010 767 1418 822 benedictionis
1455 769 1568 822 vim
1605 785 1666 821 ac
1703 768 2045 836 facultatem,
2091 773 2146 821 et

2434 950 2699 958 -————-——

909 1140 1158 1284 DE
1295 1137 1753 1284 LITU
1771 1135 2246 1284 RGIA
2369 1130 3477 1282 GALLICANA

1571 1377 1989 1477 LIBER
2081 1374 2818 1480 SECUNDUS.

1822 1576 2057 1584 ——————-

584 1721 706 1796 97
743 1727 792 1778 l.
823 1720 1102 1776 Absolutis
1130 1719 1198 1774 iis
1227 1735 1356 1790 qua:
1383 1717 1453 1772 ad
1479 1717 1874 1774 illustrandam
1909 1722 2159 1771 veterem
2200 1717 2512 1786 Liturgiam
2552 1716 2888 1770 Gallicanam
2931 1717 3244 1772 necessario
3281 1718 3692 1788 praemittenda
3731 1719 3886 1788 vide;

509 1813 737 1878 bantur,
757 1812 877 1882 jam
907 1810 1136 1864 tandem
1161 1807 1529 1880 aggredimur
1554 1807 1853 1878 antiquum
1880 1807 2174 1860 Gallicanae
2204 1805 2460 1860 Ecclesim
2488 1806 2920 1876 Lectionarium,
2954 1807 3114 1876 cujus
3140 1807 3457 1861 examenin
3485 1807 3648 1862 hunc
3698 1807 3888 1862 locum

507 1901 848 1955 remisimus.
888 1900 1196 1968 Repertum
1233 1914 1267 1950 a
1291 1897 1454 1951 nobis
1481 1901 1566 1950 est
1593 1895 1652 1949 in
1679 1895 1992 1966 percelebri
2020 1895 2363 1949 monasterio
2388 1895 2742 1964 Luxoviensi,
2770 1896 2972 1950 litteris
3002 1896 3432 1968 Francogallieis
3457 1913 3557 1950 seu
3599 1897 3884 1952 Merovin-

509 1991 649 2061 gicis
676 1994 804 2043 ante
829 2004 1007 2042 annos
1031 1987 1189 2041 mille
1215 1986 1509 2056 scriptum,
1536 1989 1602 2038 ut
1630 1985 1751 2055 ipsa
1780 1985 2168 2039 characterum
2194 1985 2379 2039 forma
2399 1985 2768 2039 demonstrat.
2802 1985 3063 2040 Continet
3089 2002 3222 2040 vero
3246 1985 3516 2040 lectiones
3543 1986 3883 2057 prophetia-

509 2095 659 2145 rum,
689 2077 1082 2148 Epistolarum,
1114 2081 1170 2129 et
1193 2074 1624 2144 Evangeliorum
1649 2091 1752 2145 per
1783 2079 1963 2128 totum
1991 2091 2204 2128 annum
2246 2074 2304 2128 in
2332 2074 2501 2128 missa
2539 2079 2594 2128 et
2633 2075 2692 2128 in
2726 2075 2847 2128 aliis
2889 2075 3168 2144 majorum
3208 2074 3640 2130 solemnitatum
3688 2075 3885 2130 ofﬁciis

509 2167 843 2222 recitandas.
879 2165 1015 2218 Illud
1042 2164 1410 2231 Gallicanum,
1445 2165 1665 2218 tametsi
1689 2164 1893 2218 avulsis
1919 2165 2133 2234 aliquot
2158 2163 2356 2234 primis
2399 2164 2548 2217 foliis
2585 2164 2750 2218 titulo
2785 2164 3127 2232 destituitur,
3171 2165 3458 2236 appellare
3496 2181 3617 2218 non
3657 2164 3881 2219 dubita-

510 2270 658 2324 mus,
679 2271 792 2308 non
823 2255 1002 2308 solum
1031 2253 1181 2323 quod
1211 2254 1269 2306 in
1295 2253 1466 2306 Gallia
1491 2255 1763 2324 scriptum
1791 2259 1874 2307 est
1903 2258 2032 2307 aute
2061 2259 2350 2324 receptum
2378 2254 2635 2308 ordinem
2663 2255 3092 2324 Grcgorianum,
3125 2254 3221 2307 sed
3248 2254 3380 2324 quia
3405 2254 3685 2308 lectiones
3715 2255 3885 2308 habet

508 2345 692 2415 prisco
721 2359 875 2398 more
902 2342 1180 2396 Gallicano
1209 2342 1526 2412 dispositas,
1558 2359 1762 2413 nempe
1789 2343 1928 2396 duas
1955 2360 2057 2413 pro
2084 2343 2321 2412 singulis
2349 2344 2463 2396 fere
2505 2343 2714 2409 missis,
2755 2348 2965 2413 puriter
3001 2343 3390 2413 Evangelium.
3428 2345 3718 2397 Praeterea
3757 2360 3883 2397 cum

506 2433 698 2504 paucis
727 2434 841 2487 ima
865 2437 1184 2486 sanctorum
1210 2432 1351 2486 festa
1375 2433 1655 2486 contineat
1680 2433 1784 2486 iste
1813 2433 1973 2499 liber,
2002 2449 2184 2486 unum
2205 2449 2272 2486 ex
2298 2432 2402 2485 illis
2429 2433 2680 2511 assignat
2704 2438 2908 2486 sanctas
2931 2433 3243 2498 Genovefze,
3291 2433 3452 2503 cujus
3493 2432 3689 2486 cultus
3734 2433 3882 2504 apud

508 2529 726 2578 exteros
908 2523 966 2576 in
993 2539 1056 2575 ea
1081 2522 1349 2576 festorum
1383 2523 1607 2576 raritate
1638 2523 1780 2576 tanti
1811 2539 1925 2576 non
1952 2522 2168 2576 fuisset.
2198 2522 2314 2576 Alia
2343 2523 2480 2576 ritus
2505 2522 2771 2576 Gallicani
2797 2528 3132 2593 argumenta
3162 2521 3277 2575 suis
3303 2521 3436 2575 locis
3453 2521 3877 2576 adnotabimus.

576 2642 627 2695 2.
671 2640 1003 2694 Lectionarii
1027 2640 1211 2694 Codex
1239 2641 1684 2711 antiquissimus,
1717 2641 1812 2695 sed
1844 2641 2004 2694 initio
2031 2640 2287 2706 mutilus,
2319 2641 2518 2712 incipit
2543 2643 2612 2694 ab
2639 2642 2728 2694 his
2757 2643 2907 2695 lsaite
2937 2641 3142 2710 verbis,
3167 2644 3347 2711 Neque
3362 2641 3694 2712 praedicens,
3720 2655 3882 2710 neque

504 2733 728 2786 audiens
749 2747 1007 2785 sermones
1040 2737 1254 2794 vestros,
1284 2736 1413 2800 etc.,
1446 2748 1624 2802 usque
1654 2733 1868 2786 laudem
1898 2732 2007 2800 ejus
2038 2734 2094 2784 in
2119 2732 2308 2785 insulis
2339 2733 2688 2794 nuntiabunt,
2721 2749 2848 2803 quae
2890 2737 3022 2786 sunt
3061 2731 3121 2784 in
3165 2731 3318 2784 Isaiae
3354 2747 3478 2801 cap.
3517 2746 3612 2784 xu
3651 2747 3686 2783 a
3719 2746 3879 2784 versu

503 2826 572 2878 26
597 2823 668 2876 ad
693 2837 918 2875 versum
952 2825 1013 2875 l2
1041 2821 1238 2891 capitis
1268 2821 1574 2891 sequentis.
1607 2823 1863 2877 Succedit
1903 2822 2013 2875 alia
2051 2822 2214 2876 lectio
2254 2839 2385 2876 cum
2422 2827 2552 2876 nota
2592 2823 2882 2876 numerica
2931 2826 2963 2878 8
3007 2824 3076 2876 ad
3117 2823 3439 2893 marginem
3473 2821 3748 2893 ascripta.
3790 2821 3876 2874 lllc

502 2927 776 2964 numerus
802 2909 1048 2963 decurrit
1073 2910 1142 2962 ad
1173 2913 1256 2971 12,
1285 2926 1387 2979 pro
1413 2926 1651 2964 numero
1681 2911 1910 2964 totidem
1939 2910 2266 2964 lectionum.
2298 2911 2508 2964 Deinde
2537 2911 2596 2966 in
2623 2912 2712 2966 die
2737 2913 2916 2966 Natali
2946 2912 3167 2966 Domini
3209 2928 3353 2965 nova
3389 2911 3620 2966 numeri
3659 2910 3874 2980 margi-

501 2999 641 3052 nalis
669 2998 840 3052 series
865 2998 1325 3068 deprehenditur,
1355 3015 1466 3052 non
1493 3017 1594 3069 pro
1621 3000 1854 3070 singulis
1883 2999 2232 3067 lectionibus,
2265 2999 2358 3053 sed
2387 3017 2490 3070 pro
2533 3000 2770 3070 singulis
2810 3000 2966 3055 festis
3009 3017 3022 3052 :
3069 3001 3187 3055 dies
3228 3018 3360 3056 vero
3397 3001 3611 3054 Natalis
3653 2998 3875 3054 Domini

500 3105 740 3144 numero
770 3091 800 3141 8
829 3087 1098 3158 praeditus
1126 3092 1225 3142 est.
1252 3087 1405 3141 [inde
1436 3088 1493 3141 in
1519 3089 1611 3142 illo
1653 3089 2002 3144 Lectionario
2039 3089 2243 3160 duplex
2283 3090 2608 3144 numericus
2644 3091 2780 3144 ordo
2821 3090 3093 3161 distingui
3129 3090 3314 3160 debet,
3352 3095 3564 3162 praeter
3606 3103 3875 3144 numeros

499 3177 935 3251 quaternionum
971 3177 1216 3248 margini
1253 3177 1502 3232 infcriori
1542 3179 1825 3250 appositus
1855 3195 1868 3232 :
1899 3195 2066 3247 unus,
2115 3178 2214 3249 qui
2243 3178 2398 3232 festis
2424 3178 2669 3233 seriatim
2695 3179 3050 3234 recensendis
3076 3179 3378 3234 adhibetur
3402 3195 3415 3232 :
3439 3179 3606 3248 alter,
3631 3178 3738 3251 qui
3771 3177 3872 3232 ali-

499 3268 724 3341 quando
751 3267 1102 3335 lectionibus,
1131 3267 1227 3320 ubi
1253 3268 1440 3338 plures
1467 3273 1618 3337 sunt,
1649 3267 2070 3332 enumerandis,
2099 3268 2248 3338 quod
2277 3267 2335 3322 in
2364 3267 2586 3322 Sabbati
2629 3268 2804 3322 sancti
2844 3267 3180 3323 lectionibus
3221 3269 3576 3337 observatur,
3607 3268 3713 3322 ubi
3755 3266 3876 3322 toti-

499 3360 627 3412 dem
650 3357 895 3426 numeri,
929 3357 984 3411 id
1011 3361 1094 3410 est
1113 3356 1429 3426 duodecim,
1457 3374 1562 3428 pro
1589 3357 1821 3411 totidem
1851 3357 2182 3411 lectionibus
2207 3358 2572 3427 adhibentur,
2601 3358 2686 3412 uti
2709 3360 2766 3412 et
2791 3358 2850 3412 in
2879 3358 3070 3430 vigilia
3096 3358 3302 3412 Natalis
3331 3358 3580 3412 Domini.

569 3481 621 3532 3.
665 3477 800 3530 Hinc
825 3476 1158 3547 colligimus,
1186 3475 1245 3529 in
1273 3476 1367 3530 illo
1396 3476 1744 3530 Lectionario
1771 3481 2006 3547 septem,
2035 3493 2164 3548 quas
2189 3477 2354 3531 initio
2379 3483 2509 3531 ante
2537 3477 2727 3531 Natale
2770 3477 2995 3531 Domini
3034 3477 3257 3545 desunt,
3291 3475 3619 3532 numericas
3660 3477 3868 3532 ofﬁcio-

493 3584 624 3623 rum
665 3584 763 3621 seu
801 3569 1074 3622 festorum
1117 3567 1340 3622 dierum
1381 3569 1542 3620 notas
1581 3566 1929 3636 praecessisse
1972 3565 2032 3620 in
2073 3567 2220 3621 foliis
2253 3567 2479 3635 avulsis,
2521 3583 2652 3621 cum
2687 3567 2803 3622 dies
2841 3566 3050 3620 Natalis
3085 3566 3308 3620 Domini
3349 3571 3580 3622 octavus
3623 3567 3720 3624 sit.
3773 3567 3870 3622 Sed

493 3674 753 3729 quietiam
780 3657 877 3710 illa
897 3655 1122 3710 officia?
1153 3657 1340 3712 Unum
1368 3660 1452 3710 est
1478 3656 1546 3710 de
1573 3655 1770 3726 vigilia
1798 3655 2110 3710 Nativitatis
2140 3674 2153 3711 :
2187 3657 2257 3711 de
2283 3656 2408 3710 aliis
2439 3673 2554 3711 non
2584 3657 2662 3711 ita
2686 3655 2866 3710 facilis
2895 3672 3027 3711 sane
3056 3656 3402 3727 conjectura.
3432 3657 3656 3713 Missale
3695 3659 3867 3712 Moza-

493 3747 712 3816 rabum,
742 3746 831 3800 cui
859 3746 1209 3800 Gallicanum
1238 3745 1500 3800 accedere
1521 3745 1780 3815 superius
1811 3744 2076 3815 diximus,
2105 3745 2303 3818 incipit
2327 3763 2358 3799 a
2385 3763 2481 3801 sex
2509 3745 2810 3799 Dominicis
2837 3745 3121 3800 Adventus
3144 3751 3273 3800 ante
3304 3746 3494 3800 Natale
3542 3746 3783 3816 Christi,
3819 3749 3870 3800 et

490 3853 592 3908 pro
619 3836 700 3890 eis
724 3836 962 3891 totidem
989 3835 1238 3906 assignat
1263 3834 1464 3889 ofﬁcia.
1498 3833 1706 3888 Deinde
1731 3834 1789 3888 in
1819 3835 2018 3890 eodem
2043 3835 2305 3906 qnmdam
2331 3835 2471 3890 festa
2491 3840 2812 3890 sanctorum
2834 3835 3234 3905 subjiciuntur,
3259 3835 3520 3905 Andreae,
3546 3834 3866 3902 Saturnini,

492 3925 739 3994 Eulaliae,
773 3925 1028 3992 Thomas,
1059 3923 1536 3978 Annuntiationis.
1563 3927 1704 3979 Ante
1728 3941 1904 3980 annos
1931 3925 2086 3980 mille
2114 3926 2404 3980 Adventus
2433 3942 2641 3981 nomen
2667 3924 3046 3980 rariusculum
3071 3930 3212 3995 erat,
3243 3925 3466 3981 tametsi
3490 3941 3584 3980 res
3604 3926 3734 3997 ipsa
3755 3928 3870 3980 erat

490 4014 550 4069 in
576 4031 704 4084 usu,
737 4013 950 4068 scilicet
968 4013 1306 4084 praeparatio
1327 4013 1588 4084 quaedam
1610 4013 1668 4068 in
1692 4015 1930 4070 Ecclesia
1951 4015 2216 4071 solemnis
2233 4016 2303 4071 ad
2325 4015 2574 4070 Natalem
2605 4014 2730 4089 99
2761 4015 2987 4070 Domini
3008 4014 3115 4071 rite
3137 4014 3635 4088 praeveniendum.
3658 4017 3865 4070 Verum

488 4119 603 4159 non
632 4104 712 4158 ita
739 4107 893 4157 ratus
920 4101 1134 4173 ubique
1161 4119 1223 4156 ac
1250 4101 1536 4174 deﬁnitus,
1567 4109 1632 4159 ut
1656 4120 1830 4172 nunc,
1864 4105 2284 4161 Dominicarum
2317 4121 2612 4161 numerus.

561 4224 612 4274 1.
653 4221 716 4273 In
741 4217 966 4274 Ordinis
991 4218 1269 4273 Gelasiani
1297 4219 1440 4275 libro
1468 4238 1509 4276 11
1530 4239 1562 4275 a
1585 4239 1826 4278 numero
1855 4226 1922 4278 80
1947 4225 2308 4296 assignantur
2338 4223 2524 4280 missae
2549 4225 2804 4298 quinque
2833 4223 2901 4280 de
2927 4223 3186 4280 Adventu
3214 4220 3476 4293 Domini;
3521 4219 3587 4277 in
3623 4219 3860 4278 Ambro-

488 4307 645 4363 siano
671 4324 790 4376 sex,
822 4313 886 4362 ut
909 4307 969 4362 in
998 4309 1334 4364 Mozarabico
1364 4329 1377 4364 :
1407 4316 1464 4366 at
1487 4311 1546 4366 in
1571 4312 1802 4367 Gothico
1828 4331 1926 4367 seu
1955 4313 2256 4386 Gallicano,
2287 4314 2440 4386 quod
2466 4314 2559 4369 hic
2595 4332 2664 4370 ex
2703 4313 3006 4369 Thomasio
3045 4313 3404 4382 exhibemus,
3446 4315 3678 4367 tantum
3715 4311 3859 4380 due,

486 4413 628 4468 quas
653 4397 910 4468 sequitur
934 4399 1271 4470 praeparatio
1295 4399 1364 4454 ad
1392 4417 1682 4472 vesperam
1712 4401 1921 4456 Natalis
1948 4403 2190 4474 Domini,
2221 4405 2313 4458 cui
2339 4405 2642 4476 respondet
2669 4404 2896 4460 Ordinis
2933 4401 3286 4458 Ambrosiani
3325 4401 3497 4456 missa
3533 4401 3609 4457 de
3649 4403 3857 4473 Exspe-

486 4491 654 4557 ctato,
683 4504 811 4559 qua:
841 4487 908 4543 de
933 4489 1233 4560 Exceptato
1259 4489 1318 4544 in
1343 4491 1516 4545 Editis
1543 4492 1879 4562 appellatur.
1908 4492 2136 4548 Easdem
2160 4499 2292 4548 sunt
2316 4495 2374 4548 in
2402 4495 2682 4550 Gallicano
2710 4495 2838 4550 duae
2867 4495 3069 4566 prima:
3120 4493 3400 4548 orationes
3437 4509 3542 4564 pro
3584 4491 3860 4547 ambabus

484 4577 690 4646 missis,
721 4582 889 4649 atque
913 4577 972 4632 in
997 4579 1286 4634 Gelasiano
1311 4598 1414 4651 pro
1439 4581 1657 4636 duabus
1685 4583 1884 4654 primis
1920 4602 1934 4637 :
1963 4583 2150 4654 prima
2175 4585 2408 4656 quidem
2437 4586 2615 4640 oratio
2641 4603 2756 4640 non
2787 4585 3035 4640 multum
3077 4583 3127 4639 ei
3168 4582 3474 4652 dissimilis,
3515 4599 3650 4654 qum
3691 4580 3854 4636 modo

484 4667 544 4722 in
570 4667 855 4722 Dominica
881 4668 1063 4739 prima
1091 4669 1378 4724 Adventus
1411 4671 1637 4726 recitari
1665 4673 1824 4743 solet,
1858 4673 2102 4730 secunda
2126 4674 2359 4730 omnino
2389 4676 2582 4731 eadem
2615 4692 2746 4730 cum
2773 4679 2966 4730 nostra
2993 4673 3296 4730 Dominicae
3327 4673 3618 4728 secundae.

555 4790 609 4841 5.
638 4787 700 4840 In
730 4786 978 4841 homiliis
1004 4787 1251 4856 Czesarii,
1282 4789 1516 4860 aliisque
1542 4795 1672 4846 ante
1696 4793 1966 4847 sreculum
1996 4810 2068 4847 vn
2096 4794 2280 4866 editis,
2310 4795 2464 4850 nulla
2493 4795 2560 4849 de
2588 4795 2843 4850 Adventu
2869 4793 3113 4860 Domini,
3150 4797 3426 4864 tanquam
3465 4791 3536 4846 de
3571 4785 3850 4863 singulari

481 4877 722 4949 quadam
747 4877 1004 4932 instituta
1030 4877 1378 4946 celebritate,
1410 4880 1644 4936 homilia
1684 4883 1937 4953 legitur:
1972 4885 2070 4938 sed
2109 4885 2154 4938 si
2195 4902 2305 4956 qua
2347 4873 2609 4955 occurrit,
2655 4886 2974 4940 exhortatio
3007 4890 3091 4938 est
3133 4884 3203 4938 ad
3242 4882 3448 4938 Christi
3487 4882 3849 4936 Nativitatem

479 4983 609 5021 cum
638 4967 842 5038 pietate
871 4967 1348 5038 praeveniendam.
1394 4971 1452 5024 In
1493 4972 1818 5027 Homiliario
1860 4973 2304 5046 Sanctigallensi,
2357 4976 2559 5030 litteris
2594 4975 2918 5047 majusculis
2955 4975 3026 5030 ab
3065 4974 3228 5028 annis
3269 4972 3424 5027 mille
3463 4972 3704 5042 scripto,
3743 4969 3848 5024 duo

478 5073 766 5111 sermones
792 5055 1074 5111 habentur
1101 5075 1204 5128 pro
1230 5058 1318 5114 die
1350 5060 1636 5116 Dominica
1681 5067 1810 5117 ante
1851 5063 2039 5118 Natale
2083 5065 2321 5132 Domini,
2365 5066 2461 5120 sed
2499 5066 2757 5137 inscripti
2784 5067 2888 5120 hoc
2920 5065 3087 5120 modo
3119 5081 3132 5118 :
3176 5063 3468 5120 Dicendum
3508 5077 3614 5115 seu
3641 5063 3845 5116 Dictum

477 5150 605 5200 ante
632 5146 832 5202 Natale
855 5149 1086 5217 Domini,
1119 5147 1239 5202 sine
1265 5150 1379 5204 ulla
1403 5151 1689 5206 mentione
1717 5153 1991 5207 adventus
2019 5172 2122 5225 per
2153 5159 2331 5209 totum
2365 5155 2504 5209 illud
2532 5173 2734 5226 corpus
2764 5155 3148 5223 homiliarum,
3179 5169 3310 5224 quae
3335 5168 3440 5223 per
3463 5167 3688 5206 annum
3716 5155 3845 5204 tunc

475 5235 830 5306 legebantur,
860 5232 1146 5309 pleraeque
1174 5255 1240 5293 ex
1264 5240 1504 5294 Caesario
1533 5241 1794 5312 episcopo
1821 5243 2153 5299 Arelatensi.
2181 5246 2342 5300 Certe
2373 5262 2556 5316 neque
2587 5246 2840 5312 concilia,
2872 5261 3059 5318 neque
3100 5243 3316 5315 regulae
3355 5241 3589 5295 illorum
3623 5245 3841 5310 tempo-

477 5339 628 5390 rum,
656 5325 901 5393 Caasarii,
934 5329 1240 5400 Aureliani,
1271 5331 1536 5398 Ferreoli,
1565 5329 1871 5402 Benedicti,
1900 5334 2073 5388 ullam
2105 5335 2173 5389 de
2203 5335 2486 5390 Adventus
2516 5337 2735 5391 Domini
2773 5336 3039 5390 vocabulo
3088 5335 3153 5404 (si
3196 5334 3342 5388 bene
3376 5331 3639 5401 memini)
3683 5345 3839 5383 men-

474 5414 686 5470 tionem
721 5416 950 5473 faciunt.
990 5421 1282 5476 Ambrosio
1324 5425 1514 5476 tamen
1556 5422 1806 5494 hymnus
1847 5424 1916 5479 de
1953 5426 2213 5482 Adventu
2247 5425 2469 5480 Domini
2510 5427 2784 5483 tribuitur
2828 5427 2886 5482 in
2923 5423 3229 5498 llymnario
3268 5424 3464 5478 Romae
3509 5436 3704 5493 nuper
3736 5419 3838 5473 im-

475 5525 690 5582 presso.

545 5637 597 5689 6.
631 5635 691 5689 ln
717 5635 961 5706 quadam
988 5636 1244 5707 epistola,
1273 5652 1402 5705 quae
1433 5637 1536 5691 sub
1565 5639 1868 5707 Augustini
1896 5641 2127 5696 nomine
2150 5640 2226 5706 ad
2254 5641 2550 5698 Bibianum
2577 5644 2983 5699 Santoneusem
3011 5641 3342 5712 episcopum
3371 5639 3433 5693 in
3475 5636 3682 5692 Codice
3716 5635 3837 5691 Car-

467 5724 719 5779 nutensis
753 5722 951 5797 100
977 5724 1153 5780 sancti
1188 5723 1338 5777 Petri
1382 5726 1733 5794 monasterii,
1779 5733 1905 5784 ante
1936 5749 2112 5786 annos
2152 5731 2508 5802 octingentos
2551 5738 2797 5800 exarato,
2840 5737 2967 5804 post
2998 5729 3323 5800 Hieronymi
3363 5729 3632 5801 quaedam
3673 5739 3836 5798 opera

470 5813 752 5886 reperitur
773 5831 789 5882 ;
820 5813 1096 5869 nonnulla
1121 5813 1192 5868 de
1215 5813 1474 5868 Adventu
1504 5815 1721 5871 Domini
1743 5817 2032 5890 leguntur,
2053 5821 2144 5877 hic
2168 5822 2358 5892 paucis
2379 5823 2694 5877 delibanda.
2712 5826 2922 5878 Auctor
2942 5822 3021 5877 ait
3046 5821 3266 5875 Bibiani
3289 5824 3491 5891 rogatu
3514 5835 3572 5873 se
3595 5817 3835 5890 dirigere

473 5924 500 5952 κ
533 5903 803 5961 Ordinem
831 5901 1374 5975 [lipponteregiensis
1401 5904 1666 5978 ecclesiae,
1697 5908 1940 5981 qualiter
1965 5912 2155 5968 divina
2191 5911 2373 5968 oﬂicia
2416 5921 2538 5986 (per
2573 5929 2789 5970 annum
2825 5914 2884 5969 in
2921 5929 2986 5968 ea
3024 5911 3258 5967 ecclesia
3296 5910 3570 5982 disposita
3611 5904 3833 5976 essent,)
