3968 6440
137 429 221 484 ltiti
1254 432 1340 488 DE
1378 433 1686 488 LITURGIA
1722 432 2090 488 GALLICANA
2126 430 2323 487 LIBER
2360 432 2423 486 ll.
3398 439 3500 492 170

141 561 290 614 totius
315 561 456 615 anni
484 560 805 634 Opiﬁcium
834 564 894 618 in
919 563 1250 618 lectionibus
1275 563 1480 618 divinis
1507 563 1995 634 (perstringendo,)
2025 562 2354 632 incipientes
2382 560 2601 632 (inquit)
2632 559 2888 617 ordinem
2913 561 3196 618 Adventus
3223 565 3500 621 Dominici

144 666 170 702 a
192 666 279 703 vm
307 651 600 706 Kalendas
627 653 914 720 Octobris,
952 653 1029 720 (id
1059 655 1157 720 est)
1191 653 1529 724 aequinoctio
1561 653 1874 707 autumnali
1903 669 1916 706 :
1948 669 2051 722 pro
2080 669 2145 706 eo
2173 651 2322 722 quod
2349 651 2544 705 eadem
2566 651 2656 704 die
2683 652 2916 705 Joannes
2941 669 3253 722 prmeursor
3280 655 3502 710 Domini

146 755 172 791 a
211 739 523 808 majoribus
565 742 786 795 nostris
826 741 1070 795 traditur
1113 747 1168 795 et
1209 742 1412 812 angelo
1440 741 1734 795 nuntiante
1761 746 2079 810 conceptus,
2114 745 2169 794 et
2196 739 2426 793 Herodis
2451 740 2660 793 funesti
2682 740 2866 809 gladio
2893 741 3220 796 trucidatus.
3253 743 3499 814 Dignum

147 843 376 897 namque
397 833 487 881 est
516 828 741 897 (subdit
772 830 884 898 ille)
912 833 977 882 ut
1007 829 1077 882 ab
1108 829 1305 883 eadem
1327 830 1414 883 die
1439 846 1619 899 usque
1647 830 1717 883 ad
1764 829 2115 882 Nativitatem
2140 828 2364 894 Christi,
2395 827 2799 898 prophetarum
2827 845 3037 899 organa
3066 831 3498 900 tympanizando

148 915 367 968 resultet
387 917 668 971 Ecclesia.
699 917 812 971 Sed
839 917 970 988 quia
997 921 1130 970 sunt
1155 918 1414 971 nonnulli
1438 918 1534 988 qui
1560 918 1874 971 Adventum
1902 917 2124 970 Domini
2151 933 2182 969 a
2211 916 2506 970 festivitate
2532 915 2680 969 beati
2708 916 2926 970 Martini
2965 918 3301 972 Turonensis
3340 920 3498 975 urbis

149 1003 380 1074 episcopi
409 1005 690 1059 videntur
715 1005 1051 1076 insipienter
1075 1007 1349 1072 excolere,
1383 1023 1487 1060 nos
1507 1023 1599 1060 eos
1626 1023 1741 1060 non
1772 1006 2271 1076 reprehendamus,
2295 1005 2426 1075 quia
2451 1022 2564 1058 non
2591 1021 2783 1058 omnes
2807 1005 2997 1058 omnia
3024 1011 3277 1076 possunt,
3306 1013 3360 1062 et
3378 1025 3498 1062 ma-

149 1092 284 1146 xime
322 1108 461 1146 cum
499 1095 809 1164 Apostolus
847 1094 996 1148 dicat
1024 1111 1036 1148 :
1072 1095 1382 1164 Unicuique
1405 1094 1546 1148 sicut
1574 1095 1716 1148 Deus
1743 1091 1932 1148 divisit
1956 1110 2278 1148 mensuram
2308 1093 2456 1148 ﬁdei.
2488 1093 2591 1148 Sed
2619 1094 2784 1164 longe
2811 1093 2973 1147 aliter
2991 1100 3073 1148 est
3088 1095 3378 1165 plenitudo
3406 1114 3498 1150 or-

148 1180 281 1234 dinis
330 1186 389 1234 et
437 1182 746 1252 religionis
793 1187 1020 1236 nostrae.
1067 1183 1336 1236 Martinus
1362 1183 1573 1237 etenim
1603 1188 1822 1236 sanctus
1848 1183 2017 1252 longe
2047 1188 2170 1252 post
2199 1183 2588 1236 Ascensionem
2613 1181 2854 1250 Domini,
2881 1181 2968 1236 vel
2998 1188 3124 1253 post
3149 1183 3500 1240 nativitatem

148 1269 370 1340 prodiit,
402 1271 496 1324 vel
528 1275 661 1341 post
684 1277 931 1325 mortem
958 1271 1226 1339 discessit,
1258 1272 1468 1342 quippe
1497 1271 1593 1342 qui
1623 1272 1826 1325 nostris
1853 1271 2198 1341 temporibus
2212 1287 2385 1341 prope
2400 1269 2794 1340 fuit,quamvis
2825 1270 2882 1323 in
2902 1270 3055 1324 brevi
3076 1275 3328 1343 tempore
3348 1273 3501 1327 fama

149 1358 452 1412 sanctitatis
486 1364 545 1412 et
575 1359 806 1412 virtutis
835 1359 984 1413 illius
1013 1365 1196 1413 totum
1224 1361 1499 1414 mundum
1528 1360 1781 1430 replevit.
1809 1359 1972 1430 Apud
1991 1377 2092 1413 nos
2122 1360 2309 1430 itaque
2335 1376 2400 1412 ex
2425 1359 2544 1428 ejus
2571 1357 2924 1412 solemnitate
2945 1359 3279 1414 abstinentia
3303 1377 3336 1414 a
3371 1378 3496 1415 car-

148 1446 326 1511 nibus,
356 1446 449 1499 vel
485 1447 778 1517 conjugali
818 1448 1017 1518 copula
1058 1448 1187 1501 ﬁliis
1215 1449 1469 1503 Ecclesiae
1500 1448 1786 1516 indicitur,
1814 1453 1879 1502 ut
1902 1448 1970 1501 ad
2001 1447 2353 1501 Nativitatem
2372 1447 2592 1500 Domini
2621 1445 2869 1500 securius
2895 1448 3329 1503 communicent.
3365 1470 3390 1497 ››
3421 1451 3500 1503 Ex

148 1535 241 1588 hac
285 1535 556 1604 epistola,
587 1535 950 1605 supposititia
985 1536 1236 1606 quidem,
1266 1537 1363 1590 sed
1398 1541 1586 1590 tamen
1616 1535 2021 1606 antiquissima,
2054 1536 2442 1606 intelligimus,
2471 1540 2599 1588 ante
2640 1539 2931 1605 receptum
2960 1535 3017 1588 in
3042 1536 3213 1590 Gallia
3235 1537 3499 1592 Ordinem

145 1623 561 1692 Gregorianum
585 1640 703 1676 non
731 1623 810 1676 ita
838 1625 1007 1677 ﬁxam
1036 1641 1098 1678 ac
1129 1629 1308 1678 ratam
1352 1624 1520 1678 fuisse
1565 1625 1839 1678 Dominici
1864 1624 2144 1678 Adventus
2169 1623 2488 1677 celebrandi
2517 1624 2793 1677 rationem
2821 1639 2834 1676 :
2866 1640 3035 1693 quam
3060 1641 3188 1677 cum
3214 1626 3499 1696 pleraeque

145 1712 443 1766 Gallicanae
484 1713 771 1779 Ecclesiae,
801 1714 988 1767 forsan
1028 1715 1288 1784 exemplo
1313 1715 1671 1780 Turonensis,
1701 1731 1732 1766 a
1760 1715 1901 1767 festo
1936 1713 2112 1766 sancti
2136 1713 2358 1766 Martini
2384 1712 2733 1782 inciperent;
2766 1712 3048 1781 praedictae
3076 1712 3324 1783 epistola
3369 1715 3500 1768 scri-

143 1804 284 1869 ptor,
317 1800 592 1870 quisquis
619 1800 715 1853 ille
741 1800 868 1868 fuit,
900 1802 1066 1855 altius
1091 1802 1459 1872 repetendam
1485 1802 1678 1870 voluit,
1711 1817 1915 1872 nempe
1942 1817 1974 1853 a
2003 1817 2095 1854 Vill
2126 1801 2244 1854 Kal.
2278 1801 2532 1855 Octobris
2556 1817 2568 1853 :
2599 1817 2710 1870 quo
2736 1817 2802 1854 ex
2827 1806 3082 1871 tempore
3120 1799 3300 1872 101
3362 1804 3496 1856 Pro-

141 1889 448 1959 phetarum
479 1888 550 1941 de
579 1888 800 1942 Christo
827 1890 1091 1943 vaticinia
1117 1890 1177 1943 in
1204 1890 1406 1944 divinis
1433 1891 1630 1944 ofﬁciis
1658 1889 1880 1944 recitari
1910 1889 2196 1944 deberent.
2225 1892 2404 1960 Atque
2431 1893 2496 1942 ut
2538 1889 2871 1942 sententiam
2918 1906 3079 1943 suam
3127 1890 3248 1942 aliis
3282 1891 3497 1945 facilius

140 1977 507 2048 approbaret,
538 1978 642 2030 sub
663 1978 916 2047 specioso
941 1979 1120 2033 sancti
1147 1979 1446 2048 Augustini
1471 1979 1698 2032 nomine
1728 1977 1997 2031 conﬁnxit
2026 1977 2708 2048 epistolam,vulgavitque
2731 1994 2744 2030 :
2777 1994 2943 2047 quam
2955 1979 3022 2031 ad
3036 1979 3244 2031 calcem
3268 1979 3498 2048 hujusce

139 2066 452 2119 voluminis
496 2066 789 2136 integram
832 2067 1160 2120 referemus.
1201 2068 1479 2122 Caeterum
1517 2067 1816 2136 Gregorius
1845 2066 2184 2120 Turonensis
2221 2066 2451 2120 antistes
2499 2064 2832 2135 religionem
2879 2066 3124 2134 dierum,
3157 2065 3254 2136 qui
3293 2084 3326 2119 a
3356 2067 3495 2120 festo

137 2156 312 2210 sancti
345 2155 585 2209 Martini
610 2155 680 2208 ad
705 2156 913 2210 Christi
940 2157 1132 2210 Natale
1158 2155 1506 2226 interjacent,
1539 2156 1698 2210 nobis
1723 2157 1978 2226 suggerit
2006 2156 2066 2209 in
2092 2155 2189 2209 lib.
2209 2156 2277 2209 de
2305 2155 2439 2209 Vitis
2465 2156 2698 2208 Patrum
2725 2171 2846 2224 cap.
2881 2157 2965 2222 15,
2996 2155 3093 2208 ubi
3113 2155 3192 2209 ait
3217 2156 3496 2210 Senocum

139 2245 428 2298 reclusum
456 2245 530 2298 ad
555 2260 614 2297 se
653 2243 894 2312 venisse,
924 2245 1015 2298 cui
1054 2244 1349 2298 consilium
1392 2244 1627 2313 dederit,
1659 2249 1723 2298 ut
1769 2261 1840 2298 ne
1877 2249 2151 2314 perpetua
2194 2260 2250 2297 se
2285 2243 2600 2297 reclusione
2641 2243 2996 2313 astringeret,
3029 2243 3126 2297 sed
3166 2248 3388 2297 tantum
3438 2245 3499 2298 in

137 2332 613 2402 Quadragesima,
642 2337 699 2388 et
724 2333 786 2387 in
815 2333 923 2386 illis
953 2333 1171 2402 diebus,
1206 2354 1232 2382 «
1263 2333 1360 2404 qui
1387 2334 1535 2389 inter
1559 2333 1967 2404 depositionem
1995 2332 2168 2386 sancti
2189 2331 2410 2386 Martini
2437 2348 2500 2385 ac
2526 2331 2794 2385 dominici
2829 2331 3034 2385 Natalis
3076 2332 3496 2388 solemnitatem

138 2421 453 2476 habentur.
489 2441 517 2471 »

205 2581 259 2632 ‘7.
293 2578 378 2632 Ex
403 2577 498 2631 his
527 2577 802 2632 omnibus
830 2576 1070 2648 conjicio
1096 2595 1194 2634 sex
1221 2578 1343 2633 illas
1368 2579 1686 2634 numericas
1710 2583 1869 2633 notas
1893 2595 1996 2650 pro
2016 2577 2247 2633 totidem
2277 2576 2490 2643 ofﬁciis,
2520 2592 2644 2647 quae
2674 2576 2734 2630 in
2763 2575 3108 2631 Lectionario
3157 2584 3350 2636 nostro
3399 2583 3492 2637 de-

135 2664 374 2721 siderari
403 2666 681 2735 diximus,
711 2668 1048 2738 repetendas
1067 2683 1185 2722 esse
1224 2685 1256 2721 a
1284 2668 1421 2722 festo
1465 2668 1638 2722 sancti
1674 2667 1895 2722 Martini
1924 2685 1936 2721 ε
1966 2684 2077 2738 quo
2107 2683 2174 2721 ex
2198 2671 2451 2737 tempore
2477 2666 2628 2736 apud
2655 2665 2836 2719 Gallos
2873 2666 3070 2735 religio
3104 2668 3405 2738 Adventus,
3435 2671 3493 2726 id

145 2760 222 2809 est
240 2757 596 2827 praeparatio
625 2755 698 2809 ad
723 2757 916 2810 Natale
941 2757 1185 2823 Domini,
1218 2756 1442 2811 initium
1469 2757 1722 2810 ducebat.
1753 2757 1910 2810 Certe
1936 2756 2147 2810 Missale
2168 2755 2618 2821 Ambrosianum,
2649 2770 2797 2807 anno
2827 2757 2959 2807 l560
2984 2755 3214 2825 editum,
3241 2757 3436 2828 incipit
3459 2776 3493 2813 a

151 2845 328 2915 vigilia
357 2846 541 2898 sancti
571 2844 824 2911 Martini;
858 2861 921 2898 ac
960 2845 1237 2898 recentius
1275 2845 1406 2899 anni
1441 2847 1569 2900 1669
1595 2845 1662 2898 ab
1689 2845 1960 2899 Adventu.
1991 2846 2179 2915 Itaque
2207 2843 2670 2896 verisimillimum
2697 2846 2780 2895 est
2803 2842 3212 2900 Lectionarium
3237 2852 3494 2904 nostrum

150 2932 328 2987 itidem
355 2931 664 3003 incoepisse
693 2949 726 2986 a
752 2933 895 2987 festo
924 2934 1103 2987 sancti
1130 2935 1368 3001 Martini,
1403 2935 1459 2988 in
1490 2950 1659 3004 quem
1686 2935 1866 3004 major
1891 2938 2009 2988 erat
2028 2934 2336 3001 Gallorum,
2367 2949 2535 3003 quam
2563 2936 2883 2986 exterorum
2899 2931 3134 2987 devotio.
3155 2935 3360 2990 Deinde
3375 2937 3494 2991 for-

149 3038 236 3076 san
253 3022 614 3093 sequebatur
641 3022 896 3075 ofﬁcium
925 3022 992 3076 de
1020 3028 1211 3077 sancto
1230 3024 1481 3090 Andrea;
1514 3027 1707 3093 postea
1733 3023 1994 3092 quaedam
2021 3021 2200 3076 ofﬁcia
2224 3038 2326 3092 pro
2347 3021 2620 3089 Adventu,
2640 3021 2708 3075 de
2737 3037 2849 3090 quo
2869 3020 2996 3074 dua:
3016 3023 3199 3076 missa:
3218 3023 3498 3080 habentur

151 3111 201 3164 in
222 3110 430 3165 Missali
457 3111 1006 3181 Gothicogallicano,
1034 3111 1266 3166 fortasse
1294 3111 1636 3181 repetendae,
1669 3111 1891 3181 quando
1918 3127 2006 3165 res
2034 3109 2311 3180 exigebat.
2340 3111 2479 3162 Nam
2505 3114 2561 3163 et
2588 3109 2773 3163 missae
2798 3109 3162 3165 dominicales
3197 3117 3321 3182 post
3350 3115 3493 3168 Pen-

147 3205 386 3254 tecosten
414 3199 526 3253 hoc
554 3199 726 3254 modo
754 3199 1075 3269 repetenda:
1116 3205 1296 3266 erant,
1330 3199 1608 3270 siquidem
1636 3199 1800 3252 unica
1838 3199 1896 3252 in
1922 3197 2270 3253 Lectionario
2297 3203 2505 3265 nostro,
2529 3214 2624 3252 sex
2652 3197 2710 3250 in
2734 3197 2936 3251 Missali
2957 3199 3203 3267 Gothico,
3238 3207 3293 3256 et
3317 3217 3414 3258 sex
3438 3203 3496 3257 in

144 3288 484 3342 Mozarabico
523 3292 753 3342 tantum
785 3287 1166 3358 assignantur.
1207 3289 1422 3351 Quanta
1449 3287 1653 3358 pietate
1682 3288 1867 3341 Natale
1913 3287 2132 3342 Domini
2170 3287 2544 3356 praevenirent
2571 3287 2809 3356 majores
2838 3286 3032 3356 nostri,
3061 3288 3220 3343 docet
3256 3306 3435 3345 canon
3465 3295 3496 3344 9

143 3378 360 3431 concilii
387 3376 818 3431 Matisconensis
845 3375 1035 3446 primi,
1064 3377 1360 3430 statuentis
1394 3393 1406 3429 :
1443 3379 1508 3431 Ut
1532 3393 1566 3429 a
1594 3378 1739 3441 feria
1764 3378 1938 3430 sancti
1958 3377 2187 3430 Martini
2215 3390 2376 3444 usque
2401 3375 2476 3428 ad
2500 3376 2697 3431 Natale
2732 3375 2962 3434 Domini,
2991 3377 3244 3439 secunda,
3273 3384 3494 3446 quarta,

140 3470 183 3519 et
205 3471 363 3520 sexta
403 3465 659 3528 Sabbati,
689 3465 750 3518 id
785 3470 871 3519 est
903 3465 1286 3532 hebdomadas,
1321 3462 1514 3535 102
1543 3464 1833 3532 jejunetur,
1875 3469 1925 3518 et
1952 3466 2218 3532 sacriﬁcia
2261 3463 2723 3533 quadragesimali
2749 3463 2975 3516 debeant
3001 3464 3187 3518 ordine
3216 3467 3492 3522 celebrari.

140 3557 316 3625 Atque
340 3553 417 3607 ob
440 3553 591 3607 hanc
613 3569 843 3607 causam
854 3552 1138 3623 jejunium
1159 3557 1400 3623 quatuor
1418 3557 1738 3622 temporum
1755 3553 1814 3605 in
1833 3568 2024 3606 mense
2051 3552 2266 3605 decimo
2293 3551 2613 3604 institutum
2642 3550 2812 3604 tradit
2828 3551 3104 3620 Egbertus
3138 3553 3496 3610 Eboracensis

135 3646 367 3700 antistes
393 3646 458 3698 in
487 3644 750 3715 Dialogo,
783 3665 809 3692 ‹‹
833 3659 1039 3714 nempe
1058 3648 1289 3714 propter
1312 3643 1703 3697 advenientem
1729 3642 2105 3696 venerabilem
2132 3640 2544 3695 solemnitatem
2566 3639 2783 3693 Domini
2820 3640 2994 3693 nostri
3028 3641 3158 3695 Jesu
3194 3642 3401 3697 Christi
3431 3649 3497 3698 ut

134 3733 543 3805 unusquisque
572 3731 756 3786 ﬁdelis
783 3736 1061 3803 praeparet
1089 3749 1146 3786 se
1171 3731 1241 3785 ad
1271 3731 1726 3786 communionem
1753 3731 2000 3801 corporis
2026 3735 2080 3784 et
2106 3729 2396 3800 sanguinis
2424 3728 2626 3783 Christi
2664 3743 2794 3782 cum
2821 3727 3111 3783 devotione
3137 3733 3490 3789 sumendam.

135 3822 289 3886 Quod
309 3829 368 3877 et
393 3838 542 3892 gens
571 3821 911 3892 Anglorum,
944 3821 1148 3891 inquit,
1178 3837 1404 3892 semper
1436 3820 1494 3874 in
1523 3821 1690 3892 plena
1715 3819 2064 3875 hebdomade
2092 3823 2221 3873 ante
2248 3818 2439 3872 Natale
2465 3816 2690 3871 Domini
2713 3817 3017 3885 consuevit,
3050 3838 3077 3865 ››
3115 3819 3321 3875 scilicet
3337 3822 3494 3892 jeju-

135 3912 262 3982 niis,
295 3909 625 3975 solitudini,
655 3915 712 3964 et
736 3910 858 3963 aliis
881 3909 988 3980 piis
1017 3909 1279 3980 Operibus
1304 3910 1567 3963 vacando.
1598 3908 1722 3963 Haec
1747 3910 1816 3963 de
1843 3909 2097 3963 Adventu
2124 3907 2343 3962 Domini
2362 3906 2706 3977 praemittere
2733 3921 2918 3975 opera:
2944 3907 3192 3976 pretium
3231 3909 3497 3966 duximus

134 4001 203 4054 ad
247 3999 649 4071 supplendum
693 4015 760 4053 ea
799 4015 926 4070 quae
964 4014 1032 4052 ex
1070 3997 1274 4051 avulsis
1304 3997 1449 4052 foliis
1477 3998 1536 4051 in
1565 3997 1908 4052 Lectionario
1932 4001 2122 4052 nostro
2149 3997 2369 4064 desunt,
2401 3995 2459 4050 id
2479 4000 2562 4050 est
2584 3993 3226 4065 quaternionespmniuo
3245 4003 3493 4070 septem:

135 4089 430 4160 siquidem
473 4087 700 4160 primus
730 4103 760 4142 e
789 4086 1020 4158 reliquis
1044 4103 1282 4141 numero
1309 4089 1341 4142 8
1365 4090 1613 4142 notatur.

203 4253 258 4305 7.
301 4249 472 4316 Quod
505 4248 712 4304 attinet
739 4249 810 4304 ad
847 4249 1228 4305 solemnitates
1255 4254 1312 4304 et
1339 4254 1657 4304 sanctorum
1690 4248 2011 4303 festivitates
2050 4263 2175 4318 qua:
2201 4246 2261 4301 in
2301 4245 2473 4302 Gallia
2510 4245 2795 4316 quondam
2837 4245 3280 4320 celebrabantur,
3313 4257 3497 4309 certus

129 4355 339 4394 earum
367 4355 657 4394 numerus
683 4354 752 4392 ex
780 4338 1126 4393 Lectionario
1152 4341 1345 4393 nostro
1374 4339 1442 4393 ad
1472 4339 1740 4393 amussim
1765 4337 1894 4392 iniri
1913 4353 2026 4391 non
2051 4341 2250 4407 potest,
2280 4339 2405 4390 tum
2433 4335 2563 4407 quia
2589 4352 2691 4405 pro
2715 4334 2849 4390 locis
2877 4335 2967 4390 hic
3004 4353 3275 4393 numerus
3313 4343 3494 4396 varia-

127 4426 247 4496 bat,
283 4434 418 4483 tum
445 4427 583 4498 quia
609 4427 1027 4482 Lectionarium
1055 4428 1344 4498 integrum
1363 4445 1477 4482 non
1506 4429 1800 4483 habemus.
1823 4427 2070 4484 Omnino
2095 4426 2182 4479 hae
2209 4429 2339 4490 sunt
2363 4441 2488 4496 qua:
2515 4425 2573 4478 in
2600 4441 2664 4479 eo
2692 4425 3052 4497 assignantur
3078 4444 3090 4480 :
3116 4428 3380 4484 Nativitas
3399 4432 3500 4486 Do-

130 4518 303 4583 mini,
339 4523 402 4572 et
434 4517 580 4570 festa
607 4516 785 4569 sancti
824 4516 1113 4586 Stephani,
1144 4517 1320 4570 sancti
1352 4517 1580 4571 Joannis
1608 4516 1993 4587 Evangelistae,
2023 4519 2189 4585 atque
2219 4513 2622 4580 Innocentium,
2655 4513 3034 4584 Circumcisio,
3062 4515 3266 4570 festum
3293 4522 3497 4574 sanctae

132 4605 470 4673 Genovefae,
506 4604 844 4674 Epiphania,
889 4605 1155 4659 festivitas
1191 4610 1396 4660 sanctas
1424 4606 1626 4673 Mariae,
1659 4605 1930 4661 Cathedra
1958 4602 2132 4657 sancti
2157 4602 2323 4667 Petri,
2357 4603 2583 4666 Pascha,
2625 4601 2902 4669 Ascensio,
2930 4602 3297 4674 Pentecostes,
3340 4608 3495 4665 festi-

132 4693 283 4748 vitas
326 4693 518 4748 sancti
554 4693 785 4747 Joannis
827 4693 1108 4764 Baptistae,
1151 4694 1356 4748 festum
1392 4695 1772 4765 apostolorum
1806 4691 1954 4746 Petri
1996 4697 2050 4745 et
2094 4690 2270 4758 Pauli,
2302 4689 2484 4743 Passio
2510 4689 2683 4742 sancti
2720 4689 2946 4743 Joannis
2976 4690 3257 4762 Baptista},
3289 4695 3492 4756 deinde

132 4799 458 4837 commune
489 4786 813 4851 martyrum
841 4786 896 4836 et
915 4783 1318 4837 confessorum.
1347 4785 1554 4837 Praeter
1580 4784 1699 4837 haec
1735 4782 2091 4852 assignantur
2117 4778 2298 4834 ofﬁcia
2323 4795 2424 4849 pro
2460 4777 2762 4832 Dominicis
2792 4783 2906 4832 tam
2944 4784 3070 4849 post
3104 4781 3493 4857 Epiphaniam,

131 4887 316 4941 quam
347 4875 484 4942 post
510 4869 854 4924 Cathedram
885 4871 1063 4925 sancti
1089 4872 1266 4940 Petri;
1297 4872 1498 4926 deinde
1526 4889 1627 4943 pro
1667 4867 2120 4940 Quadragesima,
2153 4874 2208 4923 et
2248 4883 2350 4938 pro
2388 4867 2687 4922 Dominicis
2723 4872 2850 4938 post
2885 4868 3129 4936 Pascha;
3175 4887 3278 4940 pro
3309 4874 3497 4932 triduo

132 4959 560 5031 Rogationum,
590 4964 647 5012 et
670 4975 774 5029 pro
804 4959 1095 5014 Dominica
1119 4965 1245 5030 post
1271 4962 1651 5016 Pentecostem
1674 4978 1689 5026 ;
1719 4959 1960 5030 denique
1997 4959 2181 5012 missa:
2211 4957 2471 5028 qmedam
2496 4957 2564 5010 de
2587 4955 2841 5010 Ecclesiae
2875 4956 3238 5025 dedicatione,
3269 4962 3496 5019 ordina-

133 5047 400 5105 tionibus
428 5047 828 5123 ministrorum
856 5065 1162 5117 sacrorum,
1191 5065 1294 5120 pro
1332 5050 1586 5116 mortuis,
1619 5065 1722 5119 pro
1748 5047 2160 5113 itinerantibus,
2191 5044 2380 5117 103
2418 5045 2667 5112 decimis,
2695 5049 2752 5100 et
2791 5044 3062 5099 fructibus
3090 5046 3265 5102 novis.
3300 5050 3497 5108 Videa-

133 5151 266 5195 mus
298 5155 378 5193 an
406 5137 472 5192 in
497 5135 678 5191 Gallia
695 5153 800 5207 per
824 5136 883 5191 id
907 5137 1179 5208 temporis
1204 5138 1323 5193 haec
1350 5139 1523 5194 fuerit
1544 5138 1817 5194 festorum
1842 5137 2042 5191 raritas
2067 5141 2123 5191 et
2146 5134 2456 5205 dispositio.

202 5303 263 5356 8.
293 5299 548 5370 majores
573 5294 957 5353 solemnitates
980 5297 1193 5370 ubique
1223 5298 1493 5354 uniformi
1527 5298 1638 5355 ritu
1674 5296 2129 5366 observabantur,
2158 5311 2362 5366 nempe
2393 5293 2657 5350 Nativitas
2687 5295 2925 5362 Domini,
2958 5295 3184 5367 Pascha,
3212 5302 3270 5354 et
3296 5300 3497 5358 Pente-

141 5396 360 5459 costes;
406 5393 468 5443 et
496 5393 613 5442 tres
641 5387 768 5441 alia:
795 5387 984 5442 minus
1012 5389 1317 5460 precipuae,
1345 5389 1678 5461 Epiphania,
1709 5389 1992 5454 Ascensio,
2023 5392 2080 5442 et
2113 5385 2318 5440 Natalis
2343 5385 2518 5440 sancti
2551 5384 2778 5439 Joannis
2808 5384 3069 5455 Baptistae
3096 5401 3111 5440 :
3140 5403 3281 5458 quas
3306 5407 3502 5448 omnes

143 5481 452 5533 enumerat
478 5475 785 5530 concilium
815 5476 1134 5546 Agathense
1171 5479 1401 5533 ineunte
1428 5457 1632 5533 saeculo
1660 5495 1710 5531 v1
1731 5477 2093 5532 celebratum.
2111 5474 2420 5531 Concilium
2457 5489 2588 5528 vero
2625 5473 3018 5528 Aurelianense
3045 5473 3296 5544 primum
3332 5480 3500 5551 paulo

149 5572 270 5636 post
304 5565 521 5621 iisdem
561 5565 724 5619 festis
757 5564 914 5620 addit
941 5566 1193 5620 triduum
1221 5567 1618 5638 Rogationum,
1660 5567 1758 5638 qui
1791 5566 1906 5621 dies
1933 5582 2049 5620 non
2085 5569 2200 5620 tam
2225 5564 2372 5633 festi,
2409 5577 2582 5635 quam
2618 5562 3024 5633 ptenitentiales
3049 5565 3313 5620 censendi
3347 5574 3498 5624 sunt.

151 5653 490 5712 Cathedram
519 5655 702 5708 sancti
729 5653 883 5708 Petri
910 5655 1166 5725 agnoscit
1189 5657 1386 5711 eodem
1412 5657 1613 5710 saeculo
1640 5655 1940 5711 concilium
1967 5656 2286 5709 Turonense
2313 5671 2370 5709 ιι.
2398 5656 2468 5708 At
2490 5653 2677 5724 plures
2701 5651 3023 5707 festivitates
3049 5659 3344 5709 enumerat
3365 5657 3500 5711 Per-

154 5751 350 5814 petuus
379 5743 650 5816 ejusdem
680 5741 842 5796 urbis
868 5743 1074 5798 saeculo
1102 5760 1133 5796 ν
1161 5745 1450 5816 episcOpus
1475 5745 1624 5816 apud
1649 5744 1980 5817 Gregorium
2008 5743 2111 5798 sub
2137 5743 2308 5798 ﬁnem
2332 5742 2461 5797 libri
2490 5758 2543 5809 x,
2571 5741 2672 5796 ubi
2696 5740 2913 5812 vigilias
2938 5740 3179 5796 instituit
3201 5742 3498 5814 aliquando

160 5832 204 5890 in
232 5834 471 5891 ecclesia
493 5833 596 5903 (sic
627 5831 891 5887 absolute
919 5832 1162 5904 majores
1187 5847 1285 5889 seu
1314 5835 1652 5907 episcopales
1677 5835 1920 5891 ecclesiae
1952 5832 2320 5903 dicebantur),
2348 5831 2649 5904 aliquando
2676 5831 2735 5886 in
2759 5829 3017 5886 basilicis.
3047 5831 3172 5884 Haec
3201 5845 3331 5885 vero
3362 5829 3501 5884 festa

167 5932 276 5980 sunt
306 5941 319 5980 :
365 5923 586 5980 Natalis
624 5919 877 5986 Domini,
922 5921 1253 5994 Epiphania,
1283 5924 1658 5991 Resurrectio,
1691 5942 1720 5976 v
1748 5926 1862 5981 Kal.
1902 5923 2127 5995 Aprilis,
2159 5928 2214 5977 et
2250 5927 2455 5993 praeter
2494 5937 2617 5977 eam
2654 5920 2880 5986 Pascha,
2913 5919 3062 5987 quod
3106 5918 3311 5973 mobile
3348 5921 3491 5986 erat;

474 6013 777 6079 PATROL.
827 6006 1064 6075 LXXII.
3149 6009 3187 6066 6
