3968 6436
519 419 610 482 {74
1296 409 1628 471 APPENDIX
1663 415 1751 469 AD
1789 415 2010 469 OPERA
2047 409 2279 469 SANCTI
2318 413 2614 470 GERMANI
2655 414 3080 472 PARISIENSIS.
3813 417 3923 471 172

516 560 633 614 dies
659 553 1024 620 Ascensionis,
1053 552 1171 607 dies
1195 550 1735 621 Quinquagesimus,
1766 566 1860 601 seu
1902 550 2269 613 Pentecostes,
2297 565 2421 617 qnze
2453 549 2644 600 itidem
2681 549 2736 601 in
2777 549 3014 601 concilio
3054 548 3447 602 Aurelianensi
3488 550 3687 619 primo
3723 551 3922 613 Quin-

515 648 840 720 quagesima
881 648 1144 709 vocatur;
1173 642 1382 695 Natalis
1419 639 1595 691 sancti
1635 638 1880 704 Joannis,
1912 639 1979 690 ad
2026 638 2142 690 haec
2174 638 2355 690 Passio
2386 638 2636 704 ejusdem
2669 655 2682 690 :
2717 638 2919 690 Natalis
2957 643 3276 691 sanctorum
3310 641 3726 708 Apostolorum
3760 641 3923 694 Petri

514 743 569 790 et
593 735 770 800 Pauli,
799 734 1007 787 Natalis
1044 731 1222 784 sancti
1264 728 1682 799 S)‘Iiipho1'iaiti,
1725 728 1928 780 Natalis
1959 728 2134 780 sancti
2183 726 2408 793 Lidorii,
2444 728 2650 779 Natalis
2689 727 2859 779 sancti
2903 728 3143 787 Martini.
3175 735 3296 780 tum
3345 730 3520 782 sancti
3571 731 3814 794 Νῆα-11,
3867 735 3923 782 et

512 825 722 880 Natalis
748 823 925 877 sancti
956 821 1170 876 llilarii.
1206 821 1281 874 Ex
1313 820 1400 872 his
1429 819 1688 872 oumibns
1717 824 1962 886 quatuor
1987 824 2308 887 postremze.
2341 823 2574 886 excepto
2601 817 2688 869 die
2711 817 2884 869 sancti
2915 819 3014 868 Mai
3035 817 3154 884 tini,
3187 834 3302 870 non
3337 820 3549 888 ubique
3578 820 3924 872 Galliarum

511 914 976 968 observabuntur.
1008 915 1068 966 In
1093 913 1355 979 Augusto,
1387 911 1514 978 quia
1543 909 1782 976 quotidie
1814 911 1987 960 missa:
2012 910 2326 963 Sanctorum
2358 913 2510 959 erant
2545 912 2792 976 tempore
2841 907 3061 958 concilii
3099 924 3134 958 ιι
3181 909 3544 976 Turonensis,
3589 911 3920 978 prandium

510 1004 784 1058 habebant
808 1003 1072 1061 monachi,
1104 1017 1169 1054 ex
1200 1016 1412 1052 canone
1445 1003 1528 1063 17,
1559 998 1835 1051 nimirum
1863 998 1932 1050 ob
1959 999 2124 1050 ferias
2145 997 2430 1050 messivas.
2459 998 2538 1050 Ad
2569 997 2688 1050 haec
2715 998 3000 1067 quoddam
3025 997 3150 1050 festi
3182 1016 3362 1063 genus
3378 999 3690 1052 censebatu
3705 1017 3756 1059 r,
3781 1017 3922 1052 cum

510 1093 699 1148 missae
731 1091 953 1145 indictae
982 1095 1160 1144 erant.
1191 1089 1346 1142 Unde
1373 1087 1697 1158 Gregorius,
1728 1087 1783 1140 in
1815 1088 1914 1140 lib.
1948 1087 2052 1140 Ide
2083 1087 2265 1140 Gloria
2287 1092 2598 1156 martyrum
2628 1104 2752 1157 cap.
2785 1090 2868 1152 l3,
2893 1091 3171 1141 nu’ssurum
3200 1092 3341 1154 festa
3369 1090 3615 1158 appellat.
3639 1090 3918 1142 celebra-

508 1182 726 1236 tionem
769 1181 975 1247 missae,
1253 1195 1425 1248 quam
1471 1177 1766 1248 episcopus
1799 1176 2124 1243 Vasateusis,
2167 1177 2305 1228 urbe
2344 1192 2443 1228 sua
2467 1176 2535 1228 ab
2567 1175 2739 1228 Hunis
2769 1176 3010 1242 obsessa,
3041 1177 3243 1241 indixit
3273 1194 3374 1246 pro
3411 1178 3774 1231 liberatione
3809 1196 3918 1248 po-

509 1271 633 1344 puli
658 1270 762 1324 sui.
794 1271 965 1324 Porro
993 1269 1230 1337 singula:
1257 1268 1507 1320 civitates
1535 1271 1589 1319 et
1619 1265 1864 1319 ecclesim
1892 1283 2019 1318 suos
2051 1265 2357 1335 peculiares
2381 1271 2645 1334 patmnos
2672 1265 2945 1332 singulari
2976 1266 3126 1318 cultu
3151 1267 3591 1319 venerabantur.
3615 1267 3922 1337 Insignio-

510 1377 601 1416 res
638 1377 668 1413 e
702 1359 996 1412 Gallicanis
1024 1362 1278 1411 recenset
1309 1357 1556 1411 Nicetius
1590 1355 1932 1409 Trevirensis
1961 1355 2209 1425 pontifex
2239 1355 2294 1407 in
2325 1355 2553 1424 epistola
2580 1355 2649 1407 ad
2675 1355 3105 1408 Cblodosindam
3144 1355 3420 1421 reginam,
3453 1371 3670 1423 nempe
3706 1357 3917 1410 Marti-

507 1466 672 1517 num,
702 1450 1064 1516 Germanum,
1088 1447 1383 1515 Hilarium,
1413 1447 1656 1515 Lupum,
1683 1445 2024 1512 Remigium,
2049 1449 2104 1498 et
2130 1445 2474 1510 Medardum,
2505 1461 2644 1513 quos
2670 1445 2956 1496 miraculis
2983 1445 3040 1496 in
3059 1446 3174 1498 dies
3187 1447 3487 1498 clarescere
3509 1448 3806 1500 at'tirmat.
3836 1448 3916 1500 Ex

507 1539 600 1593 his
626 1539 831 1593 festum
857 1537 1031 1590 sancti
1060 1536 1280 1590 Martini
1303 1553 1406 1606 per
1430 1552 1625 1588 omnes
1651 1535 1950 1588 Galliarum
1982 1534 2238 1588 ecclesias
2259 1535 2477 1587 celebre
2506 1540 2644 1602 erat,
2675 1538 2737 1586 ut
2765 1551 2832 1586 ex
2861 1535 3077 1586 concilii
3119 1535 3625 1588 Autissiodurensis
3676 1551 3916 1589 canone

508 1632 562 1697 5,
594 1645 663 1682 ex
697 1627 966 1698 Gregorio
991 1625 1321 1693 Turonensi,
1355 1631 1409 1678 et
1441 1641 1509 1678 ex
1538 1625 1657 1677 Vita
1679 1623 1852 1676 sancti
1886 1623 2050 1692 Eligii
2081 1623 2438 1688 intelligitur.
2476 1625 2662 1694 Itaque
2691 1641 2802 1676 non
2833 1624 3084 1677 dubitem
3106 1624 3241 1694 quin
3267 1624 3416 1676 idem
3434 1625 3650 1677 festum
3677 1625 3747 1679 in
3769 1626 3913 1679 Lec—

505 1717 746 1773 tionario
771 1722 962 1771 nostro
989 1715 1175 1768 locum
1203 1713 1467 1767 habuerit
1496 1714 1553 1766 in
1587 1713 1695 1766 illis
1724 1713 1868 1765 foliis
1897 1729 2025 1783 qure
2046 1712 2458 1766 desiderantur.

577 1846 630 1896 9.
660 1840 874 1896 Saeculo
905 1856 976 1893 vn
1003 1856 1116 1893 non
1145 1855 1494 1909 magnOpere
1520 1838 1760 1891 accrevit
1786 1838 2060 1892 festorum
2089 1837 2145 1889 in
2174 1837 2346 1890 Gallia
2373 1854 2664 1890 numerus.
2695 1837 2814 1891 Scio
2840 1837 3019 1890 multo
3048 1838 3208 1908 plura
3235 1839 3528 1892 numerari
3550 1839 3609 1893 in
3635 1842 3912 1912 quodam

505 1931 742 1987 concilio
758 1929 1088 1996 Rhemensi,
1106 1929 1257 2000 quod
1285 1945 1352 1982 ex
1383 1927 1582 1982 Codice
1611 1945 1716 1981 ms.
1737 1927 1956 1996 Majoris
1987 1927 2309 1980 monasterii
2343 1927 2534 1980 Itiuius
2565 1927 2730 1981 eruit.
2761 1929 2962 1980 Verum
2995 1928 3292 1981 concilium
3311 1929 3458 1982 istud
3483 1930 3656 2000 longe
3693 1948 3909 1986 recen-

503 2023 614 2078 tius
641 2038 760 2076 esse
789 2025 1025 2074 constat.
1053 2018 1274 2089 Majoris
1304 2022 1386 2072 est
1417 2018 1787 2083 auctoritatis,
1818 2022 1873 2070 et
1899 2017 2131 2087 quidem
2157 2023 2343 2085 certze,
2375 2018 2774 2070 Kalendarium
2803 2019 3246 2071 vetustissimum
3276 2019 3345 2071 ab
3375 2019 3543 2072 anuis
3578 2021 3710 2073 fere.
3743 2023 3909 2078 mille

503 2111 797 2182 scriptum,
825 2109 976 2180 quod
996 2108 1272 2162 habemus
1302 2124 1369 2160 ex
1395 2107 1731 2160 bibliotheca
1759 2106 2098 2172 Corbeiensi,
2131 2105 2186 2158 in
2209 2123 2320 2176 quo
2346 2112 2579 2160 notatur
2607 2124 2671 2159 xv
2699 2107 2816 2160 Kal.
2853 2107 3138 2160 Februarii
3161 2108 3439 2176 Depositio
3458 2116 3676 2163 sanctae
3706 2113 3907 2164 Mariae

503 2199 761 2271 virginis.
785 2199 994 2252 Deinde
1015 2202 1142 2268 post.
1167 2197 1374 2267 aliqua,
1408 2213 1497 2249 vni
1530 2197 1646 2249 Kal.
1676 2197 1878 2263 Martii,
1913 2196 2189 2249 Cathedra
2215 2197 2388 2250 sancti
2419 2197 2564 2250 Petri
2593 2198 2852 2266 apostoli,
2888 2214 2974 2249 vni
3006 2198 3124 2250 Kal.
3157 2198 3383 2267 Aprilis,
3435 2199 3624 2251 Passio
3660 2201 3905 2254 Domini

502 2288 681 2344 nostri
709 2289 836 2342 Jesu
867 2287 1100 2354 Christi;
1136 2287 1394 2340 Kalendis
1433 2285 1579 2353 Maii,
1611 2286 1812 2338 Natalis
1844 2285 2088 2356 Philippi
2126 2286 2390 2356 apostoli;
2422 2303 2453 2340 Χ
2476 2287 2596 2340 Kal.
2624 2287 2772 2350 Julii,
2807 2288 3009 2339 Natalis
3038 2287 3212 2339 sancti
3239 2288 3426 2339 Jacobi
3455 2290 3735 2358 apostoli,
3770 2308 3905 2362 qua:

503 2379 614 2434 duo
660 2378 890 2431 fortasse
941 2380 1131 2430 notata
1174 2381 1335 2429 erant
1385 2375 1455 2427 ad
1500 2375 1851 2440 memoriam,
1886 2391 1999 2428 non
2040 2376 2110 2427 ad
2153 2376 2468 2428 festivatem
2509 2375 2889 2439 indicendum;
2939 2393 3031 2428 vin
3076 2377 3197 2429 Kal.
3238 2377 3402 2444 Julii,
3444 2378 3661 2431 Natalis
3716 2383 3905 2434 sancti

499 2468 726 2522 Joannis
766 2467 1061 2537 Baptistae;
1090 2470 1146 2519 et
1175 2481 1231 2517 ιιι
1264 2464 1408 2532 Kal.,
1433 2465 1616 2517 Passio
1638 2471 1958 2518 sanctorum
1985 2465 2366 2534 apostolorum
2398 2465 2544 2518 Petri
2574 2471 2628 2518 et
2653 2465 2828 2517 Pauli.
2855 2467 2964 2517 lloc
2997 2465 3394 2518 Kalendariiun
3427 2468 3714 2521 mutilum
3745 2469 3901 2523 desi-

498 2557 584 2612 nit
607 2557 665 2610 in
696 2555 784 2610 die
812 2559 843 2609 2
864 2555 1124 2624 Augusti.
1155 2553 1405 2624 Denique
1431 2555 1716 2623 przedictis
1756 2555 1932 2619 festis,
1963 2571 2092 2624 quae
2125 2571 2190 2609 ex
2219 2555 2467 2607 conciliis
2494 2555 2750 2624 superius
2778 2555 3093 2617 retulimus,
3125 2563 3350 2608 sanctus
3398 2557 3740 2610 Bonifacius
3792 2560 3904 2612 Mo-

499 2645 772 2717 guntinus
801 2645 1030 2698 antistes
1061 2644 1215 2698 addit
1234 2644 1690 2713 Assumptionem
1711 2650 1916 2697 sancta'
1946 2644 2149 2711 Mai-ite,
2174 2661 2300 2698 xvm
2327 2646 2442 2698 Kal.
2471 2645 2843 2714 Septembris;
2875 2645 3229 2698 Nativitatem
3266 2644 3313 2716 1
3337 2643 3461 2716 05
3503 2647 3812 2716 ejusdem,
3849 2665 3900 2701 vi

502 2735 626 2788 ldus
644 2735 897 2804 ejusdem
919 2734 1160 2799 mensis;
1192 2738 1248 2787 et
1275 2733 1596 2801 passionem
1623 2734 1796 2786 sancti
1825 2734 2083 2801 Andreae,
2115 2733 2294 2802 pridie
2333 2735 2447 2787 Kal.
2476 2735 2818 2801 Decembris,
2850 2734 3003 2786 nulla
3030 2735 3204 2786 sancti
3251 2735 3459 2801 J'dCUlii,
3511 2751 3622 2788 nec
3677 2738 3898 2790 Cathe-

497 2825 615 2879 draa
642 2823 818 2876 sancti
842 2823 990 2878 Petri
1018 2822 1303 2876 mentione
1325 2823 1489 2888 facta,
1513 2839 1581 2875 ex
1613 2822 1899 2892 Spicilcgii
1944 2829 2096 2876 tonio
2141 2825 2221 2876 IX.
2251 2827 2480 2877 (Zertum
2511 2830 2593 2877 est
2619 2830 2806 2878 tamen
2845 2841 2912 2876 ex
2941 2825 3210 2891 Gregorio
3239 2825 3504 2893 episcopo
3534 2826 3896 2887 Turonensi,

497 2911 912 2983 Assumptionis
938 2911 1191 2982 Deiparae
1214 2911 1420 2964 festum
1441 2911 1726 2980 antiquius
1756 2928 1896 2976 esse,
1929 2917 1991 2964 ut
2017 2928 2116 2964 suo
2147 2911 2268 2964 loco
2300 2913 2534 2965 inferius
2565 2914 2944 2967 ostendemus.
2985 2914 3298 2966 Concilium
3338 2914 3718 2969 Narbonense
3757 2916 3895 2969 anni

501 3005 602 3057 589
623 3001 819 3068 sancit,
843 3006 903 3054 ut
927 3003 1119 3070 quinta
1143 3003 1308 3067 feria,
1351 3003 1461 3053 nisi
1486 3003 1676 3068 aliqua
1707 3002 1976 3066 festivitas
2003 3003 2059 3053 in
2102 3018 2218 3054 eam
2247 3003 2472 3064 incidat,
2500 3006 2699 3069 ἴθι-ἰωή
2725 3009 2774 3056 ct
2801 3019 3002 3058 cessare
3027 3018 3131 3057 non
3161 3003 3341 3065 liccat,
3375 3003 3446 3056 ob
3476 3007 3895 3074 quorumdam

495 3092 948 3146 Christianorum
972 3089 1395 3160 superstitiones
1420 3089 1518 3160 qui
1545 3107 1609 3143 ea
1640 3089 1728 3142 die
1753 3090 1822 3142 ab
1851 3107 2019 3160 opere
2048 3091 2362 3144 cessabant.

572 3218 658 3269 10.
691 3215 818 3268 Ηωο
845 3219 976 3268 sunt
1012 3230 1139 3284 qua:
1179 3213 1247 3266 de
1288 3213 1633 3266 Lectionario
1681 3213 1962 3267 Gallicana
2008 3213 2237 3284 prmt‘ari
2277 3214 2560 3283 duximus,
2590 3215 2828 3268 fusiores
2868 3215 3282 3269 observationes
3325 3215 3441 3269 suis
3495 3217 3642 3273 locis
3697 3238 3891 3276 reser-

495 3309 710 3358 vantes.
739 3303 973 3357 Animus
999 3307 1118 3356 erat
1137 3302 1344 3373 primo,
1375 3302 1788 3356 Lectionarium
1811 3303 2099 3373 integrum
2129 3304 2337 3357 referre
2366 3305 2436 3356 ob
2459 3305 2750 3374 antiquam
2791 3305 3095 3374 Scripturze
3143 3306 3490 3373 versionem;
3537 3310 3645 3362 sed
3690 3317 3894 3381 postea

495 3393 752 3448 suflicere
777 3394 959 3448 visum
985 3398 1067 3446 est
1096 3391 1540 3464 uniuscujusque
1592 3393 1845 3446 lectionis
1873 3393 2097 3446 initium
2123 3411 2184 3447 ac
2215 3395 2385 3447 tinem
2413 3395 2678 3463 indicare,
2721 3395 2970 3464 exceptis
3021 3396 3338 3464 nonnullis,
3385 3412 3516 3466 qua:
3564 3399 3891 3470 aliquando

493 3482 715 3554 integra
755 3484 826 3537 ob
862 3483 1171 3553 singulares
1209 3501 1399 3538 causas
1439 3483 1804 3538 adducemus.
1846 3483 2038 3538 Versio
2072 3484 2194 3538 hzec
2237 3485 2298 3538 in
2323 3485 2606 3556 plerisque
2634 3502 2763 3538 cum
2788 3486 3024 3555 Vulgata
3050 3492 3239 3539 nostra
3268 3486 3555 3555 convenit,
3591 3489 3802 3545 ditl‘ert
3834 3491 3890 3545 in

494 3573 805 3642 nonnullis,
835 3573 903 3628 de
932 3573 1135 3645 quibus
1169 3573 1324 3628 alias.

492 3731 3846 3753 W

1795 3877 2563 3969 ANTIQUISSIMUM

790 4048 2192 4172 LEGTIONARIUM
2317 4053 3554 4174 GALLICANUM

1338 4266 1524 4346 CUM
1601 4267 1874 4347 NOTIS
1949 4269 2067 4346 ET
2139 4266 3010 4352 OBSERVATIONIBUS.

2145 4548 2202 4620 Α
2222 4553 2386 4605 usque
2411 4537 2619 4590 Domus
2644 4537 2912 4590 orationis
2946 4535 3237 4589 vocabitur
3264 4532 3485 4588 cunctis
3509 4533 3777 4605 populis,
3807 4533 3882 4587 ait

2223 4630 2511 4685 Dominus.
2545 4630 2668 4701 (Isa.
2701 4647 2805 4700 Liv,
2840 4634 2888 4699 1,
2920 4646 3081 4700 usque
3112 4647 3216 4698 Lvi,
3244 4629 3321 4696 7.)

2619 4751 2694 4795 tl.
2723 4747 2896 4795 Lectio
2925 4745 3144 4794 Malacbi
3172 4744 3461 4808 prOpbetze.

877 4553 950 4629 [1N
990 4573 1202 4611 VIGILHS
1240 4572 1461 4610 namus
1500 4555 1731 4628 nonum]

927 4663 972 4708 8.
1002 4659 1176 4708 Lectio
1211 4658 1370 4707 Esaim
1396 4659 1680 4722 preplictaa.

801 4752 1066 4817 Laudate,
1111 4751 1255 4816 czeli,
1299 4750 1568 4822 quoniam
1632 4749 2116 4826 [misericordiam]

493 4849 625 4904 fecit
664 4846 932 4900 Dominus
961 4863 974 4900 :
997 4845 1235 4916 jubilate
1283 4849 1534 4899 extrema
1575 4848 1763 4915 terrae,
1797 4851 1930 4913 etc.,
1961 4864 2124 4917 usque

495 4945 562 4999 Et
587 4942 737 4996 salus
762 4956 892 4995 mea
912 4955 1026 4993 non
1047 4937 1379 5007 morabitur,
1409 4939 1486 4992 ait
1512 4939 1782 4994 Dominus
1815 4941 1976 4995 Deus.
1995 4944 2119 5011 (Isa.

493 5052 639 5106 XLIV,
672 5039 761 5104 23,
789 5049 956 5104 usque
979 5034 1054 5088 ad
1077 5037 1232 5103 ﬁnem
1260 5050 1381 5103 cap.
1414 5033 1580 5101 xcvi.)

493 5158 540 5204 9.
568 5152 748 5201 Sermo
770 5150 932 5199 sancti
964 5164 1024 5196 uc
1050 5148 1327 5198 beatissimi
1358 5148 1620 5197 Augustini
1661 5147 1890 5210 episcopi
1921 5147 1983 5198 de
2028 5150 2124 5198 Na-

800 5216 993 5261 tivitate
1023 5212 1223 5260 Domini
1252 5212 1415 5262 uestri
1437 5213 1556 5260 Jcsu
1586 5211 1791 5260 Cluisti.

564 5314 758 5378 Hodie,
791 5311 990 5364 fratres
1015 5306 1305 5372 carissimi,
1337 5307 1458 5360 ρωιί
1489 5307 1731 5376 desuper
1754 5311 2117 5360 roravcrunt:

493 5410 661 5466 hodie
699 5409 889 5476 aperta
931 5407 1014 5454 est
1045 5405 1215 5462 terra,
1255 5407 1308 5452 et.
1345 5401 1542 5469 genuit
1573 5402 1937 5454 Salvatorem.
1971 5400 2118 5452 Felix

491 5507 586 5560 illa
617 5507 784 5557 terra.
801 5513 927 5568 quin
947 5496 1063 5549 sine.
1083 5494 1296 5548 semine
1318 5495 1595 5546 caelestem
1618 5494 1820 5545 samnito
1839 5500 1886 5544 et
1911 5493 2120 5546 mundo

495 5597 691 5670 genuit
716 5595 1075 5650 Salvatorem,
1107 5593 1236 5650 etc.,
1266 5603 1430 5654 usque
1461 5586 1791 5653 ltedimique
1819 5603 1929 5639 non
1961 5593 2117 5655 pote-

490 5694 565 5749 rit
591 5689 858 5756 mundus,
891 5685 997 5738 nisi
1027 5681 1195 5734 fuerit
1222 5680 1474 5732 Christus
1505 5678 1736 5732 occisus.

973 5782 1147 5834 Lectio
1174 5781 1332 5830 Esaiae
1359 5781 1636 5842 prophetae.

559 5882 690 5936 Haec
716 5873 851 5932 dicit
878 5869 1146 5926 Dominus
1177 5885 1190 5922 :
1222 5866 1404 5922 Lauda
1436 5866 1636 5921 sterilis
1663 5883 1790 5939 quae
1810 5884 1921 5922 non
1942 5866 2114 5940 paris;

489 5975 727 6037 decanto
759 5966 988 6024 laudem
1030 5968 1088 6019 et
1129 5961 1290 6018 hinni
1336 5977 1464 6035 quae
1505 5979 1620 6019 non
1665 5961 1942 6036 pariebas,
1984 5964 2114 6035 etc.,

2293 4841 2420 4894 Haec
2466 4840 2598 4894 dicit
2636 4841 2948 4895 Dominus:
2985 4842 3120 4894 Ecce
3164 4857 3270 4911 ego
3317 4839 3546 4892 mittam
3593 4842 3876 4910 angelum

2224 4951 2438 5001 meum,
2469 4935 2564 5005 qui
2590 4934 3094 5005 praeparabitviam
3119 4939 3246 4988 ante
3266 4933 3472 4986 faciem
3492 4949 3722 4999 meam,
3748 4942 3876 4998 etc.,

2223 5045 2386 5096 usque
2415 5029 2727 5082 Pereutiam
2773 5032 2979 5081 terram
3021 5028 3405 5093 anathemate,
3455 5026 3538 5080 ait
3591 5027 3878 5082 Dominus

2223 5122 2383 5176 Deus.
2417 5123 2670 5191 (ΜιιΙιιίἸι.
2703 5139 2760 5190 ιι,
2791 5126 2844 5190 7,
2873 5138 3037 5191 usi/uc
3064 5139 3135 5187 iv,
3170 5123 3243 5192 6.)

2378 5236 2550 5282 Lectio
2577 5235 2736 5282 sancti
2763 5234 3028 5290 Evangelii
3054 5233 3340 5281 secundum
3366 5233 3702 5284 Joliannem.

2293 5333 2353 5385 in
2395 5331 2671 5401 principio
2715 5335 2835 5385 erat
2867 5333 3132 5392 Verbum,
3163 5338 3217 5385 et
3255 5331 3508 5384 Verbum
3556 5337 3693 5389 erat
3722 5333 3872 5404 apud

2221 5428 2417 5489 Deum,
2456 5432 2508 5477 et
2551 5427 2692 5478 Deus
2730 5429 2849 5478 erat
2884 5425 3125 5478 Verbum
3153 5468 3164 5489 ,
3217 5428 3358 5492 etc.,
3401 5441 3578 5494 usque
3628 5429 3872 5482 Plenum

2223 5520 2415 5591 gratim
2443 5522 2498 5572 et
2524 5520 2790 5571 verit-itis.
2821 5523 2990 5582 [.Imm.
3025 5535 3060 5581 ι,
3099 5520 3272 5586 t-tii.)

2609 5659 2783 5701 NOTJZ
2816 5660 2889 5700 L'I'
2919 5660 3030 5701 0135
3043 5662 3050 5700 l
3063 5658 3427 5701 litVA'I‘IUNES
3439 5685 3449 5698 .

2510 5773 2602 5823 llze
2633 5771 2926 5824 duudei'im
2953 5770 3217 5824 lectiones
3245 5769 3484 5823 indubia
3514 5771 3867 5843 legebantur

2218 5868 2286 5921 ad
2319 5867 2534 5938 vigilias
2564 5865 2870 5919 Nativitatis
2908 5865 3146 5932 Domini,
3182 5882 3325 5936 quas
3355 5867 3532 5921 modo
3563 5869 3866 5923 Matutinas

2219 5963 2588 6035 appellamus.
2608 5959 2861 6016 Totidem
2877 5959 3142 6016 lectiones
3163 5959 3487 6033 praescribit
3519 5964 3866 6020 Aurelianus
