3968 6454
67 479 148 530 l't'l
1173 473 1258 530 DE
1297 472 1607 530 LITURGIA
1645 475 2016 532 GALLICANA
2055 473 2252 531 LIBER
2292 475 2356 530 ll.

3232 487 3236 491 ’
3323 473 3420 529 174

60 571 692 652 Arelatensisepiscopus
705 573 767 638 in
780 581 1107 654 regulasua.
1128 583 1432 637 «lnNatale
1451 582 1690 649 Domini,
1717 581 1985 669 Ascribit
2027 581 2088 636 in
2137 581 2389 637 Sabbatis
2434 583 2683 646 Quatuor
2728 581 3088 652 Temporum.
3135 581 3312 636 Aliter
3352 581 3411 637 in

65 674 245 746 inquit,
258 673 384 728 etin
394 673 734 744 Epiphania
743 675 906 730 tertia
927 675 1064 729 hora
1075 675 1310 746 surgite.
1332 675 1504 730 Dicite
1517 691 1695 730 unum

68 771 420 833 Nocturnum,
453 771 516 821 et
546 767 723 822 facite
752 785 850 822 sex
879 769 1078 822 missas
1107 767 1183 836 (id
1210 771 1292 822 est
1311 767 1594 839 lectiones)
1630 768 1698 822 de

73 861 187 914 Isaia
209 859 514 930 propheta.
553 860 774 914 lterum
799 860 965 915 dicite
991 861 1303 916 secundum
1340 865 1702 929 nocturnum,

75 961 120 1008 ct
138 954 395 1024 legantur
414 951 551 1006 aliae.
578 968 680 1007 sex
707 953 779 1008 de
809 953 1134 1025 Evangelia.
1165 975 1192 1003 »
1227 954 1324 1008 Hic
1345 954 1457 1008 duo
1483 958 1704 1009 tantum

74 1044 329 1100 nocturni.
363 1045 424 1098 In
453 1045 571 1098 hoc
601 1046 952 1101 Lectionario
980 1046 1144 1101 lectio
1172 1063 1322 1100 nona
1361 1051 1446 1100 est
1480 1062 1548 1101 ex
1587 1063 1704 1101 ser-

77 1155 222 1194 mone
270 1137 452 1192 sancti
509 1139 848 1209 Augustini,
907 1139 1240 1194 duodecima
1288 1155 1357 1193 ex
1407 1139 1706 1210 Evangelia

77 1231 298 1286 Joannis.
327 1229 412 1284 Ad
443 1246 591 1285 eum
618 1230 740 1286 fere
770 1232 1005 1286 modum
1034 1237 1257 1287 sanctus
1281 1232 1612 1286 Benedictus
1645 1231 1705 1286 in

80 1323 290 1395 V’igiliis,
321 1327 539 1394 przeter
578 1323 858 1378 lectiones
887 1341 957 1378 ex
997 1323 1300 1395 Scripturis
1337 1327 1456 1378 tam
1497 1323 1706 1378 Veteris

51 1408 231 1488 'qnam
269 1416 406 1470 Navi
445 1415 831 1485 Testamenti,
874 1416 1122 1488 assignat
1165 1438 1192 1466 ‹‹
1219 1416 1594 1488 expositiones
1619 1433 1707 1471 ea-

83 1526 192 1566 rum
216 1525 342 1580 qua:
370 1525 406 1562 a
434 1508 920 1564 nominatissimis
946 1509 1266 1564 doctoribus
1295 1509 1616 1564 orthodoxis
1651 1513 1707 1564 et

85 1602 342 1656 catholicis
365 1601 644 1656 Patribus
673 1601 841 1656 factm
872 1606 1024 1671 sunt,
1053 1625 1080 1651 »
1111 1601 1172 1656 in
1196 1601 1406 1672 regulae
1433 1618 1555 1672 cap.
1579 1603 1630 1669 9,
1651 1606 1706 1655 et

87 1696 132 1749 in
156 1711 267 1766 cap.
293 1697 350 1749 tl
385 1694 459 1750 ad
488 1695 740 1749 tertium
769 1699 1117 1749 nocturnum
1143 1716 1170 1743 ι(
1189 1699 1431 1766 quatuor
1444 1693 1706 1748 lectiones

87 1788 140 1842 de
161 1787 303 1842 Novo
331 1788 734 1842 Testamenta.
770 1809 798 1836 »
829 1789 1000 1842 Porro
1026 1803 1222 1844 omnes
1251 1786 1580 1842 Lectionarii
1610 1803 1707 1840 no-

89 1880 170 1935 stri
189 1880 476 1950 lectiones,
507 1885 576 1934 ut
597 1880 728 1950 jam
755 1879 1021 1948 diximus,
1050 1897 1181 1934 cum
1203 1879 1436 1955 vulgata
1455 1878 1705 1933 versione

1804 673 2149 730 Lectionario
2191 679 2382 729 nostra
2430 675 2670 730 habetur
2707 675 2765 730 in
2801 673 3036 730 Sabbata
3072 677 3283 729 sancto.
3333 675 3415 730 Ex

1805 768 1894 822 his
1918 767 2306 838 intelligimus,
2329 768 2624 823 lectionem
2651 785 2718 822 ex
2745 769 3000 838 Apostolo
3019 783 3134 822 non
3153 767 3418 822 continuo

1804 865 1929 931 post
1955 861 2316 931 Praphetiam
2341 861 2543 916 lectam
2567 861 2735 915 fuisse
2769 860 2828 914 in
2877 859 3083 914 Ordine
3121 859 3416 928 Gallicana,

1805 953 1955 1023 quod
1974 953 2141 1007 ﬁebat
2167 953 2369 1008 saeculo
2397 970 2453 1009 xi
2478 952 2538 1008 in
2554 953 2847 1009 Nativitate
2872 952 3093 1008 Domini
3118 969 3187 1008 ex
3219 953 3414 1008 Micra-

1805 1045 1920 1116 logi
1944 1062 2068 1118 cap.
2098 1049 2185 1101 52.

1875 1139 2151 1193 Praeterea
2175 1138 2234 1193 in
2260 1139 2365 1194 hac
2407 1140 2612 1196 Ordine
2648 1139 2926 1195 Gallicana
2959 1139 3124 1194 unica
3156 1137 3325 1194 missa
3359 1137 3420 1193 in

1804 1230 2095 1286 Nativitate
2123 1232 2346 1287 Domini
2371 1233 2710 1304 assignatur,
2743 1233 3052 1303 itidemque
3089 1233 3149 1286 in
3188 1233 3423 1286 Mazara-

1803 1323 1926 1378 bico
1947 1329 2003 1378 et
2025 1324 2086 1378 in
2113 1324 2498 1395 Ambrosiam),
2526 1326 2676 1396 apud
2701 1325 3006 1380 Pamelium
3020 1342 3036 1393 ;
3067 1341 3222 1379 secus
3236 1325 3297 1379 in
3315 1324 3421 1380 Ge—

1804 1416 2035 1485 lasiano,
2067 1412 2426 1488 Gregoriano,
2462 1418 2591 1473 etin
2610 1435 2754 1473 nava
2783 1417 3167 1484 Ambrosiano,
3205 1417 3262 1472 in
3301 1416 3422 1490 quis

1803 1509 1906 1564 bus
1933 1513 2043 1564 tres
2067 1510 2254 1564 missae
2278 1511 2348 1564 ad
2374 1511 2560 1582 ipsum
2586 1511 2734 1566 diem
2776 1510 3074 1566 habentur.
3115 1509 3419 1581 Gregorius

1805 1601 2098 1673 episcopus
2125 1603 2464 1658 Turonensis
2483 1603 2653 1658 unius
2680 1604 2865 1658 missae
2889 1601 3146 1658 meminit
3165 1603 3225 1656 in
3245 1618 3367 1673 cap.
3389 1602 3422 1658 8

1804 1695 1872 1749 de
1915 1694 2048 1748 Vitis
2091 1696 2340 1764 Patrum,
2401 1697 2504 1750 sub
2544 1696 2715 1752 ﬁnem
2759 1696 2887 1751 vita;
2940 1695 3135 1750 Nicetii
3180 1693 3427 1766 episcopi

1803 1787 2210 1857 Lugdunensis,
2242 1788 2338 1842 ubi
2364 1792 2659 1860 postquam
2687 1789 2805 1862 egit
2841 1789 2910 1844 de
2943 1787 3181 1860 peractis
3219 1785 3422 1858 vigiliis

1805 1879 2070 1933 dominici
2089 1881 2290 1935 Natalis
2321 1899 2336 1936 :
2373 1903 2400 1929 ‹‹
2429 1883 2593 1937 Facta
2609 1899 2833 1953 quoque
2847 1882 2988 1936 hora
3011 1879 3194 1950 tertia,
3216 1878 3422 1951 inquit,

89 1975 136 2026 in
158 1973 339 2027 multis
362 1973 749 2040 conveniunt,
781 1972 1098 2044 discrepant
1121 1973 1190 2027 ab
1220 1989 1288 2026 ea
1312 1971 1370 2026 in
1397 1971 1606 2043 paucis.
1646 1973 1706 2026 1n
1726 1960 1782 2032 Β
1807 1989 1936 2026 cum
1951 1973 2191 2044 populus
2209 1973 2278 2028 ad
2299 1973 2595 2028 missarum
2612 1975 2881 2029 solemnia
2902 1973 3244 2042 conveniret,
3263 1977 3371 2027 etc.
3393 1991 3422 2021 ››

91 2066 397 2121 Mozarabico
425 2066 608 2137 longe
638 2065 856 2120 diversa
881 2065 1082 2120 versio.
1111 2065 1306 2122 Sermo
1329 2064 1429 2136 qui
1467 2063 1558 2118 hic
1591 2066 1708 2118 Au-

96 2159 294 2229 gnstino
320 2159 628 2227 tribuitur,
659 2159 786 2229 ejus
811 2175 928 2214 esse
957 2174 1073 2213 non
1101 2157 1342 2226 videtur,
1380 2173 1484 2212 nec
1524 2156 1710 2211 locum

97 2252 238 2306 habet
261 2251 318 2306 in
353 2267 502 2306 nava
540 2247 824 2321 editione,
868 2249 956 2306 uti
992 2266 1097 2305 nec
1137 2266 1376 2320 sequens
1416 2249 1484 2303 de
1523 2253 1712 2304 sancto

99 2346 368 2416 Stephano.

99 2438 209 2494 VIII.
244 2453 489 2493 LEGENDA
527 2452 590 2491 IN
633 2451 726 2491 ωε
749 2451 1106 2490 εΔΝετιεεῐιίι
1141 2450 1471 2491 nummus
1497 2449 1708 2504 boum,

737 2521 809 2560 AD
847 2522 1061 2561 IISSAI.

541 2594 734 2645 Lectio
756 2593 920 2643 Esaia;
945 2593 1233 2658 prophetia.

157 2677 411 2748 Tempore
446 2676 547 2730 illo
594 2676 826 2730 locutus
871 2680 955 2730 est
994 2675 1261 2729 Dominus
1298 2674 1369 2728 ad
1407 2673 1586 2728 Achaz
1627 2672 1713 2728 di-

107 2787 230 2837 cens,
258 2777 382 2837 etc.,
415 2784 588 2840 usque
623 2769 694 2822 Et
715 2767 936 2837 elegere
961 2767 1194 2822 bonum.
1225 2767 1444 2828 Deinde,
1472 2767 1538 2820 Et
1575 2765 1718 2820 dixit

107 2864 342 2918 Dominus
368 2863 439 2918 ad
467 2878 586 2932 me,
616 2862 770 2914 Voca
804 2876 1014 2916 nomen
1059 2860 1200 2931 ejus,
1238 2860 1503 2914 Adcelera
1542 2859 1718 2932 spolia

109 2955 386 3024 detrahere,
407 2961 514 3010 etc.
527 2997 542 3022 ,
559 2953 949 3023 uSqueCoram
961 2969 1093 3023 rege
1109 2953 1484 3024 Assyriorum.
1506 2956 1714 3018 Postea,

109 3048 508 3121 Congregamini
533 3046 766 3119 populi,
795 3049 854 3100 et
887 3044 1194 3111 vincimini,
1231 3050 1361 3115 etc.,
1401 3062 1566 3116 usque
1607 3047 1715 3100 No-

111 3140 296 3196 biscum
337 3143 502 3196 Deus.
561 3144 729 3201 Tum,
785 3139 1056 3193 Parvulas
1093 3137 1245 3192 enim
1287 3143 1452 3192 natus
1493 3143 1575 3193 est
1614 3155 1715 3192 no-

114 3232 197 3302 bis,
221 3240 340 3302 etc.,
367 3250 535 3304 usque
559 3231 734 3288 Zelus
763 3231 987 3285 Domini
1015 3231 1366 3285 exercituum
1391 3230 1554 3285 faciet
1590 3231 1716 3287 hoc.

119 3327 218 3392 (lsa.
243 3343 332 3394 vn,
362 3331 447 3396 to,
474 3341 657 3397 usque
684 3341 760 3393 ix,
789 3327 842 3392 8,
870 3324 1192 3394 quibusdam
1215 3325 1625 3397 praetermissis.)

172 3422 378 3476 Danihel
401 3435 520 3475 cum
545 3418 937 3474 benedictione.

379 3512 618 3576 Epistola
647 3509 795 3560 Pauli
817 3508 1040 3573 apostoli
1064 3509 1129 3558 ad
1154 3509 1417 3559 Hebraeos.

170 3593 441 3650 linitifarie
467 3593 793 3663 multisque
818 3590 1021 3658 modis,
1047 3596 1154 3646 etc.
1186 3606 1350 3660 usque
1375 3591 1440 3646 Et
1465 3588 1600 3644 anni
1637 3591 1721 3646 tui

119 3702 210 3742 non
231 3687 458 3744 deﬁcent
485 3686 679 3757 (Hebr.
711 3700 752 3752 ι,
785 3685 962 3754 1-13.)

304 3779 474 3830 Lectio
501 3767 680 3828 s'ancti
705 3774 976 3838 Evangelii
1002 3773 1289 3824 secundum
1315 3776 1520 3824 Lucam.

176 3855 346 3932 108
372 3861 605 3914 Factum
638 3862 728 3912 est
757 3861 948 3910 autem
976 3855 1036 3910 in
1061 3854 1258 3909 diebus
1283 3854 1412 3923 illis,
1441 3853 1578 3910 exiit
1601 3854 1719 3910 edi-

125 3955 249 4006 ctum
269 3969 301 4007 a
326 3954 540 4008 Caesare
565 3954 852 4022 Augusta,
890 3953 958 4003 ut
997 3947 1405 4002 describeretur
1432 3947 1723 4003 universus

127 4044 264 4113 orbis,
296 4051 420 4116 etc.,
449 4061 620 4116 usque
657 4043 817 4099 Sicut
841 4041 1055 4096 dictum
1082 4045 1166 4095 est
1191 4041 1262 4095 ad
1289 4040 1432 4096 illos.
1475 4042 1618 4110 (Luc.
1660 4056 1720 4109 ιι,

132 4139 199 4190 ιιι
242 4179 254 4192 .

209 4139 273 4208 9)
458 4225 646 4272 ΝΟΤΛΕ
690 4225 770 4269 ΕΤ
811 4222 1343 4270 OBSERVATIONES.

183 4294 268 4349 Hic
301 4302 421 4368 post
460 4295 840 4368 Prophetiam
873 4298 1106 4349 notatur
1148 4293 1379 4348 Danihel
1417 4307 1536 4347 cum
1583 4292 1727 4348 bene-

129 4385 341 4445 dictione.
367 4391 482 4445 Huc
509 4393 734 4462 spectat
762 4404 946 4442 canon
977 4390 1040 4441 l3
1074 4385 1297 4440 concilii
1350 4401 1403 4438 1v
1452 4385 1723 4454 Toletani,

131 4476 431 4537 instituentis
457 4501 471 4538 :
507 4486 577 4539 Ut
598 4497 705 4552 per
723 4495 904 4536 omnes
921 4481 1200 4549 Hispania
1222 4478 1484 4534 Ecclesias
1502 4479 1586 4532 vel
1603 4477 1730 4532 Gal—

138 4565 220 4635 lie,
248 4569 358 4625 aliis
386 4570 533 4626 male
561 4571 834 4638 Galliciz,
867 4569 926 4622 in
955 4570 1191 4622 omnium
1226 4569 1514 4622 missarum
1546 4568 1730 4622 solem-

1807 2065 2008 2121 Confer
2031 2065 2206 2120 alium
2232 2065 2486 2136 ejusdem
2528 2067 2770 2122 auctoris
2806 2067 2995 2121 locum
3035 2081 3105 2120 ex
3141 2064 3241 2119 lib.
3282 2080 3321 2118 ιι
3357 2063 3426 2120 de

1808 2158 2084 2214 Miraculis
2109 2158 2282 2213 sancti
2309 2159 2530 2214 Martini
2556 2177 2678 2231 cap.
2717 2163 2807 2214 25.
2837 2161 2898 2214 ln
2927 2157 3114 2214 libello
3140 2155 3426 2212 Eldefansi

1809 2250 2090 2322 Hispanici
2115 2251 2380 2322 episcopi,
2407 2253 2508 2324 qui
2531 2268 2678 2306 anno
2703 2255 2804 2307 855
2835 2250 3076 2322 scripsit,
3108 2253 3222 2305 tres
3241 2247 3426 2304 missa

1809 2342 2130 2398 iudicantur
2170 2343 2230 2398 in
2272 2343 2451 2398 Natali
2492 2344 2734 2412 Domini,
2763 2344 3052 2413 Paschate,
3079 2345 3418 2412 Pentecoste,

1813 2440 1869 2491 et
1889 2436 2422 2507 Transfiguratione.

1880 2529 2038 2593 Quod
2062 2528 2260 2583 attinet
2275 2528 2344 2583 ad
2389 2533 2501 2583 tres
2536 2528 2752 2598 missas,
2798 2529 2859 2583 in
2897 2527 3102 2584 Ordine
3143 2527 3429 2583 Gelasiano

1815 2625 1870 2676 et
1893 2621 2232 2691 Gregoriano
2257 2620 2326 2675 ad
2352 2620 2542 2676 Natale
2570 2619 2787 2674 Domini
2804 2620 3181 2691 praascriptas,
3207 2619 3298 2674 hee
3323 2635 3426 2692 pro

1815 2730 2050 2768 numero
2063 2713 2388 2784 stationum,
2407 2730 2533 2785 qua
2544 2715 2736 2769 Rome
2753 2713 2823 2768 ab
2837 2711 2886 2786 1
2902 2711 3027 2786 09
3037 2712 3283 2783 antiquis
3293 2717 3431 2768 tem-

1814 2807 2045 2878 poribus
2072 2807 2194 2878 ipsa
2218 2807 2306 2862 die
2331 2824 2364 2861 a
2389 2823 2612 2862 summa
2642 2806 2901 2878 pontiﬁce
2929 2806 3063 2861 olim
3090 2805 3317 2876 fiebant,
3341 2806 3424 2861 in-

1815 2901 2026 2954 stitutae
2053 2903 2204 2969 sunt,
2232 2916 2346 2955 non
2372 2899 2431 2955 in
2451 2900 2652 2956 eadem
2674 2899 2924 2963 ecclesia,
2953 2899 3051 2954 sed
3081 2899 3139 2954 in
3169 2897 3427 2968 diversis;

1813 3009 1998 3064 neque
2022 3009 2055 3046 a
2079 2991 2317 3063 singulis
2357 2991 2756 3061 sacerdotibus,
2795 2991 2891 3046 sed
2931 3008 2966 3045 a
2997 2990 3252 3062 pluribus
3285 2990 3430 3045 cele-

1815 3084 2068 3154 brandas,
2095 3090 2160 3140 ut
2183 3085 2466 3156 colligitur
2491 3101 2558 3141 ex
2587 3084 2793 3140 Ordine
2820 3085 3095 3152 Romano,
3123 3084 3284 3153 cujus
3311 3084 3434 3142 hac

1816 3177 1984 3237 verba
2012 3182 2184 3233 sunt:
2215 3179 2400 3232 Prima
2426 3178 2513 3232 die
2548 3177 2750 3246 vigiliae
2791 3177 3008 3234 Natalis
3050 3177 3266 3232 Domini
3301 3176 3434 3230 hora

1817 3287 1956 3325 nona
1983 3276 2183 3326 canunt
2208 3273 2425 3326 missam
2453 3271 2528 3325 ad
2549 3275 2791 3325 sanctam
2812 3271 3063 3326 Mariam.
3094 3271 3211 3336 Qua
3225 3269 3438 3338 expleta

1819 3317 1955 3325 .--η-
1987 3317 2181 3326 mm..-
2210 3317 2423 3326 mm"..-
2455 3317 2525 3325 _..
2550 3317 2789 3325 -_.--------
2812 3317 2917 3326 ..η
3095 3317 3208 3336 ,π
3228 3317 3431 3338 ur---“

1739 3317 1794 3392 Ο
1819 3368 2018 3418 canunt
2038 3365 2444 3434 vespertinalem
2466 3365 2719 3432 synamim
2751 3378 2766 3414 :
2802 3362 2995 3417 deinde
3017 3362 3226 3416 vadunt
3253 3361 3328 3416 ad
3353 3362 3431 3416 ci-

1821 3457 1962 3512 bum.
1990 3459 2053 3512 In
2071 3458 2374 3527 crepusculo
2397 3458 2564 3511 noctis
2586 3458 2760 3510 intrat
2777 3455 3096 3524 apostolicus
3109 3455 3184 3509 ad
3194 3455 3438 3524 vigiliam

1817 3556 1876 3608 in
1899 3553 2194 3623 praefatam
2217 3551 2508 3604 ecclesiam.
2541 3551 2736 3603 Tamen
2764 3561 2870 3601 non
2893 3552 3117 3602 cantant
3138 3548 3219 3601 ibi
3236 3548 3437 3602 Invita-

1819 3648 2014 3701 tarium
2039 3646 2098 3698 in
2123 3645 2353 3698 Introitu
2380 3661 2397 3696 :
2423 3641 2516 3696 sed
2541 3641 2766 3710 empletis
2791 3641 3007 3709 Vigiliis
3043 3644 3094 3694 et
3129 3640 3432 3702 Matutinis,

1815 3741 1953 3794 sicut
1978 3741 2037 3792 in
2060 3736 2455 3806 Antiphonario
2495 3735 2812 3794 continetur,
2854 3732 3051 3786 ibidem
3090 3735 3288 3785 canunt
3319 3731 3436 3802 pri-

1819 3847 1961 3886 mam
1972 3832 2187 3884 missam
2199 3830 2256 3882 in
2276 3831 2443 3882 nocte.
2465 3827 2581 3893 Qua
2603 3825 2836 3895 expleta,
2859 3824 3068 3878 vadunt
3094 3823 3168 3878 ad
3193 3827 3436 3880 sanctam

1820 3925 2164 3981 Anastasiam
2187 3936 2374 3976 canere
2401 3919 2569 3973 aliam
2595 3921 2813 3973 missam
2841 3919 2908 3972 de
2931 3922 3098 3972 nocte.
3129 3917 3264 3972 Hinc
3290 3932 3439 3972 com-

1819 4015 2150 4072 memoratio
2207 4017 2412 4068 sanctaa
2474 4011 2776 4066 Anastasius
2833 4010 2897 4064 in
2949 4009 3194 4064 secunda
3244 4009 3434 4066 missa.

1821 4110 2020 4167 Deinde
2056 4111 2286 4179 pergunt
2331 4106 2404 4160 ad
2443 4110 2686 4160 sanctum
2717 4097 2954 4167 Petrum,
3001 4109 3062 4158 ut
3103 4104 3182 4158 ibi
3219 4103 3440 4173 vigilias

1821 4204 2074 4258 celebrent
2101 4201 2170 4255 ab
2192 4216 2248 4256 eo
2275 4199 2404 4262 loco,
2437 4199 2532 4253 ubi
2548 4199 2847 4252 invenerint
2860 4197 3093 4267 psallere
3117 4198 3214 4266 qui
3238 4196 3438 4251 ibidem

1822 4295 2103 4350 accubant.
2129 4295 2240 4364 Ipsi
2262 4295 2402 4348 enim
2425 4295 2634 4346 intrant
2660 4291 2735 4345 ad
2758 4291 3004 4359 vigiliam
3022 4290 3176 4345 solito
3213 4295 3441 4360 tempore

1823 4393 1881 4445 in
1910 4403 2158 4460 processu
2189 4388 2376 4454 noctis,
2413 4390 2464 4440 et
2509 4388 2710 4438 canunt
2748 4385 3141 4446 Invitatorium,
3179 4387 3228 4437 et
3253 4396 3438 4452 prose-

1823 4487 2063 4553 quuntur
2092 4479 2332 4535 ordinem
2358 4477 2763 4546 Antiphonarii.
2797 4477 2940 4531 Unde
2964 4479 3124 4530 etiam
3142 4475 3315 4544 dupla
3348 4475 3437 4542 of-

1823 4579 1947 4646 ﬁcia
1967 4577 2026 4629 in
2043 4577 2400 4630 Romanorum
2411 4570 2826 4639 Antiphonariis
2852 4569 2951 4622 hac
2966 4573 3113 4622 nocte
3134 4566 3440 4622 describun-

134 4662 272 4715 πὶιαιε
296 4664 602 4720 decantetur
629 4665 862 4732 hymnus
890 4663 1055 4716 trium
1077 4675 1386 4732 puerorum.
1421 4664 1476 4714 et
1501 4659 1730 4732 quidem
1749 4673 1808 4746 Ι)
1829 4675 1937 4726 tur.
1968 4669 2042 4724 De
2068 4667 2173 4722 hoc
2201 4663 2413 4735 duplici
2439 4661 2621 4717 officio
2658 4662 2782 4732 lege
2817 4660 2892 4716 sis
2927 4659 3197 4716 Amalarii
3231 4659 3332 4716 lib.
3370 4659 3439 4716 de

137 4753 182 4804 in
199 4756 408 4826 pulpito,
443 4762 511 4812 ut
553 4757 762 4828 legunt
805 4753 1141 4809 Walat‘ridus
1187 4753 1415 4808 Strabus
1458 4757 1516 4808 et
1555 4754 1730 4810 Berno
1826 4759 2236 4834 Antiphonario
2262 4774 2386 4829 cap.
2419 4759 2504 4812 t5.

139 4847 412 4920 Augiensis,
440 4851 541 4922 qui
588 4849 912 4918 observant,
959 4847 1064 4902 hoc
1105 4847 1391 4902 canticum
1427 4846 1579 4918 apud
1619 4847 1728 4901 Ro-

143 4951 305 4994 manos
317 4959 425 4997 non
444 4959 565 4998 esse
581 4943 645 4997 in
663 4958 795 5008 usu,
807 4940 916 4995 nisi
939 4961 968 4991 «
985 4945 1186 5013 quater
1203 4939 1266 4994 in
1283 4955 1452 5006 anno,
1475 4962 1502 4989 ››
1527 4955 1731 5011 nempe

145 5025 190 5082 in
207 5032 430 5090 Sabbatis
455 5038 715 5100 Quatuor
739 5036 1107 5106 Temporum.
1133 5036 1397 5087 Attamen
1421 5032 1482 5087 in
1506 5032 1733 5104 vulgato

146 5119 309 5180 Missali
332 5118 676 5184 Mazarzibica
700 5127 888 5182 rarius
907 5127 1014 5181 hoc
1034 5125 1314 5180 canticum
1331 5123 1730 5196 praescribitur,

147 5219 368 5286 etprima
393 5223 626 5293 quidem
651 5223 711 5276 in
739 5218 1032 5277 Dominica
1057 5219 1242 5290 prima
1280 5218 1732 5290 Quadragesimte

149 5315 244 5374 post
264 5312 608 5385 PrOphetiam
633 5315 743 5370 hoc
770 5314 938 5368 modo
970 5329 984 5366 :
1034 5311 1176 5366 Dicit
1205 5311 1516 5382 presbyter,
1551 5313 1730 5366 Domi-

148 5412 222 5453 nus
240 5405 302 5458 sit
321 5421 518 5478 semper
544 5407 836 5464 vobiscum.
867 5403 910 5469 Il)
935 5407 1006 5462 Et
1030 5419 1150 5460 cum
1167 5406 1372 5474 spiritu
1392 5408 1502 5458 tuo.
1527 5403 1734 5459 Deinde

151 5494 338 5565 tractus,
367 5499 566 5556 DANIEL
592 5516 870 5557 moenera
902 5515 917 5554 :
951 5501 1096 5554 Tunc
1120 5498 1211 5552 illi
1235 5502 1338 5551 tres
1357 5499 1518 5567 quasi
1543 5513 1610 5552 ea:
1631 5512 1734 5552 uno

151 5597 219 5638 ore
253 5590 485 5657 hymnum
526 5594 816 5655 canebant,
852 5596 902 5646 et
943 5591 1317 5646 benedicebant
1355 5592 1634 5644 Dominum
1672 5590 1737 5645 de

153 5676 330 5738 furnace
351 5686 594 5743 dicentes.
627 5689 825 5742 Postea
864 5684 1068 5756 incipit
1105 5683 1385 5751 sacerdos,
1427 5683 1737 5738 Benedictus

157 5782 210 5830 et.
231 5775 422 5833 Domine
443 5783 575 5838 Deus
597 5785 825 5852 patrum
848 5783 1172 5840 nostrorum,
1201 5781 1254 5832 et
1275 5776 1642 5838 admirabilis,
1685 5780 1738 5832 et

160 5871 534 5934 “Permultum
561 5876 620 5933 in
660 5874 880 5931 saecula.
916 5875 1108 5936 Amen,
1149 5876 1260 5927 etc.
1289 5870 1402 5926 Hoc
1459 5867 1737 5926 canticum

163 5949 208 6012 ξι
229 5960 477 6036 aliquibus
502 5967 692 6026 diﬁ‘ert
711 5968 783 6026 ab
813 5983 882 6025 eo
920 5965 1073 6040 quod
1097 5965 1384 6023 Romanus
1411 5961 1562 6020 Ordo
1578 5959 1739 6038 'pre—

1895 4857 2172 4912 Caeterum
2191 4853 2251 4908 in
2263 4849 2598 4906 Mazarabico
2619 4847 2914 4920 Prophetia
2934 4846 3014 4902 ita
3030 4846 3247 4917 incipit,
3259 4847 3439 4902 Primo

1827 4956 2059 5020 tempore
2085 4948 2342 5004 alleviata
2367 4949 2442 5001 est
2467 4947 2612 5000 terra
2651 4943 2906 5004 Zabulon,
2937 4945 3044 4995 etc.
3072 4939 3319 5010 Epistala
3354 4955 3444 4994 ea-

1827 5044 1961 5099 dem
1984 5046 2068 5098 est
2089 5045 2255 5112 atque
2288 5039 2348 5094 in
2373 5037 2652 5093 Gallicana
2681 5052 2694 5090 :
2725 5032 3094 5104 Evangelium
3133 5033 3443 5088 secundum

1831 5137 2059 5205 Lucam,
2089 5136 2307 5190 Factum
2333 5137 2408 5187 est
2432 5136 2606 5186 autem
2632 5145 2748 5184 cum
2769 5132 2935 5184 essent
2961 5127 3059 5191 ibi,
3089 5126 3299 5197 impleti
3321 5129 3445 5182 sunt

1831 5231 1942 5286 dies
1966 5233 2028 5284 ut
2045 5231 2280 5298 pareret,
2311 5229 2417 5280 etc.

1905 5324 1989 5378 IX.
2012 5336 2257 5377 LBGENDA
2285 5335 2341 5374 IN
2379 5333 2574 5373 nmu
2605 5331 2789 5392 ελκεςι
2824 5330 3078 5370 surum
3104 5331 3174 5370 an
3201 5329 3373 5370 urv-

2546 5402 2736 5442 τιΝωι.

2265 5465 2438 5517 Lectio
2460 5464 2716 5514 Hierimite
2742 5461 3009 5528 propheta:

1811 5582 1830 5593 .
1904 5541 2230 5598 Benedictus
2247 5538 2482 5594 Domino
2500 5536 2586 5591 vir
2604 5536 2700 5607 qui
2720 5534 2948 5590 conlidit
2966 5535 3025 5588 in
3045 5533 3300 5602 Domino,
3317 5538 3446 5604 etc.,

1832 5651 1998 5707 usque
2020 5637 2087 5690 Et
2111 5651 2227 5688 non
2252 5647 2485 5706 paveam
2509 5647 2635 5703 ego,
2666 5629 2746 5685 ait
2770 5627 3037 5683 Dominus
3061 5627 3222 5682 Deus.
3244 5628 3447 5698 (Jerem.

1834 5746 1965 5800 xvu,
1992 5729 2171 5799 7-18.)

1833 5823 2013 5874 Sermo
2041 5819 2204 5872 sancti
2230 5833 2292 5870 ac
2313 5815 2596 5880 beatissimi
2620 5814 2872 5880 ,Agustini
2911 5812 3144 5880 episcOpi
3177 5810 3241 5862 de
3281 5806 3448 5860 natale

2414 5878 2582 5930 sancti
2607 5876 2872 5942 Stephani.

1905 5955 2264 6015 Beatissimus
2313 5951 2534 6026 primus
2588 5955 2644 6008 et
2691 5938 3009 6020 pracipuus
3057 5946 3274 6014 martyr
3325 5938 3448 5996 Ste-
