3976 6442
529 455 631 512 175
1306 457 1644 514 APPENDIX
1681 459 1770 514 AD
1807 455 2027 514 OPEBA
2064 455 2296 514 SANCTI
2333 457 2632 513 GERMANI
2671 457 3097 513 PARISIENSIS.
3816 452 3912 510 i76

525 565 766 636 phanus,
807 564 1007 620 fratres
1041 563 1334 634 carissimi,
1373 572 1502 638 post
1537 567 1819 638 apostulos
1858 565 2150 620 ordinatus
2170 582 2229 654 Α
2441 566 2615 616 Lectio
2643 565 2808 615 sancti
2830 563 3099 627 Evangelii
3125 563 3415 614 secundum
3443 563 3720 613 Marcum.

527 662 627 724 est,
657 662 788 713 ante
817 656 1098 730 apostulos
1125 665 1424 714 coronatus
1449 665 1552 726 est,
1584 666 1712 727 etc.,
1741 677 1906 731 usque
1939 659 2020 714 Ad
2059 676 2147 713 sa-
2318 662 2520 716 Diebus
2546 661 2656 714 illis
2683 664 3038 715 accesserunt
3067 659 3137 714 ad
3163 660 3470 715 Dominum
3510 659 3721 714 Iesum
3751 657 3914 712 Jaco-

523 756 760 810 nitatem
806 755 1106 827 pristinam
1167 763 1502 812 revocantur
1555 758 1860 813 auxiliante
1913 757 2149 812 Domino
2248 756 2353 810 bus
2389 763 2444 812 et
2471 757 2770 821 Iohannes,
2803 755 2906 807 filii
2943 753 3217 823 Zebedtei,
3263 754 3563 809 dicentes:
3611 751 3914 822 Magister,

520 854 731 904 nostro.
1113 915 1125 934 .
2248 850 2508 904 volumus
2526 854 2586 904 ut
2605 849 3001 920 quodcumque
3018 847 3371 918 petierimus,
3391 847 3567 902 facias
3577 845 3782 912 nobis,
3807 847 3915 898 etc.

559 951 619 1005 X.
648 967 892 1007 LEGENDA
932 970 990 1008 ΙΝ
1020 967 1228 1008 ΝΔΤΛῐιΕ
1265 969 1447 1007 SANCTI
1481 969 1755 1023 STEPHANI,
1787 969 1856 1008 AD
1895 968 2111 1008 MISSAM.

1800 969 1856 1008 in
1895 968 2111 1008 mss“.
2250 943 2440 1012 (Marc.
2472 945 2547 1014 x.)
2575 944 2837 999 Arulsum
2866 947 2942 996 est
2965 958 3130 995 unum
3156 941 3370 1008 folium.

919 1043 1092 1092 Lectio
1118 1044 1340 1092 Actuum
1367 1043 1741 1106 apostolorum.
2861 1049 3276 1093 OBSERVATIO.

596 1127 645 1201 1
663 1126 788 1201 10
819 1129 878 1182 In
906 1128 1102 1183 diebus
1126 1133 1316 1183 autem
1343 1129 1455 1183 illis
1481 1132 1764 1184 crescente
1785 1144 2023 1184 numero
2043 1128 2150 1183 dis—
2319 1132 2498 1186 Nullae
2527 1131 2632 1186 hoc
2661 1131 2784 1185 loco
2803 1130 3072 1185 lectiones
3099 1145 3202 1199 pro
3229 1125 3538 1194 Matutinis,
3565 1141 3777 1198 neque
3803 1125 3919 1179 ulla

521 1221 860 1293 cipulorum,
889 1227 1018 1292 etc.,
1051 1239 1216 1292 usque
1239 1223 1529 1278 Planctum
1558 1239 1837 1294 magnum
1875 1239 2047 1294 super
2077 1221 2146 1276 il-
2248 1225 2318 1280 ad
2357 1225 2588 1280 missam
2627 1224 2790 1278 lectio
2843 1240 2913 1278 ex
2948 1222 3136 1276 Veteri
3174 1222 3552 1275 Testamento.
3599 1221 3669 1273 In
3705 1218 3921 1273 Missali

521 1315 662 1371 Ῑιιῑῐι·
693 1316 831 1384 (Λεία
863 1331 936 1385 VI,
969 1318 1018 1383 1,
1043 1331 1211 1386 usque
1237 1333 1352 1386 VIII,
1381 1317 1458 1388 2.)
2247 1318 2478 1373 Gothico
2504 1316 2827 1371 inscribitur
2853 1332 2867 1370 :
2896 1318 3061 1372 Missa
3091 1316 3148 1368 in
3177 1315 3356 1368 natali
3378 1313 3567 1368 Jacobi
3603 1316 3662 1366 et
3697 1313 3916 1367 Johan-

678 1420 851 1471 Lectio
880 1420 1046 1470 sancti
1075 1421 1344 1486 Evangelii
1367 1421 1654 1471 secundum
1678 1421 1991 1472 Mattbaanm.
2247 1415 2352 1467 nis.
2401 1413 2461 1466 In
2497 1410 2832 1466 Mozarabico
2877 1409 3046 1463 lectio
3092 1425 3162 1462 ex
3206 1407 3496 1478 Sapientia
3526 1406 3872 1461 Salomonis
3900 1423 3913 1458 :

587 1503 862 1573 Tempore
886 1503 1002 1572 illo,
1031 1506 1385 1558 accesserunt
1414 1503 1513 1574 qui
1539 1503 1869 1557 didrachma
1907 1502 2146 1572 accipie-
2247 1507 2528 1574 Sapientia
2543 1505 2749 1574 justum
2765 1504 2992 1558 deduxit
3010 1519 3110 1572 per
3128 1503 3246 1556 vias
3271 1506 3466 1562 rectas,
3485 1506 3621 1568 etc.,
3650 1499 3922 1571 praemit-

521 1595 659 1651 bant
684 1596 754 1650 ad
784 1597 1036 1665 Petrum,
1068 1601 1199 1665 etc.,
1227 1613 1395 1666 usque
1432 1597 1655 1650 Salvere
1695 1596 1847 1668 quod
1883 1595 2146 1667 perierat.
2249 1599 2388 1653 titur
2416 1597 2642 1653 lectioni
2691 1614 2761 1651 ex
2787 1596 3029 1667 Epistola
3053 1595 3124 1650 ad
3149 1593 3686 1649 Thessalonicenses
3721 1612 3739 1648 :
3781 1593 3920 1650 Nolo

524 1686 738 1755 (Matth.
769 1702 906 1756 xvu,
934 1688 1025 1753 23,
1056 1702 1221 1756 usque
1246 1703 1400 1756 ιιι-ιιι,
1435 1688 1545 1757 lt.)
2249 1707 2339 1746 cos
2384 1695 2634 1762 ignorare
2684 1691 2750 1744 de
2802 1689 3208 1751 dormientibus,
3248 1692 3356 1742 etc.
3397 1686 3799 1758 Evangelium
3852 1703 3920 1740 ex

895 1792 1076 1836 NOT£
1118 1793 1195 1835 ΕΤ
1237 1793 1767 1838 OBSERVATIONES.
2251 1785 2431 1856 capite
2456 1801 2548 1838 xxx
2579 1783 2848 1840 Joannis:
2890 1785 3073 1840 Simon
3127 1784 3370 1844 Joannis,
3405 1781 3596 1850 diligis
3653 1797 3747 1834 me
3791 1781 3922 1851 plus

593 1875 725 1928 Duas
751 1873 950 1944 primas
975 1873 1261 1943 lectiones,
1290 1874 1465 1927 altera
1494 1890 1564 1927 ex
1592 1872 1832 1928 Ieremia
1851 1871 2148 1943 propheta,
2252 1879 2354 1942 his,
2383 1883 2490 1933 etc.
2526 1879 2584 1932 In
2612 1877 2962 1932 Lectiouario
2999 1881 3194 1930 nostro
3224 1882 3350 1947 post
3389 1874 3658 1928 avulsum
3696 1874 3921 1928 folium

521 1968 700 2024 altera
717 1984 785 2022 ex
799 1983 1058 2022 sermone
1077 1966 1254 2020 sancti
1271 1967 1571 2037 Augustini
1587 1967 1655 2020 de
1667 1967 1829 2020 beato
1844 1965 2150 2035 Stephano,
2173 1951 2228 2022 B
2253 1973 2510 2044 sequitur
2548 1988 2733 2026 sermo
2774 1970 3005 2042 quidam
3032 1971 3244 2041 absque
3273 1968 3442 2024 initio
3465 1968 3535 2023 de
3567 1969 3920 2022 Innocenti-

521 2059 882 2130 assignantur
891 2058 981 2113 Ad
995 2059 1344 2112 Matutinum.
1361 2058 1470 2110 Hoc
1486 2056 1716 2110 nomine
1734 2055 1990 2126 plerique
2006 2058 2091 2109 vet

2348 2084 2375 2135 ι,
2405 2066 2557 2120 haud
2577 2064 2746 2120 dubie
2761 2065 2832 2118 ad
2846 2063 3200 2132 Matutinum,
3231 2079 3404 2134 quem
3430 2062 3676 2118 titulum
3705 2062 3918 2134 utique

523 2167 653 2208 rum
681 2152 741 2206 in
761 2150 969 2222 plurali
990 2165 1231 2204 numero
1260 2154 1502 2204 utuntur
1526 2149 1597 2203 ad
1625 2149 2055 2220 significandam
2079 2147 2148 2202 il-
2251 2160 2595 2231 supplemus,

521 2245 638 2300 iam
667 2243 1208 2300 eCCIeSiaStiCiOfﬁCii
1227 2247 1448 2314 Partem
1482 2259 1652 2314 quam
1674 2242 1888 2296 Landes
1912 2241 2152 2312 appena'
2291 2261 2416 2334 (XII.
2457 2277 2701 2316 LEGENDA
2746 2277 2802 2316 IN
2841 2277 3000 2316 resro
3030 2274 3354 2330 INFANTIUII,
3386 2276 3455 2314 AD
3483 2262 3878 2333 nummum]

523 2339 852 2408 mus,ducta
870 2336 1242 2409 appellatione
1273 2335 2149 2408 apsalmis,qumalaudisvoca-
2729 2355 2928 2404 Sermo.
2967 2389 2982 2403 ,
3021 2391 3033 2402 ,
3074 2387 3087 2402 ,
3127 2389 3140 2402 ,
3178 2387 3192 2402 ,
3231 2387 3246 2402 ,
3285 2387 3298 2402 _
3338 2389 3352 2402 ο
3389 2387 3404 2402 ο

521 2433 657 2487 bulo
676 2431 974 2502 incipiunt.
1004 2432 1086 2486 Ita
1116 2430 1296 2484 sancti
1323 2429 1677 2498 Benedictus,
1709 2430 2066 2498 Aurelianus,
2095 2432 2152 2484 et
2462 2445 2519 2496 et
2544 2457 2655 2494 non
2683 2439 2872 2508 faciat,
2909 2454 3094 2509 neque
3122 2437 3326 2508 aliquis
3371 2454 3442 2492 ex
3479 2437 3668 2506 vobis,
3703 2439 3920 2493 fratres

523 2526 764 2581 Isidorus
777 2525 836 2579 in
852 2523 1066 2596 regulis
1085 2525 1200 2578 suis
1212 2524 1614 2578 Matutinorum
1630 2539 1824 2578 vocem
1841 2525 2144 2592 usurpant:
2250 2533 2612 2600 dilectissimi,
2647 2531 2696 2604 1
2714 2532 2764 2604 1
2779 2531 2839 2604 2
2882 2532 3089 2586 futurae
3114 2531 3525 2602 persecutionis
3546 2536 3755 2586 metus
3789 2548 3917 2586 mo-

518 2620 814 2676 CaSSianus
842 2619 904 2672 in
928 2617 1136 2688 ἀυΡῙίοί
1166 2634 1355 2684 sensu:
1389 2633 1597 2688 nempe
1623 2633 1728 2688 ΡΓο
1766 2616 2068 2684 Laudibus:
2096 2618 2153 2669 et
2249 2632 2375 2682 veat
2399 2626 2727 2681 Antichristi
2756 2625 3112 2680 imminentis
3137 2625 3446 2679 adventum
3475 2624 3556 2678 sic
3589 2630 3918 2692 terreatur,

519 2731 623 2785 pro
650 2713 832 2768 ofﬁcio
861 2711 1063 2766 Prima:
1087 2710 1148 2764 in
1181 2711 1478 2782 singulari.
1519 2714 1590 2764 At
1626 2725 1822 2764 vocem
1864 2709 2010 2762 hanc
2046 2724 2150 2780 pro
2248 2721 2314 2770 ut
2353 2732 2468 2770 non
2507 2714 2840 2784 evangelicis
2877 2713 3322 2768 exortationibus
3363 2719 3421 2768 et
3449 2715 3778 2786 praeceptis
3805 2731 3918 2768 caa-

518 2806 726 2878 vigiliis
743 2805 1035 2859 nocturnis
1054 2803 1284 2858 adhibet
1304 2803 1610 2857 concilium
1637 2805 1959 2857 Turonensc
1989 2819 2029 2855 II
2056 2818 2148 2855 ca-
2248 2809 2816 2876 lestibusinstructus,
2833 2807 2902 2862 ad
2919 2807 3110 2862 omnia
3123 2807 3445 2862 inveniatur
3459 2812 3755 2878 armatus,
3780 2814 3918 2874 etc.,

519 2915 670 2954 none
701 2901 763 2954 l8
787 2915 801 2952 :
825 2901 886 2952 In
911 2897 1095 2950 diebus
1122 2899 1275 2964 festis
1291 2897 1366 2950 ad
1389 2898 1715 2952 Matutinum
1732 2912 1826 2950 sea:
1845 2897 2152 2965 antiphonae
2249 2919 2414 2972 usque
2429 2903 2695 2972 Expectat
2715 2903 2880 2969 Deus,
2905 2904 3206 2972 expectant
3225 2905 3280 2954 et
3307 2899 3500 2970 angeli
3529 2900 3687 2971 ejus,
3711 2919 3923 2973 expec-

523 2995 662 3047 binis
686 2991 912 3062 psalmis
939 2991 1290 3059 explicentur.
1320 2989 1530 3043 Eodem
1567 2989 1628 3042 in
1659 2988 1979 3059 signiﬁcatu
2012 2989 2146 3043 Gre-
2249 2999 2329 3051 tat
2377 3001 2434 3050 et
2465 2995 2738 3050 Christus.
2769 2996 2985 3058 Quanta
3028 2999 3178 3048 est...
3212 2993 3464 3064 dignitas
3490 2998 3549 3048 et
3575 3000 3814 3066 quanta
3840 3003 3924 3050 est

523 3085 719 3157 gorius
745 3083 1085 3140 Turonensis
1106 3083 1334 3136 antistes
1363 3081 1660 3136 Matutinas
1683 3097 1799 3136 non
1819 3098 1945 3136 raro
1964 3081 2151 3152 appcl-
2248 3089 2484 3143 felicitas
2507 3088 2744 3160 praeside
2772 3089 2882 3142 Deo
2915 3087 3206 3158 congredi,
3239 3091 3296 3142 et
3323 3086 3549 3142 Christo
3587 3088 3806 3158 judice
3833 3106 3920 3144 co-

520 3179 621 3248 lat,
653 3177 798 3233 utin
823 3177 923 3231 lib.
955 3193 969 3230 ι
998 3175 1068 3230 de
1097 3175 1375 3230 Miraculis
1399 3175 1576 3230 sancti
1601 3175 1821 3230 Martini
1863 3191 1987 3246 cap.
2030 3177 2096 3230 33
2130 3193 2146 3229 :
2249 3183 2458 3237 ronari.

525 3294 554 3322 ‹‹
583 3273 740 3328 Mane
777 3275 969 3326 autem
1007 3269 1173 3338 facto,
1211 3269 1375 3340 signo
1415 3269 1482 3323 ad
1523 3269 1818 3324 Matutinas
1846 3273 2095 3322 commoti

525 3365 726 3391 ---αι-...ζ
755 3380 948 3391 -.η-νη...
983 3362 1288 3391 Ᾱηηηιζιηηι
1344 3383 1369 3391 ..
1395 3363 1458 3391 IN
1475 3362 1529 3391 ἐκ
1548 3362 1624 3391 ιςλ
1672 3362 1738 3391 ΑΛ
1763 3362 1895 3391 mu-
1917 3364 2095 3391 nnc-nu

2353 3285 2483 3341 XIII.
2512 3301 2755 3340 LEGENDA
2783 3301 2840 3338 IN
2861 3300 3057 3339 NATALI
3090 3300 3416 3353 INFANTIUM,
3448 3299 3520 3338 Αι)
3547 3302 3793 3343 ιιιδεΑκ.

2223 3368 2224 3387 η
2683 3379 2703 3391 ,
2789 3377 2819 3391 ,.
2881 3376 3095 3391 ηρ..
3223 3390 3250 3391 η

520 3365 730 3422 reversi
755 3380 951 3419 sumus
981 3362 1313 3418 dormitum.
1343 3383 1370 3413 »
1395 3363 1462 3417 Et
1474 3362 1534 3416 in
1548 3362 1646 3417 lib.
1671 3362 1739 3417 de
1763 3362 1898 3416 Vitis
1916 3364 2149 3416 Patrum
2169 3362 2224 3391 υ
2683 3377 2856 3426 Lectio
2881 3376 3144 3427 Ηίει-ίωίω
3170 3375 3460 3440 prophetae,

519 3477 642 3531 cap.
672 3462 705 3514 8
737 3475 752 3513 ε
789 3479 816 3507 α
845 3457 1099 3522 Ουοάθω
1125 3460 1317 3511 autem
1355 3471 1524 3510 malle
1561 3472 1692 3510 cum
1719 3456 2054 3510 SUPPeXiSSGt
2077 3454 2148 3510 ad
2223 3445 2230 3460 ’
2317 3464 2443 3518 Haec
2469 3462 2602 3518 dicit
2625 3463 2895 3517 Dominus
2919 3479 2932 3516 :
2965 3463 3082 3516 Vox
3113 3463 3173 3516 in
3201 3462 3424 3518 excelso
3450 3462 3660 3518 audita
3689 3470 3784 3520 est
3827 3467 3916 3520 la-

517 3553 816 3609 Matutinas
845 3555 1068 3606 sanctus
1091 3549 1358 3618 Nicetius,
1389 3549 1724 3620 exspectatis
1753 3549 1970 3604 duabus
1997 3547 2144 3602 anti-
2246 3556 2628 3626 mentationis,
2673 3557 2838 3611 ﬂetus
2874 3561 2931 3611 et
2976 3556 3181 3623 luctus,
3231 3561 3362 3624 etc.,
3409 3572 3582 3626 usque
3633 3558 3922 3614 Miseram

517 3646 722 3720 phonis
748 3645 1036 3716 ingressus
1061 3643 1233 3698 estin
1256 3643 1585 3698 sacrarium.
1625 3643 1728 3698 Ubi
1761 3643 1901 3698 dum
1933 3642 2146 3698 reside-
2246 3650 2576 3720 miserebor,
2620 3650 2700 3705 ait
2739 3650 3009 3705 Dominus
3049 3650 3214 3705 Deus.
3247 3649 3458 3719 (Jerem.
3493 3667 3662 3722 nn,
3689 3657 3727 3707 .l
3741 3656 3921 3725 5-20.)

515 3746 622 3808 ret,
647 3740 915 3796 diaconus
931 3737 1355 3809 responsorium
1375 3737 1665 3791 Psalmum
1683 3753 1883 3792 canere
1904 3735 2090 3807 coepit.
2112 3756 2142 3785 »
2524 3753 2699 3803 ιρειίο
2726 3751 3066 3816 Apocalypsi;
3089 3751 3335 3802 Iohannis
3359 3752 3622 3815 Αροειοιί,

513 3835 626 3891 Cur
651 3849 785 3888 vero
812 3833 872 3887 in
895 3830 1244 3886 Lectionario
1263 3835 1455 3885 nostro
1470 3831 1772 3902 aliquando
1790 3830 2144 3900 Vigiliarum,
2317 3840 2590 3910 Tempore
2619 3839 2716 3893 illo
2741 3854 2847 3910 ego
2876 3838 3158 3892 Johannes
3183 3838 3298 3892 vidi
3325 3837 3432 3892 sub
3467 3838 3658 3894 altare
3689 3842 3924 3897 animos

515 3926 816 3998 aliquando
857 3924 1114 3979 Matutini
1153 3923 1488 3978 vocabulum
1543 3924 1896 3993 adhibeatur,
1938 3923 2034 3977 illa
2067 3923 2148 3977 di—
2244 3932 2690 4003 interfectorum,
2719 3935 2850 4001 etc.,
2880 3947 3048 4000 usque
3083 3931 3191 3994 Qui
3229 3930 3615 3986 interﬁciendi
3649 3941 3828 4006 sunt,
3855 3935 3925 3990 si-

518 4019 801 4075 acriminis
836 4033 1002 4072 causa
1035 4033 1154 4072 esse
1195 4015 1437 4086 videtur,
1483 4017 1638 4088 quod
1677 4016 1891 4088 Vigiliaa
1939 4018 2144 4072 solem-
2245 4031 2341 4081 out
2361 4030 2418 4081 et
2435 4025 2542 4080 illi,
2572 4027 2760 4096 (Αροο,
2794 4041 2867 4094 γι,
2897 4025 3066 4094 9-Η,)

517 4112 774 4168 nioribus
799 4111 976 4180 festis,
1007 4111 1066 4164 in
1095 4110 1303 4182 quibus
1338 4110 1674 4182 prolixiores
1700 4127 1868 4164 sacrae
1897 4110 2146 4166 excubiae
2410 4127 2584 4177 Lectio
2612 4126 2776 4177 εεηοιί
2799 4125 3068 4190 Evangelii
3095 4123 3386 4176 secundum
3411 4126 3762 4181 Mutinam“.

521 4210 703 4274 erant,
730 4204 1071 4260 Matutiuum
1109 4219 1208 4258 seu
1242 4203 1528 4260 Matutinus
1563 4204 1752 4259 minus
1781 4203 2142 4273 solemnibus,
2314 4213 2588 4282 Tempore
2639 4211 2738 4266 illo
2791 4227 2923 4266 cum
2975 4216 3140 4266 natus
3169 4215 3314 4266 esset
3339 4211 3621 4266 Dominus
3647 4216 3834 4272 Jesus
3863 4216 3926 4271 in

517 4299 579 4355 in
605 4299 810 4371 quibus
835 4298 1049 4353 tardius
1073 4298 1432 4369 surgebatur,
1461 4298 1666 4353 melius
1691 4298 2030 4354 conveniret.
2053 4298 2146 4354 58·-
2246 4306 2533 4360 Bethleem
2559 4305 2768 4360 Iudaea:
2787 4305 2847 4359 in
2874 4304 3073 4359 diebus
3098 4305 3334 4359 Herodis
3360 4305 3516 4376 regis
3543 4310 3691 4378 etc.,
3735 4325 3926 4380 usque

517 4394 774 4449 cerdotes
786 4397 978 4448 tamen
993 4392 1235 4463 singulis
1250 4391 1446 4446 diebus
1467 4392 1535 4446 de
1559 4397 1725 4447 nocte
1753 4393 2061 4464 surgebant
2074 4393 2146 4448 ad
2243 4399 2518 4464 Quoniam
2537 4399 2828 4454 Nazaraeus
2853 4398 3161 4453 vocabitur.
3186 4399 3403 4468 (Matth.
3437 4413 3500 4469 ιι,
3536 4403 3725 4474 1·23.)

518 4487 856 4556 orationem,
883 4491 948 4541 ut
972 4502 1042 4540 ex
1069 4485 1344 4556 Gregorio
1374 4484 1612 4556 aliisque
1637 4485 1874 4540 inferius
1889 4485 2088 4540 ostend

1699 4485 1874 4540 ferius
1889 4485 2146 4542 ostende—
2861 4505 3269 4550 OBSERVATIO.

515 4595 645 4637 mus
669 4581 727 4635 in
754 4579 1148 4652 Disquisitione
1178 4579 1246 4634 de
1275 4580 1457 4634 Cursu
1482 4579 1785 4635 Gallicam.
2314 4586 2614 4658 Prophetia
2641 4585 2840 4642 eadem
2877 4585 2939 4640 in
2975 4585 3340 4655 Mozarahico,
3368 4586 3470 4640 ubi
3499 4585 3757 4660 legitur,
3802 4594 3928 4649 V0.1:

591 4675 652 4729 In
692 4673 861 4729 missa
895 4673 1095 4728 natalis
1133 4673 1310 4728 sancti
1348 4673 1618 4746 Stephani
1656 4673 1810 4728 nulla
1851 4673 1943 4728 hic
1984 4673 2306 4761 lectiODin
2347 4685 2539 4743 Itama,
2585 4686 2691 4735 etc.
2729 4679 2914 4734 Lectio
2953 4680 3197 4735 secunda
3234 4696 3304 4734 ex
3352 4680 3607 4750 Epistola
3662 4684 3714 4737 II
3765 4685 3926 4739 beati

518 4784 588 4824 ex
626 4766 810 4822 Veteri
839 4767 1193 4821 Testamento
1237 4764 1416 4838 111
1471 4767 1723 4838 epistolae
1760 4766 2088 4838 prmmittitu

2357 4775 2400 4829 .li
2425 4775 2497 4830 ad
2525 4771 2840 4829 Corinthios
2867 4790 2992 4844 cap.
3026 4790 3041 4827 ι
3075 4790 3088 4828 :
3121 4773 3444 4828 Benedictus
3473 4777 3621 4830 Deus
3663 4784 3722 4832 et
3751 4779 3927 4833 Pater

514 4876 701 4933 neque
729 4861 788 4914 in
811 4859 954 4914 festo
979 4859 1155 4914 sancti
1181 4859 1408 4914 Joannis
1433 4859 1789 4930 evangelista!
1825 4859 2144 4914 nonnullis-
2245 4871 2462 4925 Domini
2485 4870 2658 4923 nostri
2693 4871 2820 4923 Iesu
2849 4868 3070 4930 Christi,
3104 4872 3210 4922 etc.
3242 4866 3627 4938 Evangelium
3662 4887 3746 4926 ex
3779 4873 3924 4926 Mat-

515 4970 628 5027 que
655 4953 797 5024 aliis,
827 4953 1061 5008 fortasse
1089 4969 1158 5006 ex
1179 4953 1467 5007 communi
1488 4952 1672 5006 ofﬁcio
1692 4952 2056 5008 desumenda.
2084 4953 2146 5008 In
2244 4963 2380 5018 thaei
2425 4962 2604 5033 capite
2648 4977 2780 5016 xvm
2811 4981 2826 5017 ε
2872 4961 3055 5016 ablati
3097 4966 3226 5017 sunt
3266 4963 3496 5017 Domino
3535 4969 3745 5020 nostra
3792 4969 3927 5022 ,Ῑεεα

514 5047 855 5104 Mozarabico
880 5062 1176 5118 nunquam
1202 5045 1673 5118 prmtermittitur.
1703 5046 1768 5100 Et
1787 5045 1847 5099 in
1863 5045 2004 5100 festo
2024 5045 2146 5117 qui-
2245 5058 2454 5114 Christo
2473 5056 2720 5126 parvuli,
2749 5059 2855 5110 etc,

513 5143 647 5198 dem
673 5141 851 5196 sancti
876 5141 1144 5212 Stephani
1172 5140 1336 5196 lectio
1363 5138 1640 5212 repetitur
1677 5156 1743 5195 ex
1781 5139 1924 5194 festo
1964 5140 2143 5194 sancti
2279 5159 2409 5215 x1v_
2460 5173 2704 5214 LEGENDA
2754 5173 2810 5213 ιη
2860 5171 3266 5212 διῃρηκεῐδῐοΝΕ
3303 5171 3523 5228 unum,
3566 5173 3640 5214 ΑΒ
3689 5177 3889 5221 πλη,

514 5235 835 5304 Clementis,
864 5251 1070 5306 nempe
1090 5252 1159 5290 ex
1179 5235 1322 5290 libro
1341 5234 1662 5306 Sapientiae,
1693 5236 1875 5288 Justus
1893 5236 1944 5288 si
1976 5238 2144 5289 morte
2969 5243 3163 5282 TINUII.

507 5335 914 5402 praeoccupatus
925 5331 1116 5398 fuerit,
1142 5335 1248 5384 etc.
1271 5329 1520 5401 Epistola
1545 5345 1678 5382 vero
1697 5327 1896 5382 eadem
1916 5332 2000 5382 est
2013 5344 2144 5382 cum
2729 5321 2900 5372 Lectio
2922 5321 3087 5373 Εδδίω
3113 5319 3401 5384 Propheta-

513 5423 813 5495 supcriori,
843 5425 1117 5497 tantisper
1143 5428 1334 5479 tamen
1364 5422 1656 5496 prolixior,
1687 5421 2053 5492 Evangelium
2073 5437 2145 5478 ex
2313 5410 2440 5464 Haec
2459 5408 2593 5464 dicit
2615 5407 2882 5462 Dominus
2912 5407 3218 5461 Redemtor
3233 5410 3367 5460 tuus
3382 5410 3440 5462 et
3461 5407 3766 5467 formator
3785 5419 3926 5469 tuus

513 5517 755 5573 Matthaai
779 5535 902 5590 cap.
931 5535 1067 5574 χχιιι
1096 5533 1110 5573 :
1142 5520 1314 5589 Super
1342 5516 1657 5572 cathedram
1687 5517 1880 5585 Moysi,
1908 5520 2016 5572 etc.
2245 5521 2316 5560 ει
2359 5507 2523 5558 utero
2557 5519 2570 5556 ε
2600 5502 2716 5572 E80
2756 5517 2891 5556 sum
2919 5500 3194 5554 Dominus
3238 5499 3451 5554 faciens
3497 5504 3729 5576 omnia,
3781 5514 3922 5566 etc..

545 5617 628 5673 XI.
670 5633 913 5673 LEGENDA
953 5634 1006 5672 IN
1046 5632 1205 5672 ras-ro
1243 5631 1428 5669 ssnon
1463 5627 1744 5680 JOBANNIS,
1785 5628 1854 5666 an
1892 5628 2107 5670 ιίιεεΔιί.

2356 5613 2414 5652 ue
2439 5598 2555 5667 Ego
2595 5593 2787 5668 113
2827 5593 3100 5648 Dominus
3145 5593 3358 5648 faciens
3407 5595 3609 5651 omnia
3650 5597 3816 5668 haec,
3846 5603 3926 5655 ait

697 5711 872 5761 Lectio
897 5707 1238 5774 Apocalypsis
1261 5707 1426 5756 sancti
1452 5701 1696 5755 Iohannis
1719 5705 1957 5768 apostoli.
2244 5690 2516 5746 Dominus
2541 5691 2682 5743 Deus
2709 5690 2838 5758 (Isa.
2865 5703 3010 5757 xuv,
3042 5687 3131 5756 24,
3166 5702 3337 5757 usque
3362 5703 3486 5758 XLV,
3511 5693 3590 5762 7.)

581 5797 857 5868 Tempore
872 5792 1383 5864 illoegolohannes
1409 5790 1524 5845 vidi
1549 5792 1773 5861 Agnum
1797 5807 1968 5862 super
1988 5807 2146 5848 mon-
2275 5795 2381 5851 XV.
2421 5807 2666 5848 LEGENDA
2714 5803 2770 5846 IN
2807 5805 3213 5846 cmcuumsxoxs
3260 5805 3479 5862 comm,
3521 5807 3598 5847 an
3641 5809 3886 5855 iussu.

506 5893 628 5949 tem
651 5890 804 5958 Sion,
831 5893 962 5958 etc.,
990 5901 1157 5959 usque
1179 5886 1324 5943 Mare
1361 5889 1418 5942 et
1443 5886 1624 5942 fontes
1647 5905 1920 5963 aquarum
1956 5890 2143 5962 (Apoc.
2709 5893 2887 5944 Lectio
2915 5891 3078 5944 Esaiae
3106 5891 3394 5956 praphetm.

511 5999 625 6054 xw,
659 5984 788 6054 1-7.)
1549 6035 1560 6046 ,
1926 5991 1944 6011 ⁸
2315 5983 2442 6040 Haec
2467 5981 2601 6039 dicit
2625 5981 2925 6038 Dominus:
2953 5977 3156 6038 Audite
3185 5978 3425 6034 verbum
3446 5979 3712 6058 Domini,
3745 5988 3927 6059 prin-
