3976 6438
123 349 206 401 I77
1217 352 1304 410 DE
1343 353 1653 414 LITURGIA
1687 357 2054 417 GALLICANA
2091 362 2285 420 LIBER
2322 366 2386 420 ll.

3367 371 3463 431 I78

117 475 250 546 cipes
292 473 711 549 Sodomorum,
755 484 890 550 etc.,
920 497 1087 552 usque
1124 484 1192 539 Et
1232 485 1418 542 venite
1449 489 1504 543 et
1531 487 1750 561 argum,
1768 476 1829 555 Α
1849 473 2183 529 Kalendario
2227 475 2543 533 Corbeiensi
2593 476 2852 552 superius
2890 479 3156 539 laudato:
3187 499 3250 540 III
3285 487 3465 544 Nonas

118 584 215 637 me,
243 568 378 624 dicit
401 571 715 628 Dominus.
747 573 874 644 (Isa.
901 591 942 630 1.
976 575 1186 648 10-20.)

370 671 618 735 Epistola
647 675 801 724 Pauli
827 677 1049 740 apostoli
1074 677 1140 726 ad
1169 679 1479 731 Corinthios.

178 755 481 828 Carissimi,
514 759 710 832 fugite
736 761 809 815 ab
839 761 1122 818 idolorum
1148 764 1386 835 cultura,
1414 769 1478 820 ut
1497 768 1747 838 pruden-

120 852 251 906 tibus
276 850 508 923 loquor,
541 858 682 922 etc.,
711 870 882 927 usque
905 855 1109 912 Omnia
1132 857 1194 912 in
1220 857 1400 929 gloria
1434 860 1532 915 Dei
1563 861 1746 918 facite.

122 948 287 1013 (1001'.
313 961 370 1012 x,
399 945 628 1018 14-31.)

309 1047 492 1097 Lectio
519 1049 699 1100 sancti
723 1051 998 1116 Evangelii
1020 1053 1307 1103 secundum
1332 1056 1539 1105 Lucam.

182 1134 237 1186 In
285 1132 396 1187 illis
446 1133 660 1190 diebus
709 1142 1010 1209 postquam
1061 1139 1434 1194 consummati
1477 1144 1608 1196 sunt
1631 1141 1748 1198 dies

120 1230 244 1293 octo,
266 1229 398 1295 etc.,
439 1243 621 1298 usque
651 1230 722 1285 Et
752 1231 936 1303 gratia
961 1231 1057 1288 Dei
1096 1235 1218 1288 erat
1251 1232 1312 1287 in
1339 1232 1456 1289 illo.
1499 1233 1644 1304 (Luc.
1683 1252 1744 1307 ιι,

122 1319 314 1389 21-40.)

732 1411 813 1456 OB
819 1412 1123 1460 SERVATIO
1132 1443 1146 1457 .

178 1487 549 1561 Evangelium
576 1489 741 1544 idem
767 1497 854 1546 est
893 1493 953 1546 in
996 1495 1357 1565 Mozarabico,
1385 1497 1443 1550 at
1482 1496 1748 1553 lectiones

122 1598 178 1634 ex
204 1581 382 1636 Veteri
422 1583 809 1638 Testamento
847 1587 904 1638 et
929 1601 994 1640 ex
1016 1587 1192 1641 Paulo
1220 1587 1475 1644 diversae.
1504 1591 1745 1646 Mozara-

1847 570 2102 622 Januarii
2120 569 2377 638 depositio
2403 576 2598 628 sancta:
2626 575 2926 631 Genovevw.

1883 670 2038 726 XVII.
2085 688 2329 728 meeum
2379 691 2436 729 ιη
2488 691 2744 732 nouimco
2805 694 2928 734 rosr
2977 695 3424 738 cmcuucxsxouau
3527 739 3542 750 ,

2553 763 2764 803 DOIINI.

2262 837 2433 886 Lectio
2457 837 2731 889 Ezechihel
2757 841 3040 906 prephetm.

1921 918 1970 990 1
1987 918 2035 991 1
2051 918 2110 992 5
2126 921 2254 975 Haec
2270 921 2404 977 dicit
2425 923 2694 978 Dominus
2711 941 2724 979 :
2744 925 2843 980 Fili
2867 926 3132 998 hominis,
3149 929 3209 985 hi
3230 935 3362 988 sunt
3380 931 3458 988 ri-

1847 1015 1937 1066 tus
1953 1012 2162 1080 altaris,
2185 1013 2244 1068 in
2267 1031 2623 1089 quacumque
2652 1019 2741 1074 die
2766 1019 2937 1074 fuerit
2949 1019 3302 1094 fabricatum,
3329 1030 3460 1093 etc.,

1846 1121 2010 1174 usque
2037 1106 2291 1177 Implevit
2327 1109 2504 1180 gloria
2527 1111 2749 1166 Domini
2787 1112 3021 1168 domum
3048 1115 3297 1186 Domini,
3330 1118 3464 1176 dicit

1848 1197 2116 1254 Dominus
2141 1200 2514 1272 omnipotens.
2543 1203 2746 1273 (Ezech.
2773 1222 2926 1276 mu,
2953 1222 3119 1278 usque
3141 1226 3286 1282 thv,
3315 1212 3390 1283 4.)

2135 1300 2363 1364 Epistola
2384 1303 2528 1352 Pauli
2555 1303 2783 1368 Apostoli
2811 1306 2875 1356 ad
2899 1307 3169 1372 Ephesios.

1916 1385 2246 1440 Benedictus
2272 1387 2415 1442 Deus
2437 1391 2494 1442 et
2515 1389 2677 1444 Pater
2701 1390 2921 1446 Domini
2947 1393 3124 1448 nostri
3145 1395 3274 1451 Jesu
3297 1397 3460 1454 Chri-

1847 1476 1938 1546 sti,
1979 1478 2076 1550 quj
2100 1479 2388 1536 benedixit
2421 1497 2544 1550 nos,
2581 1485 2712 1551 etc.,
2746 1499 2912 1554 usque
2953 1487 3015 1541 In
3060 1488 3226 1544 laude
3267 1491 3460 1562 glorise

1847 1569 2042 1642 ipsius,
2064 1571 2161 1643 qui
2185 1577 2269 1627 est
2284 1572 2688 1629 benedictusin
2718 1577 2942 1633 saecula.
2971 1577 3180 1650 (Ephesi
3209 1599 3248 1650 I,
3281 1585 3459 1656 3-14.)

121 1673 216 1729 hici
240 1672 406 1728 ofﬁcii
430 1675 610 1730 lectio
637 1675 828 1746 prima
863 1693 931 1732 ex
977 1679 1136 1733 Isaiae
1169 1696 1292 1752 cap.
1334 1697 1498 1736 vam
1545 1699 1560 1736 :
1600 1683 1740 1738 Αυᾰι

1972 1672 2208 1735 Legenda
2231 1673 2396 1723 sancti
2417 1674 2684 1738 Evangelii
2710 1677 2997 1728 secundum
3021 1681 3333 1732 Matthaeum.

123 1784 204 1829 me,
228 1768 387 1822 ,παροδ
412 1773 464 1822 et
490 1769 696 1832 Israel,
724 1786 880 1839 quem
913 1787 1007 1840 ego
1046 1787 1189 1835 υοεο²
1232 1777 1339 1830 etc.
1382 1774 1636 1830 secunda
1677 1792 1747 1830 ex
1766 1837 1806 1840 _
1913 1761 2186 1832 Tempore
2212 1761 2328 1831 illo,
2361 1763 2686 1819 obtulerunt
2719 1766 2900 1821 turba:
2942 1769 3016 1823 ad
3052 1771 3353 1828 Dominum
3379 1775 3464 1829 Je-

123 1858 272 1914 Paulo
296 1859 365 1914 ad
387 1837 800 1932 Philippenses
827 1837 962 1934 cap:
977 1879 1038 1917 ιιι
1068 1879 1083 1918 :
1109 1865 1316 1919 Eadem
1343 1867 1489 1921 υοδίε
1523 1868 1748 1923 scribere
1766 1837 1823 1910 Β
1846 1869 1970 1907 sum
1985 1853 2276 1909 hominem
2288 1859 2510 1910 mutum
2522 1856 2866 1914 daemonium
2877 1860 3203 1931 habentem,
3218 1869 3274 1920 et
3284 1866 3461 1937 ejecto

123 1954 238 2006 mihi
257 1953 474 2023 quidem
518 1969 641 2008 non
674 1957 920 2024 pigrum,
973 1959 1082 2010 etc.
1121 1957 1455 2012 Lectionarii
1505 1960 1748 2031 Epistola
1845 1946 2101 2000 daemone
2126 1947 2344 2002 locums
2374 1953 2458 2002 θεῖ
2480 1954 2692 2020 mums:
2715 1956 2844 2021 etc-2
2864 1968 3030 2024 usque
3075 1957 3290 2012 curans
3334 1975 3458 2014 0m-

124 2045 282 2118 magis
305 2043 577 2101 c‘onvenit
608 2047 724 2101 illis
735 2047 1086 2119 temporibus
1101 2049 1306 2120 quibus
1325 2053 1746 2122 superstitiones
1845 2055 1978 2093 nem
2003 2039 2336 2110 languorem
2362 2045 2419 2095 et
2441 2057 2668 2098 omnem
2695 2043 3106 2105 inﬁrmitatem-
3134 2049 3349 2120 (ΜαίεῘιο
3379 2067 3456 2122 ixi

125 2139 390 2209 paganica:
419 2139 707 2194 Kalendis
731 2141 1016 2196 Januariis
1030 2143 1216 2197 adhuc
1235 2139 1522 2216 vigebant.
1554 2147 1612 2200 In
1639 2147 1746 2202 Ge-
1846 2133 2046 2203 3235-)

125 2232 334 2301 lasiano,
355 2233 741 2304 Gregoriano,
763 2235 822 2288 et
835 2233 1118 2306 plerisque
1134 2235 1258 2290 aliis
1272 2237 1444 2291 missa
1461 2242 1548 2292 est
1574 2239 1748 2294 altera
2057 2235 2236 2290 XVIII.
2263 2252 2506 2292 LEGENDA
2544 2253 2602 2293 IN
2637 2254 2852 2295 VIGILIIS
2891 2257 3247 2302 EPHIPHANIE.

125 2325 211 2378 hoc
235 2325 320 2380 die
346 2326 441 2381 Ad
477 2326 890 2396 prohibendum
914 2329 984 2381 ab
1014 2329 1196 2383 idolis.
1237 2329 1442 2384 Octava
1467 2330 1578 2385 diei
1606 2331 1748 2386 hora
1927 2325 2042 2376 Vita
2063 2331 2114 2378 et
2135 2328 2305 2391 passio
2330 2329 2495 2379 sancti
2517 2343 2578 2380 ac
2603 2329 2881 2382 beatissimi
2906 2334 3096 2386 Iuliani
3122 2339 3377 2404 martyris-

127 2418 183 2472 de
204 2417 304 2473 hac
328 2434 390 2473 re
414 2418 670 2474 missam
688 2419 964 2474 celebrari
983 2421 1241 2492 praecipit
1264 2423 1560 2478 concilium
1588 2439 1626 2478 ιι
1644 2426 1748 2479 Tu.
1919 2411 2094 2483 Igitur
2115 2411 2472 2468 beatissimus
2497 2413 2750 2470 Julianus
2772 2433 2841 2472 ex
2868 2419 3042 2474 nobili
3057 2420 3288 2492 familia,
3319 2421 3463 2480 inlu-

130 2527 341 2566 ronense
367 2528 594 2567 canone
627 2515 696 2566 17
724 2517 936 2583 praeter
969 2514 1217 2584 privatas
1243 2515 1488 2571 litanias.
1523 2517 1746 2588 Legesis
1846 2503 1974 2558 εῒτίε
1993 2507 2114 2560 erat
2135 2503 2195 2559 in
2217 2505 2442 2574 5330010:
2465 2511 2594 2576 etc’!
2619 2523 2783 2578 ιιεφιθ
2800 2511 3060 2580 adﬁnem,
3086 2518 3149 2568 ιιι
3173 2517 3323 2584 αλουά
3343 2517 3464 2574 Βοι-

129 2603 396 2675 epistolam
411 2605 716 2660 Zachariae
729 2606 1012 2676 pontiﬁcis
1033 2607 1105 2661 ad
1125 2608 1496 2676 Bonifacium,
1515 2626 1642 2680 quae
1663 2615 1740 2666 est

1857 2598 2073 2652 landum
2107 2598 2183 2652 ad
2229 2601 2260 2652 9
2309 2601 2581 2679 Januarii,
2609 2601 2704 2655 ubi
2743 2603 2883 2657 Acta
2923 2605 3151 2668 Juliani,
3194 2609 3462 2664 Basilissa:

133 2700 216 2752 I32
254 2697 398 2753 inter
435 2684 879 2769 Bonifacianasi
908 2703 966 2754 et
1013 2701 1360 2772 Menardum,
1391 2719 1424 2756 a
1455 2719 1590 2774 pag.
1618 2706 1744 2760 252.
1845 2690 1954 2759 ejus
1980 2691 2214 2760 conjugis
2243 2695 2294 2746 εί
2316 2694 2579 2748 “imbrum
2608 2698 2912 2764 martyrum
2957 2699 3288 2764 νϐΐθναηΐῑινο
3333 2704 3462 2758 Post

1411 2780 1431 2863 ἑ
1457 2829 1707 2863 “nam”,
1847 2784 1956 2838 haec
1983 2785 2042 2837 in
2058 2786 2391 2840 Lectionario
2411 2787 2662 2854 sequitur
2681 2803 2852 2843 sermo
2874 2791 3100 2858 quidam
3132 2793 3330 2863 absque
3368 2809 3461 2850 no-

395 2898 640 2962 Epistola
664 2898 812 2948 Pauli
835 2898 1058 2962 apostoli
1080 2899 1145 2948 ad
1173 2901 1446 2950 Romanos.

1857 2879 1986 2931 mine
2013 2879 2267 2940 auctoris,
2293 2880 2390 2948 qui
2411 2893 2580 2935 sermo
2607 2883 2862 2950 supponit
2893 2883 3084 2938 lectum
3106 2887 3460 2956 Euangelium

188 2981 233 3054 1
247 2981 292 3054 1
307 2982 365 3055 4
384 2985 614 3038 Fratres
643 2983 848 3038 infelix
876 2999 982 3054 ego
1001 2984 1192 3068 homo,
1223 2985 1348 3056 quis
1367 3001 1460 3041 me
1490 2986 1740 3044 liberavit

1857 2969 1911 3024 ie
1933 2971 2246 3026 adoratione
2273 2986 2572 3040 magorum,
2603 2976 2665 3027 ut
2693 2989 2760 3029 ea:
2784 2975 2880 3029 hoc
2907 2975 3016 3044 ejus
3043 2978 3262 3034 emordio
3291 2995 3460 3052 appa-

157 2808 268 2865 XV’I.
308 2827 558 2866 LEGENDA
598 2825 665 2865 1N
711 2821 874 2864 rasro
901 2827 1112 2865 suam
1141 2827 1431 2867 Genavam
1457 2829 1707 2870 VIRGINIS.

130 3075 186 3130 de
209 3092 429 3148 corpore
455 3076 670 3132 mortis
698 3077 892 3148 hujus,
921 3081 1053 3147 etc.,
1081 3093 1248 3148 usque
1272 3079 1394 3134 Non
1435 3081 1746 3136 secundum

1843 3067 1924 3118 ret
1962 3082 1978 3119 :

130 3184 328 3224 carnem
366 3170 759 3240 ambulamus,
812 3170 911 3224 sed
958 3171 1269 3226 secundum
1325 3172 1595 3244 Spiritum
1642 3191 1747 3246 per
1765 3198 1820 3273 Ο
1843 3254 1863 3273 ι
1913 3157 2140 3273 Αξάίνίῖ
2163 3156 2454 3273 Πίίδίεουω
2473 3157 2672 3273 fuit“
2693 3162 2876 3273 19533
2901 3161 3240 3273 θνῆηεῇίξξεξ
3263 3163 3456 3273 dice}!-

129 3262 291 3316 Jesum
317 3263 612 3318 Christum
656 3261 969 3318 Dominum
1013 3267 1293 3321 nostrum.
1324 3265 1491 3336 (Rom.
1520 3282 1618 3338 vn,
1651 3268 1742 3340 24,

131 3369 269 3425 usque
284 3371 400 3426 vm,
429 3357 508 3426 4.)

261 3457 429 3508 Lectio
455 3457 632 3508 sancti
657 3457 932 3521 Evangelii
957 3457 1247 3508 secundum
1275 3459 1586 3511 Matthmum.

184 3542 238 3596 In
267 3541 357 3596 illo
388 3547 678 3616 tempore,
719 3543 941 3598 dicebat
977 3545 1247 3599 Dominus
1281 3546 1437 3600 Jesus
1462 3546 1745 3618 discipulis

131 3635 225 3687 suis
247 3637 574 3706 parabulam
605 3637 761 3691 hanc
789 3652 804 3691 :
835 3634 1030 3693 Simile
1067 3641 1151 3692 est
1189 3653 1433 3710 regnum
1475 3641 1743 3694 caelorum

132 3725 287 3783 decim
327 3729 676 3802 virginibus,
707 3733 841 3799 etc.,
872 3745 1039 3800 usque
1082 3731 1314 3788 Nescitis
1360 3731 1512 3788 diem
1559 3749 1744 3807 neque

131 3818 320 3877 horam.
349 3823 566 3893 (Matth.
596 3838 730 3892 xxv,
766 3823 934 3892 1-14.)

661 3929 1194 3976 OBSERVATIONES.

188 3999 277 4054 Hic
289 4000 430 4056 nihil
453 4001 525 4056 de
544 3999 692 4056 actis
708 4004 917 4056 sancite
937 4001 1252 4070 Genovefse,
1267 4017 1395 4072 quae
1421 4001 1490 4056 ab
1515 4006 1742 4059 auctore

134 4093 348 4162 quodam
367 4110 664 4166 anonymo
681 4093 854 4166 paulo
879 4098 1008 4166 post
1031 4094 1154 4165 ejus
1178 4094 1395 4150 obitum
1421 4094 1628 4167 scripta
1651 4096 1738 4151 di-

133 4191 328 4242 cuntur.
345 4189 512 4243 Varia
528 4204 738 4244 eorum
763 4187 1024 4259 exempla
1049 4187 1547 4244 circumferuntur.
1573 4189 1742 4244 Inter-

132 4277 294 4347 polata
322 4286 450 4337 sunt
465 4281 562 4336 illa
581 4298 716 4353 quae
744 4297 814 4336 ex
837 4284 1160 4352 pervetusto
1183 4281 1380 4336 Codice
1397 4281 1620 4353 inclytae
1647 4281 1742 4336 ba-

134 4370 298 4442 silicae,
325 4373 383 4429 in
407 4392 522 4446 qua
546 4373 835 4429 Genovefa
859 4378 1297 4428 monumentum
1323 4374 1510 4445 habet,
1549 4390 1741 4430 recens

135 4463 262 4518 edita
283 4471 428 4521 sunt.
457 4471 676 4522 Auctor
701 4465 928 4538 conjicit
956 4483 1024 4522 ex
1047 4465 1297 4521 historiis
1325 4471 1577 4523 veterum
1601 4471 1742 4523 tem-

1843 3254 1896 3305 te
1926 3266 1940 3306 :
1968 3250 2109 3305 Cum
2149 3254 2314 3306 natus
2355 3254 2516 3318 esset,
2559 3251 2762 3322 inquit,
2795 3253 2940 3307 Deus
2981 3253 3042 3308 in
3083 3256 3340 3312 Bethlem
3367 3259 3484 3314 πα·-

1844 3343 2024 3400 datam
2048 3343 2106 3397 in
2132 3343 2328 3398 diebus
2363 3343 2608 3398 Herodes
2654 3344 2870 3415 regis...
2921 3346 3178 3403 venimus
3221 3349 3457 3406 adorare

1843 3453 1996 3492 eum.
2042 3435 2194 3490 Felix
2236 3435 2330 3490 illa
2360 3436 2568 3506 civitas,
2611 3437 2833 3506 fratres,
2861 3439 2953 3492 cui
2997 3439 3128 3495 civis
3167 3446 3332 3498 natus
3373 3448 3458 3500 est

1841 3529 2018 3585 Deus!
2050 3546 2178 3601 quae
2203 3529 2486 3600 singulare
2511 3530 2779 3585 meritum
2805 3535 2936 3586 ante
2955 3533 3259 3590 adventum
3281 3536 3456 3592 Salva-

1842 3622 1980 3678 toris
1996 3622 2291 3693 accipiens,
2303 3621 2489 3693 primo
2503 3623 2719 3678 laudari
2734 3624 2943 3679 meruit
2964 3641 3070 3696 per
3092 3627 3453 3698 prophetam,

1842 3731 2011 3786 quam
2039 3715 2273 3772 disceret
2297 3715 2446 3785 quod
2471 3715 2745 3784 sumebat,
2777 3719 2907 3785 etc.,
2935 3731 3100 3786 usque
3123 3719 3313 3775 Maluit
3337 3720 3452 3777 vir-

1841 3807 2054 3863 tutibus
2080 3806 2236 3876 disci,
2267 3823 2440 3878 quam
2474 3811 2603 3862 ante
2629 3811 2855 3878 tempus
2883 3807 3080 3864 occidi.

2051 3910 2178 3965 XIX.
2208 3925 2452 3965 LEGENDA
2475 3925 2533 3964 IN
2560 3925 2904 3977 EPBIPHANIA,
2932 3926 3001 3966 an
3028 3927 3242 3968 mss“.

2317 4002 2492 4052 Lectio
2517 4001 2680 4052 Esaias
2697 4001 2983 4066 propheta.

1913 4087 1962 4161 1
1979 4087 2026 4161 1
2043 4087 2103 4161 6
2129 4089 2258 4143 Haec
2287 4087 2421 4142 dicit
2441 4087 2715 4144 Dominus
2745 4104 2759 4142 :
2790 4087 2990 4161 Surge,
3010 4088 3350 4147 inluminare
3372 4093 3456 4148 Je-

1838 4182 2100 4250 rusalem,
2131 4186 2261 4250 etc.,
2281 4197 2446 4252 usque
2468 4181 2814 4252 Redemptor
2836 4186 2968 4238 tuus
2991 4181 3150 4238 fortis
3172 4184 3358 4256 Iacob,
3379 4183 3456 4242 ait

1839 4275 2106 4330 Dominus
2131 4276 2294 4330 Deus.
2317 4275 2442 4345 (Isa.
2467 4289 2554 4344 1.x,
2586 4274 2749 4346 I-I6.)

2177 4374 2405 4438 Epistola
2431 4373 2574 4424 Pauli
2593 4374 2812 4438 apostoli
2833 4374 2898 4425 ad
2921 4375 3108 4426 Titum.

1908 4459 2220 4529 Carissime,
2268 4459 2533 4530 apparuit
2572 4459 2758 4530 gratia
2800 4459 2900 4514 Dei
2939 4460 3268 4530 Salvatoris,
3311 4466 3452 4534 etc.,

137 4572 224 4624 pus
243 4575 347 4629 quo
369 4561 542 4632 Virgo
566 4564 707 4615 nata
729 4565 831 4627 est,
853 4560 1006 4632 quod
1021 4559 1154 4614 alias
1170 4559 1276 4616 sibi
1301 4577 1416 4615 non
1441 4561 1570 4616 satis
1585 4577 1739 4617 com-
1759 4559 1820 4632 D
1842 4569 2004 4624 usque
2043 4552 2280 4608 Heredes
2316 4551 2490 4606 Simus
2533 4551 2839 4606 secundum
2867 4567 3026 4622 Spem
3065 4553 3195 4608 Vitae
3225 4557 3455 4611 ωῑθηιω

137 4655 334 4718 partum
346 4653 578 4708 fatetur.
597 4653 752 4708 Vixit
762 4657 888 4724 post
898 4653 1166 4724 scriptam
1189 4670 1223 4708 a
1250 4653 1516 4726 Gregorio
1540 4655 1739 4727 Magno

137 4743 286 4798 sancti
307 4746 482 4800 Patris
507 4745 803 4801 Benedicti
832 4746 1039 4813 Vitam,
1063 4762 1237 4818 quam
1263 4747 1554 4818 speculum
1582 4752 1741 4803 vocat

137 4831 383 4893 bonorum
411 4839 854 4908 monachorum,
881 4838 1064 4893 relato
1091 4837 1206 4892 viso
1232 4839 1301 4894 de
1351 4839 1508 4894 obitu
1530 4839 1736 4896 beatis-

138 4925 245 4982 simi
267 4931 525 4986 Germani
544 4931 806 5002 Capuani
832 4931 1100 5003 episcopi.
1119 4931 1432 4987 Sinceriora
1460 4935 1591 4987 sunt
1609 4949 1739 5004 qua:

138 5023 264 5090 apud
276 5024 608 5083 Bollandum
630 5027 872 5092 exstent,
901 5041 1146 5096 quorum
1165 5025 1412 5096 Scriptor
1429 5026 1605 5081 relato
1627 5025 1736 5080 mi—

141 5116 301 5171 racqu
325 5118 391 5173 de
418 5118 678 5190 ampulla
706 5118 830 5173 oleo
857 5117 1075 5172 caelitus
1096 5133 1202 5189 per
1234 5117 1458 5173 beatam
1485 5119 1736 5174 Genove-

142 5204 234 5260 fam
255 5211 477 5281 repleta,
509 5210 711 5266 subdit
735 5226 792 5266 se
822 5231 852 5260 «
878 5215 1009 5282 post
1032 5214 1120 5265 ter
1147 5226 1310 5265 senos
1338 5211 1410 5265 ab
1435 5211 1592 5266 obitu
1617 5211 1739 5281 ejus

141 5314 307 5368 annos,
335 5320 463 5358 cum
487 5303 618 5376 ipsa
643 5303 896 5376 ampulla
923 5305 1135 5372 oleum,
1188 5303 1339 5374 quod
1381 5303 1442 5358 in
1485 5303 1738 5359 oratione

143 5391 240 5459 ejus
265 5402 525 5466 creverat,
553 5395 784 5452 vidisse.
818 5417 847 5445 »
875 5397 1035 5460 Quod
1053 5395 1289 5452 totidem
1335 5396 1520 5452 verbis
1569 5397 1740 5452 inter-

143 5485 328 5552 polator
350 5489 430 5559 (ut
476 5490 543 5546 ﬁt
593 5505 714 5545 non
765 5489 912 5560 raro)
961 5492 1384 5545 commemorat.
1429 5491 1488 5544 In
1512 5490 1739 5546 Canone

143 5576 326 5634 Codicis
355 5582 518 5654 regii,
540 5581 644 5655 qui
691 5581 961 5638 Ordinem
1003 5582 1190 5637 missaa
1240 5599 1310 5637 ex
1352 5581 1640 5638 Gelasiano
1685 5585 1740 5638 et

147 5667 454 5743 Gregoriano
489 5675 731 5732 mistum
767 5674 1034 5745 continet,
1067 5674 1126 5730 in
1151 5675 1393 5732 secunda
1417 5679 1740 5731 sanctorum

145 5768 646 5824 commemoratione
689 5771 819 5839 post
862 5770 1139 5839 Agnetem
1184 5773 1240 5824 et
1284 5768 1647 5838 Anastasiam,
1675 5767 1740 5824 ﬁt

149 5857 330 5915 mentio
355 5861 420 5918 de
471 5861 758 5920 Genovefa
795 5865 852 5918 et
883 5860 1238 5918 Scholastica.
1270 5863 1332 5920 In
1365 5861 1739 5919 vetustissimo

1834 4663 1938 4719 per
1969 4647 2157 4702 Jesum
2182 4645 2468 4700 Christum
2494 4644 2795 4700 Dominum
2825 4648 3106 4702 nostrum.
3131 4645 3261 4716 (Tit.
3293 4663 3331 4717 ι,
3365 4651 3452 4720 11,

1835 4755 2000 4810 usque
2024 4755 2084 4807 η,
2112 4738 2188 4807 7.)

1981 4839 2155 4890 Lectio
2179 4839 2342 4890 sancti
2369 4838 2636 4903 Evangelii
2663 4839 2953 4890 secundum
2975 4841 3291 4893 Matthmum.

1907 4926 2179 4997 Tempore
2205 4925 2322 4995 illo,
2353 4923 2508 4980 venit
2534 4923 2800 4979 Dominus
2823 4927 2979 4980 Jesus
3021 4925 3082 4980 in
3133 4926 3279 4981 Cana
3315 4927 3455 4984 Gali-

1835 5019 1954 5073 lzete
1981 5019 2040 5072 in
2065 5019 2304 5074 Iordane
2337 5017 2408 5073 ad
2451 5017 2786 5087 Iohannem,
2815 5021 2879 5072 ut
2913 5005 3310 5090 baptizaretur,
3343 5025 3452 5078 etc.

1839 5111 2054 5182 (Matth.
2078 5127 2171 5181 III,
2197 5110 2396 5182 13-17.)
2422 5113 2553 5166 Tum
2572 5113 2814 5166 continue
2827 5111 3170 5181 subjungitur
3196 5131 3214 5168 :
3241 5114 3310 5168 Et
3332 5114 3454 5186 ipse

1835 5205 1990 5259 Iesus
2015 5208 2134 5258 erat
2162 5203 2434 5274 incipiens
2462 5202 2627 5274 quasi
2665 5219 2944 5258 annorum
2971 5203 3222 5276 triginta,
3254 5210 3320 5262 ut
3351 5225 3457 5280 pa.

1836 5297 2059 5352 tabatur
2081 5295 2228 5350 filius
2253 5295 2477 5366 Joseph.
2501 5295 2644 5365 (Luc.
2672 5312 2756 5364 ιιι,
2781 5297 2891 5368 23.)
2921 5300 3110 5354 Postea
3135 5315 3452 5371 consequen-

1839 5394 1918 5445 ter
1944 5409 1960 5444 :
1987 5390 2054 5444 Et
2077 5389 2167 5444 die
2193 5389 2360 5444 tertio
2379 5387 2592 5460 nuptis:
2611 5388 2770 5444 factae
2797 5393 2931 5445 sunt
2949 5389 3010 5445 in
3034 5391 3183 5448 Cana
3205 5391 3448 5452 Galileae.

1839 5483 2010 5553 (Joan.
2042 5498 2103 5550 Π,
2127 5485 2216 5538 1-1
2231 5485 2252 5537 1
2267 5482 2303 5546 .)

2193 5589 2372 5634 NOTE
2421 5588 2498 5633 ET
2553 5587 3077 5636 OBSERVATIONES.

1906 5669 2091 5726 Mirari
2115 5670 2283 5742 subit,
2315 5687 2417 5727 cur
2439 5671 2574 5726 Acta
2607 5674 2930 5727 sanctorum
2951 5669 3160 5727 Iuliani
3201 5674 3260 5728 et
3295 5671 3449 5726 Basi-

1835 5768 2002 5840 Iissie,
2031 5769 2129 5840 qui
2173 5769 2486 5826 Antiochia
2522 5769 2626 5825 sub
2657 5769 2994 5826 Diocletiano
3028 5773 3086 5824 et
3110 5767 3448 5824 Maximiano

1837 5861 2172 5938 martyrium
2197 5863 2347 5938 passi
2390 5865 2542 5936 sunt,
2591 5861 2650 5918 in
2687 5861 2820 5936 ipsis
2860 5859 3184 5934 Epiphania:
3237 5854 3448 5930 Vigiliis
