3976 6410
501 331 600 387 179

496 533 747 590 Januarii
767 532 825 587 in
853 531 1264 604 Martyrologiis
1289 535 1712 586 recenseantur.
1735 533 1820 586 An
1845 544 1978 584 vero
2005 531 2128 583 tam

496 629 664 700 longa
689 626 921 684 historia
947 626 1006 680 in
1027 625 1242 696 Vigiliis
1277 625 1405 694 illis,
1435 629 1647 698 praeter
1671 625 1998 695 adjunctam
2031 623 2129 678 ho-

497 723 713 777 miliam
762 721 986 791 integra
1022 719 1401 790 legebantur?
1438 721 1688 774 Fortasse
1727 719 2128 774 breviabantur

494 816 562 870 ad
587 819 793 869 nutum
819 815 992 868 choro
1017 814 1390 886 praesidentis,
1408 830 1538 868 eum
1553 813 1620 867 ad
1637 813 1867 867 modum
1894 829 2009 885 quo
2032 812 2128 864 Ca-

494 909 648 964 rolus
675 910 930 979 Magnus,
960 925 1090 963 cum
1119 907 1336 979 Vigiliis
1360 908 1676 974 interesset,
1709 907 1882 961 finem
1908 905 2124 960 Lectio-

492 1020 637 1059 num
663 1007 809 1058 nutu
839 1019 938 1056 seu
970 1002 1135 1056 sibilo
1155 1001 1498 1073 signiﬁcasse
1520 1000 1855 1072 perhibetur
1879 1017 1912 1054 a
1939 1016 2128 1054 mona-

494 1098 602 1154 cho
632 1095 1078 1168 Sanctigallensi.
1125 1096 1183 1148 ln
1209 1095 1548 1149 Mozarabico
1575 1094 1812 1148 celebris
1839 1097 1924 1148 est
1959 1093 2127 1148 etiam

493 1190 702 1246 horum
747 1194 1062 1261 martyrum
1105 1187 1394 1255 festivitas,
1427 1189 1525 1243 scd
1563 1188 1654 1244 die
1700 1187 1961 1260 sequenti
2001 1190 2128 1258 post

496 1284 892 1360 Epiphaniam,
922 1287 988 1338 ut
1011 1299 1079 1336 ex
1111 1282 1363 1338 Illatione
1388 1282 1755 1336 manifestum
1783 1285 1886 1336 est.

568 1379 631 1434 ln
657 1377 893 1432 concilio
924 1375 1392 1432 Antissiodorensi
1427 1376 1566 1430 anni
1605 1378 1708 1430 578
1737 1378 2012 1429 statutum
2043 1379 2128 1428 est

492 1488 705 1529 canone
725 1475 777 1541 2,
805 1474 872 1528 Ut
897 1486 1072 1526 omnes
1102 1471 1407 1540 presbyteri
1438 1473 1564 1524 ante
1602 1470 1968 1540 Epiphaniam
1994 1470 2124 1522 mis-

491 1581 575 1622 sos
596 1581 719 1622 suos
759 1563 1025 1634 dirigant,
1053 1565 1151 1633 qui
1175 1565 1250 1618 eis
1293 1563 1359 1617 de
1394 1564 1663 1632 principio
1695 1562 2130 1630 Quadragesima’

491 1662 761 1722 nuntient,
782 1662 832 1714 et
848 1661 904 1713 in
921 1661 1042 1728 ipsa
1067 1658 1380 1727 Epiphania
1405 1657 1480 1710 ad
1494 1657 1756 1726 populum
1781 1655 2040 1709 indicent.
2064 1655 2130 1708 Et

489 1753 552 1808 in
579 1753 759 1807 Libris
788 1752 1304 1817 Sacramentorum,
1332 1753 1472 1821 puta
1513 1749 1826 1818 Gelasiano,
1869 1748 1930 1802 in
1975 1747 2075 1802 lib.
2109 1764 2124 1801 ι

1277 327 1609 384 APPENDIX
1648 327 1735 381 AD
1771 327 1990 384 OPERA
2029 324 2261 380 SANCTI
2298 324 2596 380 GERMANI
2634 323 3060 379 PARISIENSIS.

495 438 642 498 lecta
664 437 898 507 fuerint,
927 433 1175 493 maxime
1200 451 1332 492 cum
1357 452 1475 492 non
1505 435 1597 492 die
1627 438 1806 506 sexta,
1836 434 1935 490 sed
1973 449 2128 490 nona
2148 451 2207 523 Α

3783 319 3901 376 180

2382 430 2553 482 Lectio
2582 429 2749 482 sancti
2771 429 3040 497 Evangelii
3061 428 3353 481 secundum
3376 427 3712 482 Matthmum.

2298 519 2570 588 Tempore
2595 518 2713 586 illo,
2740 515 3112 588 interrogavit
3156 517 3462 573 Dominum
3497 517 3708 572 Jesum
3738 531 3910 570 unus

2229 629 2297 666 ex
2327 611 2621 666 Phai‘ismis
2650 611 2792 682 legis
2819 611 3014 664 doctor
3043 615 3328 682 temptans
3353 627 3510 680 eum,
3539 615 3684 678 etc.,
3719 625 3913 679 usque

2226 705 2332 769 Qui
2361 722 2418 759 se
2449 705 2715 760 humiliat
2761 704 3120 760 exaltabitur.
3155 705 3371 775 (Matth.
3411 721 3552 772 xxii,
3596 707 3672 759 36
3720 719 3914 775 usque

2228 816 2384 868 xxm,
2413 800 2520 871 t2.)

2333 908 2486 963 XXII.
2527 923 2768 962 usos:on
2807 921 2862 959 ιιι
2918 925 3254 964 ιτεετινιτιιτε
3295 924 3511 964 δΑιιετε
3557 921 3780 962 uanis.

2404 999 2634 1064 Epistola
2661 1000 2826 1050 sancti
2857 1001 3002 1050 Pauli
3026 1001 3252 1065 apostoli
3279 1001 3346 1052 ad
3369 999 3705 1051 Corinthios.

2299 1086 2540 1154 Fratres,
2569 1085 2638 1140 de
2659 1085 2974 1156 virginibus
2995 1093 3345 1159 praeceptum
3366 1086 3596 1142 Domini
3624 1101 3756 1139 non
3783 1084 3902 1139 ha-

2225 1177 2350 1248 beo,
2374 1185 2505 1248 etc.,
2551 1196 2716 1250 usque
2741 1180 2896 1244 Quod
2935 1185 2992 1234 et
3020 1197 3126 1253 ego
3167 1180 3436 1253 spiritum
3467 1180 3568 1234 Dei
3595 1177 3902 1234 habeam.

2228 1275 2276 1342 (Ι
2297 1275 2416 1331 Cor.
2447 1289 2542 1341 vn,
2571 1273 2786 1343 25-40.)

2443 1375 2616 1426 Lectio
2639 1375 2804 1425 sancti
2828 1375 3095 1439 Evangelii
3121 1375 3411 1426 secundum
3435 1375 3656 1424 Lucam.

2297 1463 2575 1532 Tempore
2623 1462 2738 1530 illo,
2775 1478 3087 1533 exsurgens
3125 1466 3318 1516 autem
3354 1461 3528 1516 Maria
3567 1461 3632 1516 in
3680 1461 3908 1516 diebus

2227 1553 2336 1608 illis
2360 1555 2498 1609 abiit
2523 1554 2584 1609 in
2609 1559 2900 1625 montana,
2930 1561 3060 1624 etc.,
3087 1571 3254 1626 usque
3293 1557 3537 1611 Reversa
3564 1560 3652 1611 est
3685 1553 3752 1610 in
3787 1554 3904 1610 do-

2227 1664 2386 1702 mum
2415 1665 2595 1704 suam.
2628 1649 2772 1718 (Luc.
2804 1666 2842 1718 ι,
2873 1650 3074 1720 39-56.)
3661 1628 3708 1641 ’

2585 1761 2766 1804 NOTAE
2821 1761 2900 1804 ET
2957 1759 3492 1806 OBSERVATIONES.

487 1862 650 1902 num.
687 1848 806 1912 103,
830 1846 1165 1903 Consecratio
1188 1859 1357 1900 sacrm
1375 1845 1602 1912 virginis
1624 1845 1682 1897 in
1708 1843 2020 1914 Epiphania
2045 1817 2203 1895 velB
2297 1838 2485 1894 Primo
2529 1845 2837 1912 conspectu
2879 1841 2989 1895 erit
3031 1842 3223 1895 forsan
3263 1841 3364 1912 qui
3401 1841 3704 1896 existimet
3734 1841 3904 1897 hanc

484 1941 719 1997 secunda
744 1941 890 2006 feria
917 1940 1154 2000 Pascha,
1174 1943 1271 1992 aut
1293 1940 1350 1991 in
1368 1937 1736 2007 apostolorum
1764 1937 2022 1990 natalitio
2053 1950 2130 1988 ce-

489 2035 694 2089 lebrari
723 2031 910 2104 117
945 2031 1172 2086 dicitur.
1202 2031 1354 2098 Quod
1375 2031 1644 2084 decretum
1675 2034 1758 2084 est
1785 2029 1985 2084 Gelasii
2009 2027 2128 2100 pri-

488 2125 572 2182 mi
593 2125 654 2179 in
680 2123 916 2196 epistola
940 2127 971 2178 9
1001 2124 1072 2178 ad
1094 2124 1387 2194 episcopos
1415 2122 1692 2177 Lucaniae.

558 2217 958 2274 Observatione
1007 2216 1249 2288 dignum
1298 2220 1382 2270 est
1415 2215 1567 2287 quod
1613 2214 1983 2286 Evangelium
2025 2232 2128 2286 pro

488 2312 633 2368 festo
676 2311 1009 2383 Epiphaniae.
1057 2326 1127 2364 ex
1169 2309 1354 2364 tribus
1409 2309 1769 2379 evangelistis
1799 2313 2128 2364 contextum

489 2409 593 2475 est,
622 2405 704 2460 uti
731 2409 787 2458 et
815 2404 999 2476 passio
1025 2403 1086 2458 in
1117 2403 1206 2458 die
1261 2407 1455 2458 sancto
1503 2404 1831 2458 Parasceves
1866 2418 1935 2456 ex
1983 2419 2125 2474 qua-

488 2503 634 2554 tuor.
669 2499 727 2553 In
757 2497 970 2569 Vigiliis
995 2498 1203 2553 lectum
1235 2495 1421 2552 fuerat
1446 2513 1516 2551 ex
1555 2497 1718 2551 dictis
1755 2496 2127 2568 Evangelium

486 2607 554 2648 ex
591 2592 834 2648 Matthaei
871 2609 995 2662 cap.
1037 2607 1076 2646 ιι
1118 2591 1187 2646 de
1233 2591 1561 2646 adoratione
1598 2607 1936 2662 magorum,
1964 2591 2126 2662 cujus

485 2686 655 2742 etiam
682 2686 747 2742 ﬁt
773 2685 989 2740 mentio
1027 2685 1088 2740 in
1127 2685 1327 2740 Missali
1369 2684 1905 2756 Gothicogallicano.
1935 2685 2126 2756 Itaque

484 2780 693 2852 triplex
739 2779 948 2834 Christi
999 2778 1220 2833 Domini
1269 2777 1649 2832 manifestatio
1693 2779 1798 2831 hac
1837 2777 1927 2832 die
1955 2777 2126 2832 etiam

488 2877 625 2928 tunc
653 2871 1026 2938 recolebatur,
1058 2887 1265 2943 nempe
1280 2871 1532 2927 adoratio
1551 2870 1759 2926 Christi
1775 2887 1879 2942 per
1901 2887 2121 2941 magos,

490 2966 747 3038 ejusdem
784 2965 1118 3037 baptismus,
1171 2968 1229 3019 et
1270 2964 1524 3036 primum
1577 2963 1940 3033 miraculum,
1969 2965 2121 3036 quod

490 3059 731 3132 contigit
756 3058 816 3113 in
843 3057 1059 3130 nuptiis
1087 3058 1240 3129 apud
1264 3057 1471 3112 Canam
1497 3057 1738 3113 Galilcaa.
1766 3058 1892 3112 Tria
1933 3058 2054 3112 haec
2090 3075 2124 3112 a

487 3153 726 3210 Paulino
771 3156 1164 3207 memorantur
1201 3151 1261 3206 in
1305 3150 1478 3205 natali
1507 3153 1539 3205 9
1578 3151 1647 3205 de
1684 3156 1878 3206 sancto
1920 3151 2118 3220 Felice,
2143 3187 2198 3262 Ο

468 3247 588 3302 οι]δὶ
613 3247 683 3301 de
711 3245 1024 3317 Epiphania
1048 3243 1186 3316 agit,
1215 3259 1452 3316 eamque
1481 3244 1630 3298 inter
1657 3245 1900 3316 majores
1924 3245 2124 3300 solem-

485 3341 692 3397 nitates
725 3343 1012 3394 numerat.
1059 3338 1371 3393 Mazarabes
1399 3338 1599 3410 legunt
1648 3339 2016 3410 Evangelium
2053 3354 2123 3394 ex

491 3432 734 3491 Matthmi
755 3449 878 3504 cap.
909 3449 949 3488 ιι
970 3432 1038 3486 de
1067 3432 1390 3486 adoratione
1427 3448 1746 3503 magorum.
1785 3431 2122 3488 Miuutulum

492 3531 596 3595 est,
611 3527 708 3582 sed
728 3530 918 3582 tamen
934 3542 1047 3580 non
1077 3525 1476 3595 omittendum,
1506 3526 1662 3596 quod
1689 3525 1749 3580 in
1775 3525 2124 3580 Lectionario

487 3621 786 3690 Gallicana,
838 3620 1090 3692 itemque
1139 3620 1197 3674 in
1243 3619 1440 3674 Missali
1490 3619 1721 3674 Gothico
1775 3621 2124 3690 Ephiphania

487 3713 699 3789 ubique
725 3713 1011 3784 scribitur,
1039 3713 1306 3768 mendose
1333 3712 1584 3784 quidem,
1619 3712 1717 3767 sed
1736 3711 1913 3767 veteri
1943 3728 2118 3768 more.

803 3822 908 3877 XX.
939 3837 1028 3876 mn
1052 3837 1305 3875 nouimco
1333 3837 1456 3876 rosr
1489 3836 1798 3876 emensum.

981 3913 1154 3963 Lectio
1182 3913 1340 3964 Esaiae
1368 3913 1656 3978 pmphetm.

558 4000 835 4072 Tempore
861 3997 978 4067 illo,
1000 4015 1107 4071 ego
1137 3999 1322 4054 Esaias
1345 3999 1461 4054 vidi
1483 3997 1787 4054 Dominum
1810 3997 2120 4067 sedentem,

486 4096 798 4164 etc.,usque
820 4093 1188 4149 Convertatur
1213 4097 1269 4148 et
1297 4109 1491 4148 sanem
1518 4091 1822 4162 eum,dicit
1851 4091 2123 4147 Dominus

489 4186 872 4260 omnipotens.
907 4188 1032 4256 (Isa.
1060 4203 1133 4256 ιν,
1167 4186 1330 4257 HO.)

769 4283 999 4349 Epistola
1023 4283 1166 4333 Pauli
1189 4282 1412 4346 apostoli
1438 4281 1503 4332 ad
1528 4281 1840 4332 Corinthios.

561 4370 801 4438 Fratres,
833 4371 1018 4425 videte
1047 4367 1398 4423 vocationem
1424 4372 1690 4437 vestram,
1717 4371 1847 4438 etc.,
1875 4383 2041 4440 usque
2061 4369 2121 4423 In

490 4463 724 4520 Domino
747 4464 1044 4536 glorietur.
1069 4462 1116 4532 (1
1139 4463 1261 4520 Cor.
1293 4477 1331 4527 ι,
1355 4463 1406 4530 6,
1439 4462 1548 4532 3t.)

698 4560 874 4612 Lectio
900 4559 1068 4611 sancti
1093 4556 1360 4622 Evangelii
1385 4557 1676 4608 secundum
1701 4559 1910 4608 Lucam.

557 4647 832 4718 Tempore
873 4646 991 4716 illo,
1023 4645 1176 4700 venit
1211 4643 1484 4699 Dominus
1519 4645 1678 4699 Jesus
1706 4644 1999 4714 Nazareth,
2025 4643 2128 4699 ubi

485 4744 608 4797 erat
643 4739 915 4809 nutritus,
946 4744 1078 4808 etc.,
1106 4753 1272 4809 usque
1309 4738 1445 4804 Quae
1489 4738 1870 4812 procedebant
1913 4737 1984 4794 de
2029 4754 2126 4794 ore

483 4833 684 4907 ipsius.
713 4832 861 4904 (Luc.
890 4849 966 4902 v1,
1001 4833 1212 4904 46-22.)

716 4957 960 4998 LEGENDA
1000 4957 1240 4996 SECUNDA
1283 4957 1539 4998 DOMINICA
1583 4957 1707 4997 POST
1743 4957 2050 4997 EPIPBANIA.

920 5034 1096 5085 Lectio
1125 5034 1386 5086 Hierimiaa
1405 5035 1693 5101 praplietw.

559 5121 688 5177 Haec
728 5121 863 5176 dicit
913 5121 1186 5176 Dominus
1237 5123 1381 5177 Deus
1414 5139 1428 5177 :
1470 5122 1608 5176 Ecce
1635 5137 1741 5192 ego
1770 5121 2024 5176 auferam
2053 5121 2122 5177 de

483 5216 611 5272 loco
631 5214 738 5270 isto
767 5215 828 5270 in
857 5215 1034 5270 oculis
1061 5215 1279 5284 vestris,
1308 5221 1364 5272 et
1394 5217 1455 5272 in
1480 5215 1677 5270 diebus
1707 5215 1903 5270 vestris
1926 5231 2121 5270 vocem

487 5307 700 5381 gaudii,
747 5313 878 5371 etc.,
910 5325 1074 5380 usque
1101 5311 1280 5376 Quam
1324 5309 1455 5365 dedi
1495 5309 1752 5381 patribus
1793 5325 2013 5380 eorum,
2043 5309 2122 5364 ait

481 5401 753 5458 Dominus
781 5403 946 5459 Deus.
975 5403 1183 5475 (Jerem.
1215 5420 1328 5472 xvr,
1371 5404 1552 5475 9-15.)

764 5505 990 5570 Epistola
1019 5505 1161 5557 Pauli
1183 5504 1408 5570 apostoli
1435 5504 1502 5554 ad
1526 5501 1838 5554 Corinthios.

557 5589 748 5666 118
795 5593 933 5647 Nolo
980 5592 1135 5648 enim
1162 5606 1260 5646 vos
1284 5590 1570 5663 ignorare,
1597 5589 1820 5660 fratres,
1849 5591 2120 5663 quoniam

479 5689 672 5757 patres
712 5687 895 5742 nostri
940 5701 1140 5742 omnes
1173 5683 1278 5738 sub
1315 5682 1470 5738 nube
1513 5681 1766 5752 fuerunt,
1793 5687 1924 5755 etc.,
1954 5701 2120 5755 usque

479 5778 548 5834 Ut
572 5779 800 5850 possitis
833 5779 1118 5835 sustinere
1141 5777 1202 5834 in
1227 5774 1449 5832 Christo
1473 5776 1604 5832 Jesu
1629 5775 1864 5834 Domino
1899 5783 2116 5836 nostro.

481 5871 528 5930 (Ι
548 5873 668 5930 Cor.
696 5889 750 5939 x,
787 5871 952 5940 H3.)

2228 1932 2564 1988 beatissima:
2590 1934 2840 2004 Deiparte
2866 1934 3112 2005 Virginis
3135 1935 3498 1989 festivitatem
3541 1951 3664 1990 non
3705 1935 3900 1990 aliam

2229 2042 2349 2081 esse
2378 2043 2410 2080 a
2452 2027 2874 2094 Puriﬁcatione,
2928 2028 3081 2098 quod
3133 2033 3190 2083 et
3233 2028 3510 2084 festorum
3553 2029 3742 2083 series
3799 2031 3900 2085 hic

2228 2120 2518 2174 observata
2566 2121 2803 2175 suadere
2854 2121 3098 2176 videtur.
3148 2125 3217 2176 At
3241 2127 3459 2177 certum
3490 2127 3577 2177 est
3603 2123 3720 2178 hoc
3759 2123 3900 2178 loco

2228 2213 2531 2284 signiﬁcari
2569 2214 2744 2286 ipsius
2783 2214 3195 2285 depositionem
3237 2232 3337 2270 seu
3375 2217 3858 2288 assumptionem
3881 2260 3897 2289 ,

2227 2325 2400 2379 quam
2449 2325 2517 2362 xv
2566 2309 2684 2364 Kal.
2737 2308 3046 2376 Februarii,
3086 2309 3146 2364 id
3192 2314 3277 2364 est
3328 2309 3420 2364 die
3466 2313 3534 2365 18
3589 2311 3897 2380 Januarii,

2227 2401 2511 2474 quondam
2537 2402 2879 2456 celebratam
2908 2401 3084 2457 fuisse
3111 2403 3438 2475 antiquiora
3464 2405 3903 2477 Martyrologia

2227 2499 2525 2550 testantur.
2572 2495 3079 2567 Hieronymianum
3131 2502 3292 2551 vetus
3330 2497 3432 2552 ωτι
3477 2498 3738 2553 incisum
3769 2515 3792 2554 :
3823 2517 3900 2554 xv

2224 2590 2351 2644 Kal.
2401 2591 2686 2645 Februarii
2735 2591 2994 2659 depositio
3047 2596 3247 2645 sancte
3316 2593 3534 2647 Mariae.
3590 2593 3896 2664 Epterna-

2225 2697 2388 2736 cense
2427 2698 2442 2736 :
2480 2683 2802 2753 Adsumptio
2847 2688 3047 2738 sanctae
3100 2687 3311 2740 Mariae.
3368 2685 3626 2740 Lucense
3652 2727 3669 2755 ,
3727 2687 3898 2759 quod

2225 2761 2563 2830 Franciscus'
2610 2777 2779 2831 Maria
2842 2777 3199 2833 Florentinus
3260 2777 3550 2850 vulgavit,
3609 2796 3686 2835 xv
3752 2783 3894 2838 Kal.

2224 2870 2376 2925 Febr.
2407 2871 2666 2940 depositio
2691 2877 2891 2926 sanctae
2911 2887 2972 2926 ac
2995 2873 3240 2940 gloriosae
3267 2873 3435 2928 beata:
3460 2875 3664 2930 Mariae
3684 2879 3898 2931 matris

2223 2966 2438 3019 Domini
2465 2966 2636 3019 nostri
2658 2967 2781 3020 Jesu
2811 2966 3030 3022 Christi.
3061 2965 3241 3030 Quem
3270 2965 3331 3021 in
3360 2965 3554 3021 locum
3600 2967 3897 3023 Florenti-

2222 3073 2331 3112 nus
2361 3057 2429 3112 de
2458 3057 2629 3128 hujus
2657 3057 2784 3112 festi
2816 3057 2886 3112 ad
2914 3057 3060 3113 hanc
3089 3058 3244 3114 diem
3286 3059 3656 3116 institutione
3684 3062 3898 3118 multis

2223 3150 2466 3220 disserit,
2508 3167 2680 3223 quam
2723 3167 2755 3204 a
2797 3151 3064 3207 Mauricio
3112 3151 3456 3224 imperatore
3498 3153 3562 3209 in
3608 3172 3891 3212 mensem

2221 3247 2563 3314 Augustum,
2600 3262 2732 3300 cum
2777 3245 3044 3316 primitus
3085 3245 3144 3301 in
3171 3247 3438 3303 Januario
3463 3247 3892 3319 celebraretur,

2221 3339 2548 3392 translatam
2579 3339 2750 3394 fuisse
2775 3339 3060 3410 opinatur.
3099 3341 3158 3394 In
3197 3341 3508 3396 veterrimo
3535 3343 3894 3400 Kalendario

2221 3436 2413 3486 nostro
2445 3432 2785 3501 Corbeiensi,
2823 3433 2978 3504 quod
3007 3433 3098 3488 vix
3126 3435 3370 3505 amplius
3404 3451 3522 3489 uno
3555 3441 3697 3507 post
3738 3439 3895 3494 Mau-

2222 3520 2425 3576 ricium
2451 3521 2654 3576 sacculo
2685 3527 2978 3576 exaratum
3010 3516 3111 3591 est,
3141 3538 3212 3576 xv
3240 3523 3368 3579 Kal.
3395 3525 3694 3580 Februarii
3726 3528 3896 3598 depo-

2221 3617 2344 3670 sitio
2386 3619 2586 3668 sanctw
2626 3617 2818 3670 Mariae
2846 3616 3097 3683 virginis.
3135 3615 3388 3688 Denique
3427 3617 3489 3672 in
3527 3621 3894 3694 perantiquo

2224 3707 2578 3774 Floriacensi,
2614 3706 2805 3780 119
2849 3707 3000 3780 quod
3029 3707 3136 3762 fuit
3165 3710 3455 3780 quondam
3491 3711 3759 3769 ecclesiae
3790 3716 3891 3771 Se-

2222 3805 2509 3874 nonensis,
2540 3805 2738 3860 eodem
2766 3805 2855 3860 die
2883 3811 3132 3876 notatur,
3159 3807 3477 3880 iisdemque
3494 3810 3695 3866 verbis
3709 3818 3892 3886 atque

2222 3899 2283 3954 in
2319 3898 2721 3970 Martyrologio
2761 3899 3018 3954 Lucensi.
3052 3900 3147 3954 His
3170 3901 3438 3956 omnibus
3468 3904 3698 3960 accedit
3723 3907 3890 3979 quod

2221 3997 2280 4053 in
2318 3996 2519 4052 Missali
2551 3995 2782 4052 Gothico
2826 3997 3016 4052 statim
3054 4003 3182 4068 post
3208 3999 3590 4071 Epiphaniam
3625 4002 3896 4062 habetur

2223 4093 2390 4147 Missa
2435 4093 2495 4146 in
2527 4091 2918 4162 Adsumptione
2941 4097 3143 4146 sanctae
3167 4095 3364 4148 Maria
3410 4098 3610 4152 matris
3661 4101 3901 4156 Domini

2221 4185 2424 4252 nostri;
2453 4200 2568 4254 qua
2586 4183 2647 4238 in
2661 4185 2832 4238 missa
2857 4185 3022 4238 beatae
3045 4187 3290 4255 Virginis
3317 4202 3512 4258 corpus
3531 4190 3601 4244 de
3629 4195 3893 4262 sepulcro

2225 4278 2550 4332 translatum
2576 4277 2768 4344 fuisse,
2797 4293 2900 4332 nec
2922 4278 3298 4334 resolutionem
3315 4282 3610 4352 pertulisse
3649 4301 3890 4342 memo-

2222 4376 2399 4426 ratur.
2428 4370 2680 4442 Denique
2720 4370 2890 4442 (quod
2927 4388 3052 4426 rem
3092 4372 3316 4444 evincit)
3353 4375 3667 4446 Gregorius
3698 4379 3891 4435 Turo-

2221 4465 2412 4520 nensis
2473 4464 2786 4535 episcopus,
2853 4463 2912 4518 in
2977 4465 3077 4520 lib.
3127 4483 3144 4520 ι
3193 4467 3263 4521 de
3312 4468 3500 4523 Gloria
3547 4477 3891 4544 martyrum

2144 4557 2204 4631 D
2226 4575 2350 4629 cap.
2379 4561 2431 4626 9,
2462 4557 2562 4613 ubi
2579 4557 2699 4630 agit
2724 4559 2793 4613 de
2819 4558 3046 4613 basilica
3069 4575 3174 4630 per
3198 4561 3639 4618 Constantinum
3681 4566 3746 4622 in
3780 4569 3889 4623 ho-

2225 4668 2425 4708 norem
2443 4651 2778 4707 beatissimas
2805 4651 3049 4724 Virginis
3076 4658 3417 4723 constructa,
3450 4679 3480 4706 (ί
3512 4657 3702 4729 Hujus
3731 4661 3892 4718 festi-

2226 4745 2387 4816 vitas,
2417 4740 2594 4816 sacra,
2621 4745 2827 4818 inquit,
2858 4745 3144 4802 mediante
3169 4764 3368 4804 mense
3398 4751 3716 4810 undecimo
3743 4757 3889 4813 cele~

2223 4839 2440 4908 bratur,
2475 4860 2502 4890 »
2533 4839 2592 4895 id
2619 4844 2703 4894 est
2729 4855 2924 4894 mense
2947 4840 3231 4896 Januario.
3262 4843 3423 4906 Quod
3449 4844 3520 4900 de
3569 4847 3759 4904 Gallia
3805 4851 3889 4906 in-

2223 4932 2594 5003 telligendum
2623 4949 2742 4988 esse
2771 4934 3065 5004 sequentia
3080 4936 3474 5007 .manifestant,
3506 4940 3886 5016 probantque

2223 5027 2330 5082 hoc
2357 5027 2562 5082 festum
2591 5026 2808 5098 Vigiliis
2835 5032 3208 5099 praventum,
3257 5047 3322 5084 ac
3363 5031 3610 5103 proinde
3649 5037 3886 5094 celebre

2222 5125 2357 5176 tunc
2399 5119 2570 5175 fuisse
2599 5137 2612 5174 :
2647 5141 2674 5168 «
2706 5121 2846 5174 Nam
2876 5121 2936 5175 in
2963 5123 3208 5177 oratorio
3235 5124 3628 5182 Marciacensis
3669 5129 3884 5187 domus

2222 5213 2459 5270 Arverni
2508 5213 2802 5282 territorii,
2834 5213 2957 5284 ejus
2986 5215 3242 5288 reliquias
3277 5218 3671 5278 continentur.
3703 5226 3887 5282 Adve-

2221 5308 2413 5364 niente
2437 5324 2569 5362 vero
2594 5307 2698 5362 hac
2723 5308 3042 5376 festivitate,
3072 5325 3180 5381 ego
3206 5311 3279 5366 ad
3319 5312 3692 5373 celebrandas
3720 5320 3881 5392 Vigi-

2219 5401 2321 5457 lias
2345 5401 2414 5456 ad
2443 5417 2576 5456 eum
2600 5402 2826 5458 accessi.
2859 5424 2887 5453 »
2917 5405 3109 5476 Itaque
3136 5421 3240 5477 per
3266 5405 3325 5460 id
3357 5410 3594 5480 tempus
3634 5413 3881 5470 celebris

2219 5495 2282 5551 in
2312 5495 2487 5550 Gallia
2522 5500 2643 5551 erat
2678 5497 2999 5568 Assumptio
3025 5497 3364 5555 beatissima:
3397 5501 3660 5576 Virginis
3691 5507 3756 5564 in
3783 5510 3876 5564 Ja-

2219 5589 2438 5658 nuario,
2486 5605 2614 5662 quas
2661 5589 2936 5646 festivitas
2984 5597 3192 5648 sancite
3240 5593 3427 5651 Maria
3468 5596 3822 5672 simpliciter
3845 5622 3876 5660 a

2218 5683 2506 5754 Gregorio,
2534 5684 2622 5739 uti
2669 5681 2724 5738 et
2771 5683 2832 5739 in
2883 5684 3231 5742 Lectionario
3274 5693 3470 5745 nostro
3518 5697 3871 5766 appellatur.

2217 5778 2496 5833 Caeterum
2523 5780 2775 5848 Augusto
2802 5794 2995 5834 mense
3024 5779 3130 5835 hoc
3156 5780 3367 5836 festum
3405 5785 3659 5854 ponitur
3698 5791 3760 5848 in
3790 5792 3874 5848 Li-

2217 5870 2318 5926 bro
2369 5871 2855 5928 Sacramentorum
2900 5872 3156 5948 Gregorii
3207 5875 3427 5948 Magni,
3486 5895 3608 5952 quo
3637 5893 3868 5944 auctore
