3976 6434
192 346 261 408 181
1295 360 1380 417 DE
1420 362 1729 422 LITCRGIA
1764 366 2131 424 GALLICANA
2170 365 2365 423 LIBER
2402 368 2466 423 II.

3450 360 3550 421 I82

195 482 305 536 Galli
336 479 577 538 indubie
612 483 773 542 illud
808 485 869 544 in
899 489 1064 544 illum
1086 507 1337 545 mensem
1366 495 1771 549 transtulerunt

1908 550 1911 556 _
1933 481 2175 529 notatur.
2197 476 2367 545 llujus
2388 492 2512 528 vero
2529 472 2652 529 festi
2669 473 3064 547 antiquitatem
3084 468 3285 528 astruit
3302 469 3549 543 hymnus

195 582 422 645 tempore
470 578 669 633 Caroli
712 583 909 653 Magni
951 602 1079 637 cum
1121 587 1387 639 (Iriinem
1426 590 1827 651 Gregorianmn

194 676 563 738 niseiqwrunt.
610 674 815 728 Serius
857 682 1049 730 tamen
1089 680 1237 747 apud
1278 679 1445 733 Iaicos
1484 690 1826 752 prmeeptum

187 761 239 815 de
276 764 642 820 observando
687 768 800 821 hoc
853 770 994 823 festo
1036 778 1326 839 receptum
1366 778 1467 839 est,
1513 779 1573 827 ut
1612 780 1828 829 constat

178 861 291 907 tum
329 872 400 909 ex
437 857 769 926 Capilulari
807 861 987 915 Caroli
1038 864 1221 929 Magni
1264 865 1321 917 in
1363 865 1459 918 lib.
1504 882 1519 918 ι
1559 884 1680 937 cap.
1732 871 1825 923 158

177 963 326 1001 noun
355 950 655 1017 editionis,
690 957 819 1007 tum
848 972 915 1007 ex
944 957 1249 1009 Annalibus
1280 959 1617 1013 Bertinianis
1643 962 1711 1013 ad
1732 978 1826 1014 an-

177 1058 307 1094 num
334 1044 463 1109 862,
506 1061 629 1113 quo
660 1062 816 1101 anno
842 1049 1152 1102 IIunfridus
1175 1051 1514 1105 Morinorum
1536 1054 1823 1123 episcopus

178 1134 227 1186 id
264 1152 369 1204 pro
413 1136 629 1191 feriato
672 1139 878 1193 haberi
922 1145 976 1194 et
1017 1143 1288 1195 celebrari
1328 1146 1633 1201 mandavit.
1678 1148 1822 1217 Lege

176 1228 579 1283 Analectorum
612 1235 841 1286 tomum
872 1250 930 1286 ιιι
960 1234 1018 1287 in
1048 1251 1179 1304 pag.
1210 1239 1332 1290 339.

312 1347 498 1401 XXIII.
533 1366 787 1405 LEGENDA
816 1368 875 1405 IN
900 1368 1171 1407 Garumna
1203 1372 1385 1409 SANCTI
1414 1373 1579 1410 PETRI.

571 1485 584 1498 ο
670 1483 683 1497 ι
767 1484 782 1499 ο
864 1486 878 1499 ο
957 1482 972 1499 ο
1053 1486 1068 1502 ο
1149 1488 1163 1501 ι
1241 1489 1253 1501 ι
1337 1490 1349 1503 ι
1430 1488 1445 1504 ο
1524 1490 1536 1503 ο
1617 1490 1630 1504 ο
1710 1490 1725 1505 ο
1801 1490 1816 1507 ο

586 1539 766 1588 Lectio
802 1542 1024 1590 Actuum
1059 1544 1427 1605 apostolorum.

239 1623 522 1693 Tempore
550 1624 671 1692 illo,
703 1626 862 1678 misit
890 1627 1131 1680 Herodes
1160 1644 1257 1681 rex
1288 1646 1505 1698 manus,
1550 1635 1614 1684 ut
1652 1633 1813 1686 adfli-

181 1721 325 1777 geret
374 1718 665 1786 quosdam
712 1718 780 1771 de
828 1720 1089 1785 Ecclesia,
1137 1726 1265 1787 etc.,
1316 1739 1482 1791 usque
1527 1725 1816 1787 Quomodo

181 1809 445 1862 Dominus
475 1810 773 1863 eduxisset
799 1828 933 1865 eum
966 1813 1033 1865 de
1061 1830 1303 1868 carcere.
1342 1815 1481 1884 (Act.
1514 1834 1607 1882 xu,
1646 1820 1814 1889 1-17.)

314 1928 501 1978 Lectio
533 1930 702 1979 sancti
736 1930 1003 1993 Evangelii
1034 1932 1320 1980 secundum
1353 1935 1663 1984 Mattlueum.

236 2032 527 2101 Tempore
563 2032 679 2097 illo,
706 2033 864 2086 venit
895 2034 1336 2089 DominusJesus
1354 2037 1410 2089 in
1430 2043 1615 2106 partes
1634 2040 1811 2092 Cresa-

174 2140 292 2187 reze,
336 2130 479 2192 etc.,
523 2141 697 2193 usque
747 2127 868 2179 Erit
906 2128 1155 2179 solutum
1195 2134 1249 2182 et
1289 2129 1345 2181 in
1386 2131 1554 2183 castis.
1600 2133 1809 2199 (Matth.

173 2234 269 2277 xvi,
320 2219 530 2283 lli-I9.)
572 2220 781 2273 Driudc
814 2222 1151 2273 contiurutrr
1184 2240 1200 2274 :
1234 2223 1360 2275 Post
1400 2222 1519 2275 haec
1559 2223 1691 2276 dicit
1726 2225 1809 2277 Si-

171 2311 353 2363 meoni
382 2312 592 2366 Petro:
624 2312 823 2366 Simon
870 2313 1140 2365 Johannis
1182 2314 1366 2383 diligis
1411 2331 1500 2367 me
1530 2316 1655 2385 plus
1689 2317 1811 2371 his?

166 2410 285 2471 etc.,
332 2420 514 2473 usque
552 2407 673 2468 Qua
719 2411 909 2459 morte
957 2406 1366 2461 clariticaturus
1416 2414 1559 2463 esset
1609 2410 1805 2465 Deum.

170 2499 337 2559 onan.
372 2514 497 2565 1x1,
538 2499 748 2567 1549.)

555 2608 739 2651 NOTAE)
776 2608 853 2649 ET
890 2607 1415 2653 OBSERVATIONES.

231 2690 432 2763 120
468 2693 530 2745 1η
571 2709 677 2745 ms.
710 2691 918 2747 Codice
950 2698 1073 2761 post
1100 2693 1329 2747 titulum
1359 2694 1608 2764 primum
1635 2697 1805 2767 hujus

160 2782 299 2851 festi,
324 2784 598 2838 avulsum
622 2788 707 2837 est
740 2801 921 2837 unum
944 2784 1161 2853 folium,
1184 2787 1334 2856 quod
1364 2787 1655 2842 lectionem
1685 2790 1800 2859 pri-

162 2893 304 2929 mam
337 2894 410 2931 ex
434 2878 622 2931 Veteri
638 2879 999 2931 Testamento
1027 2879 1363 2933 continebat.
1396 2881 1605 2951 Duplex
1634 2883 1803 2935 modo

156 2970 451 3023 Cathedrae
482 2972 662 3024 sancti
684 2970 839 3024 Petri
862 2971 1065 3024 festum
1088 2972 1423 3039 celebratur,
1448 2975 1685 3027 alterum
1714 2976 1802 3028 die

163 3065 218 3116 I0
241 3063 528 3129 Januarii,
562 3081 694 3117 cum
724 3065 925 3118 Petrus
952 3064 1174 3131 Roma};
1203 3065 1445 3119 alterum
1471 3070 1536 3119 22
1567 3068 1801 3121 Februa-

154 3155 238 3223 rii,
265 3174 405 3210 cum
435 3157 758 3211 Antiochia:
790 3156 1045 3228 primum
1073 3158 1277 3211 sedisse
1306 3160 1569 3213 creditur.
1601 3161 1799 3215 Utrum

154 3248 251 3302 hoc
290 3250 424 3303 loco
464 3250 915 3320 intelligendum
956 3250 1043 3317 sit,
1085 3252 1317 3320 quaestio
1362 3257 1463 3307 est.
1496 3254 1799 3307 Posteriori

152 3342 278 3395 illud
314 3344 495 3411 favet,
531 3343 689 3413 quod
726 3344 786 3396 in
809 3343 1191 3396 ecclesiasticis
1212 3345 1495 3415 quondam
1526 3346 1800 3416 receptior

150 3434 318 3490 fuerit
348 3437 476 3490 hare
502 3436 799 3503 festivitas,
834 3437 917 3488 uti
947 3438 1239 3489 .llenardus
1276 3444 1465 3493 noster
1500 3440 1697 3508 probat
1740 3440 1797 3494 in

150 3531 291 3583 notis
322 3531 399 3583 ad
430 3529 695 3597 Gregorii
729 3530 1262 3598 Sacramentarium,
1295 3530 1351 3582 in
1381 3547 1491 3600 quo
1530 3532 1644 3583 sola
1680 3533 1796 3586 haec

148 3623 431 3678 Cathcdra
480 3623 674 3676 locum
719 3622 912 3690 habet,
954 3639 1079 3691 quas
1116 3624 1420 3675 Februario
1461 3624 1791 3681 celebratur.

150 3718 356 3771 Deinde
394 3716 456 3770 in
488 3716 697 3769 Missali
722 3715 962 3768 Gothico
986 3731 1083 3767 seu
1110 3716 1638 3787 Gothicogallicano,
1668 3723 1796 3787 post

147 3810 592 3864 Conversioncm
634 3807 818 3861 sancti
857 3808 1030 3875 Pauli,
1074 3809 1232 3877 cujus
1275 3810 1551 3863 memoria
1592 3812 1653 3864 fit
1698 3828 1791 3865 vm

148 3904 258 3957 Iial.
294 3902 622 3970 Februarii,
654 3901 1023 3971 subsequitur
1050 3905 1215 3955 Missa
1242 3905 1294 3955 in
1333 3902 1595 3957 Cal/mira
1622 3908 1794 3957 sancti

146 3997 284 4050 Petri
314 3997 583 4066 apostoli,
616 4012 741 4065 qua:
769 3994 999 4065 quidem
1021 3996 1350 4049 antecedere
1373 3996 1619 4063 deberet,
1652 3997 1695 4049 si
1724 3998 1790 4052 de

146 4089 421 4144 Cathedra
446 4087 707 4141 Januarii
747 4088 869 4140 haec
908 4088 1075 4140 missa
1109 4094 1251 4141 esset
1279 4088 1661 4157 intelligenda.
1694 4090 1790 4143 Dc-

144 4182 305 4253 nique
350 4181 412 4235 in
440 4180 686 4234 concilio
728 4197 767 4233 ιι
809 4180 1120 4233 Turonensi
1152 4180 1285 4233 anni
1328 4184 1426 4233 3567
1467 4196 1679 4234 canone
1723 4186 1788 4236 22

148 4274 654 4345 reprehenduntur
678 4273 739 4339 ii,
775 4276 873 4342 qui
902 4275 955 4326 in
981 4275 1276 4340 ﬁ‘stz'ritatc
1303 4273 1579 4326 ('atlmlrzc
1608 4275 1791 4329 αξη)ιηὶ

150 4370 282 4421 Petri
314 4368 564 4437 apostoli
589 4368 734 4419 cibos
773 4368 998 4420 mortuis
1025 4367 1340 4433 oﬂ‘rrrbauf,
1375 4371 1423 4417 et
1446 4373 1567 4435 post
1598 4369 1786 4421 missas

148 4462 213 4513 ad
235 4463 533 4527 gentilium
561 4460 976 4513 revertebantur
995 4475 1217 4513 errores.
1240 4460 1395 4522 Quod
1410 4446 1489 4512 'de
1514 4460 1789 4515 Cathedra

147 4554 431 4609 Februarii
454 4552 759 4607 Menardus
786 4556 980 4605 noster
996 4552 1401 4622 interpretatur
1422 4571 1434 4605 :
1459 4569 1569 4622 quo
1592 4570 1782 4609 mense
1804 4566 1863 4637 D

147 4647 281 4715 apud
313 4645 567 4717 gentiles
598 4644 927 4715 Lupercalia
954 4643 1010 4697 in
1040 4660 1146 4697 usu
1174 4649 1352 4712 erant,
1381 4661 1623 4714 quorum
1661 4646 1787 4699 reli-

147 4740 290 4808 quias
322 4740 385 4793 in
414 4738 597 4793 Gallia
628 4738 908 4791 damnant
938 4738 1124 4790 Patres
1151 4737 1401 4807 przedicti
1431 4736 1648 4791 concilii
1674 4739 1783 4792 Tu-

146 4834 415 4887 ronensis.
448 4834 520 4886 Et
548 4836 744 4884 tamen
776 4829 1024 4882 Gelasius
1051 4847 1193 4901 papa
1218 4831 1259 4896 I,
1283 4830 1378 4900 qui
1398 4829 1617 4898 primus
1638 4832 1786 4901 apud

148 4925 416 4980 Romanos
440 4924 620 4995 impia
648 4924 772 4976 haec
804 4939 959 4975 sacra
987 4922 1229 4989 sustulit,
1259 4923 1456 4975 asserit
1478 4922 1532 4975 in
1556 4923 1786 4993 epistola

146 5035 227 5073 sua
290 5021 364 5073 ad
425 5016 903 5072 Andromacham
956 5020 1288 5081 senatorem,
1345 5015 1665 5086 Lupercalia
1726 5015 1785 5070 in

146 5118 313 5171 Galliis
342 5132 653 5186 nunquam
682 5111 1017 5167 obtinuisse.
1048 5112 1129 5167 Ob
1156 5130 1346 5167 causas
1372 5113 1664 5183 praedictas
1689 5130 1787 5183 p0-

148 5213 240 5265 tius
276 5213 346 5266 de
391 5209 682 5266 Cathedra
734 5205 1047 5273 Februarii,
1093 5222 1265 5276 quam
1310 5205 1377 5259 de
1421 5206 1527 5257 alia
1564 5206 1783 5261 Lectio-

150 5307 349 5360 narium
378 5311 651 5360 nostrum
678 5301 878 5354 forsan
908 5298 1387 5369 interpretandum
1419 5299 1683 5352 nonnulis
1712 5299 1785 5352 vi-

151 5398 364 5456 debitur.

200 5494 391 5551 Verum
416 5494 515 5549 his
542 5486 829 5563 quaedam
850 5483 1077 5552 majoris
1096 5484 1367 5538 momenti
1385 5484 1776 5539 adversantur.

130 5581 304 5648 Levius
319 5596 403 5647 est
423 5585 596 5661 quod
616 5583 683 5636 in
708 5576 1065 5634 Lectionario
1094 5582 1283 5631 nostro
1310 5577 1517 5631 festum
1544 5580 1776 5631 Assum-

111 5683 303 5744 ιηίυηλε
324 5684 604 5756 pomaria
628 5670 911 5747 proxime
933 5670 1292 5739 subsequitur
1312 5670 1586 5725 Cathedra
1609 5671 1782 5725 sancti

86 5764 259 5853 (ιρειιί,
288 5798 423 5855 qua;
458 5774 699 5833 codem
727 5764 845 5829 die,
876 5762 984 5817 hoc
1015 5767 1097 5817 est
1125 5779 1192 5816 xv
1236 5764 1352 5818 Kal.
1383 5763 1690 5827 Februarii,
1722 5763 1781 5817 in

100 5870 518 5955 Blartyi'ologiis
556 5856 851 5927 Lucensi,
889 5855 1195 5929 Corbiensi,
1221 5856 1453 5930 aliisque
1497 5856 1780 5912 nonnullis

1821 3204 1874 3276 C

1928 572 1993 623 de
2023 570 2157 621 festo
2187 570 2475 621 Callieiirm
2505 570 2787 635 Romamn,
2820 569 2914 637 qui
2946 569 3188 637 hymnus
3219 566 3272 619 in
3308 567 3547 633 IIymna-

1928 664 2034 727 rio,
2068 664 2258 714 Itomr
2283 678 2430 714 unm)
2477 661 2753 729 superiori
2801 660 2967 713 editis
2994 659 3261 712 tribuitur
3287 646 3539 712 Paulino.

1926 757 2096 807 Porro
2122 760 2185 807 nt
2217 756 2399 823 potius
2418 755 2483 807 de
2507 754 2797 810 (Lithedra.
2822 770 2946 823 qum.
2964 753 3225 807 Januario
3256 751 3541 818 recolitur,

1924 864 2093 917 quam
2122 848 2188 900 de
2227 848 2403 900 altera
2441 847 2849 900 Lectionarium
2892 851 3144 898 nostrum
3184 845 3542 913 interpreter,

1925 941 2060 992 illud
2087 941 2328 993 maxime
2358 958 2446 994 me
2476 945 2678 1005 movet,
2704 940 2853 1009 quod
2886 939 2940 991 in
2970 954 3034 991 eo
3055 942 3426 990 numerentur
3446 938 3545 989 Do-

1924 1034 2141 1087 minicze
2170 1039 2277 1086 tres
2304 1039 2425 1103 post
2450 1034 2783 1086 Cathedram
2816 1031 2988 1085 sancti
3019 1031 3166 1085 Petri
3195 1035 3323 1083 ante
3350 1029 3540 1083 Domi-

1922 1127 2105 1179 nicam
2147 1127 2388 1196 primam
2437 1125 2909 1195 Quadragesimze.
2966 1124 3072 1187 Qui
3124 1122 3542 1177 Dominicarum

1920 1236 2191 1273 numerus
2222 1236 2253 1272 a
2280 1219 2367 1272 die
2401 1222 2467 1271 22
2499 1219 2784 1271 Februarii
2827 1233 3120 1288 nunquam
3151 1214 3423 1285 compleri
3450 1231 3547 1284 po-

1921 1316 2053 1381 test,
2110 1311 2467 1383 quantumvis
2516 1312 2725 1366 Pascha
2772 1312 2839 1364 ab
2892 1309 3231 1382 aequinoctio
3275 1308 3537 1362 declinet.

1920 1406 2071 1459 Adde
2112 1405 2169 1458 in
2206 1405 2403 1459 eodem
2438 1404 2783 1459 Lcctionario
2809 1404 2943 1457 duas
2970 1407 3189 1457 tantum
3217 1400 3541 1471 [Dominicas

1917 1503 2045 1567 post
2084 1498 2455 1568 Epiphaniam
2489 1498 2780 1567 assignari,
2812 1513 2937 1567 quae
2965 1513 3083 1550 non
3110 1494 3459 1563 :sufticerent,
3492 1492 3540 1546 si

1917 1592 2037 1643 alia:
2076 1595 2187 1643 tres
2233 1608 2264 1643 a
2297 1591 2571 1645 Cathedra
2611 1590 2898 1644 Februarii
2936 1593 3329 1643 numerentur.
3367 1586 3536 1656 Atqui

1916 1685 2063 1753 apud
2084 1684 2260 1737 Gallos
2282 1684 2575 1753 peculiaris
2597 1684 2701 1737 fuit
2717 1684 3003 1737 Cathedraa
3029 1682 3076 1753 1
3242 1679 3423 1734 sancti
3438 1680 3538 1732 Pe-

1915 1777 1985 1829 tri
2018 1778 2074 1829 in
2102 1778 2363 1831 Januario
2398 1777 2688 1843 memoria,
2729 1780 2790 1829 ut
2825 1777 3089 1829 discimus
3119 1791 3187 1827 ex
3214 1775 3536 1844 pervetusto

1836 1843 1891 1913 B
1918 1870 2314 1938 martyrologio
2345 1869 2676 1937 Gellonensi,
2700 1869 2757 1922 in
2779 1886 2889 1939 quo
2910 1869 3029 1922 haec
3050 1868 3218 1921 verba
3241 1866 3529 1936 leguntur,

1914 1962 1979 2013 ad
2004 1962 2353 2031 preposition
2383 1967 2577 2014 notatu
2620 1963 2791 2031 digna
2820 1978 2833 2014 :
2867 1979 2935 2015 xv
2972 1961 3089 2014 Kal.
3133 1957 3416 2012 Februarii
3443 1974 3531 2010 se-

1914 2050 2162 2103 cundum
2191 2051 2367 2101 Gallos
2393 2049 2662 2102 Cathedra
2686 2050 2860 2101 sancti
2886 2049 3034 2101 Petri
3057 2047 3315 2117 apostoli.
3338 2048 3398 2098 In
3423 2045 3533 2098 alio

1912 2143 2243 2209 Gellonensi,
2269 2143 2419 2211 quod
2438 2147 2691 2211 tempore
2715 2141 2901 2194 (laroli
2919 2140 3103 2209 Magni
3119 2142 3407 2193 exaratum
3424 2141 3526 2205 est,

1912 2236 2110 2287 eodem
2140 2235 2227 2288 die
2252 2235 2526 2288 Cathedra
2554 2235 2729 2287 sancti
2753 2234 2902 2287 Petri
2930 2232 3183 2303 apostoli,
3214 2248 3325 2301 qua
3348 2230 3530 2300 primo

1910 2328 2099 2380 Roma}
2146 2328 2306 2381 sedit.
2349 2331 2416 2381 At
2463 2327 2577 2381 sive
2614 2328 2752 2394 haec,
2801 2328 2913 2380 sive
2947 2327 3120 2379 altera
3160 2324 3525 2393 intelligatur,

1905 2421 2131 2473 nomine
2156 2420 2442 2473 Cathcdra:
2472 2420 2647 2473 sancti
2688 2420 2837 2473 Petri
2878 2420 2997 2472 sine
3029 2418 3313 2488 adjuncto,
3345 2416 3528 2486 potius

1906 2513 2053 2566 Petri
2071 2514 2343 2565 confessio
2374 2518 2428 2566 et
2454 2513 2751 2583 primatus,
2782 2527 2952 2582 quam
2992 2511 3150 2564 sedes
3177 2509 3546 2574 Antiochena,‘

1906 2607 2222 2659 Romanave
2249 2606 2579 2673 honoratur,
2619 2608 2681 2659 ut
2707 2605 2889 2657 missae
2922 2603 3215 2658 Gallicana:
3250 2603 3370 2655 haec
3405 2601 3520 2653 col-

1904 2682 2064 2752 lectio
2094 2699 2292 2769 probat
2319 2717 2330 2753 :
2364 2699 2508 2752 Deus
2530 2698 2628 2769 qui
2643 2697 2912 2751 hodierna
2935 2696 3022 2750 die
3044 2696 3270 2749 beatum
3291 2695 3520 2748 Petrum

1903 2796 2023 2862 post
2051 2797 2103 2845 te
2133 2792 2328 2845 dedisti
2357 2796 2521 2862 caput
2547 2790 2822 2858 Ecclesia),
2856 2806 2985 2843 cum
3015 2793 3067 2842 te
3094 2788 3187 2841 ille
3226 2803 3355 2841 vere
3382 2803 3517 2840 con-
3587 2837 3600 2853 ,

1902 2885 2075 2938 fessus
2105 2885 2193 2953 sit,
2223 2889 2277 2938 et
2303 2886 2416 2955 ipse
2446 2902 2477 2936 a
2504 2889 2555 2938 te
2599 2884 2767 2954 digne
2802 2883 3063 2953 przclatus
3091 2881 3177 2949 sit,
3218 2885 3322 2933 etc.
3368 2881 3433 2933 Et
3460 2879 3519 2932 in

1901 2978 2314 3030 Contestatione
2343 2994 2356 3029 :
2385 2977 2557 3031 Testis
2596 2981 2677 3030 est
2718 2976 2835 3029 dies
2875 2974 3145 3027 hodierna
3186 2972 3336 3025 beati
3370 2971 3517 3025 Petri

1900 3070 2171 3123 Cathedra
2217 3070 2566 3140 episcopatus
2605 3068 2873 3139 exposita,
2909 3068 2965 3120 in
3001 3083 3111 3137 qua
3148 3065 3275 3119 ﬁdei
3316 3063 3516 3118 merito

1900 3163 2250 3216 revelationis
2276 3162 2628 3232 mysterium,
2659 3161 2862 3214 Filium
2885 3160 2981 3214 Dei
3002 3158 3341 3226 confitendo,
3364 3150 3512 3228 praaé

1900 3256 2043 3309 latus
2078 3257 2376 3326 apostolos,
2413 3272 2515 3325 pro
2546 3254 2830 3325 apostolus
2865 3254 2945 3307 vel
2971 3252 3252 3323 apostolis,
3285 3248 3511 3304 ordina-

1898 3355 2009 3403 tur.
2053 3351 2113 3404 In
2157 3350 2315 3419 cujus
2355 3348 2707 3402 confessione
2751 3350 2834 3401 est
2859 3345 3292 3400 fundamentum
3323 3343 3508 3397 Eccle-

1898 3443 2012 3511 siae,
2047 3447 2152 3496 etc.
2184 3442 2275 3495 IIis
2298 3441 2499 3507 verbis,
2538 3445 2602 3493 ut
2632 3440 2753 3509 jam
2790 3438 2927 3507 dixi,
2970 3439 3156 3509 potius
3190 3435 3338 3490 Petri
3376 3451 3507 3489 con-

1895 3536 2057 3590 fessio
2100 3540 2155 3589 et
2194 3535 2487 3605 primatus,
2533 3549 2703 3603 quam
2750 3531 3099 3586 Antiochena
3135 3530 3219 3584 vel
3256 3531 3509 3584 Romana

1894 3630 2166 3684 Cathcdra
2193 3628 2536 3697 designatur.
2570 3625 2723 3679 Unde
2758 3625 2819 3677 in
2861 3624 3158 3678 veterrimo
3185 3614 3507 3677 Calendario

1893 3726 2104 3789 nostro,
2134 3719 2331 3773 litteris
2358 3717 2678 3788 majusculis
2703 3716 2931 3788 scripto,
2958 3714 3189 3769 unicum
3213 3712 3505 3767 Cathedrm

1892 3816 2099 3869 festum
2125 3812 2459 3882 exprimitur
2484 3810 2692 3880 absque
2712 3810 2974 3879 adjuncto
2994 3808 3052 3861 in
3075 3808 3226 3861 hunc
3246 3805 3500 3859 modum.

1892 3924 1983 3959 vni
2016 3906 2131 3959 Kal.
2164 3903 2340 3958 Martii
2366 3903 2639 3957 Cathedra
2668 3902 2844 3955 sancti
2884 3901 3056 3955 Petri.
3105 3898 3347 3955 Consule
3388 3898 3500 3952 Me-

1891 4000 2131 4052 nardum
2157 4003 2211 4051 et
2238 3996 2538 4049 Frontonis
2564 3995 2975 4049 Calendarium.
3001 3994 3231 4049 Samson
3252 3990 3503 4045 Dolensis

1891 4092 2191 4161 Episcopus
2230 4089 2287 4142 in
2316 4088 2464 4142 beati
2494 4087 2739 4158 Apostoli
2775 4087 3052 4141 Cathcdra
3089 4086 3377 4140 ordinatus
3415 4082 3501 4138 di-

1890 4184 2034 4237 citur
2074 4184 2143 4237 ab
2186 4198 2465 4253 anonymo
2502 4181 2724 4252 aequali,
2758 4180 2857 4252 qui
2893 4181 3014 4250 ejus
3060 4180 3243 4233 Vitam
3284 4177 3502 4231 duobus

1889 4276 2045 4330 libris
2097 4276 2317 4347 scripsit
2370 4292 2384 4331 :
2436 4275 2533 4330 sed
2592 4279 2719 4330 utra
2767 4275 2839 4329 sit
2890 4273 2983 4328 illa
3033 4272 3326 4339 Cathedra,
3386 4285 3502 4325 non

1887 4370 2086 4441 liquet.

1958 4497 2125 4551 XXIV.
2158 4511 2243 4548 nu;
2273 4510 2526 4548 DOMINICO
2556 4509 2678 4547 posr
2705 4508 3017 4547 cnnamum
3044 4508 3227 4547 ssnon
3252 4505 3423 4545 rem.

2372 4598 2543 4648 Lectio
2569 4601 2711 4647 Oseaa
2736 4598 3018 4662 prephetm.

1958 4698 2080 4748 Ilaec
2116 4694 2247 4747 dicit
2283 4693 2551 4746 Dominus
2580 4711 2593 4747 :
2639 4692 2839 4747 Audite
2876 4692 3111 4747 verbum
3140 4691 3365 4746 Domini
3393 4689 3497 4746 ﬁlii

1889 4788 2113 4855 Israhel,
2155 4786 2284 4858 quia
2324 4786 2603 4857 judicium
2650 4786 2885 4841 Domino
2922 4803 3050 4841 cum
3093 4785 3497 4840 habitatoribus

1883 4886 2067 4949 terrae,
2090 4885 2218 4945 etc.,
2251 4896 2417 4948 usque
2441 4880 2867 4934 Confundentur
2894 4898 2925 4934 a
2952 4879 3230 4934 sacriﬁciis
3257 4878 3391 4945 suis,
3418 4878 3498 4932 ait

1885 4974 2153 5027 Dominus
2180 4974 2343 5027 Deus.
2376 4974 2535 5043 (Oscae
2562 4991 2632 5043 ιν,
2660 4976 2833 5043 1-19.)

2212 5088 2439 5150 Epistola
2465 5087 2603 5136 Pauli
2629 5086 2844 5150 apostoli
2868 5087 2931 5136 ad
2952 5088 3169 5137 Galatas.

1955 5180 2062 5231 V'os
2093 5181 2281 5231 autem
2318 5176 2375 5229 in
2405 5177 2721 5231 libertatem
2758 5176 2935 5230 vocati
2970 5178 3116 5246 estis,
3155 5182 3283 5248 etc.,
3330 5196 3497 5250 usque

1883 5271 1969 5325 Sic
1998 5269 2375 5342 adimplcbitis
2402 5270 2588 5340 legem
2622 5269 2843 5325 Christi.
2884 5270 3085 5339 (Galat.
3126 5288 3177 5341 v,
3214 5275 3297 5342 I3,
3331 5289 3496 5342 usque

1883 5380 1954 5430 vi,
1988 5364 2060 5433 2.)

2036 5473 2210 5523 Lectio
2236 5474 2397 5522 sancti
2422 5474 2686 5536 Evangelii
2716 5474 3000 5524 secundum
3026 5476 3339 5528 Mattheeum.

1948 5579 2009 5631 In
2040 5577 2137 5632 illo
2159 5582 2432 5648 tempore,
2453 5578 2763 5648 adsumpsit
2789 5579 3060 5634 Dominus
3084 5581 3241 5635 Iesus
3263 5582 3491 5637 Petrum

1881 5675 1936 5724 et
1962 5670 2226 5725 Iacobum
2255 5670 2445 5745 122
2474 5676 2529 5725 et
2554 5672 2866 5728 Iohannem
2895 5673 3125 5728 fratrem
3168 5676 3307 5746 ejus,
3357 5678 3485 5738 etc.,

1881 5779 2046 5831 usque
2066 5765 2245 5818 Donec
2266 5766 2412 5820 titius
2425 5764 2670 5822 hominis
2683 5783 2713 5820 a
2725 5766 2965 5822 mortuis
2978 5772 3254 5839 resurgat.
3273 5764 3481 5837 (Matth.

1880 5872 2013 5927 xvii,
2045 5860 2162 5913 t-9.
