3976 6426
157 397 246 452 185
279 373 292 379 ’

1250 403 1336 460 DE
1373 406 1683 462 LITURGIA
1717 405 2086 462 GALLICANA
2123 410 2319 465 LIBER
2356 409 2420 466 ll.

3413 416 3511 476 l86

150 508 263 563 Hac
291 507 431 563 dicit
461 510 776 566 Dominus:
802 513 1010 570 Audite
1035 516 1316 572 audientes
1339 534 1440 582 me,
1467 523 1519 574 et
1545 522 1798 576 comedite
1816 523 1876 596 Α
1893 514 2108 572 branda
2131 517 2354 574 oblatio.
2382 539 2410 568 »
2440 519 2650 591 Nempe
2679 519 2876 576 diebus
2903 521 3206 579 Dominicis
3225 526 3281 579 et
3301 521 3506 581 Sabba-

152 602 359 664 bonum,
378 605 492 656 etc.
513 603 569 676 1
585 603 718 678 25
735 606 951 663 Deinde
963 610 1378 680 postcanticum
1393 612 1567 668 trium
1583 631 1792 685 puero-

149 711 270 750 rum
289 699 347 750 et
365 696 694 766 psalmum,
720 703 778 754 et
796 704 926 770 post
945 703 1226 758 orationes
1241 720 1346 775 pro
1367 706 1788 776 pcenitentibus,

149 788 515 859 subsequitur
532 790 734 845 Lectio
750 808 819 846 ex
843 793 1087 864 Epistola
1109 797 1152 850 ll
1171 797 1242 852 ad
1261 797 1580 853 Corinthios
1592 816 1716 872 cap.
1736 817 1787 855 v:

149 883 242 936 Pro
266 881 484 938 Christo
514 883 798 951 legatione
818 888 1126 955 fungimur,
1153 891 1284 958 etc.,
1305 906 1484 962 usque
1513 893 1791 962 Tanquam

149 976 278 1028 nihil
323 975 622 1039 habentes,
674 984 727 1033 et
776 975 960 1035 omnia
1014 983 1372 1050 possidentes.
1427 985 1790 1041 Postmodum

147 1067 518 1139 Evangelium
543 1085 620 1124 ex
644 1072 876 1127 Joannis
901 1090 1022 1144 cap.
1045 1091 1133 1129 1v:
1155 1079 1414 1130 Dominus
1435 1083 1614 1132 noster
1635 1081 1788 1134 Iesus

146 1157 380 1212 Christus
417 1159 664 1228 reliquit
698 1161 966 1225 Judazam,
995 1167 1047 1217 et
1074 1163 1210 1218 abiit
1239 1166 1298 1218 in
1328 1165 1628 1228 Galilaeam,
1656 1171 1786 1233 etc.,

141 1263 332 1320 usque.
357 1250 506 1315 Quia
529 1252 629 1306 hic
654 1259 736 1308 est
758 1269 882 1308 vere
913 1254 1165 1310 Salvator
1182 1257 1393 1310 mundi.
1421 1259 1480 1310 ln
1500 1262 1788 1328 posterum

143 1343 379 1396 Alleluia
417 1344 726 1400 omittitur
752 1347 825 1401 ad
862 1346 1070 1402 Pascha
1095 1363 1164 1402 ex
1204 1349 1530 1420 prmscripto
1569 1351 1787 1406 concilii

145 1435 387 1490 Toletani
417 1452 496 1506 xv,
527 1453 668 1493 can.
705 1443 794 1493 tl.

207 1530 265 1583 ln
294 1528 503 1584 Missali
532 1531 944 1600 Ambrosiano,
967 1548 1098 1587 cum
1117 1549 1230 1604 quo
1256 1539 1416 1589 vetus
1440 1536 1786 1592 Gallicanum

141 1622 438 1693 quamdam
479 1623 836 1678 afﬁnitatem
872 1625 1062 1693 habet,
1097 1626 1382 1681 Dominica
1415 1629 1602 1698 prima
1634 1631 1782 1694 Qua-

142 1715 468 1784 dragesima:
513 1715 864 1771 inscribitur
897 1720 974 1772 De
1005 1718 1390 1784 Samaritana;
1427 1721 1671 1776 secunda
1709 1725 1786 1777 De

141 1807 448 1872 Abraham;
479 1807 668 1862 tertia
694 1811 772 1863 De
796 1825 966 1877 casco;
993 1815 1192 1882 quarta
1229 1813 1446 1875 Lazari,
1486 1817 1784 1885 propterea

141 1899 274 1970 quod
304 1899 629 1970 Evangelia
659 1899 730 1955 de
756 1900 846 1955 his
871 1902 1252 1974 assignentur.

171 1991 415 2046 ‘Szeculo
445 2009 504 2047 v1
527 1993 597 2047 in
629 1993 812 2048 Gallia
836 2010 952 2048 non
988 1995 1067 2049 ita
1101 1995 1209 2050 rati
1245 2001 1404 2052 erant
1429 1997 1782 2069 jejuniorum

143 2085 741 2156 Ouadragesimalium
783 2086 922 2141 dies.
961 2087 1294 2142 Aurelianus
1340 2089 1398 2144 in
1443 2091 1640 2162 regula
1680 2109 1782 2147 sua

143 2177 454 2247 Sabbatum,
501 2179 894 2248 Dominicam,
933 2184 990 2234 et
1024 2180 1266 2251 majores
1299 2181 1626 2238 festivitates
1649 2184 1782 2255 aje—

136 2270 272 2340 junii
303 2271 432 2342 lege
471 2271 710 2339 eximit,
755 2276 819 2327 ut
860 2273 1118 2343 superius
1163 2273 1426 2330 vidimus.
1463 2276 1776 2346 Faustinus,

141 2363 418 2434 Regiensis
446 2363 534 2432 (ut
559 2364 917 2436 quibusdam
936 2365 1173 2437 videtur)
1196 2365 1506 2438 episcopus,
1529 2369 1780 2440 quinque

143 2459 347 2511 tantum
379 2473 490 2528 per
528 2457 961 2512 hebdomadam
989 2457 1196 2530 jejunii
1231 2459 1351 2515 dies
1383 2460 1648 2530 admittit,
1685 2463 1776 2516 in-

143 2553 335 2608 vehens
362 2555 421 2608 in
455 2571 577 2624 eos,
609 2555 718 2627 qui
759 2576 788 2603 «
827 2556 993 2610 veriti
1034 2560 1187 2626 sunt,
1229 2557 1416 2626 credo,
1459 2557 1663 2628 inquit,
1704 2575 1778 2614 ne

140 2647 373 2719 quinque
390 2647 471 2718 jej
481 2647 648 2702 uuiis
669 2648 1045 2720 prolongatis,
1075 2651 1204 2704 caro
1221 2664 1316 2704 eos
1341 2665 1652 2732 corpusque
1687 2652 1778 2707 de-

144 2738 335 2807 ﬁceret,
365 2746 425 2795 et
463 2741 658 2796 exiles
689 2757 754 2796 ac
780 2745 982 2796 tenues
1011 2742 1463 2812 Quadragesimae
1499 2743 1778 2799 abstinen—

145 2832 264 2887 tiam
301 2834 546 2890 tolerare
584 2849 714 2888 non
757 2839 1008 2904 possent.
1050 2855 1078 2884 »
1126 2836 1251 2889 Hmc
1287 2835 1380 2889 ille
1412 2835 1473 2890 in
1515 2852 1773 2892 sermone

145 2926 318 2981 habito
344 2927 404 2982 in
428 2926 738 2982 Dominica
766 2932 898 2982 ante
921 2927 1441 2998 Quadragesimam,
1467 2929 1626 2999 cujus
1657 2945 1770 2984 ser-

148 3019 314 3075 monis
331 3021 738 3092 fragmentum
765 3021 965 3075 Eneas
987 3019 1308 3075 Parisiensis
1336 3021 1566 3076 antistes
1598 3021 1771 3076 refert

147 3111 196 3165 in
235 3112 376 3168 libro
417 3114 706 3168 adversus
740 3114 980 3168 Grmcos.
1023 3113 1109 3168 Sic
1144 3113 1204 3167 in
1243 3113 1472 3168 ecclesia
1515 3113 1773 3169 Mediola-

1891 613 1980 682 tis,
2021 612 2227 685 quibus
2264 611 2322 667 in
2361 611 2589 668 ecclesia
2621 613 3014 670 Mediolanensi
3057 617 3324 672 relaxatio
3357 635 3392 673 a
3415 619 3506 690 je-
3598 653 3601 657 -

1883 706 2045 776 junio
2091 711 2230 775 erat,
2269 711 2335 760 ut
2366 721 2572 776 nempe
2607 722 2764 760 ccena
2812 707 3055 762 serotina
3105 709 3165 763 in
3204 711 3505 780 prandium

1889 803 2218 854 verteretur.
2251 820 2280 848 «
2305 800 2456 854 Tunc
2479 799 2675 870 utique
2699 801 2926 870 paratus
2949 800 3160 868 assiste,
3194 808 3256 856 ut
3291 802 3374 858 ibi
3407 819 3502 860 ac-

1888 893 2060 963 cipias
2083 892 2522 962 munimentum,
2555 897 2618 946 ut
2639 907 2842 964 corpus
2868 892 2999 947 edas
3023 893 3245 948 Domini
3273 896 3421 964 Jesu,
3444 896 3505 952 in

1887 1001 1999 1056 quo
2024 985 2278 1040 remissio
2301 989 2385 1040 est
2405 989 2798 1056 peccatorum;
2840 985 3139 1056 postulatio
3169 985 3370 1042 divinas
3407 1005 3498 1044 re-

1888 1077 2287 1132 conciliationis
2326 1082 2382 1132 et
2422 1077 2782 1150 protectionis
2845 1080 3190 1134 internae...”
3231 1079 3508 1136 Admonet

1887 1171 2058 1226 etiam
2093 1169 2426 1226 sacriﬁcium
2464 1171 2868 1241 vespertinum,
2904 1174 2970 1224 ut
3007 1187 3301 1244 nunquam
3340 1172 3502 1227 Chri-

1885 1269 2035 1320 stum
2059 1263 2414 1319 obliviscaris.
2460 1265 2581 1316 Non
2619 1267 2778 1333 potes
2815 1262 3080 1331 oblivisci,
3123 1281 3255 1318 cum
3294 1264 3503 1322 lectum

1885 1357 2155 1424 ascendis,
2188 1356 2310 1427 ejus
2336 1355 2577 1422 Domini,
2607 1355 2698 1409 cui
2720 1355 2781 1410 in
2807 1371 3003 1410 occasu
3030 1355 3120 1412 die
3146 1373 3374 1428 precem
3406 1358 3499 1412 fu-

1883 1449 2051 1520 deris,
2095 1449 2194 1522 qui
2228 1448 2566 1504 esurientem
2591 1451 2646 1502 te
2687 1447 2773 1502 sui
2805 1447 3052 1519 corporis
3085 1449 3268 1520 epulis
3306 1451 3496 1522 exple-

1882 1543 2044 1598 verit.
2073 1564 2102 1593 »
2122 1542 2330 1597 Eadem
2352 1540 2619 1596 sacriﬁcia
2637 1539 2953 1610 vespertina
2981 1541 3154 1596 etiam
3177 1542 3238 1597 in
3255 1542 3500 1598 ecclesiis

1883 1635 2173 1690 Gallicanis
2209 1633 2478 1689 celebrari
2524 1637 2659 1688 tunc
2699 1649 2821 1687 mos
2863 1638 3001 1702 erat,
3037 1639 3104 1690 ut
3143 1651 3214 1690 ex
3253 1635 3500 1690 conciliis

1881 1728 2126 1794 Vasensi,
2166 1726 2555 1782 Aurelianensi
2580 1729 2750 1806 lauet
2785 1741 2856 1780 ex
2892 1726 3278 1783 Matisconensi
3314 1727 3499 1800 primo

1881 1821 2240 1892 probavimus
2264 1819 2324 1874 in
2352 1819 2449 1874 lib.
2481 1836 2498 1873 ι
2525 1835 2648 1890 cap.
2677 1823 2733 1875 5.

1801 1879 1858 1951 Β
1882 1879 1903 1892 ὁ
2063 1911 2274 1984 [ΧΧΧΙΙ.
2315 1927 2555 1966 LEGENDA
2590 1879 2650 1966 iu
2689 1928 2946 1966 DOHINICA
2984 1929 3297 1968 pALuauuu.

2295 1999 2469 2048 Lectio
2502 1997 2763 2050 Hierimia
2795 1999 3104 2065 praphetaaj

1879 2137 1935 2188 et
1957 2131 2043 2186 vir
2068 2132 2301 2186 fratrem
2325 2147 2491 2186 suum
2519 2131 2710 2186 dicens
2740 2147 2755 2186 :
2797 2131 3132 2202 Cognuscite
3169 2105 3496 2190 Dominum:

1877 2224 2071 2282 Omnis
2099 2225 2250 2279 enim
2275 2228 2618 2294 cognuscent
2643 2240 2736 2278 me
2763 2240 2796 2277 a
2817 2223 3060 2278 minimo
3086 2241 3284 2280 eorum
3321 2243 3500 2297 usque

1875 2317 1948 2372 ad
1971 2316 2304 2385 maximum,
2335 2317 2415 2372 ait
2439 2317 2728 2371 Dominus.
2757 2317 2897 2380 Quia
2921 2317 3268 2388 pr0pitiabor
3284 2318 3494 2390 iniqui-

1875 2409 1974 2466 tati
2012 2425 2228 2478 eorum,
2267 2414 2323 2464 et
2357 2409 2572 2481 peccati
2605 2424 2800 2464 eorum
2836 2423 2952 2463 non
2989 2425 3086 2465 ero
3125 2425 3346 2467 memor
3383 2427 3499 2467 am-

1873 2503 2043 2576 plius.
2071 2502 2278 2573 (Jerem.
2303 2518 2454 2568 XXXI,
2482 2501 2591 2571 34.)

2177 2593 2404 2657 Epistola
2425 2593 2570 2643 Pauli
2593 2592 2813 2656 apostoli
2837 2592 2903 2642 ad
2930 2593 3195 2643 Hebraios.

1944 2677 2182 2744 Fratres,
2207 2673 2317 2728 ﬁde
2340 2673 2733 2742 intellegemus
2757 2676 2946 2743 aptata
2963 2690 3082 2729 esse
3101 2676 3304 2730 saecula
3323 2676 3494 2732 verbo

1875 2768 1992 2834 Dei,
2021 2773 2151 2834 etc.,
2181 2782 2350 2836 usque
2378 2766 2565 2821 Fortes
2589 2764 2720 2820 facti
2745 2769 2876 2820 sunt
2899 2765 2960 2820 iu
2984 2765 3155 2822 bello.
3203 2766 3388 2839 (Hebr,
3429 2786 3492 2837 ιι,

1875 2861 2042 2931 3σ34.)

1989 3003 1995 3015 ι
2027 2951 2200 3002 Lectio
2231 2951 2396 3000 sancti
2427 2951 2690 3015 Evangelii
2721 2951 3010 3001 secundum
3037 2951 3342 3003 Iohannem.

1946 3031 2148 3087 Diebus
2173 3031 2284 3085 illis
2307 3035 2436 3086 ante
2463 3047 2560 3086 sex
2602 3031 2721 3086 dies
2750 3032 2996 3102 Paschae,
3036 3032 3192 3088 venit
3225 3034 3494 3090 Dominus

1869 3128 2026 3182 lesus
2055 3123 2404 3191 Bethaniam,
2435 3123 2535 3178 ubi
2557 3123 2742 3179 fuerat
2767 3125 3005 3180 Lazarus
3030 3130 3310 3194 mortuus,
3354 3131 3484 3195 etc.,

144 3206 308 3272 ιιθιιδί,
338 3206 514 3262 εὕδω
542 3207 609 3262 in
651 3205 1116 3277 Οιιειάΐδϐθθίωδι
1158 3205 1460 3262 Sabbatum
1497 3223 1530 3259 ³
1555 3207 1774 3277 jejunio
1793 3232 1848 3306 C
1871 3234 2042 3288 usque
2065 3216 2180 3271 Nisi
2205 3231 2445 3288 granum
2471 3215 2742 3270 frumenti
2767 3217 2973 3272 cadens
2997 3218 3058 3272 in
3096 3223 3309 3296 terram
3348 3236 3494 3275 mor-

144 3298 379 3354 immune
403 3303 550 3367 erat,
575 3302 796 3372 praeter
814 3299 1119 3354 Sabbatum
1136 3303 1411 3354 sanctum.
1427 3301 1631 3354 Verum
1649 3317 1776 3354 con-

145 3391 318 3446 cilium
355 3392 778 3448 Aurelianense
817 3409 890 3458 ιν,
929 3407 1144 3446 canone
1191 3396 1223 3446 2
1262 3391 1339 3446 ita
1371 3391 1620 3448 decernit
1652 3409 1666 3447 :
1708 3395 1776 3448 Ut

145 3484 558 3554 Quadragesima
581 3486 660 3539 ab
672 3485 922 3540 omnibus
940 3485 1193 3539 Ecclesiis
1211 3485 1488 3552 aequaliter
1507 3489 1770 3554 teneatur,

145 3594 296 3648 neque
333 3579 886 3648 Quinquagesimam,
935 3582 1036 3632 aut
1069 3577 1465 3643 Semagesimam
1507 3583 1632 3632 ante
1665 3579 1770 3632 Pa-

144 3671 254 3724 scha
277 3672 504 3740 quilibet
527 3671 792 3727 sacerdos
813 3675 1113 3740 praesumat
1139 3671 1394 3724 indicere.
1425 3669 1580 3734 Quod
1609 3669 1772 3725 nimi-

143 3779 255 3816 rum
276 3764 558 3820 faciebant
597 3761 668 3818 hi
709 3763 808 3834 qui
845 3762 1150 3818 Sabbatum
1188 3779 1222 3816 a
1249 3759 1456 3832 jejunii
1496 3761 1770 3833 religione

144 3855 464 3913 eximebant.
491 3859 648 3912 Tum
673 3855 924 3911 subdunt
949 3857 1140 3910 Patres
1163 3854 1232 3910 ad
1252 3855 1609 3910 sanciendam
1638 3855 1771 3910 Sab-

143 3947 243 4003 bati
264 3950 725 4006 observationem
755 3965 769 4004 :
801 3949 910 4004 Sed
935 3963 1107 4018 neque
1126 3963 1228 4018 per
1265 3947 1524 4010 Sabbato,
1565 3949 1767 4020 absque

145 4043 456 4110 inﬁrmitate,
491 4045 797 4113 quisquam
825 4043 998 4096 solvat
1022 4040 1458 4109 Quadragesim
1465 4041 1762 4108 jejunium,

146 4135 240 4188 nisi
247 4140 453 4192 tantum
470 4137 564 4191 die
583 4135 868 4191 Dominica
881 4135 1176 4204 prandeat.
1200 4133 1460 4203 Magister
1473 4133 1534 4187 in
1552 4133 1764 4205 regulas

143 4240 242 4281 suae
279 4244 398 4299 cap.
441 4231 510 4285 53
563 4228 648 4283 ita
681 4227 805 4282 vult
847 4226 908 4280 in
961 4224 1264 4280 Dominicis
1307 4225 1762 4297 Quadragesimaa

145 4321 405 4390 pranderi,
437 4325 507 4376 ut
532 4342 561 4370 υ
583 4325 784 4376 tamen
805 4318 864 4373 in
881 4334 1008 4374 sera
1029 4317 1255 4390 penitus
1275 4317 1418 4372 nihil
1437 4322 1676 4386 canent,
1699 4322 1764 4374 ut

143 4427 241 4465 una
265 4413 334 4468 sit
358 4415 416 4468 in
443 4414 588 4485 ipsis
614 4411 821 4468 diebus
845 4427 878 4466 a
901 4411 991 4467 die
1030 4410 1260 4466 refectio
1285 4431 1312 4460 »
1349 4409 1455 4466 Sed
1489 4410 1612 4466 hazc
1645 4427 1760 4466 non

143 4509 260 4560 sunt
279 4505 448 4578 hujus
468 4505 606 4562 loci.

1871 3316 2036 3366 tuum
2052 3309 2241 3379 fuerit,
2255 3309 2444 3380 ipsum
2461 3309 2648 3364 solum
2660 3313 2848 3365 manet
2869 3327 2884 3375 ;
2914 3309 2961 3364 si
2991 3315 3182 3366 autem
3201 3317 3494 3368 mortuum

1869 3402 2344 3472 fueritpmultum
2369 3401 2619 3456 fructum
2645 3401 2826 3456 aﬁ'ert.
2861 3402 3034 3472 (Joan.
3061 3419 3161 3473 xu,
3195 3405 3367 3474 1-24.)

2321 3505 2471 3544 ΝΟΤΕ
2508 3505 2570 3543 ΕΤ
2607 3506 3048 3554 οΒδειινΑτιοΝεε.

1941 3565 2126 3641 127
2162 3569 2222 3622 ln
2257 3567 2456 3623 Missali
2495 3567 2725 3622 Gothico
2760 3567 2998 3638 septima
3037 3569 3490 3641 Quadragesimte

1867 3662 2038 3716 missa
2060 3660 2382 3716 inscribitur
2409 3676 2423 3714 :
2449 3661 2619 3714 Missa
2643 3662 2702 3714 in
2727 3660 2974 3728 Symbuli
3001 3662 3310 3716 traditione.
3351 3663 3490 3716 Tra-

1867 3755 2300 3810 debaturautem
2320 3751 2646 3822 Symbolum
2668 3753 3113 3822 competentibus
3125 3751 3186 3808 in
3202 3753 3492 3809 Dominica

1864 3847 2204 3915 Palmarum,
2236 3849 2378 3900 teste
2409 3845 2616 3899 Isidoro
2645 3844 2707 3900 in
2743 3845 2839 3900 lib.
2879 3845 2949 3901 de
2984 3845 3192 3901 Ofﬁciis
3228 3847 3488 3902 ecclesia-

1863 3939 2012 3994 sticis
2036 3954 2158 4010 cap.
2189 3941 2257 3993 27
2288 3954 2302 3992 :
2339 3957 2368 3987 «
2406 3938 2518 3992 Hoc
2544 3938 2634 3992 die
2675 3938 3004 4010 Symbolum
3041 3939 3491 4010 competentibus

1861 4031 2102 4087 traditur
2140 4035 2374 4103 propter
2416 4029 2694 4087 conﬁnem
2740 4031 3048 4086 Dominicm
3084 4032 3309 4087 Pascha
3344 4032 3489 4087 sole-

1860 4124 2156 4179 mnitatem
2183 4140 2198 4178 :
2227 4127 2290 4178 ut
2307 4123 2440 4195 quia
2451 4124 2571 4194 jam
2593 4124 2664 4178 ad
2683 4123 2780 4178 Dei
2801 4124 3041 4196 gratiam
3071 4124 3492 4197 percipiendam

1857 4216 2146 4284 festinant,
2174 4216 2344 4272 ﬁdem
2391 4233 2562 4288 quam
2595 4217 2969 4272 conﬁteantur
3008 4223 3334 4290 agnoscant.
3382 4219 3488 4274 Eo-

1858 4309 1988 4364 dem
2013 4313 2226 4382 spectat
2249 4326 2435 4364 canon
2467 4313 2529 4365 l3
2561 4310 2786 4364 concilii
2817 4311 3154 4381 Agathensis
3187 4329 3201 4366 :
3242 4312 3308 4366 Ut
3333 4311 3486 4379 Sym-

1861 4399 2037 4453 bolum
2055 4403 2180 4453 ante
2199 4403 2311 4453 octo
2331 4398 2446 4452 dies
2465 4399 2684 4453 Pascha:
2699 4400 3123 4468 competentibus
3138 4399 3486 4468 praedicetur.

1855 4491 1922 4545 Et
1946 4491 2157 4561 optime
2195 4490 2428 4562 quidem
2463 4489 2795 4545 Lectionarii
2835 4491 3014 4544 nostri
3044 4490 3151 4544 hac
3179 4490 3270 4544 die
3293 4491 3486 4544 lectio-

208 4598 264 4652 ιη
285 4597 734 4671 quadragesima
759 4613 876 4652 ηοη
907 4613 1020 4652 una
1043 4599 1164 4652 erat
1187 4596 1256 4651 de
1275 4596 1460 4651 missis
1476 4595 1762 4651 ferialibus
1779 4589 1839 4662 Ι)
1859 4599 1958 4638 nes
1983 4583 2228 4654 Symboli
2267 4582 2554 4638 traditioni
2594 4583 2954 4637 conveniunt.
2993 4582 3296 4654 Prophetia
3328 4584 3484 4638 Iere-

147 4694 194 4742 et
223 4691 558 4761 quotidianis
583 4689 742 4761 apud
769 4688 994 4744 Latinos
1015 4688 1328 4759 disciplina.
1351 4689 1412 4742 ln
1427 4687 1760 4760 quibusdam

145 4783 392 4853 quotidie,
423 4785 484 4839 in
510 4783 644 4838 aliis
669 4786 899 4836 tantum
923 4781 1092 4836 certis
1119 4781 1318 4836 diebus
1339 4781 1512 4836 ﬁebat
1548 4781 1761 4836 sacriﬁ-

145 4873 297 4943 cium,
323 4881 564 4932 testante
592 4875 910 4948 Augustino
943 4873 1003 4928 in
1035 4873 1270 4946 epistola
1305 4875 1378 4929 ad
1408 4873 1757 4928 Januarium.

148 4966 198 5020 In
221 4968 440 5024 ecclesia
467 4969 875 5024 Mediolanensi
893 4953 1125 5024 Ividetur
1157 4983 1294 5022 usus
1325 4967 1499 5023 fuisse
1537 4966 1758 5024 Sacriﬁ-

145 5059 204 5114 cii
227 5062 558 5132 quotidiani.
591 5061 842 5132 Insignis
867 5061 1035 5116 estin
1063 5077 1189 5116 eam
1209 5077 1333 5115 rem
1361 5060 1639 5116 Ambrosii
1671 5061 1756 5114 lo-

147 5166 228 5206 cus
249 5154 304 5208 in
327 5171 594 5211 sermone
622 5160 820 5210 octavo
847 5171 1018 5226 super
1045 5154 1336 5208 Psalmum
1361 5151 1554 5226 126
1593 5169 1758 5208 cxvm

146 5244 205 5298 ad
227 5262 444 5304 versum
470 5252 503 5304 6
536 5265 552 5303 :
590 5269 620 5298 «
648 5246 928 5302 lndictum
956 5251 1042 5301 est
1055 5245 1378 5317 jejunium;
1409 5262 1542 5301 cave
1566 5261 1638 5300 ne
1664 5261 1760 5300 ue-

149 5337 324 5410 gligas.
353 5342 420 5396 Et
444 5323 492 5399 si
521 5345 580 5396 te
622 5339 806 5395 fames
845 5339 1240 5412 quotidianum
1281 5338 1434 5410 cogit
1467 5339 1538 5394 ad
1583 5354 1755 5410 prau-

147 5429 305 5501 dium,
331 5438 426 5490 aut
458 5433 906 5504 intemperantia
947 5431 1190 5488 declinat
1223 5431 1531 5502 jejunium,
1567 5436 1757 5487 tamen

148 5524 332 5580 caelesti
357 5528 540 5599 magis
567 5531 628 5582 te
657 5531 877 5580 servato
902 5524 1176 5580 convivio.
1207 5525 1330 5579 Non
1349 5524 1530 5596 epulae
1551 5529 1758 5595 paratas

149 5619 510 5690 extorqueant,
537 5623 609 5674 ut
633 5617 870 5673 cmlestis
894 5617 968 5672 sis
1001 5633 1210 5672 vacuus
1245 5615 1598 5672 sacramenti.
1640 5616 1754 5672 Dif-

149 5705 221 5760 fer
239 5709 673 5782 aliquantulum,
699 5725 817 5764 non
846 5709 1012 5778 longe
1047 5715 1131 5764 est
1155 5709 1285 5764 ﬁnis
1313 5709 1445 5764 diei.
1479 5709 1593 5762 lmo
1633 5710 1752 5780 ple-

150 5798 290 5870 rique
313 5809 439 5859 sunt
461 5802 749 5875 ejusmodi
777 5801 916 5869 dies,
945 5806 1008 5856 ut
1034 5802 1224 5856 statim
1249 5801 1573 5857 meridianis
1601 5801 1756 5856 horis

151 5891 537 5954 adveniendum
566 5896 643 5954 sit
669 5894 735 5952 in
760 5893 1069 5968 ecclesiam,
1101 5893 1341 5952 canendi
1359 5893 1580 5968 hymni,
1607 5893 1754 5952 cele-

1861 4676 1990 4730 miae
2020 4692 2034 4730 :
2061 4676 2212 4730 Dabo
2257 4677 2422 4744 legem
2463 4691 2636 4730 meam
2667 4677 2728 4729 in
2769 4675 3064 4730 visceribus
3103 4691 3304 4739 eorum,
3346 4682 3396 4732 et
3427 4678 3522 4731 ina

1860 4770 2017 4823 corde
2041 4784 2222 4824 eorum
2257 4770 2489 4824 scribam
2525 4784 2754 4824 eam.....
2786 4767 2976 4823 Omnes
3000 4773 3312 4836 cognoscent
3337 4785 3419 4824 me
3452 4785 3488 4824 a

1858 4873 2076 4925 minimo
2101 4887 2283 4926 eorum
2312 4886 2480 4941 usque
2504 4871 2579 4925 ad
2601 4873 2916 4926 mamimum.
2945 4869 3130 4926 Lectio
3157 4886 3226 4924 ex
3255 4870 3489 4942 epistola

1857 4969 2012 5023 Pauli
2037 4967 2109 5022 ad
2133 4967 2413 5037 Hebraeos,
2444 4967 2540 5023 ubi
2571 4968 2750 5023 multa
2775 4968 3040 5038 praeclare
3070 4967 3139 5022 de
3157 4965 3286 5022 ﬁde.
3309 4968 3488 5022 Evan-

1861 5061 2072 5130 gelium
2095 5061 2384 5128 Johannis,
2416 5062 2476 5115 in
2517 5077 2630 5131 quo
2667 5060 2858 5132 agitur
2902 5060 2970 5115 de
3017 5059 3340 5130 gentilibus,
3383 5061 3484 5132 qui

1855 5157 2209 5208 accesserunt
2235 5153 2306 5208 ad
2334 5153 2682 5224 Philippum,
2713 5152 3005 5224 cupientes
3038 5154 3228 5207 Iesum
3264 5153 3474 5209 videre.

1857 5245 2130 5300 Eumdem
2151 5245 2302 5300 diem
2328 5245 2718 5316 Capitilavium
2743 5262 2776 5300 a
2799 5246 2971 5316 vulgo
3005 5245 3273 5317 appellari
3314 5246 3486 5302 tradit

1858 5337 2120 5406 Isidorus,
2154 5359 2182 5387 «
2206 5337 2340 5409 quia
2362 5332 2694 5392 tunc'moris
2733 5343 2877 5392 esset
2915 5337 3098 5408 capita
3132 5338 3358 5393 lavandi
3403 5339 3487 5394 in-

1856 5431 2098 5486 fantium
2121 5431 2222 5502 qui
2246 5430 2500 5502 ungendi
2525 5435 2676 5486 sunt.
2711 5450 2740 5479 »
2773 5431 2835 5485 lu
2876 5429 3075 5485 Missali
3115 5431 3486 5486 Ambrosiano

1857 5523 2186 5594 Symbolum
2209 5523 2658 5594 competentibus
2699 5523 3022 5579 tradebatur
3057 5523 3295 5580 Sabbato
3334 5540 3483 5596 pra:-

1855 5615 2108 5671 cedente.
2155 5617 2316 5671 Nulla
2355 5616 2462 5670 hoc
2515 5615 2606 5671 die
2661 5615 2844 5686 passio
2884 5615 2945 5670 in
2993 5615 3364 5682 Lectionario,
3410 5631 3484 5669 ne

1853 5708 1995 5763 feria
2033 5709 2200 5764 tertia
2237 5709 2324 5764 vel
2369 5713 2570 5781 quarta
2605 5713 2894 5780 sequente,
2949 5709 3046 5763 sed
3084 5712 3304 5763 tantum
3343 5705 3481 5760 feria

1855 5804 2030 5856 sexta.
2061 5801 2120 5855 In
2147 5800 2356 5857 Ordine
2382 5801 2626 5873 quodam
2651 5800 3043 5868 vetustissimo,
3075 5814 3245 5870 quem
3269 5796 3329 5850 in
3348 5796 3478 5848 Ger-

1855 5893 2042 5951 mania
2059 5893 2393 5968 reperimus,
2418 5894 2490 5951 ad
2515 5894 2664 5952 hanc
2681 5892 3029 5950 Dominicam
3056 5887 3236 5962 passio
3272 5900 3472 5943 secun-
