3976 6434
444 377 546 442 487

1232 371 1563 432 APPENDIX
1599 369 1687 426 AD
1723 365 1942 424 OPERA
1980 359 2212 417 SANCTI
2251 355 2547 413 GERMANI
2585 349 3009 411 PARISIENSIS.

3719 337 3862 397 488

440 493 579 552 dum
618 487 940 548 Matthteum
981 483 1385 558 praescribitur,
1424 496 1621 537 rursus
1663 479 1721 534 in
1761 479 2056 532 Parasceve
2080 466 2338 554 Acarnis
2376 468 2698 535 assumptce,
2744 460 2888 516 sicut
2921 465 3166 514 aeternus
3200 459 3258 513 et
3290 452 3591 528 piissimus
3631 452 3855 517 Pater,

439 586 678 659 repetita
700 603 716 652 ;
741 587 936 654 quarta
961 597 1092 636 vero
1117 580 1257 634 feria
1281 577 1466 650 passio
1492 573 1802 630 secundum
1829 571 2056 624 Lucam.

441 681 582 738 Olim
609 679 666 732 in
697 675 984 731 Dominica
1011 674 1331 754 Palmarum
1357 670 1537 743 passio
1554 667 1846 740 legebatur
1865 665 1924 719 in
1946 679 2059 717 ma-

434 774 546 846 jori
573 775 796 826 tantum
828 787 1006 839 sacro,
1037 785 1156 824 non
1179 767 1239 822 in
1261 768 1491 839 privatis
1517 762 1721 819 missis.

439 878 652 936 XXXIII.
693 893 937 932 LEGENDA
975 891 1033 930 IN
1069 889 1364 928 AUTENTICA
1404 882 1742 932 nenoousnx,
1793 878 1947 918 FERIA
1998 877 2058 930 ιι,

1041 962 1109 1002 AD
1148 959 1466 999 MATUTINOS.

881 1035 1053 1086 Lectio
1088 1034 1303 1084 Danihel
1336 1030 1620 1096 pmphetaa.

515 1124 791 1193 Tempore
820 1119 936 1184 illo,
976 1134 1080 1188 ego
1117 1115 1370 1182 Danihel,
1402 1129 1534 1167 cum
1559 1125 1781 1164 orarem
1808 1111 1865 1163 et
1893 1104 2064 1160 conii-

442 1221 594 1272 terer
619 1219 845 1288 peccata
880 1229 1024 1279 mea,
1068 1215 1126 1265 et
1161 1213 1391 1282 peccata
1428 1205 1625 1278 populi
1672 1203 1784 1258 mei
1832 1199 2061 1264 Israhel,

443 1315 574 1378 etc.,
603 1327 770 1380 usque
796 1311 861 1364 Et
887 1322 1064 1378 usque
1099 1305 1170 1360 ad
1209 1299 1754 1358 consummationem
1795 1300 1851 1350 et
1893 1294 2065 1348 ﬁnem

445 1403 819 1478 perseveravit
843 1399 1148 1458 dissolatio.
1181 1398 1411 1468 (Daniel.
1436 1411 1512 1460 lx,
1541 1391 1744 1460 20-27.)

515 1513 780 1567 LEGENDA,
836 1512 992 1551 FERIA
1047 1512 1129 1560 III,
1170 1511 1238 1547 AD
1296 1504 1613 1557 MATUTINOS,
1666 1503 1722 1540 IN
1773 1498 2066 1539 AUTENTICA

1087 1580 1426 1619 HEBDOMADA.

859 1655 1033 1706 Lectio
1067 1652 1326 1703 Hierimize
1359 1649 1648 1712 prepbetze.

519 1744 568 1816 1
586 1742 714 1816 28
735 1745 858 1798 Haec
873 1741 1007 1796 dicit
1025 1738 1318 1794 Dominus:
1337 1737 1670 1791 Revertatur
1681 1729 2070 1800 unusquisque

445 1855 479 1894 ει
519 1839 609 1892 via
643 1855 742 1892 sua
783 1836 951 1902 mala,
999 1839 1128 1900 etc.,
1174 1847 1344 1900 usque
1390 1829 1652 1884 Animam
1698 1823 1963 1896 pauperis
2002 1821 2071 1875 de

443 1949 617 1988 manu
664 1932 964 1998 malorum,
1011 1928 1089 1982 ait
1131 1925 1400 1980 Dominus
1442 1925 1610 1977 Deus.
1656 1920 1868 1988 (Jerem.
1914 1933 2069 1982 xvm,

447 2026 633 2094 ll-23)
665 2025 866 2079 Deinde
893 2024 1276 2090 consequenter
1305 2037 1320 2072 :
1349 2014 1629 2070 Seduxisti
1659 2029 1772 2080 me,
1814 2009 2072 2075 Domine,

445 2123 501 2174 et
527 2118 787 2172 seductus
815 2133 961 2181 sum,
994 2118 1100 2169 etc.
1134 2113 1344 2182 (Ie-rem.
1374 2127 1488 2176 xrx,
1517 2106 1695 2175 7-13.)

579 2232 820 2270 ιΕῦΕΝΒΑ
859 2230 1015 2268 FERIA
1051 2228 1126 2278 IV,
1169 2227 1226 2264 ΙΝ
1263 2223 1561 2264 AUTENTICA
1599 2219 1939 2271 HEBDOMADA,

936 2297 948 2302 ’
1045 2300 1113 2336 ΑΒ
1154 2297 1474 2336 MATUTINOS.

873 2372 1047 2422 Lectio
1082 2369 1341 2420 Hierimize
1374 2365 1659 2430 prophetae.

517 2457 668 2512 Dixit
719 2453 1012 2510 Hierimias
1066 2469 1079 2506 :
1139 2453 1255 2521 Ego
1299 2449 1384 2503 vir
1431 2447 1626 2501 videns
1683 2445 2076 2515 paupertatem

444 2540 635 2608 meani
657 2550 714 2604 in
736 2549 893 2620 virga
929 2543 1336 2617 indignationis
1383 2545 1515 2608 tuae,
1558 2543 1688 2604 etc.,
1739 2552 1908 2606 usque
1945 2535 2076 2589 ldeo

445 2645 685 2717 sperabo
727 2639 1125 2698 misericordiae
1176 2635 1423 2703 Domini,
1486 2633 1566 2688 ait
1597 2631 1870 2687 Dominus
1909 2630 2072 2684 Deus.

447 2740 666 2808 (Thren.
700 2754 781 2804 ιιι,
818 2735 981 2805 1-22.)

523 2853 738 2910 XXXIV.
779 2867 1021 2906 LEGENDA
1061 2867 1119 2904 IN
1156 2864 1293 2903 cum
1331 2861 1520 2900 comm
1566 2859 1634 2896 AD
1676 2853 1998 2895 mrurmos.

984 2936 1160 2988 Lectio
1194 2933 1314 2985 libri
1347 2931 1530 2982 Exodi.

517 3027 794 3094 Tempore
821 3021 937 3087 illo,
967 3034 1160 3072 mense
1188 3015 1356 3071 tertio
1385 3009 1724 3084 egressionis
1763 3005 1975 3062 Israhel
2011 3005 2078 3060 de

449 3125 599 3175 terra
635 3115 880 3188 Egypti,
920 3113 980 3168 in
1016 3113 1105 3166 die
1149 3111 1254 3165 hac
1291 3108 1569 3161 venerunt
1601 3103 1673 3158 ad
1715 3100 2079 3156 solitudinem

2158 561 2354 615 creatis
2382 577 2412 612 a
2452 575 2510 613 se
2553 555 2974 627 redemptisque
3018 553 3144 606 liliis
3186 567 3344 622 spem
3387 548 3636 604 indultae
3683 547 3858 599 ado-

2159 654 2364 725 ptionis
2411 652 2686 723 aperiens,
2747 646 3230 718 substantiamque
3286 643 3448 698 nobis
3502 640 3858 705 cmlestcrn,

2158 752 2286 802 ante
2317 747 2465 800 diem
2493 762 2606 798 suae
2637 743 2832 797 mortis
2857 741 3168 810 assignans,
3199 742 3618 793 testamentum
3671 733 3862 796 fecit,

2160 858 2271 912 quo
2299 858 2404 895 nos
2443 839 2696 894 haeredes
2736 836 2804 889 ab
2854 836 2940 889 his
2981 849 3107 905 qua:
3153 832 3510 902 largi:~-batur
3547 827 3862 891 instituit,

2162 936 2410 990 humana
2437 933 2669 1004 quidem
2696 928 3134 1001 comparatione,
3167 926 3263 980 sed
3290 941 3400 978 non
3436 924 3708 976 humana
3734 935 3864 973 ne-

2163 1029 2413 1083 cessitate
2443 1044 2456 1081 :
2487 1043 2600 1080 non
2627 1023 2936 1078 amissurus
2975 1021 3126 1093 quod
3165 1020 3295 1073 iiliis
3335 1016 3680 1088 deputabat,
3735 1012 3865 1066 sed

2162 1122 2460 1176 habiturus
2489 1120 2672 1190 magis
2697 1118 2840 1172 tilios
2865 1133 2996 1170 cum
3024 1114 3350 1170 hazreditate
3379 1127 3556 1182 quam
3583 1107 3866 1178 scripse-

2165 1222 2270 1272 rat.
2337 1217 2758 1269 Testamentum
2803 1212 2909 1265 hoc
2964 1209 3319 1280 appellamus
3376 1205 3859 1259 Testamentum

2164 1311 2380 1363 Novum
2410 1324 2423 1362 :
2457 1307 2515 1362 in
2541 1323 2653 1378 quo
2694 1302 3064 1359 exhreredutis
3104 1299 3390 1365 omnibus,
3435 1297 3596 1351 solus
3641 1296 3864 1349 haeres

2166 1403 2479 1457 instituitur
2523 1399 2773 1471 populus
2818 1396 3190 1452 Christianus.
3243 1395 3365 1447 Non
3415 1396 3620 1445 autem
3661 1389 3864 1459 juxta

2165 1501 2458 1552 terrenum
2486 1509 2705 1547 morem
2734 1491 3031 1546 haereditas
3059 1489 3163 1542 ista
3204 1486 3499 1551 dividitur,
3542 1499 3658 1537 nec
3700 1498 3856 1536 cor-

2168 1589 2426 1660 ruptibili
2466 1585 2857 1642 distributione
2894 1584 2953 1637 in
2991 1583 3183 1653 plures
3226 1581 3481 1651 dispersa
3519 1580 3860 1631 tenuatur.

2171 1683 2378 1736 Omnes
2409 1680 2627 1751 recipit,
2657 1695 2852 1733 omnes
2895 1677 3126 1742 invitat;
3171 1691 3275 1727 nec
3313 1673 3382 1726 de
3421 1670 3701 1742 portione
3750 1674 3858 1722 tc-

2171 1781 2409 1829 nentum
2438 1775 2672 1840 tollitur,
2705 1771 2856 1844 quod
2883 1771 3004 1824 aliis
3035 1767 3396 1823 nascentibus
3427 1765 3777 1835 deputetur.
3821 1785 3856 1811 ››

2093 1854 2149 1926 Β
2173 1871 2238 1924 Et
2261 1871 2430 1935 infra.
2465 1866 2895 1936 («Agnoscamus
2931 1879 3082 1916 nunc
3123 1859 3364 1914 tideliter
3385 1873 3684 1912 summam
3723 1857 3861 1909 ha:-

2175 1961 2424 2016 reditatis
2450 1960 2712 2029 indeptae.
2748 1957 2885 2011 [llud
2914 1960 2996 2010 est
3022 1954 3303 2020 videlicet,
3348 1951 3505 2023 quod
3545 1949 3860 2004 coenanti-

2174 2055 2278 2108 bus
2305 2052 2568 2125 apostolis
2593 2051 2792 2106 aeterni
2817 2049 3103 2104 libaminis
3145 2047 3406 2101 ordinem
3451 2043 3858 2098 consecravit.

2177 2150 2368 2220 Itaque
2391 2147 2664 2212 videmus,
2699 2145 2849 2216 quod
2876 2143 3017 2197 nihil
3047 2141 3208 2194 nobis
3236 2141 3304 2194 de
3335 2137 3676 2192 substantiae
3718 2136 3864 2208 ple-

2175 2241 2434 2295 nitudine
2463 2239 2689 2307 minuit,
2723 2236 2997 2309 quiquod
3029 2251 3132 2305 pro
3164 2233 3326 2287 nobis
3369 2231 3714 2301 assumpsit,
3765 2235 3862 2284 to-

2175 2339 2297 2390 tum
2325 2333 2485 2387 nobis
2507 2331 2755 2402 reliquit.
2779 2330 2886 2384 Alii
2907 2328 3227 2384 haeredibus
3257 2325 3372 2380 suis
3399 2342 3501 2378 sua
3523 2325 3810 2379 tribuunt
3838 2340 3854 2389 ;

2176 2427 2267 2481 ille
2291 2426 2678 2498 semetipsum,
2715 2423 2771 2477 id
2800 2427 2882 2477 est
2908 2437 3136 2476 carnem
3174 2419 3260 2474 vel
3307 2418 3658 2488 sanguinem
3705 2433 3857 2470 cor-

2173 2521 2324 2592 poris
2352 2519 2459 2574 sui.
2490 2539 2518 2568 »
2543 2521 2727 2572 Aurea
2766 2517 2957 2584 verba,
2988 2533 3090 2570 nec
3127 2514 3320 2570 minus
3343 2512 3454 2566 tide
3486 2527 3673 2583 quam
3705 2527 3861 2566 con-

2176 2613 2445 2668 solatione
2475 2612 2659 2684 plena.

2263 2711 2494 2785 [XXXVL
2536 2725 2781 2764 LEGENDA
2819 2725 2886 2762 AD
2928 2724 3228 2762 nummos
3271 2722 3329 2760 IN
3368 2719 3743 2760 ransscevnn.

2664 2797 3002 2860 Evangelium
3039 2794 3333 2858 Johannis]

2274 2934 2588 2988 hominem.
2619 2931 2828 2986 Deinde
2857 2930 2992 2984 dicit
3021 2930 3071 2983 ei
3091 2945 3240 2982 unus
3255 2945 3324 2982 ex
3346 2928 3526 2982 servis
3547 2896 3860 2998 pontiﬁcis

2179 3032 2453 3098 cognatus
2515 3025 2656 3096 ejus,
2716 3025 2876 3094 cujus
2928 3023 3166 3076 abscidit
3227 3023 3426 3076 Petrus
3483 3021 3854 3075 auriculam.

2181 3123 2372 3175 Nonne
2402 3135 2508 3190 ego
2539 3125 2591 3174 te
2621 3118 2735 3172 vidi
2764 3117 2823 3171 in
2855 3122 2981 3171 ortu
3024 3132 3155 3170 cum
3193 3115 3329 3169 illo?
3375 3116 3444 3168 Et
3480 3119 3618 3186 post
3654 3115 3856 3185 pusil-

449 3213 620 3280 δίηδίν
652 3215 782 3275 etc"
814 3223 984 3277 usque
1028 3207 1096 3260 Et
1136 3207 1197 3258 “t
1232 3207 1419 3258 terror
1456 3198 1602 3296 illius
1641 3200 1784 3296 esset
1819 3195 1880 3248 in
1921 3192 2156 3296 vObis’c
2181 3216 2299 3269 lum
2348 3213 2602 3282 (Mittin),
2643 3214 2999 3266 accesserunt
3035 3209 3132 3279 qui
3179 3209 3420 3276 stabant,
3461 3214 3526 3262 et.
3561 3207 3858 3263 dixerunt

449 3311 507 3362 et
535 3323 652 3362 non
677 3301 982 3376 peccaretis
1007 3296 1271 3370 amplius.
1297 3293 1492 3366 (Brod.
1521 3307 1632 3357 χιχ,
1683 3294 1732 3359 t,
1770 3303 1937 3358 usque
1984 3303 2077 3355 xx,

448 3401 560 3471 20.)
600 3477 774 3528 Lectio
807 3473 973 3524 sancti
1003 3470 1275 3535 Evangelii
1309 3464 1596 3518 secundum
1631 3461 1944 3512 Mattbazum.

521 3563 726 3619 Diebus
752 3561 880 3628 illis,
909 3559 1050 3615 dixit
1077 3556 1350 3612 Dominus
1390 3554 1550 3607 Iesus
1587 3545 1875 3617 discipulis
1920 3543 2034 3598 suis
2067 3560 2080 3596 :

451 3659 614 3714 Scitis
639 3657 773 3730 quia
796 3659 921 3727 post
947 3653 1183 3708 biduum
1211 3647 1421 3704 Pascha
1447 3645 1657 3699 ﬁet.....
1686 3639 1965 3696 tumultus
1991 3637 2086 3692 ﬁe-

449 3757 535 3810 ret
565 3753 622 3807 in
647 3751 970 3823 p0pulo.....
1003 3745 1215 3816 (Matth.
1245 3757 1395 3808 xxvi,
1423 3739 1500 3809 2.)

836 3864 1016 3909 ΝΟΤιΕ
1058 3863 1134 3906 ΕΤ
1177 3852 1683 3905 OBSERVATIONES
1693 3881 1705 3892 .

523 3951 802 4004 Numerus
835 3941 1165 4013 marginalis
1203 3939 1357 3992 deest
1402 3935 1462 3989 in
1500 3932 1676 3988 tribus
1713 3928 1908 4001 primis
1941 3925 2082 3982 heb-

451 4042 705 4096 domadie
741 4041 947 4093 sanctae
987 4035 1163 4099 feriis,
1223 4031 1283 4085 in
1343 4028 1548 4100 quibus
1585 4025 1750 4080 unica
1788 4021 1972 4077 Lectio
2016 4019 2086 4074 ad

451 4134 769 4201 Matutinos,
788 4129 959 4186 nullae
985 4129 1054 4182 ad
1081 4126 1308 4180 missam
1329 4123 1709 4191 assignantur.
1729 4116 1892 4170 Nulla
1913 4113 2086 4169 etiam

451 4229 625 4284 missa
648 4227 738 4281 his
757 4224 956 4280 diebus
973 4225 1151 4276 exstat
1170 4219 1228 4273 in
1249 4215 1604 4280 Mozarabico,
1630 4227 1816 4282 neque
1839 4209 2010 4264 etiam
2027 4205 2087 4260 in

453 4322 750 4378 Gallicano.
781 4315 1139 4374 Hebdomada
1170 4316 1402 4367 vocatur
1426 4306 1770 4374 authentica,
1799 4306 1862 4358 ut
1879 4299 2090 4374 passim

454 4415 604 4487 apud
649 4411 1016 4478 Amalarium,
1064 4407 1314 4478 aliosque
1347 4419 1540 4459 rerum
1583 4395 2090 4456 ecclesiasticarum

453 4511 776 4580 scriptores.
805 4502 1175 4574 Evangelium
1195 4499 1244 4572 1
1261 4497 1387 4572 29
1410 4497 1565 4552 ferias
1588 4493 1802 4566 quintre
1823 4487 2090 4544 mutilum

453 4603 617 4658 estin
643 4599 842 4656 Codice
868 4601 1080 4666 nostro,
1113 4593 1381 4666 quoniam
1409 4589 1634 4646 avulsus
1661 4589 1745 4640 est
1768 4599 1918 4639 unus
1943 4596 2083 4652 qua-
2105 4593 2166 4666 D

452 4696 658 4760 ternio,
715 4694 776 4748 in
828 4709 941 4764 quo
1000 4689 1356 4745 habebantur
1409 4684 1698 4740 Lectiones
1739 4678 1811 4733 ad
1857 4675 2088 4730 missam

453 4792 637 4846 Crenas
664 4786 908 4855 Domini,
939 4790 994 4840 et
1021 4783 1093 4838 ad
1117 4780 1414 4838 Matutinos
1440 4777 1594 4834 feriae
1621 4777 1812 4840 sextae,
1841 4773 1906 4824 ut
1935 4767 2092 4823 colli-

453 4885 640 4955 gimus
663 4899 732 4938 ex
761 4895 938 4935 vacuo
966 4875 1175 4947 duplici
1203 4890 1464 4940 numero,
1495 4876 1551 4926 et
1577 4886 1644 4924 ex
1677 4862 1939 4937 sequenti
1973 4877 2084 4915 nu-

450 4994 608 5033 mero
634 4979 722 5042 37,
752 4974 852 5047 qui
878 4973 938 5027 in
969 4969 1154 5026 ofﬁcio
1186 4967 1446 5023 secundae
1476 4966 1632 5020 hora:
1657 4961 1727 5016 ad
1750 4973 1910 5013 oram
1931 4953 2092 5009 Codi-

451 5073 530 5127 cis
555 5069 876 5142 apponitur.
923 5067 984 5120 In
1025 5063 1214 5119 triduo
1261 5066 1391 5116 ante
1433 5058 1644 5113 Pascha
1689 5053 1758 5108 ad
1797 5047 2092 5106 Matutinos

453 5181 570 5220 non
597 5163 952 5234 legebantur,
979 5163 1045 5214 ut
1088 5157 1276 5224 modo,
1317 5153 1574 5210 Jeremite
1617 5142 2088 5209 Lamentationes,

453 5259 550 5313 sed
581 5272 693 5311 una
710 5255 876 5310 lectio
901 5271 969 5309 ex
1004 5250 1345 5324 praemissis;
1385 5264 1489 5303 nec
1525 5245 1710 5320 passio
1748 5235 1954 5296 Christi
1991 5235 2094 5288 Do-

454 5351 597 5406 mini
623 5353 753 5404 ante
779 5347 983 5404 feriam
1011 5350 1252 5402 sextam.

531 5445 820 5500 Dominicae
845 5442 1014 5498 Omna"
1040 5443 1184 5510 festa
1208 5440 1369 5492 vocat
1392 5432 1694 5505 Gregorius
1730 5431 1793 5486 in
1829 5431 1932 5487 lib.
1971 5447 2091 5496 vni,

457 5557 581 5611 cap.
613 5537 700 5593 43.
730 5536 835 5592 Alii
861 5537 1059 5593 Natale
1089 5533 1295 5592 colicis,
1341 5543 1454 5599 quo
1488 5526 1651 5582 titulo
1689 5524 1885 5579 Avitus
1926 5523 2091 5578 Vien-

454 5633 644 5688 nensis
667 5629 921 5703 pontifex
945 5639 1270 5683 sermonem
1299 5619 1516 5686 habuit,
1547 5617 1708 5688 cujus
1736 5617 1950 5688 aliquot
1973 5617 2089 5672 fra-

459 5729 691 5798 gmenta
713 5725 798 5780 vir
825 5723 898 5778 cl.
928 5720 1164 5778 Iacobus
1193 5713 1534 5770 Sirmundus
1558 5709 1828 5781 vulgavit.
1877 5710 2098 5780 lnsigne

451 5826 533 5874 est
575 5835 694 5891 prie
737 5815 955 5872 caeteris
992 5813 1383 5882 fragmentum
1421 5804 1678 5869 tertium,
1719 5803 1780 5858 in
1821 5819 1933 5876 quo
1976 5803 2098 5857 haec

452 5914 625 5969 verba.
655 5929 669 5968 :
697 5933 724 5961 «
749 5909 1094 5982 impleturus
1115 5903 1459 5977 Redemptor
1477 5901 1669 5956 noster
1684 5900 2099 5954 sacramentum

2187 3306 2378 3380 130
2407 3309 2568 3360 Petro
2603 3323 2616 3360 :
2648 3307 2786 3359 Vere
2817 3308 2872 3358 et
2897 3309 2955 3358 tu
2983 3319 3051 3356 ex
3079 3301 3193 3356 illis
3220 3318 3299 3369 es,
3331 3317 3468 3355 nam
3506 3307 3566 3356 et
3604 3301 3858 3372 loquilla

2183 3405 2279 3456 tua
2308 3399 2670 3454 manifestum
2700 3403 2754 3452 te
2785 3397 2934 3450 facit.
2964 3397 3118 3450 Tunc
3145 3395 3316 3464 coepit
3333 3395 3535 3464 jurare
3573 3400 3637 3449 et
3679 3395 3853 3450 dete-

2184 3500 2353 3562 stare,
2383 3493 2514 3565 quia
2540 3509 2656 3546 non
2681 3491 2928 3546 novisset
2953 3489 3268 3542 hominem.
3301 3489 3369 3542 Et
3396 3488 3684 3542 continuo
3722 3489 3854 3557 gal-

2184 3588 2270 3642 lus
2293 3586 2554 3640 cantavit.
2585 3587 2652 3639 Et
2685 3600 2984 3638 conversus
3020 3581 3293 3636 Dominus
3331 3581 3538 3635 .lhesus
3582 3583 3858 3653 respexit

2184 3683 2348 3736 Petro
2393 3679 2561 3750 (Luc.)
2601 3681 2666 3733 Et
2692 3677 3016 3732 recordatus
3053 3680 3136 3729 est
3163 3677 3362 3729 Petrus
3393 3675 3550 3728 verbi
3583 3676 3854 3730 Domini.

2183 3777 2312 3829 .Iesu
2339 3775 2488 3846 quod
2518 3773 2734 3827 dixerat
2764 3788 2777 3825 :
2805 3769 3139 3841 Priusquam
3172 3769 3354 3839 gallus
3382 3773 3595 3834 cantet,
3631 3773 3732 3824 ter
3759 3786 3856 3824 me

2186 3867 2436 3940 negabis.
2465 3867 2534 3920 Et
2557 3881 2818 3936 agressus
2849 3863 2995 3917 foras
3021 3862 3177 3917 ﬂevit
3205 3877 3399 3916 amare
3434 3863 3712 3934 (Matth.).

2290 3960 2528 4015 XXXVII.
2569 3974 2812 4013 LEGENDA
2851 3972 2920 4010 Αι)
2958 3972 3197 4010 SECVNDA
3241 3971 3297 4009 IN
3337 3971 3715 4011 ranascnvnn.

2763 4044 2922 4094 Esaiae
2957 4043 3242 4106 prophetas.
3615 4038 3630 4054 '

2253 4130 2393 4182 Ecce
2420 4126 2699 4198 intellegit
2726 4143 2918 4180 servus
2945 4141 3126 4192 meus,
3158 4128 3213 4178 et
3235 4122 3607 4190 exaltabitur,
3653 4129 3716 4180 et
3744 4125 3859 4180 ele-

2187 4222 2428 4290 vabitur,
2461 4223 2517 4274 et
2549 4219 2806 4273 sublimis
2849 4219 2976 4286 erit,
3025 4222 3155 4287 etc.,
3197 4233 3370 4286 usque
3405 4217 3513 4270 Pro
3549 4221 3860 4290 trangres-

2189 4316 2409 4370 scribus
2429 4313 2626 4369 oravit.
2655 4314 2782 4384 (Isa.
2812 4329 2907 4382 LII,
2932 4315 3016 4381 13,
3040 4327 3210 4381 usque
3239 4327 3357 4381 Lm,
3387 4313 3474 4381 l2,
3500 4313 3855 4381 quibusdam

2190 4410 2440 4478 omissis.)

2427 4517 2666 4555 LEGENDA
2706 4517 2774 4553 AD
2813 4516 3052 4554 SECUNDA
3093 4515 3149 4552 IN
3189 4513 3556 4552 PARASCEVEN.

2694 4587 3035 4650 Evangelium
3069 4589 3168 4636 Mat
3177 4585 3315 4636 tlizei.

2258 4673 2415 4727 Mane
2447 4674 2636 4725 autem
2666 4668 2832 4738 facto,
2861 4667 3156 4722 consilium
3188 4666 3444 4721 inierunt
3463 4683 3675 4723 omnes
3697 4669 3862 4740 prin-

2191 4767 2341 4838 cipes
2369 4764 2723 4818 sacerdotum
2743 4765 2799 4816 et
2827 4761 3074 4815 seniores
3099 4760 3298 4832 p0puli
3330 4761 3608 4814 adversus
3652 4763 3856 4817 Domi-

2189 4877 2332 4915 num
2361 4860 2572 4924 Jesum,
2604 4861 2670 4910 ut
2698 4871 2830 4910 eum
2856 4854 3026 4909 morti
3056 4855 3348 4908 traderent
3376 4870 3390 4907 :
3425 4859 3482 4908 et
3517 4854 3794 4912 vinctum
3822 4873 3853 4910 a

2189 4953 2402 5024 Caipha
2415 4951 2776 5006 adduxerunt
2795 4965 2948 5015 eum,
2975 4953 3028 5002 et
3052 4948 3630 5002 tradideruntPontio
3651 4951 3856 5020 Pylato

2192 5046 2440 5119 praesidi.
2469 5046 2624 5100 Tunc
2654 5043 2848 5097 videns
2888 5041 3054 5096 Judas
3095 5041 3194 5112 qui
3238 5057 3371 5095 eum
3416 5041 3662 5097 tradidit
3704 5043 3859 5115 quod

2193 5141 2490 5195 damnatus
2515 5143 2678 5206 esset,
2720 5135 3050 5208 poenitentia
3089 5134 3290 5188 ductus
3327 5135 3553 5190 rettulit
3597 5138 3859 5207 treginta

2192 5238 2488 5305 argenteos
2537 5230 2889 5302 principibus
2959 5229 3315 5283 sacerdotum
3381 5233 3438 5282 et
3503 5229 3855 5300 senioribus,

2194 5328 2384 5383 dicens
2412 5343 2426 5380 :
2459 5325 2688 5380 Peccavi
2712 5323 2943 5378 tradens
2987 5322 3327 5394 sanguinem
3356 5321 3609 5392 justum.
3659 5327 3735 5379 At
3772 5325 3854 5379 illi

2195 5421 2459 5476 dixerunt
2509 5435 2522 5473 :
2578 5418 2720 5482 Quid
2769 5417 2838 5470 ad
2885 5417 3024 5470 nos?
3082 5421 3144 5470 tu
3189 5415 3415 5470 videris.
3460 5417 3531 5469 Et
3576 5419 3857 5488 projectis

2194 5513 2475 5585 argenteis
2512 5512 2571 5567 in
2613 5511 2845 5582 templo,
2887 5509 3150 5578 recessit;
3192 5514 3250 5564 et
3289 5509 3489 5562 abiens
3539 5510 3756 5582 laqueo
3802 5529 3855 5567 se

2196 5607 2507 5679 suspendit.
2573 5603 2861 5674 Principes
2931 5608 3122 5657 autem
3181 5603 3546 5658 sacerdotum
3603 5608 3854 5678 acceptis

2195 5700 2478 5772 argenteis
2515 5699 2784 5754 dixerunt
2809 5713 2822 5751 :
2851 5697 2972 5751 Non
3000 5696 3131 5752 licet
3171 5712 3268 5750 eos
3293 5695 3524 5751 mittere
3555 5698 3622 5754 in
3656 5701 3854 5756 corba—

2195 5811 2331 5862 nan,
2377 5794 2507 5866 quia
2544 5790 2813 5864 pi‘zecium
2865 5789 3159 5860 sanguinis
3203 5793 3302 5842 est.
3354 5789 3613 5845 Consilio
3664 5799 3855 5848 autem

2198 5888 2360 5958 inito,
2410 5887 2672 5943 emerunt
2714 5900 2784 5940 ex
2827 5883 2936 5938 illis
2985 5897 3190 5955 agrum
3237 5881 3402 5954 ﬁguli
3450 5883 3510 5938 in
3558 5888 3850 5959 sepultura
