3976 6422
164 385 253 445 189

1258 401 1344 457 DE
1381 401 1691 459 LITURGIA
1726 398 2096 456 GALLICANA
2132 397 2327 455 LIBER
2366 399 2430 457 ll.

3413 403 3512 464 190

160 499 600 574 peregrinorum
635 517 652 559 :
687 510 932 578 prepter
975 509 1083 565 hoc
1127 515 1360 567 vocatus
1397 516 1483 567 est
1524 529 1663 584 ager
1703 513 1805 574 ille
1819 518 1877 592 Α
1897 507 2228 562 accusantes
2254 523 2407 562 eum.
2430 505 2666 579 Spraevit
2697 509 2890 565 autem
2919 507 3080 566 illum
3101 507 3352 567 Herodes
3383 527 3512 568 cum

156 595 604 664 Acheldemach,
642 601 806 670 quod
836 605 940 669 est,
991 619 1132 673 ager
1169 605 1481 676 sanguinis,
1515 624 1694 678 usque
1737 609 1794 663 in

158 688 500 744 hodiernum
542 691 726 747 diem.
767 695 921 749 Tunc
953 696 1252 767 impletum
1284 702 1369 753 est
1397 701 1552 770 quod
1582 701 1796 756 dictum

158 785 234 835 est
263 799 366 853 per
390 783 762 841 Hieremiam
797 789 1142 858 prophetam
1173 791 1458 847 dicentem
1495 810 1506 848 :
1540 795 1604 848 Et
1634 811 1794 848 acce-

156 877 355 946 perunt
406 879 679 946 treginta
753 885 1064 950 argenteos
1115 885 1379 954 praetium
1445 886 1791 956 adprzeciati,

158 985 316 1038 quem
353 969 872 1040 adpraeciaverunt
911 991 944 1029 a
973 975 1103 1030 filiis
1137 978 1369 1043 Israhel,
1413 982 1469 1032 et
1511 979 1796 1038 dederunt

156 1077 244 1115 eos
271 1062 328 1115 in
359 1077 579 1132 agrum
612 1066 800 1134 ﬁguli,
835 1068 976 1122 sicut
1009 1068 1150 1124 mihi
1176 1070 1452 1124 Dominus
1483 1073 1789 1126 constituit.

151 1155 299 1208 Iesus
338 1159 544 1210 autem
579 1159 744 1213 stetit
789 1164 923 1214 ante
955 1162 1279 1231 przesidem,
1320 1167 1379 1216 et
1423 1163 1794 1235 interrogavit

152 1262 273 1300 eum
303 1264 523 1318 praeses
549 1249 760 1305 dicens
792 1269 806 1306 :
833 1254 913 1307 Tu
943 1271 1004 1307 es
1030 1271 1126 1308 rex
1153 1255 1480 1310 Iudzeorum
1506 1256 1534 1310 ?
1563 1257 1708 1311 Dicit
1739 1255 1790 1311 ei

153 1336 419 1391 Dominus
464 1340 688 1393 Iesus:
733 1342 815 1395 Tu
863 1341 1019 1396 dicis.
1065 1343 1134 1396 Et
1176 1359 1304 1396 cum
1351 1347 1711 1398 accusaretur
1757 1363 1792 1399 a

152 1429 496 1500 principibus
533 1433 913 1487 sacerdotum
947 1438 1004 1488 et
1031 1434 1369 1502 senioribus,
1393 1437 1532 1490 nihil
1551 1453 1788 1508 respon-

151 1521 242 1576 dit.
285 1523 442 1577 Tunc
477 1523 629 1579 dicit
665 1526 745 1580 illi
779 1527 1010 1598 Pylatus
1043 1543 1056 1580 :
1089 1529 1211 1581 Non
1242 1529 1404 1582 audis
1435 1533 1649 1598 quanta
1687 1531 1786 1584 ad-

149 1630 364 1669 versum
403 1621 462 1670 te
497 1617 711 1672 dicunt
741 1619 1115 1674 testimonia?
1155 1621 1219 1674 Et
1256 1637 1372 1675 non
1411 1623 1710 1692 respondit
1737 1623 1787 1678 ei

151 1707 215 1762 ad
252 1709 416 1763 illum
464 1711 744 1780 verbum,
787 1711 870 1766 ita
909 1715 970 1766 ut
1014 1712 1322 1767 miraretur
1359 1730 1568 1785 praeses
1616 1716 1784 1769 vehe-

149 1805 384 1856 menter.

1897 603 2140 656 exercito
2167 619 2288 670 suo,
2322 605 2380 656 et
2403 603 2614 670 inlusit,
2645 608 2702 658 et
2725 604 2924 660 induta
2946 608 3098 660 veste
3117 607 3266 672 alba,
3295 608 3516 663 remisit

1895 695 1969 748 ad
1996 696 2272 766 Pylatum.
2302 697 2372 749 Et
2398 695 2530 750 facti
2562 700 2693 750 sunt
2717 697 2884 751 amici
2921 697 3172 752 Herodes
3199 701 3256 752 et
3285 701 3512 770 Pylatus

1895 786 1952 840 in
1984 787 2106 856 ipsa
2146 787 2257 853 die,
2291 804 2427 842 nam
2466 792 2638 842 antea
2684 788 2898 842 inimici
2941 793 3105 844 erant
3134 791 3206 844 ad
3246 791 3508 846 invicem.

1893 879 2118 949 Pylatus
2159 883 2349 934 autem
2388 881 2711 935 convocatis
2743 881 3093 952 principibus
3126 883 3506 950 sacerdotum,

1895 975 1952 1024 et
1977 972 2401 1040 magistratibus
2423 971 2614 1044 132
2635 977 2691 1026 et
2714 974 2902 1044 plebe,
2931 973 3067 1028 dixit
3089 975 3162 1029 ad
3193 975 3316 1029 illos
3350 992 3363 1031 :
3396 976 3505 1032 0b-

1892 1063 2069 1116 tulitis
2095 1063 2234 1118 mihi
2264 1065 2412 1118 hunc
2439 1065 2736 1119 hominem
2767 1065 2927 1136 quasi
2950 1070 3304 1122 avertentem
3335 1085 3510 1139 popu-

1894 1155 2030 1221 lum,
2047 1157 2104 1208 et
2120 1172 2248 1210 ecce
2270 1173 2377 1226 ego
2399 1173 2593 1212 coram
2614 1157 3144 1229 vobisinterrogans
3157 1161 3372 1215 nullam
3383 1177 3510 1216 cau-

1893 1263 2012 1300 sam
2030 1247 2258 1302 invenio
2281 1247 2338 1302 in
2359 1248 2590 1303 homine
2609 1249 2714 1304 isto
2738 1267 2803 1304 ex
2824 1251 2930 1316 his,
2954 1251 3012 1304 in
3034 1251 3239 1322 quibus
3261 1269 3392 1306 eum
3415 1269 3508 1308 ac-

1891 1339 2142 1393 cusastis.
2176 1341 2288 1394 Sed
2320 1357 2506 1411 neque
2546 1342 2815 1396 Herodes.
2849 1343 2991 1397 Nam
3019 1343 3240 1398 remisit
3268 1361 3400 1399 eum
3434 1345 3508 1400 ad

1890 1443 2022 1482 nos:
2047 1431 2103 1482 et
2123 1445 2252 1482 ecce
2273 1429 2512 1498 dignum
2533 1431 2702 1483 morti
2725 1429 2865 1484 nihil
2887 1435 3083 1502 aptum
3105 1435 3189 1486 est
3208 1432 3280 1487 ei.
3304 1435 3508 1488 Emen-

1890 1519 2086 1574 datum
2114 1537 2252 1590 ergo
2276 1521 2434 1576 illum
2462 1521 2766 1576 dimittam.
2787 1525 2896 1577 Per
2915 1523 3068 1578 diem
3091 1528 3283 1580 autem
3304 1526 3506 1580 solem-

1889 1629 2022 1666 nem
2055 1611 2291 1683 (Matth.)
2330 1618 2703 1668 consueverat
2731 1632 2940 1686 praeses
2975 1615 3261 1671 dimittere
3293 1617 3503 1688 pepulo

1889 1721 2066 1758 unum
2108 1705 2358 1760 vinctum
2401 1723 2573 1777 quem
2613 1707 2938 1762 voluissent.
2972 1709 3270 1763 Habebant
3312 1713 3505 1764 autem

1885 1802 2019 1854 tunc
2045 1801 2294 1854 vinctum
2317 1801 2620 1871 insignem,
2637 1803 2730 1872 qui
2755 1803 3050 1857 dicebatur
3069 1803 3373 1858 Barabbas.
3399 1803 3503 1867 Qui

212 1893 394 1967 131
455 1895 769 1968 Principes
814 1903 1006 1952 autem
1049 1899 1410 1954 sacerdotum
1438 1900 1637 1970 (Joan.)
1670 1879 2122 1963 noanropter
2171 1893 2512 1948 seditionem
2557 1895 2848 1964 quandam
2905 1895 3116 1950 factam
3160 1896 3220 1971 in
3279 1896 3501 1953 civitate

150 1987 484 2043 introierunt
519 1989 584 2044 in
631 1991 928 2061 praeturio,
976 1995 1038 2046 ut
1073 2009 1192 2046 non
1233 1993 1783 2060 contaminarentur,

152 2080 240 2134 sed
281 2081 724 2163 manducarent
763 2084 994 2154 pascha.
1033 2085 1212 2140 Exivit
1257 2101 1397 2153 ergo
1445 2087 1672 2155 Pylatus
1713 2086 1787 2140 ad

149 2189 237 2227 eos
261 2174 433 2242 foras,
465 2179 528 2229 et
552 2175 704 2230 dixit
737 2193 750 2231 :
781 2177 968 2241 Quam
996 2177 1418 2232 accusationem
1450 2178 1663 2232 effertis
1691 2179 1787 2234 ad-

149 2283 328 2322 versus
357 2269 677 2324 hominem
718 2270 874 2324 hunc
893 2270 922 2324 ?
961 2271 1402 2341 Responderunt
1435 2274 1494 2324 et
1523 2271 1787 2325 dixerunt

149 2359 195 2412 ei
223 2377 236 2414 :
263 2360 318 2416 Si
349 2377 470 2415 non
506 2366 673 2416 esset
712 2362 806 2416 hic
836 2363 1193 2430 malefactor,
1235 2380 1351 2418 non
1385 2363 1486 2417 tibi
1518 2364 1784 2418 tradidis-

151 2469 324 2508 semus
357 2471 516 2508 eum.
567 2454 727 2508 Dixit
759 2471 900 2525 ergo
932 2455 1014 2508 eis
1052 2457 1280 2526 Pylatus
1314 2473 1327 2510 :
1367 2456 1615 2527 Accipite
1651 2473 1784 2510 eum

149 2561 254 2610 vos,
280 2549 335 2600 et
351 2547 687 2602 secundum
706 2549 900 2616 legem
921 2552 1169 2602 vestram
1181 2548 1433 2618 judicate
1457 2565 1608 2602 eum.
1628 2548 1785 2602 Dixe-

150 2641 270 2692 runt
318 2655 460 2710 ergo
513 2639 570 2693 ei
621 2639 857 2694 Judaei:
904 2640 1076 2694 Nobis
1120 2656 1237 2694 non
1287 2639 1420 2694 licet
1460 2641 1781 2694 interficere

149 2745 488 2802 quenquam.
567 2733 651 2786 Ut
698 2748 893 2786 sermo
947 2731 1175 2787 Domini
1230 2733 1403 2787 Ihesu
1451 2732 1784 2803 impleretur

149 2838 304 2892 quem
331 2823 494 2890 dixit,
527 2823 877 2893 significans
907 2841 1022 2895 qua
1059 2827 1245 2878 morte
1275 2827 1424 2878 esset
1453 2825 1780 2878 moriturus.

150 2916 386 2970 Introivit
406 2932 554 2987 ergo
589 2917 812 2971 iterum
833 2917 1167 2986 prteturium
1201 2919 1446 2988 Pylatus,
1482 2919 1537 2970 et
1566 2917 1784 2971 vocavit

150 3007 215 3062 ad
240 3025 295 3063 se
325 3010 656 3064 Dominum
685 3009 944 3076 Jhesum,
979 3013 1034 3064 et
1065 3009 1205 3064 dixit
1230 3010 1280 3064 ei
1309 3011 1424 3064 :Tu
1455 3026 1515 3062 es
1549 3011 1664 3064 Rex
1685 3012 1782 3064 Iu-

150 3099 390 3156 dteorum
411 3103 440 3157 ?
471 3104 544 3156 Et
575 3101 890 3172 respondit
933 3101 982 3156 ei
1028 3101 1304 3157 Dominus
1339 3103 1540 3156 Ihesus
1571 3119 1584 3157 ς
1620 3103 1668 3156 Α
1699 3105 1780 3156 te-

149 3195 374 3265 metipso
402 3195 515 3250 hoc
538 3195 713 3260 dicis,
741 3211 816 3248 an
839 3195 934 3250 alii
959 3194 1062 3249 tibi
1089 3195 1355 3248 dixerunt
1385 3194 1454 3248 de
1479 3211 1572 3248 me
1591 3194 1618 3248 ?
1644 3195 1777 3248 Res-

151 3289 333 3357 pondit
363 3289 606 3360 Pylatus
645 3305 660 3342 :
691 3287 986 3358 Numquid
1025 3304 1132 3357 ego
1161 3288 1390 3342 Iudaeus
1427 3287 1593 3341 sum?
1634 3287 1782 3342 Gens

148 3385 234 3435 tua
261 3385 316 3436 et
344 3382 664 3452 pontifices
693 3379 1060 3434 tradiderunt
1088 3383 1143 3434 te
1179 3380 1339 3434 mihi.
1375 3379 1520 3444 Quid
1553 3380 1781 3434 fecisti?

149 3473 449 3545 Respondit
495 3473 793 3530 Dominus
833 3473 1072 3527 Ihesus:
1124 3475 1385 3543 Regnum
1429 3489 1624 3526 meum
1665 3489 1780 3527 non

149 3571 223 3622 est
259 3567 327 3622 de
359 3568 470 3623 hoc
498 3547 736 3622 mundo
773 3566 834 3621 Si
875 3566 945 3621 de
977 3567 1086 3620 hoc
1115 3565 1333 3620 mundo
1365 3568 1512 3619 esset
1537 3581 1782 3635 regnum

147 3677 346 3728 meum,
376 3661 642 3716 ministri
671 3661 789 3714 mei
818 3660 1012 3731 utique
1041 3660 1423 3727 decertarent,
1443 3663 1504 3714 ut
1521 3676 1636 3715 non
1664 3665 1779 3715 tra-

147 3753 300 3808 derer
319 3755 536 3809 Iudaeis
572 3772 586 3809 :
623 3770 784 3808 nunc
817 3757 1011 3808 autem
1037 3769 1282 3823 regnum
1310 3769 1504 3807 meum
1545 3771 1663 3807 non
1698 3757 1783 3808 est

148 3846 282 3901 hinc.
312 3847 462 3902 Dixit
491 3848 705 3918 itaque
734 3845 786 3900 ei
811 3847 1040 3916 Pylatus
1070 3863 1083 3900 :
1116 3847 1266 3915 Ergo
1296 3863 1393 3900 rex
1429 3862 1489 3899 es
1505 3849 1566 3900 tu
1585 3846 1613 3901 ?
1643 3846 1780 3900 Res-

149 3938 334 4008 pondit
378 3940 676 3995 Dominus
720 3939 965 3993 Ihesus:
1009 3939 1089 3992 Tu
1129 3938 1288 4004 dicis,
1336 3937 1470 4008 quia
1518 3955 1614 3998 rex
1654 3955 1779 3993 sum

150 4047 264 4100 ego.
289 4033 409 4103 Ego
435 4033 494 4087 in
513 4033 634 4086 hoc
670 4034 841 4086 natus
862 4047 1010 4096 sum,
1040 4034 1098 4085 et
1125 4031 1199 4085 ad
1225 4031 1334 4086 hoc
1362 4029 1492 4086 veni
1521 4031 1579 4086 in
1609 4048 1777 4086 mun-

147 4125 290 4196 dum,
339 4132 400 4183 ut
447 4127 864 4183 testimonium
908 4126 1245 4197 perhibeam
1288 4125 1532 4180 veritati.
1584 4127 1781 4183 Omnis

148 4219 232 4287 qui
259 4223 343 4274 est
371 4237 439 4275 ex
469 4219 750 4285 veritate,
779 4219 941 4274 audit
966 4235 1165 4274 vocem
1191 4235 1403 4273 meam.
1437 4218 1580 4273 Dicit
1605 4219 1655 4274 ei
1681 4221 1781 4290 Py-

148 4310 318 4367 latus:
353 4312 504 4378 Quid
555 4316 648 4367 est
685 4311 938 4366 veritas?
969 4313 1036 4366 Et
1075 4311 1197 4365 haec
1235 4327 1364 4365 cum
1405 4311 1653 4378 dixisset,
1680 4312 1782 4366 ite-

146 4420 262 4457 rum
301 4405 472 4459 exivit
509 4406 753 4476 Pylatus
781 4404 943 4460 foras
981 4404 1053 4458 ad
1091 4403 1336 4470 Iudaeos,
1379 4406 1437 4457 et
1475 4404 1612 4458 dixit
1654 4403 1775 4460 eis:

149 4495 253 4565 Ego
279 4499 500 4552 nullam
533 4513 779 4551 causam
801 4495 1034 4551 invenio
1061 4495 1121 4550 in
1155 4495 1391 4550 homine
1415 4496 1544 4551 isto.

1801 3239 1856 3313 C

1887 1984 2078 2056 (Luc.),
2108 1987 2164 2038 et
2206 1985 2601 2052 humicidium,
2629 1987 2832 2040 missus
2867 1988 3055 2041 fuerat
3093 1987 3150 2041 in
3192 2005 3499 2044 carcerem.

1885 2077 2260 2146 Congregatis
2281 2093 2418 2147 ergo
2448 2078 2554 2131 illis
2582 2077 2840 2149 (Matth.),
2865 2077 2998 2133 dicit
3027 2079 3253 2148 Pylatus
3282 2097 3295 2134 :
3321 2080 3503 2144 Quem

1884 2169 2049 2223 vultis
2074 2169 2359 2223 dimittam
2390 2170 2566 2238 vobis,
2595 2171 2912 2237 Barabban,
2943 2186 3015 2224 an
3034 2171 3266 2226 Jhesum
3293 2173 3389 2243 qui
3417 2172 3502 2226 di-

1884 2261 2030 2316 citur
2052 2261 2343 2316 Christus?
2363 2262 2590 2317 Sciebat
2609 2262 2762 2316 enim
2785 2263 2938 2333 quod
2969 2279 3073 2334 per
3093 2263 3366 2319 invidiam
3387 2267 3502 2318 tra-

1885 2353 2162 2408 didissent
2199 2370 2348 2408 eum.
2397 2355 2644 2410 Sedente
2689 2358 2881 2409 autem
2925 2356 3022 2415 illo
3062 2373 3165 2427 pro
3207 2357 3499 2424 tribunali,
3557 2367 3568 2373 ’

1883 2445 2035 2499 misit
2065 2446 2139 2500 ad
2168 2446 2328 2501 illum
2359 2463 2499 2502 uxor
2529 2447 2650 2517 ejus
2679 2447 2872 2502 dicens
2905 2465 2917 2502 :
2964 2449 3111 2502 Nihil
3141 2449 3242 2503 tibi
3271 2452 3328 2502 et
3345 2450 3500 2520 justo

1883 2538 2176 2604 illi,mu1ta
2208 2539 2362 2592 enim
2393 2555 2559 2609 passa
2585 2556 2710 2594 sum
2737 2540 2907 2594 hodie
2930 2557 3034 2611 per
3060 2541 3240 2595 visum
3265 2546 3502 2612 propter

1883 2647 2036 2686 eum.
2066 2631 2356 2702 Principes
2385 2635 2576 2686 autem
2603 2631 2964 2686 sacerdotum
2997 2636 3054 2688 et
3092 2633 3345 2688 seniores
3368 2651 3498 2705 per-

1883 2727 2183 2777 suaserunt
2200 2725 2408 2794 populo
2430 2727 2493 2778 ut
2508 2727 2770 2794 peterent
2789 2725 3106 2792 Barabban,
3120 2726 3350 2781 Jhesum
3365 2743 3498 2782 vero

1882 2815 2209 2886 perderent.
2231 2817 2602 2886 Respondens
2621 2819 2812 2871 autem
2838 2818 3033 2888 praesis
3055 2818 3288 2872 aitillis:
3317 2819 3500 2883 Quem

1881 2908 2046 2962 vultis
2073 2909 2230 2962 vobis
2257 2909 2326 2963 de
2356 2909 2576 2964 duobus
2605 2909 2852 2964 dimitti?
2877 2911 2948 2964 At
2965 2910 3043 2964 illi
3073 2911 3366 2967 dixerunt!
3403 2913 3502 2966 Ba-

1881 3001 2120 3056 rabban.
2158 3001 2302 3056 Dicit
2339 3001 2447 3056 illis
2484 3003 2751 3072 Pylatus:
2785 3003 2934 3066 Quid
2979 3003 3150 3074 igitur
3185 3003 3394 3058 faciam
3427 3005 3499 3059 de

1879 3094 2068 3160 Ihesu,
2104 3094 2201 3165 qui
2233 3094 2437 3150 dicitur
2466 3095 2760 3150 Christus?
2790 3096 2995 3150 Dicunt
3020 3113 3220 3151 omnes
3253 3113 3266 3150 :
3303 3097 3498 3152 Cruci-

1880 3187 2106 3256 ﬁgatur.
2152 3187 2246 3241 Ait
2279 3187 2387 3241 illis
2431 3187 2602 3242 tertio
2653 3189 2847 3260 praesis
2877 3188 3088 3259 (Lua):
3143 3189 3290 3254 Quid
3344 3189 3499 3245 enim
3607 3230 3614 3235 -

1880 3281 2030 3334 male
2057 3279 2234 3334 fecit?
2263 3281 2480 3334 nullam
2511 3297 2743 3335 causam
2768 3281 2968 3336 mortis
3000 3281 3225 3336 invenio
3257 3282 3314 3336 in
3343 3299 3496 3337 eum.

1880 3371 2194 3443 Corripiam
2241 3388 2378 3442 ergo
2423 3373 2585 3427 illum
2626 3377 2684 3427 et
2729 3373 3034 3428 dimittam.
3080 3377 3152 3428 At
3193 3374 3272 3428 illi
3315 3375 3498 3445 magis

1881 3466 2208 3521 clamabant
2239 3466 2529 3521 dicentes:
2561 3466 3214 3537 Cruciﬁgatur(Matth.).
3241 3468 3306 3521 Et
3339 3467 3497 3521 inva-

1878 3558 2156 3614 liscebant
2183 3575 2348 3613 voces
2379 3573 2578 3614 eorum
2607 3558 2800 3628 (Luc.).
2821 3558 3028 3620 Videns
3055 3562 3247 3613 autem
3270 3560 3499 3630 Pylatus

1881 3651 2034 3721 quod
2078 3651 2216 3706 nihil
2243 3651 2547 3721 proﬁceret
2581 3649 2836 3721 (Matth),
2871 3650 2970 3704 sed
3000 3651 3184 3719 magis
3223 3651 3497 3705 tumultus

1879 3743 2042 3798 ﬁeret
2071 3743 2128 3798 in
2158 3744 2390 3814 populo,
2426 3745 2659 3813 accepta
2689 3759 2840 3812 aqua
2866 3742 3002 3796 lavit
3033 3759 3258 3808 manus,
3300 3758 3496 3798 coram

1878 3837 2110 3906 populo,
2141 3835 2371 3891 dicens:
2401 3837 2680 3890 lnnocens
2712 3851 2818 3905 ego
2851 3851 2975 3893 sum
2998 3851 3032 3889 a
3062 3833 3340 3905 sanguine
3355 3835 3498 3904 justi

1878 3929 2066 4000 huius.
2099 3931 2208 3984 Vos
2244 3927 2516 3984 videritis.
2548 3929 2618 3983 Et
2661 3927 3016 3999 respondens
3055 3927 3350 3982 universus
3391 3945 3494 4000 po-

1878 4022 2044 4092 pulus
2070 4021 2208 4076 dixit
2241 4038 2254 4076 :
2291 4021 2536 4090 Sanguis
2578 4021 2700 4091 ejus
2729 4037 2899 4092 super
2920 4038 3042 4087 nos,
3077 4024 3134 4075 et
3163 4037 3334 4092 super
3351 4021 3497 4077 filios

1878 4117 2121 4170 nostros.
2151 4115 2305 4170 Tunc
2332 4113 2545 4169 dimisit
2563 4114 2672 4169 illis
2698 4113 3016 4170 Barabban.
3042 4115 3274 4170 Jhesum
3303 4117 3498 4170 autem

1877 4206 2232 4278 ﬂagellatum
2262 4207 2498 4262 tradidit
2534 4206 2634 4274 eis,
2663 4211 2725 4261 ut
2753 4207 3199 4278 cruciﬁgeretur.

2103 4310 2360 4364 XXXVIII.
2401 4325 2647 4364 LEGENDA
2687 4325 2804 4363 IPSA
2843 4325 2933 4362 me
2969 4325 3038 4362 AD
3077 4324 3265 4363 reucu

2299 4401 2476 4451 Lectio
2504 4401 2762 4450 Hierimite
2787 4399 3070 4464 prophetas.

1950 4485 2096 4550 Quid
2126 4489 2214 4540 est
2242 4485 2399 4556 quod
2429 4485 2665 4540 dilectus
2691 4501 2854 4539 meus
2881 4484 2940 4538 in
2983 4483 3156 4538 domo
3197 4499 3329 4538 mea
3361 4483 3497 4538 fecit

207 4591 271 4642 At
293 4591 371 4644 illi
398 4589 834 4644 invaliscebant
857 4589 1113 4644 dicentes
1139 4589 1312 4660 (Luc.)
1339 4605 1352 4644 :
1383 4590 1539 4643 Hunc
1559 4589 1777 4644 inveni-
1796 4597 1855 4669 D
1879 4581 2094 4634 scelera
2139 4579 2362 4633 Imma?
2391 4581 2522 4646 εἴθε»
2558 4593 2726 4647 usque
2755 4579 3063 4648 Properate
3100 4575 3174 4631 ad
3214 4575 3492 4632 άθνοΓδΠ·

149 4697 262 4735 mus
284 4684 727 4738 subvertentem
747 4686 984 4753 gentem
1002 4685 1278 4750 nostram,
1300 4685 1356 4736 et
1377 4682 1777 4752 prohibentem

1885 4671 2034 4726 dum.
2066 4673 2273 4742 (Jerem.
2301 4687 2376 4738 x1,
2413 4674 2610 4737 45-20;
2640 4687 2738 4738 xu,
2761 4670 2900 4740 7-9.)

149 4775 342 4830 tributa
363 4777 506 4832 dare
530 4776 772 4842 Caesari,
805 4778 863 4830 et
883 4775 1172 4830 dicentem
1189 4791 1250 4829 se
1269 4775 1554 4831 Christum
1579 4791 1778 4845 regem

148 4882 276 4921 esse.
319 4869 663 4925 Commovit
705 4869 1004 4938 populum,
1053 4867 1266 4922 docens
1313 4883 1418 4938 per
1455 4867 1778 4922 universam

147 4960 406 5029 Iudaeam,
439 4966 499 5016 et
535 4959 830 5032 incipiens
857 4975 892 5015 a
921 4960 1154 5016 Galilma
1181 4977 1362 5031 usque
1389 4960 1518 5014 huc.
1551 4961 1778 5031 Pylatus

149 5056 322 5108 autem
351 5055 606 5110 audiens
628 5053 945 5120 Galilaeam,
968 5053 1345 5124 interrogavit
1363 5053 1409 5108 si
1425 5053 1600 5108 homo
1627 5053 1775 5108 Gali-

151 5144 269 5199 lieus
303 5151 473 5202 esset.
519 5148 593 5201 Et
627 5149 695 5199 ut
721 5144 992 5216 cognovit
1019 5145 1176 5216 quod
1207 5145 1277 5199 de
1318 5146 1570 5200 Herodes
1613 5147 1774 5216 pote-

148 5240 274 5292 state
305 5244 476 5308 esset,
517 5237 755 5293 remisit
793 5254 926 5291 eum
964 5237 1038 5292 ad
1077 5237 1384 5304 Herodem,
1419 5237 1517 5309 qui
1560 5242 1618 5292 et
1655 5238 1775 5308 ipse

149 5329 539 5403 Hierosolymis
581 5331 716 5385 erat
759 5329 817 5384 in
858 5329 966 5384 illis
1006 5329 1225 5384 diebus.
1277 5329 1526 5384 Herodes
1583 5333 1775 5384 autem

145 5421 247 5476 viso
280 5424 530 5480 Domino
573 5423 777 5486 Ihesu,
827 5422 1052 5490 gavisus
1092 5425 1178 5476 est
1215 5422 1398 5477 valde.
1439 5423 1574 5478 Erat
1619 5422 1774 5478 enim

147 5516 360 5584 cupiens
407 5535 478 5573 ex
519 5517 716 5571 multo
760 5517 1022 5586 tempore
1065 5515 1244 5570 vidire
1303 5532 1456 5581 eum,
1505 5531 1574 5570 eo
1620 5515 1775 5586 quod

147 5606 354 5665 audiret
378 5611 571 5666 multa
603 5607 684 5664 de
722 5606 840 5674 illo,
873 5609 932 5662 et
969 5607 1239 5678 sperabat
1271 5608 1503 5679 signum
1541 5607 1774 5678 aliquod

146 5699 307 5755 vidire
335 5703 404 5757 ab
447 5719 520 5758 eo
552 5699 708 5757 fieri.
743 5699 1123 5770 Interrogavit
1151 5703 1344 5756 autem
1379 5701 1540 5755 illum
1579 5699 1774 5756 multis

147 5795 490 5850 sermonibus
519 5811 534 5850 :
558 5796 624 5848 at
653 5793 783 5863 ipse
811 5791 950 5846 nihil
980 5792 1369 5862 respondebat
1397 5791 1495 5847 illi.
1532 5791 1774 5847 Stabant

149 5889 320 5942 autem
354 5888 656 5960 principes
702 5883 1068 5940 sacerdotum
1107 5888 1164 5940 et
1207 5884 1404 5944 scribae
1444 5886 1772 5940 constanter

2448 4789 2570 4827 ῙΤΕΜ
2613 4789 2682 4828 ΔΙ)
2720 4789 2928 4826 TERCIA.

2357 4865 2652 4916 Secundum
2686 4864 3000 4915 Matthzeum.

1950 4949 1998 5020 1
2013 4947 2140 5022 33
2156 4949 2356 5006 Milites
2375 4950 2631 5022 praesidis
2653 4949 3022 5020 suscipientes
3043 4947 3348 5002 Dominum
3369 4948 3496 5004 Ihe-

1875 5059 2002 5124 sum
2033 5042 2090 5098 in
2123 5044 2472 5114 praetorium,
2491 5045 2986 5115 congregaverth
3011 5041 3084 5096 ad
3105 5058 3238 5096 eum
3268 5042 3492 5097 univer-

1876 5153 2000 5190 sam
2021 5135 2337 5205 cohortem,
2370 5141 2428 5192 et
2447 5141 2717 5192 exuentes
2739 5153 2871 5190 eum
2890 5135 3242 5190 vestimentis
3259 5135 3391 5204 suis,
3415 5135 3496 5192 in-

1877 5229 2126 5284 duerunt
2144 5246 2276 5284 eum
2295 5229 2534 5284 loricam
2544 5245 2911 5301 purpoream,
2932 5233 2991 5284 et
3003 5228 3310 5294 clamidem
3323 5229 3498 5285 cocci-

1875 5340 2044 5378 neam
2093 5323 2594 5377 circumdederunt
2623 5323 2674 5377 ei
2709 5339 2722 5378 :
2770 5325 2828 5377 et
2869 5324 3184 5394 plectentcs
3221 5339 3494 5378 coronam

1875 5416 1946 5472 de
1975 5417 2169 5487 spinis,
2191 5419 2504 5487 posuerunt
2531 5433 2704 5488 super
2727 5419 2900 5488 caput
2915 5416 3057 5488 ejus,
3075 5421 3133 5471 et
3153 5416 3494 5473 arundinem

1873 5509 1932 5565 in
1972 5509 2204 5565 dextera
2230 5509 2370 5581 ejus,
2405 5512 2464 5563 ct
2490 5526 2644 5580 genu
2667 5509 2814 5564 ﬂexu
2841 5513 2974 5564 ante
3006 5526 3138 5564 eum
3160 5509 3496 5564 inludebant

1874 5601 1924 5657 ei
1959 5602 2210 5658 dicentes
2238 5620 2252 5659 :
2281 5604 2450 5669 Have,
2484 5619 2581 5658 rex
2597 5591 2946 5670 Iudazorum,
2975 5606 3034 5659 et
3058 5603 3276 5658 dabant
3298 5602 3350 5658 ei
3372 5601 3490 5672 pal-

1871 5711 2024 5750 mas:
2049 5698 2107 5748 et
2130 5699 2441 5766 expuentes
2461 5696 2519 5750 in
2541 5712 2694 5762 eum,
2715 5695 3071 5768 accipiebant
3084 5694 3486 5757 harundinem,

1872 5790 1932 5841 et
1971 5788 2377 5858 percuciebant
2417 5793 2588 5860 caput
2631 5790 2770 5859 ejus.
2811 5788 2988 5843 Exivit
3021 5790 3214 5842 autem
3261 5785 3486 5854 Pylatus

1871 5881 2023 5938 foras
2068 5881 2288 5954 (Joan.),
2327 5885 2382 5937 et
2427 5881 2562 5937 dixit
2603 5881 2810 5938 Iudaeis
2847 5899 2864 5936 ς
2909 5882 3048 5934 Ecce
3093 5877 3312 5932 adduco
3355 5889 3485 5928 eum
