3976 6414
415 361 506 421 191
1194 361 1528 419 APPENDIX
1565 361 1653 416 AD
1689 362 1910 417 OPERA
1947 355 2179 416 SANCTI
2221 359 2518 415 GERMANI
2556 353 2980 414 PARISIENSIS.

3702 355 3808 414 492

408 471 584 539 foras,
617 469 680 526 ut
703 469 1082 542 cognuscatis,
1113 470 1247 542 quia
1281 486 1397 526 non
1429 470 1658 525 invenio
1687 469 1744 524 in
1775 486 1844 524 eo
1867 471 2040 524 ullam
2064 482 2121 554 Α
2143 470 2336 523 autem
2356 467 2586 522 titulum
2617 469 2846 539 Pylatus
2876 464 3099 539 (Imm),
3130 467 3190 523 et
3232 463 3426 539 posuit
3453 483 3640 538 super
3668 482 3806 522 cru-

411 582 660 621 causam.
703 565 846 620 Exiit
887 580 1026 634 ergo
1051 565 1328 620 Dominus
1371 565 1574 620 Jhesus
1613 565 1786 630 foras,
1822 564 2040 618 habens

411 660 670 730 spineam
711 674 985 722 coronam
1018 661 1076 712 et
1107 675 1460 729 purporeum
1505 658 1928 712 vestimentum.
1974 659 2042 710 Et

412 752 546 806 dicit
586 751 666 805 eis
700 753 928 822 Pylatus
958 769 971 806 :
1000 753 1146 806 Ecce
1185 753 1382 807 homo.
1421 753 1563 807 Cum
1603 769 1741 821 ergo
1769 751 2043 804 vidissent

411 861 542 900 eum
591 844 890 916 pontifices
941 847 999 897 et
1046 844 1311 910 ministri,
1360 844 1688 898 clamabant
1737 844 2038 898 dicentes:

407 937 706 1008 Cruciﬁge,
741 937 1028 1007 crucifige.
1054 937 1197 992 Dicit
1228 938 1308 991 eis
1335 939 1565 1009 Pylatus
1600 955 1612 991 :
1635 937 1886 1008 Accipite
1910 953 2042 990 eum

407 1047 526 1097 vos,
579 1034 638 1084 et
681 1030 1043 1100 crucifigite:
1091 1047 1200 1101 ego
1239 1031 1396 1085 enim
1442 1048 1559 1086 non
1602 1030 1830 1086 invenio
1871 1031 1930 1084 in
1975 1047 2042 1085 eo

409 1141 663 1180 causam.
694 1124 1139 1194 Responderunt
1167 1125 1223 1178 ei
1247 1125 1429 1181 Judaei
1458 1142 1472 1180 :
1505 1127 1618 1179 Nos
1648 1126 1838 1195 legem
1865 1124 2039 1178 habe-

411 1229 559 1284 mus,
593 1222 649 1272 et
693 1217 1008 1272 secundum
1053 1219 1243 1288 legem
1271 1218 1445 1272 debet
1474 1218 1643 1284 mori,
1690 1218 1826 1289 quia
1864 1217 2043 1271 tilium

412 1311 513 1366 Dei
543 1328 603 1365 se
632 1311 784 1365 fecit.
825 1312 968 1366 Cum
1019 1327 1159 1381 ergo
1191 1311 1444 1365 audisset
1486 1313 1714 1382 Pylatus
1751 1311 1901 1364 hunc
1933 1327 2045 1363 ser-

410 1420 668 1470 monem,
700 1403 886 1474 magis
916 1403 1126 1471 timuit,
1165 1408 1222 1458 et
1255 1404 1547 1475 ingressus
1578 1408 1663 1458 est
1687 1403 2040 1474 prazturium.

410 1499 624 1552 lterum
669 1496 804 1550 dicit
851 1497 924 1551 ad
970 1486 1278 1551 Dominum
1313 1497 1547 1552 Jhesum
1574 1515 1587 1552 :
1619 1497 1780 1552 Unde
1831 1513 1893 1550 es
1933 1496 2043 1550 tu?

409 1593 612 1648 Jhesus
655 1596 846 1646 autem
885 1609 1224 1662 responsum
1268 1608 1383 1646 non
1423 1591 1584 1646 dedit
1611 1591 1682 1646 ei.
1729 1591 1875 1646 Dicit
1903 1607 2042 1662 ergo

413 1685 465 1739 ei
496 1686 723 1754 Pylatus
753 1701 766 1738 :
797 1685 928 1738 Mihi
960 1701 1075 1739 non
1107 1684 1399 1756 loqueris?
1431 1685 1614 1738 nescis
1640 1684 1774 1755 quia
1801 1687 2044 1756 potesta-

409 1780 529 1832 tem
559 1777 744 1831 habeo
776 1776 1109 1847 crucifigere
1147 1781 1236 1844 te;
1267 1781 1326 1831 et
1367 1781 1712 1848 potestatem
1739 1778 1925 1832 habeo
1956 1777 2040 1830 di-

2143 577 2288 615 cem.
2343 561 2476 615 Erat
2515 564 2710 614 autem
2761 561 3072 616 scribtum:
3119 563 3280 616 Jesus
3324 563 3672 617 Nazarenus
3702 578 3809 616 rex

2138 655 2486 709 Judzeorum.
2517 655 2675 708 Hunc
2707 671 2846 725 ergo
2888 655 3117 709 titulum
3161 655 3328 710 multi
3377 657 3666 726 legerunt
3703 656 3807 709 Ju-

2144 748 2421 813 dieorum,
2455 747 2588 818 quia
2615 764 2793 818 prope
2820 747 3108 802 civitatem
3142 752 3267 803 erat
3295 750 3455 804 locus
3483 749 3587 803 ubi
3617 747 3812 804 cruci-

2143 842 2282 894 ﬁxus
2331 843 2418 894 est
2465 840 2742 895 Dominus
2793 842 3014 896 Jhesus.
3071 843 3138 896 Et
3185 846 3309 896 erat
3350 843 3644 914 scriptum
3701 843 3812 896 He-

2141 934 2352 1001 braice,
2387 935 2583 1001 Grece,
2617 938 2673 989 et
2702 934 2921 989 Latine.
2955 935 3234 990 Dicebant
3261 953 3402 1007 ergo
3425 938 3635 1007 Pylato
3658 953 3813 1007 pon-

2143 1027 2321 1082 tiﬁces
2361 1027 2693 1083 Iudaeorum
2722 1045 2735 1083 :
2769 1027 2892 1082 Noli
2933 1029 3202 1096 scribere,
3251 1029 3370 1084 Rex
3405 1030 3810 1096 Judzeorum;

2143 1121 2244 1174 sed
2270 1121 2404 1192 quia
2431 1121 2549 1192 ipse
2576 1121 2734 1188 dixit,
2765 1122 2881 1176 Rex
2920 1139 3045 1176 sum
3074 1122 3430 1178 Iudaeorum.
3466 1124 3816 1195 Respondit

2142 1215 2412 1284 Pylatus:
2467 1215 2631 1278 Quod
2679 1214 2892 1282 scribsi,
2942 1216 3156 1270 scribsi.
3205 1217 3406 1271 Milites
3452 1233 3602 1288 ergo
3667 1233 3814 1272 cum

2144 1307 2550 1361 cruciﬁxissent
2592 1308 2906 1363 Dominum
2954 1311 3170 1376 Jesum,
3214 1315 3570 1381 acceperunt
3621 1310 3812 1366 vesti-

2146 1404 2344 1454 menta
2382 1401 2524 1472 ejus,
2557 1405 2614 1455 et
2651 1403 2913 1456 fecerunt
2952 1407 3202 1474 quatuor
3225 1407 3440 1474 partes,
3475 1404 3814 1476 unicuique

2145 1493 2309 1548 militi
2330 1497 2578 1565 partem,
2604 1498 2660 1549 et
2689 1496 2896 1550 tonica.
2922 1497 3057 1550 Erat
3077 1500 3274 1552 autem
3302 1497 3499 1552 tonica
3524 1498 3816 1554 inconsu-

2144 1586 2289 1653 tiles,
2322 1587 2569 1659 desuper
2611 1592 2877 1643 contexta
2921 1607 3025 1660 per
3069 1593 3278 1646 totum.
3321 1592 3610 1648 Dixerunt
3657 1610 3813 1665 ergo

2145 1680 2218 1733 ad
2240 1680 2484 1736 invicem
2510 1699 2523 1736 :
2547 1683 2670 1736 Non
2693 1683 3020 1738 scindamus
3046 1701 3198 1752 eam,
3232 1685 3334 1740 sed
3362 1687 3702 1742 sorciamur
3737 1688 3813 1742 de

2144 1771 2238 1826 illa
2260 1773 2419 1843 cujus
2446 1775 2534 1841 sit,
2557 1779 2617 1829 ut
2637 1777 2918 1831 scribtura
2939 1775 3278 1848 impleretur
3307 1779 3509 1833 dicens
3544 1797 3557 1836 :
3593 1781 3817 1836 Partiti

409 1869 638 1924 mittere
678 1870 774 1924 te?
797 1870 1114 1941 Respondit
1143 1871 1420 1924 Dominus
1447 1871 1685 1926 Jhesus:
1713 1872 1838 1925 Non
1864 1871 2041 1924 habe-
2064 1849 2120 1920 B
2145 1871 2276 1919 sunt
2301 1868 2642 1924 vestimenta
2668 1887 2800 1924 mea
2827 1869 2950 1938 sibi,
2976 1873 3033 1925 et
3058 1871 3116 1925 in
3146 1875 3365 1927 vestem
3394 1889 3598 1928 meam
3630 1875 3818 1929 mise-

409 1980 502 2018 res
547 1965 893 2034 potestatem
936 1963 1208 2017 adversus
1251 1980 1346 2017 me
1390 1965 1586 2031 ullam,
1621 1963 1728 2017 nisi
1763 1963 1867 2017 tibi
1898 1967 2048 2018 esset
2143 1962 2278 2014 runt
2316 1965 2550 2016 sortem.
2585 1963 2653 2016 Et
2695 1964 2962 2018 sedentes
3003 1966 3310 2020 servabant
3358 1983 3494 2020 eum
3525 1968 3810 2039 (Matth.).

413 2057 613 2111 datum
647 2055 912 2126 desuper.
931 2057 1244 2126 Propterea
1269 2057 1366 2127 qui
1397 2057 1572 2110 tradit
1591 2073 1685 2110 me
1717 2056 1840 2124 tibi,
1861 2057 2046 2126 majus

411 2152 712 2220 peccatum
738 2149 932 2202 habet.
957 2150 1026 2202 Et
1051 2149 1252 2202 exinde
1282 2151 1576 2220 quaerebat
1601 2151 1830 2220 Pylatus
1860 2150 2045 2204 dimit-

409 2245 534 2296 tere
578 2257 730 2296 eum.
775 2240 958 2296 Judaei
1006 2245 1199 2296 autem
1249 2243 1596 2310 clamabant,
1646 2242 1945 2297 dicentes:
1987 2243 2044 2298 Si

411 2331 856 2402 hunc'dimittis,
881 2351 998 2389 non
1027 2351 1088 2389 es
1119 2334 1336 2389 amicus
1363 2335 1620 2391 Cwsaris.
1645 2335 1844 2390 Omnis
1866 2335 1960 2408 qui
1985 2353 2044 2389 se

411 2443 611 2499 regem
642 2427 797 2496 facit,
841 2428 1183 2483 contradicit
1222 2428 1452 2484 Caesari.
1479 2430 1710 2500 Pylatus
1745 2446 1882 2500 ergo
1913 2445 2044 2482 cum

411 2521 662 2576 audisset
690 2522 796 2576 hos
821 2538 1136 2589 sermones,
1169 2521 1376 2576 iterum
1406 2523 1641 2576 adduxit
1669 2523 1824 2577 foras
1849 2521 2041 2577 Domi-

411 2631 549 2670 num
570 2615 825 2682 Jhesum,
855 2617 912 2669 et
938 2615 1089 2669 sedit
1103 2603 1208 2686 pro
1233 2615 1529 2682 tribunali,
1558 2619 1613 2670 et
1637 2615 1773 2669 dicit
1794 2615 2004 2670 Iudaeis
2028 2632 2042 2669 :

408 2709 548 2762 Ecce
571 2725 670 2762 rex
695 2710 900 2762 vester.
933 2708 1016 2761 llli
1045 2711 1239 2762 autem
1269 2709 1600 2763 clamabant
1631 2725 1644 2762 :
1676 2710 1852 2776 Tolle,
1885 2709 2042 2774 tolle,

409 2801 676 2871 crucifige
710 2818 862 2854 eum.
893 2801 1041 2854 Dixit
1089 2801 1170 2854 eis
1211 2802 1442 2871 Pylatus
1475 2818 1488 2855 :
1533 2803 1748 2871 Regem
1793 2804 2045 2855 vestrum

409 2893 743 2963 crucifigam
760 2893 788 2948 ?
811 2893 1251 2964 Responderunt
1274 2893 1601 2964 pontifices:
1626 2896 1748 2948 Non
1766 2895 2045 2950 habemus

409 3003 611 3057 regem
644 2986 750 3040 nisi
779 2987 1084 3041 Caesarem.
1111 2988 1266 3041 Tunc
1298 3004 1436 3057 ergo
1473 2987 1707 3042 tradidit
1734 2988 1816 3041 eis
1848 2989 2044 3042 Domi-

412 3096 553 3134 num
580 3080 817 3134 Jhesum
856 3082 918 3134 ut
952 3079 1400 3150 crucifigeretur.
1435 3080 1818 3152 Suscipientes
1851 3085 2044 3136 autem

2146 2053 2388 2107 Stabant
2431 2058 2624 2109 autem
2653 2056 2817 2126 juxta
2848 2073 3078 2112 crucem
3113 2059 3344 2114 Domini
3386 2060 3570 2115 Jhesu
3607 2066 3816 2117 mater

2146 2147 2268 2216 ejus
2293 2147 2516 2217 (Joan.),
2540 2152 2598 2201 et
2624 2167 2788 2204 soror
2813 2151 3014 2205 matris
3036 2151 3178 2222 ejus,
3205 2151 3254 2224 1
3432 2154 3618 2208 Maria
3641 2156 3817 2211 Cleo-

2146 2256 2230 2310 pte
2255 2241 2498 2295 etMaria
2522 2242 2892 2312 Magdalcnae.
2918 2245 3058 2300 Cum
3079 2261 3218 2316 ergo
3244 2246 3485 2301 vidisset
3509 2248 3815 2304 Dominus

2143 2333 2344 2387 Jhesus
2375 2339 2642 2403 matrem,
2665 2339 2722 2390 et
2751 2336 3094 2408 discipulum
3115 2342 3366 2394 stantem
3385 2357 3568 2412 quem
3597 2343 3818 2414 dilige-

2145 2425 2262 2494 bat,
2293 2427 2430 2481 dicit
2461 2429 2630 2483 matri
2657 2446 2772 2484 suze
2799 2431 3032 2485 :Mulier
3051 2449 3183 2486 ecce
3207 2433 3357 2487 ﬁlius
3389 2438 3544 2490 tuus.
3573 2436 3814 2492 Deinde

2147 2518 2281 2572 dicit
2311 2520 2587 2592 discipulo
2626 2540 2638 2577 :
2690 2524 2830 2579 Ecce
2880 2529 3069 2578 mater
3117 2530 3233 2580 tua.
3287 2527 3355 2581 Et
3385 2545 3454 2582 ex
3502 2529 3610 2584 illa
3656 2531 3816 2586 hora

2147 2613 2367 2684 accepit
2399 2631 2528 2669 eam
2564 2615 2872 2687 discipulus
2912 2617 2970 2673 in
3010 2635 3131 2674 sua.
3179 2621 3334 2674 Tunc
3381 2623 3820 2681 cruciﬁxerunt

2146 2720 2275 2759 cum
2317 2723 2384 2761 eo
2431 2707 2573 2762 duos
2622 2710 2876 2764 latrones
2925 2711 3188 2784 (Matth.),
3222 2731 3371 2768 unus
3419 2732 3452 2769 a
3486 2715 3721 2772 dextris
3756 2721 3819 2774 et

2147 2816 2292 2853 unus
2341 2817 2374 2854 a
2419 2801 2700 2857 sinistris:
2750 2804 2963 2859 Medius
3013 2809 3208 2861 autem
3255 2807 3541 2863 Dominus
3593 2812 3816 2866 Jhesus

2147 2892 2368 2962 (Joan.).
2416 2894 2484 2946 Et
2528 2894 2842 2966 adimpleta
2881 2901 2966 2951 est
3014 2899 3294 2954 scribtura
3333 2918 3461 2972 quas
3505 2902 3705 2959 dicit:
3743 2907 3818 2961 Et

2145 3002 2274 3039 cum
2319 2985 2530 3058 iniquis
2577 2980 2875 3060 reputatus
2920 2994 3006 3044 est
3055 2993 3292 3064 (Marc.).
3341 2995 3551 3049 Jhesus
3601 3004 3814 3054 autem

2147 3077 2410 3134 dicebat:
2441 3083 2611 3135 Pater
2653 3082 2876 3137 dimitte
2918 3085 3046 3153 illis,
3079 3103 3194 3141 non
3229 3088 3388 3142 enim
3431 3089 3634 3144 sciunt
3663 3093 3816 3164 quid

412 3172 721 3228 Dominum
739 3173 975 3227 Jhesum
998 3172 1543 3245 (Matth.),cxuerunt
1563 3191 1695 3228 eum
1714 3175 2040 3243 clamidem,
2065 3217 2120 3292 Ο
2144 3172 2362 3227 faciunt
2386 3173 2582 3245 (Luc.).
2615 3176 3032 3232 Praetereuntes
3060 3183 3254 3234 autem
3297 3181 3818 3253 blasphemabant

414 3270 466 3292 ..ι
506 3266 818 3292 ε..,1.-,...-...ι
868 3283 995 3292 ...ι-..ι
1047 3266 1398 3292 -.Αηιε-Ὰλκιζ-
1444 3266 1553 3292 ---2η
1617 3269 1681 3292 τη
1731 3268 2042 3292 ,λη---.η-Δ.
2148 3265 2483 3292 Α---ν-ΙἏΙΑιιι.
2515 3268 2529 3292 \
2573 3273 2865 3292 M---.--‘l-x
2896 3272 3067 3292 __-_s_'l-
3098 3289 3182 3292 nn,
3227 3278 3268 3292 γι
3313 3275 3348 3292 I'
3473 3280 3483 3292 ι
3609 3265 3688 3292 ἰφ
3735 3281 3749 3292 1
3797 3281 3810 3292 ι

411 3270 468 3320 et
506 3266 819 3320 induerunt
865 3283 998 3320 eum
1047 3266 1402 3321 vestimentis
1443 3266 1574 3322 suis.
1617 3269 1686 3322 Et
1725 3268 2046 3323 eduxerunt

411 3376 544 3414 eum
571 3360 927 3430 bajolantem
961 3359 1065 3414 sibi
1110 3377 1360 3427 crucem,
1395 3363 1456 3414 ut
1484 3361 1888 3432 crucifigerent
1911 3379 2042 3416 eum

410 3453 633 3524 (Joan.).
667 3455 803 3508 Erat
847 3457 1039 3507 autem
1082 3453 1225 3508 hora
1261 3455 1438 3508 tercia
1481 3454 1717 3524 (Mam).
1762 3455 2044 3508 Exeuntes

411 3549 604 3602 autem
679 3547 918 3618 (Matth.)
980 3546 1312 3601 invenirunt
1363 3547 1664 3603 hominem
1721 3547 2043 3618 Cyreneum

411 3639 602 3714 134
649 3639 979 3694 venientem
1020 3639 1246 3696 obviam
1277 3639 1403 3708 sibi,
1439 3640 1674 3696 nomine
1707 3640 2040 3712 Symonem.

407 3735 566 3788 Hunc
587 3733 1038 3805 angariaverunt
1057 3737 1120 3788 ut
1145 3735 1374 3788 tolleret
1393 3745 1622 3788 Crucem
1644 3735 1765 3805 ejus
1796 3751 1809 3789 :
1833 3738 1891 3788 et
1909 3752 2042 3806 por-

407 3831 558 3881 taret
585 3829 715 3898 post
743 3828 1054 3882 Dominum
1076 3827 1312 3882 Jhesum
1335 3826 1530 3898 (Luc.).
1555 3828 1918 3898 Sequebatur
1941 3845 2040 3885 au-

407 3922 526 3973 tem
571 3919 732 3973 illum
771 3920 955 3973 multa
993 3919 1162 3973 turba
1205 3919 1406 3989 populi
1445 3923 1503 3973 et
1551 3919 1859 3974 mulierum
1914 3937 2042 3992 qua:

408 4011 783 4081 plangebant,
811 4011 1284 4065 lamentabantur
1318 4027 1470 4066 eum.
1503 4013 1818 4067 Conversus
1849 4017 2043 4068 autem

409 4105 482 4158 ad
523 4105 650 4158 illas
695 4103 972 4158 Dominus
999 4104 1199 4158 Jhesus
1235 4103 1374 4157 dixit
1415 4121 1428 4159 :
1478 4105 1626 4160 Filiae
1665 4106 2039 4174 Hierusalem,

411 4197 586 4251 nolite
630 4197 770 4251 ﬂere
803 4213 976 4267 super
1021 4213 1133 4264 me,
1169 4197 1269 4251 sed
1315 4215 1485 4269 super
1519 4216 1615 4254 vos
1645 4199 1796 4270 ipsas
1823 4199 1956 4254 ﬂete
1985 4205 2042 4254 ct

409 4307 581 4362 super
609 4289 756 4344 ﬁlios
781 4293 999 4344 vestros
1028 4307 1041 4346 :
1076 4290 1349 4362 quoniam
1381 4309 1510 4346 ecce
1543 4293 1776 4348 venient
1803 4293 1943 4361 dies,
1983 4293 2040 4346 in

408 4383 616 4455 quibus
647 4383 882 4440 dicent:
934 4384 1123 4438 Beataa
1168 4384 1372 4438 sterilis
1416 4389 1476 4440 et
1521 4386 1735 4446 ventris
1776 4387 1872 4458 qui
1923 4403 2041 4441 non

406 4480 752 4551 genuerunt,
782 4480 839 4531 et
861 4477 1038 4532 ubera
1067 4494 1193 4548 quae
1219 4495 1336 4533 non
1367 4479 1740 4534 lactaverunt.
1769 4481 1923 4534 Tunc
1951 4479 2037 4534 in-

2145 3281 2275 3319 eum
2291 3265 2550 3337 (Matth),
2572 3273 2868 3323 moventes
2889 3272 3075 3342 capita
3093 3289 3194 3328 sua
3217 3278 3276 3328 et
3296 3275 3560 3330 dicentes
3594 3265 3624 3333 ε’
3639 3279 3776 3334 Vah
3797 3281 3811 3336 Ξ

2145 3358 2240 3428 qui
2273 3359 2516 3413 destruis
2539 3363 2817 3431 templum
2849 3364 2968 3430 Dei,
2990 3369 3047 3418 et
3075 3366 3131 3419 in
3165 3367 3355 3422 triduo
3389 3369 3558 3424 illum
3585 3373 3815 3428 resedi-

2144 3451 2297 3516 licas,
2327 3453 2481 3506 salva
2521 3455 2910 3525 temetipsum.
2941 3457 3000 3512 Si
3041 3459 3192 3513 filius
3231 3461 3331 3515 Dei
3372 3479 3452 3526 es,
3495 3464 3813 3522 descende

2145 3543 2216 3597 de
2237 3561 2422 3599 cruce.
2447 3545 2722 3602 Similiter
2747 3552 2805 3602 et
2827 3549 3112 3622 principes
3131 3554 3502 3610 sacerdotum
3527 3557 3816 3615 inluden-

2143 3641 2229 3690 tes
2249 3655 2379 3692 cum
2411 3639 2608 3694 scribis
2635 3645 2692 3695 et
2717 3643 3038 3698 senioribus
3065 3645 3338 3702 dicebant
3371 3665 3384 3703 :
3413 3650 3577 3706 Alios
3611 3655 3815 3709 salvos

2143 3731 2296 3796 fecit,
2327 3749 2386 3786 se
2429 3733 2617 3804 ipsum
2667 3752 2784 3789 non
2825 3740 3014 3808 potest
3057 3740 3276 3795 salvum
3319 3742 3536 3798 facere.
3584 3746 3651 3801 Si
3706 3765 3814 3802 rex

2144 3824 2355 3879 Israhel
2404 3830 2509 3893 est,
2539 3827 2851 3882 descendat
2880 3848 3031 3885 nunc
3061 3832 3131 3885 de
3177 3849 3367 3902 cruce,
3398 3839 3457 3890 et
3496 3840 3814 3896 credimus

2144 3918 2216 3972 ei.
2245 3919 2494 3974 Confidit
2523 3920 2580 3974 in
2604 3921 2742 3989 Deo,
2777 3921 2981 3978 liberet
3008 3942 3160 3983 nunc
3195 3944 3330 3984 eum
3367 3930 3412 3984 si
3441 3932 3566 3986 vult
3603 3950 3618 3990 :
3657 3935 3816 3992 dixit

2144 4011 2320 4079 enim,
2351 4012 2487 4084 quia
2517 4013 2618 4068 Dei
2650 4015 2818 4070 Filius
2849 4034 2995 4072 sum.

2213 4105 2464 4176 Idipsum
2492 4109 2685 4162 autem
2713 4108 2887 4180 (Luc.)
2917 4128 3064 4166 unus
3103 4113 3174 4168 de
3211 4114 3301 4169 his
3329 4115 3427 4187 qui
3447 4120 3816 4189 pendebant

2141 4199 2459 4254 latronibus
2505 4201 2946 4272 blasphemabat
2993 4223 3126 4261 eum
3186 4207 3384 4264 dicens
3431 4228 3444 4266 :
3500 4196 3560 4268 Si
3625 4219 3692 4271 tu
3746 4236 3812 4273 es

2141 4291 2414 4359 Christus,
2447 4295 2666 4349 salvum
2705 4296 2793 4350 fac
2824 4301 3005 4352 temet
3033 4299 3220 4371 ipsum
3259 4307 3317 4357 et
3359 4321 3486 4360 nos.
3523 4307 3810 4381 Respon-

2141 4385 2283 4440 dens
2323 4389 2517 4441 autem
2549 4390 2694 4442 alter
2731 4389 3069 4462 increpabat
3111 4395 3274 4450 illum
3318 4397 3520 4454 dicens
3555 4419 3568 4456 :
3602 4403 3808 4474 Miser,

2140 4495 2326 4550 neque
2356 4483 2415 4534 tu
2449 4480 2616 4535 times
2646 4483 2848 4551 Deum,
2879 4486 3034 4556 quod
3067 4487 3125 4542 in
3157 4489 3367 4545 eadem
3403 4492 3809 4556 damnatione

405 4571 618 4641 cipient
643 4569 831 4625 dicere
855 4570 1190 4626 moutebus:
1215 4572 1426 4627 Cadete
1455 4590 1626 4644 super
1653 4591 1776 4640 nos,
1801 4577 1858 4628 et
1880 4573 2038 4628 colli-
2057 4588 2117 4661 D
2142 4572 2239 4626 es?
2264 4574 2332 4626 Et
2369 4590 2474 4628 nos
2519 4575 2753 4646 quidem
2777 4577 2952 4647 juste,
2985 4597 3120 4635 nam
3163 4582 3343 4654 digna
3379 4586 3551 4642 factis
3587 4593 3809 4664 recipi—

404 4664 509 4717 bus
544 4681 557 4719 :
591 4664 820 4734 Operite
867 4682 991 4732 nos,
1035 4665 1171 4736 quia
1201 4665 1248 4720 si
1292 4665 1349 4719 in
1383 4665 1561 4720 viride
1607 4666 1764 4738 ligno
1800 4668 1922 4722 hinc
1961 4668 2042 4722 fa-
2140 4682 2267 4721 mus
2301 4683 2314 4722 :
2343 4667 2434 4721 hic
2462 4685 2595 4724 vero
2626 4670 2766 4724 nihil
2811 4673 2948 4726 mali
2978 4675 3172 4744 gessit.
3201 4677 3271 4730 Et
3297 4678 3535 4736 dicebat
3573 4685 3654 4740 ad
3681 4687 3806 4743 Do-

404 4757 590 4825 ciunt,
613 4756 673 4810 in
713 4757 875 4811 arido
909 4758 1047 4828 quid
1081 4758 1220 4812 ﬁet?
1244 4759 1612 4814 Ducebantur
1637 4763 1830 4814 autem
1863 4764 1920 4814 et
1944 4760 2039 4815 alii
2139 4759 2362 4815 minum
2389 4761 2624 4816 Jhesum
2657 4780 2671 4820 :
2718 4765 2981 4833 Domine,
3011 4774 3310 4826 memento
3343 4774 3482 4841 mei,
3522 4793 3665 4834 cum
3699 4797 3801 4835 ve-

404 4851 516 4906 duo
541 4867 794 4922 nequam
819 4867 947 4905 cum
969 4853 1142 4918 eo,ut
1166 4851 1643 4908 interﬁcerentur.
1673 4855 1738 4907 Et
1757 4857 2041 4908 venerunt
2140 4854 2292 4908 neris
2324 4855 2382 4908 in
2425 4872 2608 4926 regno
2653 4860 2770 4912 tuo.
2805 4859 2873 4912 Et
2907 4859 3047 4914 dixit
3084 4862 3165 4916 illi
3209 4865 3492 4922 Dominus
3531 4871 3752 4929 Jhesus
3790 4893 3804 4932 :

401 4944 459 4998 in
507 4945 696 4999 locum
746 4943 844 5015 qui
889 4943 1096 4998 dicitur
1138 4945 1421 5016 Golgotba
1451 4947 1710 5018 (Matth.),
1745 4947 1899 5018 quod
1931 4950 2035 5015 est,
2137 4948 2320 5002 Amen
2349 4948 2476 5003 dico
2506 4950 2778 5022 tibi,quia
2793 4951 2966 5007 hodie
2994 4970 3224 5011 mecum
3243 4959 3356 5013 eris
3388 4961 3447 5015 in
3471 4967 3804 5039 paradyso.

402 5039 674 5093 Calvariae
710 5039 886 5092 locus.
924 5040 991 5092 Et
1023 5039 1308 5094 dederunt
1347 5039 1399 5094 ei
1445 5040 1641 5094 vinum
1677 5040 1874 5095 bibere
1907 5057 2037 5096 cum

2512 5057 2694 5100 NOTE
2736 5059 2814 5102 ET
2857 5059 2934 5104 OB
2943 5062 3372 5110 SERVATIONES
3384 5097 3397 5110 .

401 5131 532 5185 felle
565 5130 807 5185 mixtum
835 5149 848 5186 :
880 5136 938 5185 et
966 5149 1096 5186 cum
1127 5136 1432 5203 gustasset,
1463 5133 1646 5188 noluit
1669 5133 1888 5190 bibere.
1971 5115 1981 5124 ’
2207 5137 2304 5189 Die
2331 5141 2515 5190 sancto
2545 5139 2839 5193 Paraceves
2879 5141 2954 5194 ad
2995 5158 3175 5198 omnes
3211 5146 3374 5202 horas
3399 5157 3808 5219 praescribitur

575 5243 771 5298 XXXIX.
811 5259 1059 5300 LEGENDA
1098 5263 1166 5300 AD
1207 5263 1372 5300 SEXTA
1415 5263 1467 5302 IN
1508 5263 1867 5301 pamsceves.
2131 5244 2268 5298 Ρανε
2295 5230 2485 5298 aliqua
2526 5233 2802 5300 Ραδδίοηίδ
2847 5233 3050 5290 miris“
3077 5240 3314 5303 Dom-ini,
3355 5245 3602 5312 Singulis
3647 5251 3807 5308 horis

2138 5325 2476 5386 conveniens,
2497 5326 2783 5392 praemissa
2809 5327 2884 5381 ad
2907 5329 3156 5396 singulas
3178 5334 3306 5387 item
3339 5335 3507 5392 horas
3538 5342 3806 5402 Lectione

811 5259 1059 5300 LEGENDA
1098 5263 1166 5300 AD
1207 5263 1372 5300 SEXTA
1415 5263 1467 5302 IN
1508 5263 1867 5301 PARASCEVEN.

978 5339 1137 5389 Amos
1161 5339 1448 5404 prophetia.

469 5419 674 5474 Audite
705 5422 813 5476 hoc
845 5425 945 5494 qui
973 5425 1284 5479 conteretis
1317 5440 1650 5495 pauperem,
1688 5429 1746 5478 et
1785 5425 2030 5480 deficere

401 5513 582 5566 facitis
615 5531 848 5584 egenos,
893 5521 1024 5584 etc.,
1067 5533 1238 5587 usque
1279 5519 1472 5587 Neque
1518 5517 1669 5570 sitim
1705 5533 1886 5588 aquai,
1930 5518 2031 5572 sed

398 5606 670 5662 audiendi
698 5609 935 5664 verbum
963 5611 1084 5664 Dei.
1115 5610 1301 5678 (Amos
1333 5626 1452 5676 vni,
1486 5609 1656 5677 4-H.)

2137 5431 2206 5468 ea:
2243 5418 2412 5469 veteri
2453 5419 2807 5473 Testamento.
2849 5421 3071 5478 Ewcidit
3113 5440 3140 5478 e
3183 5425 3376 5482 Codice
3419 5439 3616 5489 nostro
3657 5455 3804 5507 pars

2136 5510 2306 5577 ofﬁcii
2329 5510 2404 5563 ad
2431 5511 2750 5575 Matutinos,
2783 5513 2846 5567 id
2873 5520 2952 5569 est
2974 5520 3160 5586 prima
3187 5519 3341 5575 lectio
3365 5539 3434 5577 ea:
3473 5527 3668 5584 Veteri
3705 5535 3805 5588 Te-

2133 5607 2417 5666 stamento,
2447 5621 2566 5659 cum
2595 5607 2752 5659 initio
2783 5611 3036 5664 secundae
3065 5613 3332 5668 Lectionis
3363 5632 3432 5670 ea:
3459 5619 3800 5694 Evangelia.

835 5762 842 5776 l
887 5701 1185 5752 Secundum
1219 5700 1536 5752 Matthmum.
2133 5697 2291 5750 Deest
2325 5699 2486 5752 etiam
2530 5699 2605 5752 ad
2647 5701 2860 5755 Nonum
2896 5720 3097 5771 magna
3119 5723 3258 5775 pars
3300 5710 3553 5769 lectionis
3587 5734 3661 5774 ea:
3700 5723 3803 5777 Za-

469 5786 780 5856 Postquam
796 5787 1198 5841 cruciﬁxerunt
1222 5787 1536 5841 Dominum
1551 5785 1806 5855 Jhesum,
1835 5787 2033 5843 divise-
2137 5789 2344 5853 charia,
2381 5796 2431 5847 et
2479 5795 2592 5846 tota
2629 5791 2781 5848 lectio
2819 5811 2886 5850 ex
2925 5799 3240 5867 Evangelia.
3269 5803 3563 5864 Passionis
3611 5820 3800 5871 autem

397 5881 534 5933 runt
561 5878 670 5936 sibi
713 5878 1056 5936 vestimenta
1085 5880 1209 5954 ejus
1239 5882 1392 5936 sorte
1438 5879 1753 5938 mittentes.
1799 5881 2035 5940 Scribsit
2134 5885 2296 5940 series
2327 5900 2436 5942 non
2480 5885 2679 5955 legitur
2709 5891 2960 5950 continue
2984 5908 3052 5950 ea:
3082 5909 3190 5951 uno
3218 5896 3406 5969 aliqua
3442 5909 3798 5978 evangelista
