  <div class='ocr_page' id='page_1' title='image "/cluster/home/n/w/nwhite01/storage/ocr_20150623/72/umn.31951002477365o/104.png"; bbox 0 0 3976 6424; ppageno 0'>
   <div class='ocr_carea' id='block_1_1' title="bbox 167 410 254 463">
    <p class='ocr_par' dir='ltr' id='par_1_1' title="bbox 167 410 254 463">
     <span class='ocr_line' id='line_1_1' title="bbox 167 410 254 463; baseline 0.011 -1"><span class='ocrx_word' id='word_1_1' title='bbox 167 410 254 463; x_wconf 80' lang='grc'><strong><em>193</em></strong></span> 
     </span>
    </p>
   </div>
   <div class='ocr_carea' id='block_1_2' title="bbox 1244 406 2416 471">
    <p class='ocr_par' dir='ltr' id='par_1_2' title="bbox 1244 406 2416 471">
     <span class='ocr_line' id='line_1_2' title="bbox 1244 406 2416 471; baseline 0.001 -3"><span class='ocrx_word' id='word_1_2' title='bbox 1244 406 1332 468; x_wconf 86' lang='lat' dir='ltr'><strong><em>DE</em></strong></span> <span class='ocrx_word' id='word_1_3' title='bbox 1369 412 1677 469; x_wconf 80' lang='lat' dir='ltr'><strong><em>LITURGIA</em></strong></span> <span class='ocrx_word' id='word_1_4' title='bbox 1713 413 2081 470; x_wconf 83' lang='lat' dir='ltr'><strong><em>GALLICANA</em></strong></span> <span class='ocrx_word' id='word_1_5' title='bbox 2118 412 2315 471; x_wconf 77' lang='lat' dir='ltr'><strong><em>LIBER</em></strong></span> <span class='ocrx_word' id='word_1_6' title='bbox 2352 415 2416 471; x_wconf 91' lang='lat' dir='ltr'><strong><em>ll.</em></strong></span> 
     </span>
    </p>
   </div>
   <div class='ocr_carea' id='block_1_3' title="bbox 3415 422 3515 481">
    <p class='ocr_par' dir='ltr' id='par_1_3' title="bbox 3415 422 3515 481">
     <span class='ocr_line' id='line_1_3' title="bbox 3415 422 3515 481; baseline 0.02 -2"><span class='ocrx_word' id='word_1_7' title='bbox 3415 422 3515 481; x_wconf 78' lang='grc'><strong>194</strong></span> 
     </span>
    </p>
   </div>
   <div class='ocr_carea' id='block_1_4' title="bbox 162 512 3518 611">
    <p class='ocr_par' dir='ltr' id='par_1_4' title="bbox 162 512 3518 611">
     <span class='ocr_line' id='line_1_4' title="bbox 162 512 3518 611; baseline 0.005 -42"><span class='ocrx_word' id='word_1_8' title='bbox 162 513 248 569; x_wconf 85' lang='lat' dir='ltr'><strong><em>sed</em></strong></span> <span class='ocrx_word' id='word_1_9' title='bbox 287 528 354 567; x_wconf 68' lang='lat' dir='ltr'><strong><em>ex</em></strong></span> <span class='ocrx_word' id='word_1_10' title='bbox 397 512 658 568; x_wconf 87' lang='lat' dir='ltr'><strong><em>omnibus</em></strong></span> <span class='ocrx_word' id='word_1_11' title='bbox 706 515 874 570; x_wconf 99' lang='lat' dir='ltr'><strong><em>simul</em></strong></span> <span class='ocrx_word' id='word_1_12' title='bbox 912 517 971 569; x_wconf 88' lang='lat' dir='ltr'><strong><em>in</em></strong></span> <span class='ocrx_word' id='word_1_13' title='bbox 1009 520 1209 572; x_wconf 73' lang='lat' dir='ltr'><strong><em>catenae</em></strong></span> <span class='ocrx_word' id='word_1_14' title='bbox 1252 520 1467 574; x_wconf 88' lang='lat' dir='ltr'><strong><em>modum</em></strong></span> <span class='ocrx_word' id='word_1_15' title='bbox 1505 522 1800 589; x_wconf 76' lang='lat' dir='ltr'><strong><em>dispositis.</em></strong></span> <span class='ocrx_word' id='word_1_16' title='bbox 1824 539 1882 611; x_wconf 73' lang='grc' dir='ltr'><strong>Α</strong></span> <span class='ocrx_word' id='word_1_17' title='bbox 1904 519 1952 592; x_wconf 77' lang='grc'><strong><em>1</em></strong></span> <span class='ocrx_word' id='word_1_18' title='bbox 1969 519 2089 592; x_wconf 84' lang='lat'><strong><em>37</em></strong></span> <span class='ocrx_word' id='word_1_19' title='bbox 2112 523 2211 575; x_wconf 86' lang='lat' dir='ltr'><strong><em>Hic</em></strong></span> <span class='ocrx_word' id='word_1_20' title='bbox 2224 524 2364 576; x_wconf 87' lang='lat' dir='ltr'><strong><em>ritus</em></strong></span> <span class='ocrx_word' id='word_1_21' title='bbox 2376 524 2535 577; x_wconf 85' lang='lat' dir='ltr'><strong><em>etiam</em></strong></span> <span class='ocrx_word' id='word_1_22' title='bbox 2544 523 2898 594; x_wconf 66' lang='lat' dir='ltr'><strong><em>praescriptus</em></strong></span> <span class='ocrx_word' id='word_1_23' title='bbox 2919 529 2999 581; x_wconf 81' lang='lat' dir='ltr'><strong><em>est</em></strong></span> <span class='ocrx_word' id='word_1_24' title='bbox 3009 528 3069 581; x_wconf 87' lang='lat' dir='ltr'><strong><em>in</em></strong></span> <span class='ocrx_word' id='word_1_25' title='bbox 3084 526 3518 586; x_wconf 85' lang='lat' dir='ltr'><strong><em>Sacramentario</em></strong></span> 
     </span>
    </p>
   </div>
   <div class='ocr_carea' id='block_1_5' title="bbox 162 607 1801 677">
    <p class='ocr_par' dir='ltr' id='par_1_5' title="bbox 162 607 1801 677">
     <span class='ocr_line' id='line_1_5' title="bbox 162 607 1801 677; baseline 0.007 -20"><span class='ocrx_word' id='word_1_26' title='bbox 162 608 325 671; x_wconf 82' lang='lat' dir='ltr'><strong><em>Quam</em></strong></span> <span class='ocrx_word' id='word_1_27' title='bbox 350 607 417 658; x_wconf 91' lang='lat' dir='ltr'><strong><em>ob</em></strong></span> <span class='ocrx_word' id='word_1_28' title='bbox 448 623 569 660; x_wconf 82' lang='lat' dir='ltr'><strong><em>rem</em></strong></span> <span class='ocrx_word' id='word_1_29' title='bbox 602 609 883 674; x_wconf 80' lang='lat' dir='ltr'><strong><em>integram</em></strong></span> <span class='ocrx_word' id='word_1_30' title='bbox 916 610 1019 663; x_wconf 86' lang='lat' dir='ltr'><strong><em>huc</em></strong></span> <span class='ocrx_word' id='word_1_31' title='bbox 1044 613 1248 677; x_wconf 86' lang='lat' dir='ltr'><strong><em>referre</em></strong></span> <span class='ocrx_word' id='word_1_32' title='bbox 1278 615 1453 666; x_wconf 86' lang='lat' dir='ltr'><strong><em>visum</em></strong></span> <span class='ocrx_word' id='word_1_33' title='bbox 1481 619 1557 667; x_wconf 90' lang='lat' dir='ltr'><strong><em>est</em></strong></span> <span class='ocrx_word' id='word_1_34' title='bbox 1592 616 1666 668; x_wconf 88' lang='lat' dir='ltr'><strong><em>ad</em></strong></span> <span class='ocrx_word' id='word_1_35' title='bbox 1688 616 1801 668; x_wconf 88' lang='lat' dir='ltr'><strong><em>sin-</em></strong></span> 
     </span>
    </p>
   </div>
   <div class='ocr_carea' id='block_1_6' title="bbox 162 699 1799 774">
    <p class='ocr_par' dir='ltr' id='par_1_6' title="bbox 162 699 1799 774">
     <span class='ocr_line' id='line_1_6' title="bbox 162 699 1799 774; baseline 0.005 -24"><span class='ocrx_word' id='word_1_36' title='bbox 162 699 308 765; x_wconf 86' lang='lat' dir='ltr'><strong><em>gulas</em></strong></span> <span class='ocrx_word' id='word_1_37' title='bbox 336 699 527 752; x_wconf 86' lang='lat' dir='ltr'><strong><em>horas.</em></strong></span> <span class='ocrx_word' id='word_1_38' title='bbox 564 700 692 754; x_wconf 87' lang='lat' dir='ltr'><strong><em>Non</em></strong></span> <span class='ocrx_word' id='word_1_39' title='bbox 720 702 949 755; x_wconf 89' lang='lat' dir='ltr'><strong><em>multum</em></strong></span> <span class='ocrx_word' id='word_1_40' title='bbox 987 702 1232 757; x_wconf 79' lang='lat' dir='ltr'><strong><em>diversus</em></strong></span> <span class='ocrx_word' id='word_1_41' title='bbox 1258 710 1336 757; x_wconf 90' lang='lat' dir='ltr'><strong><em>est</em></strong></span> <span class='ocrx_word' id='word_1_42' title='bbox 1361 707 1520 766; x_wconf 88' lang='lat' dir='ltr'><strong><em>ritus,</em></strong></span> <span class='ocrx_word' id='word_1_43' title='bbox 1545 708 1640 773; x_wconf 91' lang='lat' dir='ltr'><strong><em>qui</em></strong></span> <span class='ocrx_word' id='word_1_44' title='bbox 1658 723 1799 774; x_wconf 63' lang='lat' dir='ltr'><strong><em>prte-</em></strong></span> 
     </span>
    </p>
   </div>
   <div class='ocr_carea' id='block_1_7' title="bbox 160 792 1807 859">
    <p class='ocr_par' dir='ltr' id='par_1_7' title="bbox 160 792 1807 859">
     <span class='ocr_line' id='line_1_7' title="bbox 160 792 1807 859; baseline 0.006 -15"><span class='ocrx_word' id='word_1_45' title='bbox 160 792 412 844; x_wconf 86' lang='lat' dir='ltr'><strong><em>seribitur</em></strong></span> <span class='ocrx_word' id='word_1_46' title='bbox 457 793 521 843; x_wconf 90' lang='lat' dir='ltr'><strong><em>in</em></strong></span> <span class='ocrx_word' id='word_1_47' title='bbox 563 796 908 847; x_wconf 82' lang='lat' dir='ltr'><strong><em>vetustisimo</em></strong></span> <span class='ocrx_word' id='word_1_48' title='bbox 949 794 1149 849; x_wconf 83' lang='lat' dir='ltr'><strong><em>Ordine</em></strong></span> <span class='ocrx_word' id='word_1_49' title='bbox 1181 796 1515 859; x_wconf 87' lang='lat' dir='ltr'><strong><em>Germanico,</em></strong></span> <span class='ocrx_word' id='word_1_50' title='bbox 1547 803 1681 853; x_wconf 84' lang='lat' dir='ltr'><strong><em>temo</em></strong></span> <span class='ocrx_word' id='word_1_51' title='bbox 1721 800 1807 855; x_wconf 88' lang='lat' dir='ltr'><strong><em>IV</em></strong></span> 
     </span>
    </p>
   </div>
   <div class='ocr_carea' id='block_1_8' title="bbox 162 884 1800 952">
    <p class='ocr_par' dir='ltr' id='par_1_8' title="bbox 162 884 1800 952">
     <span class='ocr_line' id='line_1_8' title="bbox 162 884 1800 952; baseline 0.005 -17"><span class='ocrx_word' id='word_1_52' title='bbox 162 884 549 936; x_wconf 80' lang='lat' dir='ltr'><strong><em>Analectarum</em></strong></span> <span class='ocrx_word' id='word_1_53' title='bbox 572 901 712 952; x_wconf 89' lang='lat' dir='ltr'><strong><em>pag.</em></strong></span> <span class='ocrx_word' id='word_1_54' title='bbox 736 887 840 939; x_wconf 75' lang='grc'><strong><em>495</em></strong></span> <span class='ocrx_word' id='word_1_55' title='bbox 872 903 884 939; x_wconf 88' lang='lat'><strong>:</strong></span> <span class='ocrx_word' id='word_1_56' title='bbox 921 888 981 939; x_wconf 91' lang='lat' dir='ltr'><strong><em>ln</em></strong></span> <span class='ocrx_word' id='word_1_57' title='bbox 1009 890 1167 941; x_wconf 87' lang='lat' dir='ltr'><strong><em>sexta</em></strong></span> <span class='ocrx_word' id='word_1_58' title='bbox 1206 888 1350 942; x_wconf 83' lang='lat' dir='ltr'><strong><em>feria</em></strong></span> <span class='ocrx_word' id='word_1_59' title='bbox 1385 891 1702 943; x_wconf 85' lang='lat' dir='ltr'><strong><em>Parasceves</em></strong></span> <span class='ocrx_word' id='word_1_60' title='bbox 1729 890 1800 944; x_wconf 88' lang='lat' dir='ltr'><strong><em>ad</em></strong></span> 
     </span>
    </p>
   </div>
   <div class='ocr_carea' id='block_1_9' title="bbox 163 976 1799 1046">
    <p class='ocr_par' dir='ltr' id='par_1_9' title="bbox 163 976 1799 1046">
     <span class='ocr_line' id='line_1_9' title="bbox 163 976 1799 1046; baseline 0.006 -19"><span class='ocrx_word' id='word_1_61' title='bbox 163 976 397 1028; x_wconf 82' lang='lat' dir='ltr'><strong><em>Tertiam</em></strong></span> <span class='ocrx_word' id='word_1_62' title='bbox 434 976 651 1045; x_wconf 84' lang='lat' dir='ltr'><strong><em>legunt</em></strong></span> <span class='ocrx_word' id='word_1_63' title='bbox 686 978 1017 1046; x_wconf 86' lang='lat' dir='ltr'><strong><em>passionem</em></strong></span> <span class='ocrx_word' id='word_1_64' title='bbox 1053 980 1282 1034; x_wconf 89' lang='lat' dir='ltr'><strong><em>Domini</em></strong></span> <span class='ocrx_word' id='word_1_65' title='bbox 1316 981 1629 1035; x_wconf 88' lang='lat' dir='ltr'><strong><em>secundum</em></strong></span> <span class='ocrx_word' id='word_1_66' title='bbox 1664 983 1799 1036; x_wconf 88' lang='lat' dir='ltr'><strong><em>Mat-</em></strong></span> 
     </span>
    </p>
   </div>
   <div class='ocr_carea' id='block_1_10' title="bbox 164 1068 1798 1131">
    <p class='ocr_par' dir='ltr' id='par_1_10' title="bbox 164 1068 1798 1131">
     <span class='ocr_line' id='line_1_10' title="bbox 164 1068 1798 1131; baseline 0.004 -11"><span class='ocrx_word' id='word_1_67' title='bbox 164 1068 405 1131; x_wconf 70' lang='lat' dir='ltr'><strong><em>thaeum;</em></strong></span> <span class='ocrx_word' id='word_1_68' title='bbox 441 1068 519 1121; x_wconf 91' lang='lat' dir='ltr'><strong><em>ad</em></strong></span> <span class='ocrx_word' id='word_1_69' title='bbox 561 1069 803 1123; x_wconf 86' lang='lat' dir='ltr'><strong><em>Sextam</em></strong></span> <span class='ocrx_word' id='word_1_70' title='bbox 845 1071 1160 1125; x_wconf 89' lang='lat' dir='ltr'><strong><em>secundum</em></strong></span> <span class='ocrx_word' id='word_1_71' title='bbox 1190 1073 1457 1127; x_wconf 84' lang='lat' dir='ltr'><strong><em>Marcum.</em></strong></span> <span class='ocrx_word' id='word_1_72' title='bbox 1492 1076 1641 1128; x_wconf 85' lang='lat' dir='ltr'><strong><em>Hora</em></strong></span> <span class='ocrx_word' id='word_1_73' title='bbox 1666 1091 1798 1128; x_wconf 88' lang='lat' dir='ltr'><strong><em>vero</em></strong></span> 
     </span>
    </p>
   </div>
   <div class='ocr_carea' id='block_1_11' title="bbox 162 1161 1802 1236">
    <p class='ocr_par' dir='ltr' id='par_1_11' title="bbox 162 1161 1802 1236">
     <span class='ocr_line' id='line_1_11' title="bbox 162 1161 1802 1236; baseline 0.004 -23"><span class='ocrx_word' id='word_1_74' title='bbox 162 1176 305 1214; x_wconf 82' lang='lat' dir='ltr'><strong><em>nona</em></strong></span> <span class='ocrx_word' id='word_1_75' title='bbox 334 1161 545 1230; x_wconf 85' lang='lat' dir='ltr'><strong><em>legunt</em></strong></span> <span class='ocrx_word' id='word_1_76' title='bbox 579 1161 896 1216; x_wconf 81' lang='lat' dir='ltr'><strong><em>lectionem</em></strong></span> <span class='ocrx_word' id='word_1_77' title='bbox 921 1163 991 1216; x_wconf 90' lang='lat' dir='ltr'><strong><em>de</em></strong></span> <span class='ocrx_word' id='word_1_78' title='bbox 1024 1164 1165 1218; x_wconf 89' lang='lat' dir='ltr'><strong><em>Osee</em></strong></span> <span class='ocrx_word' id='word_1_79' title='bbox 1187 1166 1469 1235; x_wconf 78' lang='lat' dir='ltr'><strong><em>propheta</em></strong></span> <span class='ocrx_word' id='word_1_80' title='bbox 1500 1184 1511 1220; x_wconf 90' lang='lat'><strong>:</strong></span> <span class='ocrx_word' id='word_1_81' title='bbox 1548 1166 1802 1236; x_wconf 79' lang='lat' dir='ltr'><strong><em>sequitur</em></strong></span> 
     </span>
    </p>
   </div>
   <div class='ocr_carea' id='block_1_12' title="bbox 162 1250 1800 1325">
    <p class='ocr_par' dir='ltr' id='par_1_12' title="bbox 162 1250 1800 1325">
     <span class='ocr_line' id='line_1_12' title="bbox 162 1250 1800 1325; baseline 0.004 -20"><span class='ocrx_word' id='word_1_82' title='bbox 372 1252 642 1322; x_wconf 82' lang='lat' dir='ltr'><strong><em>gradalis</em></strong></span> <span class='ocrx_word' id='word_1_83' title='bbox 672 1271 805 1308; x_wconf 90' lang='lat' dir='ltr'><strong><em>cum</em></strong></span> <span class='ocrx_word' id='word_1_84' title='bbox 836 1255 1089 1325; x_wconf 88' lang='lat' dir='ltr'><strong><em>quinque</em></strong></span> <span class='ocrx_word' id='word_1_85' title='bbox 1116 1258 1421 1324; x_wconf 82' lang='lat' dir='ltr'><strong><em>versiculis,</em></strong></span> <span class='ocrx_word' id='word_1_86' title='bbox 1444 1261 1683 1321; x_wconf 83' lang='lat' dir='ltr'><strong><em>Domine,</em></strong></span> <span class='ocrx_word' id='word_1_87' title='bbox 1706 1276 1800 1313; x_wconf 90' lang='lat' dir='ltr'><strong><em>au-</em></strong></span> 
     </span>
    </p>
   </div>
   <div class='ocr_carea' id='block_1_13' title="bbox 161 1345 1799 1415">
    <p class='ocr_par' dir='ltr' id='par_1_13' title="bbox 161 1345 1799 1415">
     <span class='ocr_line' id='line_1_13' title="bbox 161 1345 1799 1415; baseline 0.005 -18"><span class='ocrx_word' id='word_1_88' title='bbox 161 1346 282 1398; x_wconf 80' lang='lat' dir='ltr'><strong><em>divi.</em></strong></span> <span class='ocrx_word' id='word_1_89' title='bbox 316 1345 543 1398; x_wconf 90' lang='lat' dir='ltr'><strong><em>Deinde</em></strong></span> <span class='ocrx_word' id='word_1_90' title='bbox 578 1346 780 1400; x_wconf 83' lang='lat' dir='ltr'><strong><em>Lectio</em></strong></span> <span class='ocrx_word' id='word_1_91' title='bbox 814 1347 885 1400; x_wconf 90' lang='lat' dir='ltr'><strong><em>de</em></strong></span> <span class='ocrx_word' id='word_1_92' title='bbox 918 1348 1131 1415; x_wconf 84' lang='lat' dir='ltr'><strong><em>Exodo,</em></strong></span> <span class='ocrx_word' id='word_1_93' title='bbox 1165 1353 1223 1402; x_wconf 87' lang='lat' dir='ltr'><strong><em>et</em></strong></span> <span class='ocrx_word' id='word_1_94' title='bbox 1247 1351 1494 1415; x_wconf 82' lang='lat' dir='ltr'><strong><em>Tractus,</em></strong></span> <span class='ocrx_word' id='word_1_95' title='bbox 1525 1351 1628 1415; x_wconf 82' lang='lat' dir='ltr'><strong><em>Qui</em></strong></span> <span class='ocrx_word' id='word_1_96' title='bbox 1651 1353 1799 1405; x_wconf 87' lang='lat' dir='ltr'><strong><em>habi-</em></strong></span> 
     </span>
    </p>
   </div>
   <div class='ocr_carea' id='block_1_14' title="bbox 161 1438 1795 1510">
    <p class='ocr_par' dir='ltr' id='par_1_14' title="bbox 161 1438 1795 1510">
     <span class='ocr_line' id='line_1_14' title="bbox 161 1438 1795 1510; baseline 0.004 -20"><span class='ocrx_word' id='word_1_97' title='bbox 161 1443 231 1491; x_wconf 85' lang='lat' dir='ltr'><strong><em>tat</em></strong></span> <span class='ocrx_word' id='word_1_98' title='bbox 255 1439 313 1491; x_wconf 88' lang='lat' dir='ltr'><strong><em>in</em></strong></span> <span class='ocrx_word' id='word_1_99' title='bbox 338 1438 658 1506; x_wconf 85' lang='lat' dir='ltr'><strong><em>adjutorio.</em></strong></span> <span class='ocrx_word' id='word_1_100' title='bbox 691 1441 826 1493; x_wconf 82' lang='lat' dir='ltr'><strong><em>Post</em></strong></span> <span class='ocrx_word' id='word_1_101' title='bbox 856 1440 978 1493; x_wconf 68' lang='lat' dir='ltr'><strong><em>hesc</em></strong></span> <span class='ocrx_word' id='word_1_102' title='bbox 998 1442 1186 1510; x_wconf 83' lang='lat' dir='ltr'><strong><em>passio</em></strong></span> <span class='ocrx_word' id='word_1_103' title='bbox 1225 1443 1452 1497; x_wconf 86' lang='lat' dir='ltr'><strong><em>Domini</em></strong></span> <span class='ocrx_word' id='word_1_104' title='bbox 1484 1443 1795 1497; x_wconf 89' lang='lat' dir='ltr'><strong><em>secundum</em></strong></span> 
     </span>
    </p>
   </div>
   <div class='ocr_carea' id='block_1_15' title="bbox 160 1531 819 1601">
    <p class='ocr_par' dir='ltr' id='par_1_15' title="bbox 160 1531 819 1601">
     <span class='ocr_line' id='line_1_15' title="bbox 160 1531 819 1601; baseline 0.006 -19"><span class='ocrx_word' id='word_1_105' title='bbox 160 1531 475 1583; x_wconf 86' lang='lat' dir='ltr'><strong><em>Johannem</em></strong></span> <span class='ocrx_word' id='word_1_106' title='bbox 510 1535 819 1601; x_wconf 79' lang='lat' dir='ltr'><strong><em>sequatur.</em></strong></span> 
     </span>
    </p>
   </div>
   <div class='ocr_carea' id='block_1_16' title="bbox 222 1624 1794 1695">
    <p class='ocr_par' dir='ltr' id='par_1_16' title="bbox 222 1624 1794 1695">
     <span class='ocr_line' id='line_1_16' title="bbox 222 1624 1794 1695; baseline 0.003 -18"><span class='ocrx_word' id='word_1_107' title='bbox 222 1624 434 1692; x_wconf 65' lang='lat' dir='ltr'><strong><em>Duplex</em></strong></span> <span class='ocrx_word' id='word_1_108' title='bbox 456 1624 541 1692; x_wconf 89' lang='lat' dir='ltr'><strong><em>(ut</em></strong></span> <span class='ocrx_word' id='word_1_109' title='bbox 550 1625 685 1691; x_wconf 82' lang='lat' dir='ltr'><strong><em>jam</em></strong></span> <span class='ocrx_word' id='word_1_110' title='bbox 722 1626 1262 1695; x_wconf 81' lang='lat' dir='ltr'><strong><em>natavi)marginalis</em></strong></span> <span class='ocrx_word' id='word_1_111' title='bbox 1282 1642 1535 1681; x_wconf 87' lang='lat' dir='ltr'><strong><em>numerus</em></strong></span> <span class='ocrx_word' id='word_1_112' title='bbox 1565 1629 1708 1683; x_wconf 84' lang='lat' dir='ltr'><strong><em>deest</em></strong></span> <span class='ocrx_word' id='word_1_113' title='bbox 1728 1629 1794 1682; x_wconf 89' lang='lat' dir='ltr'><strong><em>ab</em></strong></span> 
     </span>
    </p>
   </div>
   <div class='ocr_carea' id='block_1_17' title="bbox 160 1719 1795 1789">
    <p class='ocr_par' dir='ltr' id='par_1_17' title="bbox 160 1719 1795 1789">
     <span class='ocr_line' id='line_1_17' title="bbox 160 1719 1795 1789; baseline 0.004 -20"><span class='ocrx_word' id='word_1_114' title='bbox 160 1720 322 1784; x_wconf 77' lang='lat' dir='ltr'><strong><em>efﬁcio</em></strong></span> <span class='ocrx_word' id='word_1_115' title='bbox 341 1719 760 1771; x_wconf 88' lang='lat' dir='ltr'><strong><em>Matutinarum</em></strong></span> <span class='ocrx_word' id='word_1_116' title='bbox 779 1736 882 1787; x_wconf 87' lang='lat' dir='ltr'><strong><em>pro</em></strong></span> <span class='ocrx_word' id='word_1_117' title='bbox 903 1719 1063 1773; x_wconf 62' lang='lat' dir='ltr'><strong><em>Coena</em></strong></span> <span class='ocrx_word' id='word_1_118' title='bbox 1085 1722 1298 1774; x_wconf 86' lang='lat' dir='ltr'><strong><em>Domini</em></strong></span> <span class='ocrx_word' id='word_1_119' title='bbox 1315 1722 1389 1773; x_wconf 90' lang='lat' dir='ltr'><strong><em>ad</em></strong></span> <span class='ocrx_word' id='word_1_120' title='bbox 1409 1724 1643 1789; x_wconf 85' lang='lat' dir='ltr'><strong><em>ofﬁcium</em></strong></span> <span class='ocrx_word' id='word_1_121' title='bbox 1675 1725 1795 1775; x_wconf 86' lang='lat' dir='ltr'><strong><em>Ter-</em></strong></span> 
     </span>
    </p>
   </div>
   <div class='ocr_carea' id='block_1_18' title="bbox 162 1811 1789 1883">
    <p class='ocr_par' dir='ltr' id='par_1_18' title="bbox 162 1811 1789 1883">
     <span class='ocr_line' id='line_1_18' title="bbox 162 1811 1789 1883; baseline 0.004 -22"><span class='ocrx_word' id='word_1_122' title='bbox 162 1812 237 1862; x_wconf 59' lang='lat' dir='ltr'><strong><em>tise</em></strong></span> <span class='ocrx_word' id='word_1_123' title='bbox 248 1824 349 1879; x_wconf 90' lang='lat' dir='ltr'><strong><em>pro</em></strong></span> <span class='ocrx_word' id='word_1_124' title='bbox 380 1811 713 1863; x_wconf 86' lang='lat' dir='ltr'><strong><em>Parasceve.</em></strong></span> <span class='ocrx_word' id='word_1_125' title='bbox 746 1813 905 1864; x_wconf 82' lang='lat' dir='ltr'><strong><em>Prior</em></strong></span> <span class='ocrx_word' id='word_1_126' title='bbox 932 1828 999 1865; x_wconf 75' lang='lat' dir='ltr'><strong><em>ea:</em></strong></span> <span class='ocrx_word' id='word_1_127' title='bbox 1022 1813 1107 1865; x_wconf 86' lang='lat' dir='ltr'><strong><em>his</em></strong></span> <span class='ocrx_word' id='word_1_128' title='bbox 1132 1814 1406 1881; x_wconf 88' lang='lat' dir='ltr'><strong><em>aptandus</em></strong></span> <span class='ocrx_word' id='word_1_129' title='bbox 1432 1815 1645 1867; x_wconf 80' lang='lat' dir='ltr'><strong><em>videtur</em></strong></span> <span class='ocrx_word' id='word_1_130' title='bbox 1670 1817 1789 1883; x_wconf 86' lang='lat' dir='ltr'><strong><em>ofﬁ-</em></strong></span> 
     </span>
    </p>
   </div>
   <div class='ocr_carea' id='block_1_19' title="bbox 1901 613 3519 684">
    <p class='ocr_par' dir='ltr' id='par_1_19' title="bbox 1901 613 3519 684">
     <span class='ocr_line' id='line_1_19' title="bbox 1901 613 3519 684; baseline 0.008 -19"><span class='ocrx_word' id='word_1_131' title='bbox 1901 613 2249 679; x_wconf 86' lang='lat' dir='ltr'><strong><em>Gregoriano,</em></strong></span> <span class='ocrx_word' id='word_1_132' title='bbox 2282 617 2342 667; x_wconf 85' lang='lat' dir='ltr'><strong><em>in</em></strong></span> <span class='ocrx_word' id='word_1_133' title='bbox 2371 614 2527 669; x_wconf 82' lang='lat' dir='ltr'><strong><em>Coma</em></strong></span> <span class='ocrx_word' id='word_1_134' title='bbox 2557 618 2773 684; x_wconf 82' lang='lat' dir='ltr'><strong><em>quidem</em></strong></span> <span class='ocrx_word' id='word_1_135' title='bbox 2798 621 3015 674; x_wconf 83' lang='lat' dir='ltr'><strong><em>Domini</em></strong></span> <span class='ocrx_word' id='word_1_136' title='bbox 3042 625 3093 674; x_wconf 88' lang='lat' dir='ltr'><strong><em>et</em></strong></span> <span class='ocrx_word' id='word_1_137' title='bbox 3129 623 3188 674; x_wconf 89' lang='lat' dir='ltr'><strong><em>in</em></strong></span> <span class='ocrx_word' id='word_1_138' title='bbox 3226 623 3519 678; x_wconf 81' lang='lat' dir='ltr'><strong><em>Parascevc</em></strong></span> 
     </span>
    </p>
   </div>
   <div class='ocr_carea' id='block_1_20' title="bbox 1901 706 3518 780">
    <p class='ocr_par' dir='ltr' id='par_1_20' title="bbox 1901 706 3518 780">
     <span class='ocr_line' id='line_1_20' title="bbox 1901 706 3518 780; baseline 0.008 -23"><span class='ocrx_word' id='word_1_139' title='bbox 1901 706 2165 768; x_wconf 70' lang='lat' dir='ltr'><strong><em>omnibus,</em></strong></span> <span class='ocrx_word' id='word_1_140' title='bbox 2199 708 2257 759; x_wconf 90' lang='lat' dir='ltr'><strong><em>in</em></strong></span> <span class='ocrx_word' id='word_1_141' title='bbox 2281 709 2469 773; x_wconf 79' lang='lat' dir='ltr'><strong><em>vigilia</em></strong></span> <span class='ocrx_word' id='word_1_142' title='bbox 2495 709 2712 762; x_wconf 77' lang='lat' dir='ltr'><strong><em>Pascha:</em></strong></span> <span class='ocrx_word' id='word_1_143' title='bbox 2736 726 2913 765; x_wconf 84' lang='lat' dir='ltr'><strong><em>recens</em></strong></span> <span class='ocrx_word' id='word_1_144' title='bbox 2942 712 3246 780; x_wconf 74' lang='lat' dir='ltr'><strong><em>baptizatis.</em></strong></span> <span class='ocrx_word' id='word_1_145' title='bbox 3274 714 3367 769; x_wconf 86' lang='lat' dir='ltr'><strong><em>An</em></strong></span> <span class='ocrx_word' id='word_1_146' title='bbox 3396 732 3518 770; x_wconf 80' lang='lat' dir='ltr'><strong><em>vero</em></strong></span> 
     </span>
    </p>
   </div>
   <div class='ocr_carea' id='block_1_21' title="bbox 1900 798 3519 873">
    <p class='ocr_par' dir='ltr' id='par_1_21' title="bbox 1900 798 3519 873">
     <span class='ocr_line' id='line_1_21' title="bbox 1900 798 3519 873; baseline 0.008 -24"><span class='ocrx_word' id='word_1_147' title='bbox 1900 798 1983 850; x_wconf 87' lang='lat' dir='ltr'><strong><em>hic</em></strong></span> <span class='ocrx_word' id='word_1_148' title='bbox 2014 814 2123 851; x_wconf 90' lang='lat' dir='ltr'><strong><em>mos</em></strong></span> <span class='ocrx_word' id='word_1_149' title='bbox 2150 801 2207 851; x_wconf 89' lang='lat' dir='ltr'><strong><em>in</em></strong></span> <span class='ocrx_word' id='word_1_150' title='bbox 2234 800 2428 853; x_wconf 86' lang='lat' dir='ltr'><strong><em>Galliis</em></strong></span> <span class='ocrx_word' id='word_1_151' title='bbox 2454 806 2579 853; x_wconf 84' lang='lat' dir='ltr'><strong><em>ante</em></strong></span> <span class='ocrx_word' id='word_1_152' title='bbox 2604 801 2849 868; x_wconf 82' lang='lat' dir='ltr'><strong><em>Gregorii</em></strong></span> <span class='ocrx_word' id='word_1_153' title='bbox 2866 805 3057 869; x_wconf 86' lang='lat' dir='ltr'><strong><em>Magni</em></strong></span> <span class='ocrx_word' id='word_1_154' title='bbox 3080 810 3317 873; x_wconf 85' lang='lat' dir='ltr'><strong><em>tempora</em></strong></span> <span class='ocrx_word' id='word_1_155' title='bbox 3341 823 3519 862; x_wconf 72' lang='lat' dir='ltr'><strong><em>serva-</em></strong></span> 
     </span>
    </p>
   </div>
   <div class='ocr_carea' id='block_1_22' title="bbox 1898 893 3518 966">
    <p class='ocr_par' dir='ltr' id='par_1_22' title="bbox 1898 893 3518 966">
     <span class='ocr_line' id='line_1_22' title="bbox 1898 893 3518 966; baseline 0.007 -25"><span class='ocrx_word' id='word_1_156' title='bbox 1898 894 2069 951; x_wconf 86' lang='lat' dir='ltr'><strong><em>retur,</em></strong></span> <span class='ocrx_word' id='word_1_157' title='bbox 2105 906 2211 943; x_wconf 87' lang='lat' dir='ltr'><strong><em>non</em></strong></span> <span class='ocrx_word' id='word_1_158' title='bbox 2251 893 2329 944; x_wconf 90' lang='lat' dir='ltr'><strong><em>ita</em></strong></span> <span class='ocrx_word' id='word_1_159' title='bbox 2368 893 2553 961; x_wconf 86' lang='lat' dir='ltr'><strong><em>liquet.</em></strong></span> <span class='ocrx_word' id='word_1_160' title='bbox 2592 894 2659 946; x_wconf 89' lang='lat' dir='ltr'><strong><em>Id</em></strong></span> <span class='ocrx_word' id='word_1_161' title='bbox 2695 899 2870 947; x_wconf 87' lang='lat' dir='ltr'><strong><em>tamen</em></strong></span> <span class='ocrx_word' id='word_1_162' title='bbox 2906 896 3178 962; x_wconf 84' lang='lat' dir='ltr'><strong><em>colligitur</em></strong></span> <span class='ocrx_word' id='word_1_163' title='bbox 3224 914 3290 951; x_wconf 77' lang='lat' dir='ltr'><strong><em>ea:</em></strong></span> <span class='ocrx_word' id='word_1_164' title='bbox 3327 900 3518 966; x_wconf 88' lang='lat' dir='ltr'><strong><em>regula</em></strong></span> 
     </span>
    </p>
   </div>
   <div class='ocr_carea' id='block_1_23' title="bbox 1898 982 3512 1053">
    <p class='ocr_par' dir='ltr' id='par_1_23' title="bbox 1898 982 3512 1053">
     <span class='ocr_line' id='line_1_23' title="bbox 1898 982 3512 1053; baseline 0.008 -20"><span class='ocrx_word' id='word_1_165' title='bbox 1898 982 2151 1047; x_wconf 83' lang='lat' dir='ltr'><strong><em>Magistri</em></strong></span> <span class='ocrx_word' id='word_1_166' title='bbox 2173 985 2231 1035; x_wconf 90' lang='lat' dir='ltr'><strong><em>in</em></strong></span> <span class='ocrx_word' id='word_1_167' title='bbox 2260 1000 2377 1051; x_wconf 89' lang='lat' dir='ltr'><strong><em>cap.</em></strong></span> <span class='ocrx_word' id='word_1_168' title='bbox 2404 988 2489 1049; x_wconf 76' lang='lat'><strong><em>53,</em></strong></span> <span class='ocrx_word' id='word_1_169' title='bbox 2520 985 2615 1038; x_wconf 89' lang='lat' dir='ltr'><strong><em>ubi</em></strong></span> <span class='ocrx_word' id='word_1_170' title='bbox 2638 986 2703 1037; x_wconf 87' lang='lat' dir='ltr'><strong><em>de</em></strong></span> <span class='ocrx_word' id='word_1_171' title='bbox 2722 988 2864 1053; x_wconf 88' lang='lat' dir='ltr'><strong><em>feria</em></strong></span> <span class='ocrx_word' id='word_1_172' title='bbox 2892 993 3044 1041; x_wconf 61' lang='lat' dir='ltr'><strong><em>serta</em></strong></span> <span class='ocrx_word' id='word_1_173' title='bbox 3064 991 3351 1044; x_wconf 65' lang='lat' dir='ltr'><strong><em>Daminicae</em></strong></span> <span class='ocrx_word' id='word_1_174' title='bbox 3382 993 3512 1046; x_wconf 89' lang='lat' dir='ltr'><strong><em>Pas-</em></strong></span> 
     </span>
    </p>
   </div>
   <div class='ocr_carea' id='block_1_24' title="bbox 1898 1075 3517 1150">
    <p class='ocr_par' dir='ltr' id='par_1_24' title="bbox 1898 1075 3517 1150">
     <span class='ocr_line' id='line_1_24' title="bbox 1898 1075 3517 1150; baseline 0.009 -26"><span class='ocrx_word' id='word_1_175' title='bbox 1898 1075 2085 1135; x_wconf 87' lang='lat' dir='ltr'><strong><em>sionis,</em></strong></span> <span class='ocrx_word' id='word_1_176' title='bbox 2113 1090 2275 1143; x_wconf 88' lang='lat' dir='ltr'><strong><em>quam</em></strong></span> <span class='ocrx_word' id='word_1_177' title='bbox 2303 1078 2417 1129; x_wconf 89' lang='lat' dir='ltr'><strong><em>sine</em></strong></span> <span class='ocrx_word' id='word_1_178' title='bbox 2442 1079 2726 1142; x_wconf 82' lang='lat' dir='ltr'><strong><em>refectione</em></strong></span> <span class='ocrx_word' id='word_1_179' title='bbox 2765 1081 2999 1145; x_wconf 86' lang='lat' dir='ltr'><strong><em>transigi</em></strong></span> <span class='ocrx_word' id='word_1_180' title='bbox 3018 1083 3285 1150; x_wconf 69' lang='lat' dir='ltr'><strong><em>prwcipit.</em></strong></span> <span class='ocrx_word' id='word_1_181' title='bbox 3313 1084 3399 1139; x_wconf 85' lang='lat' dir='ltr'><strong><em>Sic</em></strong></span> <span class='ocrx_word' id='word_1_182' title='bbox 3422 1099 3517 1137; x_wconf 87' lang='lat' dir='ltr'><strong><em>au-</em></strong></span> 
     </span>
    </p>
   </div>
   <div class='ocr_carea' id='block_1_25' title="bbox 1900 1166 3515 1243">
    <p class='ocr_par' dir='ltr' id='par_1_25' title="bbox 1900 1166 3515 1243">
     <span class='ocr_line' id='line_1_25' title="bbox 1900 1166 3515 1243; baseline 0.007 -26"><span class='ocrx_word' id='word_1_183' title='bbox 1900 1169 2003 1218; x_wconf 88' lang='lat' dir='ltr'><strong><em>tem</em></strong></span> <span class='ocrx_word' id='word_1_184' title='bbox 2032 1166 2216 1219; x_wconf 82' lang='lat' dir='ltr'><strong><em>subdit</em></strong></span> <span class='ocrx_word' id='word_1_185' title='bbox 2250 1185 2266 1219; x_wconf 89' lang='lat'><strong><em>:</em></strong></span> <span class='ocrx_word' id='word_1_186' title='bbox 2311 1187 2337 1213; x_wconf 92' lang='grc'><strong><em>‹‹</em></strong></span> <span class='ocrx_word' id='word_1_187' title='bbox 2383 1168 2752 1223; x_wconf 72' lang='lat' dir='ltr'><strong><em>Sacramenta</em></strong></span> <span class='ocrx_word' id='word_1_188' title='bbox 2792 1186 2924 1223; x_wconf 89' lang='lat' dir='ltr'><strong><em>vero</em></strong></span> <span class='ocrx_word' id='word_1_189' title='bbox 2965 1172 3160 1225; x_wconf 87' lang='lat' dir='ltr'><strong><em>altaris</em></strong></span> <span class='ocrx_word' id='word_1_190' title='bbox 3203 1172 3259 1226; x_wconf 89' lang='lat' dir='ltr'><strong><em>in</em></strong></span> <span class='ocrx_word' id='word_1_191' title='bbox 3304 1177 3515 1243; x_wconf 89' lang='lat' dir='ltr'><strong><em>patena</em></strong></span> 
     </span>
    </p>
   </div>
   <div class='ocr_carea' id='block_1_26' title="bbox 1897 1257 3513 1326">
    <p class='ocr_par' dir='ltr' id='par_1_26' title="bbox 1897 1257 3513 1326">
     <span class='ocr_line' id='line_1_26' title="bbox 1897 1257 3513 1326; baseline 0.007 -18"><span class='ocrx_word' id='word_1_192' title='bbox 1897 1257 2117 1326; x_wconf 82' lang='lat' dir='ltr'><strong><em>majore</em></strong></span> <span class='ocrx_word' id='word_1_193' title='bbox 2146 1258 2323 1312; x_wconf 87' lang='lat' dir='ltr'><strong><em>vitrea</em></strong></span> <span class='ocrx_word' id='word_1_194' title='bbox 2344 1260 2645 1314; x_wconf 79' lang='lat' dir='ltr'><strong><em>ﬁniantur:</em></strong></span> <span class='ocrx_word' id='word_1_195' title='bbox 2670 1264 2731 1314; x_wconf 89' lang='lat' dir='ltr'><strong><em>ut</em></strong></span> <span class='ocrx_word' id='word_1_196' title='bbox 2755 1278 2882 1315; x_wconf 91' lang='lat' dir='ltr'><strong><em>cum</em></strong></span> <span class='ocrx_word' id='word_1_197' title='bbox 2905 1266 3061 1317; x_wconf 85' lang='lat' dir='ltr'><strong><em>sexta</em></strong></span> <span class='ocrx_word' id='word_1_198' title='bbox 3082 1264 3225 1318; x_wconf 86' lang='lat' dir='ltr'><strong><em>feria</em></strong></span> <span class='ocrx_word' id='word_1_199' title='bbox 3241 1265 3419 1319; x_wconf 67' lang='lat' dir='ltr'><strong><em>Iudici</em></strong></span> <span class='ocrx_word' id='word_1_200' title='bbox 3442 1266 3513 1320; x_wconf 89' lang='lat' dir='ltr'><strong><em>ad</em></strong></span> 
     </span>
    </p>
   </div>
   <div class='ocr_carea' id='block_1_27' title="bbox 1898 1348 3508 1423">
    <p class='ocr_par' dir='ltr' id='par_1_27' title="bbox 1898 1348 3508 1423">
     <span class='ocr_line' id='line_1_27' title="bbox 1898 1348 3508 1423; baseline 0.007 -23"><span class='ocrx_word' id='word_1_201' title='bbox 1898 1348 2221 1417; x_wconf 83' lang='lat' dir='ltr'><strong><em>passionem</em></strong></span> <span class='ocrx_word' id='word_1_202' title='bbox 2245 1350 2529 1404; x_wconf 80' lang='lat' dir='ltr'><strong><em>Christum</em></strong></span> <span class='ocrx_word' id='word_1_203' title='bbox 2552 1352 2897 1421; x_wconf 75' lang='lat' dir='ltr'><strong><em>quaesierint,</em></strong></span> <span class='ocrx_word' id='word_1_204' title='bbox 2918 1354 2988 1407; x_wconf 92' lang='lat' dir='ltr'><strong><em>sit</em></strong></span> <span class='ocrx_word' id='word_1_205' title='bbox 3007 1355 3129 1423; x_wconf 90' lang='lat' dir='ltr'><strong><em>ipso</em></strong></span> <span class='ocrx_word' id='word_1_206' title='bbox 3155 1355 3247 1409; x_wconf 89' lang='lat' dir='ltr'><strong><em>die</em></strong></span> <span class='ocrx_word' id='word_1_207' title='bbox 3269 1356 3326 1409; x_wconf 92' lang='lat' dir='ltr'><strong><em>in</em></strong></span> <span class='ocrx_word' id='word_1_208' title='bbox 3348 1373 3508 1410; x_wconf 91' lang='lat' dir='ltr'><strong><em>men-</em></strong></span> 
     </span>
    </p>
   </div>
   <div class='ocr_carea' id='block_1_28' title="bbox 1897 1439 3509 1517">
    <p class='ocr_par' dir='ltr' id='par_1_28' title="bbox 1897 1439 3509 1517">
     <span class='ocr_line' id='line_1_28' title="bbox 1897 1439 3509 1517; baseline 0.006 -25"><span class='ocrx_word' id='word_1_209' title='bbox 1897 1439 2045 1493; x_wconf 90' lang='lat' dir='ltr'><strong><em>tibus</em></strong></span> <span class='ocrx_word' id='word_1_210' title='bbox 2076 1441 2282 1494; x_wconf 85' lang='lat' dir='ltr'><strong><em>nostris</em></strong></span> <span class='ocrx_word' id='word_1_211' title='bbox 2312 1443 2581 1509; x_wconf 89' lang='lat' dir='ltr'><strong><em>reclusus,</em></strong></span> <span class='ocrx_word' id='word_1_212' title='bbox 2620 1448 2681 1496; x_wconf 91' lang='lat' dir='ltr'><strong><em>ut</em></strong></span> <span class='ocrx_word' id='word_1_213' title='bbox 2711 1444 2957 1499; x_wconf 87' lang='lat' dir='ltr'><strong><em>Sabbato</em></strong></span> <span class='ocrx_word' id='word_1_214' title='bbox 2989 1446 3152 1500; x_wconf 90' lang='lat' dir='ltr'><strong><em>nobis</em></strong></span> <span class='ocrx_word' id='word_1_215' title='bbox 3183 1464 3286 1517; x_wconf 90' lang='lat' dir='ltr'><strong><em>per</em></strong></span> <span class='ocrx_word' id='word_1_216' title='bbox 3322 1464 3509 1502; x_wconf 89' lang='lat' dir='ltr'><strong><em>resur-</em></strong></span> 
     </span>
    </p>
   </div>
   <div class='ocr_carea' id='block_1_29' title="bbox 1894 1532 3512 1611">
    <p class='ocr_par' dir='ltr' id='par_1_29' title="bbox 1894 1532 3512 1611">
     <span class='ocr_line' id='line_1_29' title="bbox 1894 1532 3512 1611; baseline 0.007 -28"><span class='ocrx_word' id='word_1_217' title='bbox 1894 1532 2209 1587; x_wconf 89' lang='lat' dir='ltr'><strong><em>rectionem</em></strong></span> <span class='ocrx_word' id='word_1_218' title='bbox 2252 1534 2310 1587; x_wconf 90' lang='lat' dir='ltr'><strong><em>in</em></strong></span> <span class='ocrx_word' id='word_1_219' title='bbox 2351 1550 2497 1589; x_wconf 88' lang='lat' dir='ltr'><strong><em>novo</em></strong></span> <span class='ocrx_word' id='word_1_220' title='bbox 2534 1540 2891 1590; x_wconf 89' lang='lat' dir='ltr'><strong><em>sacramento</em></strong></span> <span class='ocrx_word' id='word_1_221' title='bbox 2923 1543 3214 1608; x_wconf 87' lang='lat' dir='ltr'><strong><em>appareat.</em></strong></span> <span class='ocrx_word' id='word_1_222' title='bbox 3254 1541 3379 1594; x_wconf 78' lang='lat' dir='ltr'><strong><em>Iam</em></strong></span> <span class='ocrx_word' id='word_1_223' title='bbox 3413 1541 3512 1611; x_wconf 85' lang='lat' dir='ltr'><strong><em>qui</em></strong></span> 
     </span>
    </p>
   </div>
   <div class='ocr_carea' id='block_1_30' title="bbox 1895 1625 3511 1695">
    <p class='ocr_par' dir='ltr' id='par_1_30' title="bbox 1895 1625 3511 1695">
     <span class='ocr_line' id='line_1_30' title="bbox 1895 1625 3511 1695; baseline 0.006 -19"><span class='ocrx_word' id='word_1_224' title='bbox 1895 1628 2047 1677; x_wconf 85' lang='lat' dir='ltr'><strong><em>sexta</em></strong></span> <span class='ocrx_word' id='word_1_225' title='bbox 2100 1625 2244 1679; x_wconf 87' lang='lat' dir='ltr'><strong><em>feria</em></strong></span> <span class='ocrx_word' id='word_1_226' title='bbox 2284 1626 2550 1680; x_wconf 84' lang='lat' dir='ltr'><strong><em>refecturi</em></strong></span> <span class='ocrx_word' id='word_1_227' title='bbox 2590 1631 2739 1695; x_wconf 90' lang='lat' dir='ltr'><strong><em>sunt,</em></strong></span> <span class='ocrx_word' id='word_1_228' title='bbox 2769 1628 2889 1682; x_wconf 91' lang='lat' dir='ltr'><strong><em>sine</em></strong></span> <span class='ocrx_word' id='word_1_229' title='bbox 2939 1632 3342 1685; x_wconf 89' lang='lat' dir='ltr'><strong><em>communione</em></strong></span> <span class='ocrx_word' id='word_1_230' title='bbox 3386 1633 3511 1685; x_wconf 83' lang='lat' dir='ltr'><strong><em>reﬁ-</em></strong></span> 
     </span>
    </p>
   </div>
   <div class='ocr_carea' id='block_1_31' title="bbox 1892 1714 3504 1789">
    <p class='ocr_par' dir='ltr' id='par_1_31' title="bbox 1892 1714 3504 1789">
     <span class='ocr_line' id='line_1_31' title="bbox 1892 1714 3504 1789; baseline 0.004 -22"><span class='ocrx_word' id='word_1_231' title='bbox 1892 1714 2087 1770; x_wconf 88' lang='lat' dir='ltr'><strong><em>ciant:</em></strong></span> <span class='ocrx_word' id='word_1_232' title='bbox 2117 1720 2179 1769; x_wconf 91' lang='lat' dir='ltr'><strong><em>ut</em></strong></span> <span class='ocrx_word' id='word_1_233' title='bbox 2214 1722 2557 1786; x_wconf 85' lang='lat' dir='ltr'><strong><em>agnoscatur</em></strong></span> <span class='ocrx_word' id='word_1_234' title='bbox 2600 1719 2807 1789; x_wconf 85' lang='lat' dir='ltr'><strong><em>injuste</em></strong></span> <span class='ocrx_word' id='word_1_235' title='bbox 2847 1722 2999 1776; x_wconf 84' lang='lat' dir='ltr'><strong><em>refici</em></strong></span> <span class='ocrx_word' id='word_1_236' title='bbox 3038 1722 3158 1776; x_wconf 88' lang='lat' dir='ltr'><strong><em>sine</em></strong></span> <span class='ocrx_word' id='word_1_237' title='bbox 3201 1723 3443 1778; x_wconf 84' lang='lat' dir='ltr'><strong><em>Christo.</em></strong></span> <span class='ocrx_word' id='word_1_238' title='bbox 3476 1745 3504 1773; x_wconf 87' lang='grc'><strong>››</strong></span> 
     </span>
    </p>
   </div>
   <div class='ocr_carea' id='block_1_32' title="bbox 1961 1808 3513 1884">
    <p class='ocr_par' dir='ltr' id='par_1_32' title="bbox 1961 1808 3513 1884">
     <span class='ocr_line' id='line_1_32' title="bbox 1961 1808 3513 1884; baseline 0.006 -24"><span class='ocrx_word' id='word_1_239' title='bbox 1961 1810 2047 1861; x_wconf 90' lang='lat' dir='ltr'><strong><em>Ita</em></strong></span> <span class='ocrx_word' id='word_1_240' title='bbox 2078 1808 2256 1862; x_wconf 76' lang='lat' dir='ltr'><strong><em>Codea:</em></strong></span> <span class='ocrx_word' id='word_1_241' title='bbox 2271 1811 2617 1864; x_wconf 83' lang='lat' dir='ltr'><strong><em>Corbeiensis.</em></strong></span> <span class='ocrx_word' id='word_1_242' title='bbox 2652 1813 2782 1866; x_wconf 89' lang='lat' dir='ltr'><strong><em>Cum</em></strong></span> <span class='ocrx_word' id='word_1_243' title='bbox 2808 1829 2929 1880; x_wconf 86' lang='lat' dir='ltr'><strong><em>ergo</em></strong></span> <span class='ocrx_word' id='word_1_244' title='bbox 2950 1817 3009 1867; x_wconf 89' lang='lat' dir='ltr'><strong><em>in</em></strong></span> <span class='ocrx_word' id='word_1_245' title='bbox 3028 1831 3246 1883; x_wconf 81' lang='lat' dir='ltr'><strong><em>pomum</em></strong></span> <span class='ocrx_word' id='word_1_246' title='bbox 3269 1818 3513 1884; x_wconf 81' lang='lat' dir='ltr'><strong><em>percepti</em></strong></span> 
     </span>
    </p>
   </div>
   <div class='ocr_carea' id='block_1_33' title="bbox 162 1894 3507 1975">
    <p class='ocr_par' dir='ltr' id='par_1_33' title="bbox 162 1894 3507 1975">
     <span class='ocr_line' id='line_1_33' title="bbox 162 1894 3507 1975; baseline 0.004 -27"><span class='ocrx_word' id='word_1_247' title='bbox 162 1905 231 1953; x_wconf 71' lang='lat' dir='ltr'><strong><em>cio</em></strong></span> <span class='ocrx_word' id='word_1_248' title='bbox 266 1904 442 1955; x_wconf 68' lang='lat' dir='ltr'><strong><em>missa:</em></strong></span> <span class='ocrx_word' id='word_1_249' title='bbox 484 1904 547 1956; x_wconf 81' lang='lat' dir='ltr'><strong><em>in</em></strong></span> <span class='ocrx_word' id='word_1_250' title='bbox 593 1902 761 1957; x_wconf 53' lang='lat' dir='ltr'><strong><em>Clem;</em></strong></span> <span class='ocrx_word' id='word_1_251' title='bbox 796 1906 1042 1968; x_wconf 73' lang='lat' dir='ltr'><strong><em>Domini;</em></strong></span> <span class='ocrx_word' id='word_1_252' title='bbox 1072 1908 1340 1973; x_wconf 74' lang='lat' dir='ltr'><strong><em>posterior</em></strong></span> <span class='ocrx_word' id='word_1_253' title='bbox 1383 1907 1456 1959; x_wconf 80' lang='lat' dir='ltr'><strong><em>ad</em></strong></span> <span class='ocrx_word' id='word_1_254' title='bbox 1497 1909 1791 1960; x_wconf 70' lang='lat' dir='ltr'><strong><em>matutinos</em></strong></span> <span class='ocrx_word' id='word_1_255' title='bbox 1812 1894 1867 1965; x_wconf 90' lang='lat' dir='ltr'><strong>B</strong></span> <span class='ocrx_word' id='word_1_256' title='bbox 1891 1899 1997 1951; x_wconf 84' lang='lat' dir='ltr'><strong><em>cibi</em></strong></span> <span class='ocrx_word' id='word_1_257' title='bbox 2017 1901 2276 1967; x_wconf 79' lang='lat' dir='ltr'><strong><em>Magister</em></strong></span> <span class='ocrx_word' id='word_1_258' title='bbox 2301 1903 2567 1956; x_wconf 89' lang='lat' dir='ltr'><strong><em>abstinere</em></strong></span> <span class='ocrx_word' id='word_1_259' title='bbox 2597 1920 2631 1955; x_wconf 90' lang='lat' dir='ltr'><strong><em>a</em></strong></span> <span class='ocrx_word' id='word_1_260' title='bbox 2660 1908 3024 1959; x_wconf 87' lang='lat' dir='ltr'><strong><em>communione</em></strong></span> <span class='ocrx_word' id='word_1_261' title='bbox 3050 1907 3149 1960; x_wconf 90' lang='lat' dir='ltr'><strong><em>hac</em></strong></span> <span class='ocrx_word' id='word_1_262' title='bbox 3182 1908 3268 1961; x_wconf 89' lang='lat' dir='ltr'><strong><em>die</em></strong></span> <span class='ocrx_word' id='word_1_263' title='bbox 3282 1908 3507 1975; x_wconf 85' lang='lat' dir='ltr'><strong><em>jubcat;</em></strong></span> 
     </span>
    </p>
   </div>
   <div class='ocr_carea' id='block_1_34' title="bbox 161 1994 1791 2069">
    <p class='ocr_par' dir='ltr' id='par_1_34' title="bbox 161 1994 1791 2069">
     <span class='ocr_line' id='line_1_34' title="bbox 161 1994 1791 2069; baseline 0.004 -23"><span class='ocrx_word' id='word_1_264' title='bbox 161 1994 259 2047; x_wconf 83' lang='lat' dir='ltr'><strong><em>diei</em></strong></span> <span class='ocrx_word' id='word_1_265' title='bbox 285 1997 587 2062; x_wconf 84' lang='lat' dir='ltr'><strong><em>sequentis.</em></strong></span> <span class='ocrx_word' id='word_1_266' title='bbox 623 1995 837 2064; x_wconf 84' lang='lat' dir='ltr'><strong><em>Quippe</em></strong></span> <span class='ocrx_word' id='word_1_267' title='bbox 864 1998 1240 2063; x_wconf 81' lang='lat' dir='ltr'><strong><em>Evangelium,</em></strong></span> <span class='ocrx_word' id='word_1_268' title='bbox 1269 1998 1415 2069; x_wconf 89' lang='lat' dir='ltr'><strong><em>quod</em></strong></span> <span class='ocrx_word' id='word_1_269' title='bbox 1448 2014 1514 2051; x_wconf 74' lang='lat' dir='ltr'><strong><em>ea:</em></strong></span> <span class='ocrx_word' id='word_1_270' title='bbox 1539 2000 1791 2052; x_wconf 76' lang='lat' dir='ltr'><strong><em>Matthzea</em></strong></span> 
     </span>
    </p>
   </div>
   <div class='ocr_carea' id='block_1_35' title="bbox 164 2088 1793 2159">
    <p class='ocr_par' dir='ltr' id='par_1_35' title="bbox 164 2088 1793 2159">
     <span class='ocr_line' id='line_1_35' title="bbox 164 2088 1793 2159; baseline 0.004 -20"><span class='ocrx_word' id='word_1_271' title='bbox 164 2089 344 2153; x_wconf 86' lang='lat' dir='ltr'><strong><em>legitur</em></strong></span> <span class='ocrx_word' id='word_1_272' title='bbox 369 2089 446 2141; x_wconf 88' lang='lat' dir='ltr'><strong><em>ad</em></strong></span> <span class='ocrx_word' id='word_1_273' title='bbox 479 2088 709 2142; x_wconf 65' lang='lat' dir='ltr'><strong><em>Coenam</em></strong></span> <span class='ocrx_word' id='word_1_274' title='bbox 748 2090 984 2150; x_wconf 87' lang='lat' dir='ltr'><strong><em>Domini,</em></strong></span> <span class='ocrx_word' id='word_1_275' title='bbox 1013 2091 1257 2143; x_wconf 67' lang='lat' dir='ltr'><strong><em>existima</em></strong></span> <span class='ocrx_word' id='word_1_276' title='bbox 1285 2092 1558 2159; x_wconf 88' lang='lat' dir='ltr'><strong><em>pertinere</em></strong></span> <span class='ocrx_word' id='word_1_277' title='bbox 1583 2091 1656 2144; x_wconf 90' lang='lat' dir='ltr'><strong><em>ad</em></strong></span> <span class='ocrx_word' id='word_1_278' title='bbox 1677 2093 1793 2145; x_wconf 89' lang='lat' dir='ltr'><strong><em>Ma-</em></strong></span> 
     </span>
    </p>
   </div>
   <div class='ocr_carea' id='block_1_36' title="bbox 162 2182 1792 2253">
    <p class='ocr_par' dir='ltr' id='par_1_36' title="bbox 162 2182 1792 2253">
     <span class='ocr_line' id='line_1_36' title="bbox 162 2182 1792 2253; baseline 0.003 -21"><span class='ocrx_word' id='word_1_279' title='bbox 162 2182 368 2241; x_wconf 82' lang='lat' dir='ltr'><strong><em>tutinos,</em></strong></span> <span class='ocrx_word' id='word_1_280' title='bbox 401 2186 595 2249; x_wconf 85' lang='lat' dir='ltr'><strong><em>utpote</em></strong></span> <span class='ocrx_word' id='word_1_281' title='bbox 651 2182 799 2249; x_wconf 86' lang='lat' dir='ltr'><strong><em>quod</em></strong></span> <span class='ocrx_word' id='word_1_282' title='bbox 833 2183 948 2248; x_wconf 88' lang='lat' dir='ltr'><strong><em>agit</em></strong></span> <span class='ocrx_word' id='word_1_283' title='bbox 992 2183 1057 2235; x_wconf 86' lang='lat' dir='ltr'><strong><em>de</em></strong></span> <span class='ocrx_word' id='word_1_284' title='bbox 1095 2182 1295 2236; x_wconf 83' lang='lat' dir='ltr'><strong><em>Christi</em></strong></span> <span class='ocrx_word' id='word_1_285' title='bbox 1333 2184 1792 2253; x_wconf 83' lang='lat' dir='ltr'><strong><em>comprehensione</em></strong></span> 
     </span>
    </p>
   </div>
   <div class='ocr_carea' id='block_1_37' title="bbox 160 2274 1793 2342">
    <p class='ocr_par' dir='ltr' id='par_1_37' title="bbox 160 2274 1793 2342">
     <span class='ocr_line' id='line_1_37' title="bbox 160 2274 1793 2342; baseline 0.004 -18"><span class='ocrx_word' id='word_1_286' title='bbox 160 2276 296 2338; x_wconf 83' lang='lat' dir='ltr'><strong><em>facta</em></strong></span> <span class='ocrx_word' id='word_1_287' title='bbox 321 2289 426 2342; x_wconf 88' lang='lat' dir='ltr'><strong><em>per</em></strong></span> <span class='ocrx_word' id='word_1_288' title='bbox 468 2274 720 2327; x_wconf 60' lang='lat' dir='ltr'><strong><em>Iudaeos.</em></strong></span> <span class='ocrx_word' id='word_1_289' title='bbox 757 2274 936 2326; x_wconf 85' lang='lat' dir='ltr'><strong><em>Aliud</em></strong></span> <span class='ocrx_word' id='word_1_290' title='bbox 970 2276 1324 2341; x_wconf 83' lang='lat' dir='ltr'><strong><em>Evangelium</em></strong></span> <span class='ocrx_word' id='word_1_291' title='bbox 1362 2276 1436 2329; x_wconf 90' lang='lat' dir='ltr'><strong><em>ad</em></strong></span> <span class='ocrx_word' id='word_1_292' title='bbox 1476 2278 1695 2329; x_wconf 89' lang='lat' dir='ltr'><strong><em>missam</em></strong></span> <span class='ocrx_word' id='word_1_293' title='bbox 1726 2292 1793 2329; x_wconf 73' lang='lat' dir='ltr'><strong><em>ea:</em></strong></span> 
     </span>
    </p>
   </div>
   <div class='ocr_carea' id='block_1_38' title="bbox 162 2367 1793 2436">
    <p class='ocr_par' dir='ltr' id='par_1_38' title="bbox 162 2367 1793 2436">
     <span class='ocr_line' id='line_1_38' title="bbox 162 2367 1793 2436; baseline 0.002 -18"><span class='ocrx_word' id='word_1_294' title='bbox 162 2367 438 2432; x_wconf 70' lang='lat' dir='ltr'><strong><em>Evangelia</em></strong></span> <span class='ocrx_word' id='word_1_295' title='bbox 467 2368 712 2419; x_wconf 86' lang='lat' dir='ltr'><strong><em>Joannis</em></strong></span> <span class='ocrx_word' id='word_1_296' title='bbox 740 2367 807 2420; x_wconf 88' lang='lat' dir='ltr'><strong><em>de</em></strong></span> <span class='ocrx_word' id='word_1_297' title='bbox 837 2367 996 2420; x_wconf 70' lang='lat' dir='ltr'><strong><em>Coena</em></strong></span> <span class='ocrx_word' id='word_1_298' title='bbox 1025 2369 1195 2434; x_wconf 88' lang='lat' dir='ltr'><strong><em>magis</em></strong></span> <span class='ocrx_word' id='word_1_299' title='bbox 1227 2369 1482 2436; x_wconf 87' lang='lat' dir='ltr'><strong><em>quadrat.</em></strong></span> <span class='ocrx_word' id='word_1_300' title='bbox 1512 2370 1715 2423; x_wconf 84' lang='lat' dir='ltr'><strong><em>Deinde</em></strong></span> <span class='ocrx_word' id='word_1_301' title='bbox 1744 2372 1793 2423; x_wconf 88' lang='lat' dir='ltr'><strong><em>si</em></strong></span> 
     </span>
    </p>
   </div>
   <div class='ocr_carea' id='block_1_39' title="bbox 164 2460 1791 2528">
    <p class='ocr_par' dir='ltr' id='par_1_39' title="bbox 164 2460 1791 2528">
     <span class='ocr_line' id='line_1_39' title="bbox 164 2460 1791 2528; baseline 0.002 -17"><span class='ocrx_word' id='word_1_302' title='bbox 164 2460 294 2525; x_wconf 86' lang='lat' dir='ltr'><strong><em>quod</em></strong></span> <span class='ocrx_word' id='word_1_303' title='bbox 316 2460 476 2512; x_wconf 86' lang='lat' dir='ltr'><strong><em>aliud</em></strong></span> <span class='ocrx_word' id='word_1_304' title='bbox 490 2461 748 2528; x_wconf 88' lang='lat' dir='ltr'><strong><em>ofﬁcium</em></strong></span> <span class='ocrx_word' id='word_1_305' title='bbox 776 2475 995 2513; x_wconf 87' lang='lat' dir='ltr'><strong><em>numero</em></strong></span> <span class='ocrx_word' id='word_1_306' title='bbox 1016 2462 1313 2527; x_wconf 88' lang='lat' dir='ltr'><strong><em>marginali</em></strong></span> <span class='ocrx_word' id='word_1_307' title='bbox 1336 2465 1469 2515; x_wconf 88' lang='lat' dir='ltr'><strong><em>esset</em></strong></span> <span class='ocrx_word' id='word_1_308' title='bbox 1494 2462 1791 2515; x_wconf 88' lang='lat' dir='ltr'><strong><em>notandum</em></strong></span> 
     </span>
    </p>
   </div>
   <div class='ocr_carea' id='block_1_40' title="bbox 158 2552 1792 2620">
    <p class='ocr_par' dir='ltr' id='par_1_40' title="bbox 158 2552 1792 2620">
     <span class='ocr_line' id='line_1_40' title="bbox 158 2552 1792 2620; baseline 0.003 -18"><span class='ocrx_word' id='word_1_309' title='bbox 158 2567 248 2618; x_wconf 85' lang='lat' dir='ltr'><strong><em>pro</em></strong></span> <span class='ocrx_word' id='word_1_310' title='bbox 274 2552 356 2605; x_wconf 84' lang='lat' dir='ltr'><strong><em>die</em></strong></span> <span class='ocrx_word' id='word_1_311' title='bbox 384 2554 719 2606; x_wconf 69' lang='lat' dir='ltr'><strong><em>Paraseeves</em></strong></span> <span class='ocrx_word' id='word_1_312' title='bbox 740 2557 865 2620; x_wconf 86' lang='lat' dir='ltr'><strong><em>post</em></strong></span> <span class='ocrx_word' id='word_1_313' title='bbox 890 2555 1210 2615; x_wconf 88' lang='lat' dir='ltr'><strong><em>Matutinos,</em></strong></span> <span class='ocrx_word' id='word_1_314' title='bbox 1244 2570 1351 2606; x_wconf 90' lang='lat' dir='ltr'><strong><em>non</em></strong></span> <span class='ocrx_word' id='word_1_315' title='bbox 1379 2554 1536 2607; x_wconf 87' lang='lat' dir='ltr'><strong><em>aliud</em></strong></span> <span class='ocrx_word' id='word_1_316' title='bbox 1560 2557 1792 2607; x_wconf 88' lang='lat' dir='ltr'><strong><em>occurrit</em></strong></span> 
     </span>
    </p>
   </div>
   <div class='ocr_carea' id='block_1_41' title="bbox 164 2646 1785 2713">
    <p class='ocr_par' dir='ltr' id='par_1_41' title="bbox 164 2646 1785 2713">
     <span class='ocr_line' id='line_1_41' title="bbox 164 2646 1785 2713; baseline 0.003 -17"><span class='ocrx_word' id='word_1_317' title='bbox 164 2660 307 2711; x_wconf 83' lang='lat' dir='ltr'><strong><em>quam</em></strong></span> <span class='ocrx_word' id='word_1_318' title='bbox 342 2648 585 2713; x_wconf 86' lang='lat' dir='ltr'><strong><em>ofﬁcium</em></strong></span> <span class='ocrx_word' id='word_1_319' title='bbox 634 2646 853 2707; x_wconf 63' lang='lat' dir='ltr'><strong><em>Primae,</em></strong></span> <span class='ocrx_word' id='word_1_320' title='bbox 893 2647 1039 2713; x_wconf 89' lang='lat' dir='ltr'><strong><em>quod</em></strong></span> <span class='ocrx_word' id='word_1_321' title='bbox 1070 2648 1129 2699; x_wconf 87' lang='lat' dir='ltr'><strong><em>in</em></strong></span> <span class='ocrx_word' id='word_1_322' title='bbox 1164 2648 1259 2699; x_wconf 86' lang='lat' dir='ltr'><strong><em>hac</em></strong></span> <span class='ocrx_word' id='word_1_323' title='bbox 1288 2648 1623 2700; x_wconf 89' lang='lat' dir='ltr'><strong><em>Lectionario</em></strong></span> <span class='ocrx_word' id='word_1_324' title='bbox 1658 2664 1785 2701; x_wconf 87' lang='lat' dir='ltr'><strong><em>nus-</em></strong></span> 
     </span>
    </p>
   </div>
   <div class='ocr_carea' id='block_1_42' title="bbox 164 2740 1791 2808">
    <p class='ocr_par' dir='ltr' id='par_1_42' title="bbox 164 2740 1791 2808">
     <span class='ocr_line' id='line_1_42' title="bbox 164 2740 1791 2808; baseline 0.002 -20"><span class='ocrx_word' id='word_1_325' title='bbox 164 2754 309 2804; x_wconf 86' lang='lat' dir='ltr'><strong><em>quam</em></strong></span> <span class='ocrx_word' id='word_1_326' title='bbox 348 2743 680 2806; x_wconf 83' lang='lat' dir='ltr'><strong><em>comparet:</em></strong></span> <span class='ocrx_word' id='word_1_327' title='bbox 727 2741 943 2791; x_wconf 83' lang='lat' dir='ltr'><strong><em>tametsi</em></strong></span> <span class='ocrx_word' id='word_1_328' title='bbox 986 2742 1269 2808; x_wconf 85' lang='lat' dir='ltr'><strong><em>aptissima</em></strong></span> <span class='ocrx_word' id='word_1_329' title='bbox 1312 2740 1429 2806; x_wconf 84' lang='lat' dir='ltr'><strong><em>ejus</em></strong></span> <span class='ocrx_word' id='word_1_330' title='bbox 1472 2740 1791 2805; x_wconf 87' lang='lat' dir='ltr'><strong><em>assignandi</em></strong></span> 
     </span>
    </p>
   </div>
   <div class='ocr_carea' id='block_1_43' title="bbox 164 2832 1788 2900">
    <p class='ocr_par' dir='ltr' id='par_1_43' title="bbox 164 2832 1788 2900">
     <span class='ocr_line' id='line_1_43' title="bbox 164 2832 1788 2900; baseline 0.001 -18"><span class='ocrx_word' id='word_1_331' title='bbox 164 2833 348 2883; x_wconf 85' lang='lat' dir='ltr'><strong><em>occasio</em></strong></span> <span class='ocrx_word' id='word_1_332' title='bbox 373 2836 513 2893; x_wconf 87' lang='lat' dir='ltr'><strong><em>erat,</em></strong></span> <span class='ocrx_word' id='word_1_333' title='bbox 536 2833 857 2899; x_wconf 65' lang='lat' dir='ltr'><strong><em>praesertim</em></strong></span> <span class='ocrx_word' id='word_1_334' title='bbox 881 2833 939 2883; x_wconf 89' lang='lat' dir='ltr'><strong><em>in</em></strong></span> <span class='ocrx_word' id='word_1_335' title='bbox 969 2832 1151 2885; x_wconf 88' lang='lat' dir='ltr'><strong><em>triduo</em></strong></span> <span class='ocrx_word' id='word_1_336' title='bbox 1180 2833 1552 2897; x_wconf 86' lang='lat' dir='ltr'><strong><em>Rogationum,</em></strong></span> <span class='ocrx_word' id='word_1_337' title='bbox 1582 2834 1638 2884; x_wconf 89' lang='lat' dir='ltr'><strong><em>in</em></strong></span> <span class='ocrx_word' id='word_1_338' title='bbox 1666 2834 1788 2900; x_wconf 87' lang='lat' dir='ltr'><strong><em>qui-</em></strong></span> 
     </span>
    </p>
   </div>
   <div class='ocr_carea' id='block_1_44' title="bbox 168 2922 1790 2992">
    <p class='ocr_par' dir='ltr' id='par_1_44' title="bbox 168 2922 1790 2992">
     <span class='ocr_line' id='line_1_44' title="bbox 168 2922 1790 2992; baseline 0.002 -18"><span class='ocrx_word' id='word_1_339' title='bbox 168 2922 251 2975; x_wconf 85' lang='lat' dir='ltr'><strong><em>bus</em></strong></span> <span class='ocrx_word' id='word_1_340' title='bbox 269 2930 389 2991; x_wconf 88' lang='lat' dir='ltr'><strong><em>post</em></strong></span> <span class='ocrx_word' id='word_1_341' title='bbox 408 2926 665 2992; x_wconf 88' lang='lat' dir='ltr'><strong><em>ofﬁcium</em></strong></span> <span class='ocrx_word' id='word_1_342' title='bbox 682 2923 753 2976; x_wconf 88' lang='lat' dir='ltr'><strong><em>ad</em></strong></span> <span class='ocrx_word' id='word_1_343' title='bbox 775 2924 1070 2977; x_wconf 87' lang='lat' dir='ltr'><strong><em>Matutinos</em></strong></span> <span class='ocrx_word' id='word_1_344' title='bbox 1083 2926 1265 2977; x_wconf 89' lang='lat' dir='ltr'><strong><em>statim</em></strong></span> <span class='ocrx_word' id='word_1_345' title='bbox 1281 2925 1534 2977; x_wconf 86' lang='lat' dir='ltr'><strong><em>subditur</em></strong></span> <span class='ocrx_word' id='word_1_346' title='bbox 1554 2926 1790 2992; x_wconf 86' lang='lat' dir='ltr'><strong><em>ofﬁcium</em></strong></span> 
     </span>
    </p>
   </div>
   <div class='ocr_carea' id='block_1_45' title="bbox 165 3016 1790 3085">
    <p class='ocr_par' dir='ltr' id='par_1_45' title="bbox 165 3016 1790 3085">
     <span class='ocr_line' id='line_1_45' title="bbox 165 3016 1790 3085; baseline 0 -17"><span class='ocrx_word' id='word_1_347' title='bbox 165 3016 225 3068; x_wconf 84' lang='lat' dir='ltr'><strong><em>ad</em></strong></span> <span class='ocrx_word' id='word_1_348' title='bbox 250 3017 509 3070; x_wconf 89' lang='lat' dir='ltr'><strong><em>Tertiam.</em></strong></span> <span class='ocrx_word' id='word_1_349' title='bbox 540 3018 745 3084; x_wconf 85' lang='lat' dir='ltr'><strong><em>Itaque</em></strong></span> <span class='ocrx_word' id='word_1_350' title='bbox 774 3018 1014 3085; x_wconf 88' lang='lat' dir='ltr'><strong><em>ofﬁcium</em></strong></span> <span class='ocrx_word' id='word_1_351' title='bbox 1051 3018 1443 3071; x_wconf 87' lang='lat' dir='ltr'><strong><em>Matutinarum</em></strong></span> <span class='ocrx_word' id='word_1_352' title='bbox 1478 3018 1790 3083; x_wconf 87' lang='lat' dir='ltr'><strong><em>assignatur</em></strong></span> 
     </span>
    </p>
   </div>
   <div class='ocr_carea' id='block_1_46' title="bbox 161 3109 1786 3178">
    <p class='ocr_par' dir='ltr' id='par_1_46' title="bbox 161 3109 1786 3178">
     <span class='ocr_line' id='line_1_46' title="bbox 161 3109 1786 3178; baseline 0.002 -19"><span class='ocrx_word' id='word_1_353' title='bbox 161 3124 250 3175; x_wconf 87' lang='lat' dir='ltr'><strong><em>pro</em></strong></span> <span class='ocrx_word' id='word_1_354' title='bbox 272 3110 401 3162; x_wconf 87' lang='lat' dir='ltr'><strong><em>hora</em></strong></span> <span class='ocrx_word' id='word_1_355' title='bbox 425 3111 656 3171; x_wconf 69' lang='lat' dir='ltr'><strong><em>Piirtiw,</em></strong></span> <span class='ocrx_word' id='word_1_356' title='bbox 686 3124 807 3162; x_wconf 89' lang='lat' dir='ltr'><strong><em>cum</em></strong></span> <span class='ocrx_word' id='word_1_357' title='bbox 832 3109 917 3163; x_wconf 88' lang='lat' dir='ltr'><strong><em>hic</em></strong></span> <span class='ocrx_word' id='word_1_358' title='bbox 941 3109 1302 3178; x_wconf 85' lang='lat' dir='ltr'><strong><em>subsequatur</em></strong></span> <span class='ocrx_word' id='word_1_359' title='bbox 1325 3111 1562 3177; x_wconf 82' lang='lat' dir='ltr'><strong><em>ofﬁcium</em></strong></span> <span class='ocrx_word' id='word_1_360' title='bbox 1590 3109 1660 3163; x_wconf 89' lang='lat' dir='ltr'><strong><em>ad</em></strong></span> <span class='ocrx_word' id='word_1_361' title='bbox 1687 3109 1786 3163; x_wconf 88' lang='lat' dir='ltr'><strong><em>Se-</em></strong></span> 
     </span>
    </p>
   </div>
   <div class='ocr_carea' id='block_1_47' title="bbox 168 3202 1207 3256">
    <p class='ocr_par' dir='ltr' id='par_1_47' title="bbox 168 3202 1207 3256">
     <span class='ocr_line' id='line_1_47' title="bbox 168 3202 1207 3256; baseline 0.009 -3"><span class='ocrx_word' id='word_1_362' title='bbox 168 3202 413 3256; x_wconf 88' lang='lat' dir='ltr'><strong><em>cundam.</em></strong></span> <span class='ocrx_word' id='word_1_363' title='bbox 1194 3206 1207 3209; x_wconf 16' lang='grc' dir='ltr'><em>ἡ</em></span> 
     </span>
    </p>
   </div>
   <div class='ocr_carea' id='block_1_48' title="bbox 1890 1997 3505 2067">
    <p class='ocr_par' dir='ltr' id='par_1_48' title="bbox 1890 1997 3505 2067">
     <span class='ocr_line' id='line_1_48' title="bbox 1890 1997 3505 2067; baseline 0.006 -24"><span class='ocrx_word' id='word_1_364' title='bbox 1890 2006 2211 2060; x_wconf 89' lang='lat' dir='ltr'><strong><em>consequens</em></strong></span> <span class='ocrx_word' id='word_1_365' title='bbox 2242 1998 2319 2047; x_wconf 93' lang='lat' dir='ltr'><strong><em>est</em></strong></span> <span class='ocrx_word' id='word_1_366' title='bbox 2347 1997 2763 2049; x_wconf 86' lang='lat' dir='ltr'><strong><em>communionem</em></strong></span> <span class='ocrx_word' id='word_1_367' title='bbox 2789 1998 2855 2049; x_wconf 89' lang='lat' dir='ltr'><strong><em>iis</em></strong></span> <span class='ocrx_word' id='word_1_368' title='bbox 2877 2000 2974 2064; x_wconf 88' lang='lat' dir='ltr'><strong><em>qui</em></strong></span> <span class='ocrx_word' id='word_1_369' title='bbox 2997 2003 3165 2051; x_wconf 89' lang='lat' dir='ltr'><strong><em>totum</em></strong></span> <span class='ocrx_word' id='word_1_370' title='bbox 3195 1999 3335 2053; x_wconf 89' lang='lat' dir='ltr'><strong><em>diem</em></strong></span> <span class='ocrx_word' id='word_1_371' title='bbox 3354 2001 3505 2067; x_wconf 84' lang='lat' dir='ltr'><strong><em>jeju-</em></strong></span> 
     </span>
    </p>
   </div>
   <div class='ocr_carea' id='block_1_49' title="bbox 1892 2084 3510 2156">
    <p class='ocr_par' dir='ltr' id='par_1_49' title="bbox 1892 2084 3510 2156">
     <span class='ocr_line' id='line_1_49' title="bbox 1892 2084 3510 2156; baseline 0.006 -20"><span class='ocrx_word' id='word_1_372' title='bbox 1892 2084 2098 2137; x_wconf 90' lang='lat' dir='ltr'><strong><em>nabant</em></strong></span> <span class='ocrx_word' id='word_1_373' title='bbox 2148 2086 2474 2153; x_wconf 82' lang='lat' dir='ltr'><strong><em>impertitum</em></strong></span> <span class='ocrx_word' id='word_1_374' title='bbox 2525 2089 2717 2153; x_wconf 87' lang='lat' dir='ltr'><strong><em>fuisse.</em></strong></span> <span class='ocrx_word' id='word_1_375' title='bbox 2749 2089 2816 2140; x_wconf 91' lang='lat' dir='ltr'><strong><em>In</em></strong></span> <span class='ocrx_word' id='word_1_376' title='bbox 2862 2090 3135 2156; x_wconf 87' lang='lat' dir='ltr'><strong><em>Hispania</em></strong></span> <span class='ocrx_word' id='word_1_377' title='bbox 3180 2095 3357 2145; x_wconf 88' lang='lat' dir='ltr'><strong><em>tamen</em></strong></span> <span class='ocrx_word' id='word_1_378' title='bbox 3402 2092 3510 2146; x_wconf 65' lang='lat' dir='ltr'><strong><em>haec</em></strong></span> 
     </span>
    </p>
   </div>
   <div class='ocr_carea' id='block_1_50' title="bbox 1891 2178 3511 2250">
    <p class='ocr_par' dir='ltr' id='par_1_50' title="bbox 1891 2178 3511 2250">
     <span class='ocr_line' id='line_1_50' title="bbox 1891 2178 3511 2250; baseline 0.006 -22"><span class='ocrx_word' id='word_1_379' title='bbox 1891 2178 2186 2229; x_wconf 88' lang='lat' dir='ltr'><strong><em>communio</em></strong></span> <span class='ocrx_word' id='word_1_380' title='bbox 2212 2180 2271 2231; x_wconf 87' lang='lat' dir='ltr'><strong><em>in</em></strong></span> <span class='ocrx_word' id='word_1_381' title='bbox 2306 2178 2391 2231; x_wconf 89' lang='lat' dir='ltr'><strong><em>die</em></strong></span> <span class='ocrx_word' id='word_1_382' title='bbox 2419 2179 2737 2233; x_wconf 81' lang='lat' dir='ltr'><strong><em>Parasceves</em></strong></span> <span class='ocrx_word' id='word_1_383' title='bbox 2772 2185 2821 2233; x_wconf 91' lang='lat' dir='ltr'><strong><em>et</em></strong></span> <span class='ocrx_word' id='word_1_384' title='bbox 2854 2180 3089 2234; x_wconf 90' lang='lat' dir='ltr'><strong><em>Sabbato</em></strong></span> <span class='ocrx_word' id='word_1_385' title='bbox 3127 2185 3371 2250; x_wconf 84' lang='lat' dir='ltr'><strong><em>sequenti</em></strong></span> <span class='ocrx_word' id='word_1_386' title='bbox 3402 2198 3511 2238; x_wconf 89' lang='lat' dir='ltr'><strong><em>non</em></strong></span> 
     </span>
    </p>
   </div>
   <div class='ocr_carea' id='block_1_51' title="bbox 1888 2268 3510 2343">
    <p class='ocr_par' dir='ltr' id='par_1_51' title="bbox 1888 2268 3510 2343">
     <span class='ocr_line' id='line_1_51' title="bbox 1888 2268 3510 2343; baseline 0.006 -23"><span class='ocrx_word' id='word_1_387' title='bbox 1888 2268 2105 2321; x_wconf 82' lang='lat' dir='ltr'><strong><em>videtur</em></strong></span> <span class='ocrx_word' id='word_1_388' title='bbox 2125 2271 2297 2335; x_wconf 86' lang='lat' dir='ltr'><strong><em>fuisse</em></strong></span> <span class='ocrx_word' id='word_1_389' title='bbox 2327 2271 2386 2323; x_wconf 90' lang='lat' dir='ltr'><strong><em>in</em></strong></span> <span class='ocrx_word' id='word_1_390' title='bbox 2410 2286 2512 2323; x_wconf 88' lang='lat' dir='ltr'><strong><em>usu</em></strong></span> <span class='ocrx_word' id='word_1_391' title='bbox 2546 2275 2778 2339; x_wconf 87' lang='lat' dir='ltr'><strong><em>tempore</em></strong></span> <span class='ocrx_word' id='word_1_392' title='bbox 2809 2274 3023 2326; x_wconf 87' lang='lat' dir='ltr'><strong><em>concilii</em></strong></span> <span class='ocrx_word' id='word_1_393' title='bbox 3047 2290 3100 2325; x_wconf 80' lang='grc' dir='ltr'><strong><em>ιν</em></strong></span> <span class='ocrx_word' id='word_1_394' title='bbox 3129 2275 3388 2343; x_wconf 87' lang='lat' dir='ltr'><strong><em>Toletani,</em></strong></span> <span class='ocrx_word' id='word_1_395' title='bbox 3416 2275 3510 2329; x_wconf 86' lang='lat' dir='ltr'><strong><em>hoc</em></strong></span> 
     </span>
    </p>
   </div>
   <div class='ocr_carea' id='block_1_52' title="bbox 1890 2362 3506 2437">
    <p class='ocr_par' dir='ltr' id='par_1_52' title="bbox 1890 2362 3506 2437">
     <span class='ocr_line' id='line_1_52' title="bbox 1890 2362 3506 2437; baseline 0.006 -25"><span class='ocrx_word' id='word_1_396' title='bbox 1890 2365 1967 2413; x_wconf 89' lang='lat' dir='ltr'><strong><em>est</em></strong></span> <span class='ocrx_word' id='word_1_397' title='bbox 1989 2362 2181 2414; x_wconf 65' lang='lat' dir='ltr'><strong><em>saeculo</em></strong></span> <span class='ocrx_word' id='word_1_398' title='bbox 2210 2378 2304 2423; x_wconf 77' lang='grc' dir='ltr'><strong><em>γυ,</em></strong></span> <span class='ocrx_word' id='word_1_399' title='bbox 2335 2366 2394 2415; x_wconf 92' lang='lat' dir='ltr'><strong><em>ut</em></strong></span> <span class='ocrx_word' id='word_1_400' title='bbox 2420 2363 2693 2429; x_wconf 86' lang='lat' dir='ltr'><strong><em>colligitur</em></strong></span> <span class='ocrx_word' id='word_1_401' title='bbox 2722 2380 2789 2417; x_wconf 80' lang='lat' dir='ltr'><strong><em>ea:</em></strong></span> <span class='ocrx_word' id='word_1_402' title='bbox 2811 2366 2987 2418; x_wconf 82' lang='lat' dir='ltr'><strong><em>verbis</em></strong></span> <span class='ocrx_word' id='word_1_403' title='bbox 3015 2369 3235 2420; x_wconf 88' lang='lat' dir='ltr'><strong><em>canonis</em></strong></span> <span class='ocrx_word' id='word_1_404' title='bbox 3274 2370 3506 2437; x_wconf 85' lang='lat' dir='ltr'><strong><em>septimi,</em></strong></span> 
     </span>
    </p>
   </div>
   <div class='ocr_carea' id='block_1_53' title="bbox 1888 2454 3504 2526">
    <p class='ocr_par' dir='ltr' id='par_1_53' title="bbox 1888 2454 3504 2526">
     <span class='ocr_line' id='line_1_53' title="bbox 1888 2454 3504 2526; baseline 0.006 -22"><span class='ocrx_word' id='word_1_405' title='bbox 1888 2468 2008 2520; x_wconf 74' lang='lat' dir='ltr'><strong><em>quae</em></strong></span> <span class='ocrx_word' id='word_1_406' title='bbox 2041 2455 2326 2521; x_wconf 70' lang='lat' dir='ltr'><strong><em>praemissa</em></strong></span> <span class='ocrx_word' id='word_1_407' title='bbox 2368 2454 2790 2523; x_wconf 85' lang='lat' dir='ltr'><strong><em>subsequuntur.</em></strong></span> <span class='ocrx_word' id='word_1_408' title='bbox 2827 2457 2974 2519; x_wconf 84' lang='lat' dir='ltr'><strong><em>Idea,</em></strong></span> <span class='ocrx_word' id='word_1_409' title='bbox 3007 2461 3266 2526; x_wconf 86' lang='lat' dir='ltr'><strong><em>inquiunt</em></strong></span> <span class='ocrx_word' id='word_1_410' title='bbox 3297 2462 3504 2523; x_wconf 90' lang='lat' dir='ltr'><strong><em>Patres,</em></strong></span> 
     </span>
    </p>
   </div>
   <div class='ocr_carea' id='block_1_54' title="bbox 1888 2546 3508 2620">
    <p class='ocr_par' dir='ltr' id='par_1_54' title="bbox 1888 2546 3508 2620">
     <span class='ocr_line' id='line_1_54' title="bbox 1888 2546 3508 2620; baseline 0.006 -24"><span class='ocrx_word' id='word_1_411' title='bbox 1888 2549 2090 2612; x_wconf 84' lang='lat' dir='ltr'><strong><em>oportet</em></strong></span> <span class='ocrx_word' id='word_1_412' title='bbox 2115 2546 2293 2598; x_wconf 89' lang='lat' dir='ltr'><strong><em>eadem</em></strong></span> <span class='ocrx_word' id='word_1_413' title='bbox 2328 2546 2414 2599; x_wconf 89' lang='lat' dir='ltr'><strong><em>die</em></strong></span> <span class='ocrx_word' id='word_1_414' title='bbox 2448 2548 2766 2600; x_wconf 77' lang='lat' dir='ltr'><strong><em>Parasceves</em></strong></span> <span class='ocrx_word' id='word_1_415' title='bbox 2798 2551 3111 2615; x_wconf 86' lang='lat' dir='ltr'><strong><em>mysterium</em></strong></span> <span class='ocrx_word' id='word_1_416' title='bbox 3139 2554 3330 2614; x_wconf 88' lang='lat' dir='ltr'><strong><em>crucis,</em></strong></span> <span class='ocrx_word' id='word_1_417' title='bbox 3362 2553 3508 2620; x_wconf 89' lang='lat' dir='ltr'><strong><em>quod</em></strong></span> 
     </span>
    </p>
   </div>
   <div class='ocr_carea' id='block_1_55' title="bbox 1887 2638 3503 2711">
    <p class='ocr_par' dir='ltr' id='par_1_55' title="bbox 1887 2638 3503 2711">
     <span class='ocr_line' id='line_1_55' title="bbox 1887 2638 3503 2711; baseline 0.006 -23"><span class='ocrx_word' id='word_1_418' title='bbox 1887 2638 2002 2703; x_wconf 89' lang='lat' dir='ltr'><strong><em>ipse</em></strong></span> <span class='ocrx_word' id='word_1_419' title='bbox 2026 2639 2283 2690; x_wconf 90' lang='lat' dir='ltr'><strong><em>Dominus</em></strong></span> <span class='ocrx_word' id='word_1_420' title='bbox 2319 2640 2523 2691; x_wconf 87' lang='lat' dir='ltr'><strong><em>cunctis</em></strong></span> <span class='ocrx_word' id='word_1_421' title='bbox 2562 2640 2929 2694; x_wconf 89' lang='lat' dir='ltr'><strong><em>nuntiandum</em></strong></span> <span class='ocrx_word' id='word_1_422' title='bbox 2963 2642 3153 2704; x_wconf 83' lang='lat' dir='ltr'><strong><em>voluit,</em></strong></span> <span class='ocrx_word' id='word_1_423' title='bbox 3186 2644 3503 2711; x_wconf 70' lang='lat' dir='ltr'><strong><em>praedicari,</em></strong></span> 
     </span>
    </p>
   </div>
   <div class='ocr_carea' id='block_1_56' title="bbox 1888 2730 3502 2805">
    <p class='ocr_par' dir='ltr' id='par_1_56' title="bbox 1888 2730 3502 2805">
     <span class='ocr_line' id='line_1_56' title="bbox 1888 2730 3502 2805; baseline 0.006 -24"><span class='ocrx_word' id='word_1_424' title='bbox 1888 2734 2048 2796; x_wconf 88' lang='lat' dir='ltr'><strong><em>atque</em></strong></span> <span class='ocrx_word' id='word_1_425' title='bbox 2076 2730 2470 2796; x_wconf 81' lang='lat' dir='ltr'><strong><em>indulgentiam</em></strong></span> <span class='ocrx_word' id='word_1_426' title='bbox 2501 2733 2783 2785; x_wconf 88' lang='lat' dir='ltr'><strong><em>criminum</em></strong></span> <span class='ocrx_word' id='word_1_427' title='bbox 2825 2734 2976 2786; x_wconf 88' lang='lat' dir='ltr'><strong><em>clara</em></strong></span> <span class='ocrx_word' id='word_1_428' title='bbox 3005 2750 3125 2787; x_wconf 78' lang='lat' dir='ltr'><strong><em>voce</em></strong></span> <span class='ocrx_word' id='word_1_429' title='bbox 3160 2751 3363 2789; x_wconf 88' lang='lat' dir='ltr'><strong><em>omnem</em></strong></span> <span class='ocrx_word' id='word_1_430' title='bbox 3403 2752 3502 2805; x_wconf 87' lang='lat' dir='ltr'><strong><em>po-</em></strong></span> 
     </span>
    </p>
   </div>
   <div class='ocr_carea' id='block_1_57' title="bbox 1880 2822 3506 2895">
    <p class='ocr_par' dir='ltr' id='par_1_57' title="bbox 1880 2822 3506 2895">
     <span class='ocr_line' id='line_1_57' title="bbox 1880 2822 3506 2895; baseline 0.006 -22"><span class='ocrx_word' id='word_1_431' title='bbox 1880 2822 2076 2889; x_wconf 88' lang='lat' dir='ltr'><strong><em>pulum</em></strong></span> <span class='ocrx_word' id='word_1_432' title='bbox 2105 2823 2385 2890; x_wconf 87' lang='lat' dir='ltr'><strong><em>postulare</em></strong></span> <span class='ocrx_word' id='word_1_433' title='bbox 2412 2841 2429 2875; x_wconf 92' lang='lat'><strong><em>:</em></strong></span> <span class='ocrx_word' id='word_1_434' title='bbox 2468 2828 2525 2876; x_wconf 89' lang='lat' dir='ltr'><strong><em>ut</em></strong></span> <span class='ocrx_word' id='word_1_435' title='bbox 2554 2826 2886 2891; x_wconf 54' lang='lat' dir='ltr'><strong><em>poenitentia</em></strong></span> <span class='ocrx_word' id='word_1_436' title='bbox 2920 2830 3317 2895; x_wconf 87' lang='lat' dir='ltr'><strong><em>campunctione</em></strong></span> <span class='ocrx_word' id='word_1_437' title='bbox 3355 2844 3506 2882; x_wconf 88' lang='lat' dir='ltr'><strong><em>mun-</em></strong></span> 
     </span>
    </p>
   </div>
   <div class='ocr_carea' id='block_1_58' title="bbox 1889 2914 3507 2984">
    <p class='ocr_par' dir='ltr' id='par_1_58' title="bbox 1889 2914 3507 2984">
     <span class='ocr_line' id='line_1_58' title="bbox 1889 2914 3507 2984; baseline 0.006 -19"><span class='ocrx_word' id='word_1_438' title='bbox 1889 2914 2025 2975; x_wconf 88' lang='lat' dir='ltr'><strong><em>dati,</em></strong></span> <span class='ocrx_word' id='word_1_439' title='bbox 2072 2915 2427 2968; x_wconf 77' lang='lat' dir='ltr'><strong><em>venerabilem</em></strong></span> <span class='ocrx_word' id='word_1_440' title='bbox 2472 2916 2609 2969; x_wconf 88' lang='lat' dir='ltr'><strong><em>diem</em></strong></span> <span class='ocrx_word' id='word_1_441' title='bbox 2651 2917 2929 2971; x_wconf 77' lang='lat' dir='ltr'><strong><em>dominicae</em></strong></span> <span class='ocrx_word' id='word_1_442' title='bbox 2966 2922 3391 2984; x_wconf 87' lang='lat' dir='ltr'><strong><em>resurrectionis,</em></strong></span> <span class='ocrx_word' id='word_1_443' title='bbox 3429 2936 3507 2975; x_wconf 89' lang='lat' dir='ltr'><strong><em>re-</em></strong></span> 
     </span>
    </p>
   </div>
   <div class='ocr_carea' id='block_1_59' title="bbox 1887 3007 3505 3082">
    <p class='ocr_par' dir='ltr' id='par_1_59' title="bbox 1887 3007 3505 3082">
     <span class='ocr_line' id='line_1_59' title="bbox 1887 3007 3505 3082; baseline 0.006 -24"><span class='ocrx_word' id='word_1_444' title='bbox 1887 3007 2064 3058; x_wconf 87' lang='lat' dir='ltr'><strong><em>missis</em></strong></span> <span class='ocrx_word' id='word_1_445' title='bbox 2090 3007 2494 3073; x_wconf 86' lang='lat' dir='ltr'><strong><em>iniquitatibus,</em></strong></span> <span class='ocrx_word' id='word_1_446' title='bbox 2521 3009 2787 3076; x_wconf 86' lang='lat' dir='ltr'><strong><em>suscipere</em></strong></span> <span class='ocrx_word' id='word_1_447' title='bbox 2810 3025 3138 3077; x_wconf 81' lang='lat' dir='ltr'><strong><em>mereamur;</em></strong></span> <span class='ocrx_word' id='word_1_448' title='bbox 3165 3016 3505 3082; x_wconf 87' lang='lat' dir='ltr'><strong><em>corporisque</em></strong></span> 
     </span>
    </p>
   </div>
   <div class='ocr_carea' id='block_1_60' title="bbox 1888 3097 3507 3173">
    <p class='ocr_par' dir='ltr' id='par_1_60' title="bbox 1888 3097 3507 3173">
     <span class='ocr_line' id='line_1_60' title="bbox 1888 3097 3507 3173; baseline 0.006 -23"><span class='ocrx_word' id='word_1_449' title='bbox 1888 3097 2005 3165; x_wconf 86' lang='lat' dir='ltr'><strong><em>ejus</em></strong></span> <span class='ocrx_word' id='word_1_450' title='bbox 2040 3102 2090 3151; x_wconf 87' lang='lat' dir='ltr'><strong><em>et</em></strong></span> <span class='ocrx_word' id='word_1_451' title='bbox 2128 3101 2411 3166; x_wconf 87' lang='lat' dir='ltr'><strong><em>sanguinis</em></strong></span> <span class='ocrx_word' id='word_1_452' title='bbox 2446 3105 2837 3156; x_wconf 86' lang='lat' dir='ltr'><strong><em>sacramentum</em></strong></span> <span class='ocrx_word' id='word_1_453' title='bbox 2876 3103 3070 3157; x_wconf 87' lang='lat' dir='ltr'><strong><em>mundi</em></strong></span> <span class='ocrx_word' id='word_1_454' title='bbox 3093 3120 3127 3157; x_wconf 78' lang='grc' dir='ltr'><em>α</em></span> <span class='ocrx_word' id='word_1_455' title='bbox 3148 3107 3383 3173; x_wconf 87' lang='lat' dir='ltr'><strong><em>peccatis</em></strong></span> <span class='ocrx_word' id='word_1_456' title='bbox 3419 3121 3507 3159; x_wconf 89' lang='lat' dir='ltr'><strong><em>su-</em></strong></span> 
     </span>
    </p>
   </div>
   <div class='ocr_carea' id='block_1_61' title="bbox 1887 3191 3507 3266">
    <p class='ocr_par' dir='ltr' id='par_1_61' title="bbox 1887 3191 3507 3266">
     <span class='ocr_line' id='line_1_61' title="bbox 1887 3191 3507 3266; baseline 0.006 -24"><span class='ocrx_word' id='word_1_457' title='bbox 1887 3205 2113 3243; x_wconf 88' lang='lat' dir='ltr'><strong><em>mamus.</em></strong></span> <span class='ocrx_word' id='word_1_458' title='bbox 2146 3191 2317 3245; x_wconf 88' lang='lat' dir='ltr'><strong><em>Iidem</em></strong></span> <span class='ocrx_word' id='word_1_459' title='bbox 2361 3207 2561 3246; x_wconf 87' lang='lat' dir='ltr'><strong><em>canone</em></strong></span> <span class='ocrx_word' id='word_1_460' title='bbox 2598 3196 2843 3261; x_wconf 88' lang='lat' dir='ltr'><strong><em>sequenti</em></strong></span> <span class='ocrx_word' id='word_1_461' title='bbox 2885 3201 3124 3263; x_wconf 89' lang='lat' dir='ltr'><strong><em>arguunt</em></strong></span> <span class='ocrx_word' id='word_1_462' title='bbox 3159 3212 3264 3260; x_wconf 89' lang='lat' dir='ltr'><strong><em>eos,</em></strong></span> <span class='ocrx_word' id='word_1_463' title='bbox 3304 3200 3401 3266; x_wconf 89' lang='lat' dir='ltr'><strong><em>qui</em></strong></span> <span class='ocrx_word' id='word_1_464' title='bbox 3433 3198 3507 3252; x_wconf 85' lang='lat' dir='ltr'><strong><em>ad</em></strong></span> 
     </span>
    </p>
   </div>
   <div class='ocr_carea' id='block_1_62' title="bbox 226 3251 1792 3361">
    <p class='ocr_par' dir='ltr' id='par_1_62' title="bbox 226 3294 1787 3361">
     <span class='ocr_line' id='line_1_62' title="bbox 226 3294 1787 3361; baseline -0.001 -13"><span class='ocrx_word' id='word_1_465' title='bbox 226 3297 285 3348; x_wconf 91' lang='lat' dir='ltr'><strong><em>In</em></strong></span> <span class='ocrx_word' id='word_1_466' title='bbox 301 3296 653 3350; x_wconf 79' lang='lat' dir='ltr'><strong><em>Mazarabica</em></strong></span> <span class='ocrx_word' id='word_1_467' title='bbox 672 3296 733 3349; x_wconf 90' lang='lat' dir='ltr'><strong><em>in</em></strong></span> <span class='ocrx_word' id='word_1_468' title='bbox 752 3295 839 3348; x_wconf 87' lang='lat' dir='ltr'><strong><em>die</em></strong></span> <span class='ocrx_word' id='word_1_469' title='bbox 860 3294 1029 3348; x_wconf 64' lang='lat' dir='ltr'><strong><em>Cinnae</em></strong></span> <span class='ocrx_word' id='word_1_470' title='bbox 1042 3294 1413 3361; x_wconf 69' lang='lat' dir='ltr'><strong><em>praescribitur</em></strong></span> <span class='ocrx_word' id='word_1_471' title='bbox 1436 3295 1787 3361; x_wconf 85' lang='lat' dir='ltr'><strong><em>Evangelium</em></strong></span> 
     </span>
    </p>
   </div>
   <div class='ocr_carea' id='block_1_63' title="bbox 1901 3251 3506 3361">
    <p class='ocr_par' dir='ltr' id='par_1_63' title="bbox 1901 3283 3506 3359">
     <span class='ocr_line' id='line_1_63' title="bbox 1901 3283 3506 3359; baseline 0.005 -24"><span class='ocrx_word' id='word_1_472' title='bbox 1901 3283 2074 3337; x_wconf 73' lang='lat' dir='ltr'><strong><em>teram</em></strong></span> <span class='ocrx_word' id='word_1_473' title='bbox 2113 3299 2309 3338; x_wconf 87' lang='lat' dir='ltr'><strong><em>nonam</em></strong></span> <span class='ocrx_word' id='word_1_474' title='bbox 2352 3286 2474 3353; x_wconf 89' lang='lat' dir='ltr'><strong><em>ipsa</em></strong></span> <span class='ocrx_word' id='word_1_475' title='bbox 2524 3285 2611 3340; x_wconf 90' lang='lat' dir='ltr'><strong><em>die</em></strong></span> <span class='ocrx_word' id='word_1_476' title='bbox 2648 3286 2928 3354; x_wconf 85' lang='lat' dir='ltr'><strong><em>jejunium</em></strong></span> <span class='ocrx_word' id='word_1_477' title='bbox 2974 3290 3208 3352; x_wconf 85' lang='lat' dir='ltr'><strong><em>solvunt,</em></strong></span> <span class='ocrx_word' id='word_1_478' title='bbox 3246 3306 3434 3359; x_wconf 86' lang='lat' dir='ltr'><strong><em>eosque</em></strong></span> <span class='ocrx_word' id='word_1_479' title='bbox 3471 3304 3506 3343; x_wconf 89' lang='lat' dir='ltr'><strong><em>a</em></strong></span> 
     </span>
    </p>
   </div>
   <div class='ocr_carea' id='block_1_64' title="bbox 168 3387 1789 3458">
    <p class='ocr_par' dir='ltr' id='par_1_64' title="bbox 168 3387 1789 3458">
     <span class='ocr_line' id='line_1_64' title="bbox 168 3387 1789 3458; baseline 0.001 -19"><span class='ocrx_word' id='word_1_480' title='bbox 168 3404 225 3439; x_wconf 66' lang='lat' dir='ltr'><strong><em>es:</em></strong></span> <span class='ocrx_word' id='word_1_481' title='bbox 252 3389 403 3442; x_wconf 65' lang='lat' dir='ltr'><strong><em>Lucx</em></strong></span> <span class='ocrx_word' id='word_1_482' title='bbox 431 3405 555 3458; x_wconf 89' lang='lat' dir='ltr'><strong><em>cap.</em></strong></span> <span class='ocrx_word' id='word_1_483' title='bbox 590 3404 729 3447; x_wconf 83' lang='lat' dir='ltr'><strong><em>xxu,</em></strong></span> <span class='ocrx_word' id='word_1_484' title='bbox 760 3387 1068 3456; x_wconf 88' lang='lat' dir='ltr'><strong><em>incipiendo</em></strong></span> <span class='ocrx_word' id='word_1_485' title='bbox 1098 3402 1131 3439; x_wconf 89' lang='lat' dir='ltr'><strong><em>a</em></strong></span> <span class='ocrx_word' id='word_1_486' title='bbox 1165 3387 1515 3440; x_wconf 87' lang='lat' dir='ltr'><strong><em>celebratione</em></strong></span> <span class='ocrx_word' id='word_1_487' title='bbox 1541 3403 1716 3449; x_wconf 65' lang='lat' dir='ltr'><strong><em>canae,</em></strong></span> <span class='ocrx_word' id='word_1_488' title='bbox 1740 3392 1789 3441; x_wconf 88' lang='lat' dir='ltr'><strong><em>et</em></strong></span> 
     </span>
    </p>
   </div>
   <div class='ocr_carea' id='block_1_65' title="bbox 167 3480 1796 3548">
    <p class='ocr_par' dir='ltr' id='par_1_65' title="bbox 167 3480 1796 3548">
     <span class='ocr_line' id='line_1_65' title="bbox 167 3480 1796 3548; baseline 0.001 -16"><span class='ocrx_word' id='word_1_489' title='bbox 167 3480 439 3535; x_wconf 86' lang='lat' dir='ltr'><strong><em>desinendo</em></strong></span> <span class='ocrx_word' id='word_1_490' title='bbox 464 3484 525 3535; x_wconf 88' lang='lat' dir='ltr'><strong><em>in</em></strong></span> <span class='ocrx_word' id='word_1_491' title='bbox 575 3483 854 3548; x_wconf 82' lang='lat' dir='ltr'><strong><em>lacrymas</em></strong></span> <span class='ocrx_word' id='word_1_492' title='bbox 879 3481 1068 3533; x_wconf 89' lang='lat' dir='ltr'><strong><em>Petri:</em></strong></span> <span class='ocrx_word' id='word_1_493' title='bbox 1102 3482 1160 3532; x_wconf 91' lang='lat' dir='ltr'><strong><em>in</em></strong></span> <span class='ocrx_word' id='word_1_494' title='bbox 1186 3480 1381 3547; x_wconf 89' lang='lat' dir='ltr'><strong><em>quibus</em></strong></span> <span class='ocrx_word' id='word_1_495' title='bbox 1414 3481 1665 3547; x_wconf 83' lang='lat' dir='ltr'><strong><em>lacrymis</em></strong></span> <span class='ocrx_word' id='word_1_496' title='bbox 1704 3481 1796 3533; x_wconf 46' lang='lat' dir='ltr'><strong><em>de:</em></strong></span> 
     </span>
    </p>
   </div>
   <div class='ocr_carea' id='block_1_66' title="bbox 166 3571 1785 3641">
    <p class='ocr_par' dir='ltr' id='par_1_66' title="bbox 166 3571 1785 3641">
     <span class='ocr_line' id='line_1_66' title="bbox 166 3571 1785 3641; baseline 0 -16"><span class='ocrx_word' id='word_1_497' title='bbox 166 3576 283 3627; x_wconf 86' lang='lat' dir='ltr'><strong><em>sinit</em></strong></span> <span class='ocrx_word' id='word_1_498' title='bbox 305 3576 644 3628; x_wconf 86' lang='lat' dir='ltr'><strong><em>Lectionarii</em></strong></span> <span class='ocrx_word' id='word_1_499' title='bbox 668 3575 845 3627; x_wconf 89' lang='lat' dir='ltr'><strong><em>nostri</em></strong></span> <span class='ocrx_word' id='word_1_500' title='bbox 869 3574 1109 3641; x_wconf 89' lang='lat' dir='ltr'><strong><em>ofﬁcium</em></strong></span> <span class='ocrx_word' id='word_1_501' title='bbox 1138 3571 1209 3625; x_wconf 89' lang='lat' dir='ltr'><strong><em>ad</em></strong></span> <span class='ocrx_word' id='word_1_502' title='bbox 1239 3572 1540 3626; x_wconf 83' lang='lat' dir='ltr'><strong><em>Matutinos</em></strong></span> <span class='ocrx_word' id='word_1_503' title='bbox 1568 3574 1676 3625; x_wconf 87' lang='lat' dir='ltr'><strong><em>diei</em></strong></span> <span class='ocrx_word' id='word_1_504' title='bbox 1705 3589 1785 3626; x_wconf 87' lang='lat' dir='ltr'><strong><em>se-</em></strong></span> 
     </span>
    </p>
   </div>
   <div class='ocr_carea' id='block_1_67' title="bbox 168 3666 1789 3733">
    <p class='ocr_par' dir='ltr' id='par_1_67' title="bbox 168 3666 1789 3733">
     <span class='ocr_line' id='line_1_67' title="bbox 168 3666 1789 3733; baseline 0 -14"><span class='ocrx_word' id='word_1_505' title='bbox 168 3670 380 3733; x_wconf 85' lang='lat' dir='ltr'><strong><em>quentis.</em></strong></span> <span class='ocrx_word' id='word_1_506' title='bbox 415 3668 570 3721; x_wconf 89' lang='lat' dir='ltr'><strong><em>Idem</em></strong></span> <span class='ocrx_word' id='word_1_507' title='bbox 600 3666 1009 3721; x_wconf 82' lang='lat' dir='ltr'><strong><em>Mazarabicum</em></strong></span> <span class='ocrx_word' id='word_1_508' title='bbox 1054 3666 1141 3718; x_wconf 89' lang='lat' dir='ltr'><strong><em>die</em></strong></span> <span class='ocrx_word' id='word_1_509' title='bbox 1182 3666 1503 3719; x_wconf 82' lang='lat' dir='ltr'><strong><em>Paraseeves</em></strong></span> <span class='ocrx_word' id='word_1_510' title='bbox 1544 3667 1789 3732; x_wconf 89' lang='lat' dir='ltr'><strong><em>assignat</em></strong></span> 
     </span>
    </p>
   </div>
   <div class='ocr_carea' id='block_1_68' title="bbox 168 3760 1789 3827">
    <p class='ocr_par' dir='ltr' id='par_1_68' title="bbox 168 3760 1789 3827">
     <span class='ocr_line' id='line_1_68' title="bbox 168 3760 1789 3827; baseline 0 -16"><span class='ocrx_word' id='word_1_511' title='bbox 168 3761 505 3827; x_wconf 81' lang='lat' dir='ltr'><strong><em>Evangelium</em></strong></span> <span class='ocrx_word' id='word_1_512' title='bbox 532 3777 603 3814; x_wconf 73' lang='lat' dir='ltr'><strong><em>ea:</em></strong></span> <span class='ocrx_word' id='word_1_513' title='bbox 631 3760 882 3813; x_wconf 72' lang='lat' dir='ltr'><strong><em>Matthzei</em></strong></span> <span class='ocrx_word' id='word_1_514' title='bbox 917 3774 1037 3827; x_wconf 88' lang='lat' dir='ltr'><strong><em>cap.</em></strong></span> <span class='ocrx_word' id='word_1_515' title='bbox 1076 3774 1223 3811; x_wconf 81' lang='lat' dir='ltr'><strong><em>xxvn</em></strong></span> <span class='ocrx_word' id='word_1_516' title='bbox 1255 3775 1287 3811; x_wconf 90' lang='lat' dir='ltr'><strong><em>a</em></strong></span> <span class='ocrx_word' id='word_1_517' title='bbox 1316 3774 1472 3810; x_wconf 77' lang='lat' dir='ltr'><strong><em>versu</em></strong></span> <span class='ocrx_word' id='word_1_518' title='bbox 1502 3761 1522 3810; x_wconf 94' lang='grc'><strong><em>1</em></strong></span> <span class='ocrx_word' id='word_1_519' title='bbox 1573 3774 1586 3811; x_wconf 91' lang='lat'>:</span> <span class='ocrx_word' id='word_1_520' title='bbox 1629 3760 1789 3811; x_wconf 89' lang='lat' dir='ltr'><strong><em>Mane</em></strong></span> 
     </span>
    </p>
   </div>
   <div class='ocr_carea' id='block_1_69' title="bbox 168 3851 1789 3921">
    <p class='ocr_par' dir='ltr' id='par_1_69' title="bbox 168 3851 1789 3921">
     <span class='ocr_line' id='line_1_69' title="bbox 168 3851 1789 3921; baseline 0.001 -18"><span class='ocrx_word' id='word_1_521' title='bbox 168 3858 327 3905; x_wconf 85' lang='lat' dir='ltr'><strong><em>autem</em></strong></span> <span class='ocrx_word' id='word_1_522' title='bbox 363 3856 534 3921; x_wconf 84' lang='lat' dir='ltr'><strong><em>facta,</em></strong></span> <span class='ocrx_word' id='word_1_523' title='bbox 564 3854 797 3907; x_wconf 87' lang='lat' dir='ltr'><strong><em>insertis</em></strong></span> <span class='ocrx_word' id='word_1_524' title='bbox 828 3851 1153 3920; x_wconf 89' lang='lat' dir='ltr'><strong><em>quibusdam</em></strong></span> <span class='ocrx_word' id='word_1_525' title='bbox 1189 3851 1363 3904; x_wconf 83' lang='lat' dir='ltr'><strong><em>verbis</em></strong></span> <span class='ocrx_word' id='word_1_526' title='bbox 1404 3851 1477 3903; x_wconf 90' lang='lat' dir='ltr'><strong><em>ad</em></strong></span> <span class='ocrx_word' id='word_1_527' title='bbox 1517 3852 1597 3904; x_wconf 86' lang='lat' dir='ltr'><strong><em>rei</em></strong></span> <span class='ocrx_word' id='word_1_528' title='bbox 1630 3856 1789 3917; x_wconf 68' lang='lat' dir='ltr'><strong><em>gesta:</em></strong></span> 
     </span>
    </p>
   </div>
   <div class='ocr_carea' id='block_1_70' title="bbox 170 3942 1789 4014">
    <p class='ocr_par' dir='ltr' id='par_1_70' title="bbox 170 3942 1789 4014">
     <span class='ocr_line' id='line_1_70' title="bbox 170 3942 1789 4014; baseline 0 -19"><span class='ocrx_word' id='word_1_529' title='bbox 170 3944 391 3999; x_wconf 84' lang='lat' dir='ltr'><strong><em>ordinem</em></strong></span> <span class='ocrx_word' id='word_1_530' title='bbox 415 3945 761 4014; x_wconf 86' lang='lat' dir='ltr'><strong><em>signandum</em></strong></span> <span class='ocrx_word' id='word_1_531' title='bbox 793 3960 806 3997; x_wconf 86' lang='lat'><strong>:</strong></span> <span class='ocrx_word' id='word_1_532' title='bbox 830 3946 991 3997; x_wconf 86' lang='lat' dir='ltr'><strong><em>Mane</em></strong></span> <span class='ocrx_word' id='word_1_533' title='bbox 1010 3945 1155 4010; x_wconf 89' lang='lat' dir='ltr'><strong><em>facta</em></strong></span> <span class='ocrx_word' id='word_1_534' title='bbox 1177 3959 1321 3996; x_wconf 67' lang='lat' dir='ltr'><strong><em>caena</em></strong></span> <span class='ocrx_word' id='word_1_535' title='bbox 1358 3958 1500 4012; x_wconf 88' lang='lat' dir='ltr'><strong><em>pura</em></strong></span> <span class='ocrx_word' id='word_1_536' title='bbox 1531 3942 1681 4012; x_wconf 89' lang='lat' dir='ltr'><strong><em>quod</em></strong></span> <span class='ocrx_word' id='word_1_537' title='bbox 1705 3945 1789 3995; x_wconf 88' lang='lat' dir='ltr'><strong><em>est</em></strong></span> 
     </span>
    </p>
   </div>
   <div class='ocr_carea' id='block_1_71' title="bbox 171 4036 1785 4106">
    <p class='ocr_par' dir='ltr' id='par_1_71' title="bbox 171 4036 1785 4106">
     <span class='ocr_line' id='line_1_71' title="bbox 171 4036 1785 4106; baseline 0 -17"><span class='ocrx_word' id='word_1_538' title='bbox 171 4041 287 4090; x_wconf 84' lang='lat' dir='ltr'><strong><em>ante</em></strong></span> <span class='ocrx_word' id='word_1_539' title='bbox 314 4039 633 4093; x_wconf 85' lang='lat' dir='ltr'><strong><em>Sabbatum</em></strong></span> <span class='ocrx_word' id='word_1_540' title='bbox 660 4038 802 4106; x_wconf 57' lang='lat' dir='ltr'><strong><em>(qua</em></strong></span> <span class='ocrx_word' id='word_1_541' title='bbox 833 4037 997 4090; x_wconf 80' lang='lat' dir='ltr'><strong><em>verba</em></strong></span> <span class='ocrx_word' id='word_1_542' title='bbox 1022 4038 1206 4104; x_wconf 90' lang='lat' dir='ltr'><strong><em>utique</em></strong></span> <span class='ocrx_word' id='word_1_543' title='bbox 1240 4052 1274 4090; x_wconf 89' lang='lat' dir='ltr'><strong><em>a</em></strong></span> <span class='ocrx_word' id='word_1_544' title='bbox 1308 4036 1545 4101; x_wconf 86' lang='lat' dir='ltr'><strong><em>Vulgata</em></strong></span> <span class='ocrx_word' id='word_1_545' title='bbox 1574 4036 1785 4105; x_wconf 89' lang='lat' dir='ltr'><strong><em>absunt)</em></strong></span> 
     </span>
    </p>
   </div>
   <div class='ocr_carea' id='block_1_72' title="bbox 171 4127 1789 4185">
    <p class='ocr_par' dir='ltr' id='par_1_72' title="bbox 171 4127 1789 4185">
     <span class='ocr_line' id='line_1_72' title="bbox 171 4127 1789 4185; baseline -0.001 -3"><span class='ocrx_word' id='word_1_546' title='bbox 171 4130 452 4185; x_wconf 87' lang='lat' dir='ltr'><strong><em>concilium</em></strong></span> <span class='ocrx_word' id='word_1_547' title='bbox 505 4132 781 4185; x_wconf 83' lang='lat' dir='ltr'><strong><em>fecerunt</em></strong></span> <span class='ocrx_word' id='word_1_548' title='bbox 810 4128 1021 4183; x_wconf 88' lang='lat' dir='ltr'><strong><em>summi</em></strong></span> <span class='ocrx_word' id='word_1_549' title='bbox 1067 4127 1390 4182; x_wconf 86' lang='lat' dir='ltr'><strong><em>sacerdotes</em></strong></span> <span class='ocrx_word' id='word_1_550' title='bbox 1435 4130 1493 4181; x_wconf 88' lang='lat' dir='ltr'><strong><em>et</em></strong></span> <span class='ocrx_word' id='word_1_551' title='bbox 1537 4128 1789 4182; x_wconf 89' lang='lat' dir='ltr'><strong><em>seniores</em></strong></span> 
     </span>
    </p>
   </div>
   <div class='ocr_carea' id='block_1_73' title="bbox 171 4221 1789 4292">
    <p class='ocr_par' dir='ltr' id='par_1_73' title="bbox 171 4221 1789 4292">
     <span class='ocr_line' id='line_1_73' title="bbox 171 4221 1789 4292; baseline -0.001 -16"><span class='ocrx_word' id='word_1_552' title='bbox 171 4224 345 4292; x_wconf 82' lang='lat' dir='ltr'><strong><em>populi</em></strong></span> <span class='ocrx_word' id='word_1_553' title='bbox 377 4224 446 4278; x_wconf 92' lang='lat' dir='ltr'><strong><em>de</em></strong></span> <span class='ocrx_word' id='word_1_554' title='bbox 471 4227 634 4285; x_wconf 84' lang='lat' dir='ltr'><strong><em>Iesu,</em></strong></span> <span class='ocrx_word' id='word_1_555' title='bbox 666 4226 729 4278; x_wconf 86' lang='lat' dir='ltr'><strong><em>ut</em></strong></span> <span class='ocrx_word' id='word_1_556' title='bbox 756 4222 1150 4276; x_wconf 84' lang='lat' dir='ltr'><strong><em>interﬁcerent</em></strong></span> <span class='ocrx_word' id='word_1_557' title='bbox 1177 4237 1328 4287; x_wconf 90' lang='lat' dir='ltr'><strong><em>eum,</em></strong></span> <span class='ocrx_word' id='word_1_558' title='bbox 1366 4224 1495 4289; x_wconf 87' lang='lat' dir='ltr'><strong><em>etc.,</em></strong></span> <span class='ocrx_word' id='word_1_559' title='bbox 1526 4237 1691 4289; x_wconf 86' lang='lat' dir='ltr'><strong><em>usque.</em></strong></span> <span class='ocrx_word' id='word_1_560' title='bbox 1717 4221 1789 4274; x_wconf 88' lang='lat' dir='ltr'><strong><em>ad</em></strong></span> 
     </span>
    </p>
   </div>
   <div class='ocr_carea' id='block_1_74' title="bbox 170 4314 1789 4387">
    <p class='ocr_par' dir='ltr' id='par_1_74' title="bbox 170 4314 1789 4387">
     <span class='ocr_line' id='line_1_74' title="bbox 170 4314 1789 4387; baseline -0.002 -16"><span class='ocrx_word' id='word_1_561' title='bbox 170 4319 309 4383; x_wconf 79' lang='lat' dir='ltr'><strong><em>ﬁnem</em></strong></span> <span class='ocrx_word' id='word_1_562' title='bbox 333 4320 552 4387; x_wconf 87' lang='lat' dir='ltr'><strong><em>capitis,</em></strong></span> <span class='ocrx_word' id='word_1_563' title='bbox 580 4320 866 4385; x_wconf 86' lang='lat' dir='ltr'><strong><em>signantes</em></strong></span> <span class='ocrx_word' id='word_1_564' title='bbox 907 4316 1145 4383; x_wconf 89' lang='lat' dir='ltr'><strong><em>lapidem</em></strong></span> <span class='ocrx_word' id='word_1_565' title='bbox 1169 4330 1287 4368; x_wconf 88' lang='lat' dir='ltr'><strong><em>cum</em></strong></span> <span class='ocrx_word' id='word_1_566' title='bbox 1313 4314 1640 4368; x_wconf 88' lang='lat' dir='ltr'><strong><em>custodibus.</em></strong></span> <span class='ocrx_word' id='word_1_567' title='bbox 1670 4316 1789 4368; x_wconf 84' lang='lat' dir='ltr'><strong><em>Non</em></strong></span> 
     </span>
    </p>
   </div>
   <div class='ocr_carea' id='block_1_75' title="bbox 172 4409 1198 4479">
    <p class='ocr_par' dir='ltr' id='par_1_75' title="bbox 172 4409 1198 4479">
     <span class='ocr_line' id='line_1_75' title="bbox 172 4409 1198 4479; baseline 0 -19"><span class='ocrx_word' id='word_1_568' title='bbox 172 4410 269 4463; x_wconf 86' lang='lat' dir='ltr'><strong><em>alia</em></strong></span> <span class='ocrx_word' id='word_1_569' title='bbox 286 4415 469 4479; x_wconf 87' lang='lat' dir='ltr'><strong><em>passio</em></strong></span> <span class='ocrx_word' id='word_1_570' title='bbox 495 4412 602 4465; x_wconf 85' lang='lat' dir='ltr'><strong><em>hac</em></strong></span> <span class='ocrx_word' id='word_1_571' title='bbox 636 4411 725 4464; x_wconf 86' lang='lat' dir='ltr'><strong><em>die</em></strong></span> <span class='ocrx_word' id='word_1_572' title='bbox 758 4412 814 4463; x_wconf 88' lang='lat' dir='ltr'><strong><em>in</em></strong></span> <span class='ocrx_word' id='word_1_573' title='bbox 840 4409 1198 4463; x_wconf 75' lang='lat' dir='ltr'><strong><em>Mazarabiea.</em></strong></span> 
     </span>
    </p>
   </div>
   <div class='ocr_carea' id='block_1_76' title="bbox 232 4500 1789 4572">
    <p class='ocr_par' dir='ltr' id='par_1_76' title="bbox 232 4500 1789 4572">
     <span class='ocr_line' id='line_1_76' title="bbox 232 4500 1789 4572; baseline -0.003 -16"><span class='ocrx_word' id='word_1_574' title='bbox 232 4504 289 4556; x_wconf 89' lang='lat' dir='ltr'><strong><em>In</em></strong></span> <span class='ocrx_word' id='word_1_575' title='bbox 312 4505 508 4571; x_wconf 80' lang='lat' dir='ltr'><strong><em>Africa</em></strong></span> <span class='ocrx_word' id='word_1_576' title='bbox 532 4510 773 4572; x_wconf 88' lang='lat' dir='ltr'><strong><em>tempore</em></strong></span> <span class='ocrx_word' id='word_1_577' title='bbox 798 4504 976 4555; x_wconf 89' lang='lat' dir='ltr'><strong><em>sancti</em></strong></span> <span class='ocrx_word' id='word_1_578' title='bbox 1000 4501 1301 4567; x_wconf 84' lang='lat' dir='ltr'><strong><em>Augustini</em></strong></span> <span class='ocrx_word' id='word_1_579' title='bbox 1326 4502 1485 4553; x_wconf 86' lang='lat' dir='ltr'><strong><em>unica</em></strong></span> <span class='ocrx_word' id='word_1_580' title='bbox 1514 4500 1789 4567; x_wconf 88' lang='lat' dir='ltr'><strong><em>legebatur</em></strong></span> 
     </span>
    </p>
   </div>
   <div class='ocr_carea' id='block_1_77' title="bbox 169 4593 1866 4685">
    <p class='ocr_par' dir='ltr' id='par_1_77' title="bbox 169 4593 1866 4685">
     <span class='ocr_line' id='line_1_77' title="bbox 169 4593 1866 4685; baseline -0.001 -38"><span class='ocrx_word' id='word_1_581' title='bbox 169 4599 354 4661; x_wconf 84' lang='lat' dir='ltr'><strong><em>passio,</em></strong></span> <span class='ocrx_word' id='word_1_582' title='bbox 387 4602 437 4651; x_wconf 90' lang='lat' dir='ltr'><strong><em>et</em></strong></span> <span class='ocrx_word' id='word_1_583' title='bbox 466 4598 693 4666; x_wconf 87' lang='lat' dir='ltr'><strong><em>quidem</em></strong></span> <span class='ocrx_word' id='word_1_584' title='bbox 724 4612 792 4649; x_wconf 71' lang='lat' dir='ltr'><strong><em>ea:</em></strong></span> <span class='ocrx_word' id='word_1_585' title='bbox 819 4595 1091 4649; x_wconf 73' lang='lat' dir='ltr'><strong><em>Matthaeo.</em></strong></span> <span class='ocrx_word' id='word_1_586' title='bbox 1126 4593 1214 4647; x_wconf 91' lang='lat' dir='ltr'><strong><em>Sic</em></strong></span> <span class='ocrx_word' id='word_1_587' title='bbox 1248 4594 1387 4646; x_wconf 86' lang='lat' dir='ltr'><strong><em>enim</em></strong></span> <span class='ocrx_word' id='word_1_588' title='bbox 1423 4593 1580 4645; x_wconf 88' lang='lat' dir='ltr'><strong><em>habet</em></strong></span> <span class='ocrx_word' id='word_1_589' title='bbox 1616 4593 1704 4645; x_wconf 89' lang='lat' dir='ltr'><strong><em>ille</em></strong></span> <span class='ocrx_word' id='word_1_590' title='bbox 1730 4594 1787 4685; x_wconf 90' lang='lat' dir='ltr'><strong><em>in</em></strong></span> <span class='ocrx_word' id='word_1_591' title='bbox 1808 4614 1866 4685; x_wconf 85' lang='lat' dir='ltr'><strong>D</strong></span> 
     </span>
    </p>
   </div>
   <div class='ocr_carea' id='block_1_78' title="bbox 176 4684 1791 4754">
    <p class='ocr_par' dir='ltr' id='par_1_78' title="bbox 176 4684 1791 4754">
     <span class='ocr_line' id='line_1_78' title="bbox 176 4684 1791 4754; baseline -0.001 -16"><span class='ocrx_word' id='word_1_592' title='bbox 176 4700 389 4743; x_wconf 83' lang='lat' dir='ltr'><strong><em>sermone</em></strong></span> <span class='ocrx_word' id='word_1_593' title='bbox 425 4692 532 4745; x_wconf 76' lang='lat'><strong>232</strong></span> <span class='ocrx_word' id='word_1_594' title='bbox 569 4704 724 4743; x_wconf 67' lang='lat' dir='ltr'><strong><em>novae</em></strong></span> <span class='ocrx_word' id='word_1_595' title='bbox 761 4688 1015 4741; x_wconf 87' lang='lat' dir='ltr'><strong><em>editionis</em></strong></span> <span class='ocrx_word' id='word_1_596' title='bbox 1046 4705 1063 4739; x_wconf 89' lang='lat'><strong><em>:</em></strong></span> <span class='ocrx_word' id='word_1_597' title='bbox 1106 4705 1132 4736; x_wconf 87' lang='lat'><strong><em>«</em></strong></span> <span class='ocrx_word' id='word_1_598' title='bbox 1173 4685 1363 4739; x_wconf 87' lang='lat' dir='ltr'><strong><em>Passio</em></strong></span> <span class='ocrx_word' id='word_1_599' title='bbox 1403 4687 1613 4750; x_wconf 88' lang='lat' dir='ltr'><strong><em>autem,</em></strong></span> <span class='ocrx_word' id='word_1_600' title='bbox 1658 4684 1791 4754; x_wconf 90' lang='lat' dir='ltr'><strong><em>quia</em></strong></span> 
     </span>
    </p>
   </div>
   <div class='ocr_carea' id='block_1_79' title="bbox 177 4777 1793 4852">
    <p class='ocr_par' dir='ltr' id='par_1_79' title="bbox 177 4777 1793 4852">
     <span class='ocr_line' id='line_1_79' title="bbox 177 4777 1793 4852; baseline -0.001 -21"><span class='ocrx_word' id='word_1_601' title='bbox 177 4796 276 4835; x_wconf 91' lang='lat' dir='ltr'><strong><em>uno</em></strong></span> <span class='ocrx_word' id='word_1_602' title='bbox 305 4782 395 4836; x_wconf 89' lang='lat' dir='ltr'><strong><em>die</em></strong></span> <span class='ocrx_word' id='word_1_603' title='bbox 427 4783 663 4852; x_wconf 79' lang='lat' dir='ltr'><strong><em>legitur,</em></strong></span> <span class='ocrx_word' id='word_1_604' title='bbox 699 4797 817 4835; x_wconf 90' lang='lat' dir='ltr'><strong><em>non</em></strong></span> <span class='ocrx_word' id='word_1_605' title='bbox 846 4782 991 4834; x_wconf 87' lang='lat' dir='ltr'><strong><em>solet</em></strong></span> <span class='ocrx_word' id='word_1_606' title='bbox 1020 4779 1155 4850; x_wconf 83' lang='lat' dir='ltr'><strong><em>legi,</em></strong></span> <span class='ocrx_word' id='word_1_607' title='bbox 1185 4778 1292 4832; x_wconf 89' lang='lat' dir='ltr'><strong><em>nisi</em></strong></span> <span class='ocrx_word' id='word_1_608' title='bbox 1325 4777 1637 4831; x_wconf 87' lang='lat' dir='ltr'><strong><em>secundum</em></strong></span> <span class='ocrx_word' id='word_1_609' title='bbox 1662 4778 1793 4831; x_wconf 87' lang='lat' dir='ltr'><strong><em>Mat-</em></strong></span> 
     </span>
    </p>
   </div>
   <div class='ocr_carea' id='block_1_80' title="bbox 176 4870 1792 4943">
    <p class='ocr_par' dir='ltr' id='par_1_80' title="bbox 176 4870 1792 4943">
     <span class='ocr_line' id='line_1_80' title="bbox 176 4870 1792 4943; baseline -0.002 -18"><span class='ocrx_word' id='word_1_610' title='bbox 176 4873 387 4929; x_wconf 69' lang='lat' dir='ltr'><strong><em>thaeum.</em></strong></span> <span class='ocrx_word' id='word_1_611' title='bbox 420 4877 734 4930; x_wconf 84' lang='lat' dir='ltr'><strong><em>Volueram</em></strong></span> <span class='ocrx_word' id='word_1_612' title='bbox 762 4872 1075 4943; x_wconf 86' lang='lat' dir='ltr'><strong><em>aliquando</em></strong></span> <span class='ocrx_word' id='word_1_613' title='bbox 1108 4875 1169 4926; x_wconf 91' lang='lat' dir='ltr'><strong><em>ut</em></strong></span> <span class='ocrx_word' id='word_1_614' title='bbox 1200 4888 1303 4942; x_wconf 88' lang='lat' dir='ltr'><strong><em>per</em></strong></span> <span class='ocrx_word' id='word_1_615' title='bbox 1331 4870 1583 4940; x_wconf 90' lang='lat' dir='ltr'><strong><em>singulos</em></strong></span> <span class='ocrx_word' id='word_1_616' title='bbox 1612 4887 1792 4924; x_wconf 88' lang='lat' dir='ltr'><strong><em>annos</em></strong></span> 
     </span>
    </p>
   </div>
   <div class='ocr_carea' id='block_1_81' title="bbox 177 4964 1793 5035">
    <p class='ocr_par' dir='ltr' id='par_1_81' title="bbox 177 4964 1793 5035">
     <span class='ocr_line' id='line_1_81' title="bbox 177 4964 1793 5035; baseline -0.002 -16"><span class='ocrx_word' id='word_1_617' title='bbox 177 4968 468 5024; x_wconf 86' lang='lat' dir='ltr'><strong><em>secundum</em></strong></span> <span class='ocrx_word' id='word_1_618' title='bbox 505 4985 716 5023; x_wconf 90' lang='lat' dir='ltr'><strong><em>omnes</em></strong></span> <span class='ocrx_word' id='word_1_619' title='bbox 740 4966 1130 5035; x_wconf 86' lang='lat' dir='ltr'><strong><em>Evangelistas</em></strong></span> <span class='ocrx_word' id='word_1_620' title='bbox 1162 4965 1335 5018; x_wconf 85' lang='lat' dir='ltr'><strong><em>etiam</em></strong></span> <span class='ocrx_word' id='word_1_621' title='bbox 1364 4964 1551 5034; x_wconf 86' lang='lat' dir='ltr'><strong><em>passio</em></strong></span> <span class='ocrx_word' id='word_1_622' title='bbox 1579 4964 1793 5033; x_wconf 87' lang='lat' dir='ltr'><strong><em>legere-</em></strong></span> 
     </span>
    </p>
   </div>
   <div class='ocr_carea' id='block_1_82' title="bbox 178 5056 1793 5127">
    <p class='ocr_par' dir='ltr' id='par_1_82' title="bbox 178 5056 1793 5127">
     <span class='ocr_line' id='line_1_82' title="bbox 178 5056 1793 5127; baseline -0.001 -16"><span class='ocrx_word' id='word_1_623' title='bbox 178 5062 273 5115; x_wconf 86' lang='lat' dir='ltr'><strong><em>tur.</em></strong></span> <span class='ocrx_word' id='word_1_624' title='bbox 300 5061 528 5117; x_wconf 86' lang='lat' dir='ltr'><strong><em>Factum</em></strong></span> <span class='ocrx_word' id='word_1_625' title='bbox 559 5064 668 5116; x_wconf 87' lang='lat' dir='ltr'><strong><em>est.</em></strong></span> <span class='ocrx_word' id='word_1_626' title='bbox 698 5061 822 5115; x_wconf 89' lang='lat' dir='ltr'><strong><em>Non</em></strong></span> <span class='ocrx_word' id='word_1_627' title='bbox 852 5058 1158 5113; x_wconf 85' lang='lat' dir='ltr'><strong><em>audierunt</em></strong></span> <span class='ocrx_word' id='word_1_628' title='bbox 1188 5056 1451 5112; x_wconf 89' lang='lat' dir='ltr'><strong><em>homines</em></strong></span> <span class='ocrx_word' id='word_1_629' title='bbox 1482 5056 1634 5127; x_wconf 89' lang='lat' dir='ltr'><strong><em>quod</em></strong></span> <span class='ocrx_word' id='word_1_630' title='bbox 1666 5072 1793 5109; x_wconf 85' lang='lat' dir='ltr'><strong><em>eon-</em></strong></span> 
     </span>
    </p>
   </div>
   <div class='ocr_carea' id='block_1_83' title="bbox 181 5150 1788 5224">
    <p class='ocr_par' dir='ltr' id='par_1_83' title="bbox 181 5150 1788 5224">
     <span class='ocr_line' id='line_1_83' title="bbox 181 5150 1788 5224; baseline 0 -21"><span class='ocrx_word' id='word_1_631' title='bbox 181 5159 477 5221; x_wconf 86' lang='lat' dir='ltr'><strong><em>sueverant,</em></strong></span> <span class='ocrx_word' id='word_1_632' title='bbox 509 5158 571 5208; x_wconf 90' lang='lat' dir='ltr'><strong><em>et</em></strong></span> <span class='ocrx_word' id='word_1_633' title='bbox 614 5152 933 5224; x_wconf 86' lang='lat' dir='ltr'><strong><em>perturbati</em></strong></span> <span class='ocrx_word' id='word_1_634' title='bbox 968 5154 1168 5205; x_wconf 84' lang='lat' dir='ltr'><strong><em>sunt.»</em></strong></span> <span class='ocrx_word' id='word_1_635' title='bbox 1198 5153 1385 5206; x_wconf 87' lang='lat' dir='ltr'><strong><em>Patres</em></strong></span> <span class='ocrx_word' id='word_1_636' title='bbox 1403 5151 1615 5203; x_wconf 88' lang='lat' dir='ltr'><strong><em>concilii</em></strong></span> <span class='ocrx_word' id='word_1_637' title='bbox 1643 5150 1788 5203; x_wconf 84' lang='lat' dir='ltr'><strong><em>Tole-</em></strong></span> 
     </span>
    </p>
   </div>
   <div class='ocr_carea' id='block_1_84' title="bbox 181 5243 1803 5316">
    <p class='ocr_par' dir='ltr' id='par_1_84' title="bbox 181 5243 1803 5316">
     <span class='ocr_line' id='line_1_84' title="bbox 181 5243 1803 5316; baseline -0.002 -17"><span class='ocrx_word' id='word_1_638' title='bbox 181 5249 287 5301; x_wconf 87' lang='lat' dir='ltr'><strong><em>tani</em></strong></span> <span class='ocrx_word' id='word_1_639' title='bbox 314 5264 384 5316; x_wconf 80' lang='lat' dir='ltr'><strong><em>iv,</em></strong></span> <span class='ocrx_word' id='word_1_640' title='bbox 413 5263 622 5303; x_wconf 87' lang='lat' dir='ltr'><strong><em>canone</em></strong></span> <span class='ocrx_word' id='word_1_641' title='bbox 646 5250 706 5315; x_wconf 77' lang='lat'><strong><em>6,</em></strong></span> <span class='ocrx_word' id='word_1_642' title='bbox 745 5246 1039 5300; x_wconf 88' lang='lat' dir='ltr'><strong><em>nonnullas</em></strong></span> <span class='ocrx_word' id='word_1_643' title='bbox 1073 5246 1339 5300; x_wconf 88' lang='lat' dir='ltr'><strong><em>Ecclesias</em></strong></span> <span class='ocrx_word' id='word_1_644' title='bbox 1374 5243 1803 5312; x_wconf 63' lang='lat' dir='ltr'><strong><em>reprehendunt,</em></strong></span> 
     </span>
    </p>
   </div>
   <div class='ocr_carea' id='block_1_85' title="bbox 183 5336 1790 5407">
    <p class='ocr_par' dir='ltr' id='par_1_85' title="bbox 183 5336 1790 5407">
     <span class='ocr_line' id='line_1_85' title="bbox 183 5336 1790 5407; baseline -0.002 -16"><span class='ocrx_word' id='word_1_645' title='bbox 183 5339 264 5393; x_wconf 83' lang='lat' dir='ltr'><strong><em>ubi</em></strong></span> <span class='ocrx_word' id='word_1_646' title='bbox 279 5343 333 5393; x_wconf 89' lang='lat' dir='ltr'><strong><em>in</em></strong></span> <span class='ocrx_word' id='word_1_647' title='bbox 358 5342 442 5396; x_wconf 85' lang='lat' dir='ltr'><strong><em>die</em></strong></span> <span class='ocrx_word' id='word_1_648' title='bbox 467 5346 638 5395; x_wconf 64' lang='lat' dir='ltr'><strong><em>sextae</em></strong></span> <span class='ocrx_word' id='word_1_649' title='bbox 665 5342 821 5407; x_wconf 70' lang='lat' dir='ltr'><strong><em>feriae</em></strong></span> <span class='ocrx_word' id='word_1_650' title='bbox 848 5340 1127 5393; x_wconf 87' lang='lat' dir='ltr'><strong><em>Passionis</em></strong></span> <span class='ocrx_word' id='word_1_651' title='bbox 1148 5338 1384 5399; x_wconf 89' lang='lat' dir='ltr'><strong><em>Domini,</em></strong></span> <span class='ocrx_word' id='word_1_652' title='bbox 1412 5337 1611 5390; x_wconf 88' lang='lat' dir='ltr'><strong><em>clausis</em></strong></span> <span class='ocrx_word' id='word_1_653' title='bbox 1649 5336 1790 5389; x_wconf 87' lang='lat' dir='ltr'><strong><em>basi-</em></strong></span> 
     </span>
    </p>
   </div>
   <div class='ocr_carea' id='block_1_86' title="bbox 185 5425 1793 5498">
    <p class='ocr_par' dir='ltr' id='par_1_86' title="bbox 185 5425 1793 5498">
     <span class='ocr_line' id='line_1_86' title="bbox 185 5425 1793 5498; baseline -0.001 -19"><span class='ocrx_word' id='word_1_654' title='bbox 185 5426 389 5484; x_wconf 86' lang='lat' dir='ltr'><strong><em>licarum</em></strong></span> <span class='ocrx_word' id='word_1_655' title='bbox 427 5431 672 5498; x_wconf 85' lang='lat' dir='ltr'><strong><em>foribus,</em></strong></span> <span class='ocrx_word' id='word_1_656' title='bbox 709 5444 805 5482; x_wconf 91' lang='lat' dir='ltr'><strong><em>nec</em></strong></span> <span class='ocrx_word' id='word_1_657' title='bbox 849 5428 1150 5481; x_wconf 86' lang='lat' dir='ltr'><strong><em>celebratur</em></strong></span> <span class='ocrx_word' id='word_1_658' title='bbox 1192 5427 1451 5495; x_wconf 86' lang='lat' dir='ltr'><strong><em>ofﬁcium,</em></strong></span> <span class='ocrx_word' id='word_1_659' title='bbox 1488 5441 1580 5479; x_wconf 91' lang='lat' dir='ltr'><strong><em>nec</em></strong></span> <span class='ocrx_word' id='word_1_660' title='bbox 1608 5425 1793 5493; x_wconf 90' lang='lat' dir='ltr'><strong><em>passio</em></strong></span> 
     </span>
    </p>
   </div>
   <div class='ocr_carea' id='block_1_87' title="bbox 187 5525 1015 5598">
    <p class='ocr_par' dir='ltr' id='par_1_87' title="bbox 187 5525 1015 5598">
     <span class='ocr_line' id='line_1_87' title="bbox 187 5525 1015 5598; baseline 0 -21"><span class='ocrx_word' id='word_1_661' title='bbox 187 5525 379 5581; x_wconf 87' lang='lat' dir='ltr'><strong><em>Domini</em></strong></span> <span class='ocrx_word' id='word_1_662' title='bbox 402 5528 629 5598; x_wconf 81' lang='lat' dir='ltr'><strong><em>populis</em></strong></span> <span class='ocrx_word' id='word_1_663' title='bbox 659 5526 1015 5596; x_wconf 76' lang='lat' dir='ltr'><strong><em>praedicatur.</em></strong></span> 
     </span>
    </p>
   </div>
   <div class='ocr_carea' id='block_1_88' title="bbox 246 5618 1795 5687">
    <p class='ocr_par' dir='ltr' id='par_1_88' title="bbox 246 5618 1795 5687">
     <span class='ocr_line' id='line_1_88' title="bbox 246 5618 1795 5687; baseline -0.003 -15"><span class='ocrx_word' id='word_1_664' title='bbox 246 5619 305 5672; x_wconf 86' lang='lat' dir='ltr'><strong><em>In</em></strong></span> <span class='ocrx_word' id='word_1_665' title='bbox 337 5621 426 5675; x_wconf 87' lang='lat' dir='ltr'><strong><em>hoc</em></strong></span> <span class='ocrx_word' id='word_1_666' title='bbox 464 5621 657 5675; x_wconf 87' lang='lat' dir='ltr'><strong><em>triduo</em></strong></span> <span class='ocrx_word' id='word_1_667' title='bbox 700 5618 1000 5687; x_wconf 88' lang='lat' dir='ltr'><strong><em>aliquando</em></strong></span> <span class='ocrx_word' id='word_1_668' title='bbox 1036 5619 1186 5685; x_wconf 82' lang='lat' dir='ltr'><strong><em>facta</em></strong></span> <span class='ocrx_word' id='word_1_669' title='bbox 1220 5621 1298 5670; x_wconf 90' lang='lat' dir='ltr'><strong><em>est</em></strong></span> <span class='ocrx_word' id='word_1_670' title='bbox 1335 5618 1650 5677; x_wconf 86' lang='lat' dir='ltr'><strong><em>communio,</em></strong></span> <span class='ocrx_word' id='word_1_671' title='bbox 1688 5631 1795 5669; x_wconf 89' lang='lat' dir='ltr'><strong><em>non</em></strong></span> 
     </span>
    </p>
   </div>
   <div class='ocr_carea' id='block_1_89' title="bbox 188 5709 1795 5779">
    <p class='ocr_par' dir='ltr' id='par_1_89' title="bbox 188 5709 1795 5779">
     <span class='ocr_line' id='line_1_89' title="bbox 188 5709 1795 5779; baseline -0.001 -17"><span class='ocrx_word' id='word_1_672' title='bbox 188 5711 339 5766; x_wconf 84' lang='lat' dir='ltr'><strong><em>solum</em></strong></span> <span class='ocrx_word' id='word_1_673' title='bbox 374 5717 431 5768; x_wconf 91' lang='lat' dir='ltr'><strong><em>in</em></strong></span> <span class='ocrx_word' id='word_1_674' title='bbox 460 5714 811 5768; x_wconf 88' lang='lat' dir='ltr'><strong><em>monasteriis</em></strong></span> <span class='ocrx_word' id='word_1_675' title='bbox 840 5710 1003 5779; x_wconf 89' lang='lat' dir='ltr'><strong><em>(quod</em></strong></span> <span class='ocrx_word' id='word_1_676' title='bbox 1030 5726 1098 5763; x_wconf 77' lang='lat' dir='ltr'><strong><em>ea:</em></strong></span> <span class='ocrx_word' id='word_1_677' title='bbox 1131 5709 1566 5763; x_wconf 88' lang='lat' dir='ltr'><strong><em>Cluniacensium</em></strong></span> <span class='ocrx_word' id='word_1_678' title='bbox 1599 5709 1795 5763; x_wconf 84' lang='lat' dir='ltr'><strong><em>ritibus</em></strong></span> 
     </span>
    </p>
   </div>
   <div class='ocr_carea' id='block_1_90' title="bbox 188 5802 1791 5876">
    <p class='ocr_par' dir='ltr' id='par_1_90' title="bbox 188 5802 1791 5876">
     <span class='ocr_line' id='line_1_90' title="bbox 188 5802 1791 5876; baseline -0.001 -21"><span class='ocrx_word' id='word_1_679' title='bbox 188 5803 397 5875; x_wconf 84' lang='lat' dir='ltr'><strong><em>aliisque</em></strong></span> <span class='ocrx_word' id='word_1_680' title='bbox 420 5808 653 5876; x_wconf 82' lang='lat' dir='ltr'><strong><em>constat)</em></strong></span> <span class='ocrx_word' id='word_1_681' title='bbox 674 5804 771 5859; x_wconf 87' lang='lat' dir='ltr'><strong><em>sed</em></strong></span> <span class='ocrx_word' id='word_1_682' title='bbox 792 5806 954 5858; x_wconf 87' lang='lat' dir='ltr'><strong><em>etiam</em></strong></span> <span class='ocrx_word' id='word_1_683' title='bbox 973 5805 1032 5858; x_wconf 90' lang='lat' dir='ltr'><strong><em>in</em></strong></span> <span class='ocrx_word' id='word_1_684' title='bbox 1058 5804 1183 5857; x_wconf 89' lang='lat' dir='ltr'><strong><em>aliis</em></strong></span> <span class='ocrx_word' id='word_1_685' title='bbox 1202 5803 1453 5863; x_wconf 89' lang='lat' dir='ltr'><strong><em>ecclesiis,</em></strong></span> <span class='ocrx_word' id='word_1_686' title='bbox 1477 5806 1605 5855; x_wconf 88' lang='lat' dir='ltr'><strong><em>teste</em></strong></span> <span class='ocrx_word' id='word_1_687' title='bbox 1630 5802 1791 5855; x_wconf 89' lang='lat' dir='ltr'><strong><em>Theo-</em></strong></span> 
     </span>
    </p>
   </div>
   <div class='ocr_carea' id='block_1_91' title="bbox 190 5894 1792 5973">
    <p class='ocr_par' dir='ltr' id='par_1_91' title="bbox 190 5894 1792 5973">
     <span class='ocr_line' id='line_1_91' title="bbox 190 5894 1792 5973; baseline -0.001 -23"><span class='ocrx_word' id='word_1_688' title='bbox 190 5895 327 5966; x_wconf 83' lang='lat' dir='ltr'><strong><em>dulfo</em></strong></span> <span class='ocrx_word' id='word_1_689' title='bbox 340 5904 578 5973; x_wconf 85' lang='lat' dir='ltr'><strong><em>episcopo</em></strong></span> <span class='ocrx_word' id='word_1_690' title='bbox 594 5899 1013 5959; x_wconf 84' lang='lat' dir='ltr'><strong><em>Aurelianensi,</em></strong></span> <span class='ocrx_word' id='word_1_691' title='bbox 1027 5900 1084 5951; x_wconf 83' lang='lat' dir='ltr'><strong><em>in</em></strong></span> <span class='ocrx_word' id='word_1_692' title='bbox 1094 5896 1343 5964; x_wconf 87' lang='lat' dir='ltr'><strong><em>Capitula</em></strong></span> <span class='ocrx_word' id='word_1_693' title='bbox 1350 5898 1447 5958; x_wconf 87' lang='lat' dir='ltr'><strong><em>ris,</em></strong></span> <span class='ocrx_word' id='word_1_694' title='bbox 1462 5894 1692 5948; x_wconf 87' lang='lat' dir='ltr'><strong><em>articulo</em></strong></span> <span class='ocrx_word' id='word_1_695' title='bbox 1706 5895 1792 5973; x_wconf 48' lang='grc' dir='ltr'><strong><em>ΑΗς</em></strong></span> 
     </span>
    </p>
   </div>
   <div class='ocr_carea' id='block_1_92' title="bbox 1879 3377 2835 3445">
    <p class='ocr_par' dir='ltr' id='par_1_92' title="bbox 1879 3377 2835 3445">
     <span class='ocr_line' id='line_1_92' title="bbox 1879 3377 2835 3445; baseline 0.004 -16"><span class='ocrx_word' id='word_1_696' title='bbox 1879 3377 2134 3445; x_wconf 86' lang='lat' dir='ltr'><strong><em>paschali</em></strong></span> <span class='ocrx_word' id='word_1_697' title='bbox 2161 3380 2523 3431; x_wconf 88' lang='lat' dir='ltr'><strong><em>communione</em></strong></span> <span class='ocrx_word' id='word_1_698' title='bbox 2549 3385 2835 3435; x_wconf 83' lang='lat' dir='ltr'><strong><em>removent.</em></strong></span> 
     </span>
    </p>
   </div>
   <div class='ocr_carea' id='block_1_93' title="bbox 2159 3480 3238 3554">
    <p class='ocr_par' dir='ltr' id='par_1_93' title="bbox 2159 3480 3238 3554">
     <span class='ocr_line' id='line_1_93' title="bbox 2159 3480 3238 3554; baseline 0.006 -22"><span class='ocrx_word' id='word_1_699' title='bbox 2159 3480 2303 3550; x_wconf 81' lang='lat' dir='ltr'><strong><em>[LXL</em></strong></span> <span class='ocrx_word' id='word_1_700' title='bbox 2345 3496 2591 3534; x_wconf 79' lang='lat' dir='ltr'><strong><em>LEGENDA</em></strong></span> <span class='ocrx_word' id='word_1_701' title='bbox 2630 3498 2683 3534; x_wconf 80' lang='lat' dir='ltr'><strong><em>IN</em></strong></span> <span class='ocrx_word' id='word_1_702' title='bbox 2724 3498 2957 3537; x_wconf 63' lang='lat' dir='ltr'><strong><em>summa</em></strong></span> <span class='ocrx_word' id='word_1_703' title='bbox 2997 3486 3238 3554; x_wconf 54' lang='lat' dir='ltr'><strong><em>sacrm]</em></strong></span> 
     </span>
    </p>
   </div>
   <div class='ocr_carea' id='block_1_94' title="bbox 1887 3628 3499 3705">
    <p class='ocr_par' dir='ltr' id='par_1_94' title="bbox 1887 3628 3499 3705">
     <span class='ocr_line' id='line_1_94' title="bbox 1887 3628 3499 3705; baseline 0.006 -25"><span class='ocrx_word' id='word_1_704' title='bbox 1887 3628 2310 3682; x_wconf 87' lang='lat' dir='ltr'><strong><em>inundaverunt</em></strong></span> <span class='ocrx_word' id='word_1_705' title='bbox 2350 3630 2560 3682; x_wconf 90' lang='lat' dir='ltr'><strong><em>terram</em></strong></span> <span class='ocrx_word' id='word_1_706' title='bbox 2589 3646 2740 3683; x_wconf 91' lang='lat' dir='ltr'><strong><em>anno</em></strong></span> <span class='ocrx_word' id='word_1_707' title='bbox 2773 3634 3181 3687; x_wconf 82' lang='lat' dir='ltr'><strong><em>sexcentesimo</em></strong></span> <span class='ocrx_word' id='word_1_708' title='bbox 3220 3634 3323 3687; x_wconf 65' lang='lat' dir='ltr'><strong><em>viae</em></strong></span> <span class='ocrx_word' id='word_1_709' title='bbox 3364 3652 3499 3705; x_wconf 69' lang='lat' dir='ltr'><strong><em>suas,</em></strong></span> 
     </span>
    </p>
   </div>
   <div class='ocr_carea' id='block_1_95' title="bbox 1888 3721 3497 3792">
    <p class='ocr_par' dir='ltr' id='par_1_95' title="bbox 1888 3721 3497 3792">
     <span class='ocr_line' id='line_1_95' title="bbox 1888 3721 3497 3792; baseline 0.006 -18"><span class='ocrx_word' id='word_1_710' title='bbox 1888 3723 2017 3786; x_wconf 88' lang='lat' dir='ltr'><strong><em>etc.,</em></strong></span> <span class='ocrx_word' id='word_1_711' title='bbox 2050 3736 2218 3789; x_wconf 89' lang='lat' dir='ltr'><strong><em>usque</em></strong></span> <span class='ocrx_word' id='word_1_712' title='bbox 2248 3721 2640 3792; x_wconf 85' lang='lat' dir='ltr'><strong><em>Odoratusque</em></strong></span> <span class='ocrx_word' id='word_1_713' title='bbox 2670 3726 2754 3775; x_wconf 89' lang='lat' dir='ltr'><strong><em>est</em></strong></span> <span class='ocrx_word' id='word_1_714' title='bbox 2783 3724 3057 3779; x_wconf 88' lang='lat' dir='ltr'><strong><em>Dominus</em></strong></span> <span class='ocrx_word' id='word_1_715' title='bbox 3097 3725 3333 3783; x_wconf 91' lang='lat' dir='ltr'><strong><em>odorem</em></strong></span> <span class='ocrx_word' id='word_1_716' title='bbox 3372 3745 3497 3783; x_wconf 91' lang='lat' dir='ltr'><strong><em>sua-</em></strong></span> 
     </span>
    </p>
   </div>
   <div class='ocr_carea' id='block_1_96' title="bbox 1887 3813 3053 3889">
    <p class='ocr_par' dir='ltr' id='par_1_96' title="bbox 1887 3813 3053 3889">
     <span class='ocr_line' id='line_1_96' title="bbox 1887 3813 3053 3889; baseline 0.005 -23"><span class='ocrx_word' id='word_1_717' title='bbox 1887 3813 2090 3866; x_wconf 85' lang='lat' dir='ltr'><strong><em>vitatis.</em></strong></span> <span class='ocrx_word' id='word_1_718' title='bbox 2122 3814 2328 3884; x_wconf 88' lang='lat' dir='ltr'><strong><em>(Genes.</em></strong></span> <span class='ocrx_word' id='word_1_719' title='bbox 2358 3830 2453 3881; x_wconf 82' lang='lat' dir='ltr'><strong><em>vn,</em></strong></span> <span class='ocrx_word' id='word_1_720' title='bbox 2484 3817 2567 3881; x_wconf 83' lang='lat' dir='ltr'><strong><em>l0,</em></strong></span> <span class='ocrx_word' id='word_1_721' title='bbox 2601 3831 2769 3884; x_wconf 88' lang='lat' dir='ltr'><strong><em>usque</em></strong></span> <span class='ocrx_word' id='word_1_722' title='bbox 2794 3833 2911 3884; x_wconf 86' lang='lat' dir='ltr'><strong><em>vm,</em></strong></span> <span class='ocrx_word' id='word_1_723' title='bbox 2944 3819 3053 3889; x_wconf 81' lang='lat' dir='ltr'><strong><em>2t.)</em></strong></span> 
     </span>
    </p>
   </div>
   <div class='ocr_carea' id='block_1_97' title="bbox 2377 3906 3079 3967">
    <p class='ocr_par' dir='ltr' id='par_1_97' title="bbox 2377 3906 3079 3967">
     <span class='ocr_line' id='line_1_97' title="bbox 2377 3906 3079 3967; baseline 0.007 -12"><span class='ocrx_word' id='word_1_724' title='bbox 2377 3910 2423 3955; x_wconf 74' lang='lat' dir='ltr'><strong><em>t.</em></strong></span> <span class='ocrx_word' id='word_1_725' title='bbox 2451 3906 2624 3956; x_wconf 85' lang='lat' dir='ltr'><strong><em>Lectio</em></strong></span> <span class='ocrx_word' id='word_1_726' title='bbox 2650 3907 2770 3957; x_wconf 87' lang='lat' dir='ltr'><strong><em>libri</em></strong></span> <span class='ocrx_word' id='word_1_727' title='bbox 2803 3910 3032 3960; x_wconf 87' lang='lat' dir='ltr'><strong><em>Genesis.</em></strong></span> <span class='ocrx_word' id='word_1_728' title='bbox 3074 3954 3079 3967; x_wconf 89' lang='grc'><strong><em>,</em></strong></span> 
     </span>
    </p>
   </div>
   <div class='ocr_carea' id='block_1_98' title="bbox 1957 3986 3503 4061">
    <p class='ocr_par' dir='ltr' id='par_1_98' title="bbox 1957 3986 3503 4061">
     <span class='ocr_line' id='line_1_98' title="bbox 1957 3986 3503 4061; baseline 0.005 -20"><span class='ocrx_word' id='word_1_729' title='bbox 1957 3986 2234 4057; x_wconf 85' lang='lat' dir='ltr'><strong><em>Tempore</em></strong></span> <span class='ocrx_word' id='word_1_730' title='bbox 2266 3987 2383 4055; x_wconf 89' lang='lat' dir='ltr'><strong><em>illo,</em></strong></span> <span class='ocrx_word' id='word_1_731' title='bbox 2414 3988 2712 4058; x_wconf 88' lang='lat' dir='ltr'><strong><em>temptavit</em></strong></span> <span class='ocrx_word' id='word_1_732' title='bbox 2740 3990 2889 4043; x_wconf 90' lang='lat' dir='ltr'><strong><em>Deus</em></strong></span> <span class='ocrx_word' id='word_1_733' title='bbox 2917 3990 3227 4061; x_wconf 75' lang='lat' dir='ltr'><strong><em>Abraham,</em></strong></span> <span class='ocrx_word' id='word_1_734' title='bbox 3269 3996 3326 4048; x_wconf 91' lang='lat' dir='ltr'><strong><em>et</em></strong></span> <span class='ocrx_word' id='word_1_735' title='bbox 3365 3993 3503 4049; x_wconf 80' lang='lat' dir='ltr'><strong><em>dixit</em></strong></span> 
     </span>
    </p>
   </div>
   <div class='ocr_carea' id='block_1_99' title="bbox 1889 4078 3504 4156">
    <p class='ocr_par' dir='ltr' id='par_1_99' title="bbox 1889 4078 3504 4156">
     <span class='ocr_line' id='line_1_99' title="bbox 1889 4078 3504 4156; baseline 0.006 -24"><span class='ocrx_word' id='word_1_736' title='bbox 1889 4078 1960 4133; x_wconf 91' lang='lat' dir='ltr'><strong><em>ad</em></strong></span> <span class='ocrx_word' id='word_1_737' title='bbox 1984 4095 2115 4133; x_wconf 91' lang='lat' dir='ltr'><strong><em>eum</em></strong></span> <span class='ocrx_word' id='word_1_738' title='bbox 2150 4097 2163 4134; x_wconf 90' lang='lat'><strong>:</strong></span> <span class='ocrx_word' id='word_1_739' title='bbox 2194 4080 2503 4148; x_wconf 86' lang='lat' dir='ltr'><strong><em>Abraham,</em></strong></span> <span class='ocrx_word' id='word_1_740' title='bbox 2538 4084 2669 4148; x_wconf 89' lang='lat' dir='ltr'><strong><em>etc.,</em></strong></span> <span class='ocrx_word' id='word_1_741' title='bbox 2702 4098 2870 4151; x_wconf 89' lang='lat' dir='ltr'><strong><em>usque</em></strong></span> <span class='ocrx_word' id='word_1_742' title='bbox 2893 4084 3282 4156; x_wconf 82' lang='lat' dir='ltr'><strong><em>Abierantque</em></strong></span> <span class='ocrx_word' id='word_1_743' title='bbox 3314 4086 3504 4143; x_wconf 90' lang='lat' dir='ltr'><strong><em>Bersa-</em></strong></span> 
     </span>
    </p>
   </div>
   <div class='ocr_carea' id='block_1_100' title="bbox 1888 4171 3311 4250">
    <p class='ocr_par' dir='ltr' id='par_1_100' title="bbox 1888 4171 3311 4250">
     <span class='ocr_line' id='line_1_100' title="bbox 1888 4171 3311 4250; baseline 0.005 -25"><span class='ocrx_word' id='word_1_744' title='bbox 1888 4171 1993 4225; x_wconf 85' lang='lat' dir='ltr'><strong><em>bee</em></strong></span> <span class='ocrx_word' id='word_1_745' title='bbox 2026 4172 2213 4239; x_wconf 90' lang='lat' dir='ltr'><strong><em>simul,</em></strong></span> <span class='ocrx_word' id='word_1_746' title='bbox 2243 4176 2299 4227; x_wconf 90' lang='lat' dir='ltr'><strong><em>et</em></strong></span> <span class='ocrx_word' id='word_1_747' title='bbox 2323 4172 2600 4227; x_wconf 88' lang='lat' dir='ltr'><strong><em>habitavit</em></strong></span> <span class='ocrx_word' id='word_1_748' title='bbox 2633 4174 2707 4227; x_wconf 86' lang='lat' dir='ltr'><strong><em>ibi</em></strong></span> <span class='ocrx_word' id='word_1_749' title='bbox 2737 4176 2943 4244; x_wconf 88' lang='lat' dir='ltr'><strong><em>(Genes.</em></strong></span> <span class='ocrx_word' id='word_1_750' title='bbox 2978 4193 3110 4245; x_wconf 84' lang='lat' dir='ltr'><strong><em>xxn,</em></strong></span> <span class='ocrx_word' id='word_1_751' title='bbox 3150 4180 3311 4250; x_wconf 86' lang='lat' dir='ltr'><strong><em>l-l9.)</em></strong></span> 
     </span>
    </p>
   </div>
   <div class='ocr_carea' id='block_1_101' title="bbox 2376 4266 3026 4318">
    <p class='ocr_par' dir='ltr' id='par_1_101' title="bbox 2376 4266 3026 4318">
     <span class='ocr_line' id='line_1_101' title="bbox 2376 4266 3026 4318; baseline 0.006 -4"><span class='ocrx_word' id='word_1_752' title='bbox 2376 4271 2422 4315; x_wconf 83' lang='lat'><strong><em>5.</em></strong></span> <span class='ocrx_word' id='word_1_753' title='bbox 2455 4266 2623 4315; x_wconf 85' lang='lat' dir='ltr'><strong><em>Lectio</em></strong></span> <span class='ocrx_word' id='word_1_754' title='bbox 2659 4267 2775 4316; x_wconf 87' lang='lat' dir='ltr'><strong><em>libri</em></strong></span> <span class='ocrx_word' id='word_1_755' title='bbox 2798 4269 3026 4318; x_wconf 89' lang='lat' dir='ltr'><strong><em>Genesis.</em></strong></span> 
     </span>
    </p>
   </div>
   <div class='ocr_carea' id='block_1_102' title="bbox 1960 4344 3505 4422">
    <p class='ocr_par' dir='ltr' id='par_1_102' title="bbox 1960 4344 3505 4422">
     <span class='ocr_line' id='line_1_102' title="bbox 1960 4344 3505 4422; baseline 0.005 -22"><span class='ocrx_word' id='word_1_756' title='bbox 1960 4344 2008 4416; x_wconf 77' lang='grc'><strong><em>1</em></strong></span> <span class='ocrx_word' id='word_1_757' title='bbox 2024 4344 2150 4418; x_wconf 83' lang='lat'><strong><em>38</em></strong></span> <span class='ocrx_word' id='word_1_758' title='bbox 2175 4347 2451 4417; x_wconf 84' lang='lat' dir='ltr'><strong><em>Tempore</em></strong></span> <span class='ocrx_word' id='word_1_759' title='bbox 2486 4346 2601 4413; x_wconf 92' lang='lat' dir='ltr'><strong><em>illo,</em></strong></span> <span class='ocrx_word' id='word_1_760' title='bbox 2626 4347 2812 4401; x_wconf 90' lang='lat' dir='ltr'><strong><em>senuit</em></strong></span> <span class='ocrx_word' id='word_1_761' title='bbox 2836 4350 3009 4415; x_wconf 87' lang='lat' dir='ltr'><strong><em>Isaac,</em></strong></span> <span class='ocrx_word' id='word_1_762' title='bbox 3034 4353 3090 4403; x_wconf 91' lang='lat' dir='ltr'><strong><em>et</em></strong></span> <span class='ocrx_word' id='word_1_763' title='bbox 3116 4352 3505 4422; x_wconf 89' lang='lat' dir='ltr'><strong><em>caligaverunt</em></strong></span> 
     </span>
    </p>
   </div>
   <div class='ocr_carea' id='block_1_103' title="bbox 1888 4439 3501 4513">
    <p class='ocr_par' dir='ltr' id='par_1_103' title="bbox 1888 4439 3501 4513">
     <span class='ocr_line' id='line_1_103' title="bbox 1888 4439 3501 4513; baseline 0.004 -21"><span class='ocrx_word' id='word_1_764' title='bbox 1888 4440 2033 4493; x_wconf 92' lang='lat' dir='ltr'><strong><em>oculi</em></strong></span> <span class='ocrx_word' id='word_1_765' title='bbox 2081 4439 2220 4508; x_wconf 83' lang='lat' dir='ltr'><strong><em>ejus,</em></strong></span> <span class='ocrx_word' id='word_1_766' title='bbox 2255 4442 2385 4506; x_wconf 89' lang='lat' dir='ltr'><strong><em>etc.,</em></strong></span> <span class='ocrx_word' id='word_1_767' title='bbox 2418 4456 2586 4509; x_wconf 89' lang='lat' dir='ltr'><strong><em>usque</em></strong></span> <span class='ocrx_word' id='word_1_768' title='bbox 2616 4440 2843 4494; x_wconf 85' lang='lat' dir='ltr'><strong><em>Salvam</em></strong></span> <span class='ocrx_word' id='word_1_769' title='bbox 2878 4442 3085 4512; x_wconf 86' lang='lat' dir='ltr'><strong><em>jugum</em></strong></span> <span class='ocrx_word' id='word_1_770' title='bbox 3124 4444 3246 4513; x_wconf 86' lang='lat' dir='ltr'><strong><em>ejus</em></strong></span> <span class='ocrx_word' id='word_1_771' title='bbox 3278 4444 3349 4497; x_wconf 90' lang='lat' dir='ltr'><strong><em>de</em></strong></span> <span class='ocrx_word' id='word_1_772' title='bbox 3380 4461 3501 4498; x_wconf 89' lang='lat' dir='ltr'><strong><em>cer-</em></strong></span> 
     </span>
    </p>
   </div>
   <div class='ocr_carea' id='block_1_104' title="bbox 1889 4531 2912 4602">
    <p class='ocr_par' dir='ltr' id='par_1_104' title="bbox 1889 4531 2912 4602">
     <span class='ocr_line' id='line_1_104' title="bbox 1889 4531 2912 4602; baseline 0.001 -18"><span class='ocrx_word' id='word_1_773' title='bbox 1889 4531 2099 4585; x_wconf 91' lang='lat' dir='ltr'><strong><em>vicibus</em></strong></span> <span class='ocrx_word' id='word_1_774' title='bbox 2139 4532 2266 4585; x_wconf 91' lang='lat' dir='ltr'><strong><em>tuis.</em></strong></span> <span class='ocrx_word' id='word_1_775' title='bbox 2301 4532 2507 4602; x_wconf 87' lang='lat' dir='ltr'><strong><em>(Genes.</em></strong></span> <span class='ocrx_word' id='word_1_776' title='bbox 2537 4548 2704 4599; x_wconf 84' lang='lat' dir='ltr'><strong><em>xxvu,</em></strong></span> <span class='ocrx_word' id='word_1_777' title='bbox 2742 4533 2912 4602; x_wconf 76' lang='grc'><strong>1-40.)</strong></span> 
     </span>
    </p>
   </div>
   <div class='ocr_carea' id='block_1_105' title="bbox 2408 4622 3009 4675">
    <p class='ocr_par' dir='ltr' id='par_1_105' title="bbox 2408 4622 3009 4675">
     <span class='ocr_line' id='line_1_105' title="bbox 2408 4622 3009 4675; baseline 0.005 -4"><span class='ocrx_word' id='word_1_778' title='bbox 2408 4628 2455 4671; x_wconf 82' lang='grc'><strong>6.</strong></span> <span class='ocrx_word' id='word_1_779' title='bbox 2482 4622 2653 4673; x_wconf 87' lang='lat' dir='ltr'><strong><em>Lectio</em></strong></span> <span class='ocrx_word' id='word_1_780' title='bbox 2680 4623 2800 4672; x_wconf 86' lang='lat' dir='ltr'><strong><em>libri</em></strong></span> <span class='ocrx_word' id='word_1_781' title='bbox 2825 4624 3009 4675; x_wconf 85' lang='lat' dir='ltr'><strong><em>Exodi.</em></strong></span> 
     </span>
    </p>
   </div>
   <div class='ocr_carea' id='block_1_106' title="bbox 1959 4705 3503 4784">
    <p class='ocr_par' dir='ltr' id='par_1_106' title="bbox 1959 4705 3503 4784">
     <span class='ocr_line' id='line_1_106' title="bbox 1959 4705 3503 4784; baseline 0.004 -22"><span class='ocrx_word' id='word_1_782' title='bbox 1959 4709 2235 4778; x_wconf 89' lang='lat' dir='ltr'><strong><em>Tempore</em></strong></span> <span class='ocrx_word' id='word_1_783' title='bbox 2277 4705 2393 4773; x_wconf 90' lang='lat' dir='ltr'><strong><em>illo,</em></strong></span> <span class='ocrx_word' id='word_1_784' title='bbox 2427 4705 2565 4759; x_wconf 89' lang='lat' dir='ltr'><strong><em>dixit</em></strong></span> <span class='ocrx_word' id='word_1_785' title='bbox 2603 4722 2830 4777; x_wconf 89' lang='lat' dir='ltr'><strong><em>quoque</em></strong></span> <span class='ocrx_word' id='word_1_786' title='bbox 2866 4707 3140 4763; x_wconf 89' lang='lat' dir='ltr'><strong><em>Dominus</em></strong></span> <span class='ocrx_word' id='word_1_787' title='bbox 3169 4709 3243 4765; x_wconf 91' lang='lat' dir='ltr'><strong><em>ad</em></strong></span> <span class='ocrx_word' id='word_1_788' title='bbox 3276 4711 3503 4784; x_wconf 81' lang='lat' dir='ltr'><strong><em>Moysen</em></strong></span> 
     </span>
    </p>
   </div>
   <div class='ocr_carea' id='block_1_107' title="bbox 1892 4799 3500 4876">
    <p class='ocr_par' dir='ltr' id='par_1_107' title="bbox 1892 4799 3500 4876">
     <span class='ocr_line' id='line_1_107' title="bbox 1892 4799 3500 4876; baseline 0.004 -23"><span class='ocrx_word' id='word_1_789' title='bbox 1892 4804 1949 4854; x_wconf 91' lang='lat' dir='ltr'><strong><em>et</em></strong></span> <span class='ocrx_word' id='word_1_790' title='bbox 1977 4802 2167 4853; x_wconf 80' lang='lat' dir='ltr'><strong><em>Aaron</em></strong></span> <span class='ocrx_word' id='word_1_791' title='bbox 2197 4800 2255 4853; x_wconf 91' lang='lat' dir='ltr'><strong><em>in</em></strong></span> <span class='ocrx_word' id='word_1_792' title='bbox 2286 4802 2440 4853; x_wconf 89' lang='lat' dir='ltr'><strong><em>terra</em></strong></span> <span class='ocrx_word' id='word_1_793' title='bbox 2476 4799 2701 4870; x_wconf 57' lang='lat' dir='ltr'><strong><em>Egypti</em></strong></span> <span class='ocrx_word' id='word_1_794' title='bbox 2734 4816 2746 4853; x_wconf 93' lang='lat'><strong>:</strong></span> <span class='ocrx_word' id='word_1_795' title='bbox 2777 4801 2979 4855; x_wconf 84' lang='lat' dir='ltr'><strong><em>Mensis</em></strong></span> <span class='ocrx_word' id='word_1_796' title='bbox 3016 4802 3120 4856; x_wconf 87' lang='lat' dir='ltr'><strong><em>iste</em></strong></span> <span class='ocrx_word' id='word_1_797' title='bbox 3158 4804 3315 4858; x_wconf 87' lang='lat' dir='ltr'><strong><em>vobis</em></strong></span> <span class='ocrx_word' id='word_1_798' title='bbox 3345 4806 3500 4876; x_wconf 89' lang='lat' dir='ltr'><strong><em>prin-</em></strong></span> 
     </span>
    </p>
   </div>
   <div class='ocr_carea' id='block_1_108' title="bbox 1892 4894 3503 4964">
    <p class='ocr_par' dir='ltr' id='par_1_108' title="bbox 1892 4894 3503 4964">
     <span class='ocr_line' id='line_1_108' title="bbox 1892 4894 3503 4964; baseline 0.004 -18"><span class='ocrx_word' id='word_1_799' title='bbox 1892 4894 2101 4964; x_wconf 91' lang='lat' dir='ltr'><strong><em>cipium</em></strong></span> <span class='ocrx_word' id='word_1_800' title='bbox 2144 4894 2447 4959; x_wconf 89' lang='lat' dir='ltr'><strong><em>mensium,</em></strong></span> <span class='ocrx_word' id='word_1_801' title='bbox 2483 4897 2613 4959; x_wconf 86' lang='lat' dir='ltr'><strong><em>etc.,</em></strong></span> <span class='ocrx_word' id='word_1_802' title='bbox 2655 4909 2824 4963; x_wconf 89' lang='lat' dir='ltr'><strong><em>usque</em></strong></span> <span class='ocrx_word' id='word_1_803' title='bbox 2854 4894 3131 4949; x_wconf 89' lang='lat' dir='ltr'><strong><em>Fecerunt</em></strong></span> <span class='ocrx_word' id='word_1_804' title='bbox 3160 4913 3360 4951; x_wconf 90' lang='lat' dir='ltr'><strong><em>omnes</em></strong></span> <span class='ocrx_word' id='word_1_805' title='bbox 3403 4898 3503 4953; x_wconf 80' lang='lat' dir='ltr'><strong><em>filii</em></strong></span> 
     </span>
    </p>
   </div>
   <div class='ocr_carea' id='block_1_109' title="bbox 1890 4987 3499 5060">
    <p class='ocr_par' dir='ltr' id='par_1_109' title="bbox 1890 4987 3499 5060">
     <span class='ocr_line' id='line_1_109' title="bbox 1890 4987 3499 5060; baseline 0.004 -20"><span class='ocrx_word' id='word_1_806' title='bbox 1890 4987 2122 5053; x_wconf 87' lang='lat' dir='ltr'><strong><em>Israhel,</em></strong></span> <span class='ocrx_word' id='word_1_807' title='bbox 2157 4987 2298 5041; x_wconf 89' lang='lat' dir='ltr'><strong><em>sicut</em></strong></span> <span class='ocrx_word' id='word_1_808' title='bbox 2322 4990 2672 5058; x_wconf 70' lang='lat' dir='ltr'><strong><em>prazceperat</em></strong></span> <span class='ocrx_word' id='word_1_809' title='bbox 2708 4988 2982 5043; x_wconf 90' lang='lat' dir='ltr'><strong><em>Dominus</em></strong></span> <span class='ocrx_word' id='word_1_810' title='bbox 3009 4989 3179 5060; x_wconf 79' lang='lat' dir='ltr'><strong><em>Moysi</em></strong></span> <span class='ocrx_word' id='word_1_811' title='bbox 3206 4993 3264 5044; x_wconf 88' lang='lat' dir='ltr'><strong><em>et</em></strong></span> <span class='ocrx_word' id='word_1_812' title='bbox 3290 4993 3499 5047; x_wconf 86' lang='lat' dir='ltr'><strong><em>Aaron.</em></strong></span> 
     </span>
    </p>
   </div>
   <div class='ocr_carea' id='block_1_110' title="bbox 1894 5079 2411 5150">
    <p class='ocr_par' dir='ltr' id='par_1_110' title="bbox 1894 5079 2411 5150">
     <span class='ocr_line' id='line_1_110' title="bbox 1894 5079 2411 5150; baseline -0.002 -15"><span class='ocrx_word' id='word_1_813' title='bbox 1894 5080 2085 5150; x_wconf 57' lang='lat' dir='ltr'><strong><em>(Emod.</em></strong></span> <span class='ocrx_word' id='word_1_814' title='bbox 2117 5096 2213 5147; x_wconf 81' lang='lat' dir='ltr'><strong><em>xu,</em></strong></span> <span class='ocrx_word' id='word_1_815' title='bbox 2252 5079 2411 5150; x_wconf 75' lang='grc'><strong>1-50.)</strong></span> 
     </span>
    </p>
   </div>
   <div class='ocr_carea' id='block_1_111' title="bbox 2403 5160 3009 5211">
    <p class='ocr_par' dir='ltr' id='par_1_111' title="bbox 2403 5160 3009 5211">
     <span class='ocr_line' id='line_1_111' title="bbox 2403 5160 3009 5211; baseline 0.008 -5"><span class='ocrx_word' id='word_1_816' title='bbox 2403 5162 2452 5208; x_wconf 88' lang='lat'><strong><em>7.</em></strong></span> <span class='ocrx_word' id='word_1_817' title='bbox 2478 5160 2654 5209; x_wconf 89' lang='lat' dir='ltr'><strong><em>Lectio</em></strong></span> <span class='ocrx_word' id='word_1_818' title='bbox 2678 5160 2797 5210; x_wconf 83' lang='lat' dir='ltr'><strong><em>libri</em></strong></span> <span class='ocrx_word' id='word_1_819' title='bbox 2829 5161 3009 5211; x_wconf 84' lang='lat' dir='ltr'><strong><em>Exodi.</em></strong></span> 
     </span>
    </p>
   </div>
   <div class='ocr_carea' id='block_1_112' title="bbox 1963 5238 3502 5309">
    <p class='ocr_par' dir='ltr' id='par_1_112' title="bbox 1963 5238 3502 5309">
     <span class='ocr_line' id='line_1_112' title="bbox 1963 5238 3502 5309; baseline 0.006 -17"><span class='ocrx_word' id='word_1_820' title='bbox 1963 5240 2239 5309; x_wconf 90' lang='lat' dir='ltr'><strong><em>Tempore</em></strong></span> <span class='ocrx_word' id='word_1_821' title='bbox 2271 5238 2386 5304; x_wconf 92' lang='lat' dir='ltr'><strong><em>illo,</em></strong></span> <span class='ocrx_word' id='word_1_822' title='bbox 2416 5241 2621 5294; x_wconf 87' lang='lat' dir='ltr'><strong><em>armati</em></strong></span> <span class='ocrx_word' id='word_1_823' title='bbox 2654 5242 3035 5298; x_wconf 88' lang='lat' dir='ltr'><strong><em>ascenderunt</em></strong></span> <span class='ocrx_word' id='word_1_824' title='bbox 3060 5241 3159 5299; x_wconf 84' lang='lat' dir='ltr'><strong><em>ﬁlii</em></strong></span> <span class='ocrx_word' id='word_1_825' title='bbox 3190 5246 3399 5302; x_wconf 87' lang='lat' dir='ltr'><strong><em>Israhel</em></strong></span> <span class='ocrx_word' id='word_1_826' title='bbox 3432 5247 3502 5302; x_wconf 90' lang='lat' dir='ltr'><strong><em>de</em></strong></span> 
     </span>
    </p>
   </div>
   <div class='ocr_carea' id='block_1_113' title="bbox 1894 5331 3502 5411">
    <p class='ocr_par' dir='ltr' id='par_1_113' title="bbox 1894 5331 3502 5411">
     <span class='ocr_line' id='line_1_113' title="bbox 1894 5331 3502 5411; baseline 0.006 -25"><span class='ocrx_word' id='word_1_827' title='bbox 1894 5336 2045 5386; x_wconf 85' lang='lat' dir='ltr'><strong><em>terra</em></strong></span> <span class='ocrx_word' id='word_1_828' title='bbox 2073 5331 2316 5402; x_wconf 59' lang='lat' dir='ltr'><strong><em>Egypti,</em></strong></span> <span class='ocrx_word' id='word_1_829' title='bbox 2344 5332 2471 5386; x_wconf 85' lang='lat' dir='ltr'><strong><em>tulit</em></strong></span> <span class='ocrx_word' id='word_1_830' title='bbox 2504 5350 2732 5404; x_wconf 90' lang='lat' dir='ltr'><strong><em>quoque</em></strong></span> <span class='ocrx_word' id='word_1_831' title='bbox 2765 5335 2981 5405; x_wconf 82' lang='lat' dir='ltr'><strong><em>Moyses</em></strong></span> <span class='ocrx_word' id='word_1_832' title='bbox 3024 5354 3150 5392; x_wconf 90' lang='lat' dir='ltr'><strong><em>ossa</em></strong></span> <span class='ocrx_word' id='word_1_833' title='bbox 3178 5341 3387 5411; x_wconf 84' lang='lat' dir='ltr'><strong><em>Ioseph</em></strong></span> <span class='ocrx_word' id='word_1_834' title='bbox 3418 5358 3502 5395; x_wconf 88' lang='lat' dir='ltr'><strong><em>se-</em></strong></span> 
     </span>
    </p>
   </div>
   <div class='ocr_carea' id='block_1_114' title="bbox 1894 5427 3503 5499">
    <p class='ocr_par' dir='ltr' id='par_1_114' title="bbox 1894 5427 3503 5499">
     <span class='ocr_line' id='line_1_114' title="bbox 1894 5427 3503 5499; baseline 0.006 -18"><span class='ocrx_word' id='word_1_835' title='bbox 1894 5442 2044 5493; x_wconf 89' lang='lat' dir='ltr'><strong><em>cum,</em></strong></span> <span class='ocrx_word' id='word_1_836' title='bbox 2073 5428 2203 5491; x_wconf 85' lang='lat' dir='ltr'><strong><em>etc.,</em></strong></span> <span class='ocrx_word' id='word_1_837' title='bbox 2226 5440 2396 5494; x_wconf 87' lang='lat' dir='ltr'><strong><em>usque</em></strong></span> <span class='ocrx_word' id='word_1_838' title='bbox 2432 5427 2492 5479; x_wconf 92' lang='lat' dir='ltr'><strong><em>In</em></strong></span> <span class='ocrx_word' id='word_1_839' title='bbox 2524 5427 2719 5480; x_wconf 89' lang='lat' dir='ltr'><strong><em>castris</em></strong></span> <span class='ocrx_word' id='word_1_840' title='bbox 2757 5445 2927 5499; x_wconf 90' lang='lat' dir='ltr'><strong><em>super</em></strong></span> <span class='ocrx_word' id='word_1_841' title='bbox 2956 5446 3114 5485; x_wconf 90' lang='lat' dir='ltr'><strong><em>mare</em></strong></span> <span class='ocrx_word' id='word_1_842' title='bbox 3147 5449 3503 5490; x_wconf 88' lang='lat' dir='ltr'><strong><em>omnes.......</em></strong></span> 
     </span>
    </p>
   </div>
   <div class='ocr_carea' id='block_1_115' title="bbox 1896 5519 2787 5590">
    <p class='ocr_par' dir='ltr' id='par_1_115' title="bbox 1896 5519 2787 5590">
     <span class='ocr_line' id='line_1_115' title="bbox 1896 5519 2787 5590; baseline 0.001 -17"><span class='ocrx_word' id='word_1_843' title='bbox 1896 5519 2087 5588; x_wconf 66' lang='lat' dir='ltr'><strong><em>(Ewod.</em></strong></span> <span class='ocrx_word' id='word_1_844' title='bbox 2120 5535 2237 5586; x_wconf 87' lang='lat' dir='ltr'><strong><em>xm,</em></strong></span> <span class='ocrx_word' id='word_1_845' title='bbox 2270 5522 2353 5585; x_wconf 90' lang='grc'><strong><em>18,</em></strong></span> <span class='ocrx_word' id='word_1_846' title='bbox 2384 5534 2552 5588; x_wconf 87' lang='lat' dir='ltr'><strong><em>usque</em></strong></span> <span class='ocrx_word' id='word_1_847' title='bbox 2575 5536 2685 5587; x_wconf 72' lang='lat' dir='ltr'><strong><em>xxv,</em></strong></span> <span class='ocrx_word' id='word_1_848' title='bbox 2713 5520 2787 5590; x_wconf 89' lang='lat'><strong><em>9.)</em></strong></span> 
     </span>
    </p>
   </div>
   <div class='ocr_carea' id='block_1_116' title="bbox 1965 5611 3504 5689">
    <p class='ocr_par' dir='ltr' id='par_1_116' title="bbox 1965 5611 3504 5689">
     <span class='ocr_line' id='line_1_116' title="bbox 1965 5611 3504 5689; baseline 0.005 -24"><span class='ocrx_word' id='word_1_849' title='bbox 1965 5612 2261 5665; x_wconf 86' lang='lat' dir='ltr'><strong><em>Exortatus</em></strong></span> <span class='ocrx_word' id='word_1_850' title='bbox 2288 5629 2347 5666; x_wconf 90' lang='lat' dir='ltr'><strong><em>es</em></strong></span> <span class='ocrx_word' id='word_1_851' title='bbox 2370 5611 2425 5665; x_wconf 91' lang='lat' dir='ltr'><strong><em>in</em></strong></span> <span class='ocrx_word' id='word_1_852' title='bbox 2448 5612 2651 5666; x_wconf 88' lang='lat' dir='ltr'><strong><em>virtute</em></strong></span> <span class='ocrx_word' id='word_1_853' title='bbox 2680 5616 2796 5681; x_wconf 85' lang='lat' dir='ltr'><strong><em>tua,</em></strong></span> <span class='ocrx_word' id='word_1_854' title='bbox 2831 5619 2888 5668; x_wconf 87' lang='lat' dir='ltr'><strong><em>et</em></strong></span> <span class='ocrx_word' id='word_1_855' title='bbox 2909 5615 2965 5669; x_wconf 91' lang='lat' dir='ltr'><strong><em>in</em></strong></span> <span class='ocrx_word' id='word_1_856' title='bbox 2991 5618 3289 5689; x_wconf 83' lang='lat' dir='ltr'><strong><em>refrigerio</em></strong></span> <span class='ocrx_word' id='word_1_857' title='bbox 3310 5622 3504 5673; x_wconf 80' lang='lat' dir='ltr'><strong><em>sancto</em></strong></span> 
     </span>
    </p>
   </div>
   <div class='ocr_carea' id='block_1_117' title="bbox 1894 5704 3504 5776">
    <p class='ocr_par' dir='ltr' id='par_1_117' title="bbox 1894 5704 3504 5776">
     <span class='ocr_line' id='line_1_117' title="bbox 1894 5704 3504 5776; baseline 0.004 -19"><span class='ocrx_word' id='word_1_858' title='bbox 1894 5709 2011 5759; x_wconf 85' lang='lat' dir='ltr'><strong><em>tuo.</em></strong></span> <span class='ocrx_word' id='word_1_859' title='bbox 2047 5704 2364 5759; x_wconf 88' lang='lat' dir='ltr'><strong><em>Audierunt</em></strong></span> <span class='ocrx_word' id='word_1_860' title='bbox 2396 5709 2615 5776; x_wconf 81' lang='lat' dir='ltr'><strong><em>gentes,</em></strong></span> <span class='ocrx_word' id='word_1_861' title='bbox 2641 5709 2696 5759; x_wconf 88' lang='lat' dir='ltr'><strong><em>et</em></strong></span> <span class='ocrx_word' id='word_1_862' title='bbox 2724 5707 2881 5762; x_wconf 73' lang='lat' dir='ltr'><strong><em>iratae</em></strong></span> <span class='ocrx_word' id='word_1_863' title='bbox 2908 5713 3040 5763; x_wconf 90' lang='lat' dir='ltr'><strong><em>sunt</em></strong></span> <span class='ocrx_word' id='word_1_864' title='bbox 3072 5728 3083 5765; x_wconf 91' lang='lat'><strong>:</strong></span> <span class='ocrx_word' id='word_1_865' title='bbox 3120 5710 3329 5765; x_wconf 91' lang='lat' dir='ltr'><strong><em>doloris</em></strong></span> <span class='ocrx_word' id='word_1_866' title='bbox 3356 5726 3504 5764; x_wconf 90' lang='lat' dir='ltr'><strong><em>com-</em></strong></span> 
     </span>
    </p>
   </div>
   <div class='ocr_carea' id='block_1_118' title="bbox 1896 5798 3503 5871">
    <p class='ocr_par' dir='ltr' id='par_1_118' title="bbox 1896 5798 3503 5871">
     <span class='ocr_line' id='line_1_118' title="bbox 1896 5798 3503 5871; baseline 0.003 -20"><span class='ocrx_word' id='word_1_867' title='bbox 1896 5798 2341 5870; x_wconf 67' lang='lat' dir='ltr'><strong><em>praahenderunt</em></strong></span> <span class='ocrx_word' id='word_1_868' title='bbox 2366 5798 2753 5854; x_wconf 85' lang='lat' dir='ltr'><strong><em>inhabitantes</em></strong></span> <span class='ocrx_word' id='word_1_869' title='bbox 2772 5802 3083 5871; x_wconf 80' lang='lat' dir='ltr'><strong><em>Philistym.</em></strong></span> <span class='ocrx_word' id='word_1_870' title='bbox 3105 5804 3254 5855; x_wconf 89' lang='lat' dir='ltr'><strong><em>Tunc</em></strong></span> <span class='ocrx_word' id='word_1_871' title='bbox 3269 5800 3503 5856; x_wconf 81' lang='lat' dir='ltr'><strong><em>festina-</em></strong></span> 
     </span>
    </p>
   </div>
   <div class='ocr_carea' id='block_1_119' title="bbox 1894 5891 3504 5964">
    <p class='ocr_par' dir='ltr' id='par_1_119' title="bbox 1894 5891 3504 5964">
     <span class='ocr_line' id='line_1_119' title="bbox 1894 5891 3504 5964; baseline 0 -19"><span class='ocrx_word' id='word_1_872' title='bbox 1894 5896 2099 5945; x_wconf 91' lang='lat' dir='ltr'><strong><em>verunt</em></strong></span> <span class='ocrx_word' id='word_1_873' title='bbox 2118 5892 2288 5946; x_wconf 85' lang='lat' dir='ltr'><strong><em>duces</em></strong></span> <span class='ocrx_word' id='word_1_874' title='bbox 2306 5892 2482 5946; x_wconf 85' lang='lat' dir='ltr'><strong><em>Edam</em></strong></span> <span class='ocrx_word' id='word_1_875' title='bbox 2506 5892 2856 5963; x_wconf 85' lang='lat' dir='ltr'><strong><em>etprincipes</em></strong></span> <span class='ocrx_word' id='word_1_876' title='bbox 2870 5893 3258 5949; x_wconf 84' lang='lat' dir='ltr'><strong><em>Moabitarum.</em></strong></span> <span class='ocrx_word' id='word_1_877' title='bbox 3275 5891 3504 5964; x_wconf 59' lang='lat' dir='ltr'><strong><em>Adpre-</em></strong></span> 
     </span>
    </p>
   </div>
  </div>
