3976 6418
437 409 538 466 {95
1217 360 1544 460 ᾸΡΡΕΝΒΙΧ
1583 401 1670 456 AD
1707 397 1924 478 orem
1964 395 2196 454 sum
2232 395 2528 453 censum
2567 378 2993 451 PARISIENSIS.
3717 387 3841 441 res

439 519 641 574 hendit
665 534 762 574 eos
777 515 968 582 timor,
987 513 1270 568 fluxerunt
1291 529 1492 567 omnes
1509 510 1894 565 inhabitantes
1919 506 2059 562 Clia-
2082 521 2138 591 Α
2161 527 2320 564 num.
2339 509 2661 563 Benedicite
2679 509 2987 562 Israhelitae
3000 506 3333 563 Dominum.
3350 503 3700 560 Benedicite
3717 501 3842 556 ﬁlii

437 611 848 668 naan.Decidat
867 625 1146 680 supereos
1167 607 1413 661 timaret
1433 600 2058 672 trimormagnitudinis
2159 605 2460 658 hominum
2505 603 2836 670 Dominum,
2891 603 3175 673 hymnum
3230 599 3421 655 dicite.
3471 595 3845 653 Benedicite

436 705 651 761 brachii
671 704 768 758 tui.
795 702 956 756 Fiant
977 706 1272 772 tamquam
1303 699 1462 770 lapis,
1494 697 1675 752 donec
1705 695 1943 750 transiat
1962 711 2060 764 p0-

2159 697 2497 754 Sacerdotes
2542 695 2770 750 Domini
2814 696 3077 750 Domino.
3131 693 3466 749 Benedicite
3511 690 3666 745 servi
3703 691 3843 744 Do-

437 800 602 870 pulus
623 801 751 850 tuus
785 796 1048 861 Domine,
1079 793 1397 864 usquedum
1430 792 1788 862 pertranseat
1816 787 2059 858 populus
2160 791 2301 844 mini
2341 790 2606 844 Domino.
2645 789 2970 843 Benedicite
3013 789 3241 860 spiritus
3279 791 3338 841 et
3375 785 3599 841 animae
3624 784 3842 854 justo-

435 894 564 946 tuus
579 889 672 944 hic
694 906 867 960 quem
888 887 1160 942 liberasti.
1176 886 1454 940 Inducens
1470 885 1600 954 plan
1611 886 1694 936 tas
1708 899 1804 936 eos
1823 881 1879 934 in
1899 896 2060 934 mon-

435 987 554 1038 tem
585 983 922 1038 hereditatis
942 985 1072 1048 tuae,
1100 980 1158 1033 in
1181 981 1502 1050 praeparata
1528 973 1898 1030 habitationis
1923 977 2056 1038 tuae,

437 1093 613 1148 quam
634 1075 964 1146 praeparasti
996 1072 1258 1138 Domine,
1290 1069 1733 1125 sanctimonium
1763 1072 1925 1121 tuum
1949 1068 2059 1120 Do-

436 1171 595 1224 mine
627 1169 782 1240 quod
817 1168 1283 1239 praeparaverunt
1310 1181 1517 1218 manus
1555 1167 1686 1216 tuae.
1721 1161 1963 1216 Domine
2001 1162 2060 1212 tu

439 1280 650 1334 regnas
676 1262 732 1316 in
755 1265 1035 1316 aeternum
1060 1262 1117 1313 et
1137 1258 1196 1313 in
1223 1258 1493 1311 saeculum
1524 1255 1734 1321 saeculi,
1758 1259 1816 1308 et
1837 1253 2021 1306 adhuc.
2045 1268 2058 1305 :

441 1355 714 1427 quoniam
740 1353 972 1407 intravit
997 1352 1282 1422 equitatus
1308 1349 1623 1404 Pharaonis
1649 1365 1776 1402 cum
1807 1346 2064 1400 curribus

439 1453 497 1504 et
526 1447 918 1502 ascensoribus
941 1447 999 1500 in
1029 1462 1212 1510 mare,
1251 1447 1308 1498 et
1338 1442 1559 1497 induxit
1584 1441 1863 1495 Dominus
1894 1455 2064 1508 super

438 1559 538 1598 eos
565 1559 744 1612 aquas
785 1539 960 1595 maris
994 1555 1007 1594 :
1046 1538 1146 1592 ﬁlii
1185 1540 1378 1591 autem
1425 1536 1635 1589 Israhel
1668 1533 1934 1587 abierunt
1963 1547 2066 1602 per

439 1635 650 1690 siccum
681 1650 784 1705 per
812 1633 1005 1687 medio
1035 1648 1215 1686 mare.
1240 1629 1492 1700 Sumpsit
1522 1632 1716 1682 autem
1735 1625 1908 1681 Maria
1928 1622 2061 1678 Pro-

437 1728 645 1800 phetis,
672 1743 834 1781 soror
848 1727 1060 1792 Aaron,
1075 1725 1458 1796 tymphanum
1479 1723 1536 1776 in
1557 1737 1734 1776 manu
1759 1736 1771 1774 :
1793 1734 2064 1789 egressae-

2157 901 2284 938 rum
2343 883 2608 948 Domino,
2661 882 2940 952 hymnum
2987 881 3178 935 dicite.
3233 877 3571 934 Benedicite
3628 874 3842 930 sancti

2161 981 2219 1031 et
2249 976 2498 1030 humiles
2540 975 2714 1029 corde
2743 974 3072 1028 Dominum.
3108 971 3438 1026 Benedicite
3479 968 3839 1032 Annanias,

2159 1069 2406 1135 Azarias,
2438 1069 2668 1123 Misahel
2709 1068 3042 1122 Dominum.
3086 1065 3512 1120 Benedicamus
3546 1064 3838 1128 Patrem,

2163 1168 2219 1218 et
2240 1165 2463 1229 Filium,
2484 1165 2540 1216 et
2561 1161 2834 1232 Spiritum
2857 1164 3118 1215 sanctum
3141 1159 3481 1224 Dominum,
3513 1158 3840 1228 hymnum

2163 1260 2440 1322 dicamus,
2475 1259 2532 1309 et
2572 1256 3061 1326 superexaltemus
3105 1270 3240 1307 eum
3276 1253 3335 1306 in
3383 1251 3622 1306 saecula.
3669 1247 3841 1313 Quia

2165 1352 2371 1422 eripuit
2400 1366 2502 1403 nos
2523 1349 2671 1402 Deus
2697 1347 2754 1401 in
2778 1347 3026 1413 inferno,
3051 1349 3367 1415 etc.,usque
3393 1346 3668 1399 Potestas
3691 1341 3841 1412 ejus

2163 1447 2221 1499 in
2251 1443 2685 1517 generationem
2717 1445 2772 1494 et
2794 1440 3254 1512 generationem.
3288 1440 3452 1509 (Dan.
3485 1437 3599 1508 ιιι.)

2466 1545 2694 1610 Epistola
2717 1543 2860 1593 Pauli
2883 1543 3102 1606 apostoli
3128 1541 3192 1591 ad
3217 1543 3500 1591 Romanos.

2238 1634 2479 1698 Fratres,
2527 1648 2600 1684 an
2630 1629 2927 1700 ignoratis,
2962 1627 3095 1699 quia
3141 1627 3494 1699 quicumque
3530 1622 3838 1695 baptizati

2167 1743 2383 1793 sumus,
2417 1728 2548 1791 etc.,
2575 1740 2745 1792 usque
2771 1723 3035 1776 Viventes
3079 1724 3276 1775 autem
3313 1721 3432 1774 Deo
3477 1718 3540 1773 in
3583 1716 3840 1774 Christo

441 1838 550 1892 que
579 1824 710 1874 sunt
738 1837 939 1875 omnes
967 1818 1239 1890 mulieres
1259 1821 1390 1888 post
1419 1833 1550 1870 eam
1579 1830 1709 1868 cum
1739 1809 2068 1883 tymphanis
2165 1823 2296 1876 Jesu
2323 1819 2570 1873 Domino
2599 1821 2812 1870 nostro,
2843 1817 3011 1886 (Rom,
3042 1831 3117 1881 γι,
3157 1814 3334 1885 3-12,)

441 1891 500 1968 et
527 1914 734 1980 choris,
763 1913 966 1983 quibus
995 1911 1348 1982 praecinebat
1367 1910 1564 1963 dicens
1587 1925 1600 1962 :
1625 1908 1932 1962 Cantemus
1953 1903 2063 1956 Do-
2085 1891 2142 1963 B

443 2007 625 2073 mino,
674 2006 920 2076 gloriose
963 2005 1118 2058 enim
1160 2003 1561 2074 magniﬁcatus
1609 2003 1712 2065 est,
1760 2013 1972 2068 equum
2015 1998 2074 2049 et

445 2115 808 2153 ascensorem
836 2099 958 2167 ejus
987 2095 1198 2167 dejecit
1225 2096 1282 2149 in
1305 2111 1484 2148 mare.
1520 2094 1711 2166 (Emori.
1745 2108 1836 2158 xv,
1875 2090 2070 2160 llr-2t.)

818 2204 864 2247 8.
890 2198 1068 2248 Lectio
1093 2196 1372 2246 Ezechihel
1409 2195 1696 2260 prephetas.

515 2286 793 2355 Tempore
823 2283 942 2349 illo,
974 2284 1125 2337 facta
1161 2285 1246 2335 est
1275 2297 1446 2352 super
1465 2297 1559 2335 me
1595 2297 1800 2334 manus
1820 2278 2067 2344 Domini,

445 2382 502 2432 et
543 2378 737 2433 eduxit
779 2393 872 2431 me
916 2373 1106 2448 139
1141 2375 1200 2428 in
1247 2375 1447 2446 spiritu
1484 2374 1731 2441 Domini,
1766 2377 1822 2428 et
1859 2371 2072 2427 dimisit

443 2488 538 2526 me
565 2471 623 2525 in
653 2471 844 2526 medio
871 2469 1080 2540 campi,
1117 2473 1248 2536 etc.,
1278 2485 1449 2538 usque
1480 2469 1546 2522 Et
1579 2467 1766 2522 scietis
1803 2467 1936 2538 quia
1962 2481 2069 2536 ego

442 2565 720 2622 Dominus
761 2566 1030 2636 loquutus
1072 2581 1198 2618 sum
1237 2566 1292 2618 et
1329 2561 1454 2630 feci,
1485 2562 1564 2616 ait
1593 2561 1869 2616 Dominus
1901 2561 2067 2614 Deus.

445 2659 652 2732 (Ezech.
680 2675 884 2725 xxxvn,
921 2657 1087 2728 1-14.)

879 2763 926 2807 9.
955 2758 1129 2808 Lectio
1154 2757 1316 2808 Esaite
1348 2751 1635 2822 prOphetI'e.

515 2844 664 2898 Visio
704 2843 881 2898 Esaia
921 2843 1020 2897 filii
1049 2845 1243 2910 Amos,
1287 2859 1461 2913 quam
1493 2842 1634 2896 vidit
1675 2858 1846 2913 super
1867 2841 2072 2896 Iudam

447 2943 504 2992 et
523 2937 877 2992 Hierusalem
904 2935 962 2990 in
1009 2936 1208 2992 diebus
1251 2936 1416 3001 Oziae,
1449 2939 1578 3002 etc.,
1603 2951 1773 3004 usque
1797 2936 1868 2989 Ut
1895 2934 2073 3006 pulvis

448 3031 738 3098 ascendet,
771 3029 848 3084 ait
878 3028 1154 3084 Dominus
1185 3031 1354 3083 Deus.
1386 3028 1515 3099 (Isa.
1548 3046 1586 3094 ι,
1624 3029 1695 3098 1.)

837 3136 914 3180 1ο.
943 3131 1116 3180 Lectio
1143 3131 1264 3180 libri
1287 3131 1499 3180 Hiesum
1525 3131 1682 3180 Nave.

2324 1919 2496 1970 Lectio
2521 1918 2682 1968 sancti
2713 1916 2982 1980 Evangelii
3017 1914 3304 1965 secundum
3330 1912 3658 1963 Matthzrnm.

2238 2009 2484 2077 Vespere
2533 2007 2728 2058 autem
2775 2001 3028 2068 Sabbati,
3075 2017 3189 2072 qua
3231 1999 3452 2054 luciscit
3495 1998 3558 2053 in
3619 1997 3836 2070 prima

2171 2099 2422 2163 Sabbati,
2455 2101 2586 2165 etc.,
2613 2113 2784 2166 usque
2804 2093 3082 2150 Omnibus
3113 2093 3314 2148 diebus
3344 2109 3528 2163 usque
3566 2090 3648 2146 ad
3687 2107 3838 2147 con-

2170 2192 2620 2249 summationem
2651 2189 2860 2244 saeculi.
2895 2189 3085 2260 (Math.
3117 2186 3333 2258 xxvm.)

2541 2297 2720 2342 ΝΟΤιΕ
2772 2297 2850 2340 ΕΤ
2905 2295 2983 2340 OB
2991 2295 3435 2340 SERVATIONES.

2240 2380 2323 2433 Ab
2351 2379 2458 2432 hoc
2493 2377 2684 2432 ofﬁcio
2712 2375 2943 2432 Sabbati
2975 2377 3158 2430 sancti
3181 2376 3455 2430 inseritur
3485 2375 3682 2430 altera
3716 2392 3834 2431 nu-

2171 2488 2467 2526 merorum
2511 2466 2924 2541 marginalium
2974 2469 3033 2524 in
3081 2469 3444 2524 Lectionario
3489 2469 3682 2522 series
3743 2469 3839 2541 (ut

2172 2567 2342 2637 supr‘a
2394 2563 2736 2634 notavimus)
2783 2563 2856 2617 ad
2901 2563 3291 2634 designandas
3347 2563 3681 2618 Lectiones.
3751 2563 3837 2616 Ex

2173 2659 2477 2714 duodecim
2505 2657 2842 2713 lectionibus
2869 2674 2996 2728 quae
3029 2658 3372 2728 legebantur
3403 2660 3540 2710 ante
3569 2657 3837 2710 missam

2171 2753 2230 2806 in
2287 2752 2532 2822 gratiam
2593 2751 3093 2822 baptizandorum,
3147 2754 3266 2804 tres
3318 2751 3526 2822 primae
3581 2751 3832 2805 desunt.

2173 2846 2402 2899 Eaedem
2435 2846 2618 2898 ferme
2646 2847 2777 2898 sunt
2803 2844 2859 2897 in
2891 2843 3259 2909 Mozarabico,
3295 2859 3402 2898 nec
3429 2845 3694 2899 multum
3725 2843 3840 2898 dif-

2173 2940 2367 2993 ferunt
2387 2955 2419 2992 a
2439 2938 2616 2993 modo
2649 2937 2866 2991 usitatis
2887 2937 2943 2990 in
2973 2937 3174 2990 Missali
3206 2937 3471 2992 Romano
3501 2937 3832 2993 hodierno.

2172 3031 2298 3086 Tria
2347 3031 2566 3086 cantica
2605 3031 2954 3098 inseruntur,
3002 3047 3212 3100 nempe
3257 3031 3424 3086 Mosis
3467 3034 3605 3102 post
3651 3031 3838 3102 septi-

2173 3142 2352 3192 mam,
2373 3127 2532 3180 Jonze
2562 3128 2692 3195 post
2717 3124 3101 3190 undecimam,
3123 3123 3300 3178 trium
3336 3140 3663 3196 puerorum
3693 3128 3836 3196 post

518 3207 798 3288 Tempore
842 3217 960 3285 illo,
988 3219 1156 3272 Iosue
1187 3217 1258 3270 de
1301 3220 1465 3270 nocte
1496 3231 1868 3286 consurgens,
1897 3214 2075 3268 movit
2097 3265 2144 3288 η
2175 3217 2600 3284 duodecimam,
2631 3221 2694 3271 ut
2718 3217 2836 3270 fere
2861 3216 2919 3270 in
2944 3217 3293 3271 Mozarabico
3323 3233 3335 3271 :
3361 3216 3470 3270 nisi
3501 3218 3666 3288 quod
3696 3219 3831 3273 loco

447 3315 652 3379 castra,
687 3310 1164 3382 egredientesque
1198 3310 1267 3364 de
1297 3309 1496 3376 Setim,
1529 3313 1811 3363 venerunt
1841 3307 1914 3362 ad
1949 3309 2069 3363 Jor-

447 3405 680 3472 danem,
733 3407 862 3471 etc.,
909 3420 1078 3474 usque
1123 3405 1193 3458 Ut
1238 3407 1295 3457 et
1341 3419 1439 3458 vos
1476 3402 1726 3456 timeatis
1767 3402 2075 3456 Dominum

445 3499 628 3554 Deum
655 3502 904 3552 vestrum
934 3498 1091 3552 omni
1126 3501 1405 3568 tempore.
1441 3496 1620 3567 (Iosue
1650 3513 1731 3564 ιιι,
1765 3497 1860 3567 1v.)

880 3603 960 3649 il.
987 3599 1161 3649 Lectio
1189 3601 1326 3649 Iona:
1352 3599 1636 3663 prophetae.

514 3688 793 3759 Tempore
824 3686 942 3753 illo,
971 3686 1185 3740 factum
1214 3688 1299 3739 est
1337 3685 1576 3739 verbum
1619 3683 1849 3740 Domini
1877 3684 1951 3738 ad
1979 3685 2070 3738 Jo-

445 3797 600 3846 nam,
633 3780 814 3834 ﬁlium
843 3779 1094 3846 Amathi,
1119 3779 1315 3833 dicens
1344 3795 1356 3833 :
1397 3780 1600 3849 Surge,
1628 3779 1772 3832 vade
1805 3779 1863 3832 in
1901 3777 2073 3832 Neni-

444 3888 552 3927 ven
581 3872 748 3944 (Jonas
791 3873 851 3943 1),
896 3875 1028 3938 etc.,
1057 3888 1226 3942 usque
1255 3873 1323 3925 Et
1353 3871 1535 3925 oravit
1569 3873 1715 3925 Jona
1759 3871 1833 3924 ad
1877 3870 2072 3924 Domi-

445 3981 588 4020 num
618 3966 801 4019 Deum
840 3981 1007 4018 suum
1037 3963 1107 4017 de
1140 3967 1304 4018 utero
1332 3963 1518 4034 piscis,
1551 3967 1608 4016 et
1633 3963 1790 4017 dixit.
1821 3963 2076 4018 Clamavi

448 4059 521 4114 ad
551 4057 862 4113 Dominum
909 4057 1093 4110 Deum
1126 4073 1344 4122 meum,
1378 4059 1484 4110 etc.
1527 4057 1596 4110 Et
1627 4055 1766 4110 dixit
1799 4057 2076 4112 Dominus

447 4151 608 4224 pisci,
641 4154 772 4217 etc.,
805 4166 974 4220 usque
1004 4150 1296 4221 Loquutus
1324 4150 1514 4204 fuerat
1547 4153 1612 4203 ut
1639 4151 1856 4204 faceret
1889 4150 1988 4218 eis,
2021 4154 2078 4205 et

448 4261 567 4300 non
594 4244 747 4312 fecit,
780 4245 860 4298 ait
889 4244 1168 4298 Dominus
1192 4244 1359 4297 Deus.

845 4349 919 4394 12.
949 4343 1122 4395 Lectio
1149 4345 1364 4394 Danihel
1391 4345 1676 4409 prophetw.

517 4436 684 4488 Anno
725 4431 928 4488 octabo
968 4430 1190 4486 decimo
1240 4431 1768 4486 Nabuchodonozor
1804 4449 1902 4486 rex
1940 4431 2079 4487 fecit

447 4530 718 4595 statuam,
751 4530 882 4592 etc.,
911 4541 1080 4596 usque
1102 4527 1162 4580 In
1196 4528 1504 4597 conspectu
1537 4530 1633 4580 tuo
1664 4526 1836 4581 hodie
1867 4529 1930 4581 ut
1953 4527 2076 4598 pla-

2094 3265 2148 3338 C

2175 3310 2379 3366 cantici
2401 3313 2560 3365 Jonae
2591 3313 2676 3363 est
2701 3309 2986 3364 canticum
3018 3309 3282 3364 Habacuc
3314 3313 3444 3381 post
3474 3310 3831 3366 Lectionem

2176 3421 2242 3458 ex
2266 3405 2472 3458 eodem
2499 3403 2799 3474 prepheta.

2245 3499 2306 3551 In
2335 3496 2686 3552 Mozarabico
2715 3496 3076 3552 Lectionibus
3107 3495 3227 3550 istis
3257 3495 3636 3568 praemittitur
3669 3499 3832 3555 cerei

2174 3590 2519 3657 benedictio,
2557 3591 2716 3660 cujus
2757 3591 3006 3645 formula
3051 3589 3274 3645 diversa
3321 3593 3407 3644 est
3449 3607 3484 3645 a
3525 3592 3831 3660 Romana,

2176 3701 2302 3755 quae
2353 3684 2559 3738 eadem
2603 3688 2688 3738 est
2729 3700 2861 3738 cum
2901 3687 3094 3738 vetere
3148 3683 3459 3738 Gallicana.
3503 3685 3710 3741 Primo
3767 3686 3835 3740 fit

2173 3777 2499 3832 benedictio
2514 3778 2791 3832 lucernae:
2818 3793 2946 3848 quae
2963 3777 3290 3832 benedictio
3319 3781 3628 3833 auctorem
3641 3779 3834 3835 habet

2173 3871 2475 3938 Isidorum,
2504 3875 2648 3925 teste
2681 3871 2960 3942 Elipando
2993 3871 3261 3942 episcopo
3288 3872 3590 3941 Toletano,
3625 3875 3733 3945 qui
3765 3892 3834 3929 ex

2176 3982 2244 4020 eo
2284 3965 2406 4019 haec
2447 3957 2621 4018 verba
2665 3966 2845 4019 refert
2885 3964 2943 4018 in
2982 3963 3166 4036 141
3223 3965 3468 4035 epistola
3507 3966 3584 4020 ad
3627 3969 3832 4024 Alcui-

2178 4075 2337 4112 num.
2382 4080 2409 4107 «
2457 4060 2601 4112 Nam
2649 4063 2706 4112 et
2751 4058 2857 4129 ipsi
2906 4058 3166 4113 canimus
3217 4059 3276 4112 in
3320 4059 3515 4130 vigilia
3556 4061 3831 4131 Paschae,

2174 4153 2345 4206 beato
2389 4151 2604 4207 Isidoro
2650 4152 2876 4206 dicente
2931 4169 2944 4207 :
2991 4151 3184 4206 Induit
3235 4169 3496 4221 carnem,
3548 4154 3656 4209 sed
3705 4174 3831 4213 non

2176 4246 2329 4301 exuit
2365 4246 2757 4316 majestatem;
2789 4250 3044 4301 nostram
3085 4246 3468 4301 substantiam
3515 4253 3830 4320 expetens,

2176 4340 2274 4394 sed
2307 4339 2598 4411 propriam
2631 4357 2748 4394 non
2778 4339 3129 4410 relinquens.
3162 4361 3190 4388 »
3227 4340 3364 4404 Quae
3405 4341 3658 4396 totidem
3702 4361 3833 4400 ver-

2175 4433 2260 4488 bis
2301 4433 2358 4487 in
2391 4433 2740 4488 Mozarabico
2772 4435 3046 4504 leguntur
3087 4434 3161 4488 ad
3204 4433 3686 4492 benedictionem
3740 4440 3828 4494 lu-

2176 4544 2384 4582 cernae.
2425 4527 2549 4582 Alia
2576 4527 2906 4582 testimonia
2938 4527 3153 4582 ibidem
3191 4543 3256 4581 ex
3285 4528 3494 4584 Missali
3535 4531 3829 4588 Toletano

448 4625 575 4692 ceat
593 4621 732 4675 tibi.
778 4662 790 4674 .
838 4661 850 4674 .
895 4661 906 4673 .
953 4661 967 4673 .
1012 4661 1024 4674 .
1070 4661 1082 4672 .
1128 4661 1141 4674 .
1187 4661 1198 4674 .
1244 4662 1256 4674 .
1303 4661 1316 4674 .
1361 4661 1374 4674 .
1420 4661 1432 4674 .
1479 4661 1492 4674 .
1537 4661 1550 4674 .
1595 4661 1608 4674 .
1655 4661 1666 4675 .
1711 4661 1724 4674 .
1770 4661 1782 4674 .
1828 4662 1840 4674 .
1886 4661 1899 4674 .
1944 4661 1957 4674 .
2002 4662 2014 4674 .
2059 4621 2395 4708 .Dprofert
2439 4621 2594 4675 idem
2639 4621 2948 4692 Elipandus
2985 4621 3058 4676 ad
3091 4621 3361 4676 haeresim
3406 4639 3573 4677 suam
3605 4627 3829 4681 conﬁr-

449 4714 773 4770 Benedicite
797 4713 984 4768 imber
1000 4716 1160 4768 etros
1173 4713 1505 4768 Dominum.
1527 4713 1850 4769 Benedicite
1873 4730 2076 4768 omnes

448 4809 678 4880 spiritus
703 4806 1036 4862 Dominum.
1076 4807 1398 4862 Benedicite
1426 4807 1574 4878 ignis
1606 4811 1663 4862 et
1690 4809 1848 4862 calor
1877 4808 2070 4862 Domi-

448 4920 608 4970 num,
637 4903 918 4973 hymnum
947 4900 1134 4955 dicite.
1169 4901 1492 4956 Benedicite
1513 4904 1710 4956 noctes
1739 4905 1797 4954 et
1823 4901 1944 4956 dies
1969 4903 2075 4956 Do-

449 4997 693 5052 minum.
709 4996 1035 5051 Benedicite
1059 4995 1310 5050 tenebrae
1329 4997 1596 5050 etlumen
1615 4994 1883 5050 Domino.
1901 4995 2075 5051 Bene-

449 5090 620 5145 dicite
657 5090 836 5161 frigus
874 5095 932 5144 et
973 5093 1142 5144 aestus
1184 5089 1517 5156 Dominum,
1555 5089 1839 5160 hymnum
1881 5089 2068 5144 dicite.

449 5182 773 5238 Benedicite
800 5185 1004 5254 pruina
1033 5187 1092 5237 et
1117 5183 1258 5238 nivis
1277 5183 1610 5237 Dominum.
1630 5182 1953 5237 Benedicite
1971 5184 2073 5237 ful-

448 5293 593 5350 gura
605 5279 663 5330 et
683 5277 848 5331 nubis
870 5279 1196 5332 Dominum.
1219 5277 1542 5333 Benedicite
1567 5281 1718 5332 terra
1735 5277 2069 5344 Dominum,

447 5371 732 5442 hymnum
763 5371 949 5426 dicite.
982 5371 1304 5426 Benedicite
1337 5375 1564 5427 montes
1592 5375 1648 5424 et
1683 5371 1854 5426 colles
1875 5370 2069 5426 Domi-

449 5481 611 5519 num.
642 5464 964 5520 Benedicite
994 5465 1190 5520 omnia
1217 5465 1511 5520 nascentia
1537 5467 1706 5519 terrae
1735 5465 2067 5520 Dominum.

449 5557 772 5613 Benedicite
797 5559 979 5614 maria
1001 5563 1058 5612 et
1073 5559 1313 5614 ﬂumina
1334 5557 1961 5627 Dominum,hymnum
1985 5557 2070 5612 di-

445 5651 574 5706 cite.
592 5651 640 5725 1
657 5651 782 5724 4ο
798 5643 1120 5707 Benedicite
1135 5654 1323 5706 fontes
1335 5665 1617 5720 aquarum
1631 5649 1960 5704 Dominum.
1975 5651 2073 5704 Be-

449 5746 694 5802 nedicite
713 5747 900 5817 byluze
923 5749 982 5800 et
1003 5745 1199 5800 omnia
1222 5759 1347 5814 quae
1369 5745 1672 5797 morantur
1691 5741 1748 5796 in
1779 5743 1940 5814 aquis
1959 5745 2070 5798 Do-

446 5840 690 5896 minum.
738 5839 1028 5894 Bendicite
1057 5853 1261 5892 omnes
1297 5836 1540 5890 volucris
1577 5835 1698 5890 caeli
1739 5837 2068 5905 Dominum,

447 5933 728 6007 hymnum
753 5933 942 5988 dicite.
973 5929 1297 5987 Benedicite
1314 5929 1510 5986 bestiae
1529 5934 1586 5986 et
1598 5929 1864 6004 jumenta
1885 5931 2074 5988 Domi-

2175 4715 2475 4781 mandam,
2501 4729 2747 4785 quorum
2773 4714 2963 4786 aliqua
2982 4715 3041 4769 in
3057 4715 3408 4772 Mozarabico
3423 4734 3544 4771 non
3569 4722 3827 4787 exstant,

2175 4825 2384 4880 nempe
2413 4824 2542 4879 quae
2573 4825 2638 4862 ex
2668 4808 2843 4862 missa
2873 4808 2931 4862 in
2978 4811 3152 4864 Coena
3183 4809 3436 4876 Domini,
3479 4814 3539 4864 et
3581 4829 3720 4884 quae
3764 4831 3830 4870 ex

2173 4903 2318 4958 feria
2351 4902 2517 4956 tertia
2542 4903 2794 4967 Paschae,
2823 4902 3078 4974 itemque
3119 4920 3184 4956 ex
3228 4902 3406 4958 missa
3442 4907 3630 4960 sancti
3679 4908 3824 4980 Spe-

2174 4996 2302 5062 rati,
2332 5000 2536 5066 etquae
2568 5013 2634 5050 ex
2660 4995 2833 5050 missa
2859 4995 3283 5052 defunctorum.
3311 4997 3439 5052 Alia
3470 4998 3722 5070 quidem
3755 5003 3826 5057 ab

2172 5089 2294 5161 ipso
2319 5090 2541 5161 prolata
2572 5089 2936 5160 reperiuntur
2959 5089 3019 5143 in
3051 5089 3158 5144 isto
3185 5089 3409 5156 Missali,
3441 5095 3505 5144 ut
3529 5094 3695 5164 quod
3726 5097 3825 5151 ha-

2171 5183 2270 5238 bet
2301 5199 2367 5237 ex
2395 5182 2536 5236 feria
2567 5182 2767 5252 quinta
2794 5182 3054 5248 Pascha};
3084 5186 3142 5237 at
3166 5183 3224 5237 in
3252 5184 3516 5240 Illatione
3549 5189 3822 5258 ejusdem

2173 5276 2330 5330 feriae
2345 5277 2467 5331 loco
2484 5277 2745 5346 adoptivi,
2761 5275 2819 5331 in
2833 5276 3000 5332 editis
3013 5277 3535 5350 legiturassumpti;
3555 5281 3820 5358 itemque

2171 5369 2232 5424 in
2263 5369 2438 5424 missa
2461 5369 2535 5424 de
2560 5371 2908 5427 Ascensione
2940 5375 3382 5442 assumptionem,
3417 5390 3539 5430 non
3571 5375 3660 5448 (ut
3700 5380 3820 5452 ipse

2171 5463 2330 5535 legit)
2377 5464 2737 5534 adoptionem.
2777 5465 2888 5520 Has
2917 5464 3156 5520 omnino
3189 5465 3643 5526 emendationes
3687 5490 3818 5546 sug-

2173 5561 2474 5628 gesserunt
2505 5557 2561 5610 in
2603 5557 2746 5612 libro
2793 5575 2831 5612 ιι
2877 5557 3147 5614 adversus
3189 5559 3543 5629 Elipandum
3588 5565 3822 5622 Leidra-

2172 5649 2296 5715 dus,
2333 5649 2636 5716 Nefridius,
2681 5651 2952 5722 episcopi,
2990 5655 3049 5704 et
3089 5652 3430 5707 Benedictus
3467 5656 3678 5728 abbas,
3724 5677 3820 5716 seu

2171 5741 2360 5814 potius
2387 5744 2660 5798 Alcuinus
2690 5743 2927 5815 duplicis
2953 5745 3112 5799 istius
3143 5745 3268 5800 libri
3301 5747 3572 5820 Scriptor,

2241 5837 2375 5892 Post
2402 5837 2866 5894 benedictionem
2895 5839 3144 5895 lucernae
3171 5840 3434 5912 sequitur
3459 5846 3617 5902 cerci
3645 5848 3818 5906 bene-

2174 5930 2344 5988 dictio
2381 5936 2510 6003 post
2541 5932 2760 6004 aliquas
2787 5933 3094 6003 orationes,
3123 5935 3233 5992 hoc
3262 5935 3442 5994 modo
3477 5938 3774 6017 incipiens
3802 5961 3814 6004 :
