3976 6406
139 392 221 445 197

1234 388 1319 453 DE
1358 399 1667 455 LITURGIA
1704 399 2072 456 GALLICANA
2114 400 2307 457 LIBER
2347 396 2407 457 Il.

3395 402 3492 462 l98

137 499 275 557 Vere,
300 499 556 559 Domine,
592 502 736 555 satis
766 501 992 569 dignum
1020 509 1069 558 et
1087 506 1374 573 pulchrum
1406 514 1500 567 est,
1532 513 1585 562 in
1614 528 1781 578 quan-
1803 527 1857 595 Α
1882 512 2138 581 gustinus
2162 513 2279 581 ipse
2300 512 2358 564 in
2382 511 2476 564 lib.
2501 527 2569 564 xv
2597 512 2666 565 de
2685 510 2919 567 Civitate
2950 513 3047 567 Dei
3076 506 3197 584 cap.
3226 514 3293 568 32
3322 533 3487 586 quos—

131 600 229 643 tum
254 608 347 644 nos
363 608 601 647 munere
618 600 715 648 tuo
743 598 805 649 ill
812 602 1009 659 ustras,
1036 600 1137 652 tibi
1154 616 1359 669 semper
1373 605 1579 668 gratias
1601 620 1775 670 agerc,

134 684 272 753 apud
305 701 469 753 quem
504 692 589 740 est
621 691 757 755 fons
796 693 938 749 riter,
972 692 1027 744 in
1064 693 1220 759 cujus
1249 695 1448 748 lumine
1483 698 1777 750 videbimus

131 780 314 837 lumen,
349 781 463 831 etc.
496 780 583 831 De
619 781 1030 836 benedictione
1056 785 1301 837 lucernae.
1334 790 1391 838 et
1420 788 1566 840 cerei
1599 792 1779 842 exstat

131 890 299 927 canon
330 892 530 928 nonus
566 878 806 932 concilii
838 897 891 932 iv
916 881 1171 934 Toletani
1208 898 1221 935 :
1254 884 1497 936 Lucerna
1527 890 1575 939 ct
1599 902 1776 939 cm'cus

128 972 176 1019 in
197 970 527 1035 przrrigiliis
555 971 793 1025 Pascha:
819 974 969 1041 apud
995 975 1259 1042 quasdam
1281 977 1542 1029 Ecclesias
1566 994 1671 1031 non
1698 979 1777 1031 bc-

130 1061 481 1121 ncdlcuntur:
534 1068 592 1115 et
642 1080 745 1117 cur
784 1082 818 1117 a-
862 1067 1014 1119 nobis
1055 1067 1439 1141 benedicuntur
1468 1072 1770 1137 inquirunt.

128 1155 339 1220 Propter
368 1156 690 1220 gloriosum
721 1160 861 1211 enim
889 1161 1056 1212 noctis
1088 1161 1259 1227 ipsius
1280 1168 1673 1216 sacramentum
1696 1180 1775 1217 so-

127 1247 358 1299 lemniter
380 1248 495 1301 ha'c
528 1248 931 1309 benedicimus.
949 1255 1008 1304 ut
1023 1267 1188 1305 sacrae
1204 1244 1609 1307 resurrectionis
1629 1256 1775 1309 Chri‘

126 1342 188 1391 sti
204 1342 547 1405 mysterium,
578 1342 739 1409 quod
762 1348 994 1410 tempore
1019 1344 1183 1411 hujus
1210 1347 1397 1397 votiva?
1426 1348 1593 1399 noctis
1619 1349 1773 1400 adve-

128 1433 215 1489 nit.
263 1431 655 1486 benedictione
700 1437 1027 1503 sanetiﬁcati
1072 1437 1290 1491 luminis
1321 1440 1666 1506 accipiamus.
1703 1443 1773 1494 Et

127 1526 243 1592 quia
268 1524 377 1577 hzrc
399 1524 730 1579 observatio
746 1543 848 1594 per
861 1529 1151 1581 multarum
1176 1529 1286 1581 loca
1312 1535 1575 1585 terrarum
1604 1534 1768 1598 regio-

127 1632 308 1685 nesque
329 1619 639 1685 Hispanum
658 1620 713 1671 in
734 1620 984 1673 Ecclesic’s
1009 1623 1429 1683 commendatur,
1450 1624 1673 1690 (lignum
1695 1630 1771 1679 cst

128 1716 177 1761 ut
194 1716 415 1778 propter
448 1714 734 1763 unitatem
759 1714 914 1779 pacis
952 1715 1005 1765 in
1043 1713 1340 1767 Gallicanis
1370 1717 1619 1769 Ecclesz’is
1646 1734 1768 1770 con-

126 1809 368 1857 .«crrctur.
408 1803 515 1856 L'bi
550 1804 805 1872 quidam
829 1806 978 1857 male.
1010 1805 1306 1859 Gallicanis
1336 1808 1645 1877 legendum
1666 1827 1767 1878 pu-

1880 604 2013 656 dam
2039 621 2232 658 versus
2265 606 2459 669 refert,
2491 622 2632 675 quos
2658 626 2683 653 ‹‹
2714 606 2771 659 in
2804 606 2970 659 laude
3007 608 3254 677 quadam
3291 610 3486 663 cerei»

1878 697 2117 766 scripsit,
2151 701 2210 750 ut
2238 701 2395 767 patet
2429 714 2495 750 ex
2527 714 2671 751 nova
2698 698 2967 764 editione,
2996 699 3091 753 ubi
3116 700 3270 753 locus
3299 701 3402 755 iste
3424 719 3491 757 ex

1875 788 1998 840 Mss.
2030 789 2320 842 restitutus
2349 792 2433 842 est
2461 806 2492 842 a
2521 790 2744 842 nostris.
2776 793 2834 842 In
2865 793 3107 860 utraque
3135 792 3282 845 cerei
3312 793 3487 847 bene-

1877 879 2125 934 dictione
2158 881 2449 934 Ennodius
2474 885 2733 948 testatur,
2769 898 2831 934 ex
2863 898 3027 936 cereo
3057 883 3356 939 benedicto
3389 886 3489 941 de-

1876 976 2098 1041 cerptas
2139 990 2171 1026 a
2197 974 2459 1027 lidelibus
2493 974 2664 1027 fuisse
2705 975 3010 1044 particulas
3039 978 3237 1030 contra
3270 980 3487 1047 procel-

1874 1064 1974 1116 las.
2010 1065 2146 1117 lnde
2168 1066 2461 1134 Agnorum
2493 1067 2593 1118 Dei
2624 1082 2922 1120 cereorum
2953 1067 3134 1137 origo.

1943 1158 2143 1209 Postea
2183 1157 2240 1209 in
2273 1158 2544 1226 praedicto
2570 1158 2775 1211 Missali
2802 1160 3037 1213 Gothico
3067 1160 3490 1231 subsequuntur

1870 1248 2040 1301 variae
2071 1250 2445 1303 Collectiones
2476 1268 2573 1303 seu
2604 1252 2890 1305 orationes
2917 1252 3152 1307 omnino
3187 1253 3487 1318 duodecim

1872 1357 2001 1393 cum
2044 1342 2283 1395 totidem
2326 1343 2776 1411 praefationibus,
2814 1360 3055 1413 quarum
3087 1345 3324 1416 singulae
3360 1349 3488 1416 post

1872 1433 2124 1502 singulas
2168 1435 2441 1487 lectiones
2477 1435 2796 1505 praemissas
2834 1438 3059 1490 recitari
3097 1438 3325 1492 debent.
3364 1441 3483 1494 Una

1872 1530 1956 1577 est
1996 1542 2098 1595 pro
2149 1527 2436 1595 spiritibus
2490 1528 2852 1597 pausantium
2904 1546 3001 1582 seu
3062 1530 3479 1586 defunctorum.

1871 1617 2085 1670 Deinde
2114 1619 2425 1672 succedunt
2445 1619 2743 1673 Orationes
2770 1620 2841 1673 ad
2868 1621 3249 1675 Christianum
3278 1622 3485 1676 facien-

1871 1708 2027 1775 dum,
2062 1711 2132 1763 ad
2172 1712 2359 1763 fontes
2397 1712 2841 1778 benedicendos,
2878 1717 3046 1783 atque
3080 1714 3152 1767 ad
3189 1713 3482 1785 baptizan-

1872 1801 2027 1867 dum,
2056 1819 2195 1871 quas
2230 1804 2485 1873 sequitur
2518 1804 2690 1857 missa
2717 1804 2771 1857 in
2798 1805 3012 1873 Vigiliis
3039 1807 3287 1873 Paschaa,
3324 1806 3483 1876 cujus

128 1898 253 1947 tant.
284 1897 343 1947 In
379 1895 685 1964 Hispaniis
724 1896 1027 1965 antiquum
1060 1915 1179 1950 esse
1216 1899 1593 1966 benedi‘cendi
1620 1902 1767 1955 cerei
1790 1877 1845 1948 Β
1868 1894 2039 1946 missa
2070 1896 2377 1963 EpiStOIam
2410 1900 2467 1950 et
2493 1899 2860 1967 EvangPlium
2893 1898 3149 1967 superius
3178 1916 3242 1951 ex
3266 1899 3480 1953 Lectio-

128 2003 438 2052 morem,ex
456 1987 792 2041 Prudentio
823 1990 1082 2042 nonnulli
1111 1991 1401 2060 colligunt,
1426 1993 1582 2061 cujus
1611 1994 1768 2064 hym-

130 2097 250 2132 num
288 2080 382 2133 Ad
418 2082 717 2134 incensum
754 2082 893 2139 cerei
925 2083 1203 2149 paschalis
1238 2084 1617 2152 compositum
1647 2086 1766 2138 lau-

130 2172 271 2224 dant.
306 2173 373 2224 Et
408 2173 568 2225 hunc
600 2172 849 2242 quidem
882 2173 1159 2243 hymnum
1200 2176 1271 2227 ad
1304 2176 1765 2230 benedictionem
1799 2190 1809 2197 ‘

129 2265 258 2317 cerei
274 2266 565 2333 paschalis
586 2265 829 2318 exhibet
846 2269 1004 2319 vetus
1023 2266 1174 2320 Ordo
1194 2267 1503 2336 Romanus,
1529 2272 1584 2322 et
1604 2271 1768 2339 Hym-

129 2357 332 2410 uarium
368 2359 715 2427 antiquum,
761 2358 956 2411 Bomm
1004 2376 1155 2413 anno
1196 2360 1487 2429 superiore
1526 2361 1765 2431 impres-

129 2467 256 2503 sum.
279 2454 345 2504 At
368 2450 509 2519 quia
538 2451 806 2520 hymnus
832 2451 956 2515 iste,
979 2451 1073 2521 qui
1093 2452 1148 2504 in
1177 2453 1579 2507 Cathemerino
1609 2454 1767 2524 quin-

128 2546 204 2594 tus
230 2548 327 2607 est,
357 2542 800 2596 inscribitur-in
826 2544 1212 2597 membraneis
1237 2544 1408 2611 libris,
1434 2548 1672 2612 Hymnus
1695 2548 1768 2599 ad

128 2637 383 2689 incensum
406 2637 683 2696 lucernae,
716 2652 835 2689 non
867 2639 1005 2689 cerei
1021 2639 1329 2705 paschalis;
1361 2638 1493 2691 hinc
1517 2639 1767 2692 Sirmun-

128 2728 217 2779 dus
246 2728 301 2781 in
333 2728 487 2781 notis
517 2729 595 2781 ad
638 2727 990 2793 Ennodium,
1017 2732 1072 2781 et
1097 2730 1397 2781 Mcnardus
1434 2730 1490 2783 in
1518 2732 1764 2784 Concor-

126 2819 263 2873 diam
293 2822 647 2891 regularum
680 2820 959 2885 inferunt,
986 2821 1257 2874 eumdem
1278 2822 1555 2890 hymnum
1583 2823 1655 2876 ad
1673 2840 1762 2875 ac.-

126 2913 435 2967 cendendas
478 2913 540 2966 in
577 2914 939 2966 Lucernario
981 2930 1081 2966 seu
1120 2914 1380 2983 Vesperis
1420 2914 1765 2984 quotidianis

126 3007 367 3061 lucernas
413 3007 823 3076 compositum
880 3006 1070 3059 fuisse.
1119 3008 1180 3059 In
1230 3006 1433 3059 eadem
1482 3008 1766 3061 sententia

130 3104 197 3151 est
226 3100 488 3154 Nicotaus
530 3098 812 3153 Heinsius
856 3098 913 3151 in
961 3116 1109 3152 nova
1152 3100 1443 3152 Prudentii
1491 3100 1761 3167 editione,

130 3188 301 3264 142
328 3193 425 3246 ubi
456 3193 613 3246 cerei
636 3190 926 3262 paschalis
947 3192 1118 3244 ritum
1145 3191 1437 3244 Prudentii
1460 3210 1577 3245 aevo
1606 3194 1764 3262 igno-

131 3285 235 3336 tum
265 3285 435 3337 fuisse
464 3286 676 3338 censet
710 3282 902 3351 colligi
926 3300 991 3335 ex
1020 3282 1452 3353 antiquitatibus
1471 3285 1757 3337 ecclesias-

128 3376 252 3430 ticis.
281 3378 495 3431 Verum
520 3380 770 3431 lucerna:
796 3375 1133 3429 vocabulum
1157 3375 1213 3428 in
1238 3374 1398 3429 titulo
1426 3376 1623 3445 hymni
1646 3393 1761 3429 non

130 3470 316 3523 sufficit
362 3469 683 3541 probando
716 3468 773 3521 id
807 3468 961 3537 quod
994 3468 1052 3521 hi
1084 3467 1184 3521 viri
1222 3468 1372 3521 docti
1412 3468 1719 3522 intendunt
1746 3486 1758 3523 :

130 3563 594 3633 quandoquidem
618 3562 678 3615 in
693 3560 1141 3629 VigiliaPaschae
1154 3560 1479 3615 benedictio
1497 3563 1667 3615 etiam
1686 3563 1765 3615 Iu-

129 3671 296 3709 cernae
314 3657 514 3723 fiebat,
544 3673 617 3709 ex
637 3655 829 3708 dictis.
853 3654 1144 3707 Deindein
1167 3654 1489 3724 illohymno
1512 3656 1759 3719 fitmen-

129 3746 194 3801 tio
216 3748 279 3802 de
299 3749 510 3804 Christi
536 3746 781 3801 Domini
800 3745 1238 3812 resurrectione,
1257 3746 1411 3815 quod
1436 3747 1611 3816 priori
1632 3765 1760 3800 sen-

128 3841 303 3894 tentiae
331 3839 769 3895 confirmandae
797 3838 1090 3908 quoddam
1114 3838 1289 3892 robur
1316 3838 1529 3891 addere
1556 3842 1758 3909 potest.

130 3932 227 3986 Sed
245 3935 352 3988 alia
386 3935 561 3997 ratio,
591 3949 777 4003 quam
799 3930 1101 3984 Menardus
1130 3933 1322 3983 noster
1352 3930 1535 3997 atlert,
1557 3932 1762 3985 melius

130 4028 314 4094 probat
346 4028 643 4099 hymnum
666 4026 824 4078 hunc
848 4024 918 4077 de
950 4023 1294 4077 Lucernario
1320 4023 1654 4092 quotidiano
1684 4024 1763 4077 in-

130 4120 578 4190 terpretandum,
604 4133 822 4187 nempe
842 4118 959 4187 ipse
978 4117 1172 4170 titulus
1187 4116 1311 4169 libri
1334 4115 1759 4179 Cathemerinon,

130 4226 229 4281 quo
259 4214 673 4283 signiﬁcantur
701 4226 773 4264 ea
814 4226 939 4279 quae
980 4226 1083 4279 per
1112 4210 1266 4262 diem
1308 4212 1572 4278 aguntur.
1606 4209 1761 4263 Idem

128 4304 313 4359 suadet
329 4306 511 4360 etiam
538 4303 681 4358 libri
698 4302 876 4373 ipsius
898 4301 1059 4368 ordo,
1081 4301 1137 4354 in
1157 4318 1269 4372 quo
1284 4301 1497 4371 primus
1518 4302 1762 4372 hymnus

129 4401 204 4449 est
245 4399 335 4452 Ad
376 4400 520 4465 galli
566 4402 818 4455 cantum,
865 4393 1147 4448 secundus
1196 4395 1520 4456 Matutinus,
1566 4394 1762 4447 tertiUS

130 4491 258 4544 Ante
281 4492 479 4553 cibum,
522 4492 778 4561 quartus
808 4490 931 4541 Post
956 4488 1151 4549 cibum,
1185 4486 1416 4556 quintus
1455 4487 1548 4540 Ad
1580 4490 1758 4541 incen—

1783 3233 1836 3305 C

1867 1986 2026 2039 nario
2048 1986 2438 2040 indicavimus.
2464 1990 2733 2058 Baptismi
2762 1992 3015 2043 solemne
3035 1994 3259 2086 tempus
3277 1994 3399 2044 erat
3424 1992 3481 2043 in

1866 2078 2078 2147 Vigiliis
2110 2080 2339 2132 Pascha:
2373 2083 2429 2132 et
2456 2082 2837 2147 Pentecostes,
2877 2078 3396 2151 aliquando'etiam
3425 2082 3481 2135 in

1864 2171 2066 2239 Vigilia
2092 2171 2302 2224 Natalis
2329 2172 2573 2238 Domini,
2608 2176 2664 2225 et
2703 2174 2761 2226 in
2802 2173 2976 2226 natali
3013 2174 3190 2226 sancti
3227 2174 3478 2228 Joannis.

1864 2261 2001 2315 Huic
2032 2263 2112 2316 rei
2142 2264 2453 2332 probandm
2485 2282 2630 2317 unus
2656 2266 2776 2319 fere
2811 2265 3019 2318 sufﬁcit
3043 2266 3298 2335 Gregorii
3330 2268 3483 2320 locus

1866 2371 1931 2406 ex
1961 2354 2057 2407 lih.
2096 2371 2214 2421 vm,
2260 2373 2382 2425 cap.
2425 2359 2475 2421 9,
2514 2357 2607 2409 ubi
2654 2359 3112 2411 Guntchramnus
3155 2375 3249 2411 rex
3289 2359 3368 2412 ita
3398 2360 3481 2413 lo-

1866 2446 2057 2515 quitur
2090 2464 2101 2499 :
2142 2469 2167 2495 ‹‹
2200 2448 2515 2501 Germanus
2546 2465 2707 2501 meus
2743 2449 3090 2519 Chilpericus
3117 2450 3367 2503 moriens
3395 2450 3480 2503 di-

1865 2538 2009 2591 citur
2028 2537 2075 2609 1
2092 2538 2216 2611 43
2240 2540 2415 2592 filium
2434 2541 2749 2611 reliquisse,
2781 2542 2939 2611 cujus
2965 2543 3272 2595 nutritores
3296 2547 3478 2597 matre

1866 2632 2209 2701 deprecante
2239 2632 2544 2701 petierunt,
2578 2636 2639 2685 ut
2671 2650 2801 2686 eum
2833 2634 2902 2686 de
2934 2638 3128 2687 sancto
3160 2636 3380 2690 lavacro
3420 2636 3479 2689 in

1865 2727 2143 2781 Dominici
2171 2729 2381 2781 Natalis
2413 2730 2771 2783 solemnitate
2796 2729 3067 2784 deberem
3091 2731 3345 2801 excipere
3377 2748 3389 2786 ε
3424 2736 3480 2786 et

1866 2837 1980 2873 non
2012 2824 2309 2873 venerunt.
2348 2822 2711 2891 Rogaverunt
2741 2822 3008 2893 deinceps
3040 2826 3101 2877 ut
3124 2824 3196 2877 ad
3222 2826 3479 2878 sanetum

1864 2913 2077 2966 Pascha
2121 2912 2536 2981 baptizaretur;
2584 2915 2684 2967 sed
2725 2932 2828 2968 nec
2873 2919 3005 2969 tunc
3047 2916 3247 2970 allatus
3284 2920 3368 2969 est
3400 2917 3481 2970 in-

1864 3006 2007 3058 fans.
2039 3006 2336 3075 Deprecati
2380 3009 2511 3059 sunt
2542 3010 2735 3060 autem
2776 3007 2964 3076 tertio,
3000 3012 3061 3061 ut
3095 3008 3167 3062 ad
3207 3009 3477 3063 festivita-

1864 3101 1979 3151 tem
2012 3098 2193 3151 sancti
2225 3100 2459 3152 Joannis
2490 3099 2888 3166 exhiberetur;
2924 3101 3022 3153 sed
3062 3117 3167 3154 nec
3215 3104 3344 3155 tunc
3385 3119 3476 3156 ve-

1863 3190 1964 3242 nit.
1999 3212 2026 3239 »
2069 3189 2462 3244 Chilbebertus
2504 3208 2657 3257 vero,
2693 3192 2973 3261 Sigeberti
3010 3193 3174 3257 ﬁlius,
3213 3216 3239 3241 ‹‹
3264 3195 3485 3264 Βᾶρίἱει

1862 3299 2020 3335 mum
2045 3283 2102 3335 in
2138 3282 2227 3335 die
2258 3287 2452 3336 sancto
2480 3286 2840 3337 Pentecostes
2868 3285 3101 3354 accepit,
3131 3303 3196 3339 ex
3222 3286 3477 3355 ejusdem

1862 3373 1989 3427 libri
2034 3391 2157 3444 cap.
2196 3375 2246 3428 4.
2301 3377 2506 3428 Verum
2553 3378 2747 3429 Patres
2796 3376 2995 3446 synodi
3035 3377 3475 3445 Matisconensis,

1862 3482 2083 3521 canone
2102 3470 2152 3534 2,
2171 3471 2618 3537 conqueruntur,
2644 3468 2797 3537 quod
2810 3484 2950 3537 pene
2975 3485 3079 3537 per
3095 3472 3334 3537 singulos
3364 3472 3477 3525 dies

1863 3576 1924 3613 ac
1950 3561 2157 3613 natales
2196 3565 2499 3627 martyrum
2535 3560 2851 3628 baptismus
2892 3562 3276 3627 conferretur;
3321 3566 3475 3616 vete-

1862 3668 2099 3721 remque
2128 3667 2292 3704 usum
2323 3652 2394 3705 ad
2421 3652 2637 3705 Pascha
2651 3656 2941 3705 revocant.

1864 3745 2040 3814 [XLIL
2082 3760 2324 3798 LEGENDA
2364 3760 2418 3798 IN
2457 3760 2546 3797 ms
2594 3760 2794 3798 SANCTO
2845 3760 3081 3812 PASCHE,
3121 3762 3191 3799 AD
3236 3746 3473 3817 iussam]

2132 3928 2357 3991 Epistola
2381 3928 2520 3977 Pauli
2548 3929 2768 3991 apostoli
2800 3930 2865 3979 ad
2890 3929 3196 3980 COrinthios.

1932 4013 2139 4067 Notum
2198 4016 2389 4066 autem
2436 4014 2592 4068 vobis
2633 4014 2799 4080 facio,
2842 4016 3066 4081 fratres,
3106 4015 3475 4085 Evangelium
3514 4064 3516 4068 ,

1863 4106 2017 4175 quod
2034 4105 2332 4175 praedicavi
2356 4106 2532 4173 vobis,
2563 4106 2716 4176 quod
2743 4110 2800 4160 et
2826 4108 3283 4178 accepistis,etc.,
3312 4124 3478 4177 usque

1859 4197 2289 4252 Miserabiliores
2309 4216 2503 4251 sumus
2520 4199 2784 4253 omnibus
2800 4200 3144 4255 hominibus.
3166 4202 3348 4272 (LCor.
3365 4201 3475 4272 xv.)

2080 4299 2252 4347 Lectio
2277 4299 2441 4367 sancti
2469 4299 2732 4360 Evangelii
2757 4301 3040 4349 secundum
3068 4303 3275 4352 Lucam.

1856 4381 1865 4387 ’
1932 4383 2140 4436 Diebus
2171 4383 2297 4451 illis,
2328 4400 2440 4437 una
2469 4384 2702 4439 Sabbati
2728 4385 2891 4438 valde
2923 4385 3168 4439 diluculo
3196 4386 3476 4440 venerunt

1861 4475 2128 4529 mulieres
2160 4476 2231 4529 ad
2272 4479 2825 4530 monumentum.....
2869 4477 3052 4547 ipsum
3091 4495 3223 4533 vero
3250 4495 3366 4532 non
3396 4476 3474 4531 vi-

136 4597 239 4636 sum
262 4586 516 4647 lucernae,
547 4585 751 4636 sextus
788 4582 934 4635 Ante
973 4596 1234 4635 somnum.
1272 4578 1375 4633 Ubi
1418 4579 1647 4649 quintus
1691 4579 1839 4665 deD
1862 4568 2177 4623 derunt..."
2211 4569 2340 4639 (Luc
2364 4586 2511 4635 XXIV,
2545 4568 2616 4637 l.)

137 4674 376 4747 \‘esperis
416 4676 671 4732 indubie
724 4673 1132 4744 intelligendus
1176 4675 1280 4738 est,
1325 4671 1383 4725 in
1425 4672 1628 4742 quibus
1671 4689 1759 4727 so-

136 4770 293 4823 lemni
320 4787 487 4825 more
522 4770 587 4823 in
613 4768 742 4822 dies
765 4766 998 4821 accendi
1022 4768 1283 4820 lucernas
1305 4768 1439 4819 tunc
1469 4782 1593 4819 mos
1621 4768 1762 4827 erat,

139 4867 189 4914 ut
215 4866 361 4917 recte
402 4862 727 4917 Menardus
761 4860 973 4913 ibidem
1007 4859 1231 4930 probat,
1269 4858 1539 4912 nimirum
1571 4858 1626 4912 in
1671 4874 1762 4910 ca-

138 4960 225 5022 put
262 4958 325 5010 2’1
368 4954 726 5011 Concordiae
773 4950 1188 5022 regularum,§
1236 4955 1287 5005 2.
1333 4952 1524 5021 Neque
1572 4954 1763 5004 tamen

139 5052 426 5119 prepterea
450 5052 575 5103 tam
608 5062 795 5101 novus
818 5047 902 5098 est
925 5044 1075 5098 cerei
1104 5044 1162 5097 in
1182 5042 1393 5113 Vigiliis
1410 5042 1765 5113 paschalibus

138 5138 503 5197 benedicendi
546 5142 720 5204 ritus,
756 5139 835 5192 uti
865 5136 1093 5192 lleinsio
1123 5136 1303 5190 visum
1345 5138 1430 5189 est
1460 5149 1471 5190 :
1507 5152 1635 5190 cum
1662 5136 1766 5189 En-

143 5234 345 5302 nodius,
373 5233 705 5291 Ticinensis
737 5233 871 5284 ante
916 5244 1133 5284 annum
1170 5233 1272 5285 5'20
1317 5230 1631 5299 episcopus,
1666 5244 1763 5299 ge-

142 5327 338 5383 minam
367 5329 527 5384 cerei
556 5324 849 5397 paschalis
878 5322 1341 5378 benedictionem
1372 5321 1674 5392 scripserit.

203 5419 256 5474 In
286 5422 487 5477 Missali
508 5422 658 5475 item
688 5410 1449 5479 Gothieogallicano'occurit
1466 5415 1765 5468 Benedictio

142 5528 258 5568 "re
284 5516 425 5569 beati
459 5512 784 5579 Augustini
808 5512 1062 5577 epismpi,
1092 5526 1251 5577 quam
1292 5510 1467 5562 adhuc
1507 5509 1765 5561 diaconus

144 5624 247 5660 cum
272 5616 417 5667 e~si:t.
449 5608 631 5661 edidit
661 5611 713 5656 et
742 5605 950 5663 cecinit,
979 5602 1080 5654 sub
1107 5602 1211 5655 hoc
1230 5600 1495 5689 exordio:
1519 5602 1767 5653 Emsultct

134 5700 241 5764 jam
274 5705 521 5768 angelica.
566 5697 740 5753 turba
780 5696 1046 5759 caelorum,
1089 5698 1219 5757 etc.,
1266 5697 1327 5746 ut
1370 5693 1542 5747 modo
1574 5692 1633 5745 in
1664 5709 1767 5746 usu

144 5790 386 5850 habetur.
415 5796 477 5849 1n
505 5794 639 5847 Mss.
668 5788 982 5854 nonnullis,
1006 5790 1143 5858 puta
1165 5786 1603 5849 inNoviomensi
1625 5786 1769 5840 aliis-

146 5899 261 5957 que,
287 5887 440 5944 idem
482 5888 656 5944 istius
695 5879 1118 5938 benedictionis
1145 5880 1341 5935 titulus
1377 5879 1621 5952 legitur;
1653 5880 1767 5935 Au-

2244 4679 2421 4722 NOT.E
2463 4680 2539 4721 ET
2580 4678 3101 4725 OBSERVATIONES.

1933 4764 2137 4817 Avulsa
2161 4780 2274 4817 uno
2301 4762 2437 4816 item
2462 4764 2618 4831 folio,
2644 4764 2804 4817 deest
2825 4765 3010 4834 prima
3041 4764 3228 4819 Lectio
3251 4766 3321 4820 ad
3342 4765 3476 4821 mis-

1866 4873 2007 4923 sam,
2030 4874 2156 4927 qua:
2184 4856 2350 4910 lectio
2386 4856 2618 4910 indubie
2651 4860 2774 4910 erat
2800 4874 2866 4910 ex
2893 4858 3210 4928 Apocalysi,
3249 4858 3391 4912 sicut
3423 4863 3480 4913 et

1866 4949 1988 5004 alite
2018 4952 2339 5021 sequentes,
2375 4950 2545 5003 etiam
2586 4950 2643 5003 in
2672 4950 3038 5016 Mozarabico,
3074 4950 3129 5003 in
3167 4968 3279 5021 quo
3313 4950 3477 5006 lectio

1865 5042 2050 5113 prima
2072 5042 2128 5095 in
2148 5042 2237 5095 die
2258 5042 2705 5096 Resurrectionis
2729 5042 2950 5095 Domini
2971 5042 3212 5095 sumitur
3232 5061 3297 5097 ex
3324 5043 3477 5114 prin-

1865 5135 2010 5205 cipio
2032 5135 2416 5205 Apocalypsis,
2442 5134 2691 5188 secunda
2714 5151 2779 5187 ex
2807 5134 2990 5205 capite
3020 5151 3057 5188 ιι
3087 5136 3328 5190 Actuum
3350 5155 3481 5208 apo-

1866 5230 2169 5293 stolorum;
2199 5228 2567 5296 Evangelium
2597 5243 2661 5279 ex
2688 5228 2922 5280 Joannis
2946 5245 3069 5299 cap.
3102 5246 3190 5283 xx.
3222 5230 3299 5283 Ex
3333 5232 3482 5286 notis

1866 5319 2171 5375 numericis
2204 5321 2442 5390 apparet
2474 5319 2528 5372 in
2551 5319 2905 5374 Lectionario
2940 5324 3133 5377 nostro
3167 5323 3347 5377 nullas
3379 5341 3479 5394 pro

1866 5413 2159 5468 Dominica
2173 5413 2399 5466 Pascha:
2418 5412 2688 5466 lectiones
2702 5412 2772 5466 ad
2787 5413 3014 5485 Vigilias
3036 5431 3134 5469 seu
3146 5416 3479 5471 Matutinum

1867 5506 2182 5575 assignatas
2220 5506 2389 5559 fuisse
2417 5522 2429 5571 ;
2464 5521 2563 5558 nec
2597 5508 2833 5558 fortasse
2868 5510 3090 5576 tempus
3120 5508 3238 5561 istis
3268 5510 3480 5579 Vigiliis

1866 5599 2221 5652 celebrandis
2254 5599 2533 5669 reliquum
2558 5616 2678 5651 esse
2710 5602 2952 5669 poterat,
2976 5617 3104 5653 cum
3131 5601 3323 5655 omnia
3354 5616 3479 5670 quae

1867 5691 2123 5761 superius
2155 5691 2225 5745 de
2267 5693 2515 5747 Sabbato
2556 5695 2751 5745 sancto
2790 5692 3104 5758 retulimus,
3144 5693 3201 5746 in
3239 5693 3475 5745 multam

1868 5788 2094 5839 noctem
2122 5786 2610 5856 protraherentur.
2643 5785 2767 5839 Alia
2797 5785 2941 5839 ratio
2974 5788 3059 5838 est
3088 5784 3158 5838 de
3197 5784 3479 5837 monaste-

1867 5878 1983 5947 riis,
2017 5878 2073 5933 in
2102 5878 2304 5951 quibus
2333 5878 2646 5950 baptismus
2672 5874 3229 5933 non'conferebatur.
3262 5873 3323 5927 In
3348 5871 3473 5927 Mis-
