3976 6410
489 393 594 447 203

621 503 858 546 LEGENDA
889 503 958 544 AD
989 500 1130 542 NONA
1162 501 1336 543 EODEM
1368 503 1456 540 DIE
1489 501 1544 539 IN
1575 497 1971 540 ROGATIONIBUS.

565 583 725 638 Liber
759 579 952 634 Iudith
986 592 1154 646 usque
1193 579 1386 646 ﬁnem,
1424 581 1614 646 postea
1669 573 2040 641 Evangelium.

649 671 822 722 Lectio
851 669 1016 720 sancti
1041 669 1308 731 Evangelii
1337 668 1622 718 secundum
1646 665 1957 717 Mattlueum.

564 753 766 808 Diebus
792 751 900 805 illis
925 749 1066 805 dixit
1107 729 1374 804 Dominus
1411 751 1569 804 Jesus
1612 747 1833 802 turbis:
1871 729 2141 800 Audistis'

491 853 626 924 quia
653 849 868 904 dictum
885 853 990 916 est,
1010 847 1360 919 Quicumque
1381 846 1658 902 dimiserit
1677 860 1916 899 uxorem
1934 858 2114 909 suam,

489 951 585 1006 det
611 949 693 1004 illi
715 947 973 1003 libellum
1002 946 1242 1018 repudii,
1297 950 1428 1013 etc.,
1471 960 1639 1012 usque
1675 943 1819 997 sicut
1861 946 1917 996 et
1956 942 2122 994 Pater

491 1049 675 1099 vester
701 1041 940 1097 caelestis
967 1039 1250 1111 perfectus
1271 1043 1372 1092 est.
1405 1037 1618 1107 (Matth.
1649 1053 1700 1103 v,
1729 1035 1941 1104 31-48.)

492 1138 644 1193 LVII.
675 1151 917 1190 Lee.st
955 1151 1042 1188 nu:
1079 1149 1140 1187 ιιι
1176 1149 1232 1187 IN
1272 1146 1656 1186 ROGATIONIBUS
1682 1146 1751 1183 AD
1780 1143 2117 1182 ιιΑτυτιΝιιιι.

963 1225 1138 1276 Lectio
1173 1227 1316 1288 Qseaa
1349 1223 1636 1288 prOphetaa.

565 1313 692 1366 Haec
737 1309 870 1365 dicit
912 1309 1226 1362 Dominus:
1276 1305 1479 1361 Audite
1517 1306 1642 1372 hoc,
1687 1303 2022 1372 sacerdotes,
2067 1307 2124 1356 et

493 1404 800 1471 adtendite,
827 1403 1028 1458 domus
1057 1401 1285 1469 Israhel,
1314 1405 1445 1466 etc.,
1473 1414 1642 1468 usque
1683 1397 1987 1452 Scientiam
2027 1394 2122 1448 Dei

490 1500 793 1573 plusquam
817 1497 1160 1565 holocausta,
1191 1493 1271 1548 ait
1295 1492 1568 1548 Dominus
1597 1490 1936 1561 Deus.(Osez
1964 1505 2015 1557 v,
2069 1491 2121 1556 l,

494 1608 664 1664 usque
689 1607 762 1660 vr,
793 1593 868 1661 6.)

861 1696 1098 1736 LEGENDA
1131 1695 1304 1734 EODEM
1337 1695 1422 1734 DIE
1456 1695 1524 1734 AD
1555 1695 1755 1733 TERCIA.

635 1767 867 1832 Epistula
893 1764 1058 1816 sancti
1087 1779 1148 1814 ac
1183 1763 1466 1814 beatissimi
1494 1763 1736 1813 Iohannis
1764 1760 2001 1825 apostoli.

1269 379 1600 438 APPENDIX
1637 379 1725 436 AD
1761 378 1982 434 OPERA
2019 375 2251 432 SANCTI
2288 374 2587 430 GERMANI
2627 370 3056 428 PARISIENSIS.

2136 497 2194 570 Α
2215 485 2474 556 quaedam
2501 482 2730 551 mulier,
2758 503 2785 530 ‹‹
2803 479 2942 535 dum
2957 483 3215 549 tempore
3235 471 3586 531 Litaniarum
3608 487 3746 544 prae
3773 485 3882 523 cas-

3768 361 3883 416 204-

2214 578 2349 632 catis
2373 577 2547 632 oculis
2575 591 2690 630 non
2720 577 2908 646 posset
2931 573 3014 627 ire
3039 587 3171 626 cum
3202 569 3438 640 populo,
3462 566 3715 622 audiens
3738 563 3884 617 cho-

2214 688 2345 726 rum
2370 668 2752 742 psallentium,
2783 683 2915 721 cum
2942 663 3210 735 lacrymis
3235 661 3432 717 domni
3459 657 3746 715 Germani
3767 657 3882 710 im-

2214 767 2398 836 plorat
2436 763 2732 818 auxilium.
2767 782 2793 810 ››
2825 759 3008 814 Tertia
3029 758 3140 825 die,
3161 759 3391 827 recepto
3415 752 3666 820 lumine,
3695 774 3727 801 «
3751 766 3887 805 mu-

2216 857 2323 913 lier
2334 859 2669 912 clarescente
2685 855 2775 910 die
2787 853 2856 908 ad
2868 852 3100 908 missam
3113 867 3244 906 cum
3257 847 3474 921 p0pulo
3489 845 3886 920 progreditur

2216 956 2276 1010 in
2316 967 2599 1025 processu.
2648 971 2674 997 ››
2716 952 2802 1003 An
2849 945 3083 1001 Litaniae
3123 944 3288 998 dictae
3331 942 3446 997 sint
3483 957 3555 996 ex
3589 956 3665 995 eo
3717 937 3885 1010 quod

2219 1051 2542 1101 sanctorum
2566 1043 2799 1097 nomina
2825 1041 2885 1095 in
2922 1039 3002 1094 eis
3038 1039 3562 1109 frequentarentur,
3611 1050 3697 1088 an
3738 1049 3884 1087 vero

2219 1140 2296 1194 hu
2295 1137 2544 1210 jusmodi
2559 1152 2750 1208 preces
2770 1133 2820 1206 1
2837 1132 2962 1206 53
2980 1149 3048 1188 ex
3065 1132 3178 1186 illis
3190 1127 3712 1201 supplicationibus
3727 1125 3885 1179 Lita-

2219 1233 2446 1289 niarum
2470 1245 2679 1285 nomen
2705 1227 3042 1298 acceperint,
3071 1241 3275 1297 parum
3304 1223 3563 1277 interest.
3610 1219 3768 1275 Illud
3808 1235 3884 1273 ex

2219 1325 2476 1398 Gregorii
2506 1324 2605 1378 lib.
2634 1339 2666 1376 x
2696 1339 2819 1393 cap.
2852 1324 2872 1375 1
2909 1324 3146 1387 constat,
3174 1317 3234 1372 in
3273 1315 3382 1370 illis
3422 1313 3881 1386 supplicationi-

2220 1420 2347 1489 bus,
2374 1435 2512 1490 quas
2537 1415 2844 1487 Gregorius
2863 1413 3006 1468 alter
3022 1429 3121 1467 seu
3139 1413 3374 1482 Magnus
3395 1410 3596 1464 Romen
3617 1405 3886 1462 instituit

2221 1513 2291 1567 ad
2321 1517 2537 1583 pestem
2562 1507 2976 1581 depellendam,
3006 1507 3173 1574 Kyrie
3198 1505 3419 1565 eleison,
3449 1501 3608 1574 quod
3625 1500 3888 1554 Litania-

2225 1622 2354 1660 rum
2379 1609 2702 1659 nostrarum
2727 1601 2954 1657 initium
2985 1603 3088 1670 est,
3114 1613 3220 1670 per
3247 1597 3462 1668 plateas
3489 1594 3653 1650 urbis
3681 1597 3887 1648 canta-

2223 1705 2348 1754 tum
2372 1699 2566 1752 fuisse.

2297 1793 2402 1847 Sed
2425 1807 2544 1845 non
2572 1789 2633 1843 in
2673 1787 2802 1842 solis
2838 1785 3100 1858 precibus
3142 1790 3240 1840 aut
3260 1783 3484 1856 jejunio
3515 1780 3884 1838 consistebat

565 1855 761 1953 seriior
789 1853 988 1953 Elge
1018 1849 1282 1953 dolninw’
1317 1854 1372 1904 et
1397 1848 1543 1953 natis
1569 1849 1885 1953 ejus’.qu,os
1913 1843 2128 1953 egoqdi-
2146 1867 2203 1939 B
2226 1843 2511 1941 Gallorum
2530 1843 2543 1844 γ
2562 1881 2740 1953 pietas
2787 1843 2858 1934 in
2902 1879 3091 1934 triduo
3140 1843 3559 1948 Rogationum;
3614 1875 3885 1930 multum

496 1949 612 2022 ligo
651 1947 712 2002 in
755 1946 1010 2014 veritate,
1055 1949 1185 2010 etc.,
1225 1959 1394 2012 usque
1435 1941 1828 1996 Communicat
1866 1939 2129 2011 operibus

497 2043 648 2096 illius
667 2039 949 2109 malignis.
980 2037 1182 2090 Deinde
1211 2039 1591 2105 consequenter
1618 2034 1844 2104 epistola
1868 2033 2128 2088 Johannis

499 2136 659 2189 tertia
683 2135 800 2188 sine
826 2131 983 2186 titulo
1010 2149 1026 2184 :
1055 2129 1254 2184 Senior
1291 2127 1424 2182 Gaio
1461 2127 1766 2196 carissimo,
1805 2143 1977 2198 quem
2023 2141 2128 2196 ego

499 2227 676 2299 diligo
701 2225 762 2280 in
785 2224 1038 2293 veritate,
1067 2227 1172 2278 etc.
1188 2263 1202 2292 ,
1229 2238 1400 2290 usque
1425 2221 1700 2286 Quoniam
1743 2219 2128 2275 testimonium

499 2325 758 2376 nostrum
784 2317 1113 2385 verum’est,
1147 2317 1356 2370 omissis
1384 2316 1627 2369 versibus
1659 2317 1720 2370 t3
1750 2319 1800 2368 et
1831 2315 1913 2368 14.

641 2426 816 2478 Lectio
850 2423 1014 2474 sancti
1047 2423 1312 2487 Evangelii
1345 2423 1633 2473 secundum
1667 2420 1978 2472 Matthaeum.

573 2511 632 2564 In
659 2509 755 2563 illo
781 2511 1034 2577 tempore
1063 2504 1258 2558 relicta
1289 2504 1562 2558 Dominus
1585 2504 1741 2558 Jesus
1772 2502 1991 2557 civitate
2020 2501 2126 2555 Na-

499 2603 708 2672 zareth,
735 2599 889 2656 venit
905 2603 961 2654 et
979 2597 1251 2652 habitavit
1270 2597 1326 2652 in
1348 2597 1744 2668 Caphamaum
1763 2595 2126 2661 maritimam,

499 2702 608 2752 etc.
636 2695 852 2765 (Matth.
885 2708 958 2762 1v,
992 2692 1201 2760 t3-l7.)
1240 2693 1373 2744 Tum
1394 2696 1808 2759 consequenter:
1841 2688 2033 2743 Venite
2060 2687 2131 2742 ad

500 2807 592 2845 me
612 2804 808 2844 omnes
825 2784 924 2858 qui
945 2784 1232 2854 laboratis,
1259 2788 1365 2838 etc.
1392 2784 1608 2854 (Matth.
1632 2799 1706 2852 x1,
1725 2785 1904 2853 28-30)
1919 2787 1974 2836 et
1988 2797 2130 2836 onus

500 2898 694 2938 meum
721 2882 862 2936 leve.

877 2981 1113 3022 LEGENDA
1144 2980 1317 3020 EODEM
1351 2980 1435 3018 DIE
1466 2981 1533 3019 AD
1566 2981 1743 3019 SEXTA.

679 3053 910 3118 Epistula
943 3049 1107 3102 sancti
1139 3064 1202 3099 ac
1234 3048 1516 3099 beatissimi
1547 3049 1686 3099 Iuda
1717 3047 1954 3112 apostoli.

577 3139 626 3212 1
644 3135 769 3212 52
796 3137 964 3193 ludas
987 3138 1119 3192 Jesu
1147 3134 1356 3190 Christi
1381 3150 1591 3205 servus,
1624 3135 1798 3188 frater
1824 3136 2015 3188 autem
2039 3134 2128 3188 Ja-

501 3233 646 3304 cobi,
680 3237 810 3299 etc.,
843 3246 1010 3300 usque
1041 3232 1098 3284 in
1121 3233 1300 3298 ﬁnem.

646 3329 822 3380 Lectio
855 3328 1022 3379 sancti
1053 3325 1324 3390 Evangelii
1356 3325 1643 3376 secundum
1677 3327 1988 3376 Mattbaaum.

577 3413 639 3466 ln
683 3410 779 3465 illo
824 3414 1080 3482 tempore
1118 3407 1384 3478 loquutus
1421 3411 1504 3460 est
1550 3406 1822 3461 Dominus
1866 3407 2022 3461 Iesus
2061 3405 2132 3460 ad

501 3509 786 3583 principes
828 3507 1181 3562 sacerdotum
1231 3507 1287 3558 et
1330 3504 1402 3558 ad
1447 3504 1759 3558 Pharismos
1806 3504 2132 3575 parabolam

499 3611 644 3666 hanc
675 3625 688 3663 :
721 3609 897 3662 Homo
929 3605 1171 3660 habebat
1195 3604 1336 3658 duos
1367 3603 1524 3672 filios,
1555 3607 1688 3672 etc.,
1730 3619 1900 3672 usque
1933 3605 2134 3658 Postea

504 3708 566 3759 ut
593 3701 894 3758 crederetis
921 3699 992 3755 ei.
1024 3699 1241 3769 (Matth.
1271 3713 1382 3766 xxi,
1414 3698 1630 3767 28~32.)

638 3813 877 3854 LEGENDA
908 3813 975 3851 AD
1005 3809 1151 3852 NONA
1185 3809 1357 3848 EODEM
1390 3809 1476 3846 DIE
1507 3809 1562 3846 IN
1595 3808 1988 3850 ROGATIONIBUS.

583 3885 742 3940 Liber
779 3885 973 3936 Hester
1009 3894 1179 3949 usque
1216 3883 1395 3948 ﬁnem,
1429 3884 1621 3946 postea
1659 3880 2034 3946 Evangelium.

642 3971 818 4022 Lectio
852 3968 1014 4019 sancti
1047 3967 1317 4030 Evangelii
1348 3965 1636 4020 secundum
1671 3966 1984 4018 Mattbmum.

575 4053 781 4108 Diebus
825 4051 955 4117 illis,
1005 4049 1148 4104 dixit
1184 4047 1455 4103 Dominus
1501 4049 1660 4102 Jesus
1707 4049 2034 4120 discipulis:
2074 4050 2133 4104 Si

503 4147 660 4204 enim
709 4143 1036 4201 dimiseritis
1087 4143 1414 4198 hominibus
1461 4147 1684 4214 peccata
1713 4159 1931 4214 eorum,
1999 4149 2128 4213 etc.,

507 4260 676 4314 usque
720 4244 788 4298 Et
830 4241 1020 4296 omnia
1057 4241 1178 4296 haec
1213 4241 1529 4296 adicientur
1571 4241 1744 4296 vobis.
1797 4243 2009 4312 (Matth.
2056 4259 2128 4314 vi,

509 4339 697 4394 14-33.

705 4339 720 4408 )
873 4424 1052 4469 ΝΟΤίΕ
1093 4423 1171 4467 ΕΤ
1214 4423 1742 4469 OBSERVATIONES.

573 4497 732 4563 Quod
759 4496 819 4550 in
849 4513 964 4550 una
991 4495 1292 4550 Viennensi
1320 4495 1551 4550 ecclesia
1579 4513 1648 4550 ex
1679 4497 1957 4569 singulari
1981 4514 2133 4553 occa-

2153 3235 2207 3310 C

2229 1981 2397 2034 etiam
2413 1977 2490 2031 im
2497 1973 3081 2048 pendebaturlectioni
3099 1987 3387 2026 sacrarum
3401 1970 3847 2041 Scripturarum
3871 1985 3888 2036 ;

2226 2074 2456 2128 illarum
2483 2068 2730 2124 maxime
2755 2083 2882 2139 qua:
2907 2067 2978 2122 ad
3003 2063 3514 2120 commendandam
3550 2062 3888 2117 orationem

2229 2172 2285 2221 et
2312 2167 2730 2232 eleemosynam
2758 2159 3062 2232 pertinent.
3095 2159 3304 2213 Harum
3329 2162 3526 2212 autem
3553 2155 3889 2211 lectionum

2229 2259 2465 2315 modum
2493 2255 2760 2311 discimus
2783 2270 2852 2308 ex
2879 2257 3072 2307 nostro
3101 2250 3474 2320 Lectionario,
3507 2249 3569 2304 in
3601 2261 3726 2320 quo
3755 2265 3885 2302 om-

2229 2369 2328 2408 nes
2347 2353 2604 2406 accurate
2624 2347 2968 2414 referuntur,
2993 2351 3055 2400 ut
3065 2343 3232 2399 m'odo
3250 2343 3517 2400 vidimus.
3541 2342 3888 2414 Optandum

2228 2451 2373 2500 esset
2397 2448 2462 2499 ut
2487 2441 2617 2514 pius
2643 2440 2734 2495 hic
2759 2440 2903 2494 ritus
2931 2438 3129 2494 saltem
3155 2453 3222 2492 ex
3258 2441 3418 2508 parte
3445 2435 3888 2499 restitueretur,

2227 2539 2326 2594 ubi
2352 2538 2624 2592 hactenus
2647 2536 2967 2604 perseverat
2991 2532 3048 2586 in
3091 2531 3327 2586 ecclesia
3366 2528 3786 2585 Mediolanensi
3827 2527 3889 2580 in

2229 2632 2420 2687 triduo
2464 2628 2830 2694 Litaniarum,
2872 2642 3000 2696 quae
3037 2628 3162 2696 post
3202 2623 3608 2678 Ascensionem
3647 2623 3889 2680 Domini

2231 2724 2606 2779 celebrantur.
2633 2720 2792 2785 Quod
2815 2719 2947 2790 quia
2972 2735 3086 2772 non
3112 2717 3378 2772 omnibus
3419 2721 3631 2772 notum
3678 2724 3794 2787 est,
3826 2719 3886 2774 id

2230 2817 2420 2890 paucis
2448 2830 2729 2886 exponere
2751 2812 2912 2883 juvat
2935 2827 3006 2866 ex
3030 2810 3223 2864 libello
3251 2809 3552 2880 singulari,
3582 2810 3761 2881 cujus
3789 2811 3888 2866 hic

2230 2911 2428 2966 titulus
2456 2913 2540 2964 est
2569 2927 2585 2962 :
2607 2908 2838 2962 Litanize
2855 2905 3085 2973 majores
3107 2909 3157 2957 et
3178 2904 3452 2958 triduana:
3472 2904 3750 2959 solemnes
3771 2907 3890 2959 ritu

2231 3005 2623 3068 Ambrosiam;
2672 3017 2704 3053 a
2741 3004 2926 3053 sancto
2967 2998 3158 3052 Carolo
3197 2997 3482 3051 cardinale
3530 2999 3618 3053 tit.
3675 3005 3891 3054 sancta:

2231 3097 2496 3151 Prawedis
2537 3095 2934 3162 archiepiscopo
2973 3091 3150 3154 edita,
3188 3107 3336 3145 nunc
3371 3091 3550 3145 denuo
3585 3095 3893 3160 recognitaz

2232 3190 2528 3246 Mediolani
2567 3203 2710 3242 anno
2766 3187 2920 3240 1667.
2967 3185 3044 3239 lta
3082 3200 3214 3240 vero
3254 3183 3343 3240 hae
3389 3183 3632 3240 Litanias
3675 3203 3888 3258 proce-

2233 3284 2394 3338 dunt

2301 3375 2492 3430 Primo
2519 3373 2608 3428 die
2645 3372 2854 3428 harum
2894 3370 3243 3426 Litauiarum
3285 3369 3721 3440 triduanarum,
3755 3389 3888 3446 quas

2230 3467 2503 3542 proximis
2545 3471 2672 3538 post
2711 3464 3112 3520 Ascensionem
3147 3463 3372 3518 Domini
3408 3460 3567 3519 feriis
3596 3467 3885 3536 secunda,

2230 3563 2397 3618 tertia
2426 3566 2482 3615 et
2504 3564 2705 3632 quarta
2733 3558 3111 3626 celebrantur,
3140 3557 3289 3611 clero
3315 3562 3373 3612 et
3396 3557 3614 3629 populo
3647 3559 3716 3614 in
3759 3576 3887 3615 me-

2231 3654 2626 3728 tmpolitanam
2667 3651 2958 3708 ecclesiam
2998 3655 3364 3721 congregato,
3408 3650 3890 3724 archiepiscopus

2231 3751 2317 3805 vel
2335 3745 2785 3822 poenitentiarius
2801 3745 3051 3800 cinerem
3076 3760 3146 3798 ex
3166 3743 3443 3798 olivarum
3463 3744 3642 3798 ramis
3662 3746 3892 3802 factum

2231 3842 2540 3911 benedicit;
2571 3839 2772 3895 deinde
2801 3838 3162 3910 singulorum
3187 3837 3469 3909 capitibus
3488 3837 3772 3910 imponit,
3807 3840 3891 3896 di-

2229 3953 2362 3992 cens
2389 3953 2403 3990 :
2436 3938 2717 3996 Memento,
2749 3934 2921 4000 homo,
2948 3934 3080 4002 quia
3099 3934 3236 3986 cinis
3263 3947 3337 3995 es,
3371 3936 3422 3986 et
3452 3933 3510 3986 in
3537 3934 3790 3989 cinerem
3811 3951 3891 3990 re-

2229 4031 2472 4085 verteris.
2511 4026 2834 4099 Respondet
2873 4025 3196 4096 accipiens:
3259 4027 3463 4080 Memor
3501 4041 3613 4080 ero.
3665 4027 3892 4082 Deinde

2230 4121 2556 4196 proceditur
2577 4121 2648 4176 ad
2666 4119 2955 4174 basilicam
2976 4117 3155 4174 sancti
3175 4117 3553 4189 Simpliciani,
3581 4117 3692 4174 ubi
3722 4121 3896 4176 dictis

2232 4215 2459 4271 Litaniis
2499 4219 2555 4270 et
2603 4213 2880 4282 oratione,
2931 4211 3194 4267 subditur
3252 4215 3514 4266 Dominus
3575 4213 3891 4270 vobiscum.

2231 4309 2372 4364 Tum
2415 4308 2590 4364 lector
2622 4307 2806 4378 major
2849 4303 3268 4361 secundicerius
3304 4305 3506 4360 recitat
3549 4305 3894 4364 Lectionem

2231 4419 2301 4458 ex
2325 4403 2476 4458 Joele
2502 4401 2781 4474 propheta
2812 4418 2826 4456 :
2857 4401 2982 4454 Haec
3025 4399 3159 4454 dicit
3195 4400 3458 4453 Dominus
3497 4401 3642 4454 Deus
3676 4419 3697 4455 :
3743 4402 3890 4457 Con-

2229 4498 2506 4552 ocrtimini
2527 4496 2604 4550 ad
2626 4511 2708 4550 me
2731 4496 2791 4550 in
2816 4499 2922 4550 toto
2949 4495 3106 4548 corde
3135 4499 3330 4562 vestro,
3361 4497 3470 4546 etc.
3498 4493 3568 4547 Et
3607 4499 3748 4564 post
3774 4511 3894 4550 res-

505 4591 660 4646 sione
712 4589 958 4644 instituit
999 4589 1301 4644 Mamertus
1345 4589 1638 4660 episcopus
1685 4592 1891 4646 saeculo
1935 4609 1988 4662 v,
2033 4589 2581 4678 quiDponsorium,
2612 4589 2768 4660 quod
2792 4587 3013 4660 primus
3036 4585 3294 4642 notarius
3318 4584 3604 4658 praecinit,
3651 4589 3892 4659 primus

505 4685 642 4740 dum
669 4683 806 4739 urbs
843 4683 965 4737 haec
1007 4681 1250 4737 insolitis
1290 4687 1457 4737 terras
1493 4683 1741 4739 motibus
1779 4691 2130 4759 quateretur,

510 4801 536 4828 ‹‹
565 4776 1060 4850 appropinquante
1089 4775 1446 4843 Ascensione,
1477 4776 1682 4832 indixit
1725 4780 1947 4850 populis
1978 4780 2130 4852 jeju-

502 4873 687 4941 nium,
715 4869 958 4925 instituit
984 4869 1182 4924 orandi
1210 4869 1466 4939 modum,
1497 4871 1700 4926 edendi
1740 4873 1964 4944 seriem,
2001 4890 2128 4931 ero-

505 4965 677 5037 gandi
701 4964 992 5020 liberalem
1035 4963 1530 5034 dispensationem,
1572 4987 1600 5014 »
1651 4967 1823 5038 quod,
1877 4967 2130 5044 inquam,

503 5063 726 5114 sanctus
777 5055 1030 5130 pontifex
1079 5073 1148 5111 ex
1201 5057 1304 5111 hac
1348 5058 1618 5129 peculiari
1684 5076 1848 5115 causa
1909 5061 2132 5135 indixit,

509 5173 537 5201 ‹‹
561 5151 906 5206 cessantibus
929 5150 1133 5206 exinde
1165 5151 1495 5222 terroribus,
1523 5169 1628 5224 per
1647 5161 1872 5211 cunctas
1900 5159 2130 5228 provin-

504 5245 617 5301 cias
655 5244 903 5315 dispersa
944 5245 1074 5299 facti
1111 5245 1260 5299 fama
1299 5250 1532 5302 cunctos
1568 5249 1898 5308 sacerdotes.
1921 5251 2134 5309 imitari

505 5337 878 5407 commonuit,
909 5339 1060 5410 quod
1085 5339 1346 5395 sacerdos
1370 5333 1502 5397 fecit
1527 5358 1598 5396 ex
1637 5343 1767 5414 ﬁde,
1813 5366 1839 5393 »
1883 5345 1961 5402 ait
1996 5347 2132 5402 Gre-

508 5432 700 5505 gorius
725 5431 786 5486 in
813 5431 1056 5488 Historia
1080 5433 1177 5488 lib.
1209 5450 1246 5487 ιι
1274 5451 1395 5506 cap.
1424 5437 1512 5491 34.
1542 5436 1698 5491 Idem
1724 5437 1785 5492 in
1812 5439 1912 5495 lib.
1935 5457 1989 5496 Ix
2006 5459 2132 5514 cap.

505 5530 537 5581 6
567 5525 804 5581 modum
828 5526 998 5582 tradit
1021 5544 1135 5599 quo
1165 5528 1510 5598 Rogationes
1537 5529 1650 5583 illae
1671 5530 2090 5590 celebrarentur
2115 5552 2129 5590 :

503 5636 711 5692 nempe
735 5625 799 5675 ut
828 5641 854 5669 ‹‹
881 5622 1189 5692 procedens
1215 5622 1468 5690 pontifex
1487 5639 1619 5678 cum
1639 5626 1849 5697 populo
1868 5644 1989 5697 suo,
2013 5629 2134 5683 loca

500 5718 688 5769 sancta
717 5714 1060 5769 circumiret.
1091 5736 1118 5763 ››
1150 5714 1489 5783 Rogationes
1518 5717 1627 5772 illae
1653 5720 1760 5774 alio
1784 5723 2018 5778 nomine
2045 5724 2133 5778 Li-

499 5811 667 5864 tania'
691 5795 852 5864 dicte
877 5811 1028 5874 sunt,
1057 5822 1170 5879 quo
1197 5807 1463 5864 vocabulo
1493 5810 1832 5870 Fortunatus
1857 5816 2040 5872 utitur
2071 5816 2132 5872 in

501 5901 627 5958 Vita
647 5900 825 5957 sancti
850 5899 1110 5955 Germani
1137 5900 1476 5960 Parisiorum
1506 5905 1754 5980 episcopi
1779 5925 1900 5981 cap.
1922 5912 2008 5978 33,
2031 5909 2130 5965 ubi

2234 4685 2500 4740 diaconus
2543 4681 2880 4751 ordinarius,
2932 4680 3224 4753 praemisso
3266 4681 3530 4735 Dominus
3576 4681 3888 4753 vobiscum,

2234 4779 2432 4834 recitat
2455 4775 2821 4848 Evangelium
2848 4791 2918 4831 ex
2942 4775 3206 4830 Matthan
3239 4789 3254 4829 :
3281 4774 3461 4828 Nolite
3482 4780 3720 4843 puta-re,
3747 4792 3888 4846 quo-

2234 4873 2384 4928 niam
2407 4872 2532 4927 oeni
2554 4871 2756 4925 solvere
2775 4869 2959 4940 legem,
2981 4873 3087 4924 etc.
3119 4867 3272 4924 Idem
3292 4867 3356 4922 ﬁt
3375 4869 3766 4938 proportione
3787 4887 3894 4942 per

2235 4965 2531 5022 duodecim
2549 4964 2670 5036 ipsa
2695 4964 2786 5019 die
2812 4962 3088 5032 ecclesias,
3119 4961 3182 5017 in
3209 4961 3418 5034 quibus
3443 4961 3657 5018 eodem
3679 4964 3893 5019 ordine

2235 5059 2468 5116 diversae
2493 5075 2562 5114 ex
2588 5057 2877 5129 Scriptura
2904 5056 3177 5113 lectiones
3205 5055 3374 5111 ﬁunt.

2307 5153 2560 5210 Secunda
2585 5153 2676 5208 die
2701 5152 2841 5209 item
2865 5151 2930 5206 fit
2972 5149 3260 5222 processio
3304 5165 3410 5222 per
3443 5166 3660 5207 novem
3705 5153 3890 5209 eccle-

2235 5247 2365 5318 sias,
2393 5247 2456 5302 in
2480 5246 2687 5319 quibus
2712 5246 2950 5319 singulis
2965 5245 3204 5316 singula:
3226 5244 3354 5299 dum
3373 5245 3656 5316 leguntur
3674 5247 3895 5302 Lectio-

2234 5357 2354 5411 nes,
2406 5356 2524 5396 una
2568 5341 2779 5413 passim
2815 5356 2884 5396 ex
2928 5339 3115 5394 Veteri
3162 5340 3545 5407 Testamento,
3588 5340 3777 5396 altera
3819 5357 3892 5395 ex

2235 5435 2557 5506 Evangelio.
2587 5437 2646 5490 In
2671 5435 2902 5490 ecclesia
2929 5433 3188 5506 septima,
3219 5449 3346 5504 quae
3373 5437 3458 5488 est
3485 5434 3674 5488 sancti
3703 5436 3888 5490 Naza-

2235 5529 2326 5599 rii,
2355 5530 2620 5585 diaconus
2638 5533 2768 5584 ahte
2789 5527 3094 5584 lectionem
3114 5526 3407 5599 Evangelii
3425 5527 3577 5582 elata
3596 5544 3744 5584 voce
3766 5528 3850 5583 ait
3873 5545 3887 5581 :

2234 5626 2444 5679 Parcite
2469 5625 2698 5692 fabulis.
2726 5623 2923 5678 Custos
2952 5622 3125 5678 etiam
3155 5639 3168 5676 :
3197 5621 3488 5676 Silentium
3533 5622 3755 5678 habete.
3791 5621 3886 5677 Al-

2232 5723 2321 5774 ter
2343 5735 2475 5776 vero
2500 5717 2804 5792 respondet
2833 5735 2848 5774 :
2892 5717 3099 5773 Habete
3133 5717 3434 5771 silentium.
3479 5715 3632 5770 Tum
3675 5716 3891 5788 legitur

2235 5814 2600 5887 Evangelium
2646 5831 2716 5870 ex
2749 5813 2898 5868 Luca
2928 5829 2942 5868 :
2985 5812 3232 5868 Accessit
3265 5809 3340 5865 ad
3374 5811 3680 5866 Dominum
3703 5813 3891 5867 Iesum

2232 5909 2454 5978 quidam
2497 5907 2688 5984 154
2723 5910 2998 5977 Princeps,
3042 5912 3092 5961 et
3133 5906 3488 5972 interrogavit
3531 5921 3662 5962 eum
3700 5907 3891 5960 dicens
