3976 6490
44 5218 59 5245 ὶ

182 404 260 458 205
1267 404 1353 460 DE
1392 405 1700 460 LITURGIA
1736 405 2105 460 GALLICANA
2142 404 2338 459 LIBER
2376 404 2439 458 II.

3422 405 3523 457 206

178 510 409 575 Magister
444 508 606 571 bone,
648 510 794 579 quid
826 512 1040 580 faciens
1089 514 1257 567 vitam
1291 519 1543 568 aeternam
1566 512 1807 582 possidet
1832 512 2216 597 ATheophile
2270 516 2400 580 etc.,
2446 526 2615 581 usque
2637 508 3117 575 Quemadmodum
3146 506 3357 563 vidistis
3394 524 3523 562 eum

182 604 267 656 bo?
292 606 402 655 etc.

230 694 406 748 Tertia
433 695 555 764 die,
581 696 931 766 supplicatio
953 697 1273 751 instituitur
1299 714 1400 768 per
1426 698 1692 752 undecim
1718 715 1809 752 ec-

172 787 380 855 clesias;
412 791 475 841 et
503 788 565 841 in
593 789 823 859 quinta,
869 807 996 860 quae
1039 794 1123 844 est
1160 791 1230 844 ad
1266 795 1525 845 sanctum
1562 793 1809 845 Lauren-

174 881 319 946 tium,
352 879 574 935 dicitur
598 881 740 935 item
769 899 804 935 a
829 882 1102 937 diacono:
1126 885 1337 937 Parcite
1355 884 1585 950 fabulis,
1611 886 1667 937 et
1686 883 1813 937 reli-

172 990 267 1044 qua
290 977 355 1026 ut
381 990 596 1043 supra;
620 979 819 1044 postea
844 976 1213 1046 Evangelium
1242 976 1555 1030 secundum
1582 977 1807 1043 Lucam,

168 1068 321 1120 Homo
347 1067 587 1135 quidam
604 1067 799 1121 habuit
826 1068 963 1121 duos
988 1070 1147 1136 ﬁlios,
1177 1072 1283 1123 etc.
1313 1069 1437 1122 Haac
1464 1084 1576 1122 non
1608 1085 1809 1139 parum

169 1160 491 1213 conducunt
536 1160 611 1213 ad
652 1160 1060 1215 illustrandum
1106 1161 1517 1216 Lectionarium
1554 1165 1808 1215 nostrum

168 1252 535 1307 Gallicanum.

230 1346 365 1399 Aliis
399 1346 582 1400 etiam
614 1346 818 1400 diebus
846 1347 1059 1401 ﬁebant
1086 1347 1144 1401 in
1168 1347 1356 1401 Galliis
1385 1347 1432 1416 ej
1444 1347 1806 1417 usmodisup-

170 1434 522 1503 plicationes,
552 1434 618 1488 in
647 1434 989 1505 Epiphania,
1021 1435 1377 1500 Ascensione,
1407 1440 1462 1489 et
1503 1435 1686 1505 prima
1721 1435 1809 1489 die

170 1526 522 1581 Novembris.
553 1528 635 1581 De
668 1526 991 1597 Epiphania
1020 1528 1172 1583 testis
1195 1534 1276 1582 est
1295 1526 1600 1596 Gregorius
1628 1527 1688 1579 in
1710 1527 1806 1580 Hi-

171 1621 345 1673 storize
376 1621 481 1673 lib.
519 1636 551 1670 v
576 1637 705 1690 cap.
737 1621 768 1673 4
799 1638 813 1674 :
850 1639 877 1671 ‹‹
910 1620 1139 1675 Interim
1176 1619 1401 1674 advenit
1436 1620 1555 1673 dies
1589 1624 1810 1673 sanctus

169 1713 522 1783 Epiphaniae,
555 1717 615 1766 et
646 1713 741 1766 hic
771 1714 1162 1782 (Hoccolenus)
1185 1713 1368 1783 magis
1396 1729 1457 1766 ac
1484 1712 1664 1782 magis
1689 1717 1807 1765 tor-

161 1806 319 1877 queri
379 1806 581 1877 caepit.
624 1806 885 1876 Denique
934 1822 1064 1859 cum
1116 1806 1417 1875 psallentes
1458 1805 1527 1858 de
1580 1805 1811 1858 ecclesia

161 1991 484 2045 Turonensi
515 1991 589 2044 ad
619 1990 918 2044 basilicam
946 1990 1124 2043 sancti
1154 1989 1390 2060 Martini)
1422 1983 1807 2060 properarent,

77 2106 86 2131 ι
162 2085 245 2138 hic
273 2089 407 2154 post
440 2099 697 2149 crucem,
722 2082 1179 2153 praecedentibus
1206 2082 1402 2152 signis,
1433 2098 1579 2151 equo
1614 2098 1809 2151 super—

164 2177 378 2247 positus
420 2176 738 2230 ferebatur.
776 2197 804 2221 ››
846 2176 1040 2245 Itaque
1078 2174 1136 2228 in
1176 2174 1282 2227 illis
1316 2173 1813 2244 supplicationibus

163 2269 623 2341 praeferebantur
646 2284 789 2321 crux
820 2272 878 2321 et
907 2267 1087 2337 signa,
1117 2266 1202 2320 uti
1227 2267 1398 2320 etiam
1429 2282 1600 2334 nunc,
1633 2266 1690 2319 id
1728 2270 1813 2319 est

165 2363 384 2417 vexilla.
422 2362 584 2416 Idem
609 2361 919 2431 Gregorius
944 2360 1013 2414 de
1052 2359 1385 2413 Ascensione
1421 2359 1481 2411 in
1522 2359 1651 2412 libri
1677 2359 1811 2412 item

168 2472 189 2508 v
213 2472 342 2526 cap.
376 2459 437 2510 II
473 2473 487 2509 :
523 2473 553 2505 ε(
585 2454 686 2507 Die
711 2458 908 2506 autem
937 2452 1120 2518 beato,
1150 2451 1359 2521 inquit,
1388 2468 1500 2521 quo
1540 2451 1813 2505 Dominus

169 2550 229 2604 ad
254 2549 433 2603 caelos
464 2551 598 2620 post
624 2547 995 2616 redemptum
1021 2544 1316 2598 hominem
1335 2544 1587 2597 ascendit
1615 2544 1813 2612 glorio-

171 2660 275 2712 sus,
328 2658 472 2697 eum
514 2640 785 2695 sacerdos
826 2640 892 2707 (Is
934 2641 1017 2693 est
1056 2637 1248 2692 Avitus
1281 2637 1576 2707 episcopus
1611 2641 1810 2692 Arver-

171 2736 369 2804 nensis)
402 2735 478 2789 de
505 2734 743 2789 ecclesia
788 2734 861 2787 ad
894 2730 1178 2785 basilicam
1217 2729 1507 2800 psallendo
1544 2731 1810 2801 procede-

171 2835 267 2893 πει,
318 2834 432 2883 etc.
480 2829 564 2881 Ex
602 2828 695 2881 his
747 2825 1076 2895 colligimus
1116 2823 1173 2876 in
1212 2822 1505 2877 Gallicanis
1547 2823 1684 2876 olim
1724 2839 1811 2877 ec-

170 2923 347 2978 clesiis
370 2921 557 2976 moris
577 2920 749 2973 fuisse
772 2924 837 2973 ut
858 2918 1073 2971 similes
1096 2915 1531 2985 supplicationes
1554 2916 1615 2969 in
1636 2916 1812 2985 majo-

170 3017 317 3071 ribus
346 3014 532 3082 festis,
562 3019 630 3067 ut
664 3013 857 3079 modo,
894 3000 1114 3065 ﬂerent.
1152 3012 1302 3066 Alias
1337 3009 1576 3063 Litanias
1614 3008 1818 3062 indixit

170 3110 476 3164 concilium
524 3107 909 3174 Lugdunense
955 3120 991 3157 n
1047 3121 1258 3158 canone
1307 3106 1383 3157 6:
1432 3105 1497 3156 Ut
1538 3103 1593 3154 in
1638 3103 1819 3171 prima

1912 609 2138 660 euntem
2160 604 2219 658 in
2247 605 2469 658 coelum.
2502 604 2642 669 (Act.
2669 619 2705 670 ι,
2741 604 2911 672 I-II).

2206 706 2241 754 Ε
2248 705 2432 768 pistola
2456 704 2599 754 Pauli
2621 702 2841 766 apostoli
2865 701 2928 750 ad
2954 701 3223 763 Ephesios.

1979 792 2216 858 Fratres,
2251 791 2480 844 obsecro
2505 806 2601 844 vos
2628 805 2732 858 ego
2758 787 2974 841 vinctus
3007 786 3065 839 in
3094 784 3354 852 Domino,
3384 789 3515 852 etc.,

1911 899 2075 951 usque
2091 885 2149 936 In
2162 898 2486 937 mensuram
2499 881 2675 936 aetatis
2687 878 3053 951 plenitudinis
3069 876 3289 931 Christi.
3300 877 3314 946 (
3325 878 3519 945 Ephes.

1912 992 1982 1043 ιν,
2014 977 2183 1046 1-13).

2072 1075 2245 1125 Lectio
2270 1075 2432 1125 sancti
2455 1073 2721 1138 Evangelii
2746 1072 3035 1123 secundum
3058 1072 3363 1122 Iohannem.

1982 1161 2041 1213 In
2084 1160 2179 1213 illo
2218 1164 2491 1230 tempore,
2542 1160 2684 1213 dixit
2727 1158 2999 1212 Dominus
3039 1159 3197 1211 Jesus
3244 1154 3525 1226 discipulis

1909 1253 2059 1307 suis:
2101 1253 2299 1319 Filioli,
2351 1252 2535 1306 adhuc
2570 1252 2859 1305 modicum
2904 1250 3192 1304 vobiscum
3227 1265 3373 1317 sum,
3419 1252 3524 1302 etc.

1910 1346 2086 1412 (Joan.
2132 1362 2252 1414 xm,
2300 1346 2508 1413 33-35.)
2567 1347 2699 1397 Tum
2749 1348 2903 1398 Joan.
2961 1359 3070 1411 XIV,
3121 1342 3282 1409 I-Ié;
3328 1357 3391 1394 ac
3434 1341 3523 1394 de-

1909 1456 2049 1493 mum
2089 1440 2216 1492 Luc.
2263 1454 2407 1505 xxxv,
2445 1438 2635 1503 49-53,
2684 1438 2930 1491 desinens
2971 1438 3089 1488 sic:
3126 1434 3438 1488 Laudantes
3473 1437 3527 1485 et

1907 1532 2299 1585 benedicentes
2322 1531 2521 1584 Deum.

2020 1635 2144 1687 LIX.
2186 1647 2427 1686 LEGENDA
2462 1648 2547 1684 me
2587 1647 2844 1684 commeo
2874 1647 2995 1683 posr
3019 1644 3404 1683 ASCENSIONEM.

2308 1723 2482 1772 Lectio
2511 1726 2729 1771 Actuum
2753 1722 3124 1785 apostolorum.

1976 1812 2248 1879 Tempore
2272 1808 2388 1874 illo,
2420 1823 2549 1862 cum
2570 1806 3035 1861 venissetPaulus
3064 1806 3368 1876 Ephesum,
3394 1810 3523 1872 etc.,

158 1898 371 1969 egressi
400 1899 477 1952 ad
516 1899 819 1952 basilicam
864 1898 1091 1968 (nempe
1129 1898 1198 1951 de
1236 1898 1468 1951 ecclesia
1507 1879 1885 1951 cathedraliB
1909 1918 2076 1970 usque
2116 1900 2356 1970 Spiritus
2407 1916 2651 1970 nequam
2693 1899 3130 1968 egrediebantur
3171 1915 3276 1968 per
3319 1913 3529 1952 nomen

1909 1992 2128 2048 Domini
2150 1995 2278 2046 Jesu
2307 1992 2530 2047 Christi.
2562 1993 2702 2061 (Act.
2732 2007 2884 2060 xvm,
2920 1994 3009 2060 22,
3040 2006 3207 2059 usque
3243 2007 3353 2059 x1x,
3386 1994 3487 2060 12).

2074 2093 2248 2143 Lectio
2276 2093 2438 2142 sancti
2460 2092 2728 2155 Evangelii
2753 2090 3039 2140 secundum
3067 2090 3365 2139 Iohannem.

1984 2181 2042 2232 In
2095 2178 2189 2231 illo
2236 2183 2507 2247 tempore,
2552 2176 2784 2230 elevavit
2824 2176 3093 2229 Dominus
3138 2176 3293 2228 Jesus
3341 2174 3533 2229 Oculos

1911 2288 2039 2325 suos
2070 2271 2125 2323 in
2152 2270 2351 2323 crelum
2382 2275 2435 2323 et
2477 2268 2660 2323 dixit:
2702 2270 2864 2322 Pater
2902 2267 3055 2321 venit
3095 2266 3253 2335 hora,
3296 2266 3533 2321 clarifica

1911 2364 2116 2417 Filium
2142 2368 2324 2428 tuum,
2355 2366 2484 2429 etc.,
2509 2377 2677 2429 usque
2697 2362 2764 2414 Ut
2785 2360 3008 2414 dilectio
3030 2376 3140 2429 qua
3160 2359 3400 2413 dilexisti
3419 2375 3529 2430 me,

1911 2456 1968 2509 in
1989 2455 2121 2526 ipsis
2142 2455 2230 2523 sit,
2254 2460 2309 2508 et
2335 2470 2440 2524 ego
2467 2453 2525 2507 in
2552 2453 2703 2523 ipsis.
2735 2453 2907 2521 (Joan.
2935 2468 3066 2520 xvn,
3093 2453 3269 2521 1-26.)

2288 2570 2463 2612 ΝΟΤᾸΞ
2506 2569 2582 2611 ΕΤ
2624 2566 3152 2610 OBSERVATIONES.

2207 2651 2266 2702 In
2302 2649 2473 2701 missa
2513 2644 2871 2699 Ascensionis
2904 2644 3088 2714 prima
3119 2644 3306 2697 Lectio
3346 2648 3431 2697 est
3466 2661 3531 2697 ex

1914 2746 2065 2797 Novo
2104 2743 2486 2803 Testamento,
2531 2739 2587 2792 id
2629 2740 2713 2791 est
2751 2754 2815 2790 ex
2846 2737 3076 2790 Actibus
3103 2738 3529 2806 apostolorum;

1916 2836 1972 2889 in
2002 2834 2346 2889 Mozarabico
2375 2850 2439 2885 ex
2466 2831 2649 2901 capite
2684 2846 2735 2882 1v
2757 2829 3139 2899 Apocalypsis,
3169 2831 3278 2894 Ego
3302 2832 3532 2883 Joannes

1913 2931 2001 2996 fui
2020 2931 2077 2981 in
2108 2929 2326 2995 spiritu,
2351 2931 2399 2979 et
2424 2925 2558 2986 vidi,
2592 2926 2698 2975 etc.
2722 2922 2910 2975 Lectio
2935 2921 3184 2974 secunda
3208 2920 3264 2973 in
3292 2922 3533 2974 Mozara-

1915 3020 2041 3074 bico
2070 3020 2272 3073 eadem
2308 3020 2392 3070 est
2426 3032 2555 3069 cum
2592 3018 2785 3068 nostra
2812 3014 3028 3084 prima;
3062 3013 3427 3082 Evangelium
3470 3029 3533 3065 ex

1915 3113 2148 3167 Joannis
2168 3111 2350 3180 capite
2382 3125 2492 3174 xvx,
2526 3109 2677 3162 Vado
2695 3107 2767 3160 ad
2793 3122 2909 3159 eum
2927 3108 3021 3175 qui
3046 3108 3191 3159 misit
3216 3121 3312 3159 me.
3339 3104 3537 3158 Differt

92 5650 95 5657 '
167 5628 407 5699 ePistola,
437 5640 670 5699 nempe
699 5621 771 5676 45
803 5616 911 5671 lib.
946 5629 1021 5667 ix.

169 3202 510 3257 hebdomada
554 3203 689 3253 noni
728 3200 953 3261 mensis,
992 3198 1087 3251 hoc
1126 3203 1203 3251 est
1243 3202 1367 3250 ante
1401 3196 1543 3248 diem
1576 3196 1816 3247 Domini-
1838 3236 1891 3308 Ο
1919 3206 2089 3258 etiam
2123 3204 2179 3257 in
2208 3201 2554 3255 Mozarabico
2592 3198 2843 3253 ofﬁcium
2889 3198 3074 3251 missa:
3105 3214 3210 3267 pro
3242 3197 3535 3251 Dominica

596 3295 606 3305 ο
753 3295 763 3305 -
868 3293 878 3303 ο
931 3306 969 3308 ,ν
1047 3306 1198 3308 ,,_,_,
1258 3290 1494 3308 'II_-_-_...'1.
1572 3288 1794 3308 T.°.L.---.'_.
2025 3301 2033 3308 .
2096 3299 2105 3308 ι
2296 3296 2304 3304 ·
2557 3292 2567 3303 ο
2833 3290 2848 3308 1
2907 3307 2916 3308 η
3001 3293 3045 3308 1n
3082 3293 3118 3308 Δι
3151 3300 3219 3308 νκΛ
3264 3290 3533 3308 1-μιξ-αᾼκ

167 3312 294 3358 cam,
336 3310 469 3364 qua:
504 3295 692 3363 primo
744 3295 800 3345 in
856 3293 977 3361 ipso
1024 3306 1203 3343 mense
1247 3290 1512 3349 illurerit,
1564 3288 1811 3349 Litunize,

1933 3301 2043 3352 )ost
2079 3296 2503 3358 Ascensionem,
2556 3292 2611 3345 in
2663 3308 2774 3361 quo
2817 3290 2958 3343 duas
3000 3293 3223 3343 tantum
3264 3290 3536 3343 lectiones

164 3392 294 3444 sicut
327 3393 465 3442 ante
492 3388 890 3440 Aseensionem
918 3384 1135 3437 Domini
1160 3384 1336 3436 sancti
1370 3382 1554 3433 Patres
1580 3382 1699 3448 fieri
1725 3380 1814 3432 de-
1917 3389 2231 3462 pmscpihit
2276 3385 2693 3440 Lectionarium
2723 3388 3000 3438 nostrum,
3038 3383 3203 3451 Apud
3236 3382 3533 3435 paulinum

163 3485 475 3543 creverunt,
509 3480 770 3547 deinceps
799 3478 869 3531 ab
899 3476 1149 3530 omnibus
1175 3475 1405 3529 ecclesiis
1437 3488 1528 3525 seu
1545 3473 1819 3541 parochiis
1917 3484 1973 3537 in
2002 3482 2175 3536 natali
2208 3484 2238 3533 9
2267 3480 2335 3533 de
2368 3481 2563 3532 sancto
2596 3477 2775 3530 Felice
2804 3475 3073 3529 Ascensio
3110 3474 3260 3527 inter
3286 3475 3536 3543 majores

158 3576 529 3629 celebrentur.
568 3573 647 3625 Ita
678 3574 959 3625 statutum
995 3585 1143 3622 anno
1171 3571 1291 3621 567.
1321 3565 1569 3636 Denique
1599 3570 1819 3618 sanctus
1915 3575 2246 3630 festivitates
2274 3589 2389 3625 non
2418 3573 2769 3634 numeratur,
2804 3568 2902 3620 sed
2937 3571 3158 3620 tantum
3190 3568 3385 3619 Natale
3422 3567 3532 3619 D0-

155 3668 352 3723 Gallus
380 3670 783 3721 Arvernorum
823 3662 1083 3731 θηῖίείεδν
1114 3677 1243 3714 Cum
1278 3678 1304 3711 (ί
1333 3659 1454 3712 lues
1498 3657 1818 3727 ingninal'ia
1918 3669 2090 3733 mini,
2134 3664 2476 3735 Epiphania,
2524 3663 2757 3725 Pascha,
2801 3663 2857 3713 et
2894 3661 3275 3713 Pentecostes.
3316 3658 3531 3713 Confer

152 3761 268 3827 (δυο
299 3758 602 3830 tempore)
635 3772 741 3827 Per
765 3755 1018 3809 diversas
1048 3753 1386 3823 (Galliarum)
1428 3751 1689 3819 regiones
1720 3750 1813 3803 ἀθ-
1919 3779 1986 3816 ea
2011 3777 2137 3830 quae
2175 3758 2415 3812 diximus
2447 3755 2606 3809 initio
2638 3753 2805 3821 hujus
2834 3752 2980 3805 libri.
3013 3752 3203 3804 Exstat
3235 3751 3530 3820 fragmen-

148 3855 409 3921 saeviret,
438 3850 802 3922 Rogationes
835 3848 966 3901 illas
1002 3845 1265 3913 instituit,
1290 3850 1353 3899 ut
1370 3844 1553 3898 media
1570 3842 1811 3905 Quadra-

1933 3870 2035 3908 "um
2071 3870 2136 3906 ex
2167 3866 2428 3904 sermone
2446 3848 2589 3901 Aviti
2613 3843 3206 3916 episcoiniennensis
3228 3842 3298 3896 de
3320 3845 3528 3897 Ascen-

144 3949 402 4017 gesima,
428 3943 735 4015 psallendo
755 3942 826 3994 ad
848 3939 1146 3993 basilicam
1168 3938 1314 3992 beati
1333 3935 1535 3991 Juliani
1557 3934 1811 4005 martyris

1933 3948 2075 4001 sione
2092 3942 2414 4009 Domini,de
2433 3958 2543 4011 qua
2556 3940 2730 3993 etiam
2745 3939 2989 4008 hymnus
3001 3935 3245 3990 Ennodii
3268 3936 3529 3990 habetur.

139 4038 366 4095 itinere
385 4035 650 4109 pedestri
680 4033 968 4089 venirent.
999 4032 1140 4086 Sunt
1163 4036 1354 4085 autem
1384 4029 1443 4083 in
1473 4029 1577 4081 hoc
1619 4026 1818 4081 itinere

134 4133 311 4203 quasi
342 4130 544 4185 stadia
574 4131 703 4183 300.
735 4149 762 4176 »
797 4125 966 4197 Apud
992 4123 1325 4194 Gregorium
1353 4122 1410 4175 in
1439 4120 1689 4175 Historiae
1717 4119 1812 4173 lib.

133 4240 179 4276 xv
206 4243 369 4297 cap.
496 4222 655 4277 Idem
688 4220 748 4274 in
776 4219 878 4272 lib.
903 4218 973 4272 de
994 4217 1132 4270 Vitis
1152 4219 1403 4282 Patrum,
1424 4231 1545 4284 cap.
1577 4217 1626 4282 6,
1657 4228 1812 4266 men-

127 4316 382 4373 tionem
409 4315 553 4371 facit
583 4314 655 4367 de
689 4310 1106 4381 Rogationibus
1142 4309 1250 4362 illis
1285 4331 1311 4357 ‹‹
1345 4324 1471 4379 quae
1514 4305 1817 4377 quotannis

127 4410 376 4484 ubique
406 4411 473 4464 in
500 4406 778 4463 Paschate
796 4404 966 4458 ﬁunt.
999 4423 1025 4449 η
1049 4402 1155 4456 Sed
1175 4401 1269 4455 hic
1288 4399 1567 4454 Paschatis
1586 4398 1817 4452 nomine
1916 4432 2013 4467 vus
2045 4413 2170 4478 erit,
2203 4412 2281 4465 ait
2306 4409 2579 4464 Dominus
2607 4409 2771 4461 Deus_
2806 4407 2954 4476 (ποθι,
2994 4421 3051 4469 η,
3085 4406 3292 4471 21_32)_

122 4502 620 4575 intelligendum
651 4503 739 4553 est
758 4503 985 4568 tempus
1004 4496 1145 4549 illud
1167 4492 1318 4565 quod
1340 4510 1372 4546 a
1391 4491 1817 4547 Resurrectione
2306 4510 2480 4561 Lectio
2511 4512 2727 4559 Aetnam
2756 4507 3130 4570 εροειοιοηιω,

118 4598 186 4650 ad
260 4595 733 4661 Ascensionem,
767 4592 886 4645 imo
915 4594 971 4644 et
1014 4590 1377 4643 Pentecosten
1408 4584 1673 4639 excurrit.
1712 4584 1895 4669 Nc-D
1986 4601 2262 4669 Tempore
2308 4596 2422 4659 illo,
2465 4610 2593 4648 cum
2633 4592 3057 4661 complerentur
3096 4588 3216 4641 dies
3253 4589 3527 4642 Ρθηιροο-

116 4691 238 4747 δείο
270 4709 371 4745 an
402 4691 479 4744 de
514 4688 610 4741 his
634 4682 1053 4755 Rogationibus
1077 4679 1479 4751 intelligendus
1500 4677 1569 4731 Sit
1596 4678 1813 4731 Genna‘
1917 4697 2061 4758 sten,
2085 4695 2215 4756 etc.,
2240 4704 2406 4757 usque
2455 4683 2803 4740 lnvocaverit
2834 4698 3043 4737 nomen
3067 4681 3315 4747 Domini,
3349 4682 3530 4735 salvus

115 4780 189 4838 dii
222 4786 426 4841 locus
476 4792 569 4836 ex'
602 4796 734 4850 cap.
781 4780 848 4831 99
894 4776 962 4829 de
998 4773 1376 4846 Scriptoribus
1411 4769 1815 4838 ecclesiasticis,
1919 4786 2043 4841 erit.
2080 4784 2220 4854 (Αετ,
2256 4799 2315 4848 η’
2352 4780 2521 4851 ημ)

116 4875 211 4933 ubi
244 4880 337 4934 de
376 4878 688 4932 Honorato
716 4868 1046 4925 Massiliensi
1076 4868 1336 4938 episcopo
1373 4865 1543 4919 etiam
1564 4868 1699 4917 tunc
1726 4878 1815 4916 su-
2075 4884 2244 4935 Lectio
2268 4881 2433 4932 sane“
2453 4878 2716 4943 Evangelii
2748 4877 3038 4927 secundum
3066 4876 3344 4925 Iohannem

120 4974 392 5037 perstite
439 4982 655 5040 agens.
705 4985 733 5013 »
775 4962 1039 5030 Litanias,
1085 4960 1291 5031 inquit,
1341 4959 1409 5012 ad
1439 4956 1811 5011 inclinandam

1989 4969 2196 5026 Diebus
2223 4968 2346 5035 illis,
2382 4966 2521 5020 dixit
2554 4963 2826 5018 Dominus
2861 4965 3020 5017 Jesus
3060 4960 3343 5030 discipulis
3377 4958 3525 5012 suis:

124 5059 217 5121 De'1
257 5062 674 5120 dementiam
712 5073 844 5111 cum
879 5055 1045 5127 Plebe
1087 5053 1192 5107 Sibi
1230 5051 1439 5106 credita
1466 5066 1571 5121 Ι)Γο
1610 5048 1820 5102 Viribus
1921 5065 1978 5120 Si
2018 5062 2248 5133 diligitis
2287 5076 2401 5123 me,
2435 5057 2705 5112 mandata
2750 5072 2880 5109 mea
2910 5056 3148 5119 servate,
3198 5056 3328 5117 etc.,
3361 5068 3529 5121 usque

132 5160 269 5226 agit.
316 5184 353 5210 )›
381 5158 597 5214 Avitus
623 5148 937 5205 Viennensi
959 5146 1018 5201 in
1035 5147 1129 5201 illo
1149 5145 1337 5199 triduo
1367 5142 1414 5215 1
1433 5142 1554 5216 55
1587 5140 1811 5196 totidem

1933 5160 1991 5213 Ut
2038 5172 2165 5211 cum
2209 5155 2423 5208 factum
2461 5150 2650 5213 fuerit,
2684 5147 2945 5202 credatis.
2980 5147 3152 5218 (Joan.
3186 5162 3296 5207 Xiv,
3332 5146 3529 5216 I6—29.)

140 5262 452 5309 sex'lnones
483 5246 733 5314 habuit;
763 5260 837 5299 ex
870 5241 1077 5313 quibus
1117 5254 1267 5293 unus
1300 5238 1543 5308 integer,
1585 5234 1811 5303 aliorum

2289 5266 2466 5312 ΝΟΤᾸΞ
2508 5266 2584 5309 ΕΤ
2626 5262 3150 5308 OBSERVATIONES.

146 5355 268 5403 ‘91‘0
300 5348 581 5403 duorum
614 5340 951 5409 fragmenta
975 5337 1215 5388 exstant
1249 5332 1325 5385 De
1364 5328 1596 5385 Litaniis
1632 5332 1825 5382 contra
1992 5351 2215 5405 Nullum
2242 5346 2331 5401 hic
2352 5343 2602 5401 ofﬁcium
2632 5342 3014 5413 praescribitur
3034 5360 3136 5412 pro
3167 5342 3358 5411 vigilia
3385 5344 3528 5397 Pen-

152 5430 539 5498 barbarorum
595 5429 969 5490 inCm‘SiOnes
1018 5424 1355 5489 indicendisi
1410 5422 1690 5492 Simmque
1755 5419 1825 5473 de
1924 5447 2183 5498 tecostes.
2223 5442 2309 5495 An
2338 5437 2715 5509 repetendum
2751 5453 2816 5490 ex
2852 5435 3043 5506 vigilia
3067 5436 3293 5489 Pascha}
3315 5436 3341 5489 ?
3368 5436 3532 5490 Certe

160 5537 406 5592 moribus
432 5524 818 5601 corrigendis
846 5524 1030 5577 “Stat
1068 5517 1310 5590 inSignis
1346 5513 1597 5586 Gregorii
1639 5511 1825 5583 Magni
1922 5536 2125 5606 Vigilia
2163 5536 2523 5589 Pentecostes
2561 5530 2618 5583 in
2656 5529 3003 5585 Mozarabico
3036 5530 3267 5582 notatur
3306 5528 3377 5581 ad
3422 5529 3528 5582 No-

1925 5645 2078 5685 nam.
2099 5627 2261 5692 Quod
2275 5625 2477 5697 jejunii
2502 5623 2774 5677 indicium
2796 5626 2899 5689 est,
2923 5622 3081 5692 cujus
3108 5625 3302 5675 tamen
3315 5620 3532 5674 nullum

1926 5722 2077 5795 apud
2097 5720 2372 5775 Isidorum
2394 5717 2693 5787 vestigium
2718 5715 2966 5771 invenio.
2995 5716 3158 5769 Certe
3182 5729 3365 5783 neque
3381 5709 3530 5780 apud

1926 5814 2285 5871 Ambrosium
2313 5812 2370 5867 in
2402 5827 2667 5865 sermone
2714 5812 2799 5865 60.
2831 5810 3025 5879 Neque
3062 5805 3212 5860 enim
3252 5798 3526 5856 Ambrosii

1927 5910 2148 5967 videtur
2184 5922 2306 5960 esse
2343 5921 2530 5960 sermo
2561 5903 2674 5965 ille,
2711 5901 2867 5971 cuius
2907 5902 3255 5967 fragmntum
3289 5892 3531 5947 refertur

2147 4051 2247 4105 XL.
2290 4062 2533 4103 LEGENDA
2575 4063 2627 4100 IN
2668 4061 2864 4099 SANCTO
2912 4060 3294 4097 PENTECOSTEN.

2398 4138 2570 4188 Lectio
2602 4137 2745 4186 Iohel
2771 4136 3053 4200 praphetze.

1990 4232 2112 4283 Ilaec
2151 4226 2287 4280 dicit
2313 4224 2624 4279 Dominus:
2660 4221 2781 4275 Noli
2812 4220 3013 4274 timere
3056 4224 3227 4285 terra,
3262 4221 3449 4274 exulta
3478 4225 3535 4273 et

1916 4324 2129 4385 Iaztarc,
2159 4324 2288 4386 etc.,
2326 4334 2493 4386 usque
2526 4314 2873 4371 lnvocaverit
2902 4330 3114 4366 nomen
3142 4312 3388 4380 Domini,
3424 4314 3532 4365 sal-

268 5730 448 5787 LVIII.
495 5736 767 5784 LEGENDA
818 5730 878 5769 IN
919 5724 1246 5767 ASCENSIONE
1274 5723 1463 5763 comm
1504 5718 1688 5759 uosrm

804 5803 827 5841 J
834 5798 938 5840 ESU
979 5796 1205 5836 CHRISTI.

562 5862 764 5923 Lectio
790 5858 1034 5911 Actuum
1055 5849 1424 5923 apostolorum.

226 5943 469 6011 Primiim
513 5915 784 6023 quidem
838 5937 1178 5982 sermonem
1213 5918 1318 5976 feci
1360 5918 1427 5974 de
1465 5915 1756 5982 omnibus,
1797 5930 1830 5969 ο
