3976 6454
521 399 625 462 207

1303 401 1634 458 APPENDIX
1673 402 1760 458 AD
1797 395 2014 457 OPERA
2054 395 2286 457 SANCTI
2323 391 2620 456 GERMAN'I
2660 391 3086 455 PARISIENSIS.

3789 385 3897 448 203

521 514 653 569 dist.
688 515 777 581 76,
810 527 933 582 cap.
962 512 1014 578 9,
1044 508 1140 564 ubi
1167 511 1366 564 auctor
1388 509 1599 564 festum
1621 512 1986 588 Pentecostes
2014 525 2142 563 cum
2165 521 2223 594 Α
2245 509 2332 564 nis
2356 507 2640 580 Baptistae,
2665 524 2770 560 nec
2792 507 2966 560 etiam
2987 502 3308 576 proVigilia
3328 503 3458 558 festi
3483 501 3896 574 apostolorum

520 608 795 662 Paschate
817 603 1227 675 comparando,
1253 603 1334 658 ait
1352 603 1409 656 in
1431 603 1638 675 vigiliis
1658 603 1950 673 utriusque
1973 603 2143 656 fuisse

513 701 839 771 jejunatum
873 715 886 752 :
937 718 966 746 «
995 698 1150 752 Tunc
1183 695 1358 763 enim,
1395 695 1582 768 15⁸7
1628 697 1771 750 sicut
1797 695 1970 750 modo
2007 695 2140 749 feci-

518 809 664 858 mus,
706 778 1095 861 jejunavimus
1137 789 1410 855 Sabbato,
1443 789 1674 859 Vigilias
1710 788 2140 855 celebravimus,

516 883 870 940 orationibus
917 885 1322 954 pernoctantes
1361 881 1686 936 institimus.
1739 903 1766 930 ››
1802 885 1864 935 In
1903 882 2145 936 Mozara-

513 973 640 1028 bico
681 972 870 1027 Lectio
907 971 1090 1044 prima
1133 987 1237 1041 pro
1285 970 1377 1024 die
1416 971 1781 1024 Pentecostes
1818 987 1884 1023 ex
1929 971 2144 1040 Apoca-

513 1065 686 1138 lypsis
707 1083 832 1136 cap.
866 1081 998 1120 xxii.
1033 1064 1222 1118 Lectio
1250 1062 1502 1116 secunda
1529 1063 1735 1116 eadem
1764 1079 1895 1117 cum
1925 1065 2140 1129 nostra,

513 1159 596 1214 uti
639 1162 697 1213 et
725 1158 913 1225 tertia,
955 1174 1081 1228 quae
1125 1156 1180 1210 in
1205 1155 1556 1210 Mozarabico
1585 1155 1815 1210 brevior
1858 1159 1962 1223 est,
1993 1155 2141 1208 desi-

513 1252 712 1324 nitque
748 1251 806 1304 in
835 1251 957 1305 haec
985 1249 1160 1304 verba
1191 1265 1205 1303 ε
1231 1251 1352 1305 Non
1378 1250 1624 1304 turbetur
1649 1265 1737 1304 cor
1763 1253 2016 1311 vestrum,
2049 1264 2140 1303 ne-

513 1361 616 1416 que
651 1345 925 1413 formidet.
967 1345 1030 1396 In
1061 1341 1419 1396 Lectionario
1464 1345 1660 1396 nostro
1702 1343 2012 1397 Paret-litus
2055 1341 2140 1394 di-

510 1454 674 1492 verso
715 1437 889 1492 modo
922 1435 1203 1502 scribitur,
1237 1435 1422 1506 primo
1455 1434 1690 1506 quidem
1728 1435 2005 1488 mendose
2033 1436 2139 1488 Pa-

509 1531 774 1600 raclytus,
798 1529 1009 1584 deinde
1041 1529 1250 1582 rectius
1277 1529 1612 1584 Paracletus.
1636 1528 1865 1582 Nullum
1888 1527 2141 1581 ofﬁcium

509 1623 896 1695 praescribitur
945 1639 1051 1694 pro
1097 1621 1469 1692 sequentibus
1511 1620 1731 1690 diebus,
1777 1621 1929 1692 quod
1984 1620 2138 1673 nulla

507 1719 644 1771 tunc
675 1719 874 1772 octava
902 1717 1268 1770 Pentecostes
1302 1714 1709 1768 celebraretur.

629 1829 754 1883 LXI.
796 1844 1042 1882 LEGENDA
1079 1841 1312 1882 paoxma
1349 1842 1607 1879 DOMINICA
1648 1841 1774 1879 rosr
1813 1840 2005 1878 reme-

1207 1913 1426 1950 COSTEN.

842 1989 1072 2054 Epistola
1093 1987 1239 2038 Pauli
1259 1987 1479 2052 apostoli
1503 1987 1570 2036 ad
1591 1986 1811 2037 Galatas.

580 2077 824 2142 Fratres,
867 2089 1242 2146 quascumque
1293 2071 1662 2126 seminaverit
1685 2073 1882 2138 homo,
1915 2071 2038 2124 haec
2084 2075 2138 2124 et

507 2171 709 2236 metet,
763 2171 894 2233 etc.,
939 2182 1108 2236 usque
1145 2165 1454 2220 Cruciﬁxus
1495 2168 1598 2231 est,
1648 2169 1706 2219 et
1745 2182 1853 2236 ego
1897 2151 2136 2220 mundo.

509 2261 714 2332 (Galat.
747 2277 823 2329 VI,
859 2260 1034 2330 8-14.)

665 2357 837 2408 Lectio
863 2355 1029 2406 sancti
1055 2354 1324 2420 Evangelii
1348 2355 1634 2406 secundum
1667 2355 1980 2404 Matthasum.

577 2445 639 2496 In
671 2443 766 2497 illo
795 2445 1074 2513 tempore,
1105 2439 1411 2510 assumpsit
1434 2441 1708 2496 Dominus
1734 2442 1894 2495 Jesus
1917 2439 2133 2493 duode-

506 2533 617 2587 cim
641 2531 948 2602 discipulos
979 2547 1110 2584 suos
1131 2531 1372 2594 secreto,
1400 2532 1456 2582 et
1484 2529 1562 2582 ait
1593 2528 1701 2582 illis
1731 2545 1744 2582 ε
1769 2529 1826 2582 Si
1865 2528 1990 2598 quis
2020 2529 2137 2582 vult

503 2629 633 2697 post
671 2641 764 2679 me
805 2623 1022 2689 venire,
1065 2626 1198 2689 etc.,
1247 2638 1418 2692 usque
1475 2622 1789 2693 Unicuique
1821 2621 2134 2675 secundum

502 2735 680 2790 opera
712 2717 852 2788 ejus.
885 2716 1098 2787 (Matth.
1129 2731 1240 2781 xv1,
1274 2714 1478 2784 24-27.)

882 2831 1062 2875 NOTxE
1104 2831 1182 2874 ΕΤ
1224 2829 1301 2874 OB
1309 2829 1652 2873 SERVATION
1658 2829 1752 2872 ES.

572 2917 774 2972 Mirum
797 2919 882 2969 est
912 2931 1090 2968 unam
1117 2914 1208 2968 hic
1233 2912 1592 2968 Dominicam
1615 2916 1744 2984 post
1757 2915 2132 2968 Pentecosten

499 3013 693 3066 locum
736 3009 974 3075 habere,
1001 3023 1132 3061 cum
1171 3005 1422 3078 plurium
1475 3010 1602 3077 post
1651 3006 2029 3077 Epiphaniam
2079 3011 2136 3060 et

499 3107 632 3176 post
671 3103 891 3157 Pascha
933 3100 1360 3156 Dominicarum
1409 3099 1596 3154 ofﬁcia
1637 3100 2018 3171 assignentur.
2047 3103 2133 3154 An

503 3197 614 3252 alio
639 3197 698 3249 in
724 3195 869 3249 libro
898 3210 1000 3265 pro
1034 3193 1156 3248 aliis
1178 3193 1486 3246 Dominicis
1507 3193 1838 3264 praescripta
1867 3198 2033 3248 erant
2055 3195 2132 3248 of-

2243 603 2392 656 Petri
2415 601 2476 655 et
2495 601 2682 666 Pauli;
2712 617 2900 670 neque
2929 601 3069 654 item
3096 599 3156 652 in
3182 597 3420 653 Gothico
3441 613 3541 650 seu
3565 595 3897 660 Gallicano,

2245 695 2344 748 sed
2376 699 2598 749 tantum
2626 711 2728 764 pro
2757 694 2877 764 ipso
2906 693 2997 747 die
3025 694 3190 748 festo.
3222 693 3282 745 In
3315 691 3521 746 Codice
3549 690 3747 760 regio,
3776 689 3898 758 qui,

2245 805 2312 842 ex
2341 787 2640 843 Gelasiano
2675 791 2734 840 et
2776 787 3132 857 Gregoriano
3181 783 3462 839 conﬂatus
3499 786 3604 848 est,
3641 786 3767 835 tres
3811 799 3903 835 ex-

2244 885 2398 936 stant
2426 881 2633 947 missee,
2661 897 2871 950 nempe
2902 879 3074 933 missa
3113 879 3170 932 in
3195 877 3421 947 Vigilia,
3446 877 3587 930 item
3619 875 3810 928 missa
3840 875 3898 928 in

2243 974 2436 1028 media
2471 977 2657 1039 nocte,
2695 977 2752 1026 et
2792 972 2966 1026 missa
2989 971 3049 1026 in
3091 971 3202 1025 die.
3241 971 3487 1026 Consule
3517 968 3895 1023 Menardum.

2243 1070 2304 1121 In
2333 1067 2607 1138 praedicto
2628 1066 2830 1120 Missali
2855 1065 3094 1120 Gothico
3115 1067 3248 1118 ante
3275 1065 3488 1117 festum
3511 1061 3700 1116 sancti
3721 1063 3902 1116 Joan-

2244 1161 2331 1214 nis
2360 1161 2604 1214 habetur
2633 1159 2808 1214 missa
2826 1159 2886 1212 in
2917 1159 3252 1214 Inventione
3277 1159 3490 1211 sanctze
3519 1155 3734 1222 crucis,
3770 1159 3899 1208 tum

2243 1253 2418 1307 missa
2455 1253 2634 1308 sancti
2661 1253 2897 1308 Joannis
2934 1251 3178 1322 apostoli
3217 1253 3277 1304 et
3315 1249 3711 1319 evangelistm,
3758 1251 3900 1302 ante

2242 1346 2611 1416 Rogationcs,
2661 1363 2733 1400 ne
2773 1345 2913 1416 quid
2969 1344 3158 1398 dicam
3198 1343 3269 1396 de
3321 1343 3497 1396 missa
3544 1346 3900 1397 sanctorum

2243 1440 2490 1494 Ferreoli
2513 1443 2572 1493 et
2609 1438 2986 1506 Ferrucionis,
3023 1454 3150 1508 qum
3175 1439 3306 1508 post
3328 1437 3753 1490 Pentecosten.

2358 1547 2528 1600 LXIII.
2571 1562 2816 1601 LEGENDA
2857 1563 2910 1601 IN
2951 1561 3112 1599 rasro
3154 1560 3466 1599 saxcronuu
3507 1561 3661 1599 PETRI
3713 1561 3787 1598 ET

2969 1633 3143 1670 PAULI.
3155 1647 3168 1653 ο

2392 1705 2565 1754 Passio
2594 1708 2890 1754 sanctorum
2925 1705 3282 1768 apostulorum
3309 1705 3446 1754 Petri
3474 1709 3526 1753 et
3554 1703 3724 1753 Pauli.

2312 1784 2502 1858 159
2529 1787 2810 1856 Tempore
2839 1785 2934 1839 illo
2975 1802 3107 1839 cum
3151 1785 3404 1839 venisset
3437 1785 3648 1838 Paulus
3692 1784 3760 1838 in
3797 1801 3898 1838 ur-

2161 1899 2216 1972 Β
2241 1879 2374 1933 bein
2403 1881 2666 1945 Romam,
2696 1882 3091 1933 convenerunt
3135 1878 3208 1933 ad
3247 1895 3380 1932 eum
3425 1895 3630 1932 omnes
3672 1878 3899 1941 Judaei,

2240 1972 2496 2026 dicentes
2525 1989 2537 2026 :
2566 1974 2831 2026 Nostram
2861 1973 3058 2038 ﬁdem,
3101 1971 3159 2025 in
3202 1989 3315 2042 qua
3348 1975 3517 2026 natus
3563 1987 3642 2037 es,
3693 1971 3900 2042 ipsam

2240 2065 2506 2120 defende.
2536 2067 2659 2120 Non
2693 2069 2778 2118 est
2799 2065 2950 2119 enim
2967 2065 3208 2136 justum,
3241 2068 3303 2118 ut
3332 2081 3464 2119 cum
3504 2063 3579 2118 sis
3606 2065 3902 2118 Hebrieus

2239 2174 2306 2212 ex
2327 2159 2576 2212 Hebraeis
2603 2158 2856 2224 veniens,
2891 2157 3152 2227 gentium
3187 2162 3240 2211 te
3262 2157 3608 2228 magistrum
3631 2158 3898 2228 judiees,

2239 2255 2346 2305 etc.
2370 2253 2572 2306 Desinit
2591 2271 2608 2305 :
2631 2252 2699 2304 Et
2717 2251 3287 2322 comprehenderunt
3307 2268 3405 2304 eos
3432 2250 3491 2304 in
3519 2253 3646 2306 loco
3675 2251 3786 2322 qui
3820 2252 3906 2305 di-

2239 2343 2384 2398 citur
2413 2345 2808 2412 Catacumbas,
2847 2344 2936 2397 via
2960 2343 3164 2415 Appia,
3189 2344 3459 2398 milliario
3487 2345 3690 2411 tertio;
3727 2351 3797 2399 et
3822 2347 3904 2401 ibi

2237 2438 2517 2493 custodita
2529 2442 2916 2508 suntcorpora
2932 2455 3084 2492 anno
3105 2455 3220 2492 uno
3240 2441 3298 2491 et
3313 2439 3610 2492 mensibus
3629 2443 3900 2510 septem,

2238 2548 2533 2602 quousque
2564 2531 2998 2586 fabrecarentur
3023 2532 3148 2585 loca
3179 2531 3236 2584 in
3269 2531 3477 2601 quibus
3506 2532 3750 2586 fuerunt
3792 2551 3902 2604 po-

2238 2625 2344 2679 sita
2375 2642 2618 2696 corpora
2638 2641 2869 2691 eorum;
2897 2627 2953 2678 et
2981 2624 3057 2678 ibi
3085 2628 3350 2680 revocata
3371 2628 3506 2678 sunt
3535 2643 3672 2679 cum
3697 2628 3902 2697 gloria

2237 2719 2293 2772 et
2321 2719 2666 2789 hymnorum
2694 2717 2936 2786 cantica,
2969 2723 3026 2772 et
3061 2719 3244 2789 posita
3275 2719 3454 2772 sancti
3483 2719 3639 2774 Petri
3681 2720 3746 2774 in
3780 2723 3898 2775 Va-

2234 2811 2445 2878 ticano,
2477 2812 2565 2865 via
2585 2811 2923 2877 Neumacia;
2949 2815 3005 2865 et
3032 2811 3214 2866 sancti
3239 2812 3390 2866 Petri
3423 2812 3481 2866 in
3505 2813 3596 2867 via
3629 2813 3901 2880 Ostensi,

2236 2905 2306 2958 ab
2350 2904 2488 2958 urbe
2535 2905 2718 2959 Roma
2747 2905 3013 2959 milliario
3061 2905 3312 2959 secundo
3351 2923 3363 2960 :
3397 2906 3494 2960 ubi
3524 2911 3904 2978 praestantur

2232 2997 2514 3052 beneﬁcia
2555 2998 2760 3053 Christi
2803 3015 2908 3069 per
2949 2999 3274 3054 orationem
3320 3015 3524 3054 eorum
3557 3000 3620 3054 in
3673 3004 3901 3058 saecula

2235 3093 2597 3146 saeculorum.
2657 3117 2668 3133 ι

2524 3183 2754 3246 Epistola
2777 3184 2919 3234 Pauli
2947 3185 3170 3248 apostoli
3201 3185 3269 3235 ad
3291 3187 3569 3236 Romanos.

499 3289 677 3344 ﬁcia?
717 3305 790 3342 an
819 3305 955 3342 vero
1001 3304 1180 3340 unum
1220 3286 1470 3341 Ofﬁcium
1505 3304 1608 3357 per
1637 3287 1776 3342 alias
1808 3265 2206 3342 Dominicasc
2303 3265 2546 3332 Fratres,
2590 3283 2707 3320 non
2751 3265 2908 3319 enim
2958 3265 3254 3336 accepistis
3282 3267 3548 3337 spiritum
3590 3271 3904 3328 servitutis

499 3381 910 3454 repetebatur?
934 3382 1007 3434 At
1041 3381 1253 3434 frustra
1279 3380 1602 3452 appositum
1630 3381 1830 3435 fuisset
1858 3381 1915 3434 in
1943 3381 2126 3449 titulo,

492 3479 752 3548 promima
791 3477 1074 3530 Dominiea
1105 3479 1232 3543 post
1276 3476 1634 3529 Pentecosten.
1678 3477 1739 3528 In
1783 3475 1988 3528 Missali
2029 3477 2132 3530 Go-

498 3568 940 3640 thicogallieano
987 3567 1354 3638 assignantur
1385 3585 1480 3621 sex
1509 3567 1696 3622 missae
1728 3569 2128 3622 Dominicales.

497 3664 648 3734 Ergo
681 3679 778 3716 eas
809 3660 992 3732 repeti
1018 3677 1248 3716 necesse
1285 3664 1424 3714 erat.
1469 3660 1626 3714 Idem
1667 3661 1727 3714 in
1757 3662 2128 3730 Mozarabico,

497 3756 556 3811 in
587 3771 700 3827 quo
736 3758 957 3826 septem
987 3755 1266 3809 duntaxat
1297 3753 1483 3808 missae
1511 3755 1800 3808 habentur
1828 3758 1958 3826 post
1984 3757 2130 3810 Pen-

497 3852 755 3904 tecosten
797 3865 976 3918 usque
1023 3848 1095 3902 ad
1136 3847 1497 3902 Dominicam
1540 3851 1674 3902 ante
1701 3847 1986 3918 jejunium
2019 3849 2130 3903 Ka-

499 3941 805 3995 lendarum
855 3939 1282 3994 Novembrium.
1322 3941 1518 4010 Itaque
1567 3941 1978 4011 repetebantur
2022 3943 2130 3996 illa:

499 4033 710 4101 missae,
745 4032 976 4103 quando
1017 4033 1164 4086 festa
1195 4033 1525 4086 sanctorum
1557 4033 1613 4086 in
1656 4033 1983 4088 Dominicas
2014 4052 2127 4090 non

500 4125 892 4182 incurrebant.

599 4234 749 4288 LXII.
790 4247 1036 4286 LEGENDA
1076 4248 1130 4285 1x
1171 4247 1510 4286 rasrmmra
1551 4250 1734 4288 suam
1774 4250 2032 4290 IOHANNIS

1185 4319 1251 4355 ΒΑ
1259 4319 1460 4356 PTISTE.

985 4389 1158 4440 Lectio
1187 4390 1333 4440 Esaie
1369 4391 1653 4455 prophetae.

799 4474 928 4527 Haec
958 4472 1095 4527 dicit
1132 4471 1408 4527 Dominus
1437 4491 1450 4528 :
1485 4475 1894 4545 Consolamini,
1927 4493 2126 4532 conso-

495 4567 717 4634 lamini,
752 4567 995 4638 populus
1015 4583 1196 4634 meus,
1219 4566 1354 4620 dicit
1381 4567 1528 4622 Deus
1556 4573 1758 4636 vester,
1795 4573 1925 4640 etc.,
1964 4588 2132 4642 usque

2229 3356 2439 3416 iterum
2465 3359 2526 3412 in
2557 3357 2785 3426 timore,
2819 3362 2949 3425 etc.,
2972 3375 3138 3430 usque
3165 3360 3310 3424 Quia
3336 3361 3664 3418 secundum
3699 3365 3898 3422 Deum

2232 3453 2481 3522 postulat
2505 3469 2608 3522 pro
2642 3452 2868 3506 sanctis.
2896 3454 3064 3524 (Rom.
3101 3471 3214 3521 vni,
3252 3455 3453 3525 lii-27.)

2388 3545 2562 3595 Lectio
2589 3545 2753 3594 sancti
2779 3545 3046 3608 Evangelii
3070 3546 3362 3596 secundum
3394 3547 3728 3601 Matthaeum.

2302 3627 2364 3678 In
2407 3625 2502 3681 illo
2547 3630 2828 3697 tempore,
2877 3628 3076 3682 videns
3127 3629 3407 3683 Dominus
3445 3631 3613 3684 Jesus
3665 3636 3905 3702 turbas,

2233 3719 2489 3774 ascendit
2529 3719 2588 3774 in
2617 3724 2910 3788 montem;
2944 3725 3001 3776 et
3048 3739 3180 3776 cum
3221 3722 3482 3787 sedisset,
3513 3737 3911 3784 accesserunt

2233 3812 2306 3866 ad
2334 3830 2464 3867 eum
2487 3813 2746 3885 discipuli
2769 3815 2908 3885 ejus,
2940 3819 3072 3882 etc.,
3093 3833 3262 3886 usque
3283 3817 3623 3873 Gloriﬁcent
3650 3823 3908 3880 Patrem

2231 3910 2481 3961 vestrum
2516 3907 2612 3978 qui
2637 3897 2875 3962 in’caelis
2903 3913 3006 3964 est.
3037 3910 3256 3979 (Matth.
3286 3927 3340 3978 v,
3375 3911 3541 3984 1-16.)

2611 4021 2790 4064 NOTAE
2831 4023 2910 4064 ΕΤ
2952 4021 3029 4066 OB
3037 4023 3466 4067 SERVATIONES
3476 4052 3490 4066 .

2302 4097 2536 4153 Videtur
2562 4101 2684 4154 loco
2707 4099 2909 4171 primm
2935 4102 3198 4156 tectionis
3220 4103 3462 4158 recitata
3489 4103 3671 4159 fuisse
3694 4110 3908 4178 passio

2233 4194 2644 4262 apostolorum,
2686 4193 2792 4248 nisi
2838 4195 3061 4249 dicatur
3104 4195 3345 4250 recitata
3389 4197 3464 4250 ad
3510 4198 3909 4260 Matutinum.

2233 4285 2398 4350 Quod
2445 4289 2643 4340 tamen
2689 4287 2744 4340 in
2787 4288 3146 4343 Lectionario
3179 4294 3376 4344 nostro
3421 4291 3579 4345 haud
3620 4299 3909 4353 notatur.

2231 4380 2294 4432 In
2337 4379 2426 4432 his
2460 4380 2612 4434 Actis
2644 4385 2912 4436 narratur
2955 4381 3252 4436 conﬂictus
3283 4384 3436 4437 Petri
3467 4401 3601 4440 cum
3643 4387 3910 4447 Simone

2233 4490 2426 4544 mago,
2461 4475 2824 4546 referturque
2851 4476 2994 4530 falsa
3031 4477 3197 4530 Pilati
3239 4477 3308 4531 de
3338 4478 3564 4533 Christo
3594 4481 3670 4534 ad
3715 4483 3913 4540 Nero-

2233 4583 2370 4620 nem
2409 4567 2678 4638 epistola;
2710 4569 3030 4640 eodemque
3061 4586 3214 4624 anno
3248 4574 3306 4624 et
3332 4571 3424 4625 die
3456 4573 3612 4627 Petri
3634 4579 3695 4628 et
3725 4577 3910 4634 Pauli

496 4661 566 4714 Et
597 4677 740 4731 opus
763 4659 914 4716 illius
945 4677 1140 4715 coram
1168 4677 1256 4724 eo,
1283 4660 1361 4715 ait
1391 4662 1668 4717 Dominus
1694 4665 1862 4718 Deus.
1892 4666 2019 4736 (Isa.
2041 4683 2127 4734 XL,
2151 4639 2210 4712 D
2233 4661 2440 4732 passio.
2471 4663 2666 4718 Altero
2712 4666 2841 4733 post
2876 4664 3113 4718 Petrum
3144 4682 3298 4719 anno
3328 4666 3490 4720 Pauli
3531 4670 3908 4740 martyrium

503 4756 524 4808 1
557 4754 669 4824 20⁶>
907 4822 1082 4873 Lectio
1107 4825 1326 4874 Actuum
1354 4825 1724 4890 apostolorum.

567 4909 778 4964 Diebus
817 4908 947 4976 illis,
981 4925 1221 4980 surgens
1253 4911 1478 4978 Paulus,
1523 4915 1581 4966 et
1617 4930 1794 4968 manu
1841 4915 2129 4970 silentium

494 5001 756 5058 indicens
787 5002 885 5070 ait,
919 5005 1050 5069 etc.,
1087 5019 1255 5074 usque
1286 5005 1356 5059 Ut
1386 5005 1460 5060 sis
1483 5005 1543 5060 in
1565 5007 1809 5061 salutem
1845 5025 2022 5082 usque
2057 5009 2130 5064 ad

499 5099 817 5151 extremum
849 5100 1037 5150 terrae.
1069 5095 1210 5168 (Act.
1243 5114 1360 5166 x111,
1394 5099 1594 5171 16-47.)

708 5192 880 5243 Lectio
905 5194 1070 5244 sancti
1095 5195 1363 5259 Evangelii
1385 5196 1676 5247 secundum
1703 5200 1912 5250 Lucam.

567 5279 629 5331 In
663 5277 864 5332 diebus
888 5279 1127 5334 Herodis
1151 5281 1304 5352 regis
1333 5283 1544 5338 Iudaeae
1576 5283 1686 5338 fuit
1716 5286 1982 5341 sacerdos
2002 5287 2126 5358 qui-

499 5369 655 5438 dam,
685 5371 920 5426 nomine
950 5373 1270 5442 Zacharias,
1313 5376 1382 5430 de
1410 5377 1530 5431 vice
1563 5377 1726 5445 Abia,
1761 5383 1868 5434 etc.
1899 5380 2048 5450 (Luc.
2088 5399 2126 5449 1,

498 5464 666 5534 5-25.)
709 5466 906 5521 Deinde
946 5470 1071 5523 Luc.
1123 5485 1160 5534 1,
1221 5471 1423 5538 39-117;
1477 5475 1589 5525 tum
1651 5475 1776 5526 Luc.
1830 5489 1867 5540 1,
1921 5477 2125 5545 56-67;

493 5560 748 5628 Denique,
781 5559 1119 5616 Benedictus
1159 5563 1438 5616 Dominus
1475 5564 1624 5617 Deus
1655 5565 1886 5634 Israhel,
1909 5573 1958 5622 et
1981 5585 2124 5637 mox,

491 5651 642 5706 Puer
683 5655 876 5708 autem
907 5656 1219 5723 crescebat,
1268 5659 1399 5722 etc.,
1441 5658 1538 5725 qui
1579 5661 1657 5711 est
1697 5659 1918 5716 ultimus
1945 5678 2128 5718 versus

494 5761 616 5803 οαυ.
649 5763 686 5803 Ι.

553 5763 556 5797 L
603 5788 616 5802 .
649 5763 686 5803 Ι.

553 5763 595 5817 Ρ
875 5837 1055 5880 NOTAE.
1096 5836 1174 5878 ΕΤ
1216 5835 1748 5884 OBSERVATIONES.

566 5921 726 5975 Nulla
753 5919 841 5972 hic
863 5919 1035 5973 missa
1064 5936 1167 5990 pro
1188 5919 1391 5992 Vigilia
1416 5922 1727 5980 nativitatis
1747 5927 1927 5982 sancti
1953 5929 2123 5984 Joan-

2233 4753 2502 4809 accidisse
2531 4755 2610 4809 ait
2635 4755 2942 4828 Gregorius
2967 4757 3028 4811 in
3059 4757 3156 4811 lib.
3190 4775 3206 4812 1
3237 4757 3306 4812 de
3336 4759 3529 4814 Gloria
3562 4761 3907 4835 Martyrum

2232 4863 2356 4920 cap.
2390 4852 2477 4916 29,
2510 4849 2604 4920 qui
2637 4848 2880 4920 proinde
2912 4849 3036 4904 aliis
3069 4851 3208 4906 actis
3236 4869 3368 4906 usus
3395 4856 3499 4907 est.
3531 4854 3910 4916 Fortunatus

2232 4958 2350 4996 non
2382 4943 2566 4996 solum
2611 4943 2816 4998 eodem
2849 4943 2963 5011 die,
3007 4943 3108 4998 sed
3139 4949 3195 4999 et
3235 4945 3444 5000 eodem
3486 4964 3646 5004 anno
3685 4968 3908 5022 passos

2230 5033 2402 5089 fuisse
2445 5035 2671 5091 videtur
2709 5054 2964 5092 asserere
3009 5038 3112 5092 sub
3155 5038 3334 5094 ﬁnem
3381 5039 3513 5107 libri
3544 5059 3606 5098 111
3645 5043 3721 5100 de
3767 5049 3909 5105 Vita

2232 5129 2412 5184 sancti
2441 5129 2688 5184 Martini.

2448 5223 2558 5298 Qua
2581 5237 2772 5296 nempe
2799 5222 2882 5272 die
2906 5238 3040 5297 quos
3061 5226 3440 5298 passio-sancta
3457 5227 3666 5290 beavit,

2446 5285 2511 5334 Et
2527 5299 2676 5335 sacra
2687 5285 2762 5336 sic
2781 5285 3022 5350 geminus
3042 5285 3266 5351 signavit
3277 5293 3521 5354 tempora
3547 5285 3763 5346 consul.

2232 5369 2281 5444 1
2297 5370 2425 5444 60
2438 5373 2636 5429 Nescio
2657 5374 2795 5446 quid
2809 5376 2913 5431 sibi
2935 5377 3326 5432 velitCathulﬁ
3341 5381 3592 5450 epistola
3617 5385 3696 5440 ad
3721 5388 3906 5444 Caro-

2229 5465 2348 5519 lum
2367 5466 2636 5537 Magnum
2665 5469 2916 5540 petentis
2937 5470 2995 5525 id
3031 5472 3103 5526 ab
3137 5489 3204 5526 eo
3237 5474 3531 5542 constitui,
3558 5480 3627 5532 ut
3653 5501 3682 5529 «
3705 5485 3900 5537 sancti

2229 5559 2380 5613 Petri
2395 5561 2722 5630 passionem
2741 5562 2799 5616 in
2813 5565 2934 5617 toto
2950 5564 3159 5635 (ipsius)
3173 5582 3357 5636 regno
3376 5569 3668 5627 celebrari
3688 5593 3716 5626 »
3734 5593 3904 5630 cura-

2229 5655 2336 5720 ret,
2362 5670 2492 5708 cum
2515 5672 2582 5708 ex
2603 5655 2712 5708 hoc
2735 5655 3094 5712 Lectionario
3125 5659 3364 5730 aliisque
3389 5662 3753 5722 testimoniis
3763 5670 3898 5740 jam

2228 5745 2331 5800 sub
2342 5747 2691 5802 Meroveadis
2703 5750 2934 5818 regibus
2945 5751 3067 5806 haec
3091 5752 3395 5808 celebritas
3409 5755 3684 5816 instituta
3699 5764 3901 5818 videa-

2227 5841 2338 5895 tur.
2362 5842 2555 5896 Exstat
2576 5841 2722 5896 Aviti
2743 5843 3082 5900 Viennensis
3107 5845 3358 5919 episcopi
3387 5850 3808 5922 fragmentum
3825 5875 3898 5913 ex

2226 5933 2463 5990 homilia
2491 5934 2643 5991 dicta
2669 5935 2727 5991 in
2749 5937 2984 5994 basilica
3015 5940 3195 5995 sancti
3221 5941 3398 6011 Petri,
3433 5960 3622 6018 quam
3654 5957 3903 6009 sanctus
