3976 6416
1275 402 1602 458 ΑΡΡΕΝΒΙΧ
1643 400 1730 456 AD
1766 399 1986 454 OPERA
2025 398 2141 452 SAN

2291 393 2590 450 GERMANI
2628 390 3053 448 PABJSIENSIS.
3349 391 3368 401 ‘
3751 385 3826 438 21
3845 387 3885 438 2

2136 517 2193 590 Α
2213 502 2433 558 Domini
2447 499 2846 568 misericordia,
2864 498 3014 570 quod
3031 495 3268 552 haberet
3280 494 3580 551 defunctus
3591 491 3888 566 requiem

2167 586 2192 675 ἴ
2213 596 2274 651 in
2286 597 2396 664 die,
2416 612 2527 667 qua
2547 593 2787 649 Domino
2803 591 3152 647 oblationem
3184 589 3234 662 1
3250 588 3375 662 65
3399 605 3502 660 pro
3519 587 3646 658 ejus
3665 586 3889 642 anima

2215 691 2530 746 delibasset.
2560 709 2587 737 ››
2623 687 2776 741 Idem
2801 690 3018 755 auctor,
3050 685 3110 739 in
3141 684 3396 740 Historiae
3420 683 3522 737 lib.
3549 698 3605 737 Iv
3637 697 3769 753 cap.
3801 680 3887 734 34

2215 785 2311 854 ait,
2340 781 2650 837 Palladium
2675 780 3002 852 quemdam,
3033 777 3132 850 qui
3161 777 3269 832 sibi
3298 781 3545 831 mortem
3577 773 3891 830 conscive-

2217 884 2322 944 rat,
2369 898 2394 926 ‹‹
2436 892 2552 930 non
2591 874 2759 946 juxta
2803 872 3255 926 Christianorum
3283 870 3556 925 cadavera
3605 868 3888 940 positum

2218 971 2450 1041 (fuisse),
2502 969 2595 1024 sed
2643 985 2746 1023 nec
2798 967 3098 1020 missarum
3149 963 3421 1019 solemnia
3472 963 3782 1017 meruisse.
3851 982 3885 1008 ››

2218 1067 2387 1120 Porro
2415 1064 2567 1117 locus
2597 1063 2654 1116 in
2685 1078 2798 1132 quo
2827 1059 3018 1114 ﬁdeles
3047 1057 3500 1124 tumulabantur,
3538 1077 3563 1104 α
3595 1054 3888 1110 sacerdo-

2219 1159 2314 1213 tali
2351 1155 2740 1212 benedictione
2780 1153 3035 1207 sacrati»
3077 1157 3256 1218 erant,
3308 1167 3378 1205 ex
3411 1150 3510 1204 lib.
3540 1149 3628 1204 "de
3675 1148 3894 1203 Gloria

2220 1251 2600 1305 confessorum
2627 1265 2750 1317 cap.
2784 1249 2905 1299 106.
2936 1245 3018 1299 Ad
3045 1245 3188 1313 haec,
3217 1243 3483 1298 defuncto
3512 1245 3709 1296 sancto
3740 1241 3886 1296 Sal-

2221 1344 2328 1413 vio,
2352 1341 2610 1397 monachi
2633 1363 2658 1388 ‹‹
2680 1344 2902 1394 noctem
2920 1338 2976 1392 in
2991 1339 3126 1392 ﬂetu
3150 1343 3205 1393 et
3219 1336 3518 1408 psallentio
3541 1335 3823 1406 exigunt,
3851 1356 3884 1382 ι»

2220 1437 2370 1508 apud
2398 1435 2661 1490 eumdem
2691 1434 2744 1486 in
2772 1432 2869 1486 lib.
2903 1449 2974 1486 vn
3018 1449 3136 1502 cap.
3181 1435 3230 1486 l.
3276 1429 3533 1502 Denique
3577 1427 3890 1482 Baudoni-

2220 1532 2327 1599 via,
2358 1530 2414 1582 in
2449 1528 2597 1583 Actis
2637 1531 2840 1580 sancta)
2887 1524 3270 1596 Radegundis,
3317 1524 3385 1578 de
3429 1523 3552 1594 ejus
3578 1521 3894 1593 exsequiis

489 411 583 467 2H

693 516 858 572 LXIX.
902 528 1141 570 LEGENDA
1179 527 1245 567 ne
1282 527 1479 566 nones
1517 523 1891 564 consessoans.

911 601 1083 652 Lectio
1117 599 1379 651 Hierimiae
1413 598 1697 664 pro‘phetaa.

563 691 752 744 Bonus
777 690 860 740 est
891 681 1156 737 Dominus
1183 681 1542 753 sperantibus
1567 679 1626 734 in
1662 693 1813 746 eum,
1851 679 1982 744 etc.,
2022 690 2112 728 us-

491 798 592 853 que
623 780 830 834 Idcirco
846 782 908 834 tu
928 774 1224 832 exorabilis
1248 775 1358 843 (sic)
1382 790 1460 840 es,
1481 773 1712 826 Domins
1733 772 1874 826 Deus
1902 771 2112 824 noster.

495 876 714 940 (Thren.
745 889 824 938 Ill,
854 871 1068 940 25-42.)

719 969 949 1032 Epistola
995 965 1139 1016 Pauli
1193 964 1412 1028 apostoli
1445 963 1510 1013 ad
1551 961 1896 1012 Timotheum.

561 1055 878 1123 Carissime,
906 1052 1048 1107 nihil
1073 1050 1366 1105 intulimus
1393 1049 1452 1103 in
1483 1049 1634 1102 hunc
1656 1047 1957 1114 mundum,
1984 1048 2116 1108 etc.,

493 1166 662 1221 usque
691 1149 796 1204 Sed
817 1163 918 1202 nec
947 1146 1131 1200 videre
1162 1147 1362 1215 potest,
1392 1142 1482 1197 cui
1509 1142 1693 1196 honor
1719 1145 1776 1196 et
1813 1138 2120 1211 imperium

494 1245 556 1300 in
584 1243 786 1298 saecula
810 1239 1161 1296 saaculorum.
1192 1238 1238 1307 (Ι
1269 1239 1404 1292 Tim.
1431 1253 1504 1303 vi,
1537 1236 1712 1304 ’7-16.)

549 1337 563 1357 ⁸
633 1339 806 1391 Lectio
842 1336 1010 1387 sancti
1041 1333 1313 1397 Evangelii
1348 1332 1638 1383 secundum
1674 1331 1978 1381 Iohannem.

566 1426 771 1482 Diebus
798 1423 928 1491 illis,
959 1421 1101 1476 dixit
1129 1419 1400 1474 Dominus
1443 1420 1601 1473 .Iesus
1641 1415 1926 1486 discipulis
1962 1414 2076 1468 suis
2103 1430 2117 1467 :

495 1522 613 1592 Ego
640 1535 766 1574 sum
797 1515 920 1572 vitis
947 1530 1097 1582 vera,
1137 1516 1268 1580 etc.,
1313 1528 1480 1581 usque
1517 1510 1918 1578 Quodcumque
1942 1508 2119 1578 petie-

498 1613 619 1668 ritis
628 1614 849 1668 Patrem
863 1609 924 1664 in
938 1606 1172 1662 nomine
1191 1621 1338 1674 meo,
1354 1605 1448 1658 det
1461 1603 1634 1657 vobis.
1653 1604 1824 1671 (Joan.
1840 1617 1929 1667 xv,
1949 1603 2006 1654 1-
2017 1603 2035 1654 1
2047 1600 2122 1668 6.)

879 1725 1060 1770 ΝΟΤΕ
1109 1723 1185 1766 ΕΤ
1229 1718 1734 1767 OBSERVATIONES
1745 1746 1756 1758 .

568 1810 880 1864 Commune
923 1809 1246 1860 sanctorum
1281 1803 1340 1856 in
1370 1799 1568 1854 ofﬁciis
1593 1795 1974 1853 ecclesiasticis
2003 1794 2125 1866 jam

2222 1640 2414 1694 agens,
2444 1622 2520 1675 ait
2549 1619 3008 1675 sanctimoniales
3040 1641 3066 1666 ‹‹
3111 1617 3369 1689 genitum
3397 1633 3503 1687 pro
3548 1615 3802 1670 Alleluia
3855 1637 3886 1662 η

2223 1715 2546 1784 reddidisse,
2574 1718 2696 1768 tum
2728 1713 2917 1766 subdit
2953 1728 2965 1765 :
3001 1732 3029 1759 ‹‹
3057 1711 3293 1779 Liberae,
3327 1726 3455 1782 quae
3477 1713 3606 1763 ante
3630 1725 3766 1763 eam
3790 1726 3896 1762 ce-

2225 1827 2350 1864 reos
2401 1811 2774 1880 portaverant,
2823 1809 2952 1859 tota).
3003 1804 3064 1857 in
3104 1821 3242 1874 gyro
3290 1803 3536 1874 sepulcri
3583 1802 3890 1856 astabant.

497 1902 714 1958 dudum
741 1901 801 1955 in
826 1917 934 1954 usu
960 1898 1087 1968 fuit,
1115 1901 1257 1951 teste
1287 1892 1588 1949 Braulione
1627 1890 2122 1961 Caesaraugustam

2291 1917 2583 1973 laquzeque
2611 1901 2669 1953 in
2696 1916 2796 1952 suo
2827 1914 2988 1952 cereo
3031 1914 3202 1951 suum
3245 1912 3458 1950 nomen
3505 1893 3676 1949 dabat
3726 1894 3889 1948 scri-

498 1995 758 2067 episcopo
784 1993 844 2046 in
872 1992 1105 2063 prologo
1135 1989 1205 2044 de
1240 1989 1363 2042 Vita
1403 1983 1578 2039 sancti
1625 1981 1904 2037 Emiliaui
1933 1997 1946 2035 :
1995 2003 2022 2030 α
2051 1982 2127 2036 De

499 2089 694 2145 eadem
723 2101 949 2159 quoque
976 2081 1330 2138 solemnitate
1359 2079 1604 2148 (nempe,
1645 2075 1796 2130 beati
1831 2073 2126 2143 x'Emiliani)

501 2186 566 2237 ut
590 2181 758 2236 missa
783 2179 1116 2234 recitaretur
1133 2171 1468 2239 communis,
1509 2168 1732 2238 injunxi
1771 2167 1970 2222 dilecto
2014 2167 2129 2220 filio

503 2291 628 2330 meo
651 2272 700 2346 1
720 2271 849 2345 64
873 2269 1124 2340 Eugenio
1144 2268 1395 2321 diacono.
1421 2287 1445 2313 n
1471 2263 1733 2318 Ofﬁcium
1755 2261 1822 2315 de
1843 2259 2128 2330 apostolis,

502 2367 653 2440 quod
679 2367 770 2421 hic
795 2362 1063 2436 praemitti
1083 2361 1372 2428 debuerat,
1403 2355 1845 2430 praetermissum
1892 2358 1993 2421 est,
2035 2352 2133 2406 sed

503 2460 745 2516 occurrit
773 2459 833 2512 in
871 2455 1072 2511 Missali
1102 2453 1404 2508 Gallicano.
1447 2453 1507 2505 In
1537 2447 1773 2504 concilio
1809 2445 2134 2500 Bracarensi

503 2573 561 2612 ιιι
586 2553 830 2626 graviter
847 2547 1344 2621 reprehenduntur
1361 2561 1570 2600 canone
1591 2547 1620 2597 Ei
1641 2541 1870 2612 quidam
1885 2537 2131 2610 episcopi

502 2649 597 2720 qui
626 2647 687 2701 in
717 2641 1164 2698 solemnitatibus
1191 2643 1506 2710 martyrum
1533 2637 1608 2691 ad
1633 2636 1906 2690 ecclesiam
1927 2647 2134 2703 proces-

500 2742 637 2803 suri,
665 2737 932 2809 reliquias
960 2735 1101 2788 collo
1128 2749 1230 2787 suo
1259 2730 1644 2802 imponebant,
1673 2742 1843 2797 seque
1885 2742 1918 2779 a
1953 2723 2134 2778 levitis

507 2831 714 2905 gestari
746 2828 1008 2883 volebant
1041 2827 1200 2896 quasi
1225 2826 1332 2894 ipsi
1366 2825 1554 2876 essent
1587 2821 1943 2888 reliquiarum
1981 2833 2132 2871 arca.

508 2929 570 2980 In
595 2921 939 2978 Lectionario
961 2922 1174 2984 nostro,
1207 2923 1262 2970 et
1291 2916 1351 2970 in
1376 2913 1623 2984 antiquis
1659 2910 1968 2965 Missalibus
2004 2910 2133 2965 Gal-

506 3017 702 3073 licanis
747 3013 1001 3084 aliisque,
1045 3026 1156 3064 una
1197 3013 1283 3064 est
1326 3008 1515 3062 classis
1554 3005 1956 3072 confessorum,
1998 3019 2138 3073 quos

509 3111 681 3166 modo
731 3107 1089 3177 distinguunt
1130 3103 1188 3157 in
1228 3101 1523 3173 pontiﬁces
1573 3103 1630 3153 et
1671 3114 1784 3158 non
1824 3095 2134 3167 pontiﬁces.

509 3203 672 3268 Quod
701 3199 1011 3271 antiquitus
1041 3197 1098 3252 in
1126 3212 1233 3250 usu
1273 3211 1392 3248 non
1433 3197 1570 3260 erat,
1619 3195 1683 3245 ut
1718 3195 1932 3245 veteres
1968 3189 2138 3244 etiam

510 3295 724 3352 litanias
769 3293 1029 3364 probant.
1078 3291 1139 3342 In
1183 3287 1350 3342 missa
1393 3286 1561 3340 unius
1603 3283 1931 3339 confessoris
1974 3283 2141 3336 unica

512 3387 700 3444 Lectio
723 3383 1021 3456 Evangelio
1040 3381 1424 3453 praemittitur.
1445 3379 1597 3433 Idem
1619 3377 1864 3431 vidimus
1883 3377 1941 3430 in
1957 3375 2142 3430 ofﬁcio

515 3483 584 3536 de
612 3478 927 3534 beatissima
969 3475 1215 3545 Virgine,
1254 3478 1310 3527 et
1345 3477 1534 3526 sancta
1578 3469 1876 3525 Genovefa.
1917 3469 2142 3523 Nullum

515 3589 814 3630 commune
839 3570 1128 3642 virginum
1158 3567 1326 3622 etiam
1356 3566 1414 3620 in
1440 3563 1644 3620 Missali
1668 3563 1965 3618 Gallicana.

641 3690 787 3744 LXX.
829 3703 1066 3744 LEGENDA
1106 3702 1158 3740 IN
1199 3697 1554 3738 DEPOSITIONE
1593 3697 1679 3735 Cl'l
1719 3694 2003 3734 VOLI'ERIS.

796 3779 1026 3844 Epistola
1058 3775 1202 3826 Pauli
1233 3773 1453 3839 apostoli
1487 3773 1552 3822 ad
1586 3771 1898 3822 Corinthios.

587 3870 806 3922 Fratres
826 3881 952 3920 ecce
971 3861 1304 3934 mysterium
1329 3858 1484 3913 vobis
1505 3858 1627 3912 dico
1655 3876 1668 3912 :
1701 3873 1895 3911 omnes
1917 3856 2145 3928 quidem

518 3976 900 4032 resurgemus,
931 3957 1064 4024 etc.,
1094 3970 1258 4024 usque
1288 3954 1409 4006 Non
1439 3955 1521 4004 est
1564 3950 1746 4004 inanis
1791 3950 1850 4004 in
1890 3949 2144 4005 Domino.

521 4056 568 4125 (1
595 4058 714 4113 Cor.
746 4049 1058 4120 xv,5t-58.)

676 4147 852 4198 Lectio
886 4144 1050 4195 sancti
1085 4141 1351 4207 Evangelii
1384 4139 1671 4190 secundum
1708 4139 2008 4188 Iohannem.

593 4234 800 4289 Diebus
825 4231 937 4285 illis
963 4231 1232 4302 loquutus
1260 4233 1342 4282 est
1371 4226 1639 4280 Dominus
1663 4227 1820 4280 Jesus
1859 4225 2152 4296 discipulis

525 4328 642 4383 suis
666 4327 856 4381 dicens
884 4341 897 4378 :
930 4327 1129 4391 Amen,
1151 4337 1317 4376 amen
1339 4320 1462 4375 dico
1481 4319 1656 4388 vobis,
1676 4336 1788 4384 non
1809 4324 1991 4390 potest
2007 4318 2153 4372 ﬁlius

525 4437 558 4477 a
596 4437 653 4476 se
685 4419 869 4474 facere
917 4416 1243 4488 quicquam,
1290 4417 1421 4482 etc.,
1465 4429 1628 4482 usque
1665 4412 1769 4467 Sed
1807 4412 2152 4466 voluntatem

526 4515 646 4585 ejus
669 4513 766 4586 qui
797 4511 949 4566 misit
979 4526 1088 4564 me.
1121 4506 1293 4578 (Joan.
1325 4523 1378 4576 v,
1413 4506 1624 4575 19-30.)

912 4626 1092 4671 ΝΟΤᾸΞ
1135 4625 1213 4668 ΕΤ
1255 4621 1784 4668 OBSERVATIONES.

601 4712 657 4764 In
687 4707 859 4764 veteri
887 4707 1087 4762 Codice
1116 4704 1207 4758 hic
1239 4704 1397 4758 deest
1417 4703 1637 4758 articuli
1663 4717 1955 4769 numerus,
1989 4715 2161 4771 quem

526 4803 788 4875 supplere
815 4801 997 4855 visum
1023 4803 1124 4853 est.
1157 4797 1439 4852 Articulus
1467 4800 1532 4851 73
1581 4801 1663 4850 est
1703 4795 1772 4848 de
1811 4792 2161 4864 depositione

526 4895 791 4970 episcopi.
825 4895 885 4948 In
912 4892 1248 4949 Mozarabico
1276 4891 1458 4945 missae
1485 4894 1615 4943 sunt
1655 4889 1823 4942 etiam
1857 4886 2160 4958 particula-

527 5009 616 5046 res
646 5006 748 5061 pro
767 4987 1036 5057 diaconis,
1060 4992 1182 5041 tum
1206 5004 1307 5058 pro
1334 4981 1688 5040 subdiaconis
1709 4979 1968 5035 mortuis.
1992 4980 2163 5034 Extra

529 5082 1025 5154 Quadragesimam
1041 5082 1280 5137 Alleluia
1310 5078 1514 5149 saepius
1531 5074 1804 5146 repetitur
1830 5073 1889 5128 in
1905 5073 2160 5142 lntroitu,

530 5181 586 5231 et
615 5181 742 5247 post
785 5175 1170 5247 Evangelium.
1210 5172 1424 5227 Deinde
1471 5169 1542 5224 ad
1577 5167 1920 5222 oblationem
1962 5166 2164 5221 dicitur

534 5273 694 5339 Kyrz'e
731 5271 943 5332 elcison,
994 5269 1202 5324 Christe
1249 5265 1464 5332 elcison,
1506 5264 1671 5332 Kyrie
1710 5261 1922 5324 eleison,
1959 5265 2164 5332 praeter

533 5379 768 5418 morem.
804 5361 1127 5433 Gregorius,
1160 5359 1219 5412 in
1248 5356 1503 5410 Historia:
1525 5355 1623 5410 lib.
1649 5371 1704 5408 ιν
1733 5371 1854 5426 cap.
1887 5358 1976 5424 31,
2009 5355 2166 5410 Cato-

533 5473 663 5511 nem
712 5450 1106 5528 presbyterum
1156 5455 1473 5505 Arvernum
1526 5448 1744 5516 laudat,
1795 5449 1892 5520 qui
1940 5449 2033 5503 lue
2083 5447 2165 5502 in-

534 5554 769 5619 gruente
790 5571 816 5599 «
837 5546 1115 5620 populum
1136 5541 1450 5612 sepelierat,
1473 5544 1530 5595 et
1551 5541 1746 5594 missas
1761 5541 1995 5596 viriliter
2014 5541 2164 5596 dixe-

531 5649 636 5698 rat.
673 5667 700 5692 »
733 5643 910 5708 Idem,
939 5639 998 5692 in
1027 5637 1124 5692 lib.
1158 5635 1228 5690 de
1254 5633 1442 5688 Gloria
1467 5633 1869 5704 confeSsorum,
1911 5652 2034 5707 cap.
2071 5639 2160 5704 65,

530 5735 646 5806 agit
673 5735 741 5790 de
771 5731 1030 5800 muliere,
1064 5745 1214 5802 qum,
1245 5732 1468 5783 mortuo
1494 5727 1696 5781 marito
1724 5744 1844 5798 suo,
1882 5749 1910 5776 «
1937 5746 2036 5800 per
2069 5745 2163 5782 an-

530 5845 670 5882 num
690 5827 976 5896 integrum
991 5823 1279 5878 celebrans
1294 5821 1544 5894 quotidie
1561 5822 1720 5876 missa
1730 5839 1856 5876 rum
1872 5823 2161 5890 solemnia,

531 5920 800 5975 offerebat
827 5917 1163 5974 oblationem
1191 5934 1293 5990 pro
1317 5915 1591 5973 memoria
1614 5916 1741 5985 viri,
1761 5931 1876 5970 non
1896 5915 2074 5971 difﬁsa
2095 5915 2163 5973 de

2226 2001 2388 2068 ptum
2417 2012 2430 2049 :
2461 1998 2587 2048 totae
2614 1993 2716 2046 uni
2741 2009 2809 2046 ex
2833 1991 3059 2045 famulis
3079 2007 3270 2044 cereos
3291 1989 3440 2062 ipsos
3455 1989 3622 2060 juxta
3643 1987 3894 2042 ordina-

2227 2089 2438 2142 tionem
2463 2087 2778 2141 tradebant.
2807 2085 2893 2139 Fit
2923 2084 3208 2139 contentio
3235 2083 3294 2137 in
3319 2082 3550 2154 populo.
3579 2080 3691 2135 Alii
3725 2080 3894 2134 dice-

2227 2183 2381 2250 bant,
2410 2197 2598 2235 cereos
2625 2179 2772 2250 ipsos
2801 2179 2860 2233 in
2889 2179 2936 2249 ej
2949 2195 3008 2232 us
3054 2182 3314 2231 sanctum
3353 2177 3680 2248 sepulcrum
3721 2173 3894 2228 mitti

2230 2275 2467 2342 debere;
2497 2273 2588 2327 alii
2619 2273 2878 2326 dicebant
2903 2287 3040 2326 non.
3073 2292 3098 2319 ››
3143 2271 3264 2324 Loti
3308 2275 3365 2324 et
3406 2268 3593 2324 vestiti
3627 2267 3893 2339 sepelie-

2229 2368 2454 2438 bantur,
2485 2383 2553 2421 ex
2582 2365 2795 2420 Sidonii
2825 2365 2922 2419 lib.
2953 2381 3010 2420 IlI
3037 2363 3277 2435 epistola
3305 2366 3358 2418 3.

2495 2475 2663 2528 LXXI.
2704 2490 2943 2528 LEGENDA
2983 2489 3034 2528 rs
3077 2488 3280 2527 NATALE
3318 2485 3587 2525 EPISCOPI.

2523 2556 2752 2619 Epistola
2784 2554 2927 2603 Pauli
2959 2553 3182 2617 apostoli
3217 2553 3283 2602 ad
3319 2552 3584 2602 Hebrmos.

2303 2634 2540 2700 Fratres,
2556 2647 2798 2701 regnum
2813 2631 3161 2684 immobilem
3183 2629 3577 2700 suscipientes,
3595 2627 3901 2682 habemus
3973 2669 3976 2672 ι

2236 2726 2495 2798 gratiam,
2511 2741 2801 2796 perquam
2816 2723 3124 2778 serviamus
3151 2723 3439 2794 placentes
3463 2723 3600 2791 Deo,
3629 2726 3766 2789 etc.,
3791 2738 3898 2776 us-

2234 2837 2334 2890 que
2359 2819 2516 2883 Quod
2544 2819 2760 2890 placeat
2791 2833 2979 2871 coram
3007 2833 3064 2871 se
3085 2833 3188 2887 per
3215 2819 3412 2871 Jesum
3443 2815 3761 2882 Christum,
3795 2816 3901 2870 cui

2238 2913 2414 2984 gloria
2449 2912 2510 2966 in
2549 2912 2754 2965 saecula
2797 2911 3154 2967 saeculorum.
3200 2911 3383 2978 (Hebr.
3430 2926 3526 2971 xu,
3567 2911 3662 2978 28,
3714 2924 3902 2980 usque

2239 3023 2352 3075 xm,
2381 3007 2494 3076 21.)

2385 3096 2558 3147 Lectio
2593 3098 2755 3146 sancti
2788 3096 3057 3160 Evangelii
3091 3095 3383 3145 secundum
3418 3095 3733 3144 Iohannem.

2311 3173 2516 3227 Diebus
2540 3173 2670 3240 illis,
2700 3173 2842 3226 dixit
2879 3172 3154 3227 Dominus
3190 3172 3348 3226 Jesus
3388 3169 3682 3242 discipulis
3722 3171 3852 3226 suis
3885 3188 3898 3225 ε

2240 3253 2440 3332 Amen,
2463 3282 2628 3320 amen
2657 3265 2780 3319 dico
2806 3265 2982 3334 vobis,
3012 3265 3112 3336 qui
3136 3281 3250 3318 non
3271 3263 3446 3317 intrat
3465 3279 3572 3334 per
3588 3263 3814 3318 ostium
3842 3266 3903 3318 in

2243 3360 2384 3415 ovile
2411 3358 2620 3428 ovium,
2651 3364 2782 3428 etc.,
2814 3375 2980 3429 usque
3008 3360 3194 3413 Unum
3222 3357 3366 3411 ovile
3392 3361 3449 3412 et
3476 3373 3628 3412 unus
3670 3362 3900 3428 pastor,

2244 3456 2416 3524 (Joan.
2444 3470 2498 3519 x,
2530 3454 2702 3524 1-16).

2481 3561 2677 3616 LXXII.
2721 3577 2844 3616 IIIS)!
2887 3577 2937 3615 IN
2982 3575 3182 3615 an.th
3223 3573 3628 3614 EPISCOPORCM.

2645 3642 2820 3692 Lectio
2855 3641 3130 3690 Ezechihel
3165 3640 3455 3704 prephette.

2314 3722 2584 3790 Tempore
2618 3717 2734 3786 illo,
2775 3717 2987 3771 factum
3024 3720 3108 3771 est
3144 3716 3379 3770 verbum
3410 3714 3640 3770 Domini
3665 3716 3744 3771 ad
3767 3718 3903 3773 Hie.-

2248 3813 2453 3868 zechiel
2482 3811 2691 3878 dicens,
2727 3811 2828 3864 Fili
2855 3809 3124 3877 hominis,
3153 3809 3432 3880 prepheta
3458 3809 3528 3863 de
3566 3811 3908 3878 pastoribus

2252 3906 2475 3971 Israhel,
2503 3909 2632 3973 etc.,
2662 3919 2828 3973 usque
2853 3905 3076 3956 Pascuae
3103 3918 3243 3955 meae
3269 3901 3536 3956 homines
3577 3902 3742 3969 estis,
3795 3921 3908 3975 ego

2249 3999 2518 4054 Dominus
2568 3999 2715 4051 Deus
2761 4001 2963 4062 vester,
3011 3995 3149 4050 dicit
3191 3995 3464 4050 Dominus
3509 3995 3904 4053 exercituum.

2252 4093 2458 4162 (Ezech.
2490 4107 2670 4158 xxxn',
2705 4091 2880 4160 1-31.)

2479 4183 2709 4247 Epistola
2740 4181 2878 4231 beati
2929 4180 3070 4231 Petri
3103 4180 3324 4244 apostoli
3357 4180 3424 4231 ad
3457 4185 3665 4242 gentes.

2326 4255 2518 4330 166
2564 4257 2892 4311 Benedictus
2935 4257 3079 4310 Deus
3122 4260 3178 4310 et
3224 4257 3389 4310 Pater
3435 4257 3668 4311 Domini
3717 4260 3912 4315 nostri

2253 4355 2379 4407 Jesu
2400 4352 2638 4420 Christi,
2669 4351 2769 4422 qui
2810 4350 3121 4405 secundum
3151 4365 3419 4420 magnam
3446 4350 3912 4408 misericordiam

2254 4462 2412 4500 suam
2439 4443 2793 4516 regeneravit
2817 4459 2919 4497 nos
2946 4443 3006 4497 in
3033 4459 3194 4514 spem
3221 4443 3374 4510 vitae,
3402 4448 3534 4511 etc.,
3562 4459 3737 4513 usque
3776 4447 3913 4501 Per-

2255 4539 2470 4610 cipietis
2499 4537 3016 4591 immarciscibilem
3048 4536 3243 4608 gloriae
3271 4552 3541 4590 coronam
3573 4553 3680 4607 per
3705 4539 3910 4594 Jesum

2174 4613 2232 4684 D
2254 4632 2540 4686 Christum
2567 4630 2877 4686 Dominum
2902 4634 3184 4685 nostrum.
3217 4630 3261 4698 (I
3287 4633 3432 4684 Petr.
3459 4646 3500 4698 ι,
3525 4633 3688 4686 3-25.
3723 4635 3912 4688 TumI

2261 4727 2402 4780 Pelr.
2433 4742 2486 4780 v.
2519 4725 2635 4780 1-4.

2394 4742 2466 4780 .v
2519 4725 2635 4780 1-4.

2394 4767 2570 4866 Lectio
2602 4725 2770 4864 saincti
2802 4815 3072 4877 Evangelii
3105 4816 3397 4866 secundum
3431 4816 3758 4867 Matthmum.

2329 4893 2533 4947 Diebus
2561 4891 2689 4960 illis,
2718 4891 2798 4946 ait
2823 4891 3093 4945 Dominus
3122 4893 3280 4946 Jesus
3310 4891 3605 4962 discipulis
3621 4895 3742 4948 suis
3767 4911 3784 4950 :
3810 4897 3916 4950 Vos

2262 4985 2393 5040 estis
2420 4985 2497 5037 sal
2526 4987 2714 5052 terrae,
2745 4989 2875 5053 etc.,
2904 4999 3070 5054 usque
3095 4984 3192 5038 llic
3217 5000 3466 5056 magnus
3511 4986 3814 5042 vocabitur
3858 4991 3914 5044 in

2263 5095 2440 5148 regno
2465 5077 2753 5132 coelerum.
2787 5077 3005 5146 (Matth.
3035 5093 3090 5146 ν,
3123 5079 3336 5147 13-19.)

2649 5189 2828 5232 NOTAE
2869 5189 2946 5232 ET
2989 5189 3067 5234 ΟΒ
3075 5189 3418 5234 SERVATION
3427 5191 3524 5234 ES.

2335 5263 2523 5318 Natale
2552 5263 2798 5335 episcopi
2825 5268 2908 5318 est
2935 5264 3354 5320 anniversarius
3383 5265 3507 5335 ejus
3537 5270 3913 5325 consecratio-

2264 5357 2350 5411 nis
2377 5357 2514 5411 dies.
2546 5357 2848 5428 Gregorius
2874 5358 3214 5413 Turonensis
3243 5358 3542 5430 episcopus
3582 5360 3696 5416 hoc
3745 5379 3913 5418 sensu

2263 5451 2505 5504 natalem
2531 5450 2884 5522 episcopatus
2914 5451 3092 5506 sancti
3120 5451 3347 5506 Martini
3373 5453 3627 5524 appellat
3652 5456 3716 5512 in
3751 5456 3854 5513 lib.
3896 5474 3911 5512 ι

2265 5544 2332 5598 de
2359 5543 2634 5598 Miraculis
2659 5544 2836 5599 sancti
2866 5544 3090 5599 Martini
3111 5561 3234 5616 cap.
3263 5547 3296 5599 6
3322 5561 3336 5600 :
3367 5565 3394 5594 «
3419 5545 3618 5602 Sciatis
3636 5550 3777 5621 quia
3792 5555 3911 5623 post

2264 5637 2370 5692 hoc
2394 5637 2649 5692 triduum
2679 5637 2879 5694 natalis
2906 5637 3261 5710 episcopatus
3290 5639 3414 5710 ejus
3450 5655 3569 5695 esse
3597 5657 3907 5700 consueve-

2265 5734 2368 5784 rat.
2399 5753 2426 5780 ››
2456 5731 2537 5786 Ad
2565 5747 2696 5786 eum
2725 5731 2962 5786 modum
2986 5731 3188 5786 natalis
3215 5733 3520 5803 cathedrae,
3549 5739 3763 5794 natalis
3782 5739 3906 5794 cali-

2264 5824 2339 5876 cis
2391 5824 2448 5877 in
2494 5825 2723 5878 vetustis
2773 5824 3116 5879 Kalendariis
3183 5826 3527 5896 appellatur.
3606 5831 3704 5888 Sic
3770 5833 3908 5887 infra

2264 5916 2446 5972 natale
2476 5917 2720 5974 ecclesiae
2751 5934 2854 5992 pro
2882 5917 3266 5975 anniversario
3297 5919 3703 5980 dedicationis.
3737 5926 3906 5993 Quili-
