3976 6420
136 395 226 443 213

1212 399 1296 452 DE
1340 391 1648 455 LITL'RGIA
1687 402 2054 459 GALLICANA
2097 406 2288 460 LIBER
2331 408 2391 460 ll.

3373 413 3472 464 2H

131 495 213 550 bet
247 494 505 594 episcopi
545 497 1002 594 anniversarium
1041 503 1412 560 ordinationis
1450 524 1565 562 suae
1605 509 1758 565 diem
1779 509 2278 594 AHierusolymis,
2326 517 2381 568 et
2406 511 2586 569 hiems
2627 518 2767 582 erat,
2808 517 2913 572 etc.
2967 515 3140 587 (Joan.
3181 534 3235 587 x,
3267 519 3468 589 22-28).

130 588 416 660 quotannis
445 592 803 663 recolebant,
831 601 887 650 et
912 612 1235 652 sermonem
1282 599 1416 669 ipsis
1453 600 1647 655 diebus
1688 604 1758 658 ad

131 681 387 752 populum
413 681 734 740 habebant.
783 689 974 760 Exstat
1009 691 1244 745 Ennodii
1287 692 1456 745 dictio
1499 693 1560 748 in
1589 696 1756 751 natali

131 775 397 827 Laurentii
431 776 874 834 Mediolanensis
911 782 1177 853 episcopi,
1217 784 1313 837 ubi
1339 786 1607 854 praeclara
1637 788 1757 842 haec

129 866 278 919 verba
317 883 329 920 :
369 885 396 918 «
443 868 574 923 Tibi
621 886 762 942 ergo
797 873 1034 929 debetur
1063 876 1468 932 venerabilium
1495 880 1757 946 fcustodia

127 974 416 1027 canonum,
449 984 478 1010 ››
505 965 619 1017 etc.

269 1072 487 1128 LXXIII.
532 1090 789 1130 LEGENDA
830 1094 884 1130 IN
926 1093 1268 1134 nsposmoxa
1310 1097 1560 1138 EPISCOPI.

600 1167 776 1217 Lectio
802 1169 963 1219 Esaiae
987 1171 1277 1235 prophetae.

186 1249 308 1302 Haec
329 1249 468 1304 dicit
494 1252 783 1306 Dominus
814 1273 827 1308 :
851 1255 1079 1324 Aperite
1099 1261 1307 1326 portas,
1331 1261 1387 1312 et
1405 1257 1755 1329 ingrediatur

127 1357 251 1411 gens
273 1342 450 1412 justa,
482 1349 628 1411 etc.,
657 1361 828 1415 usque
857 1347 1041 1402 Donec
1071 1353 1392 1418 petranseat
1419 1350 1750 1424 indignatio,

126 1434 192 1489 ait
213 1434 485 1490 Dominus
517 1438 695 1493 Deus.
731 1439 859 1507 (Isa.
889 1457 1035 1507 xxvr,
1063 1443 1239 1512 2-20.)

377 1528 628 1592 Epistola
657 1531 804 1580 Pauli
832 1531 1056 1595 apostoli
1081 1533 1146 1582 ad
1169 1534 1478 1585 Corinthios.

185 1613 388 1666 Notum
417 1619 627 1668 autem
657 1616 816 1671 vobis
837 1617 1093 1683 facimus,
1121 1618 1343 1686 fratres,
1365 1620 1748 1691 Evangelium,

124 1707 259 1775 quod
285 1707 603 1777 praedicavi
630 1709 810 1776 vobis,
842 1715 970 1778 etc.,
1005 1727 1173 1780 usque
1222 1714 1300 1766 Ita
1343 1717 1398 1768 et
1435 1713 1495 1767 in
1538 1713 1753 1768 Christo

125 1814 302 1853 omnes
339 1799 808 1856 viviﬁcabuntur.
837 1802 886 1873 (Ι
907 1803 1024 1858 Cor.
1059 1821 1146 1874 xv,
1184 1805 1356 1876 1-22.)

254 1892 426 1941 Lectio
462 1893 643 1942 sancti
677 1895 947 1957 Evangelii
980 1896 1269 1945 secundum
1304 1897 1602 1946 Iohannem.

190 1973 367 2047 167
402 1977 626 2032 Diebus
657 1978 786 2048 illis,
816 1978 958 2034 dixit
985 1981 1259 2035 Dominus
1287 1982 1444 2036 Jesus
1470 1981 1753 2052 discipulis

124 2068 223 2122 suis
249 2085 262 2120 :
295 2072 412 2140 Ego
444 2087 583 2124 sum
618 2072 782 2142 panis
806 2072 956 2142 vitae,
999 2078 1128 2142 etc.,
1160 2089 1328 2143 usque
1354 2074 1754 2128 Honoriﬁcabit

125 2178 241 2217 eum
268 2165 431 2218 Pater
450 2179 628 2219 meus
659 2165 758 2236 qui
786 2171 870 2220 est
904 2166 963 2220 in
1001 2166 1170 2222 caelis.
1211 2166 1384 2235 (Joan,
1423 2183 1498 2236 v1,
1537 2167 1750 2238 49-59.)

729 2276 1116 2322 OBSERVATIO
1127 2306 1138 2318 .

193 2356 246 2407 In
274 2354 638 2426 depositione
666 2372 766 2410 seu
803 2356 958 2410 obitu
999 2355 1386 2427 episc0porum
1427 2357 1565 2429 quid
1600 2357 1750 2428 apud

133 2449 295 2502 Gallos
319 2448 500 2515 ﬁeret,
535 2449 710 2503 docet
733 2465 839 2502 nos
865 2449 1167 2520 Gregorius
1190 2450 1248 2502 in
1271 2449 1368 2504 lib.
1393 2450 1462 2504 de
1488 2449 1622 2504 Vitis
1647 2452 1745 2504 Pa-

137 2549 266 2596 trum
298 2559 416 2613 cap.
453 2545 506 2610 6,
543 2541 652 2595 ubi
677 2542 746 2596 de
774 2541 926 2596 Gallo
951 2541 1213 2612 episcopo
1238 2544 1574 2597 Arvernensi
1606 2561 1619 2596 :
1653 2541 1751 2614 qui

136 2641 388 2705 mortuus,
421 2657 449 2685 α
477 2634 717 2689 ablutus
735 2639 903 2705 atque
926 2634 1153 2689 vestitus
1172 2634 1231 2688 in
1254 2635 1544 2690 ecclesiam
1567 2636 1746 2690 defer-

136 2734 232 2794 tur,
254 2729 424 2783 donec
445 2726 965 2798 comprovinciales
983 2727 1054 2781 ad
1074 2742 1204 2780 eum
1223 2728 1604 2798 sepeliendum
1624 2745 1751 2782 con-

139 2825 438 2878 venirent...
464 2821 662 2878 Jacuit
691 2823 883 2874 autem
908 2821 968 2874 in
999 2819 1230 2875 ecclesia
1268 2819 1478 2890 triduo,
1528 2820 1749 2874 assiduo

137 2917 353 2971 instante
365 2913 694 2987 psallentio,
711 2929 840 2966 cum
854 2929 1062 2984 magna
1073 2913 1388 2982 frequentia
1399 2913 1612 2984 populi.
1628 2914 1751 2983 Epi-

139 3010 296 3080 scopis
325 3012 517 3064 autem
547 3009 764 3078 quarta
790 3005 879 3060 die
904 3004 1350 3074 advenientibus,
1393 3022 1524 3060 eum
1562 3006 1631 3059 de
1659 3021 1746 3059 ec-

139 3103 284 3156 clesia
327 3103 698 3167 levaverunt;
731 3102 789 3153 et
826 3101 1116 3169 portantes
1149 3097 1209 3152 in
1249 3098 1423 3152 sancti
1463 3098 1748 3153 Laurentii

1771 1904 1827 1974 B

1862 605 2010 670 Tum,
2040 611 2409 676 consequenter
2426 611 2551 663 Luc.
2582 624 2696 678 xxx,
2722 612 2872 664 I-IO.

2104 726 2288 782 LXXV.
2329 744 2569 782 LEGENDA
2611 745 2665 782 IN
2703 744 2907 783 NATALE
2945 746 3216 786 ECCLESIE.

2320 820 2494 869 Lectio
2526 820 2666 870 Isaiae
2689 821 2975 884 prOphetae.

1925 901 2127 970 Lauda,
2158 904 2379 970 sterilis,
2429 921 2555 975 quae
2601 922 2715 959 non
2756 905 2924 976 paris.
2955 909 3063 961 Ista
3077 907 3196 975 jam
3228 911 3470 978 superius

1854 994 1909 1046 in
1929 995 2131 1062 vigiliis
2145 998 2360 1053 Natalis
2384 999 2599 1052 Domini
2617 999 2814 1053 scribta
2833 1003 2927 1054 est.
2959 998 3060 1067 (Ita
3084 1003 3230 1055 vetus
3251 1000 3467 1071 Codem.)

2154 1104 2378 1168 Epistola
2401 1106 2544 1156 Pauli
2566 1107 2784 1170 apostoli
2808 1109 2873 1157 ad
2899 1108 3161 1172 Ephesios.

1923 1196 2161 1263 Fratres,
2198 1199 2372 1267 gratia
2403 1201 2558 1254 enim
2581 1202 2711 1256 estis
2737 1202 2929 1255 salvati
2958 1219 3062 1273 per
3101 1201 3290 1270 ﬁdem,
3337 1206 3464 1269 etc.,

1852 1304 2016 1358 usque
2047 1290 2479 1346 Coaediﬁcamini
2515 1294 2575 1348 in
2608 1294 2989 1349 habitaculum
3023 1295 3118 1349 Dei
3161 1295 3219 1348 in
3259 1294 3467 1365 Spiritu

1853 1384 2060 1436 sancto.
2093 1382 2303 1452 (Ephes.
2335 1401 2394 1453 II,
2423 1387 2598 1456 8-22.)

2019 1493 2191 1542 Lectio
2215 1495 2378 1544 sancti
2395 1496 2659 1559 Evangelii
2681 1497 2966 1547 secundum
2990 1497 3297 1547 Matthmum.

1921 1587 2124 1642 Diebus
2149 1589 2257 1642 illis
2285 1606 2414 1644 cum
2440 1590 2722 1646 introisset
2750 1592 3016 1645 Dominus
3040 1593 3194 1646 Jesus
3219 1592 3468 1644 Hieroso-

1850 1680 2079 1750 lymam,
2104 1687 2382 1736 commota
2425 1687 2508 1737 est
2535 1683 2795 1738 universa
2823 1684 3029 1752 civitas,
3059 1688 3186 1752 etc.,
3218 1699 3383 1753 usque
3409 1684 3468 1738 In

1850 1769 2196 1838 Bethaniam,
2226 1770 2414 1841 ibique
2440 1771 2664 1826 mansit.
2699 1771 2913 1839 (Matth.
2948 1789 3059 1840 xxx,
3095 1773 3266 1841 10-7.)

2041 1888 2249 1942 LXXVI.
2291 1905 2532 1943 LEGENDA
2572 1906 2626 1944 IN
2663 1906 2954 1944 VELATIONE
2993 1906 3268 1946 vmcmnu.

2336 1981 2507 2029 Lectio
2533 1981 2673 2030 Isaia:
2698 1982 2982 2045 prOphetaa.

1923 2072 2176 2126 Gaudens
2213 2073 2466 2143 gaudebo
2504 2073 2563 2127 in
2601 2074 2860 2141 Domino,
2895 2078 2948 2128 et
2987 2073 3259 2128 exultabit
3284 2075 3470 2127 anima

1850 2179 1975 2218 mea
1990 2164 2050 2218 in
2070 2165 2180 2218 Deo
2206 2181 2352 2234 meo,
2381 2169 2510 2232 etc.,
2538 2180 2700 2235 usque
2726 2167 2909 2220 Donec
2928 2170 3102 2236 ponat
3127 2166 3471 2221 Hierusalem

1849 2256 2072 2310 laudem
2117 2257 2175 2310 in
2218 2262 2386 2328 terra,
2427 2257 2505 2312 ait
2558 2258 2826 2312 Dominus
2875 2259 3039 2312 Deus.
3091 2257 3214 2326 (Isa.
3265 2261 3469 2327 in,10

1849 2364 2014 2417 usque
2041 2365 2167 2418 LxII,
2198 2350 2272 2419 7.)

1920 2443 2179 2496 Lectiones
2192 2441 2256 2495 de
2273 2443 2530 2510 Apostulo
2544 2447 2593 2496 et
2615 2442 2679 2496 de
2688 2443 2982 2510 Evangelio
2999 2445 3208 2511 require
3226 2445 3469 2513 superius

1849 2533 1922 2586 ad
1942 2535 2291 2600 festivitatem
2315 2538 2511 2588 sancta
2536 2535 2818 2588 Μαι-ἰλυυεὶ
2842 2538 3036 2590 sancta
3053 2535 3333 2590 Genovevae
3358 2536 3464 2590 vir-

1850 2628 2007 2695 ginis.
2039 2625 2141 2694 (Ita
2171 2630 2318 2680 vetus
2347 2627 2561 2696 Codex.)

1932 2735 2168 2799 LXXVII.
2209 2761 2322 2799 nec
2360 2762 2541 2800 LECTIO
2593 2761 2854 2814 LEGENDA,
2894 2761 3108 2806 QUANDO
3155 2763 3380 2802 EPISCOPI

1972 2841 2269 2880 PREDICARE
2307 2841 2526 2893 DEBENT,
2569 2841 2634 2879 UT
2672 2841 2824 2878 PLEBS
2862 2841 3085 2878 DECIMAS
3122 2841 3342 2879 REDDAT.

2301 2921 2474 2971 Lectio
2505 2920 2767 2971 Malachise
2793 2922 3078 2985 prophetae.

1921 3016 1968 3088 1
1986 3015 2109 3088 69
2139 3017 2264 3069 Haec
2291 3015 2423 3070 dicit
2441 3016 2714 3070 Dominus
2741 3035 2754 3071 :
2786 3016 2958 3070 Filius
2976 3017 3465 3087 honoratpatrem,

1850 3114 1904 3164 et
1930 3125 2118 3163 servus
2154 3108 2455 3162 Dominum
2490 3124 2676 3178 suum,
2722 3113 2850 3178 etc.,
2878 3125 3042 3179 usque
3072 3111 3334 3179 Magnum
3361 3125 3467 3164 no-

139 3195 419 3262 basilicam,
450 3194 532 3248 ibi
555 3191 866 3263 sepeliunt.
897 3192 1019 3246 Jam
1045 3205 1176 3244 vero
1214 3190 1274 3244 in
1316 3191 1592 3261 exsequiis
1629 3192 1749 3262 ejus

1867 3223 1982 3260 nen
2015 3222 2205 3260 meum
2237 3207 2295 3260 in
2322 3206 2604 3276 gentibus,
2636 3205 2770 3260 dicit
2797 3206 3069 3260 Dominus
3095 3206 3464 3264 exercituum.

141 3293 358 3359 quantus
371 3258 662 3358 planctus,
686 3283 887 3356 quanti
906 3282 1102 3355 populi
1119 3283 1368 3350 adfuere,
1395 3258 1645 3338 enarrari
1657 3258 1750 3338 vix

1873 3258 2172 3368 magis,
2203 3258 2370 3369 δ-ιιῗ)

141 3385 319 3452 potest.
332 3380 597 3436 Mulieres
617 3393 748 3432 cum
758 3376 1098 3448 lugubribus
1117 3375 1463 3431 indumentis
1481 3379 1752 3447 tanquam

140 3474 177 3526 si
198 3473 330 3528 viros
356 3473 778 3544 perdidissent;
809 3470 1068 3524 similiter
1095 3473 1150 3524 et
1176 3470 1278 3524 viri
1305 3469 1523 3523 obtecto
1548 3470 1748 3540 capite,

142 3571 192 3621 ut
215 3566 266 3620 in
291 3565 545 3638 exequiis
562 3579 823 3618 uxorum
859 3579 983 3616 mos
1022 3567 1106 3617 est
1118 3581 1134 3631 ;
1175 3561 1281 3632 ipsi
1319 3578 1543 3633 quoque
1577 3563 1752 3617 Judaei

142 3659 358 3714 accensis
378 3657 745 3728 lampadibus
763 3655 1085 3726 plangendo
1106 3655 1656 3726 prosequebantur...
1688 3656 1753 3709 Et

143 3753 273 3823 quia,
301 3757 363 3807 ut
388 3751 665 3816 diximus,
694 3747 1066 3820 provinciales
1099 3748 1266 3818 longe
1303 3747 1601 3815 distabant,
1648 3763 1752 3801 nec

143 3845 352 3899 celerius
370 3844 565 3899 venire
587 3844 888 3914 poterant;
912 3845 976 3894 ut
993 3857 1114 3894 mos
1127 3840 1470 3895 rusticorum
1490 3840 1748 3910 habetur,

146 3937 341 4008 glebam
367 3953 538 4008 super
566 3936 806 3990 beatum
835 3949 1037 4005 corpus
1055 3948 1292 4004 posuere
1313 3933 1523 4002 fideles,
1547 3949 1658 4004 quo
1681 3933 1749 3986 ab

147 4035 269 4084 aestu
294 4048 408 4085 non
436 4030 873 4085 intumesceret.
904 4047 931 4078 »
976 4027 1130 4080 Idem
1168 4025 1375 4080 factum
1405 4025 1465 4079 in
1502 4030 1749 4080 sanctam

146 4123 548 4195 Radegundem.
575 4119 743 4185 Quod
770 4118 848 4173 ait
873 4118 1194 4198 Gregorius,
1225 4119 1375 4172 viros
1393 4122 1541 4172 tecto
1573 4117 1749 4188 capite

145 4218 193 4269 in
225 4217 352 4270 Galli
386 4213 678 4286 exsequiis
711 4211 1038 4283 processise,
1079 4211 1135 4265 id
1181 4211 1350 4265 etiam
1378 4227 1529 4264 nunc
1559 4211 1746 4265 obser-

142 4315 284 4364 vatur
311 4310 368 4364 in
408 4310 614 4364 funere
659 4321 866 4376 regum
902 4307 1229 4359 nostrorum
1258 4321 1321 4358 ac
1349 4303 1670 4374 principum
1689 4304 1750 4357 in

144 4403 350 4457 ecclesia
369 4402 736 4473 Dionysiana.
758 4398 1041 4452 Caeterum
1060 4396 1306 4467 episcopi
1321 4413 1434 4450 non
1456 4396 1565 4450 alio
1584 4395 1749 4450 modo

142 4512 292 4566 quam
316 4496 436 4552 laici
461 4497 522 4550 in
549 4492 776 4549 tumulo
807 4490 1310 4560 componebantur,
1348 4489 1405 4544 id
1443 4492 1525 4544 est
1556 4505 1750 4543 omnes

141 4588 351 4658 pedibus
374 4589 445 4643 ad
476 4587 775 4643 Orientem
799 4582 1102 4649 conversis,
1133 4582 1394 4653 exemplo
1417 4581 1621 4637 Christi
1646 4583 1750 4636 Do-

142 4680 282 4749 mini,
308 4682 466 4753 cujus
491 4695 706 4752 corpus
731 4678 792 4732 in
817 4675 1076 4747 sepulcro
1111 4675 1217 4729 hoc
1260 4676 1428 4729 modo
1467 4675 1746 4746 composi-

142 4778 246 4828 tum
280 4774 402 4842 fuit,
437 4779 504 4829 ut
526 4773 738 4845 probat
766 4767 1054 4825 Haimonis
1073 4768 1303 4836 homilia
1331 4770 1391 4824 in
1416 4768 1601 4839 vigilia
1629 4769 1750 4821 Pas-

142 4866 263 4937 cha,
291 4873 344 4924 et
373 4868 654 4924 Baronius
680 4866 751 4920 ad
779 4881 994 4920 annum
1024 4865 1112 4921 34.

454 4979 677 5034 LXXIV.
710 4993 952 5031 LEGENDA
980 4993 1035 5030 IN
1061 4991 1430 5030 DEDICATIONE.

634 5068 810 5118 Lectio
848 5067 969 5117 libri
1004 5067 1235 5138 Genesis.

201 5156 459 5227 Tempore
485 5156 602 5224 illo,
627 5169 885 5226 egressus
911 5152 1078 5207 Jacob
1104 5152 1173 5206 de
1197 5151 1465 5206 Bersabee
1481 5151 1751 5223 pergebat

147 5247 326 5317 Haran,
347 5255 476 5319 etc.,
505 5263 679 5319 usque
695 5247 946 5302 Decimas
973 5244 1205 5301 offeram
1230 5244 1352 5300 tibi.
1383 5243 1530 5314 (Gen.
1556 5261 1744 5315 xxvm,

150 5343 334 5412 14-22.)

388 5435 624 5501 Epistola
648 5433 793 5484 Pauli
821 5431 1041 5498 apostoli
1066 5431 1130 5481 ad
1157 5429 1465 5482 Corinthios.

206 5519 431 5590 Fratres,
464 5520 567 5576 Dei
597 5520 754 5575 enim
782 5534 979 5573 sumus
1017 5516 1322 5587 adjutores,
1361 5531 1456 5569 vos
1500 5516 1746 5587 agricul-

151 5613 260 5665 tura
285 5613 431 5683 estis,
471 5617 609 5682 etc.,
644 5627 810 5682 usque
833 5610 1134 5682 Templum
1177 5608 1330 5664 enim
1369 5608 1468 5662 Dei
1492 5612 1747 5665 sanctum

151 5712 238 5777 est,
257 5711 400 5781 quod
417 5711 551 5766 estis
571 5725 691 5764 vos.
721 5709 769 5779 (I
790 5711 908 5765 Cor.
939 5725 1020 5776 ιιι,
1050 5707 1227 5776 9-17.)

289 5807 457 5880 Lectio
480 5806 654 5858 sancti
679 5805 948 5868 Evangelii
975 5803 1262 5853 secundum
1289 5801 1589 5851 Iohannem.

217 5889 392 5966 168
421 5893 630 5949 Diebus
671 5891 778 5946 illis
823 5890 966 5945 facta
1006 5893 1139 5944 sunt
1173 5892 1362 5943 autem
1405 5887 1652 5944 encaenia
1693 5886 1750 5945 in

2126 3407 2351 3472 Epistola
2378 3408 2518 3456 Pauli
2546 3407 2766 3471 apostoli
2790 3408 2853 3457 ad
2877 3407 3188 3458 Corinthios.

1922 3507 2161 3572 Fratres,
2181 3506 2306 3576 quis
2322 3505 2527 3559 militat
2550 3505 2666 3559 suis
2697 3505 2985 3576 stipendiis
3014 3523 3261 3577 unquam
3277 3509 3304 3561 ?
3334 3511 3465 3574 etc.,

1849 3615 2014 3668 usque
2041 3599 2118 3653 Ne
2144 3599 2296 3668 quod
2323 3597 2722 3652 olfendiculum
2749 3598 2947 3652 demus
2976 3599 3276 3669 Evangelia
3301 3598 3464 3654 Chri-

1849 3691 1939 3745 sti.
1970 3692 2016 3760 (I
2044 3694 2162 3748 Cor.
2192 3707 2264 3758 Ix,
2299 3691 2476 3760 7-12.)

2054 3800 2226 3850 Lectio
2257 3799 2422 3850 sancti
2446 3798 2710 3862 Evangelii
2735 3799 3022 3848 secundum
3050 3802 3256 3850 Lucam.

1918 3901 2189 3970 Tempore
2210 3899 2322 3966 illo,
2349 3898 2612 3953 audiente
2640 3897 2873 3951 Domino
2897 3899 3026 3952 Jesu
3054 3898 3208 3952 omni
3233 3899 3463 3970 populo,

1849 3991 1990 4046 dixit
2030 3991 2315 4062 discipulis
2342 3991 2456 4044 suis
2490 4009 2502 4045 :
2533 3990 2828 4044 Adtendite
2865 3991 2935 4044 ad
2975 3991 3196 4057 Scribis,
3235 3992 3333 4063 qui
3367 4008 3462 4045 vo-

1846 4086 1972 4140 lunt
1995 4085 2282 4138 ambulare
2306 4083 2365 4137 in
2391 4083 2554 4136 scolis
2595 4083 2725 4152 (sic),
2757 4087 2860 4137 etc.
2894 4084 3039 4151 (Luc.
3071 4101 3156 4153 xx,
3187 4085 3274 4154 45,
3303 4100 3467 4156 usque

1849 4195 1956 4247 XXI,
1985 4178 2055 4247 4).
2089 4181 2220 4232 Tum
2248 4180 2618 4246 conseque-nter
2643 4177 2838 4230 Matth.
2869 4193 2941 4244 γι,
2969 4178 3091 4232 2-4.

2217 4314 2395 4360 ΝΟΤΔΕ
2437 4315 2513 4357 ΕΤ
2556 4314 3088 4359 OBSERVATIONES.

1919 4407 2313 4462 Observatione
2335 4406 2505 4477 digna
2523 4410 2605 4461 est
2623 4407 2746 4460 haec
2767 4407 2953 4472 missa,
2977 4407 3200 4478 quando
3215 4409 3464 4481 episcopi

1848 4500 2151 4571 praedicare
2174 4498 2397 4566 debent,
2427 4502 2490 4552 ut
2508 4498 2668 4570 plebs
2694 4498 2936 4552 decimas
2960 4499 3175 4554 reddat.
3209 4501 3338 4570 Ejus
3361 4518 3458 4572 ge-

1848 4593 1995 4647 neris
2025 4597 2106 4646 est
2139 4607 2322 4645 sermo
2363 4594 2464 4644 277
2504 4590 2562 4644 in
2604 4607 2747 4644 nova
2783 4591 3092 4661 appendice
3132 4608 3461 4650 sermonum

1849 4686 2025 4739 sancti
2069 4682 2394 4755 Augustini,
2449 4684 2689 4738 Caesario
2742 4682 3035 4754 ascriptus.
3092 4685 3324 4740 Habitus
3381 4693 3464 4743 est

1847 4777 2014 4848 paulo
2057 4782 2187 4830 ante
2229 4775 2578 4831 nativitatem
2617 4776 2792 4830 sancti
2826 4777 3050 4831 Joannis
3079 4778 3361 4848 Baptistae,
3394 4796 3462 4834 ex

1847 4886 2006 4925 num.
2049 4871 2101 4924 4.
2133 4869 2346 4932 Quibus
2385 4885 2454 4923 ex
2497 4870 2664 4924 rebus
2705 4870 2976 4924 darentur
3015 4870 3264 4939 decimae,
3310 4876 3463 4942 patet

1848 4979 1916 5017 ex
1941 4978 2101 5016 num.
2136 4966 2156 5015 1
2194 4978 2208 5015 :
2244 4984 2270 5012 «
2302 4962 2542 5016 Decimae
2559 4963 2767 5018 tributa
2794 4967 2924 5017 sunt
2938 4962 3229 5034 egentium
3253 4965 3461 5019 anima-

1849 5072 1994 5109 rum.
2026 5054 2214 5109 Redde
2236 5071 2370 5125 ergo
2397 5055 2606 5110 tributa
2634 5055 2994 5127 pauperibus,
3032 5055 3169 5110 offer
3197 5055 3462 5113 libamina

1847 5147 2248 5202 sacerdotibus.
2278 5148 2434 5210 Quod
2460 5148 2505 5201 si
2545 5148 2788 5202 decimas
2817 5165 2931 5202 non
2967 5148 3138 5203 habes
3174 5149 3462 5206 fructuum

1847 5245 2222 5305 terrenorum,
2264 5240 2415 5310 quod
2456 5239 2625 5295 habet
2671 5241 2934 5310 agricola,
2973 5241 3366 5314 quodcumque
3409 5249 3462 5299 te

1847 5333 2021 5405 pascit
2065 5332 2362 5402 ingenium
2401 5333 2496 5388 Dei
2534 5337 2616 5394 est
2648 5349 2661 5387 :
2703 5338 2758 5386 et
2797 5333 2926 5388 inde
2971 5335 3187 5389 decima
3231 5338 3458 5408 expetit,

1847 5427 1997 5480 unde
2032 5425 2188 5480 vivis.
2213 5426 2287 5480 De
2315 5425 2537 5495 militia,
2559 5426 2627 5480 de
2654 5426 2902 5496 negotio,
2935 5427 3004 5480 de
3033 5427 3268 5483 artiﬁcio
3295 5430 3464 5485 redde

1847 5519 2108 5574 decimas.
2141 5541 2168 5568 ››
2197 5520 2313 5573 Huc
2352 5521 2607 5590 spectant
2634 5519 2864 5590 epistola
2893 5519 3282 5592 episcoporum
3329 5538 3458 5593 pro-

1847 5611 2042 5666 vincia
2067 5613 2356 5667 Turonicae
2405 5611 2472 5665 ad
2499 5612 2743 5683 plebem,
2773 5612 2980 5683 scripta
3016 5613 3075 5666 in
3100 5613 3336 5667 concilio
3359 5614 3461 5667 Tu-

1850 5705 2077 5761 ronensi
2104 5721 2161 5775 ιι,
2190 5709 2246 5760 et
2273 5721 2450 5760 canon
2484 5705 2713 5776 quintus
2740 5705 2934 5778 synodi
2966 5721 3004 5761 ιι
3030 5703 3455 5760 Matisconensis.

1848 5797 2049 5852 Confer
2072 5797 2334 5868 Cypriani
2364 5798 2570 5852 librum
2603 5799 2670 5854 de
2699 5798 2887 5870 Lapsis
2909 5796 3164 5852 editionis
3183 5793 3455 5849 Oxonien-

1850 5890 1945 5961 sis,
1975 5889 2080 5944 sub
2103 5889 2275 5947 ﬁnem
2303 5890 2451 5945 libri.
