3976 6430
348 963 356 973 ’
459 962 741 1035 nipotens.
773 963 982 1033 (Ezech.
1007 979 1150 1032 xuv,
1177 966 1261 1032 15,
1293 963 1401 1032 16.)

461 397 566 454 215
796 397 1125 454 ΑΡΡΕΝΒΙΧ
1161 397 1247 452 ΑΙ)
1283 395 1504 452 OPERA
1543 396 1776 452 SANCTI
1811 394 2088 451 GERMAN

2260 396 2572 452 tlSlENSlS.
2613 395 2700 450 DE
2738 393 3003 450 LITURG.
3043 394 3193 449 GAL.
3236 393 3362 449 LIB.
3404 392 3470 448 II.
3727 391 3846 447 216

546 505 808 564 LXXVIII.
849 521 1090 562 LEGENDA
1131 519 1347 568 QUANDO
1386 519 1650 562 nucouus
1689 518 2014 560 onmmrua.
2105 514 2164 586 Α
2184 505 2299 560 suis
2331 521 2346 560 :
2377 503 2510 569 Quis
2538 507 2703 575 putas
2733 506 2814 558 est
2843 499 3026 558 fidelis
3054 501 3411 572 dispensator
3447 502 3505 554 et
3548 497 3847 570 prudens,

865 597 1042 648 Lectio
1077 595 1353 647 Ezechihel
1379 597 1667 662 propheta.
2187 603 2317 666 etc.,
2363 613 2528 668 usque
2568 597 2752 668 Supra
2795 595 2986 650 omnia
3024 609 3153 666 quae
3199 593 3470 666 possidet,
3519 591 3851 648 constituet

534 682 727 756 170
752 683 880 739 Haec
912 681 1048 737 dicit
1071 682 1342 737 Dominus
1373 681 1578 737 Levitis
1604 681 1732 736 ﬁliis
1767 680 1960 749 Sadoc,
1988 679 2087 751 qui
2187 692 2366 748 illum,
2396 692 2539 761 (Luc.
2573 706 2664 759 xu,
2695 688 2899 757 42-44“)

460 777 848 832 custodierunt
871 775 1232 830 caeremonias
1267 776 1574 830 sanctuarii
1598 774 1732 843 mei,
1759 778 1890 844 etc.,
1921 788 2088 843 usque

751 821 1231 880 ῗ’“’.“””””””’ἶ’”
1267 821 1732 880 ”“”””“““ῖῖ’.ἶ“.ἶ”
1762 821 1890 876 “ῖ”⁷
1924 821 2084 843 ””¹”⁷
2360 821 2546 876 LXXX.
2588 836 2826 875 LEGENDA
2878 834 2932 874 IN
2973 831 3344 872 PROFECTIONE
3389 831 3646 872 ITIXERIS.

461 871 527 925 Et
549 869 868 924 custodiant
895 868 1258 924 caeremonias
1283 884 1458 938 meas,
1489 868 1625 923 dicit
1652 868 1922 922 Dominus
1961 882 2082 922 om-

2455 921 2684 986 Epistola
2708 921 2853 972 Pauli
2879 919 3099 984 apostoli
3117 919 3182 968 ad
3205 917 3558 968 Timotheum.

717 1013 1449 1129 ᾏρὲέὠίςὰ
1480 1063 1831 1113 Timotheum.
2258 1016 2574 1087 Carissime,
2612 1017 2734 1071 haec
2777 1013 2934 1069 vobis
2973 1013 3177 1082 scribo,
3221 1029 3456 1085 sperans
3492 1029 3586 1070 me
3639 1013 3851 1070 venire

2199 1128 2206 1129 κ
2237 1111 2253 1129 1
2305 1128 2332 1129 η
2447 1110 2537 1129 -ἰ-
2609 1115 2679 1129 _l_
2778 1125 2939 1129 __-4._._
2993 1107 3356 1129 Δ)---..Α..ι--...
3409 1109 3487 1129 --ι
3520 1107 3574 1129 2..
3636 1107 3817 1129 ..1-..3-

718 1107 947 1129 ..ιη---.-
973 1107 992 1114 -
1011 1107 1110 1114 π-.
1141 1107 1360 1128 -τηηη
1384 1107 1449 1113 -_
1491 1107 1829 1113 --_-----__-
2471 1110 2481 1122 .
3523 1107 3534 1118 .
3769 1107 3781 1118 .

533 1151 847 1221 Carissimo,
878 1151 1139 1206 diaconos
1165 1165 1284 1205 esse
1319 1153 1544 1221 oportet
1579 1148 1832 1220 pudicos,
1861 1163 1978 1202 non
1999 1146 2086 1201 bi-
2186 1111 2399 1221 ἦλθ’-ξοδ
2437 1115 2752 1221 monet-cx
2775 1125 2941 1180 usque
2980 1107 3362 1179 Adsumptum
3404 1109 3489 1161 ﬁt
3520 1123 3580 1162 ω
3630 1107 3848 1179 gloria“

458 1203 868 1318 ungue—5:35,
885 1203 1146 1316 usqueEt
1429 1203 1692 1299 iiduciam
1716 1241 1776 1296 in
1801 1203 1930 1310 fide,
1961 1255 2088 1312 quae

2265 1207 2400 1262 Tim.
2431 1221 2510 1273 111,
2545 1203 2754 1273 14-16.)

463 1311 633 1394 est'in
660 1311 882 1394 Christo
913 1311 1042 1392 Iesu
1069 1337 1304 1392 Domino
1329 1340 1544 1391 nostro.
1571 1335 1616 1405 (Ι
1646 1337 1782 1391 Tim.
1815 1350 1892 1401 111,
1921 1311 2089 1403 8-713.)
2401 1315 2574 1366 Ῑλθθίίο
2596 1313 2760 1365 εωθίί
2785 1311 3058 1376 Evangelii
3081 1311 3372 1363 secundum
3398 1312 3612 1363 Lucam-

711 1438 886 1490 Lecuo
911 1435 1181 1502 Evangelii
1203 1437 1494 1488 secundum
1528 1437 1842 1488 Mauhmum.
2265 1410 2465 1465 Diebus
2504 1410 2631 1480 illis,
2658 1410 2874 1464 factum
2921 1413 3004 1463 est
3041 1408 3180 1462 dum
3227 1409 3661 1479 complerentur
3712 1407 3850 1462 dies

537 1527 598 1581 ln
623 1525 717 1580 illo
731 1529 1004 1597 tempore,
1033 1523 1361 1581 ambulante
1377 1521 1614 1576 Domino
1630 1523 1760 1577 Jesu
1789 1536 1918 1575 cum
1933 1518 2094 1574 disci-
2191 1503 2598 1576 adsumptionis
2627 1503 2781 1597 relusit
2811 1507 2916 1597 εἷο·
2947 1502 3100 1597 *(Ῑιαος
3132 1517 3219 1597 Πί,Δ
3241 1503 3623 1597 ξί-ῧδλ-Τυνη
3651 1517 3851 1597 09718?-

461 1618 610 1694 pulis
635 1619 749 1673 suis
777 1594 986 1687 in'via,
1017 1616 1160 1672 dixit
1187 1615 1421 1688 quidam
1447 1615 1518 1670 ad
1555 1614 1714 1669 illum
1743 1631 1758 1668 ε
1797 1614 2012 1684 Sequar
2035 1616 2091 1667 te
2191 1602 2410 1667 quenter
2441 1616 2457 1652 :
2489 1599 2555 1652 Et
2583 1596 2726 1651 dixit
2753 1596 2860 1650 illis
2893 1612 2906 1650 :
2937 1595 3060 1650 Sint
3084 1594 3264 1650 lumbi
3303 1595 3476 1650 vestri
3512 1595 3850 1667 praecincti,

463 1691 824 1784 quocumque
849 1710 1000 1780 ieris,
1029 1714 1159 1779 etc.,
1189 1725 1354 1779 usque
1378 1708 1702 1780 Respiciens
1728 1711 1902 1773 retro,
1928 1709 2093 1777 aptus
2192 1696 2296 1746 ειε-
2332 1691 2476 1760 (Ῑιιισο
2507 1707 2601 1759 νη,
2637 1691 2848 1760 33'37-l

463 1811 548 1860 est
586 1822 766 1876 regno
795 1805 912 1860 Dei.
940 1807 1049 1860 Hoc
1071 1803 1425 1872 Evangelium
1455 1806 1533 1856 est
1565 1803 1744 1856 sancti
1764 1803 1940 1863 Lucae,
1966 1814 2088 1869 cap.
2405 1816 2616 1870 LXXXI.
2657 1832 2895 1871 LEGENDA
2934 1831 3001 1870 DE
3039 1829 3322 1870 ηευευκοο
3363 1830 3612 1870 ηεκεη,

463 1915 536 1969 1x,
566 1902 759 1954 57-62.
789 1898 1010 1955 Similia
1033 1900 1092 1950 in
1118 1897 1317 1952 Matth.
1343 1910 1464 1965 cap.
1493 1910 1611 1963 vui,
1640 1897 1732 1948 20.
2109 1880 2164 1951 B
2486 1908 2716 1972 Epistula
2742 1907 2889 1958 Pauli
2914 1907 3134 1970 apostoli
3158 1906 3223 1956 ad
3248 1908 3530 1956 Romanos.

826 1994 1020 2052 ’ΝΟἸῈ
1061 2007 1138 2050 ΕΤ
1179 2004 1706 2051 OBSERVA'I'IONES-
2265 2003 2456 2077 172
2487 2005 2730 2070 Fratres,
2762 2002 2943 2058 habeo
2984 2001 3224 2072 gloriam
3261 2000 3320 2055 in
3355 2001 3579 2056 Christo
3603 2001 3742 2056 Jesu
3770 1999 3849 2054 ad

533 2089 680 2155 Quid
705 2105 740 2144 a
767 2087 1015 2144 diaconis
1033 2085 1356 2141 ordinandis
1383 2083 1635 2155 exigeret
1661 2081 1932 2138 Caesarius
1955 2084 2090 2137 Are-
2193 2100 2391 2153 Deum.
2423 2097 2544 2151 Non
2578 2095 2730 2151 enim
2755 2097 2936 2152 audeo
2963 2094 3176 2166 aliquid
3201 2093 3378 2165 loqui,
3409 2099 3542 2163 etc.,
3574 2109 3749 2164 usque
3781 2095 3852 2146 ιη

462 2183 690 2238 latensis
713 2181 990 2254 pontifex,
1019 2179 1189 2234 tradit
1212 2179 1272 2234 in
1302 2177 1401 2232 lib-
1426 2195 1443 2232 ι
1469 2177 1537 2232 de
1563 2176 1688 2231 Vita
1715 2176 1836 2246 eius
1861 2175 2090 2246 Cypria-
2191 2189 2536 2246 abundantia
2584 2189 2990 2244 benedictionis
3023 2187 3229 2243 Christi
3256 2187 3503 2244 veniam.
3534 2188 3709 2258 (Rom.
3746 2202 3849 2256 xv,

463 2291 572 2332 nus
599 2292 761 2330 num.
794 2277 861 2330 32
891 2290 906 2328 :
941 2295 968 2323 ‹‹
996 2271 1212 2343 Adjecit
1253 2270 1422 2325 etiam
1465 2270 1590 2339 hoc,
1620 2273 1685 2324 ut
1713 2284 2008 2340 nunquam
2032 2267 2092 2321 in
2195 2285 2408 2354 47-29,)

465 2369 695 2425 ecclesia
749 2384 848 2421 sua
892 2366 1186 2421 diaconem
1234 2364 1520 2418 ordinaret
1563 2367 1692 2417 ante
1743 2361 2091 2416 tricesimum
2369 2393 2543 2444 Lectio
2575 2393 2739 2443 sancti
2763 2391 3030 2456 Evangelii
3059 2391 3349 2442 secundum
3379 2392 3651 2442 Iohnnem.

2261 2490 2534 2560 Tempore
2560 2487 2680 2553 illo,
2709 2503 2840 2542 cum
2866 2487 3108 2541 venisset
3133 2487 3406 2542 Dominus
3442 2488 3606 2541 Jesus
3636 2486 3698 2541 in
3728 2486 3848 2542 Ga-

2188 2581 2414 2650 lilaeam,
2455 2583 2798 2652 exceperunt
2842 2579 3004 2634 illum
3045 2580 3275 2649 Galila=i,
3321 2585 3452 2648 etc.,
3494 2596 3665 2649 usque
3695 2580 3854 2636 Cum

2190 2675 2406 2730 veniret
2430 2692 2463 2729 a
2486 2675 2676 2730 Judeea
2701 2674 2759 2728 in
2788 2673 3092 2728 Galilaeam.
3129 2674 3302 2742 (Joan.
3333 2690 3408 2740 1v,
3442 2674 3662 2743 45-54.)

465 2462 644 2518 atatis
672 2478 791 2516 suae
822 2475 1062 2515 annum.
1102 2460 1309 2512 Verum
1345 2457 1516 2512 etiam
1556 2460 1612 2512 et
1636 2456 1742 2510 hoc
1767 2454 2000 2523 addidit,
2028 2458 2093 2508 ut

463 2573 566 2612 nec
590 2555 651 2610 in
677 2554 928 2626 qualibet
952 2552 1167 2623 majore
1195 2555 1358 2605 aetate
1384 2549 1763 2615 ordinaretur,
1801 2547 1911 2602 nisi
1946 2563 2089 2618 qua-

460 2655 590 2705 tuor
613 2648 824 2702 vicibus
848 2647 907 2700 in
943 2645 1141 2700 ordine
1181 2644 1352 2698 libros
1381 2643 1596 2697 Veteris
1634 2640 1973 2696 Testamenti
2006 2641 2088 2696 le-

461 2743 608 2816 gerit
643 2746 794 2809 ante,
836 2744 892 2795 et
935 2743 1180 2810 quatuor
1226 2739 1462 2792 Novum.
1509 2758 1538 2786 ››
1593 2736 1846 2790 Canones
1875 2751 2090 2789 annum

461 2835 640 2892 aetatis
664 2835 1005 2906 vigesimum
1024 2831 1293 2903 quintum
1315 2829 1574 2901 exigunt.
1597 2828 1991 2898 Dispensatum
2009 2829 2091 2882 ni-

460 2930 576 2985 hilo
591 2929 780 2983 minus
805 2927 863 2981 in
883 2925 1081 2980 multis
1104 2941 1118 2978 :
1142 2940 1284 2995 quos
1304 2923 1453 2978 inter
1469 2921 1819 2992 Epiphanius
1837 2921 2092 2976 Ticinen-

461 3023 534 3078 sis
559 3038 708 3077 anno
733 3019 912 3075 aetatis
931 3022 1124 3073 octavo
1151 3017 1368 3070 decimo
1394 3014 1785 3081 subdiaconus,
1815 3015 2088 3085 vigesimo

458 3116 725 3172 diaconus
761 3111 1056 3168 ordinatus
1098 3114 1201 3178 est,
1231 3113 1369 3163 teste
1400 3107 1652 3162 Ennodio
1693 3107 1754 3161 in
1795 3107 1917 3178 ejus
1947 3107 2086 3163 Vita.

461 3208 742 3264 Nimirum
791 3225 820 3257 α
860 3202 1159 3259 festinabat
1182 3201 1252 3255 ad
1279 3199 1578 3256 Leviticam
1604 3199 1939 3270 dignitatem
1963 3217 2091 3256 con-

462 3243 742 3264 μιιωηιω
791 3243 820 3257 ι-
860 3243 1159 3259 “suum...
1182 3243 1252 3255 ..ιι
1279 3243 1578 3256 ..υ-ηψπ..
1605 3243 1939 3270 mamma...
1964 3243 2067 3256 νυ..

461 3301 713 3368 scientia,
745 3313 918 3369 quam
943 3311 1238 3366 nunquam
1265 3298 1390 3348 vota
1416 3298 1895 3365 praesumpserant
1923 3310 1937 3348 :
1965 3295 2086 3349 exi-
2110 3243 2165 3316 Ο
2497 3283 2727 3347 Ερίεῐοια
2748 3282 2890 3369 ιξδμῑί
2914 3283 3136 3347 δροεῑοὶί
3159 3283 3224 3332 ad
3248 3283 3522 3347 Ephesios.

462 3393 630 3466 gebat
669 3368 1012 3446 conversatio
1053 3388 1204 3460 quod
1247 3386 1523 3442 desideria
1583 3386 1812 3458 penitus
1867 3387 2092 3458 ignora-
2197 3463 2215 3466 _
2261 3369 2752 3466 Fratresfudigns
2766 3368 2938 3466 ﬁdan
2963 3373 3225 3436 “suam:
3253 3385 3382 3440 qmB
3409 3374 3494 3424 θεῖ
3523 3368 3585 3423 in
3613 3369 3855 3426 Christo

459 3488 616 3543 bant.
651 3505 679 3537 1)
722 3486 788 3539 Et
813 3482 1047 3538 inferius
1076 3498 1090 3536 :
1123 3504 1151 3530 «
1180 3480 1324 3534 Talis
1343 3479 1403 3534 in
1433 3480 1733 3534 diaconatu
1759 3496 1793 3533 a
1817 3480 2088 3551 vigesimo

2260 3478 2338 3529 su,
2371 3465 2429 3516 et
2475 3461 2836 3517 dilectionem
2877 3461 2936 3516 in
2963 3478 3160 3516 omnes
3205 3466 3448 3530 sanctos,
3493 3466 3634 3530 etc.,
3674 3479 3855 3534 usque

460 3579 756 3651 incipiens,
789 3580 913 3632 octo
941 3591 1121 3630 annos
1157 3573 1421 3644 explevit.
1453 3594 1481 3621 ,,
1512 3573 1632 3627 Non
1658 3573 1830 3628 otiose
1853 3574 2092 3644 legenda
2189 3553 2389 3609 Omnia
2408 3553 2467 3608 in
2492 3553 2756 3609 omnibus
2770 3553 3089 3626 adimplivit
3113 3554 3172 3609 in
3200 3554 3424 3610 Christo
3450 3555 3582 3610 Jesu
3612 3561 3850 3612 nostro.

462 3647 595 3728 sunt
621 3671 789 3727 verba
829 3669 1057 3725 Catonis
1099 3665 1434 3739 presbyteri,
1462 3665 1685 3720 tametsi
1719 3682 1860 3721 vano
1902 3666 2088 3721 animo

2260 3649 2404 3718 phes.
2439 3664 2476 3717 1,
2511 3649 2708 3718 15-23.)
3414 3717 3422 3724 ἥ

459 3766 694 3838 prolata,
721 3763 873 3835 apud
897 3760 1236 3833 Gregorium
1265 3759 1650 3813 Turonensem
1680 3759 2006 3829 pontiﬁcem
2033 3759 2093 3813 in
2375 3757 2546 3807 Lectio
2571 3757 2738 3807 sancti
2759 3756 3029 3822 Evangelii
3052 3755 3344 3808 secundum
3368 3757 3650 3807 Joannem.

458 3859 559 3915 lib.
592 3875 666 3928 1v,
695 3873 818 3928 cap.
859 3859 891 3910 6
932 3872 946 3909 :
995 3855 1194 3909 Lector
1219 3851 1416 3906 decem
1465 3851 1630 3905 annis
1656 3851 1760 3920 fui,
1791 3852 2091 3906 subdiaco-
2263 3853 2538 3922 Tempore
2575 3851 2693 3920 illo,
2721 3851 2860 3906 vidit
2887 3850 3157 3905 Dominus
3185 3852 3344 3906 Jesus
3386 3851 3692 3907 hominem
3727 3871 3850 3908 cae-

461 3957 626 4008 natus
655 3950 907 4006 officium
949 3947 1205 4020 quinque
1247 3943 1412 3999 annis
1447 3943 1865 4014 administravi;
1895 3944 2080 4018 171
2194 3961 2323 3999 cum
2349 3961 2381 3999 a
2423 3944 2732 4013 nativitate,
2763 3948 2894 4011 etc.,
2921 3959 3088 4016 usque
3129 3945 3196 3998 Et
3235 3944 3535 4016 procidens
3581 3945 3856 4004 adoravit

461 4043 782 4102 diaconatui
818 4058 950 4096 vero
985 4038 1314 4112 quindecim
1343 4037 1506 4093 annis
1545 4037 1894 4108 mancipatus
1925 4038 2030 4106 fui,
2063 4057 2090 4092 ι)
2194 4053 2346 4093 eum.
2373 4037 2546 4108 (Joan.
2575 4053 2652 4100 1x,
2685 4037 2861 4107 1-38.)

463 4143 570 4194 etc.
588 4134 839 4191 Diaconii
865 4136 1212 4188 sacramenta
1240 4134 1536 4202 nuncupat
1563 4130 1850 4185 Ennodius
1876 4131 2090 4204 episco-
2597 4164 2721 4204 πει
2772 4165 3054 4205 ποτιοκεε
3094 4165 3422 4204 εοτωμηλε,

463 4248 570 4304 pus
595 4227 904 4284 Ticinensis
931 4225 992 4280 in
1015 4225 1115 4280 lib.
1150 4241 1203 4280 1v
1233 4224 1470 4296 epistola
1495 4227 1583 4291 21,
1612 4224 1682 4280 ad
1709 4225 2088 4280 Constantium

2646 4238 2821 4288 Lectio
2844 4239 3065 4290 Malachi
3088 4239 3376 4304 prophetat.

465 4323 814 4394 episcopum,
859 4336 894 4374 a
938 4335 1051 4391 quo
1086 4319 1228 4389 petit
1267 4317 1534 4389 Vigilium
1578 4317 1982 4374 subdiaconum
2023 4319 2095 4374 ad
2265 4325 2391 4378 Haec
2429 4323 2565 4379 dicit
2601 4323 2874 4379 Dominus
2913 4341 2926 4379 :
2975 4327 3154 4379 Erunt
3191 4324 3336 4380 mihi
3377 4341 3509 4379 oves
3551 4341 3729 4395 mea,
3769 4329 3856 4384 ait

465 4417 826 4472 diaconatum
855 4411 1196 4485 promoveri.
2195 4418 2464 4473 Dominus
2491 4417 2864 4488 exercituum,
2893 4417 2952 4472 in
2980 4417 3068 4472 die
3093 4433 3207 4489 qua
3233 4434 3341 4490 ego
3367 4418 3536 4486 facio,
3571 4419 3632 4473 in
3661 4437 3852 4491 pecu-

536 4509 696 4564 Nulla
720 4508 812 4564 hic
835 4507 1050 4562 mentio
1078 4507 1146 4562 de
1168 4504 1506 4560 subdiacono
1545 4503 1780 4575 aliisque
1810 4503 2094 4560 inferiori-
2195 4511 2357 4578 lium,
2377 4515 2508 4581 etc.,
2535 4527 2700 4581 usque
2724 4511 3039 4566 Percutiam
3055 4516 3268 4566 terram
3283 4511 3675 4579 anathemate,
3707 4514 3857 4571 dicit

463 4605 569 4661 bus
595 4602 907 4658 ordinibus.
934 4602 996 4656 In
1021 4599 1230 4658 Ordine
1258 4599 1604 4668 Romano(ut
1617 4597 1674 4654 id
1691 4597 1750 4652 in
1764 4600 2094 4653 transcursu
2113 4609 2172 4682 D
2193 4605 2464 4660 Dominus
2506 4603 2880 4660 exercituum.
2924 4605 3123 4660 Malae.
3157 4621 3236 4674 ιιι,
3271 4607 3358 4673 l7,
3397 4605 3474 4660 ad
3512 4608 3677 4674 ﬁnem
3717 4625 3856 4678 pro.

467 4696 776 4766 observem)
803 4694 1026 4750 ordines
1053 4693 1224 4749 etiam
1249 4693 1498 4748 minores
1526 4691 1962 4747 conferebantur
1994 4693 2098 4748 sub
2191 4700 2408 4770 phetiag.

465 4795 618 4847 certo
640 4789 822 4845 titulo.
855 4788 1011 4844 Unde
1039 4787 1100 4842 in
1121 4787 1453 4843 invitatione
1487 4784 1936 4840 ordinandorum
1953 4785 2096 4856 legi-
2493 4789 2722 4854 Epistola
2743 4789 2888 4840 Pauli
2909 4789 3130 4854 apostoli
3155 4789 3220 4840 ad
3250 4791 3532 4841 Romanos.

2295 2801 2530 2856 LXXXII.
2571 2816 2842 2856 INCIPIL'NT
2881 2815 3170 2855 Lscrloxas
3220 2815 3542 2855 COTIDLANAS
3585 2800 3732 2868 (sic).

2652 2892 2825 2942 Lectio
2860 2892 3026 2942 Esaiae
3057 2893 3350 2956 prophetae.

2260 2988 2387 3040 Haec
2401 2985 2538 3041 dicit
2563 2987 2829 3041 Dominus
2847 3003 2861 3040 :
2879 2986 3302 3042 Miserationum
3319 2984 3546 3041 Domini
3575 2987 3855 3044 recorda-

2187 3080 2310 3147 bor,
2345 3083 2476 3148 etc.,
2513 3096 2681 3150 usque
2721 3081 2855 3144 Quae
2907 3079 3238 3152 praeparasti
3277 3080 3722 3150 expectantibus
3767 3085 3852 3150 te,

2187 3173 2266 3228 ait
2292 3172 2559 3228 Dominus
2583 3169 2749 3227 Deus.
2783 3174 2908 3243 (Isa.
2939 3189 3086 3238 LXIII,
3118 3177 3173 3242 7,
3202 3189 3369 3243 usque
3399 3189 3544 3242 1.x1v,
3575 3173 3655 3241 4.)

466 4889 602 4940 tur:
630 4887 703 4939 De
728 4883 880 4938 domo
922 4886 1121 4938 sancta
1167 4884 1358 4938 Mariae
1389 4881 1637 4948 eligimus
1681 4878 1767 4932 ill.
1811 4878 1888 4932 ad
1929 4881 2096 4934 ostia-
2271 4884 2463 4959 1'73
2493 4887 2732 4952 Fratres,
2763 4901 2934 4956 quam
2963 4884 3199 4956 speciosi
3236 4885 3411 4958 pedes
3439 4889 3853 4959 evangelizan-

465 4981 606 5033 rium
632 4977 706 5032 ad
729 4976 978 5032 eumdum
1004 4977 1244 5031 titulum.
1279 4975 1355 5028 Ita
1380 4973 1451 5027 de
1484 4971 1692 5026 lectore
1718 4975 1774 5026 et
1800 4970 2095 5027 exorcista.
2198 4979 2341 5034 tium
2366 4995 2682 5051 pacem.....
2727 4977 2866 5034 ﬁdes
2894 4993 2962 5032 ex
2990 4977 3210 5048 auditu,
3247 4978 3478 5034 auditus
3523 4984 3850 5039 autem"...

465 5071 612 5136 Quin
641 5071 812 5126 etiam
840 5069 1108 5125 monachi
1135 5061 1544 5122 ordinabantur
1575 5063 1680 5119 sub
1713 5063 1874 5119 titulo
1898 5081 2097 5120 mona-
2199 5073 2367 5143 (Rom.
2399 5089 2452 5142 χ,
2484 5072 2592 5143 16.)

467 5163 623 5220 sterii
651 5163 757 5234 sui,
784 5167 849 5219 ut
877 5164 1182 5237 probatum
1214 5163 1298 5214 est
1340 5158 1399 5213 in
1437 5157 1768 5230 praefatione
1808 5157 1878 5214 ad
1917 5175 2096 5214 saecu-
2811 5159 3222 5206 OBSERVATIO.

466 5258 588 5314 lum
614 5275 644 5310 v
672 5258 1124 5314 Benedictinum.
2265 5253 2350 5310 Sic
2377 5251 2582 5309 desinit
2609 5251 3026 5308 Lectionarium
3055 5253 3542 5326 antiquissimum,
3570 5257 3668 5312 cui
3698 5275 3848 5331 pau-

503 5371 709 5424 LXXlX.
753 5386 995 5425 LEGENDA
1049 5381 1266 5428 QUANDO
1323 5379 1630 5420 raesavrsa
1684 5379 2056 5422 BENEDICITUR.

2260 5347 2321 5402 11a
2350 5346 2484 5402 folia
2513 5346 2572 5402 in
2597 5345 2710 5402 ﬁne
2741 5347 2967 5417 desunt,
2996 5363 3202 5418 nempe
3229 5347 3359 5402 ﬁnis
3390 5349 3664 5419 Epistolas
3692 5370 3848 5424 prae-

737 5519 762 5528 _
806 5457 1035 5521 ερίειοια
1057 5453 1200 5503 Pauli
1225 5451 1450 5516 apostoli
1473 5451 1540 5501 ad
1565 5451 1753 5501 Titum.
2196 5440 2400 5511 missae,
2429 5444 2486 5496 et
2516 5440 2905 5513 Evangelium.
2947 5443 3032 5495 An
3076 5440 3199 5495 aliae
3246 5441 3521 5496 lectiones
3568 5460 3681 5514 pro
3724 5447 3851 5502 aliis

533 5539 740 5596 Paulus
781 5553 976 5592 servus
1011 5533 1130 5603 Dei,
1157 5533 1440 5604 apostolus
1488 5535 1679 5586 autem
1730 5533 1855 5587 Iesu
1889 5532 2095 5588 Christi
2197 5535 2364 5589 rebus
2391 5539 2702 5589 consecutae
2723 5533 2855 5601 sint,
2879 5533 3179 5588 incertum.
3205 5535 3264 5589 In
3284 5534 3651 5593 Lectionibus
3669 5540 3850 5595 Evan-

465 5633 777 5688 secundum
821 5629 994 5684 ﬁdem
1043 5627 1352 5682 electorum
1393 5625 1511 5693 Dei,
1542 5630 1674 5695 etc.,
1719 5642 1886 5696 usque
1933 5627 2096 5683 Filios
2196 5627 2475 5698 geliorum
2523 5643 2819 5698 nunquam
2868 5626 3200 5698 simpliciter
3239 5627 3476 5684 effertur
3514 5633 3708 5697 Iesus,
3748 5635 3846 5690 sed

464 5727 680 5782 habens
703 5723 897 5779 ﬁdeles
920 5722 982 5778 in
1002 5721 1224 5778 Christo
1249 5722 1396 5776 Jesu.
1430 5719 1560 5790 (Tit.
1591 5737 1631 5791 1,
1661 5721 1790 5790 1-6.)
2193 5737 2416 5792 semper
2445 5724 2698 5778 Dominus
2723 5723 2891 5788 Jesus,
2920 5720 3150 5776 honoris
3177 5737 3240 5775 ac
3274 5723 3620 5779 reverentiae
3649 5743 3842 5782 causa.

668 5825 842 5877 Lectio
869 5824 1037 5876 sancti
1062 5823 1330 5888 Evangelii
1353 5822 1642 5874 secundum
1668 5824 1880 5872 Lucam.
2192 5815 2350 5878 Quod
2386 5814 2555 5870 etiam
2596 5814 2655 5868 in
2691 5813 3049 5880 Mozarabico,
3081 5817 3135 5868 et
3179 5813 3238 5870 in
3265 5814 3392 5872 aliis
3422 5819 3724 5876 nonnullis
3754 5837 3845 5876 ve-

530 5914 802 5985 Tempore
841 5911 966 5984 illo,
1011 5910 1228 5968 dicebat
1274 5909 1542 5967 Dominus
1599 5910 1758 5964 Iesus
1807 5906 2094 5982 discipulis
2191 5907 2352 5965 tostis
2377 5906 2681 5965 Missalibus
2707 5907 3052 5964 observatur.
