3976 6430
528 686 795 932 DE
930 687 1872 836 LITURGIA
1992 691 3094 842 GALLICANA

1251 932 1666 1035 LIBER
1756 937 2371 1056 TERTIUS,

799 1088 1356 1202 COMPLECTENS
1399 1135 1588 1200 TRIA
1628 1135 2004 1202 MISSALIA
2045 1137 2358 1204 ORDINIS
2401 1140 2838 1206 GALLICANI.

191 1435 381 1510 174
416 1440 470 1490 l.
504 1435 810 1499 Quautum
837 1432 1069 1488 subsidii
1099 1433 1172 1487 ad
1195 1432 1590 1488 illustrandum
1614 1433 1925 1505 Liturgiam
1950 1433 2280 1490 Gallicanam
2305 1437 2554 1491 attulerit
2579 1438 2988 1493 Lectionarium
3011 1439 3372 1509 Luxoviense,
3405 1455 3473 1495 ex

128 1525 396 1597 superiori
431 1524 595 1580 libro
638 1523 774 1578 satis
815 1521 1153 1592 intelligitur
1183 1540 1196 1576 :
1229 1522 1324 1576 sed
1353 1521 1488 1576 huic
1524 1522 1831 1592 cognitioni
1859 1540 1972 1578 non
1999 1540 2202 1594 parum
2241 1525 2471 1592 deesset,
2501 1526 2607 1580 nisi
2637 1527 2805 1581 etiam
2848 1528 2984 1582 alios
3027 1533 3238 1584 veteres
3278 1529 3471 1598 libros,

125 1617 213 1686 qui
257 1619 492 1669 caeteras
541 1611 812 1682 ejusdem
848 1610 1112 1680 Liturgite
1156 1613 1339 1681 partes
1382 1609 1687 1679 continent,
1733 1611 1956 1666 aliunde
2011 1612 2422 1668 habuissemus.
2461 1614 2707 1669 Primam
2756 1621 2946 1672 autem
2999 1617 3168 1688 hujus
3217 1617 3299 1672 rei
3352 1634 3474 1688 gra-

126 1704 253 1759 tiam
278 1703 563 1758 debemus
606 1701 720 1772 piae
751 1716 815 1754 ac
852 1699 994 1753 mihi
1029 1699 1088 1753 in
1124 1698 1322 1770 primis
1348 1701 1679 1754 venerandae
1708 1701 1996 1755 memoriae
2029 1702 2298 1756 cardinali
2323 1704 2514 1772 Bome,
2545 1705 2641 1775 qui
2667 1705 2884 1774 primus
2911 1710 3126 1760 veteres
3150 1705 3277 1759 illos
3302 1705 3474 1759 libros

126 1793 381 1847 indicavit
420 1793 486 1846 in
513 1806 699 1862 opere
727 1805 829 1844 suo
870 1804 1064 1844 rerum
1089 1788 1501 1858 Liturgicarum
1527 1805 1540 1842 :
1570 1805 1672 1843 nec
1706 1789 1983 1860 imparem
2009 1791 2280 1846 habemus
2323 1792 2539 1846 erudito
2563 1795 2798 1864 Josepho
2833 1795 3012 1850 Mariae
3035 1793 3345 1863 Thomasio,
3375 1793 3476 1865 qui

128 1882 285 1936 libros
327 1880 644 1948 indicatos,
697 1878 755 1933 id
799 1881 880 1960 est
927 1877 1037 1931 tria
1078 1876 1333 1945 Missalia,
1376 1881 1438 1931 ut
1473 1893 1758 1948 vocamus,
1811 1895 1840 1932 e
1886 1879 2130 1932 tenebris
2172 1879 2231 1933 in
2269 1880 2451 1934 lucem
2506 1883 2758 1952 protulit.

193 2011 243 2062 2.
283 2006 549 2061 Primum
607 2021 676 2060 ex
721 2003 830 2059 illis
873 2003 1171 2060 Gothicum
1213 2019 1311 2058 seu
1346 2003 1693 2058 Gallicanum
1738 2006 1998 2076 appellat,
2039 2022 2141 2059 nos
2178 2023 2290 2060 uno
2327 2007 2494 2060 verbo
2542 2008 3110 2079 Gothicogallicanum
3150 2025 3478 2078 nuncupare

133 2111 438 2166 possumus,
470 2098 788 2166 propterea
807 2094 960 2164 quod
988 2092 1046 2147 in
1087 2109 1190 2146 usu
1209 2092 1379 2146 fuerit
1398 2093 1549 2164 apud
1577 2093 1782 2158 Gallos,
1807 2093 2123 2148 Gothorum
2144 2095 2383 2165 imperio
2399 2097 2700 2166 subjectos,
2729 2113 2934 2168 nempe
2971 2097 3119 2166 apud
3137 2096 3186 2168 1
3202 2095 3326 2168 75
3348 2097 3480 2167 Sep-

133 2185 361 2238 timanos
385 2183 476 2238 vel
502 2183 1071 2254 Novempopulanos.
1104 2182 1359 2235 Alterum
1383 2184 1545 2235 vocat
1572 2183 1941 2251 Francorum;
1971 2183 2202 2237 tertium
2239 2184 2584 2238 Gallicanum
2610 2189 2785 2239 vetus.
2817 2187 2878 2239 ln
2911 2185 3097 2256 primo
3132 2201 3308 2254 purus
3330 2185 3478 2239 Ordo

133 2272 439 2327 Gallicanus
473 2289 488 2326 :
539 2271 612 2326 in
643 2271 890 2325 secundo
933 2273 991 2324 et
1034 2269 1200 2324 tertio
1227 2270 1374 2324 Ordo
1403 2286 1472 2324 ex
1499 2271 1754 2324 Romano
1781 2274 1836 2325 et
1877 2270 2161 2325 Gallicano
2201 2272 2398 2328 mistus
2435 2274 2754 2328 exhibetur.
2781 2273 2906 2328 Tria
2932 2275 3054 2328 haec
3078 2274 3254 2327 instar
3280 2273 3482 2344 proba-

134 2363 340 2418 tionum
367 2363 612 2433 integra
638 2360 754 2414 huc
778 2359 989 2414 referre
1008 2359 1189 2412 visum
1217 2361 1318 2425 est,
1340 2375 1412 2412 ne
1439 2359 1510 2412 ob
1533 2359 1819 2413 raritatem
1847 2359 2257 2430 exemplarium
2285 2363 2554 2416 Romanae
2581 2362 2839 2417 editionis
2863 2379 2925 2416 ea
2952 2362 3083 2416 huic
3112 2361 3267 2432 operi
3293 2362 3481 2416 deesse

133 2451 378 2506 nonnulli
423 2450 854 2506 causarentur:
888 2448 984 2502 sed
1023 2448 1220 2503 breves
1251 2447 1472 2502 notulas
1498 2447 1822 2519 adjecimus,
1859 2448 1928 2502 ad
1972 2448 2327 2519 explicandos
2368 2451 2636 2521 quosdam
2677 2451 2825 2505 locos
2868 2451 3119 2505 instituto
3154 2453 3348 2504 nostro
3386 2464 3483 2503 ne-

136 2559 408 2598 (385381105.

195 2674 244 2725 3.
285 2671 360 2723 De
386 2665 610 2723 Missali
639 2663 876 2718 Gothico
903 2662 979 2716 ita
1004 2661 1199 2715 scribit
1222 2660 1517 2716 cardinalis
1547 2662 1697 2715 Bona
1733 2661 1790 2715 in
1826 2661 1922 2715 lib.
1954 2678 1971 2715 1
2009 2663 2218 2716 Rerum
2245 2663 2656 2734 liturgicarum,
2684 2682 2805 2736 cap.
2842 2669 2925 2732 4'2,
2956 2681 3117 2719 num.
3149 2668 3180 2718 6
3209 2682 3222 2718 :
3257 2685 3284 2712 «
3329 2664 3480 2718 Unus

134 2777 195 2814 ex
219 2758 302 2812 his
339 2755 646 2811 codicibus
681 2756 864 2806 exstat
887 2751 947 2805 in
975 2750 1316 2805 Bibliotheca
1342 2749 1711 2805 serenissimaa
1747 2750 2051 2804 Succorum
2079 2751 2311 2821 reginae,
2329 2758 2458 2806 ante
2484 2769 2658 2806 annos
2683 2757 2995 2824 nongentos
3015 2753 3271 2822 scriptus,
3298 2753 3364 2804 ut
3389 2767 3484 2822 pe-

135 2849 219 2903 riti
261 2848 516 2913 censent,
561 2841 778 2898 litteris
819 2839 1106 2911 quadratis
1131 2843 1189 2894 et
1215 2839 1558 2909 majusculis,
1587 2838 1836 2908 signatus
1873 2855 2034 2894 num.
2076 2842 2196 2893 626.
2241 2841 2418 2904 Quem
2450 2841 2586 2894 olim
2623 2841 2793 2896 fuisse
2822 2842 2982 2896 aiunt
3021 2841 3351 2912 amplissimi
3375 2839 3483 2894 viri

137 2935 328 2990 Petavii
353 2931 657 3002 Senatorjs
684 2929 1035 2994 Parisiensis,
1065 2932 1322 2998 emptum
1349 2944 1480 2981 vero
1509 2943 1541 2980 a
1565 2927 1760 2996 regina
1785 2932 1909 2996 post
1935 2929 2056 2997 ejus
2087 2928 2398 2984 decessum.
2425 2931 2636 2984 Desunt
2661 2931 2710 2984 ei
2735 2930 2946 3002 aliquot
2970 2931 3100 2984 folia
3127 2930 3184 2983 in
3208 2927 3483 3000 principio

140 3030 189 3080 et
216 3026 272 3079 in
315 3023 451 3078 fine.
487 3019 668 3076 Initio
709 3017 978 3089 praeﬁxus
1020 3017 1111 3070 hic
1157 3016 1354 3070 titulus
1397 3020 1482 3070 est
1525 3032 1699 3069 manu
1740 3016 2082 3070 recentiori:
2118 3019 2334 3072 Missale
2364 3019 2635 3074 Gothicam
2661 3038 2677 3072 :
2707 3023 2762 3072 et
2789 3035 2858 3073 ex
2887 3020 3143 3089 quaedam
3189 3017 3484 3087 Liturgicre

137 3112 475 3184 precationes
503 3113 802 3178 excerpta:
843 3109 994 3174 sunt,
1023 3109 1080 3160 et
1107 3109 1264 3160 tomo
1298 3109 1454 3159 sexto
1499 3105 1858 3158 Bibliothecae
1900 3109 2154 3159 veterum
2191 3108 2418 3161 Patrum
2447 3107 2708 3162 editionis
2750 3109 3062 3162 novissima?
3103 3107 3375 3162 Pariensis
3405 3106 3486 3160 in-

140 3209 285 3260 sertas
311 3218 448 3274 pag.
495 3203 631 3256 l55.
665 3216 696 3249 »
728 3198 1008 3251 Hactenus
1037 3195 1164 3266 pius
1209 3199 1266 3249 et
1293 3195 1544 3249 eruditus
1589 3193 1902 3262 cardinalis,
1931 3193 2254 3249 existimans
2282 3196 2452 3266 (quod
2481 3214 2539 3251 re
2566 3213 2692 3251 vera
2721 3196 2822 3266 est)
2861 3197 2965 3250 hoc
3007 3213 3123 3251 esse
3164 3203 3320 3252 vetus
3355 3195 3482 3250 Mis-

142 3294 241 3347 sale
279 3291 665 3351 Gallicanum,
716 3285 1036 3356 praesertim
1078 3283 1267 3338 Galliae
1309 3283 1705 3350 Narbonensis,
1746 3281 2053 3336 Gothorum
2087 3283 2507 3353 llispanicorum
2546 3301 2722 3354 regno
2758 3285 2894 3339 olim
2933 3285 3227 3355 subjectae;
3275 3287 3336 3338 ut
3371 3299 3486 3337 non

142 3387 336 3436 temere
376 3377 695 3434 Gothicum
722 3374 948 3442 dixerit,
989 3373 1244 3443 quisquis
1271 3372 1342 3424 sit
1368 3371 1480 3440 ille,
1511 3371 1607 3442 qui
1638 3370 2010 3424 recentiorem
2045 3371 2269 3425 titulum
2311 3373 2498 3426 Codici
2527 3374 2807 3444 apposuit.
2835 3373 3162 3427 Thomasius
3191 3373 3485 3427 Gallicanae

145 3469 382 3523 Ecclesia:
411 3469 524 3522 hoc
556 3481 684 3520 esse
715 3462 929 3517 Missale
957 3461 1287 3531 comprobat
1317 3476 1383 3513 ex
1427 3459 1808 3528 compluribus
1837 3463 2159 3512 sanctorum
2187 3459 2373 3514 Galliae
2408 3460 2580 3526 festis,
2609 3466 2670 3515 ut
2705 3462 2880 3515 sancti
2920 3461 3202 3516 Saturnini
3243 3461 3485 3531 episcopi

141 3557 395 3623 Tolosani,
426 3557 768 3610 sanctorum
797 3549 1041 3604 Ferreoli
1069 3552 1126 3603 et
1151 3535 1495 3602 Ferrutionis
1524 3550 1837 3617 martyrum
1863 3547 2409 3617 Vesontionensium,
2439 3548 2612 3602 sancti
2642 3549 3038 3620 Symphoriani
3068 3549 3330 3619 martyris
3368 3551 3484 3602 Au-

143 3643 594 3717 gustodunensis,
629 3641 888 3710 itemque
913 3637 1089 3692 sancti
1110 3635 1436 3706 Leodegarii
1465 3635 1717 3706 ejusdem
1745 3634 1897 3688 urbis
1924 3635 2187 3705 episcopi,
2216 3640 2271 3690 et
2299 3637 2472 3690 sancti
2500 3637 2716 3690 Martini
2739 3636 3092 3691 Turonensis.
3123 3637 3286 3690 Aliud
3314 3636 3485 3691 etiam

140 3739 532 3806 argumentum
561 3727 818 3786 desumit
842 3744 908 3781 ex
948 3725 1222 3780 triduanis
1262 3728 1391 3778 ante
1424 3723 1809 3778 ascensionem
1839 3721 2029 3795 176
2074 3724 2501 3794 Rogationibus,
2531 3741 2656 3795 quze
2692 3725 2751 3778 in
2778 3725 2964 3780 Galliis
2994 3724 3279 3792 institutae,
3307 3724 3485 3778 serius

141 3826 201 3878 ad
225 3825 354 3878 alias
385 3820 670 3878 Ecclesias
699 3818 1082 3889 pervenerunt
1105 3834 1118 3870 :
1142 3815 1258 3868 imo
1281 3814 1430 3884 apud
1457 3813 1724 3884 Hispanos
1745 3815 1874 3884 post
1900 3813 2291 3867 Ascensionem
2324 3815 2564 3884 rejectae.
2590 3815 2740 3868 Adeo
2771 3818 2834 3867 ut
2859 3819 3074 3868 certum
3101 3813 3206 3866 sim
3235 3813 3344 3868 hoc
3366 3813 3486 3867 Mis-

143 3914 241 3968 sale
266 3929 381 3969 non
407 3927 534 3966 esse
565 3905 960 3978 Hispanicum,
991 3903 1092 3958 etsi
1122 3903 1181 3957 in
1213 3920 1278 3958 eo
1307 3902 1584 3957 referatur
1609 3901 1775 3956 missa
1802 3903 1861 3956 in
1888 3903 2057 3956 natali
2079 3907 2284 3956 sancta:
2310 3903 2540 3956 Eulaliae
2568 3903 2799 3974 virginis
2822 3909 2878 3960 et
2900 3902 3161 3974 martyris
3184 3902 3482 3972 Lusitania,

144 4020 255 4074 quae
279 4001 432 4074 apud
456 4001 713 4054 Francos
739 3994 880 4049 olim
903 3991 1136 4048 celebris
1162 3995 1301 4058 erat,
1333 3995 1397 4045 ut
1422 3993 1575 4061 patet
1599 4007 1667 4044 ex
1698 3989 1964 4062 Gregorio
1991 3994 2047 4046 et
2072 4007 2140 4046 ex
2169 3991 2437 4046 Venantio
2465 3993 2788 4046 Fortunato.

208 4129 254 4184 4.
293 4129 369 4185 De
393 4131 664 4196 tempore
692 4135 807 4193 quo
834 4118 1074 4190 scriptus
1118 4121 1202 4172 est
1227 4116 1410 4171 Codex
1447 4115 1562 4184 ille,
1592 4131 1706 4169 non
1735 4115 1966 4169 omnino
1996 4118 2211 4170 constat
2240 4133 2253 4170 :
2282 4118 2531 4172 attamen
2559 4133 2626 4171 ex
2650 4117 2831 4171 forma
2855 4103 3186 4186 litterarum,
3219 4120 3275 4170 et
3300 4133 3367 4172 ex
3396 4115 3484 4170 Li-

145 4218 330 4290 turgiaa
377 4215 695 4271 Gallicanm
741 4207 1126 4279 abrogatione,
1159 4222 1285 4277 quae
1317 4203 1646 4276 pontiﬁcatu
1687 4203 1918 4258 Adriani
1947 4205 1986 4272 Ι,
2033 4209 2305 4276 regnante
2339 4205 2536 4260 Carolo
2565 4223 2771 4278 magno
2799 4210 2928 4261 ante
2962 4223 3138 4260 annos
3177 4207 3489 4277 nongentos

144 4307 274 4362 facta
299 4309 402 4376 est,
430 4304 702 4377 apparet,
731 4299 886 4353 hunc
916 4297 1146 4351 ineunte
1177 4294 1378 4348 saeculo
1423 4309 1539 4364 vm,
1568 4308 1772 4364 nempe
1799 4293 1869 4346 ad
1900 4293 2226 4364 exemplum
2261 4294 2490 4349 alterius
2515 4295 2716 4350 codicis
2744 4295 3076 4365 vetustioris,
3104 4294 3271 4350 fuisse
3302 4309 3488 4348 exara-

147 4399 276 4466 tum,
303 4411 418 4450 non
444 4392 642 4457 citius,
670 4389 911 4460 propter
936 4385 1140 4440 festum
1169 4383 1346 4437 sancti
1368 4381 1712 4452 Leodegarii,
1746 4382 1844 4453 qui
1871 4398 2019 4436 anno
2047 4385 2148 4437 678
2173 4386 2402 4437 necatus
2429 4389 2530 4439 est.

297 4520 436 4575 Huic
460 4515 662 4573 Codici
687 4513 878 4584 aliqua
905 4509 1068 4564 initio
1109 4509 1297 4564 deesse
1325 4523 1394 4562 ex
1422 4506 1698 4561 cardinale
1744 4508 1896 4560 Bona
1923 4511 1981 4560 et
2021 4507 2316 4562 Thomasio
2344 4508 2641 4576 discimus;
2671 4509 2770 4562 sed
2807 4508 2942 4579 quid
2989 4507 3129 4562 illud
3170 4508 3258 4573 sit,
3291 4511 3490 4562 neuter

151 4610 398 4682 explicat.
426 4607 568 4663 Mihi
595 4619 734 4659 vero
761 4615 877 4656 non
897 4598 1122 4654 difﬁcile
1146 4597 1368 4652 videtur
1393 4595 1669 4666 conjicere
1696 4611 1763 4650 ex
1793 4595 2082 4650 numerica
2105 4600 2238 4649 nota
2259 4612 2328 4664 ιν,
2358 4613 2486 4666 quae
2510 4597 2578 4650 ad
2605 4596 2851 4650 ofﬁcium
2876 4596 3078 4650 Natalis
3101 4595 3320 4649 Domini
3349 4611 3491 4664 prae-

151 4698 344 4770 ﬁgitur.
378 4700 511 4754 Hzec
559 4693 722 4750 enim
749 4694 882 4745 nota
909 4688 1120 4743 indicat
1153 4686 1260 4740 tria
1288 4685 1477 4740 deesse
1515 4683 1717 4754 ofﬁcia,
1758 4700 2002 4754 quorum
2046 4700 2222 4738 unum
2253 4689 2335 4739 est
2362 4684 2422 4738 in
2453 4684 2641 4755 vigilia
2689 4683 2894 4738 Natalis
2922 4684 3162 4752 Domini,
3197 4683 3255 4737 in
3294 4683 3491 4738 Codice

149 4787 557 4858 imperfectum.
589 4783 714 4836 Duo
741 4781 933 4850 itaque
976 4780 1190 4832 restant
1231 4790 1358 4845 quae
1402 4774 1470 4828 de
1517 4772 1770 4827 Adventu
1812 4772 1980 4826 fuisse
2010 4772 2326 4844 colligimus
2355 4788 2423 4826 ex
2465 4773 2627 4827 tertio
2663 4773 2881 4842 Missali,
2911 4773 3061 4844 quod
3105 4773 3307 4827 dicitur
3333 4776 3492 4826 vetus

148 4875 500 4944 Gallicanum,
529 4874 594 4928 in
625 4885 741 4942 quo
769 4868 896 4923 dua:
927 4867 1149 4920 tantum
1188 4863 1373 4917 missa:
1411 4861 1479 4916 de
1523 4861 1778 4915 Adventu
1808 4860 2028 4914 Domini
2055 4865 2185 4917 ante
2223 4861 2471 4916 officium
2497 4878 2598 4933 pro
2628 4861 2828 4932 Vigilia
2852 4862 3054 4916 Natalis
3095 4861 3314 4914 Domini
3351 4860 3487 4914 assi-

151 4969 402 5034 gnantur.
431 4966 532 5019 Ha:
563 4962 697 5016 duas
724 4958 912 5013 missae
938 4956 983 5010 si
1008 4956 1068 5008 in
1095 4954 1188 5008 illo
1215 4951 1446 5006 Gothico
1472 4951 1856 5021 suppleantur,
1889 4949 1980 5004 vix
2009 4950 2320 5022 quidquam
2359 4950 2539 5005 deerit
2567 4950 2638 5004 ad
2680 4951 2800 5021 ejus
2838 4949 3247 5004 absolutionem
3287 4953 3494 5020 praeter

150 5055 388 5122 paucula,
416 5068 552 5126 quae
577 5051 643 5105 in
679 5049 794 5104 ﬁne
836 5045 1185 5102 exciderunt.
1213 5041 1375 5097 Certe
1418 5038 1610 5094 multa;
1648 5038 1996 5111 precationes
2035 5039 2266 5112 utrique
2295 5039 2495 5095 Missali
2526 5055 2856 5094 communes
2899 5041 3050 5108 sunt,
3077 5041 3143 5092 ut
3168 5038 3312 5093 facta
3339 5053 3492 5092 com-

152 5143 425 5210 paratione
451 5139 659 5198 multis
687 5138 747 5192 in
772 5135 909 5192 locis
933 5131 1273 5189 notavimus.

215 5273 263 5326 6.
293 5266 626 5326 Secundum
656 5260 872 5318 Missale
901 5258 1108 5314 dicitur
1134 5257 1498 5323 Francorum,
1525 5268 1640 5307 non
1683 5253 1863 5307 solum
1893 5254 1963 5307 ob
2004 5252 2233 5308 missam
2275 5254 2345 5308 de
2387 5256 2576 5308 sancto
2618 5253 2826 5308 Hilario
2857 5252 3116 5324 episcopo
3146 5252 3494 5320 Pictaviensi,

153 5359 237 5412 sed
259 5358 428 5414 etiam
455 5357 530 5411 ob
559 5351 918 5408 mentionem
946 5346 1108 5418 regni
1135 5346 1497 5411 Francorum,
1527 5358 1654 5413 quae
1674 5342 1728 5396 in
1761 5341 2148 5397 benedictione
2168 5341 2216 5414 1
2233 5341 2356 5414 7'7
2378 5359 2578 5413 regum
2597 5358 2711 5396 non
2732 5341 2906 5396 semel
2935 5341 3200 5396 occurrit.
3218 5343 3376 5396 Hunc
3402 5343 3499 5397 Co-

155 5446 322 5503 dioem
345 5447 571 5502 viderat
596 5444 843 5499 Joannes
867 5437 1133 5502 Morinus,
1167 5433 1398 5504 ejusque
1423 5431 1681 5486 notitiam
1710 5432 1964 5503 suggerit
2000 5432 2060 5486 in
2089 5432 2232 5486 libro
2259 5432 2327 5487 de
2358 5431 2528 5486 sacris
2557 5430 3032 5493 Ordinationibus,
3059 5445 3192 5502 pag.
3221 5432 3345 5485 261'.
3380 5451 3408 5480 «
3439 5431 3498 5484 In

157 5535 482 5592 Bibliotheca
509 5531 622 5588 viri
658 5525 995 5600 amplissimi
1026 5525 1090 5579 D.
1118 5521 1326 5578 Petavii
1353 5520 1624 5576 senatoris
1648 5521 1985 5592 parlamenti
2025 5521 2352 5576 Parisiensis
2390 5520 2763 5592 integerrimi,
2791 5519 2977 5575 Codex
3003 5523 3086 5574 est
3110 5519 3365 5573 omnium
3389 5519 3494 5574 Co-

155 5623 329 5680 dicum
353 5623 682 5690 ritualium,
709 5633 851 5690 quos
876 5613 1038 5670 nobis
1078 5612 1266 5667 videre
1309 5609 1564 5680 contigit,
1595 5609 2042 5682 antiquissimus;
2073 5615 2332 5666 accurate
2353 5611 2658 5665 admodum
2684 5608 2922 5679 scriptus
2948 5607 3149 5662 litteris
3187 5606 3496 5660 uncialibus

156 5714 470 5784 majoribus,
499 5712 653 5766 bene
682 5703 991 5780 quadratis,
1023 5698 1466 5772 splendidissime
1494 5697 1814 5786 etformatis.
1841 5699 1901 5752 ln
1928 5699 2171 5769 gratiam
2207 5700 2461 5755 Ecclesia:
2491 5697 2850 5754 Pictaviensis
2879 5697 3098 5752 videtur
3121 5691 3490 5786 olim-descri-

159 5781 295 5872 ptus.
321 5781 545 5858 Nullius
571 5797 734 5855 enim
763 5792 938 5849 sancti
953 5793 1161 5864 praeter
1187 5787 1361 5843 sancti
1390 5785 1578 5841 Hilarii
1604 5787 1830 5842 missam
1851 5786 2164 5858 specialiter
2189 5789 2466 5858 continet;
2499 5788 2676 5860 ipsius
2699 5786 2927 5841 nomine
2953 5786 3013 5840 in
3039 5781 3402 5844 orationibus,
3432 5781 3490 5829 in

160 5869 488 5961 pmfatione,
519 5893 578 5946 et
620 5884 774 5942 infra
797 5882 1076 5938 actionem
1119 5893 1381 5952 expresso
1414 5893 1426 5934 :
1459 5880 1662 5933 caetera
1688 5875 1872 5933 missae
1907 5892 2232 5933 communes
2263 5882 2410 5935 sunt.
2443 5879 2503 5934 In
2531 5880 2788 5935 Memento
2813 5889 3054 5948 quoque,
3087 5874 3212 5944 post
3235 5869 3486 5924 Cosmum
