3976 6454
462 404 568 466 219
1249 410 1575 465 APPENDIX
1616 412 1703 464 AD
1740 410 1959 464 OPERA
1999 408 2232 463 SANCTI
2269 405 2567 463 GERMANI
2605 405 3032 462 PARISIENSIS.
3725 406 3839 459 220

467 522 526 576 et
552 516 902 590 Damianum,
1149 517 1216 574 fit
1253 519 1529 576 memoria
1556 521 1613 576 et
1636 517 1877 576 Martini.
1907 515 2167 573 Codicem
2193 514 2358 571 illum
2383 513 2656 570 Gallicum
2693 512 2865 570 fuisse
2904 512 3151 572 dubitari
3186 531 3305 574 non
3348 520 3555 591 potest,
3583 535 3725 577 cum
3773 520 3842 578 in

467 608 639 664 missa
666 627 769 683 pro
802 610 1029 681 regibus
1055 610 1421 679 Francorum,
1454 613 1511 665 et
1532 609 1593 665 in
1620 608 1784 664 variis
1810 606 2155 663 orationibus
2180 603 2489 675 imperium
2515 603 2834 659 Romanum
2866 620 3162 677 nunquam
3190 611 3700 680 commemoretur,
3733 610 3840 666 sed

464 702 738 769 perpetuo
766 700 908 754 Deus
925 698 985 753 in
1010 715 1075 753 eo
1117 714 1221 771 pro
1259 698 1424 771 regni
1448 699 1789 754 Francorum
1833 695 2204 768 prosperitate
2231 696 2516 749 exoretur.
2544 693 2736 764 Itaque
2766 692 2911 749 mihi
2946 694 3170 751 videtur
3205 697 3390 753 Codex
3430 698 3526 754 ille
3552 703 3688 771 post
3729 716 3841 754 an-

466 802 604 855 num
629 790 685 841 51
702 791 722 841 1
738 828 753 855 ,
783 788 881 843 sed
921 793 1051 844 ante
1084 806 1299 844 annum
1324 792 1425 843 560
1450 788 1509 842 in
1534 787 1711 841 Gallia
1738 785 1999 857 scriptus,
2036 783 2313 855 Gallisque
2337 782 2593 838 nondum
2625 782 2685 837 in
2711 799 2896 838 unum
2920 786 3197 856 populum
3221 803 3354 842 cum
3383 788 3612 844 Francis
3644 788 3840 845 coale-

466 875 767 932 scentibus.
799 879 904 932 Ter
928 879 1083 933 enim
1110 889 1213 950 pro
1244 878 1405 950 regni
1434 879 1778 931 Francorum
1802 876 2033 930 nomine
2058 890 2253 946 preces
2283 873 2459 928 ﬁunt:
2489 872 2626 926 alias
2654 889 2756 944 pro
2786 873 3131 929 Francorum
3156 876 3509 949 principatu;
3537 879 3679 933 alias
3726 895 3840 951 pro

464 962 815 1035 Principibus
841 967 1214 1037 Francorum;
1243 972 1299 1022 et
1324 967 1498 1021 semel
1528 982 1633 1037 pro
1664 966 1844 1020 salute
1870 968 1926 1020 et
1969 962 2355 1018 incolumitate
2383 962 2546 1033 regni
2592 962 2959 1018 Francorum.
2994 964 3183 1020 Codex
3227 965 3320 1021 ille
3349 970 3408 1022 et
3442 971 3749 1037 vetustate,
3781 974 3845 1024 et

465 1053 801 1110 characteris
846 1056 1269 1127 magniﬁcentia
1303 1056 1443 1111 adeo
1470 1055 1845 1123 venerandus,
1873 1071 1903 1109 e
1940 1053 2111 1108 Gallia
2139 1052 2405 1123 migravit
2442 1052 2819 1107 Stokolmium
2864 1052 3170 1109 Succorum
3216 1055 3456 1127 regiam,
3486 1074 3519 1111 a
3543 1057 3845 1112 Christina

464 1141 886 1215 incomparabili
913 1147 1217 1202 Succorum
1252 1145 1507 1218 principe
1537 1161 1667 1201 cum
1704 1143 2018 1200 innumeris
2042 1142 2166 1197 aliis
2195 1158 2331 1197 auro
2355 1141 2702 1214 redemptus.
2732 1160 2762 1194 ι)
2799 1142 2929 1197 Haec
2969 1142 3215 1199 Morinus
3242 1160 3256 1199 :
3289 1145 3389 1217 qui
3418 1161 3490 1201 ex
3519 1162 3587 1201 eo
3624 1145 3843 1201 Codice

467 1233 719 1305 vulgavit
743 1251 870 1308 qua:
897 1235 967 1291 ad
993 1252 1177 1293 sacras
1204 1234 1586 1293 ordinationes
1625 1234 2003 1309 pertinebant.
2044 1233 2202 1289 Nunc
2242 1232 2344 1288 iste
2389 1231 2574 1287 Codex
2615 1232 2812 1288 Romae
2840 1235 2926 1288 est
2952 1232 3013 1289 in
3060 1232 3406 1291 Bibliotheca
3446 1234 3843 1291 serenissima:

466 1337 698 1393 reginae.

539 1480 591 1530 7.
631 1477 785 1542 Quod
830 1479 1033 1535 attinet
1061 1481 1133 1535 ad
1176 1480 1297 1552 ejus
1339 1479 1757 1552 antiquitatem,
1791 1481 2007 1534 certum
2037 1480 2122 1534 est
2150 1476 2332 1533 multa
2357 1492 2427 1532 ex
2454 1476 2630 1532 veteri
2672 1475 2952 1532 Gallicano
2977 1475 3093 1532 ritu
3136 1477 3196 1532 in
3242 1476 3337 1532 illo
3374 1477 3655 1534 contineri
3689 1495 3705 1534 :
3737 1480 3846 1535 sed

467 1580 570 1621 nec
598 1565 956 1626 difﬁtendum
980 1571 1240 1643 quaedam
1267 1587 1386 1626 esse
1406 1572 1477 1626 ad
1502 1571 1734 1626 modum
1764 1569 1988 1629 Ordinis
2013 1567 2286 1623 Gelasiani
2315 1567 2363 1640 1
2380 1566 2506 1640 78
2529 1570 2584 1621 et
2609 1565 2958 1637 Gregoriani.
2990 1566 3424 1631 Ordinationum
3448 1568 3663 1641 quippe
3690 1568 3848 1624 ritus

468 1659 525 1709 et
548 1657 896 1726 precationes
923 1661 1138 1716 eaedem
1165 1661 1530 1733 reperiuntur
1556 1660 1617 1715 in
1642 1660 1847 1715 Ordine
1873 1660 2126 1715 Romano
2157 1675 2171 1713 :
2201 1661 2257 1713 et
2281 1658 2472 1713 Canon
2497 1656 2650 1712 idem
2678 1660 2761 1711 est
2785 1656 2924 1711 item
2950 1672 3081 1711 cum
3109 1658 3384 1725 Romano,
3406 1657 3546 1713 adeo
3565 1662 3632 1713 ut
3660 1657 3847 1713 etiam

467 1744 637 1799 verba
664 1746 787 1801 haec
817 1767 831 1803 :
862 1752 1087 1820 Diesque
1110 1755 1316 1806 nostros
1344 1753 1403 1806 in
1431 1755 1525 1806 tua
1553 1766 1683 1821 pace
1710 1750 1984 1820 disponas,
2027 1764 2153 1820 quae
2184 1764 2217 1801 a
2241 1745 2510 1818 Gregorio
2536 1747 2735 1817 Magno
2764 1745 2949 1801 addita
2973 1746 3366 1818 perhibentur,
3394 1746 3454 1801 in
3484 1746 3579 1802 illo
3604 1747 3850 1802 Canone

466 1834 750 1905 legantur.
778 1839 935 1895 Unde
973 1841 1235 1896 Codicem
1265 1856 1377 1895 non
1407 1841 1612 1895 saeculo
1640 1856 1719 1907 VI,
1748 1855 1883 1911 pace
1903 1838 2009 1893 viri
2035 1836 2360 1904 doctissimi,
2385 1837 2483 1892 sed
2509 1836 2832 1908 insequenti
2861 1836 3241 1907 conscriptum
3265 1836 3439 1893 fuisse
3464 1837 3845 1909 intelligitur.

467 1925 537 1977 At
563 1940 678 1980 non
704 1927 882 1982 serius
907 1930 978 1984 ob
1007 1930 1145 1984 duas
1181 1926 1447 1985 rationes.
1487 1929 1676 1984 Primo
1705 1928 1858 1983 enim
1882 1928 1943 1982 in
1981 1925 2372 1982 benediction‘e
2398 1942 2622 1998 regum,
2651 1942 2767 1980 non
2806 1926 2874 1981 de
2914 1941 3051 1995 uno,
3082 1925 3179 1980 sed
3215 1926 3283 1981 de
3312 1925 3573 1998 pluribus
3599 1927 3848 1998 regibus

471 2022 571 2067 seu
598 2014 953 2086 principibus
974 2019 1318 2074 Francorum
1347 2018 1411 2073 ﬁt
1437 2018 1671 2087 mentio,
1702 2018 1763 2073 in
1786 2018 1941 2073 hunc
1962 2018 2197 2073 modum
2228 2035 2242 2071 :
2272 2019 2599 2072 Francorum
2624 2018 2782 2085 regni
2805 2015 2988 2071 adesto
3010 2015 3380 2087 principibus;
3410 2020 3535 2071 tum
3564 2034 3579 2070 :
3608 2019 3850 2086 Protege

465 2104 622 2168 regni
639 2106 963 2161 Francorum
986 2110 1218 2163 nominis
1245 2110 1440 2178 ubique
1462 2113 1707 2176 rectores,
1738 2123 1865 2178 quae
1890 2109 2141 2178 arguunt
2159 2106 2501 2160 Francorum
2526 2103 2907 2176 principatum
2932 2108 3068 2159 tunc
3090 2119 3265 2176 penes
3286 2120 3472 2159 unum
3491 2120 3612 2159 non
3633 2103 3845 2172 fuisse,

469 2192 695 2261 quando
733 2194 821 2247 vel
864 2194 1105 2266 scriptus
1154 2200 1239 2251 est
1272 2197 1478 2267 Codex,
1506 2197 1595 2251 vel
1632 2196 1941 2268 composita
1977 2194 2382 2251 benedictionis
2422 2194 2685 2249 formula.
2716 2193 2925 2249 Deinde
2958 2193 3021 2248 in
3058 2194 3304 2261 Canone,
3349 2193 3451 2248 ubi
3488 2193 3851 2249 confessores

471 2282 814 2351 martyribus
843 2284 1237 2355 subjiciuntur,
1273 2286 1376 2341 uni
1403 2289 1771 2342 recensentur
1795 2285 2032 2341 Hilarius
2062 2290 2119 2340 et
2142 2284 2430 2353 Martinus,
2460 2299 2591 2338 cum
2633 2283 2694 2337 in
2722 2283 2912 2337 saeculi
2952 2299 3006 2338 1x
3031 2283 3326 2338 Codicibus
3348 2284 3544 2356 plures
3583 2283 3682 2338 alii
3709 2299 3849 2339 me-

468 2375 783 2442 morentur,
817 2376 881 2427 ut
906 2389 973 2429 ex
991 2374 1149 2430 libris
1174 2376 1672 2431 Sacramentorum
1699 2393 1732 2429 a
1755 2375 2016 2431 Menardo
2042 2377 2234 2429 nostro
2262 2373 2472 2441 relatis,
2504 2372 2736 2444 aliisque
2763 2371 3129 2428 manifestum
3157 2378 3263 2428 est.

539 2524 591 2577 8.
633 2523 826 2579 Restat
858 2527 1145 2597 agendum
1172 2532 1227 2583 te
1263 2529 1427 2583 tertio
1470 2528 1689 2595 Missali,
1736 2528 1887 2600 quod
1921 2527 2254 2582 Thomasius
2291 2526 2638 2581 Gallicanum
2677 2528 2839 2581 vetus
2881 2524 3144 2596 appellat,
3175 2530 3499 2598 censetque,
3528 2527 3674 2583 illud
3700 2546 3849 2600 pro-

470 2613 626 2684 prius
650 2617 912 2672 accedere
937 2619 1009 2673 ad
1032 2620 1209 2675 ritum
1234 2622 1575 2690 Romanum,
1610 2645 1636 2669 ‹‹
1665 2637 1794 2675 cum
1823 2620 1883 2673 in
1904 2620 2244 2687 orationum,
2266 2618 2470 2689 inquit,
2493 2616 2764 2673 brevitate
2792 2632 2860 2671 ex
2889 2618 3141 2671 Romano
3159 2633 3338 2686 more,
3369 2620 3493 2672 tum
3522 2617 3583 2672 in
3606 2618 3855 2675 Canone

468 2703 672 2774 missas,
702 2722 873 2777 quem
899 2724 1049 2780 saepe
1074 2709 1206 2764 citat
1230 2714 1286 2765 et
1317 2710 1605 2782 supponit.
1648 2732 1676 2759 »
1705 2712 1912 2765 Verum
1937 2714 1992 2763 et
2019 2709 2295 2763 secundus
2319 2708 2504 2763 Codex
2529 2723 2648 2762 non
2675 2706 2941 2778 supponit
2964 2707 3153 2775 modo,
3194 2707 3292 2761 sed
3320 2706 3491 2761 etiam
3529 2707 3651 2762 fere
3697 2708 3856 2764 inte-

470 2807 635 2862 grum
660 2794 832 2849 refert
865 2812 879 2849 :
914 2813 1043 2851 cum
1076 2798 1275 2853 tertius
1302 2799 1479 2852 alium
1519 2799 1805 2853 Canonem
1832 2797 2034 2852 habeat
2057 2797 2116 2851 in
2152 2796 2397 2852 secunda
2423 2796 2596 2850 missa
2620 2796 2689 2850 de
2718 2795 2996 2865 Adventu,
3025 2811 3130 2850 nec
3160 2796 3481 2851 Romanum
3524 2803 3852 2869 supponat,

468 2879 574 2933 nisi
600 2880 659 2935 in
683 2883 851 2937 Coena
878 2886 1117 2955 Domini,
1144 2892 1198 2941 et
1224 2888 1283 2942 in
1308 2887 1485 2959 priori
1510 2887 1678 2940 missa
1705 2887 1773 2941 de
1798 2886 2057 2941 Adventu
2083 2887 2202 2957 ejus
2230 2890 2472 2957 partem.
2506 2884 2717 2940 Deinde
2747 2884 2977 2939 secundi
3003 2884 3232 2939 Missalis
3258 2885 3539 2942 orationes
3569 2903 3692 2942 non
3722 2892 3855 2945 tam

468 2966 674 3025 diserte
707 2971 1052 3029 Gallicanum
1078 2992 1298 3031 morem
1322 2980 1657 3049 sequuntur,
1690 2992 1863 3048 quam
1898 2976 2049 3031 tertii
2074 2975 2303 3032 Missalis
2328 2975 2713 3030 Collectiones.
2739 2976 2802 3029 In
2822 2973 3068 3029 secundo
3088 2974 3243 3030 enim
3268 2975 3395 3030 duae
3424 2983 3859 3048 consequenter

467 3057 744 3130 assignari
769 3061 888 3118 sine
917 3064 1083 3118 titulo
1123 3066 1322 3135 solent,
1354 3071 1418 3120 ut
1461 3066 1522 3120 in
1559 3065 1886 3121 Gelasiano:
1928 3081 2032 3120 nec
2080 3065 2289 3136 ubique
2336 3064 2614 3118 orationes
2660 3065 2789 3118 Post
2816 3062 3072 3133 Nomina,
3124 3080 3229 3118 nec
3269 3080 3509 3136 usquam
3551 3067 3859 3125 orationes

469 3146 597 3202 Post
632 3150 876 3221 Pacem;
916 3169 1019 3208 nec
1053 3154 1184 3208 ulla:
1228 3154 1473 3226 denique
1518 3156 1659 3210 Ante
1697 3154 2006 3209 orationem
2054 3152 2245 3226 179
2274 3152 2643 3220 Dominicam,
2675 3168 2803 3223 quae
2841 3151 2901 3206 in
2938 3151 3103 3207 tertio
3133 3152 3355 3222 Missali,
3396 3158 3462 3208 ut
3504 3170 3746 3227 semper
3794 3158 3857 3214 in

470 3236 676 3307 primo,
707 3240 905 3295 saltem
939 3242 1239 3314 aliquando
1268 3244 1613 3300 referuntur.
1646 3245 1721 3299 De
1766 3245 1876 3299 hoc
1905 3242 2103 3300 Codice
2131 3242 2462 3298 Thomasius
2488 3242 2565 3295 ita
2588 3241 2861 3313 praefatur
2889 3257 2902 3295 :
2933 3262 2960 3291 «
2988 3243 3310 3297 Postremus
3345 3243 3529 3298 Codex
3560 3249 3648 3299 est
3677 3247 3854 3302 Pala-

466 3324 618 3380 tinus
645 3327 1003 3385 bibliothecas
1033 3332 1326 3403 Vaticanze,
1355 3332 1608 3405 signatus
1633 3350 1693 3388 n.
1720 3336 1844 3403 493,
1876 3332 2292 3388 characteribus
2318 3331 2629 3386 uncialibus
2650 3331 2764 3386 sive
2791 3331 3099 3402 quadratis,
3130 3331 3225 3386 sed
3252 3332 3663 3404 negligentiori
3690 3353 3856 3408 sape

470 3429 640 3469 manu
668 3419 1037 3492 conscriptus,
1065 3438 1236 3492 quam
1260 3422 1523 3494 plurimis
1558 3423 1781 3494 paginis
1816 3439 2071 3492 mancus,
2101 3425 2157 3477 et
2182 3422 2467 3477 erroribus
2493 3421 2723 3488 (scilicet
2750 3420 3131 3491 amanuensis)
3171 3422 3434 3499 refertus.
3466 3423 3642 3479 Addit
3683 3426 3852 3481 Tho-

467 3504 697 3576 masius,
724 3529 752 3557 ‹‹
798 3510 1053 3564 moderni
1077 3511 1315 3582 alicujus
1340 3527 1516 3566 manu
1554 3533 1581 3559 ››
1619 3512 1878 3566 Codicem
1922 3510 2257 3583 inscriptum
2284 3511 2455 3565 fuisse
2486 3527 2500 3564 :
2535 3530 2561 3560 «
2592 3512 2759 3566 Missa
2799 3513 3061 3566 Romana.
3092 3510 3213 3573 Quo
3258 3510 3443 3577 titulo,
3473 3511 3688 3584 inquit,
3719 3519 3791 3569 ut
3822 3533 3857 3570 a

466 3609 599 3649 vero
624 3595 850 3668 longius
873 3600 1188 3671 aberrante,
1217 3600 1454 3670 sublato,
1485 3601 1637 3655 hunc
1664 3600 1986 3655 suffecimus
2016 3617 2031 3655 :
2062 3600 2281 3656 Missale
2311 3600 2671 3656 Gallicanum.
2704 3618 2732 3650 ι)
2762 3598 2982 3654 Scilicet
3021 3598 3173 3671 quod
3204 3599 3342 3654 illud
3379 3599 3593 3656 Missale
3630 3618 3853 3675 sequa-

467 3686 561 3736 tur
594 3684 768 3741 ritum
809 3688 1179 3762 Gallicanum,
1223 3708 1340 3746 non
1367 3693 1720 3761 Romanum;
1751 3691 1904 3764 quod
1946 3690 2008 3745 in
2038 3707 2105 3745 eo
2132 3689 2347 3745 mentio
2378 3689 2656 3745 habeatur
2682 3689 2840 3743 horae
2882 3687 3233 3744 duodecimae
3272 3689 3332 3743 in
3370 3689 3585 3761 Vigiliis
3632 3693 3858 3749 Natalis

468 3770 688 3829 Domini
715 3779 772 3830 et
794 3779 1043 3851 Paschae,
1079 3797 1194 3853 qua
1216 3780 1285 3836 de
1312 3781 1451 3836 hora
1476 3781 1689 3836 mentio
1720 3781 1784 3837 ﬁt
1810 3781 1871 3835 in
1906 3779 2126 3834 concilii
2154 3795 2193 3834 ιι
2218 3778 2557 3834 Turonensis
2586 3793 2800 3833 canone
2832 3780 2917 3832 18.
2947 3776 3198 3849 Denique
3243 3777 3289 3832 si
3323 3777 3385 3832 in
3427 3794 3494 3832 eo
3518 3779 3733 3834 Missali
3781 3784 3857 3839 ad

467 3861 803 3921 Parasceven
833 3869 1009 3923 oratio
1037 3869 1135 3924 ﬁat
1173 3886 1278 3941 pro
1323 3871 1575 3926 Romano
1601 3870 1861 3942 imperio,
1892 3870 1950 3925 id
1977 3869 2047 3924 ad
2086 3868 2228 3923 illud
2258 3872 2482 3940 tempus
2525 3866 2743 3938 referri,
2773 3883 2885 3939 quo
2910 3866 3218 3922 Galliarum
3244 3867 3551 3938 provinciae
3592 3870 3856 3927 Romani

458 3949 608 4018 juris
631 3954 988 4012 exstiterunt.

540 4096 592 4149 9.
630 4096 858 4153 Constat
880 4116 1050 4171 porro
1080 4101 1186 4157 hoc
1212 4104 1422 4161 Missale
1450 4102 1719 4160 Gallicani
1748 4103 1891 4157 ritus
1930 4100 2275 4157 censendum
2320 4116 2460 4168 esse,
2493 4104 2615 4155 tum
2656 4099 2789 4172 quia
2825 4098 3186 4156 Collectiones
3212 4100 3295 4173 (ut
3319 4119 3453 4158 mox
3487 4102 3857 4180 dicebamus)

469 4184 669 4238 eodem
696 4188 863 4241 modo
891 4188 953 4243 in
993 4207 1057 4245 eo
1083 4195 1397 4263 procedunt
1422 4198 1593 4266 atque
1620 4193 1681 4247 in
1707 4192 1893 4263 primo
1925 4191 2145 4258 Missali,
2178 4191 2333 4263 quod
2361 4190 2593 4245 indubie
2618 4207 2820 4261 parum
2856 4190 3088 4246 exhibet
3130 4190 3400 4248 Ordinem
3435 4194 3811 4253 Gallicanum
3836 4218 3855 4270 ;

468 4277 591 4327 tum
618 4274 751 4346 quia
779 4280 1078 4351 utrobique
1119 4284 1316 4338 eodem
1355 4284 1525 4338 modo
1568 4281 1924 4353 appellantur
1952 4281 2338 4344 Collectiones,
2372 4282 2500 4335 Post
2539 4280 2798 4351 Nomina,
2827 4282 2956 4336 Post
2999 4283 3217 4350 Pacem,
3249 4283 3616 4354 Contestatio,
3659 4288 3857 4344 oratio

466 4364 610 4417 Ante
634 4369 691 4419 et
712 4366 841 4420 Post
864 4370 1175 4427 orationem
1203 4372 1553 4428 Dominicam
1568 4389 1587 4442 ;
1619 4371 1946 4442 easdemque
1973 4369 2274 4442 aliquando
2300 4370 2578 4425 orationes
2603 4372 2936 4440 repetuntur
2963 4388 2977 4425 :
3010 4372 3133 4424 tum
3159 4371 3404 4444 denique
3427 4374 3563 4446 quia
3591 4375 3657 4429 in
3688 4382 3859 4435 utro-

467 4465 577 4520 que
601 4453 672 4508 ad
699 4454 998 4514 Sabbatum
1023 4462 1250 4516 Pascha;
1276 4466 1403 4533 post
1428 4461 1777 4532 baptismum
1802 4459 1866 4515 ﬁt
1902 4459 2116 4515 mentio
2144 4459 2213 4514 de
2249 4459 2459 4514 lotione
2495 4459 2706 4529 pedum
2736 4475 2749 4512 :
2793 4475 2967 4530 quem
2993 4458 3170 4514 ritum
3199 4477 3234 4514 a
3260 4462 3517 4517 Romano
3545 4464 3856 4525 diversum

465 4555 584 4595 esse
608 4545 844 4601 testatur
864 4549 1213 4621 Ambrosius,
1242 4567 1343 4605 seu
1368 4550 1623 4621 quisquis
1651 4552 1733 4604 est
1760 4549 1998 4621 scriptor
2034 4549 2221 4620 operis
2249 4549 2319 4603 de
2357 4547 2728 4603 Sacramentis
2760 4546 2821 4602 in
2845 4547 2943 4603 lib.
2973 4564 3051 4617 ιιι,
3082 4565 3204 4621 cap.
3243 4554 3263 4604 l
3302 4566 3317 4604 :
3353 4568 3381 4602 α
3410 4553 3741 4611 Ascendisti
3778 4561 3856 4616 de

462 4627 652 4701 fonte;
681 4636 815 4705 quid
841 4643 1097 4695 secutum
1123 4641 1247 4695 est?
1284 4639 1499 4695 Audisti
1525 4639 1843 4707 lectionem,
1876 4639 2190 4693 succinctus
2222 4641 2307 4694 est
2341 4653 2599 4693 summus
2634 4638 2914 4705 sacerdos,
2952 4637 3123 4709 pedes
3150 4638 3252 4694 tibi
3283 4639 3437 4696 lavit.
3469 4663 3497 4690 ››
3537 4642 3607 4698 Et
3638 4644 3806 4703 infra
3834 4667 3848 4703 :

467 4739 493 4763 «
522 4719 642 4775 Non
667 4723 991 4795 ignoramus
1016 4729 1168 4801 quod
1197 4729 1437 4784 Ecclesia
1480 4731 1732 4784 Romana
1757 4729 1902 4783 hanc
1928 4727 2399 4783 consuetudinem
2424 4743 2539 4781 non
2576 4727 2799 4795 habeat,
2830 4727 2991 4797 cujus
3016 4731 3219 4799 typum
3248 4728 3308 4783 in
3350 4730 3618 4787 omnibus
3641 4740 3850 4809 sequi-

462 4823 594 4865 mur
618 4818 672 4868 et
694 4815 960 4873 formam.
988 4819 1140 4873 Hanc
1183 4821 1374 4873 tamen
1408 4819 1871 4874 consuetudinem
1906 4815 2099 4890 180
2126 4833 2243 4872 non
2284 4816 2457 4871 habet
2484 4819 2546 4870 ut
2570 4815 2742 4887 pedes
2767 4816 2935 4870 lavet.
2962 4816 3098 4871 Vide
3139 4834 3277 4889 ergo
3316 4834 3389 4874 ne
3421 4820 3568 4875 forte
3598 4832 3854 4898 prepter

463 4903 887 4962 multitudinem
911 4907 1226 4964 declinarit.
1243 4909 1381 4964 Sunt
1399 4913 1583 4965 tamen
1599 4910 1698 4982 qui
1713 4910 1901 4965 dicant
1923 4913 1981 4964 et
2005 4923 2273 4962 excusare
2298 4911 2595 4973 conentur,
2615 4906 2747 4977 quia
2760 4906 2867 4960 hoc
2886 4921 3004 4960 non
3021 4906 3084 4961 in
3098 4907 3367 4977 mysterio
3378 4909 3715 4968 faciendum
3739 4923 3850 4987 est,

464 5006 579 5047 non
606 4994 666 5050 in
691 4996 1048 5068 baptismate,
1091 5013 1207 5051 non
1235 4998 1294 5053 in
1324 5000 1786 5070 regeneratione;
1819 4997 1914 5051 sed
1942 4996 2104 5068 quasi
2145 4996 2354 5068 hospiti
2396 4995 2567 5067 pedes
2591 4995 2812 5050 lavandi
2841 4998 2994 5049 sunt.
3025 5016 3053 5044 ››
3084 4996 3361 5052 Eumdem
3389 4997 3569 5054 ritum
3609 5002 3856 5060 lotionis

462 5085 672 5155 pedum
696 5089 825 5157 post
848 5084 1194 5156 baptismum
1217 5086 1277 5141 in
1305 5089 1533 5143 ecclesia
1556 5086 1955 5144 Mediolanensi
1982 5086 2254 5141 usitatum
2280 5086 2450 5141 fuisse
2476 5086 2639 5140 docet
2663 5084 2991 5139 Ambrosius
3016 5085 3075 5139 in
3104 5086 3355 5157 genuino
3377 5105 3551 5160 opere
3580 5092 3656 5148 de
3694 5096 3849 5168 Mys-

464 5175 640 5242 teriis,
673 5192 796 5247 cap.
825 5178 878 5230 6.
906 5176 1013 5240 Qui
1059 5176 1210 5231 haud
1236 5176 1347 5232 scio
1372 5195 1444 5233 an
1490 5178 1742 5234 dicturus
1779 5176 1996 5244 fuisset,
2026 5177 2178 5247 quod
2206 5175 2586 5247 praelaudatus
2613 5178 2808 5229 auctor
2842 5174 3003 5244 dixit,
3031 5191 3194 5229 suam
3223 5176 3519 5234 ecclesiam
3559 5182 3852 5240 Romanas

470 5268 714 5335 «typum
737 5264 799 5319 in
824 5264 1085 5319 omnibus
1112 5268 1269 5339 sequi
1294 5272 1351 5323 et
1368 5269 1631 5335 formam,
1650 5287 1679 5315 »
1699 5265 2157 5338 quandoquidem
2182 5265 2348 5321 multi
2363 5265 2507 5320 ritus
2532 5264 2591 5319 in
2608 5263 3005 5321 Mediolanensi
3030 5270 3328 5320 servantur
3344 5267 3551 5323 diversi
3575 5286 3610 5324 a
3638 5273 3853 5330 Roma-

461 5352 571 5422 nis,
602 5351 720 5409 imo
745 5352 915 5409 etiam
944 5355 1134 5427 plures
1158 5357 1440 5414 Ambrosii
1465 5360 1651 5412 aetate.
1680 5354 1789 5410 Sed
1815 5355 1921 5410 hac
1947 5355 2017 5411 de
2042 5371 2105 5410 re
2129 5360 2333 5426 agetur
2361 5354 2420 5408 in
2448 5370 2595 5408 nova
2617 5354 2865 5409 editione
2896 5370 3138 5424 operum
3166 5355 3342 5410 sancti
3369 5358 3684 5432 Ambrosii,
3713 5380 3849 5437 quas

460 5439 629 5495 modo
644 5458 781 5497 cura
795 5445 851 5499 et
866 5446 1047 5502 studio
1066 5452 1395 5504 nostrorum
1414 5445 1516 5499 sub
1540 5444 1700 5516 prelo
1719 5448 1993 5500 versatur.
2019 5444 2270 5516 Denique
2297 5444 2357 5498 in
2374 5443 2541 5499 tertio
2554 5443 2755 5499 Missali
2783 5443 3049 5515 occurrit,
3064 5460 3227 5499 num.
3248 5460 3379 5516 xvn,
3399 5448 3644 5504 verbum
3668 5456 3852 5509 trans-

459 5534 739 5601 formavit,
767 5533 861 5589 ubi
888 5536 1078 5609 agitur
1102 5538 1172 5593 de
1196 5534 1561 5591 conversione
1590 5533 1751 5605 panis
1779 5539 1835 5589 et
1860 5534 1978 5589 vini
1994 5533 2057 5589 in
2082 5533 2290 5589 Christi
2314 5550 2517 5605 corpus
2544 5536 2601 5588 et
2620 5533 2958 5604 sanguinem
2987 5550 3002 5587 :
3027 5538 3084 5589 et
3107 5533 3167 5588 in
3196 5533 3400 5590 Missali
3423 5536 3617 5608 primo
3635 5545 3849 5613 quater

464 5622 740 5694 reperitur
757 5627 1092 5682 vocabulum
1117 5626 1615 5692 transformationis
1638 5623 1700 5678 in
1721 5623 1918 5679 eodem
1944 5627 2306 5696 argumento,
2330 5623 2480 5696 quod
2497 5623 2831 5678 vocabulum
2853 5622 3053 5678 formae
3084 5624 3513 5681 conversionem
3531 5627 3847 5700 signiﬁcat.

540 5769 621 5824 lO.
656 5770 716 5825 In
743 5771 942 5828 eodem
966 5786 1099 5826 vero
1124 5769 1325 5825 Missali
1351 5768 1884 5842 Gothicogallicano,
1916 5771 2067 5844 quod
2087 5770 2274 5844 primo
2302 5770 2422 5827 loco
2438 5771 2702 5837 habetur,
2728 5770 3035 5842 praeclarus
3057 5770 3126 5826 de
3159 5770 3431 5828 sacriﬁcio
3460 5774 3659 5832 missae
3684 5777 3847 5835 locus

460 5862 561 5927 est,
588 5874 794 5931 nempe
826 5876 988 5915 num.
1014 5874 1215 5915 Lxxvni
1238 5858 1299 5913 in
1325 5858 1741 5914 Contestatione
1767 5858 1953 5915 missae
1982 5859 2360 5917 dominicalis:
2386 5863 2620 5931 Dignum
2648 5864 2701 5915 et
2713 5859 2923 5929 justum
2948 5864 3043 5923 est,
3077 5862 3388 5926 invisibilis,
3406 5864 3842 5932 inaestimabilis,

461 5950 708 6007 immense
736 5952 895 6015 Deus,
922 5953 974 6006 et
1010 5951 1174 6007 Pater
1199 5951 1417 6008 Domini
1451 5952 1625 6009 nostri
1658 5953 1782 6009 Iesu
1811 5952 2031 6011 Christi.
2061 5953 2167 6022 Qui
2198 5953 2433 6024 formam
2471 5953 2728 6025 sacriﬁcii
2751 5954 3006 6023 perennis
3034 5953 3343 6026 instituens,
3382 5954 3621 6013 hostiam
3648 5973 3707 6016 se
3744 5961 3853 6015 tibi
