3976 6428
162 405 245 462 221
1261 407 1346 462 DE
1386 406 1693 464 LITURGIA
1729 407 2098 466 GALLICANA
2135 407 2334 467 LIBER
2371 409 2459 468 III.
3397 411 3499 470 222

156 518 373 588 primum
399 513 623 578 obtulit,
651 517 703 570 et
726 514 936 586 primus
961 511 1142 569 docuit
1165 513 1364 584 offerri.
1392 515 1474 570 Ex
1508 513 1714 587 quibus
1757 515 2141 588 intelligimus,
2182 517 2334 590 quod
2372 517 2618 576 maxime
2655 519 2988 590 notandum,
3017 517 3316 577 Christum
3331 517 3496 576 insti-

155 604 348 660 tuendo
373 603 728 660 sacriﬁcium
755 603 1006 676 corporis
1031 607 1087 658 et
1111 603 1403 674 sanguinis
1424 603 1530 672 sui,
1563 619 1620 659 se
1644 603 1886 660 hostiam
1909 605 2022 660 Deo
2047 605 2194 660 Patri
2219 607 2473 678 primum
2496 611 2632 664 tunc
2655 609 2937 677 obtulisse,
2965 626 3096 666 cum
3123 626 3249 666 eam
3273 609 3494 681 primus

159 694 333 750 docuit
354 693 576 750 offerri.
607 695 805 766 Itaque
828 694 951 748 haec
975 692 1084 747 fuit
1107 697 1236 748 ante
1263 707 1441 747 annos
1466 693 1616 749 mille
1643 695 1923 765 majorum
1946 699 2270 750 nostrorum
2296 696 2602 767 persuasio,
2645 698 2928 754 Christum
2971 700 3216 771 seipsum
3256 697 3403 754 Patri
3437 697 3498 752 in

158 782 492 838 Eucharistia
519 783 818 852 obtulisse,
841 798 972 837 cum
998 781 1156 836 illam
1181 779 1443 836 instituit.
1478 782 1615 837 Huic
1641 783 1991 854 persuasioni
2015 783 2318 838 conformis
2341 789 2424 839 est
2451 785 2661 840 sanatio
2687 787 2908 841 concilii
2932 787 3242 842 Tridentini
3289 787 3350 842 in
3389 801 3500 842 ses-

159 873 311 929 sionis
333 877 403 930 22
430 873 622 944 capite
655 877 676 928 t
709 889 723 928 :
753 874 1008 928 Dominus
1032 875 1300 926 noster....
1326 871 1650 926 sacerdotem
1681 870 1860 944 181
1895 873 2181 926 secundum
2207 873 2446 928 ordinem
2484 875 2862 930 Melchisedech
2899 891 2952 930 se
2984 877 3043 930 in
3079 880 3331 930 aternum
3371 891 3494 930 con-

156 967 382 1019 stitutum
409 963 728 1025 declarans,
761 975 953 1031 corpus
979 963 1030 1014 et
1055 961 1369 1028 sanguinem
1392 975 1548 1015 suum
1569 961 1666 1015 sub
1690 961 1960 1030 speciebus
1981 963 2142 1030 panis
2159 966 2210 1015 et
2231 963 2350 1016 vini
2373 965 2476 1017 Deo
2500 965 2659 1018 Patri
2693 963 2920 1032 obtulit;
2963 979 3027 1018 ac
3063 965 3158 1019 sub
3191 965 3497 1019 earumdem

156 1068 315 1107 rerum
342 1051 628 1120 symbolis,
659 1051 940 1120 apostolis,
967 1063 1096 1118 quos
1125 1053 1250 1102 tunc
1273 1050 1400 1102 novi
1418 1051 1739 1104 Testamenti
1761 1049 2056 1104 sacerdotes
2079 1051 2450 1114 constituebat,
2479 1055 2538 1106 ut
2582 1057 2845 1106 sumerent
2883 1053 3150 1119 tradidit;
3190 1057 3241 1106 et
3277 1053 3491 1115 eisdem,

156 1155 421 1210 eorumque
447 1142 509 1194 in
537 1139 848 1194 sacerdotio
869 1138 1250 1192 successoribus
1271 1141 1334 1191 ut
1359 1137 1608 1206 oﬂ’errent
1625 1139 1880 1207 praecepit
1907 1153 2008 1206 per
2032 1138 2142 1191 haec
2164 1138 2346 1200 verba,
2375 1143 2481 1194 etc.
2525 1141 2642 1194 Huc
2680 1155 2795 1194 non
2830 1139 3013 1195 refero
3037 1138 3242 1194 similia
3267 1141 3496 1194 Patrum

153 1231 276 1299 loca,
305 1246 422 1284 Imo
449 1232 761 1284 contentus
785 1226 1024 1282 Leandri
1045 1223 1384 1296 Hispalensis
1413 1225 1657 1296 episcopi
1681 1226 2024 1294 testimonio,
2055 1225 2204 1296 quod
2232 1242 2347 1280 non
2374 1227 2532 1282 facile
2561 1228 2734 1283 cuivis
2754 1235 3028 1297 occurrat,
3057 1232 3253 1300 utpote
3279 1229 3339 1284 in
3375 1228 3495 1283 loco

154 1319 297 1390 quasi
319 1317 656 1390 peregrino,
687 1332 896 1388 nempe
920 1315 981 1368 in
1006 1315 1220 1385 regulae
1237 1314 1357 1384 ejus
1379 1331 1500 1385 cap.
1521 1319 1573 1382 7,
1595 1313 1692 1368 ubi
1719 1315 1789 1368 de
1820 1314 2107 1368 sacriﬁciis
2136 1314 2338 1369 veteris
2365 1314 2506 1386 legis
2531 1316 2711 1372 obiter
2732 1333 2941 1388 agens:
2969 1336 2998 1370 α
3019 1316 3295 1373 Sacriﬁcia
3318 1321 3489 1386 certe,

153 1406 336 1478 inquit,
362 1405 576 1460 idcirco
607 1406 894 1477 pecudum
918 1403 1242 1469 litabantur,
1271 1401 1404 1474 quia
1429 1417 1626 1458 verum
1649 1402 2002 1469 sacriﬁcium,
2022 1403 2130 1457 hoc
2149 1407 2233 1458 est
2250 1403 2454 1458 Christi
2474 1420 2674 1476 corpus
2690 1409 2748 1460 et
2766 1405 3120 1476 sanguinem,
3143 1405 3480 1477 ﬁgurabant.

155 1494 299 1550 Venit
321 1493 560 1561 Veritas,
593 1495 804 1549 umbra
827 1492 1114 1560 discessit;
1142 1491 1296 1546 venit
1318 1507 1518 1546 verum
1547 1491 1910 1558 Sacriﬁcium,
1939 1495 1995 1545 et
2019 1491 2248 1546 cessavit
2277 1492 2460 1548 hostia
2486 1493 2838 1566 pecudum.»
2863 1495 3016 1560 Quod
3039 1494 3353 1566 manifeste,
3375 1509 3490 1550 non

155 1584 214 1638 de
236 1581 500 1638 sacriﬁcio
527 1583 741 1650 crucis,
771 1581 869 1637 sed
893 1581 963 1637 de
991 1579 1264 1636 sacrificio
1292 1579 1480 1634 missae
1507 1579 1944 1650 intelligendum
1971 1585 2073 1636 est.

219 1755 297 1806 lt.
329 1751 517 1807 Redeo
543 1751 625 1806 ad
653 1750 870 1808 Missale
892 1750 1213 1820 Gothicum,
1244 1749 1396 1821 quod
1421 1765 1490 1805 ex
1515 1750 1696 1804 tribus
1720 1750 1970 1822 primum
1995 1750 2184 1806 locum
2215 1752 2450 1808 obtinet.
2479 1749 2680 1825 Incipit
2697 1754 2766 1810 ab
2783 1755 3052 1826 oratione,
3073 1771 3202 1828 quia
3229 1753 3490 1812 Collectio

153 1845 262 1912 post
282 1840 514 1895 nomina
541 1840 777 1910 dicitur,
804 1839 1162 1912 pertinetque
1185 1839 1257 1894 ad
1287 1837 1535 1893 ofﬁcium
1555 1839 1739 1893 missae
1757 1855 1860 1910 pro
1880 1839 2080 1910 Vigilia
2097 1840 2305 1894 Natalis
2328 1841 2568 1910 Domini,
2591 1843 2742 1914 quod
2761 1843 3011 1900 ofﬁcium
3031 1845 3197 1900 tertio
3215 1843 3340 1899 loco
3366 1847 3489 1898 erat

155 1929 226 1996 (ut
245 1929 642 2000 praemisimus)
673 1929 734 1983 in
759 1928 959 1984 Codice
979 1945 1084 1984 ms.
1105 1927 1366 1983 Collectio
1385 1930 1510 1982 Post
1536 1927 1770 1982 Nomina
1796 1922 2086 1982 diEebatur
2113 1933 2238 1999 post
2264 1929 2649 1985 recitationem
2677 1933 2973 1988 nominum
2999 1949 3194 1988 eorum
3222 1949 3326 2004 pro
3352 1931 3484 2004 qui-

153 2017 243 2072 bus
268 2017 614 2072 sacriﬁcium
637 2017 1000 2072 offerebatur.
1031 2016 1224 2072 Fiebat
1254 2020 1444 2071 autem
1471 2015 1638 2070 simul
1667 2017 2124 2072 commemoratio
2164 2022 2280 2072 tam
2319 2018 2577 2074 vivorum
2620 2037 2790 2091 quam
2827 2027 3198 2078 mortuorum.
3239 2023 3394 2077 Unde
3428 2022 3489 2078 in

154 2106 346 2176 Vigiliis
370 2107 716 2178 Epiphaniae
739 2104 999 2160 Collectio
1027 2107 1155 2160 Post
1178 2105 1414 2160 Nomina
1441 2104 1518 2158 sic
1543 2104 1711 2159 habet
1737 2121 1750 2159 :
1777 2107 2091 2160 Praesentem
2114 2107 2298 2176 itaque
2323 2108 2640 2163 oblationem
2667 2111 2745 2162 ita
2775 2111 3015 2173 illabere,
3042 2115 3106 2165 ut
3123 2111 3384 2167 medelam
3402 2115 3486 2166 vi-

153 2196 393 2257 rentibus,
421 2195 704 2262 defunctis
729 2197 966 2264 requiem
984 2199 1234 2264 praestet;
1263 2199 1312 2248 et
1337 2209 1562 2263 quorum
1589 2195 1760 2248 texuit
1783 2195 2027 2248 recitatio
2048 2197 2331 2263 praemissa
2357 2201 2572 2258 sortem,
2599 2199 2738 2253 inter
2761 2199 2945 2254 electos
2967 2199 3158 2268 jubeas
3175 2217 3488 2270 aggregare.

155 2283 218 2336 De
242 2283 324 2337 his
347 2288 538 2338 actum
562 2288 657 2338 est
679 2283 939 2354 superius
964 2283 1023 2338 in
1049 2283 1146 2338 lib.
1181 2300 1218 2352 ι,
1248 2299 1368 2354 cap.
1399 2285 1452 2348 5,
1480 2297 1642 2336 num.
1678 2285 1761 2348 10,
1791 2281 1886 2335 ubi
1914 2283 2257 2350 notavimus,
2287 2284 2459 2338 etiam
2486 2285 2590 2340 hoc
2619 2287 2740 2342 loco
2766 2293 3087 2343 sanctorum
3105 2289 3308 2344 factam
3325 2289 3490 2344 fuisse

154 2373 762 2428 commemorationem.
791 2373 859 2426 Et
884 2371 942 2426 id
966 2371 1197 2443 quidem
1227 2371 1294 2426 de
1321 2370 1658 2425 Mozarabico
1685 2369 1798 2424 ritu
1825 2375 2076 2440 constat;
2109 2375 2166 2425 at
2191 2371 2250 2424 in
2279 2371 2555 2427 Gallicano
2575 2375 2726 2430 haud
2747 2375 2826 2430 ita
2840 2391 3100 2446 expressa
3117 2377 3356 2432 habetur
3369 2379 3491 2432 haec

156 2467 453 2516 sanctorum
483 2460 1036 2532 commemoratiod
1050 2459 1178 2534 82
1202 2460 1309 2515 nisi
1333 2459 1638 2516 admodum
1665 2459 1960 2529 generalis.
1983 2459 2244 2514 Attamen
2262 2461 2320 2514 in
2343 2461 2661 2533 fragmento
2683 2464 3102 2536 diptychorum,
3125 2467 3277 2536 quod
3299 2483 3364 2520 eo
3381 2467 3488 2522 loci

157 2564 215 2602 ex
238 2549 425 2605 Codice
455 2551 818 2622 Regulamm
851 2549 1212 2620 protulimus,
1245 2547 1546 2619 singularis
1569 2555 1766 2602 evrum
1793 2547 2069 2604 memoria
2089 2549 2347 2604 occurrit.
2371 2550 2656 2620 Ejusmodi
2677 2552 2941 2623 diptycha
2959 2553 3030 2607 ad
3045 2570 3212 2608 usum
3232 2554 3488 2610 Ecclesiae

157 2638 472 2694 Arelatensis
496 2645 732 2695 exstant
757 2639 816 2694 in
843 2644 996 2694 tomo
1023 2655 1082 2693 ιιι
1112 2637 1524 2692 Analectorum.
1551 2635 1828 2708 Diptycha
1842 2636 1963 2690 hinc
1982 2635 2042 2690 in
2059 2637 2320 2690 omnibus
2342 2637 2596 2692 Ecclesiis
2618 2639 2814 2694 usitata
2833 2645 3019 2710 erant;
3042 2641 3138 2696 sed
3156 2641 3215 2695 in
3238 2643 3488 2698 Romana

154 2725 202 2778 in
225 2727 434 2782 Canone
461 2733 720 2798 tantum,
749 2732 814 2782 ut
837 2727 1026 2796 modo,
1054 2727 1287 2781 nomina
1315 2726 1720 2792 recitabantur,
1750 2725 2003 2778 vivorum
2029 2725 2259 2795 quidem
2281 2730 2430 2795 ante,
2459 2732 2814 2782 mortuorum
2837 2745 2968 2782 vero
2983 2733 3110 2800 post
3126 2732 3487 2785 consecratio-

154 2829 295 2883 nem;
323 2821 379 2870 at
406 2817 463 2871 in
491 2816 786 2872 Gallicano
811 2821 865 2870 et
889 2815 1229 2870 Mozarabico
1251 2813 1439 2868 statim
1457 2818 1580 2884 post
1597 2812 1956 2868 oblationem.
1980 2813 2136 2866 Hunc
2157 2813 2330 2867 ritum
2357 2813 2674 2884 improbare
2693 2816 2911 2870 videtur
2926 2816 3280 2872 Innocentius
3298 2834 3445 2890 papa
3466 2820 3486 2874 l

154 2900 204 2954 in
227 2904 445 2974 epistola
469 2906 542 2960 ad
572 2905 922 2974 Decentiem,
953 2921 1075 2975 cap.
1103 2907 1156 2973 2,
1185 2902 1284 2958 ubi
1308 2903 1512 2957 rectius
1538 2906 1697 2972 putat
1734 2900 1963 2954 nomina
1991 2901 2209 2956 recitari
2250 2922 2277 2949 ‹‹
2305 2902 2454 2957 inter
2490 2919 2641 2958 sacra
2671 2905 2954 2975 mysteria,
2983 2927 3010 2953 »
3043 2906 3101 2960 id
3126 2911 3210 2960 est
3239 2905 3305 2975 (si
3341 2907 3485 2961 bene

155 2991 308 3063 capio)
335 2991 394 3048 in
419 2993 544 3065 ipso
573 2995 830 3060 Canone,
859 3009 1030 3064 quam
1065 3013 1092 3041 «
1118 2993 1266 3046 inter
1293 2991 1402 3044 alia
1427 3007 1553 3061 quae
1581 2989 1848 3060 praemitti
1873 3011 1900 3038 ››
1931 2989 2130 3044 solent.
2157 2990 2332 3044 Verba
2359 2991 2480 3062 ejus
2506 2992 2731 3062 integra
2755 2993 2866 3048 huc
2885 2993 3094 3049 referre
3113 2995 3275 3064 juvat
3305 3011 3319 3048 :
3355 3015 3382 3043 «
3409 2995 3485 3050 De
3552 2980 3558 2989 ’

154 3082 452 3138 nominibus
479 3101 626 3139 vero
655 3083 972 3151 recitandis,
1001 3087 1304 3152 antequam
1334 3096 1524 3150 preces
1549 3079 1804 3133 sacerdos
1826 3077 2010 3145 faciat,
2039 3082 2206 3150 atque
2232 3095 2429 3134 eorum
2457 3079 2782 3148 oblationes,
2811 3098 3059 3154 quorum
3083 3082 3312 3137 nomina
3340 3081 3482 3136 reci-

155 3169 302 3225 tanda
325 3179 474 3239 sunt,
505 3190 614 3228 sua
643 3171 899 3226 oratione
925 3169 1300 3236 commendet,
1332 3184 1502 3240 quam
1529 3167 1878 3237 superﬂuum
1908 3165 1998 3234 sit,
2025 3171 2083 3220 et
2109 3167 2227 3237 ipse
2257 3184 2360 3238 pro
2389 3172 2485 3222 tua
2510 3169 2812 3239 prudentia
2831 3170 3218 3242 recognoscis:
3241 3176 3307 3226 ut
3325 3171 3484 3242 cujus

157 3256 374 3316 hostiam
397 3261 653 3316 necdum
685 3261 800 3314 Deo
825 3259 1045 3326 offeras,
1073 3258 1194 3329 ejus
1221 3261 1350 3311 ante
1379 3271 1587 3310 nomen
1616 3255 2172 3322 insinuestuamvis
2197 3255 2278 3309 illi
2303 3255 2658 3327 incognitum
2686 3258 2757 3312 sit
2779 3258 2942 3314 nihil.
2969 3260 3126 3314 Prius
3151 3275 3289 3330 ergo
3328 3260 3481 3314 obla-

157 3350 314 3403 tiones
337 3355 466 3404 sunt
489 3348 990 3416 commendandae,
1015 3364 1079 3400 ac
1104 3351 1238 3401 tunc
1264 3361 1460 3400 eorum
1487 3343 1737 3412 nomina,
1765 3359 2010 3415 quorum
2033 3348 2164 3398 sunt
2191 3343 2520 3413 oblationes,
2549 3345 2836 3413 edicenda,
2883 3352 2948 3402 ut
2981 3347 3130 3402 inter
3165 3365 3321 3402 sacra
3356 3365 3480 3419 my-

157 3439 303 3492 steria
328 3438 726 3505 nominentur,
757 3453 871 3492 non
901 3436 1051 3491 inter
1071 3435 1180 3490 alia
1217 3450 1345 3506 quae
1385 3437 1514 3488 ante
1551 3431 1970 3504 praemittimus,
2016 3436 2081 3485 ut
2117 3431 2254 3502 ipsis
2291 3431 2570 3500 mysteriis
2615 3433 2762 3488 viam
2801 3434 3004 3490 futuris
3047 3436 3309 3507 precibus
3344 3453 3478 3509 ape-

157 3543 366 3583 namus.
395 3550 422 3577 »

219 3702 293 3753 l2.
321 3699 396 3754 De
420 3698 510 3752 his
536 3695 827 3769 diptychis
852 3699 1030 3750 exstat
1055 3692 1331 3764 Sigebaldi
1357 3691 1670 3762 Anglorum
1698 3689 1847 3760 regis
1871 3687 2101 3760 epistola
2127 3687 2198 3742 ad
2227 3687 2573 3744 Bonifacium
2591 3690 2892 3761 praesulem
2907 3693 3322 3764 Moguntinum,
3348 3713 3478 3768 quin

157 3794 227 3843 est
247 3789 386 3844 inter
411 3786 805 3842 Bonifacianas
825 3783 1020 3838 ordine
1043 3783 1130 3851 49,
1159 3781 1218 3836 in
1244 3797 1357 3852 qua
1381 3781 1503 3835 haec
1531 3779 1773 3850 legimus
1797 3777 1866 3832 ad
1893 3775 2241 3848 propositum
2271 3793 2286 3831 :
2319 3796 2349 3826 «
2375 3777 2579 3832 Notum
2604 3777 2676 3834 sit
2702 3779 2804 3834 tibi
2829 3780 2980 3852 quod
3007 3797 3077 3836 ex
3101 3798 3168 3838 eo
3213 3785 3474 3856 tempore

158 3893 341 3932 nomen
357 3883 522 3932 tuum
533 3873 888 3946 adscriptum
904 3872 1247 3938 habuissem,
1270 3886 1400 3924 cum
1420 3870 1718 3924 missarum
1730 3866 2002 3923 solemnia
2020 3864 2382 3936 celebrarem,
2407 3865 2575 3922 simul
2598 3883 2728 3922 cum
2742 3868 3067 3926 nominibus
3087 3873 3478 3945 episcoporum

158 3973 474 4035 nostrorum,
503 3988 532 4015 »ι
563 3969 715 4033 etc.,
731 3962 826 4017 ubi
844 3961 1026 4016 obiter
1048 3965 1183 4015 nota
1207 3959 1438 4014 verbum
1463 3959 1799 4019 celebrarem,
1823 3970 1936 4027 quo
1955 3971 2054 4010 rex
2076 3953 2278 4012 utitur.
2306 3955 2477 4026 Cujus
2501 3955 2584 4010 rei
2613 3958 2870 4030 exempla
2894 3960 3188 4016 retulimus
3214 3961 3273 4017 in
3307 3961 3406 4018 lib.
3436 3979 3476 4034 ι,

159 4072 264 4126 cap.
289 4059 339 4122 6,
366 4072 528 4110 num.
559 4059 615 4110 5.
648 4055 825 4109 Porro
851 4051 972 4106 haec
993 4049 1291 4104 nominum
1319 4047 1568 4103 recitatio
1594 4047 1654 4120 in
1677 4043 1919 4100 Ecclesia
1947 4044 2135 4104 Graeca
2159 4042 2328 4097 ﬁebat
2352 4059 2456 4115 per
2479 4045 2796 4116 diaconum,
2817 4048 2969 4120 apud
2990 4048 3209 4104 Latinos
3229 4065 3332 4122 per
3354 4051 3479 4106 sub-

158 4145 454 4216 diaconum,
479 4149 550 4200 ut
574 4146 738 4215 patet
761 4157 832 4197 ex
855 4140 1121 4196 Folcuino
1148 4137 1427 4194 monacho
1459 4135 1508 4208 1
1522 4134 1649 4209 83
1677 4133 1974 4190 Laubiensi
2001 4133 2062 4188 in
2084 4132 2346 4188 Chronici
2364 4134 2688 4190 Laubiensis
2707 4153 2828 4208 cap.
2857 4141 2890 4192 7
2919 4155 2934 4192 :
2962 4159 2990 4186 «
3011 4137 3159 4194 Dixit
3177 4140 3348 4195 etiam
3367 4141 3481 4212 epi-

159 4251 333 4306 scopus
359 4251 529 4307 supra
554 4231 884 4288 nominatus
913 4228 1140 4299 (scilicet
1161 4227 1438 4282 Adalbero
1470 4223 1819 4295 Rhemensis)
1847 4223 2324 4295 praedecessorum
2351 4239 2583 4278 suorum
2609 4225 2834 4281 ductam
2858 4243 3037 4300 usque
3061 4229 3132 4284 ad
3158 4245 3216 4284 se
3241 4245 3476 4285 consue-

159 4323 392 4379 tudinem
436 4329 504 4378 ut
528 4323 686 4378 inter
710 4320 1013 4376 missarum
1040 4317 1329 4386 solemnia,
1359 4316 1417 4370 in
1445 4331 1510 4370 ea
1536 4313 1767 4386 speciali
1792 4311 2327 4368 commemoratione
2375 4312 2788 4384 defunctorum,
2835 4332 2962 4388 quia
3007 4333 3178 4388 supra
3217 4318 3478 4390 diptycha

158 4411 356 4481 dicitur,
387 4417 442 4468 et
473 4413 532 4467 in
578 4408 996 4465 consecratione
1035 4405 1309 4460 Dominici
1347 4403 1594 4475 corporis
1633 4401 1955 4457 solemniter
1995 4399 2218 4471 agitur;
2248 4401 2496 4472 quotidie
2523 4401 2582 4456 in
2620 4419 2817 4459 aurem
2857 4404 3189 4476 presbyteri,
3211 4407 3479 4462 recitante

159 4501 365 4556 silenter
398 4501 770 4568 subdiacono,
803 4496 1060 4552 omnium
1100 4494 1277 4566 ipsius
1303 4493 1446 4548 sedis
1471 4492 1702 4547 nomina
1731 4490 1937 4562 scripto
1967 4487 2276 4543 recitentur
2302 4489 2714 4560 episc0porum.
2749 4512 2777 4540 ››
2823 4493 3059 4548 Nomina
3086 4494 3206 4548 haec
3227 4494 3478 4564 catalogo

161 4587 405 4661 inscripta
434 4593 601 4646 erant
631 4611 659 4638 ι(
685 4588 786 4660 qui
814 4603 970 4641 sacro
994 4583 1157 4639 altari
1185 4588 1438 4654 tempore
1463 4579 1716 4636 sacriﬁcii
1745 4577 2246 4650 superponebatur,
2273 4598 2300 4625 »
2331 4593 2399 4632 ex
2428 4577 2628 4632 litteris
2653 4579 2928 4636 societatis
2953 4581 3105 4637 initae
3132 4581 3282 4638 inter
3309 4598 3474 4638 cano-

164 4677 298 4733 nicos
321 4679 726 4734 Laudunenses
753 4679 810 4732 et
835 4673 1138 4730 monachos
1163 4671 1542 4742 Bemigianos.
1565 4669 1816 4741 Denique
1835 4667 1892 4722 id
1919 4682 2099 4738 genus
2116 4665 2378 4736 diptycha
2407 4669 2568 4720 erant
2588 4667 2645 4721 in
2672 4684 2778 4722 usu
2802 4684 2982 4740 usque
3007 4671 3078 4726 ad
3103 4671 3371 4727 saeculum
3399 4687 3475 4740 ιι,

162 4770 216 4818 ut
237 4783 298 4820 ex
325 4766 616 4839 Micrologi
643 4783 765 4836 cap.
802 4767 864 4819 l3
895 4768 952 4818 et
977 4778 1049 4818 ex
1073 4759 1268 4816 Leonis
1297 4759 1564 4815 Ostiensis
1589 4758 1686 4812 lib.
1707 4773 1768 4824 ιι,
1795 4771 1918 4826 cap.
1948 4757 2034 4822 73,
2064 4753 2424 4809 manifestum
2451 4760 2553 4810 est.
2582 4757 2954 4827 Hermannus,
2986 4761 3192 4814 saeculo
3219 4762 3476 4832 sequenti

161 4855 291 4924 apud
307 4857 626 4911 Tornacum
645 4853 821 4909 sancti
843 4851 1062 4908 Martini
1082 4849 1412 4918 monachus,
1435 4848 1586 4902 hunc
1616 4846 1788 4900 ritum
1805 4861 1904 4899 suo
1923 4847 2175 4914 tempore
2191 4843 2251 4897 in
2270 4844 2695 4900 desuetudinem
2715 4846 2912 4902 abiisse
2939 4847 3123 4903 innuit
3147 4849 3237 4903 his
3262 4849 3473 4904 verbis:

166 4964 186 4987 α
211 4944 312 4998 Mos
347 4944 664 5016 antiquitus
698 4941 987 4996 institutus
1021 4943 1156 4994 tunc
1193 4937 1462 5008 temporis
1495 4935 1821 4992 servabatur
1858 4933 1915 4986 in
1943 4931 2218 5000 Ecclesiis,
2246 4935 2312 4986 ut
2349 4932 2580 4987 nomina
2613 4935 2850 4990 fratrum
2885 4935 3474 5007 circumadiacentium

162 5031 523 5100 ecclesiarum,
551 5031 762 5104 quibus
801 5045 860 5084 se
897 5032 1123 5083 mutuas
1159 5026 1434 5080 orationes
1473 5024 1698 5091 debere,
1736 5022 1823 5076 vel
1850 5021 2172 5075 societatem
2201 5021 2522 5091 promisisse
2548 5027 2836 5092 noverant,
2867 5041 3037 5096 super
3064 5031 3478 5080 sacrosanctum
3573 5063 3580 5071 -

161 5118 312 5176 altare
325 5122 535 5194 scripta
559 5123 912 5192 ponerentur
940 5135 954 5172 :
975 5120 1252 5188 quatenus
1276 5115 1531 5169 sacerdos
1557 5113 1787 5167 missam
1811 5109 2165 5167 cantantibus
2191 5110 2526 5164 nominatim
2553 5112 2829 5183 recitaret,
2861 5129 2990 5168 cum
3014 5115 3085 5169 ad
3106 5115 3266 5169 illum
3293 5115 3480 5170 locum

163 5207 379 5264 venisset
405 5226 418 5264 :
447 5213 736 5275 Memento,
765 5209 1005 5268 Domine,
1030 5206 1366 5272 famulorum
1389 5203 1828 5270 famularumque
1863 5203 2097 5260 tuarum,
2128 5201 2225 5267 qui
2254 5213 2348 5252 nos
2370 5205 2752 5268 praecesserunt
2783 5216 2903 5256 cum
2925 5205 3079 5274 signo
3101 5205 3246 5272 ﬁdei,
3277 5209 3328 5260 et
3349 5205 3476 5259 dor-

162 5298 317 5351 miunt
347 5301 406 5352 in
434 5314 625 5353 somno
658 5299 828 5368 pacis.
867 5296 1021 5350 Tunc
1059 5293 1213 5348 enim
1247 5305 1394 5347 unus
1433 5291 1821 5346 ministrorum
1858 5286 2047 5340 altaris
2083 5285 2135 5340 ei
2164 5286 2548 5358 propinquans
2570 5289 2947 5358 praesentabat
2973 5291 3275 5349 recitanda.
3306 5313 3333 5342 »
3363 5293 3480 5348 [mo

165 5384 397 5441 minister
421 5387 544 5458 ipse
571 5385 866 5453 recitabat,
905 5387 968 5438 ut
991 5398 1125 5438 mox
1153 5381 1416 5437 vidimus.
1447 5379 1686 5436 Consule
1715 5373 2083 5432 eruditissimi
2107 5373 2304 5446 Cangii
2332 5374 2766 5432 observationes.
2999 5390 3010 5399 '

229 5548 304 5600 t3.
322 5547 511 5618 Itaque
529 5548 664 5618 post
677 5543 839 5617 panis
863 5549 920 5600 et
947 5543 1064 5599 vini
1096 5541 1440 5598 oblationem
1470 5539 1532 5594 in
1557 5538 1767 5594 Ordine
1791 5535 2068 5590 Callicano
2093 5534 2348 5590 vivorum
2367 5537 2424 5590 et
2451 5540 2805 5593 mortuorum
2823 5539 3056 5596 nomina
3079 5542 3476 5613 recitabantur,

166 5645 223 5687 ex
246 5633 398 5691 dictis
425 5651 440 5690 :
472 5634 574 5692 sed
614 5633 798 5706 qualis
825 5635 970 5688 esset
991 5631 1154 5705 panis
1195 5631 1432 5695 oblatus,
1463 5643 1578 5683 non
1615 5627 1744 5682 satis
1769 5623 2159 5696 eXplicuimus.
2191 5623 2551 5680 Eucharistiae
2576 5626 2906 5698 particulam
2930 5630 3001 5686 ad
3026 5631 3479 5687 communionem

164 5719 214 5774 in
246 5720 428 5796 184
479 5738 688 5778 manus
716 5721 903 5777 datam
932 5721 1103 5777 fuisse
1128 5719 1284 5777 testis
1309 5722 1392 5774 est
1415 5715 1715 5788 Gregorius
1738 5715 1799 5769 in
1825 5713 2078 5768 Historias
2104 5713 2201 5768 lib.
2229 5730 2284 5784 x,
2315 5731 2434 5786 cap.
2465 5717 2516 5784 8,
2545 5731 2608 5770 ac
2634 5716 2869 5789 proinde
2896 5734 2965 5774 ex
2993 5718 3191 5790 majori
3216 5733 3360 5789 pane
3385 5717 3479 5772 de-

167 5816 414 5882 cerptam.
442 5812 664 5868 Smculo
685 5827 738 5864 Ix
757 5811 818 5864 in
842 5810 1015 5866 Gallia
1039 5827 1161 5865 mos
1181 5812 1320 5877 erat,
1341 5811 1403 5862 ut
1423 5805 1586 5878 panis
1610 5805 1702 5860 ille
1729 5803 1880 5860 intra
1903 5801 2118 5857 ferrum
2147 5801 2488 5858 oblatorium
2516 5805 2822 5876 (Udalricus
2837 5805 3278 5861 characteratum
3300 5803 3473 5872 vocat)

167 5906 497 5969 coqueretur,
533 5903 597 5955 ut
621 5916 692 5955 ex
719 5898 865 5954 libro
891 5899 959 5954 de
985 5897 1255 5956 Miraculis
1293 5894 1466 5952 sancti
1490 5891 1900 5964 Wandregisili,
1932 5889 2167 5962 aliisque
2192 5890 2550 5962 probavimus
2577 5892 2634 5948 in
2661 5892 2754 5948 lib.
2784 5893 2853 5946 de
2877 5895 3082 5964 Azymo
3111 5908 3232 5964 cap.
3261 5893 3292 5944 8
3313 5889 3472 5944 Panis
