3976 6410
1557 261 1582 294 ο

442 345 544 411 ἓ23
772 354 1099 412 ΑΡΡΕΝΒΙΧ
1141 354 1224 408 AD
1262 354 1481 409 OI’ERA
1521 354 1753 410 SANCTI
1789 353 2084 409 GERMANI
2123 352 2548 407 PARISIENSIS.
2591 351 2677 408 DE
2715 351 2976 407 LITCRG.
3017 352 3164 408 GAL.
3207 353 3332 409 LIB.
3375 353 3463 410 III.
3707 354 3830 410 22'1-

438 463 650 520 rotulas
681 464 764 520 Iso
791 463 964 520 sancti
1001 461 1138 518 Galli
1175 463 1486 519 monachus
1513 463 1760 536 appellat
1795 463 2006 517 oblatas
2031 461 2151 516 illas
2179 477 2304 533 quae
2331 461 2475 516 circa
2512 463 2709 533 pectus
2747 461 2925 517 sancti
2951 461 3210 518 Othmari
3238 463 3445 519 saeculo
3471 479 3530 520 Ix
3558 469 3823 537 reperta

439 560 572 610 sunt
596 555 783 610 11110810
816 572 829 610 :
859 555 1049 627 quales
1079 554 1286 610 scilicet
1313 555 1372 609 in
1399 555 1619 610 tumulo
1647 555 2044 610 defunctorum
2071 553 2424 608 sacerdotum
2453 552 2662 624 apponi
2689 569 2811 606 mos
2839 557 2977 623 erat,
3010 557 3150 608 teste
3181 571 3464 626 anonymo
3502 555 3720 628 aequali
3756 555 3828 611 in

437 643 536 700 lib.
570 661 625 698 1v
659 646 727 699 de
756 647 877 700 Vita
919 645 1096 699 sancti
1135 645 1428 700 Cuthberti
1458 644 1702 716 episcopi
1743 643 2230 708 Lindisfarnensis,
2261 642 2361 712 qui
2401 664 2428 690 «
2459 647 2574 697 toto
2601 659 2834 714 corpore
2861 643 3063 710 lavato,
3091 644 3272 714 capite
3301 645 3528 700 sudario
3555 645 3824 700 circum-

437 733 584 802 dato,
615 735 815 788 oblatis
844 752 1012 807 super
1039 740 1297 790 sanctum
1327 739 1522 804 pectus
1547 734 1761 805 positis,
1793 734 2125 788 vestimenta
2151 733 2512 786 sacerdotalia
2557 732 2809 801 indutus,
2840 755 2868 781 »
2923 732 2982 786 in
3009 733 3268 803 sepulcro
3292 734 3518 805 lapideo
3547 735 3829 806 sepultus

437 830 539 880 est.
560 826 770 880 Prester
796 826 917 880 haec
943 825 1086 880 nihil
1114 826 1181 879 de
1209 840 1348 895 pane
1379 823 1746 877 eucharistico
1774 823 1831 876 in
1858 823 2047 876 Galliis
2066 839 2168 893 per
2189 839 2256 876 ea
2275 827 2528 892 tempora
2555 822 2806 876 adhibito
2835 823 3132 891 succurrit,
3156 823 3264 876 nisi
3283 824 3432 894 quod
3451 823 3831 878 nobilissima.

436 913 695 984 quaedam
724 919 1002 982 matrona,
1026 915 1253 968 nomine
1285 912 1690 980 Ermentrudis,
1722 912 1967 966 basilicae
1999 912 2175 965 sancti
2204 911 2513 966 Sinsuriani
2542 911 2984 979 (Simfurianum,
3010 929 3110 966 seu
3138 913 3624 984 Symphorianum
3651 913 3833 968 intel-

436 1003 570 1074 ligo)
589 1004 711 1058 sitae
730 1004 790 1059 in
811 1022 956 1076 pago
977 1003 1263 1069 Mcldcnsi,
1287 1003 1546 1073 quaedam
1572 1003 1744 1072 legat,
1773 1003 1972 1056 «unde
1995 1003 2065 1056 ad
2087 1003 2268 1072 ipsam
2295 1001 2582 1055 basilicam
2602 1001 2784 1054 oblata
2810 1001 3060 1071 quotidie
3082 1002 3472 1057 ministretur:
3500 1023 3528 1054 »
3553 1003 3830 1075 itemque

436 1092 508 1146 ad
534 1093 842 1148 oratorium
871 1093 1134 1148 Latiniaci
1159 1093 1218 1146 in
1245 1093 1444 1147 eodem
1473 1108 1618 1162 pago
1652 1091 1823 1161 (quod
1863 1091 2208 1144 Latiniacum
2245 1091 2317 1144 ad
2357 1089 2664 1143 discrimen
2699 1089 2929 1142 alterius
2959 1089 3179 1144 Siccum
3209 1091 3547 1162 appellatur)
3581 1092 3830 1146 vineam

438 1181 554 1249 dat,
577 1183 725 1237 unde
750 1183 960 1237 ibidem
979 1183 1172 1238 Oblata
1199 1186 1473 1236 occurrat.
1499 1204 1526 1230 »
1551 1181 1709 1245 Quod
1733 1180 1991 1234 similiter
2011 1181 2079 1234 de
2099 1181 2207 1233 alia
2231 1179 2394 1233 vinea
2414 1179 2484 1232 ad
2505 1195 2672 1232 usum
2694 1179 2936 1233 ecclesiae
2965 1179 3141 1234 sancti
3169 1180 3573 1251 Symphoriani
3605 1181 3830 1236 consti-

437 1270 566 1325 tuit.
601 1271 923 1342 Signantius
947 1288 1079 1326 vero
1109 1288 1336 1326 servum
1363 1271 1668 1342 quemdam
1696 1269 2068 1338 manumittit,
2102 1285 2166 1324 ea
2192 1268 2530 1336 conditione,
2567 1289 2595 1316 (ί
2625 1273 2688 1322 111
2718 1267 2874 1337 ligna
2915 1273 3138 1322 tantum
3166 1270 3238 1323 ad
3267 1271 3452 1324 oblata
3481 1271 3832 1326 faciendum

437 1359 756 1414 ministrare
792 1367 1074 1432 procuret.
1108 1384 1135 1410 »
1171 1363 1279 1416 Hoc
1319 1365 1720 1415 testamentum
1757 1359 2198 1430 autographum,
2239 1358 2337 1412 sed
2373 1357 2660 1425 mutilum,
2707 1357 3027 1411 invenimus
3073 1358 3132 1412 in
3171 1359 3398 1413 archivo
3438 1360 3826 1430 Dionysiano,

437 1449 710 1519 scriptum
736 1451 796 1504 in
821 1451 1015 1506 charta
1041 1467 1141 1506 seu
1168 1468 1381 1522 papyro
1408 1450 1732 1520 Aigyptiaca
1766 1465 1779 1503 :
1813 1465 1924 1520 qua
1952 1449 2010 1501 in
2041 1449 2234 1502 charta
2261 1452 2516 1502 exaratus
2544 1451 2662 1500 erat
2688 1446 2779 1501 1110
2813 1447 3114 1516 Augustini
3139 1448 3348 1514 Codex,
3377 1465 3550 1520 quem
3579 1449 3832 1504 Ruricio

439 1537 820 1592 Lemovicensi
860 1540 1120 1610 episcopo
1157 1540 1436 1594 submittit
1472 1539 1792 1594 Turentius.
1826 1559 1851 1585 ‹‹
1880 1538 2215 1592 Cbartaceus
2249 1537 2392 1591 liber
2421 1540 2524 1602 est,
2553 1536 2757 1605 inquit,
2787 1541 2845 1589 et
2880 1537 2950 1589 ad
2974 1536 3268 1590 ferendam
3301 1537 3572 1606 injuriam
3602 1554 3832 1608 parum

439 1624 620 1695 fortis,
650 1629 782 1698 quia
817 1629 980 1683 citius
1007 1631 1220 1695 charta,
1257 1630 1398 1683 sicut
1423 1628 1616 1694 nostis,
1646 1632 1920 1681 vetustate
1950 1627 2321 1681 consumitur.
2351 1647 2378 1674 ››
2412 1625 2649 1694 Insignis
2680 1625 2748 1678 de
2775 1625 2967 1678 charta
3002 1626 3326 1695 zEgyptiaca
3361 1627 3544 1694 locus;
3585 1627 3691 1680 sed
3725 1627 3830 1680 in-

441 1714 676 1785 signior,
701 1721 757 1772 et
775 1718 844 1771 ad
870 1718 1192 1773 institutum
1223 1717 1412 1790 185
1442 1724 1698 1772 nostrum
1728 1716 2098 1786 opportunior
2133 1716 2276 1770 alter
2307 1731 2376 1770 ex
2402 1719 2736 1769 testamento
2764 1715 3154 1768 Ermentrudis
3175 1731 3188 1768 :
3209 1731 3279 1770 ex
3305 1731 3420 1786 quo
3446 1715 3829 1785 intelligitur,

443 1810 700 1876 tempore
739 1807 1125 1877 Merovingicae
1171 1807 1376 1877 stirpis,
1416 1823 1622 1877 panem
1670 1805 1926 1860 sacriﬁcii
1968 1805 2237 1876 peculiari
2276 1804 2480 1874 studio,
2520 1808 2584 1858 ut
2622 1805 2812 1858 Patres
2850 1804 3073 1858 concilii
3114 1820 3169 1858 ιγ
3211 1805 3481 1870 Toletani,
3523 1821 3750 1860 canone
3795 1808 3832 1860 6

413 1896 715 1963 ‘statuunt,
745 1896 897 1966 apud
923 1897 1102 1951 Gallos
1130 1896 1509 1966 compositum
1547 1895 1742 1949 fuisse.

518 2031 604 2084 14.
645 2029 727 2083 Ad
762 2031 972 2085 oblatas
1003 2032 1360 2102 excipiendas
1386 2029 1719 2084 inserviebat
1749 2029 2098 2083 offertorium
2119 2047 2135 2097 ;
2159 2029 2342 2108 colum
2375 2046 2502 2083 vero
2531 2045 2630 2083 seu
2659 2028 2991 2082 colatorium
3021 2029 3090 2083 ad
3121 2029 3318 2084 vinum
3348 2032 3828 2104 expurgandum.

444 2117 741 2172 Otl‘ertoria
769 2135 896 2172 vasa
924 2124 1080 2173 erant
1110 2137 1141 2173 a
1168 2121 1386 2190 patenis
1415 2119 1698 2188 distincta,
1727 2119 1783 2172 in
1813 2136 1939 2189 quae
1963 2119 2210 2190 populus
2238 2135 2445 2189 panem
2471 2120 2723 2172 oblatum
2761 2119 2831 2172 ad
2871 2120 3042 2172 altare
3079 2119 3396 2190 deponebat
3424 2137 3438 2174 :
3467 2138 3594 2192 quas
3622 2123 3831 2192 primo

444 2207 616 2260 solida
647 2213 838 2276 erant;
879 2209 1080 2263 deinde
1117 2211 1283 2277 linea,
1315 2227 1414 2262 seu
1457 2209 1682 2275 scricca,
1712 2213 1806 2263 aut
1835 2226 1902 2262 ex
1933 2209 2185 2280 qualibet
2226 2209 2393 2262 simili
2434 2209 2686 2263 materia.
2718 2210 2904 2264 Unum
2950 2225 3206 2278 aureum,
3237 2210 3343 2264 alia
3373 2217 3646 2282 argentea
3690 2229 3829 2268 me-

444 2301 627 2351 morat
661 2302 818 2352 vetus
853 2299 1166 2352 Cbronicon
1196 2300 1615 2353 Fontanellense
1647 2300 1706 2351 111
1735 2315 1854 2368 cap.
1893 2301 1976 2365 16,
2005 2299 2100 2351 ubi
2129 2299 2196 2350 de
2225 2299 2495 2368 Ansegiso
2525 2299 2724 2353 abbate
2759 2317 2771 2352 :
2810 2320 2836 2346 α
2865 2298 3225 2352 01101101111111
3253 2316 3493 2354 0111011111
3535 2318 3673 2354 011111
3713 2319 3830 2372 pa-

443 2389 573 2438 tena
599 2403 697 2440 sua
722 2404 893 2442 aurea
919 2405 1088 2459 opere
1117 2389 1381 2443 mirabili.
1413 2410 1440 2436 »
1473 2390 1538 2442 Et
1565 2388 1709 2441 infra
1739 2405 1752 2440 :
1783 2387 2144 2440 Otfertorium
2171 2391 2504 2456 argenteum
2533 2387 2787 2456 ejusdem
2813 2386 3018 2456 calicis,
3050 2387 3264 2441 habens
3293 2389 3545 2458 effigiem
3580 2391 3832 2446 mirifici

445 2475 657 2544 operis;
699 2477 808 2531 alia
849 2479 1132 2532 offertoria
1171 2484 1439 2549 argentea
1481 2495 1612 2532 eum
1650 2479 1867 2548 patenis
1906 2477 2188 2546 argenteis
2231 2478 2580 2532 eorumdem.
2624 2477 2778 2531 Unde
2823 2481 2977 2547 patat
3015 2477 3369 2532 ofl‘ertorium
3417 2495 3548 2532 cum
3587 2482 3833 2550 patenis

443 2563 614 2618 fuisse
651 2567 836 2620 calicis
875 2569 1269 2639 appendicem,
1306 2573 1569 2639 patenam
1602 2585 1734 2621 vero
1772 2567 2061 2620 0110110111.
2102 2567 2314 2621 Similia
2364 2567 2484 2620 loca
2520 2567 2670 2637 apud
2706 2566 3021 2620 Ilariulfum
3059 2567 3118 2620 in
3157 2567 3420 2621 Chronici
3458 2569 3835 2624 Centulensis

446 2653 543 2706 lib.
578 2671 637 2721 n,
667 2672 768 2726 cap
795 2659 878 2726 10,
911 2663 967 2712 et
995 2659 1144 2727 apud
1173 2659 1458 2712 Ardonem
1485 2658 1542 2712 in
1570 2659 1714 2711 libro
1743 2658 1810 2710 de
1839 2657 1959 2710 Vita
1989 2656 2274 2710 Benedicti
2302 2657 2655 2722 Aniancnsis,
2686 2671 2847 2710 num.
2875 2659 2964 2722 25,
2994 2672 3119 2726 qua:
3151 2673 3281 2712 cum
3307 2657 3430 2710 aliis
3456 2657 3635 2711 habes
3663 2659 3838 2729 apud

445 2741 742 2812 Cangium,
772 2745 1084 2817 itidemque
1113 2748 1263 2800 varia
1294 2747 1615 2800 testimonia
1642 2747 1710 2799 de
1737 2745 2034 2799 offertoriis
2061 2745 2225 2798 lineis
2255 2750 2310 2799 et
2340 2746 2584 2800 sericeis.
2617 2747 2806 2814 Itaque
2833 2745 3182 2799 otl‘ertorium
3211 2746 3283 2799 ad
3318 2747 3686 2816 excipiendas
3715 2766 3831 2819 pa-

444 2830 532 2882 nis
559 2831 787 2900 oblatas,
816 2839 1019 2904 patena
1044 2837 1114 2890 ad
1144 2837 1369 2889 easdem
1395 2836 1797 2889 consecrandas
1823 2835 2217 2889 adhibebatur.
2240 2835 2353 2888 Nisi
2381 2835 2551 2903 dicas,
2574 2835 2632 2888 in
2654 2840 2853 2904 patena
2885 2835 3192 2905 repositam
3217 2835 3385 2890 fuisse
3414 2835 3663 2890 hostiam
3691 2855 3837 2909 quae

446 2921 719 2975 sacerdoti
754 2922 1044 2992 signanter
1081 2925 1346 2995 deputata
1381 2931 1519 2994 erat,
1550 2926 1683 2979 alias
1720 2925 1779 2979 in
1821 2925 2102 2978 oll'ertorio
2145 2925 2214 2978 ad
2253 2925 2713 2979 communionem
2742 2923 3016 2978 fidelium.
3053 2927 3111 2978 In
3139 2925 3438 2980 offertoriis
3466 2942 3602 2980 vero
3629 2927 3832 2997 lineis,

447 3025 573 3078 quae
598 3011 785 3064 solidis
810 3018 1220 3082 successerunt,
1251 3015 1677 3084 excipiebantur
1700 3015 1897 3068 itidem
1925 3015 2124 3068 oblatae
2153 3030 2166 3068 :
2201 3016 2486 3086 simulque
2514 3014 2655 3068 calix
2684 3019 2739 3068 et
2765 3019 2990 3084 patena,
3023 3014 3160 3069 dum
3188 3015 3464 3070 sacerdoti
3491 3016 3832 3072 offereban-

448 3099 560 3162 tur,
590 3097 790 3152 iisdem
816 3100 1110 3155 offertoriis
1131 3103 1575 3158 involvebantur.
1611 3104 1667 3157 Id
1696 3105 1865 3158 etiam
1899 3120 2051 3157 nunc
2079 3105 2139 3157 in
2164 3121 2292 3171 usu,
2322 3109 2385 3158 ut
2427 3109 2629 3174 patena
2655 3104 2776 3157 velo
2805 3103 3066 3158 obvoluta
3097 3108 3356 3159 teneatur
3379 3122 3411 3158 a
3439 3105 3839 3178 subdiacono,

447 3185 682 3240 diacono
709 3189 1068 3260 porrigenda,
1098 3196 1153 3246 et
1183 3193 1241 3246 in
1271 3191 1606 3263 quibusdam
1648 3192 1905 3247 Ecclesiis
1933 3193 2094 3260 calix,
2125 3193 2238 3246 imo
2269 3193 2438 3248 etiam
2467 3193 2731 3266 ampullze
2757 3209 2886 3246 cum
2917 3193 3051 3248 velis
3077 3194 3146 3249 ad
3176 3194 3351 3250 altare
3377 3194 3740 3265 deferantur,
3764 3203 3836 3252 ut

447 3272 507 3327 in
550 3275 874 3332 Rhemensi.

522 3399 712 3476 186
751 3409 835 3460 15.
875 3407 1092 3476 Colum,
1126 3425 1223 3462 seu
1261 3409 1609 3478 colatorium,
1636 3410 1843 3463 vasculi
1869 3425 1966 3463 seu
1993 3409 2299 3463 cochlearis
2331 3426 2510 3479 genus
2539 3413 2681 3476 erat,
2705 3409 3049 3464 tenuissimis
3079 3426 3144 3464 ac
3172 3409 3554 3464 subtilissimis
3579 3411 3832 3468 forami-

447 3492 616 3545 nibus
653 3494 711 3548 in
750 3496 863 3550 imo
890 3497 1064 3550 fundo
1105 3500 1391 3568 perforati,
1429 3516 1532 3570 per
1567 3499 1720 3569 quod
1746 3499 1941 3552 vinum
1967 3515 2036 3552 ex
2062 3499 2267 3552 amulis
2293 3515 2389 3553 seu
2420 3499 2684 3568 ampullis
2712 3499 2768 3552 in
2799 3499 3114 3569 subjectum
3135 3499 3367 3553 calicem
3391 3499 3830 3558 effundebatur.

451 3581 508 3634 Id
534 3583 662 3636 usui
688 3590 806 3638 erat
830 3586 889 3639 in
917 3588 1144 3641 ecclesia
1172 3589 1420 3642 Romana
1441 3589 1560 3657 jam
1593 3588 1724 3642 inde
1754 3605 1787 3641 a
1824 3589 2028 3642 saeculo
2054 3605 2107 3642 v.
2139 3590 2277 3642 Nam
2305 3589 2497 3642 charta
2525 3589 2865 3643 Cornutiana
2894 3592 3172 3642 memorat
3204 3611 3232 3636 ‹‹
3258 3589 3552 3643 hamulam
3592 3591 3833 3647 oblato-

445 3673 608 3741 riam,
643 3674 848 3744 colum,
873 3677 1419 3745 thymiamaterium.
1464 3700 1492 3726 ››
1537 3681 1624 3732 An
1663 3677 1834 3732 etiam
1877 3678 2028 3747 apud
2071 3678 2251 3731 Gallos
2287 3683 2415 3732 ante
2443 3683 2734 3748 receptum
2760 3677 2935 3732 ritum
2965 3679 3288 3732 Romanum
3313 3678 3486 3733 fuerit
3509 3679 3829 3752 usitatum,

444 3763 722 3818 incertum
757 3781 770 3818 :
801 3765 1080 3836 siquidem
1106 3767 1322 3820 nullam
1350 3767 1418 3820 de
1445 3767 1564 3820 colo
1591 3784 1687 3821 seu
1718 3767 1986 3822 colatorio
2014 3767 2363 3822 mentionem
2394 3768 2616 3838 reperio
2641 3768 2792 3838 apud
2819 3768 3081 3838 antiquos
3107 3774 3331 3822 nostros
3358 3768 3690 3838 scriptores,
3717 3773 3832 3826 Ca-

445 3853 549 3906 roli
576 3854 760 3923 Magni
786 3858 950 3908 aetate
977 3855 1316 3924 superiores,
1349 3856 1499 3925 quod
1527 3857 1696 3910 etiam
1721 3857 1790 3910 de
1818 3856 2104 3910 offertorio
2143 3857 2464 3912 dicendum.
2497 3859 2571 3912 De
2606 3857 2792 3910 11811110
2832 3857 3004 3911 0110111
3041 3874 3139 3911 8011
3167 3858 3402 3925 calamo,
3433 3874 3550 3930 quo
3581 3861 3836 3932 sanguis

444 3943 647 3997 Christi
673 3943 1058 4010 hauriebatur,
1089 3960 1203 3996 non
1228 3943 1416 3997 minor
1434 3944 1751 4000 difﬁcultas.
1775 3946 1908 4008 Quae
1934 3945 2124 4000 omnia
2149 3945 2209 4000 in
2237 3946 2528 4000 Gallicanis
2563 3945 2808 4001 ecclesiis
2835 3946 3034 4001 saltem
3053 3963 3086 4000 a
3105 3947 3306 4003 81001110
3333 3964 3389 4002 1x
3411 3947 3619 4004 usitata
3643 3949 3834 4005 fuisse

447 4034 682 4100 constat,
709 4032 944 4086 fortasse
971 4032 1233 4103 exemplo
1261 4033 1508 4087 ecclesia:
1536 4035 1828 4088 Romanae.

521 4167 605 4218 16.
639 4165 806 4219 Multa
833 4166 1111 4236 siquidem
1137 4183 1266 4222 cum
1291 4169 1405 4222 ritu
1433 4170 1686 4224 Romano
1715 4171 1772 4224 in
1802 4171 2146 4226 Gallicanum
2174 4172 2390 4226 invecta
2416 4176 2566 4227 sunt.
2600 4173 2756 4227 Unde
2775 4189 2963 4246 cappaz
2980 4173 3254 4227 Romanae
3278 4171 3338 4227 in
3359 4173 3628 4228 Chronici
3657 4175 3830 4232 Fon-

446 4252 770 4307 tanellensis
797 4270 918 4324 cap.
955 4258 1038 4323 16,
1066 4255 1162 4308 ubi
1193 4257 1362 4311 etiam
1391 4259 1694 4328 Ansegisus
1720 4259 1890 4313 abbas
1915 4283 1941 4308 ‹‹
1971 4261 2148 4315 011010
2175 4261 2233 4314 111
2261 4262 2476 4315 honore
2510 4267 2797 4332 perpetem
2824 4263 3058 4333 virginis
3085 4263 3270 4316 Mariae
3304 4262 3687 4334 (perhibetur)
3715 4267 3828 4321 de-

445 4357 665 4394 corasse
691 4341 882 4397 tabula
909 4343 1116 4413 lignea,
1145 4362 1315 4415 quam
1345 4346 1687 4414 imaginibus
1713 4350 1996 4420 argenteis
2027 4351 2258 4405 diversis
2285 4352 2591 4422 cooperuit.
2624 4373 2650 4400 »
2684 4353 2835 4407 Idem
2865 4353 2924 4406 in
2956 4352 3293 4406 Flaviacensi
3319 4353 3670 4408 monasterio
3705 4377 3738 4404 α
3767 4356 3832 4412 111

444 4429 660 4485 honore
704 4437 907 4485 sanctae
943 4433 1228 4487 Trinitatis
1270 4435 1557 4490 basilicam
1592 4437 1906 4506 mdiﬁcavit,
1935 4444 2063 4494 ante
2097 4441 2257 4508 cujus
2299 4457 2476 4509 aram,
2507 4441 2755 4495 tabulam
2786 4441 3069 4512 argenteis
3107 4441 3454 4512 imaginibus
3484 4441 3831 4500 decoratam

443 4520 746 4590 collocavit,
770 4522 986 4592 ipsique
1009 4539 1124 4576 arae
1151 4540 1376 4578 crucem
1397 4531 1729 4596 argenteam
1755 4527 2045 4598 imposuit,
2067 4529 2498 4600 universamque
2526 4530 2810 4584 basilicam
2841 4530 3006 4585 variis
3033 4530 3268 4601 picturis
3294 4530 3545 4585 decorari
3569 4531 3772 4602 jussit.
3797 4556 3825 4584 η

443 4612 582 4664 Ante
613 4627 742 4664 eum
768 4612 940 4666 Uvido
963 4613 1134 4668 abbas
1159 4615 1568 4669 Fontanellensi
1599 4618 1855 4673 Ecclesiae
1890 4640 1917 4666 ‹‹
1953 4619 2172 4672 tabulas
2211 4619 2506 4674 fabricatas
2539 4625 2668 4675 ante
2708 4621 2907 4675 altaria
2948 4625 3072 4675 octo
3101 4641 3129 4668 »
3158 4621 3453 4676 concessit.
3484 4622 3832 4694 Antiquitus

442 4699 652 4770 quippe
680 4701 829 4770 apud
856 4707 1129 4757 nostrates
1154 4704 1337 4758 Gallos
1370 4721 1484 4759 non
1509 4707 1724 4776 altaria,
1757 4708 1854 4763 sed
1891 4708 2131 4778 parietes
2173 4709 2411 4780 picturas
2441 4709 2796 4764 decorabant.
2825 4710 2996 4780 Cujus
3022 4709 3104 4764 rei
3139 4713 3484 4781 argumenta
3507 4712 3830 4769 retulimus

443 4787 504 4841 in
537 4788 633 4841 lib.
676 4805 711 4856 1,
751 4806 873 4860 cap.
915 4794 967 4846 8.
1011 4793 1241 4846 Accedit
1283 4793 1434 4847 aliud
1472 4811 1541 4848 ex
1585 4797 1796 4850 Ruricii
1841 4797 2251 4852 Lemovicensis
2296 4799 2530 4869 epistola
2561 4800 2646 4868 14,
2680 4800 2775 4854 lib.
2801 4815 2860 4867 11,
2890 4799 2989 4870 qui
3014 4799 3304 4854 Cerauniae
3328 4799 3504 4853 nobili
3531 4807 3829 4857 matronae

440 4875 714 4946 pictorem
755 4879 979 4948 direxit,
1015 4886 1074 4935 ut
1102 4882 1396 4950 cujusdam
1435 4884 1676 4938 1108111010
1724 4908 1750 4934 ‹‹
1795 4887 2034 4956 parietes
2073 4889 2242 4941 variis
2269 4891 2521 4944 colorum
2551 4889 2692 4944 fucis
2719 4889 3073 4960 depingeret.
3107 4911 3134 4937 »
3166 4888 3435 4960 Apposite
3463 4889 3828 4948 Fortunatus

441 4965 501 5019 in
527 4966 626 5020 lib.
655 4984 694 5034 1,
723 4969 973 5024 carmine
1007 4972 1089 5038 13,
1120 4970 1187 5023 de
1207 4970 1436 5025 basilica
1466 4975 1640 5029 sancti
1673 4975 1926 5046 Eutropii
1953 4975 2314 5031 Santonensis
2347 4993 2360 5031 :

1320 5130 1546 5197 sumpsit
1569 5131 1850 5196 imagineas
1874 5132 2046 5197 paries
2075 5133 2330 5197 imitando
2354 5134 2542 5197 ﬁguras

1367 5193 1489 5252 Quae
1517 5193 1696 5258 neque
1714 5199 1854 5245 tecta
1876 5193 2045 5259 prius,
2076 5196 2187 5246 11100
2215 5196 2372 5246 modo
2393 5193 2537 5260 picta
2560 5195 2726 5246 nitent

515 5342 602 5392 17.
631 5339 805 5392 Porro
833 5355 947 5395 non
975 5341 1163 5398 minus
1190 5345 1410 5416 prolixa
1435 5351 1556 5402 erat
1581 5348 1834 5402 Romana
1863 5347 2054 5418 missa,
2084 5364 2254 5418 quam
2283 5348 2585 5403 Gallicana.
2613 5349 2748 5402 Nam
2771 5346 3062 5414 unam,vel
3090 5346 3230 5401 duas
3252 5347 3422 5401 horas
3454 5348 3737 5420 exigebat
3751 5353 3822 5407 ad

441 5427 782 5482 Gallicanam
803 5430 1092 5501 (1108011118,
1124 5450 1192 5489 ex
1223 5435 1421 5505 dictis;
1453 5453 1516 5490 ac
1543 5437 1712 5508 paulo
1738 5437 2010 5507 prolixius
2037 5437 2310 5508 temporis
2339 5439 2584 5508 spatium
2611 5439 2915 5493 adhibebat
2943 5437 3268 5508 Gregorius,
3299 5438 3462 5508 cujus
3487 5437 3618 5493 11100
3647 5441 3825 5495 verba

439 5517 498 5570 in
524 5517 624 5570 lib.
657 5533 771 5584 vm,
813 5520 1041 5588 epistola
1069 5526 1136 5578 33
1181 5541 1193 5578 :
1242 5545 1269 5575 ‹‹
1299 5526 1433 5578 Ecce
1461 5525 1613 5578 enim
1633 5525 1755 5594 jam
1783 5525 2076 5580 biennium
2105 5543 2250 5596 pene
2281 5527 2560 5598 expletur,
2589 5544 2701 5599 quo
2728 5528 2930 5582 lectulo
2961 5533 3196 5582 teneor:
3227 5527 3516 5598 tantisque
3537 5529 3822 5600 podagra:

441 5605 728 5659 doloribus
755 5608 995 5679 affligor,
1026 5615 1082 5664 ut
1113 5613 1202 5666 vix
1235 5613 1292 5665 in
1315 5613 1512 5666 diebus
1544 5613 1697 5666 festis
1723 5630 1899 5684 usque
1925 5617 1994 5670 ad
2021 5617 2294 5670 horarum
2331 5617 2502 5671 trium
2545 5618 2790 5690 spatium
2828 5633 3062 5689 surgere
3100 5616 3338 5684 valeam,
3371 5616 3690 5673 missarum
3730 5638 3822 5675 so-

441 5694 651 5748 lemnia
677 5697 977 5752 celebrare.
1006 5721 1031 5747 »
1068 5702 1143 5753 Ita
1170 5701 1260 5754 ille
1290 5700 1359 5753 ad
1387 5701 1682 5770 Eulogium
1715 5703 2044 5775 episcopum
2074 5705 2540 5762 Alexandrinum.
2563 5708 2737 5776 Hujus
2767 5706 3104 5778 prolixitatis
3130 5706 3342 5776 partim
3367 5722 3534 5760 causa
3561 5714 3690 5764 erat
3716 5710 3822 5765 ho-

443 5785 728 5840 miliarum
749 5802 906 5854 usus,
933 5804 1058 5858 quze
1091 5788 1260 5842 etiam
1283 5789 1474 5841 Roma:
1496 5789 1683 5844 statim
1709 5797 1833 5861 post
1860 5793 2223 5864 Evangelium
2248 5795 2318 5849 ad
2338 5796 2569 5852 missam
2595 5797 2824 5867 fiebant,
2848 5799 3020 5870 prout
3047 5798 3286 5853 testatur
3313 5795 3470 5850 idem
3509 5797 3826 5870 Gregorius

443 5875 674 5946 Magnus
705 5874 763 5928 in
785 5874 1111 5946 praefatione
1139 5876 1208 5930 ad
1237 5876 1504 5931 Homilias
1535 5879 1634 5934 XL.
1669 5879 1775 5936 Sed
1803 5881 1923 5937 haec
1949 5887 2108 5940 extra
2136 5883 2345 5941 locum.
