3976 6418
165 494 3483 527 ___._____________________________________________

725 591 1628 839 MlSSALE
1777 703 2295 842 GOTI

1336 704 1628 837 .LE
1777 703 2906 842 GOTHICUM

1292 1095 2367 1176 GOTHICOGALLICANUM.

290 1375 374 1428 lll.
407 1390 556 1431 onno
598 1392 779 1433 MISSE
819 1396 871 1435 IN
913 1396 1109 1437 vuum
1150 1399 1368 1439 NATALIS
1410 1400 1616 1443 DOMINI.
1784 1405 1842 1474 Α
2436 1387 2553 1436 Post
2586 1387 2902 1450 mysterium.

568 1479 828 1529 Collectio
864 1482 889 1510 ει
939 1486 1057 1545 post
1104 1484 1333 1534 nomina,
1785 1471 1842 1474 ’“
1937 1472 2064 1524 ΗΠἶο
2111 1471 2365 1540 facimus,
2412 1472 2642 1525 Domine
2680 1477 2863 1526 sancte
2907 1475 3066 1526 Pater
3103 1471 3478 1542 omnipotens,

424 1561 594 1616 Grata
627 1563 732 1617 tibi
763 1565 851 1635 sit,
882 1567 1135 1637 Domine,
1168 1586 1510 1640 quzesumus,
1540 1572 1764 1626 hodier-
1868 1566 2075 1615 azternc
2104 1564 2265 1631 Deus,
2296 1569 2796 1618 commemorantes
2826 1570 2881 1618 et
2910 1564 3253 1618 celebrantes
3278 1563 3483 1617 Passio-

150 1666 227 1703 nas
251 1652 565 1708 festivitatis
605 1657 854 1725 oblatio;
892 1662 975 1727 ιιι,
1005 1663 1101 1714 tua
1134 1662 1311 1732 gratia
1347 1663 1637 1734 largiente,
1668 1683 1769 1735 per
1866 1670 1997 1707 nem
2030 1656 2186 1708 unici
2234 1656 2351 1709 Filii
2396 1656 2477 1709 tui
2502 1658 2631 1710 Jesu
2670 1657 2873 1710 Christi
2907 1657 3129 1711 Domini
3157 1656 3353 1711 nostri.
3380 1657 3485 1719 Qui

147 1743 256 1797 haec
277 1751 630 1801 sacrosancta
650 1751 997 1805 commercia
1022 1752 1081 1805 in
1112 1753 1261 1807 illius
1280 1755 1633 1810 inveniamur
1648 1758 1764 1812 for-
1866 1751 2054 1801 tecum
2083 1748 2218 1803 ViVit
2252 1753 2307 1803 εἴ
2351 1753 2549 1819 regnat
2574 1765 2702 1803 cum
2740 1749 2950 1820 Spiritu
2986 1755 3173 1804 SﬂDCtO
3200 1750 3255 1803 in
3283 1748 3486 1803 53301113

149 1854 247 1905 ma,
272 1837 328 1893 in
355 1856 467 1910 quo
500 1845 697 1895 tecum
744 1848 828 1897 est
866 1848 1055 1897 nostra
1093 1844 1423 1901 substantia.
1475 1849 1768 1918 Spiritibus
1868 1841 2226 1894 5"3011101‘11111-

149 1947 352 2001 quoque
396 1949 669 1987 carorum
733 1939 1058 1990 nostrorum
1102 1939 1307 2008 tribue,
1338 1945 1402 1994 ut
1441 1941 1767 1996 mortalibus
2268 1943 2396 1989 Ante
2424 1942 2709 1991 orationem
2745 1942 3084 1991 Dominicam-

147 2026 401 2095 segregati
440 2026 708 2095 ccetibus,
738 2027 940 2083 litteris
976 2037 1304 2086 mereantur
1341 2034 1611 2087 conscribi
1655 2052 1765 2088 cas-
1942 2023 2031 2076 Hi5
2058 2024 2313 2093 pl‘eCibus
2341 2030 2416 2093 te,
2449 2027 2592 2079 Deus
2627 2029 2789 2080 Pater
2815 2026 3187 2096 omnipotenS,
3218 2025 3484 2095 depreca-

142 2116 370 2171 lestibus.
403 2120 622 2173 Praesta
648 2137 753 2189 per
779 2121 1079 2177 Dominum
1100 2128 1356 2178 nostrum
1380 2127 1568 2181 Jesum
1590 2128 1767 2183 Chris-
1868 2132 2016 2183 mur,
2042 2117 2243 2187 quibus
2264 2134 2363 2170 nos
2384 2119 2649 2171 Dominus
2669 2124 2858 2172 noster
2875 2120 2899 2172 J
2906 2135 3029 2171 esus
3052 2118 3302 2172 Christus
3320 2117 3487 2171 Filius

147 2212 254 2263 tum
284 2210 485 2266 Filium
516 2217 716 2280 tuum,
746 2214 843 2284 qui
871 2219 1057 2269 tecum
1087 2216 1194 2272 νίν,
1226 2218 1378 2273 dom,
1868 2213 1998 2262 tuus
2022 2226 2180 2263 orare
2210 2211 2498 2281 pragcepit,
2532 2212 2717 2265 dicens
2748 2228 2760 2263 :
2792 2214 2953 2264 Pater
2986 2216 3200 2264 noster.

670 2320 925 2389 Collectio
954 2321 1018 2371 ad
1048 2334 1250 2385 pacem,
2268 2312 2387 2359 Post
2420 2311 2707 2360 orationem
2743 2311 3081 2360 Dominicam.

208 2401 276 2455 Da
316 2402 496 2472 nobis,
538 2420 899 2474 quaesumus,
944 2407 1191 2475 Domine,
1222 2412 1285 2461 ut
1324 2408 1464 2462 sicut
1491 2408 1771 2461 adoranda
1940 2402 2135 2455 Libera
2164 2419 2265 2457 nos
2291 2420 2324 2456 a
2351 2405 2515 2473 malo,
2542 2404 2895 2474 omnipotens
2920 2405 3083 2471 Deus,
3116 2407 3172 2457 et
3197 2401 3409 2456 custodi
3430 2402 3487 2455 in

148 2493 251 2546 Filii
276 2494 353 2547 tui
382 2496 653 2550 natalitia
676 2497 1032 2564 celebraturi,
1063 2499 1132 2551 ab
1156 2499 1439 2553 hodiernis
1468 2500 1671 2569 vigiliis
1710 2500 1769 2553 in
1867 2494 2034 2548 bono.
2066 2496 2277 2549 Evacua
2308 2513 2409 2549 nos
2438 2496 2600 2564 vitiis,
2630 2502 2684 2550 ct
2709 2496 2861 2566 reple
2890 2494 3221 2563 virtutibus;
3256 2500 3311 2548 et
3340 2495 3483 2547 bona

148 2587 469 2643 confessione
511 2590 604 2643 tui
656 2591 904 2645 nominis
943 2592 1357 2661 praevenimus;
1388 2592 1463 2645 sic
1491 2592 1609 2661 ejus
1639 2608 1767 2645 mu—
1869 2588 2029 2640 nobis
2059 2591 2169 2639 tam
2198 2589 2495 2657 praesentia
2523 2606 2693 2659 quam
2721 2593 2929 2641 aeterna
2956 2588 3217 2641 concede.
3247 2588 3352 2640 Per
3378 2588 3484 2640 Do-

146 2694 262 2733 nere
317 2682 617 2752 capiamus
676 2684 1112 2754 sempiternum.
1150 2686 1217 2737 Et
1255 2684 1496 2753 dirigere
1536 2684 1768 2752 dignare
1868 2680 2089 2733 minam
2115 2687 2370 2733 nostrum
2399 2683 2587 2735 Jesum
2617 2681 2817 2734 Filium
2848 2685 3031 2734 tuum.

146 2773 391 2843 angelum
418 2776 605 2846 pacis,
637 2776 737 2846 qui
766 2778 953 2830 oscula
977 2781 1168 2830 nostra
1188 2777 1343 2847 puris
1364 2777 1619 2830 sensibus
1643 2776 1767 2829 inli-
1787 2766 1842 2835 B
2073 2816 2077 2827 .
2415 2782 2712 2831 Benedictio
2740 2781 2935 2844 populi.

147 2869 261 2933 gata
286 2875 583 2924 connectat
623 2886 636 2923 :
666 2886 884 2940 nosque
907 2869 1005 2923 tibi
1033 2870 1101 2923 ab
1130 2870 1390 2923 omnibus
1411 2873 1768 2940 peccatorum
1938 2866 2100 2935 Deus,
2129 2866 2225 2936 qui
2252 2866 2556 2919 adventum
2586 2870 2697 2920 tuac
2743 2865 3045 2935 maiestatis
3094 2880 3197 2935 per
3223 2865 3487 2934 angelum

145 2960 356 3013 maculis
408 2967 767 3033 expurgatos
802 2962 1094 3032 adjungat.
1134 2965 1239 3016 Per
1282 2968 1621 3016 coacternum
1670 2961 1767 3016 tibi
1868 2958 2239 3028 Gabrihclem,
2268 2959 2426 3029 prius
2454 2975 2623 3029 quam
2662 2959 3045 3029 descenderes,
3076 2957 3340 3012 nuntiare
3363 2957 3485 3027 jus-

142 3050 312 3105 Jesum
338 3054 639 3110 Christum
666 3055 878 3108 Filium
908 3059 1074 3108 tuum
1096 3054 1398 3109 Dominum
1421 3060 1698 3110 nostrum.
1869 3050 2006 3105 sisti.
2034 3054 2234 3105 Amen.
2873 3120 2878 3125 ,

698 3152 990 3201 Immolatio
1019 3126 1215 3203 missae.
1939 3144 2043 3207 Qui
2068 3144 2183 3198 sine
2206 3143 2364 3197 initio
2390 3144 2766 3215 sempiternus
2790 3161 2866 3212 es,
2895 3149 3071 3197 terras
3093 3143 3375 3198 illustrare
3392 3160 3492 3214 per

204 3235 440 3306 Dignum
462 3242 520 3290 et
539 3237 776 3307 justum
806 3243 909 3291 est.
938 3239 1077 3291 Vere
1105 3237 1345 3307 dignum
1372 3244 1428 3292 et
1444 3237 1662 3308 justum
1691 3242 1773 3293 est
1872 3236 2186 3306 Virginem,
2255 3241 2461 3290 tartara
2515 3238 2698 3291 lavare
2749 3236 2992 3307 dignasti
3066 3253 3169 3306 per
3246 3254 3489 3291 crucem.

146 3342 234 3380 nos
262 3328 361 3381 tibi
402 3330 617 3399 gratias
658 3346 854 3399 agere,
884 3330 1117 3383 Domine
1149 3335 1358 3398 sancte,
1390 3332 1551 3384 Pater
1588 3331 1769 3385 omni-
1871 3332 2072 3383 Amen.

145 3420 345 3485 potens,
373 3422 593 3472 aeterne
622 3419 798 3483 Dens,
828 3418 1067 3471 amanda
1109 3418 1312 3489 pictas,
1343 3421 1636 3473 tremenda
1661 3420 1769 3472 vir-
1944 3424 2167 3489 Praesta,
2198 3426 2261 3475 ut
2290 3422 2378 3474 hic
2406 3422 2649 3491 populus
2670 3425 2800 3475 tuus
2825 3421 2883 3475 in
2904 3423 3198 3493 praeceptis
3227 3422 3490 3477 obedien-

144 3512 241 3575 tus,
264 3510 579 3564 veneranda
604 3510 895 3579 majestas.
918 3511 1023 3573 Qui
1044 3511 1187 3564 hanc
1210 3517 1432 3564 noctem
1458 3517 1770 3581 venturam,
1872 3518 1957 3568 ter
1980 3515 2291 3582 ambulans,
2318 3515 2460 3567 sicut
2485 3519 2567 3567 est
2591 3519 2782 3583 partus
2806 3515 3049 3585 Virginis
3072 3515 3390 3585 singularis,
3416 3516 3494 3569 ita

145 3605 246 3654 toto
266 3602 841 3672 orbejvenerandam,
873 3603 1139 3657 caelorum
1168 3604 1563 3673 gratulatione,
1588 3609 1643 3658 et
1670 3609 1775 3658 ter-
1875 3607 1953 3660 eis
1991 3606 2447 3660 benedictionum
2483 3608 2705 3659 tuarum
2736 3606 2851 3660 veri
2874 3606 3105 3660 luminis
3134 3607 3374 3661 imbrem
3401 3608 3489 3661 in-

146 3709 322 3749 rarum
357 3696 857 3764 remuneratione,
891 3697 1145 3766 angelica
1180 3697 1521 3751 exultatione
1554 3697 1770 3751 ditasti:
1872 3699 2094 3753 fundas.
2125 3702 2324 3753 Amen.

144 3792 199 3840 ut
236 3795 497 3843 nascente
554 3788 618 3842 in
661 3803 835 3842 carne
880 3789 1114 3842 Domino
1152 3795 1342 3843 nostro
1390 3790 1515 3843 Jesu
1554 3789 1774 3843 Christo
1947 3793 2012 3845 Et
2062 3791 2440 3845 tentationum
2498 3791 2747 3858 insidias,
2785 3792 2870 3845 vel
2908 3791 3130 3845 aculeos
3177 3794 3489 3862 tentatoris,

148 3879 269 3934 Filio
297 3887 413 3951 tuo,
446 3882 754 3952 superiora
794 3880 1006 3952 pariter
1039 3886 1095 3935 et
1129 3882 1399 3936 inferiora
1442 3882 1773 3951 gauderent.
1876 3884 2216 3956 spiritalibus
2250 3884 2420 3937 armis
2460 3884 2752 3953 accinctos,
2780 3884 3083 3938 adversarii
3125 3889 3490 3953 tentamenta,

147 3974 321 4043 Aspice
350 3993 508 4029 nunc
538 3974 833 4028 familiam
868 3974 973 4028 tibi
1012 3975 1347 4045 supplicem,
1377 3992 1643 4028 conserva
1673 3992 1773 4045 po-
1876 3981 1932 4031 et
1955 3978 2244 4048 praesentis
2270 3977 2397 4031 vitae
2419 3976 2726 4031 inlecebras
2755 3977 2814 4031 in
2839 3982 2936 4031 tuo
2962 3977 3192 4032 nomine
3218 3979 3382 4033 facias
3407 3996 3494 4033 sn-

146 4067 327 4136 pnlum
351 4069 464 4122 tuis
488 4068 766 4123 laudibus
792 4072 1236 4137 personnantem
1253 4086 1269 4137 ;
1316 4072 1371 4121 et
1405 4074 1773 4139 superventu-
1802 4123 1847 4141 η
1876 4086 2092 4141 perare.
2140 4074 2338 4124 Amen.

145 4174 213 4212 τερ
241 4161 266 4199 b
316 4161 498 4216 noctis
533 4157 737 4231 189
784 4160 1125 4215 solemnitati
1152 4161 1229 4214 ita
1264 4161 1563 4231 pervigiles
1584 4162 1773 4230 redde,
1797 4157 1850 4195 υ
1947 4165 2013 4217 Et
2064 4162 2262 4233 prima)
2312 4163 2634 4229 nativitatis,
2677 4167 2733 4217 et
2753 4164 3013 4217 secundae
3053 4165 3496 4235 regenerationis

147 4256 200 4305 ut
223 4254 453 4308 sinceris
484 4253 787 4308 mentibus
814 4253 1038 4307 Domini
1055 4254 1230 4307 nostri
1251 4253 1539 4323 percipere
1566 4271 1777 4308 merea-
1876 4259 2174 4311 Auctorem
2202 4272 2367 4309 suum
2391 4255 2566 4309 sciant
2596 4272 2713 4310 esse
2753 4257 2901 4326 quod
2936 4261 3135 4311 natum
3164 4263 3246 4312 est
3278 4275 3290 4311 :
3325 4274 3494 4330 seque

145 4359 263 4399 mur
302 4347 561 4402 Natalem
602 4351 935 4401 venturum.
967 4347 1027 4399 In
1064 4363 1176 4417 quo
1215 4346 1508 4400 invisibilis
1549 4365 1614 4401 ex
1645 4347 1775 4401 sub-
1878 4350 1977 4404 tibi
2003 4350 2321 4419 intelligant
2347 4349 2548 4403 debere
2570 4350 2718 4420 quod
2751 4354 3005 4403 sanctum
3027 4354 3128 4404 est.
3156 4354 3353 4405 Amen.

147 4440 333 4492 stantia
360 4444 479 4510 tua,
515 4439 763 4494 visibilis
799 4456 903 4511 per
933 4456 1159 4493 carnem
1195 4439 1456 4509 apparuit
1490 4440 1547 4493 in
1587 4446 1779 4494 nostra
1946 4443 2105 4506 Quod
2143 4443 2258 4512 ipse
2300 4447 2563 4512 praestare
2605 4441 2852 4512 digneris
2894 4458 2906 4494 :
2945 4442 3041 4511 qui
3084 4457 3212 4495 cum
3242 4444 3401 4498 Patre
3442 4449 3497 4497 et

144 4534 428 4604 tecumque
456 4551 640 4601 unus,
688 4550 805 4586 non
849 4537 1103 4603 tempore
1144 4533 1384 4602 genitus,
1427 4550 1541 4587 non
1577 4538 1779 4587 natura
1879 4536 2087 4607 Spiritu
2112 4540 2299 4588 sancto
2326 4534 2461 4588 vivis
2493 4538 2547 4588 et
2574 4550 2693 4603 reg.

144 4620 379 4691 inferior,
411 4626 484 4681 ad
529 4643 645 4681 nos
684 4625 839 4679 venit
868 4642 937 4679 ex
974 4634 1229 4696 tempore
1269 4630 1455 4679 natus.
1492 4627 1597 4679 Per
1620 4625 1780 4695 cujus
1929 4634 1938 4643 '
2396 4636 2514 4683 Post
2540 4633 2980 4683 communionem.

144 4716 481 4774 nativitatem
522 4716 905 4788 ‘indulgentia
958 4718 1261 4773 criminum
1317 4718 1672 4787 conceditur,
1726 4724 1781 4773 et
1952 4719 2140 4793 180
2165 4719 2382 4775 Caelesti
2417 4719 2539 4773 cibo
2558 4724 2806 4790 potaque
2828 4700 3097 4789 roborati,
3128 4722 3498 4793 omnipotenti

144 4812 466 4866 resurrectio
506 4828 634 4866 non
674 4815 942 4880 negatur.
976 4811 1171 4865 Merito
1202 4812 1389 4881 itaque
1417 4810 1598 4863 omnis
1626 4816 1779 4864 terra
1877 4817 1988 4870 Deo
2014 4815 2206 4868 laudes
2251 4818 2303 4867 et
2346 4813 2570 4882 gratias,
2600 4813 2798 4865 fratres
2838 4812 3128 4884 carissimi,
3168 4815 3494 4884 referamus,

143 4901 325 4957 adorat
351 4908 425 4974 te,
456 4909 515 4959 et
544 4905 859 4958 conﬁtetur
882 4904 1008 4957 tibi.
1038 4904 1144 4958 Sed
1171 4908 1227 4958 et
1255 4904 1378 4957 caeli
1405 4904 1693 4971 caelorum,
1725 4909 1781 4957 et
1878 4912 2187 4980 poscentes,
2219 4911 2283 4960 ut
2307 4923 2427 4973 nos,
2460 4922 2599 4977 quos
2629 4906 2828 4976 dignos
2853 4906 3050 4960 habuit
3076 4908 3497 4978 participatione

144 4996 399 5065 angelicae
444 5000 768 5068 potestates
807 5013 924 5050 non
970 4999 1188 5051 cessant
1224 4996 1451 5051 laudare
1490 4996 1774 5051 dicentes:
1880 5000 2128 5071 corporis
2149 5006 2207 5054 et
2230 4998 2520 5069 sanguinis
2546 4999 2767 5052 Domini
2792 4998 2965 5052 nostri
2987 5000 3114 5053 Jesu
3132 5000 3339 5054 Christi
3361 5002 3495 5055 Uni-

146 5085 381 5161 Sanctus,
413 5091 686 5159 Sanctus,
717 5090 974 5145 Sanctus.
1882 5094 2057 5164 geniti
2087 5094 2192 5161 sui,
2221 5093 2420 5162 dignos
2455 5091 2623 5146 etiam
2656 5092 2861 5147 caelesti
2891 5093 3341 5149 remuneratione
3368 5112 3496 5166 per-

611 5194 864 5246 Collectio
902 5199 1021 5259 post
1072 5196 1313 5246 Sanctus.
1880 5191 2120 5241 censeat.
2150 5187 2255 5239 Per
2287 5185 2473 5254 ipsum
2501 5184 2806 5238 Dominum
2844 5190 3101 5239 nostrum
3124 5188 3311 5242 Jesum
3337 5188 3497 5242 Chri-

209 5279 341 5335 Vere
378 5282 663 5350 Sanctus,
716 5297 847 5335 vere
902 5281 1231 5335 benedictus
1281 5278 1548 5334 Dominus
1589 5282 1781 5334 noster
1880 5285 2027 5334 stum
2058 5278 2259 5332 Filium
2288 5294 2473 5332 suum.

146 5370 287 5427 Jesus
325 5376 593 5430 Christus
645 5374 817 5428 Filius
856 5379 1007 5444 tuus,
1048 5390 1284 5427 manens
1310 5373 1368 5426 in
1395 5373 1563 5441 caelis,
1586 5373 1779 5426 'mani-
2417 5369 2665 5419 Collectio
2714 5368 2959 5432 sequitur.

148 5464 366 5522 festatus
391 5469 452 5522 in
483 5467 666 5523 terris
697 5479 739 5522 ο.
775 5468 895 5538 Ipse
923 5467 1075 5522 enim
1100 5467 1280 5538 pridie
1311 5482 1482 5538 quam
1509 5470 1623 5536 pat.
1800 5485 1859 5557 D
1951 5458 2106 5521 QUOd
2141 5472 2237 5510 0P0
2284 5454 2643 5526 δυηὶρείωυεν
2691 5453 2952 5523 Domine:
2996 5456 3281 5512 mentibus
3314 5458 3498 5529 capia-

211 5619 231 5645 ε
295 5611 511 5665 Desunt
565 5608 666 5663 hic
715 5607 773 5662 in
823 5609 994 5681 missa
1049 5607 1507 5681 vigilizeNatalis
1565 5603 1784 5681 Domini
1885 5598 2125 5681 Domipi,
2158 5615 2327 5679 quem
2349 5597 2576 5681 titulum
2603 5596 2839 5677 proinde
2871 5596 3313 5681 sn‘pplevimns.”

151 5678 395 5735 Praefatio
411 5697 515 5737 seu
540 5679 872 5734 adhortatio
892 5680 960 5733 ad
988 5667 1215 5733 missam
1236 5679 1338 5732 rite
1367 5677 1782 5750 celebrandam,
1930 5682 1976 5749 ,ο
2035 5667 2397 5750 Brevissimus
2439 5667 2724 5750 Canon‘lin
2765 5667 3025 5750 omnibus
3053 5668 3244 5748 missis
3276 5669 3498 5750 Gallica-

150 5752 200 5800 et
226 5750 487 5807 Collectio
512 5755 655 5805 ante
684 5750 1009 5820 Epistolam,
1041 5755 1102 5805 ut
1131 5766 1198 5804 ex
1227 5750 1350 5803 aliis
1378 5747 1561 5801 missis
1585 5738 1786 5801 intelli¥
1842 5772 1849 5777 υ
1885 5739 1991 5810 nis,
2036 5742 2216 5794 varius
2254 5758 2357 5811 pro
2400 5739 2564 5792 variis
2607 5738 2820 5804 diebus,
2859 5742 2924 5792 ut
2951 5738 3194 5793 diximus
3230 5738 3287 5792 in
3324 5740 3419 5792 lib.
3454 5753 3491 5813 1,

153 5819 312 5882 gitur.
1886 5826 2005 5882 cap.
2037 5815 2086 5881 5,
2118 5828 2277 5867 num.
2310 5811 2373 5866 14
2401 5815 2456 5865 et
2484 5826 2638 5882 seqq.

153 5824 312 5890 gitur.
1403 5889 1406 5890 ν
1589 5889 1620 5890 _
1720 5888 1752 5890 Η
1886 5826 2005 5884 cap.
2037 5824 2086 5881 5,
2118 5828 2277 5867 num.
2310 5824 2373 5866 14
2401 5824 2456 5865 et
2484 5826 2638 5882 seqq.

215 5892 239 5932 ι)
288 5893 427 5948 Hinc
452 5895 623 5966 patet
663 5892 811 5947 hanc
853 5891 1080 5947 missam
1124 5906 1241 5947 esse
1268 5891 1335 5945 de
1362 5888 1553 5961 vigilia
1583 5888 1786 5943 Natalis
