3976 6442
153 412 238 468 233

1214 408 1300 464 DE
1333 407 1643 464 LITURGIA
1676 406 2045 463 GALLICANA
2080 406 2277 463 LIBER
2316 410 2403 465 III.

3357 413 3459 467 234

150 517 371 573 intende.
397 510 600 582 Prosit,
632 528 983 586 quaesumus,
1026 516 1487 571 commemoratio
1524 520 1744 570 sancto-
1767 513 2006 599 Ariam,
2036 530 2138 584 pro
2181 514 2525 571 confessione
2561 512 2851 571 victoriam
2887 519 3157 587 prastare
3200 514 3463 589 dignatus

151 626 262 667 rum
286 607 742 664 beatissimorum
772 609 842 663 ad
879 608 1251 664 obtinendum
1278 613 1393 663 tum
1432 608 1748 664 miseratio-

150 707 224 762 nis
245 706 515 762 auditum.
547 705 733 760 Prosit
760 706 1364 777 apostolorum'titulos
1391 706 1659 776 recolere,
1689 710 1755 761 ut

148 798 414 869 Majestatis
436 804 555 853 tuae
583 814 753 854 aures
789 798 969 853 oratio
1007 802 1200 853 nostra
1236 799 1418 853 valeat
1454 798 1749 854 inclinare.

149 892 306 947 Prosit
341 890 661 963 supplicare
702 891 1050 963 patrociniis,
1092 895 1156 946 ut
1198 891 1450 962 digneris
1487 892 1753 946 exaudire

149 984 421 1055 suffragiis,
463 984 720 1039 Salvator
764 984 987 1038 mundi.
1026 983 1132 1047 Qui
1173 1000 1305 1039 cum
1344 987 1554 1039 aeterno
1592 985 1751 1039 Patre

149 1082 194 1132 et
217 1076 413 1149 Spiritu
441 1080 640 1132 sancto
663 1076 802 1130 vivis
829 1080 886 1130 et
911 1092 1138 1147 regnas.

618 1175 871 1226 Collectio
888 1177 1007 1240 post
1029 1174 1257 1225 nomina.

206 1260 446 1330 Domine,
481 1276 659 1331 quem
698 1263 993 1315 vocantem
1026 1259 1202 1313 sancti
1242 1260 1479 1330 apostoli
1520 1260 1751 1316 Iacobus

148 1359 194 1407 et
224 1353 495 1408 Iohannes
530 1351 647 1407 fide
693 1351 917 1422 integra
956 1354 1089 1405 sunt
1121 1351 1317 1417 secuti,
1355 1356 1411 1406 et
1457 1367 1628 1423 quem
1671 1369 1752 1407 se-

145 1449 355 1515 quentes
390 1460 459 1499 ex
503 1443 743 1499 caritate
791 1444 1017 1515 integra
1052 1445 1185 1496 sunt
1227 1442 1408 1513 electi,
1452 1448 1516 1498 ut
1554 1444 1751 1499 mundi

143 1537 424 1607 piscatores
463 1536 692 1603 fierent,
736 1535 834 1606 qui
871 1534 1138 1605 profundi
1187 1534 1326 1589 retia
1374 1535 1748 1607 reliquissent,

149 1628 353 1683 auribus
389 1627 646 1700 percipe,
676 1643 1027 1699 quaesumus,
1058 1626 1369 1683 orationem
1397 1632 1665 1697 nostram,
1698 1633 1754 1683 et

148 1721 311 1776 tribue
334 1726 399 1776 ut
430 1722 573 1776 dum
613 1720 946 1792 apostolicos
970 1720 1286 1792 triumphos
1324 1720 1673 1775 admiramur
1698 1725 1753 1776 et

142 1814 367 1882 colimus,
404 1814 451 1868 si
479 1813 723 1885 adsequi
753 1829 952 1868 eorum
975 1814 1122 1867 facta
1148 1829 1265 1868 non
1294 1830 1612 1884 possumus,
1642 1813 1749 1868 im-

1850 610 1950 662 est.
1985 608 2105 678 Ipse
2135 607 2286 662 enim
2312 608 2410 680 qui
2434 608 2616 679 pridie
2635 626 2805 680 quam
2832 612 2949 681 pat.

2396 707 2694 757 Benedictio
2719 708 2914 772 populi.

1919 789 2085 856 Deus,
2114 786 2209 858 qui
2237 791 2362 843 tuos
2387 787 2666 859 apostolos
2691 788 2932 858 pretiosa
2959 788 3213 858 gentium
3249 789 3464 844 lumina

1849 880 2195 950 praeparasti,
2234 880 2369 935 dum
2407 879 2673 934 Iacobum
2716 885 2771 934 et
2813 881 3125 935 Iohannem
3164 882 3236 935 ad
3283 881 3463 936 inlus-

1848 972 2073 1025 trandas
2101 972 2315 1025 animas
2358 972 2505 1026 inter
2526 988 2654 1025 vasa
2683 971 2940 1026 Ecclesiae
2980 972 3306 1026 candelabra
3334 973 3463 1028 fidei

1849 1062 2164 1134 praetulisti.
2192 1067 2390 1119 Amen.
2434 1065 2511 1117 Da
2546 1063 2695 1134 plebi
2730 1067 2844 1118 tuae
2879 1064 3108 1133 imitari,
3141 1064 3291 1135 quod
3318 1081 3465 1120 unus

1852 1156 2155 1222 exorando,
2180 1156 2321 1210 alius
2339 1156 2585 1210 docendo
2611 1156 2890 1211 formavit.
2922 1158 3122 1211 Amen.
3152 1156 3466 1212 Fructiﬁcet

1850 1247 1909 1301 in
1937 1247 2042 1302 hoc
2083 1249 2312 1319 populo,
2342 1247 2492 1318 quod
2517 1248 2813 1303 seminavit
2840 1248 2943 1303 iste
2974 1249 3164 1318 verbo,
3191 1249 3466 1320 plantavit

1850 1339 1941 1394 ille
1965 1340 2256 1411 martyrio.
2288 1342 2357 1395 Ut
2383 1357 2580 1396 eorum
2625 1340 2941 1395 interventu
2974 1342 3096 1395 haec
3122 1342 3289 1396 turba
3316 1341 3464 1396 illius

1850 1432 2132 1488 reﬁciatur
2156 1432 2470 1499 dulcedine,
2501 1449 2669 1503 supra
2695 1434 2853 1503 cujus
2877 1438 3071 1504 pectus
3089 1450 3248 1488 carus
3264 1434 3464 1499 Iohan-

1850 1541 1948 1579 nes
1980 1525 2257 1580 accubuit.
2287 1528 2485 1580 Amen.
2531 1524 2688 1589 Quod
2726 1525 2843 1596 ipse
2884 1531 3149 1597 praestare
3192 1526 3459 1598 digneris,

1850 1617 1947 1689 qui
1972 1618 2029 1672 in
2057 1617 2325 1673 Trinitate
2344 1618 2611 1690 perfecta.

2364 1711 2482 1760 Post
2514 1710 2952 1761 communionem.

1919 1790 2156 1861 Repleti,
2179 1790 2431 1860 Domine,
2454 1793 2837 1862 apostolorum
2865 1790 3184 1846 celebritate
3214 1794 3461 1859 tuorum,

140 1907 274 1978 plere
305 1905 491 1962 saltim
518 1906 752 1961 monita
787 1906 1213 1961 contendamus.
1244 1906 1403 1971 Quod
1434 1906 1555 1977 ipse
1580 1922 1750 1977 praes-
1767 1903 1823 1975 B
1850 1897 2177 1978 ξῖυδξδυωυδ
2199 1888 2265 1937 ut
2290 1888 2344 1937 te
2373 1900 2597 1978 semper
2625 1884 2685 1978 i9
2710 1901 2906 1978 ‘30er
2936 1883 3464 1978 θοφῖξλθωοΐδίίοηθ

142 2003 245 2055 tare
269 1998 535 2070 digneris,
565 1998 671 2071 qui
692 2014 823 2053 cum
847 2000 1010 2052 Patre
1037 2003 1093 2052 et
1119 1997 1349 2069 Spiritu.

647 2098 897 2149 Collectio
929 2098 996 2147 ad
1029 2111 1232 2162 pacem.

200 2182 419 2238 Domine
461 2188 705 2251 aeterne,
746 2183 838 2237 cui
882 2182 960 2237 ita
999 2183 1060 2236 in
1104 2182 1311 2237 sanctis
1350 2182 1615 2254 apostolis
1643 2181 1753 2237 tuis

138 2276 318 2330 Iacobo
351 2281 407 2331 et
440 2276 716 2331 Iohanne
756 2275 972 2345 placuit
1016 2291 1287 2330 arcanum
1329 2275 1753 2346 dispensationis

140 2367 310 2423 im.....
341 2373 405 2423 ut
448 2367 702 2439 glorioso
738 2367 1016 2438 passionis
1054 2368 1333 2439 exemplo,
1375 2368 1755 2439 apostolorum

144 2460 355 2516 chorum
384 2460 476 2514 ille
514 2460 894 2532 praecederet,
924 2460 1029 2515 iste
1051 2461 1442 2531 praemitteret,
1480 2464 1648 2531 atque
1676 2459 1755 2514 ita

143 2552 273 2608 inter
293 2557 610 2625 utrumque
638 2569 777 2623 grex
804 2557 1291 2609 consummaretur
1308 2554 1523 2622 beatus,
1550 2557 1616 2607 ut
1640 2569 1755 2607 om-

146 2645 284 2700 nium
310 2646 676 2701 devotionem
709 2645 806 2701 ille
843 2646 1208 2717 praecederet,
1240 2644 1342 2700 iste
1377 2646 1750 2715 concluderet,

142 2738 381 2793 miserere
404 2738 615 2807 nostri,
646 2742 704 2792 et
742 2738 945 2793 exaudi
980 2755 1104 2805 nos,
1133 2742 1188 2793 et
1220 2742 1444 2808 prmsta,
1485 2742 1551 2793 ut
1574 2738 1751 2808 possi-

140 2846 249 2885 mus
270 2831 681 2902 praadictorum
720 2835 1041 2902 martyrum
1075 2835 1305 2885 tuorum
1341 2831 1750 2901 apostolorum-

142 2938 255 2993 que,
280 2924 363 2979 vel
387 2924 543 2978 illius
569 2924 839 2994 exemplo
865 2923 1038 2979 tidem
1064 2926 1277 2992 tenere,
1295 2939 1407 2994 qua
1433 2926 1751 2988 coronatur,

140 3015 215 3070 vel
240 3016 393 3071 istius
422 3015 766 3088 magisterio
796 3016 1089 3070 caritatem
1126 3015 1360 3085 discere,
1389 3032 1559 3086 quam
1599 3016 1756 3070 doce-

139 3111 238 3162 tur.
265 3110 365 3164 Per
389 3109 709 3164 Dominum
737 3113 999 3164 nostrum
1020 3110 1211 3164 Iesum
1236 3108 1519 3163 Christum
1548 3108 1753 3164 Filium

140 3203 303 3268 tuum,
331 3201 427 3274 qui
453 3207 532 3258 te.

336 3326 343 3335 .
674 3292 967 3343 Immolatio
1005 3292 1192 3342 missae.

201 3377 435 3451 Dignum
461 3382 520 3435 et
540 3378 773 3450 justum
803 3382 906 3432 est.
926 3379 1065 3431 Vere
1096 3393 1323 3448 aequum
1352 3382 1408 3433 et
1428 3378 1647 3449 justum
1672 3382 1756 3433 est

138 3487 224 3525 nos
269 3472 368 3526 tibi
421 3471 639 3544 gratias
693 3486 885 3542 agere,
940 3475 1067 3525 vota
1121 3470 1456 3541 persolvere,
1522 3470 1753 3524 Domine

139 3570 323 3635 sancte,
374 3567 543 3620 Pater
588 3564 973 3635 omnipotens,
1017 3567 1227 3618 aeterne
1267 3564 1431 3618 Deus.
1481 3562 1753 3626 Quoniam

138 3656 221 3710 tibi
246 3658 482 3714 vivimus
509 3657 711 3712 omnia
739 3673 910 3728 opera
934 3660 1053 3725 tua,
1084 3660 1140 3710 et
1162 3655 1222 3709 in
1248 3655 1463 3711 factura
1482 3671 1679 3710 eorum
1698 3661 1754 3711 te

138 3750 454 3807 conlaudant
474 3756 532 3806 et
549 3749 904 3806 benedicunt
924 3764 1120 3803 omnes
1140 3748 1315 3802 sancti
1333 3748 1436 3816 tui,
1459 3765 1599 3820 quos
1612 3765 1755 3819 prat—

136 3841 397 3900 destinasti
429 3844 763 3899 conformes
788 3842 911 3897 ﬁeri
940 3841 1177 3912 imagini
1196 3840 1317 3895 Filii
1343 3842 1446 3895 tui.
1472 3843 1532 3895 In
1562 3840 1610 3912 1
1628 3839 1753 3913 98

137 3950 232 4006 quo
254 3938 564 3993 exaltatum
605 3941 695 3992 est
734 3952 908 3990 cornu
953 3933 1146 3990 salutis
1180 3950 1377 3989 eorum
1416 3933 1512 4005 qui
1547 3950 1755 3989 nomen

137 4028 256 4096 ejus,
285 4031 433 4101 quod
455 4035 542 4086 est
569 4045 748 4101 super
774 4044 941 4083 omne
975 4042 1204 4097 nomen,
1231 4043 1418 4081 coram
1442 4027 1672 4098 regibus
1699 4030 1754 4082 et

137 4123 480 4189 potestatibus
529 4123 714 4193 hujus
770 4119 960 4175 seculi
1011 4136 1145 4175 voce
1188 4118 1365 4173 libera
1406 4119 1750 4189 conﬁtentes,

135 4210 287 4281 ipsius
325 4214 558 4271 Domini
584 4212 894 4271 Salvatoris
921 4212 1180 4284 exemplo
1211 4228 1315 4284 per
1345 4212 1597 4283 patibula
1632 4229 1750 4283 poe-

134 4317 336 4378 narum,
364 4309 434 4364 de
473 4306 946 4381 persecutoribus
971 4305 1085 4360 suis
1096 4310 1165 4360 et
1189 4305 1407 4359 diabolo
1433 4304 1750 4376 triumpha-

132 4404 268 4467 runt,
294 4406 349 4456 et
388 4418 637 4473 corpora
676 4416 783 4455 sua
818 4399 1013 4454 dantes
1053 4397 1296 4452 hostiam
1341 4398 1471 4467 Deo,
1512 4398 1754 4469 pretiosa

134 4488 223 4544 tibi
245 4498 422 4549 morte
461 4493 823 4549 ceciderunt.
857 4493 936 4546 Ex
966 4490 1171 4562 quibus
1205 4494 1428 4545 exstant
1450 4490 1750 4545 beatissimi

136 4587 348 4652 apostoli
385 4592 443 4643 et
469 4589 766 4657 martyres
790 4583 874 4639 tui
910 4583 1147 4639 Iacobus
1183 4587 1240 4638 et
1277 4584 1575 4651 Iohannes,
1618 4600 1753 4656 quo-

133 4689 246 4733 rum
268 4680 516 4735 natalem
552 4677 731 4734 hodie
760 4676 1126 4743 celebramus,
1156 4675 1506 4731 obsecrantes
1531 4676 1750 4731 miseri-

132 4770 355 4827 cordiam
393 4778 585 4839 tuam,
615 4769 873 4842 piissime
915 4774 1083 4841 atque
1113 4769 1468 4840 omnipotens
1502 4770 1663 4839 Deus,
1691 4773 1757 4823 ut

132 4876 305 4918 eorum
332 4864 555 4921 meritis
583 4861 1050 4933 suifragantibus,
1082 4877 1277 4933 preces
1308 4867 1529 4917 nostras
1560 4861 1751 4933 propi-

132 4953 227 5009 tius
251 4958 539 5028 exaudias,
584 4972 698 5028 per
735 4954 1039 5009 Dominum
1077 4960 1334 5010 nostrum
1375 4956 1565 5010 Iesum
1600 4954 1754 5009 Chri-

135 5050 265 5101 stum
291 5049 495 5105 Filium
522 5054 719 5118 tuum,
739 5047 838 5119 qui
858 5054 943 5104 est
957 5052 1279 5104 sanctorum
1298 5046 1555 5102 omnium
1578 5046 1754 5102 virtus

133 5143 181 5192 et
202 5142 387 5215 gloria,
407 5142 659 5200 victoria
678 5145 996 5213 martyrum
1012 5145 1070 5196 et
1088 5157 1311 5211 corona,
1331 5145 1523 5213 pastor
1541 5140 1751 5210 ovium,

135 5236 181 5285 et
204 5233 378 5291 hostia
402 5236 798 5303 sacerdotum,
826 5234 1143 5306 redemptio
1170 5234 1447 5307 gentium,
1478 5238 1532 5289 et
1558 5234 1750 5306 propi-

133 5324 269 5381 tiatio
306 5333 706 5400 peccatorum.
735 5330 879 5383 Ante
915 5328 1076 5399 cujus
1102 5327 1529 5383 sacratissimam
1565 5328 1755 5384 sedem

133 5422 263 5474 stant
285 5422 477 5495 angeli
502 5427 687 5494 atque
705 5420 1051 5492 archangeli,
1082 5424 1138 5476 et
1163 5420 1281 5475 sine
1303 5420 1603 5477 cessatione
1630 5438 1756 5493 pro—

133 5510 376 5585 Clamant,
402 5516 670 5571 dicentes
700 5528 712 5567 :
743 5515 999 5581 Sanctus,
1033 5514 1288 5581 Sanctus,
1322 5513 1574 5569 Sanctus.

603 5623 859 5674 Collectio
883 5627 1003 5689 post
1032 5625 1268 5674 Sanctus.

188 5709 436 5767 Hosanna
485 5712 549 5766 in
595 5709 855 5765 excelsis.
894 5708 1035 5764 Vere
1077 5713 1320 5777 sanctus,
1363 5722 1490 5763 vere
1531 5707 1755 5763 benedi-

136 5804 237 5857 ctus
260 5803 533 5860 Dominus
574 5805 778 5858 noster
798 5802 957 5858 Iesus
981 5802 1235 5858 Christus
1270 5801 1442 5857 Filius
1471 5805 1620 5868 tuus,
1656 5801 1753 5873 qui

136 5892 345 5956 Sanctus
371 5900 433 5956 in
467 5894 690 5955 sanctis
724 5910 829 5968 pro
853 5899 1036 5953 morte
1074 5896 1266 5969 vitam,
1297 5912 1399 5969 pro
1432 5911 1601 5969 poena
1628 5894 1749 5967 glo-

433 5994 729 6064 ernon.
775 5991 1013 6059 LXXII.

1850 1974 2161 2045 laudemus,
2209 1980 2263 2030 et
2300 1979 2458 2030 tuam
2499 1976 2961 2045 misericordiam,
2999 1975 3199 2031 iisdem
3246 1991 3467 2046 semper

1852 2067 2296 2138 deprecantibus,
2327 2084 2756 2140 consequamur.
2778 2069 2882 2123 Per
2908 2068 3227 2123 Dominum.

2396 2171 2645 2221 Collectio
2669 2170 2916 2235 sequitur.

1921 2251 2334 2321 Apostolorum,
2376 2267 2721 2323 quaesumus,
2777 2250 3029 2317 Domine,
3076 2250 3467 2305 intercessione

1851 2358 1953 2395 nos
1975 2343 2198 2413 adjuva,
2220 2360 2324 2415 pro
2343 2360 2585 2415 quorum
2601 2343 2968 2398 sollemnitate
2986 2343 3256 2410 laetantes,
3280 2347 3469 2397 sancta

1851 2438 1948 2489 tua
1974 2438 2326 2507 percepimus
2356 2437 2519 2491 dona.
2545 2438 2652 2491 Per
2678 2436 2996 2490 Dominum.

1994 2542 2104 2595 Vll.
2147 2557 2304 2597 mssa
2340 2558 2392 2596 IN
2444 2557 2644 2597 manu:
2682 2555 2999 2596 SANCTORUM
3036 2554 3323 2595 INFANTL‘M.

1924 2644 2084 2712 Deus,
2113 2643 2209 2714 qui
2236 2642 2557 2697 universam
2584 2642 2886 2697 Ecclesiam
2911 2646 3068 2696 tuam
3094 2640 3467 2711 pretiosorum

1855 2732 2043 2806 199
2072 2739 2386 2806 martyrum
2422 2738 2651 2789 tuorum
2687 2733 3008 2802 virtutibus,
3047 2732 3198 2786 velut
3241 2730 3468 2802 quibus-

1853 2826 1983 2881 dam
2022 2827 2252 2881 tloribus
2292 2828 2588 2895 coronasti,
2625 2832 2690 2881 ut
2733 2843 2834 2897 per
2871 2825 3064 2892 trium,
3104 2825 3207 2879 hos
3240 2828 3467 2877 tuorum

1852 2919 2079 2974 testium
2125 2924 2181 2974 et
2226 2919 2663 2974 sollemnitatum
2719 2918 2954 2989 gloriam
3003 2922 3059 2971 et
3112 2915 3469 2971 devotionum

1852 3013 2109 3083 exempla
2156 3012 2486 3083 susciperes,
2532 3012 2674 3066 sicut
2701 3011 2760 3065 in
2798 3012 2904 3064 hoc
2932 3010 3041 3077 die,
3073 3026 3185 3080 quo
3222 3025 3324 3080 pro
3359 3009 3467 3062 Do-

1852 3104 2009 3159 mino
2034 3109 2223 3159 nostro
2248 3106 2374 3159 Iesu
2398 3104 2616 3158 Christo
2644 3104 2926 3158 Infantum
2955 3101 3331 3157 innocentiam
3369 3116 3466 3153 ex-

1851 3197 1997 3251 tollis
2047 3212 2226 3267 usque
2275 3197 2345 3250 ad
2403 3196 2604 3251 merita
2654 3195 2999 3268 passionum.
3066 3194 3319 3248 Feliciter
3368 3208 3469 3263 pro

1775 3258 1828 3331 C
1854 3288 2072 3344 Christo
2096 3258 2306 3343 mortui
2327 3293 2487 3357 sunt;
2518 3289 2615 3343 sed
2632 3258 2846 3343 felicius
2870 3304 2999 3342 cum
3016 3287 3214 3342 eodem
3232 3286 3290 3339 in
3312 3258 3470 3339 aeter-

1851 3382 2025 3437 nitate
2056 3381 2252 3437 victuri
2284 3398 2297 3435 :
2328 3382 2426 3452 qui
2453 3382 2524 3435 ad
2549 3382 2653 3435 hoc
2682 3385 2904 3435 tantum
2928 3396 3030 3452 per
3052 3380 3361 3434 humanam
3390 3378 3471 3431 in-

1852 3473 2175 3529 ﬁrmitatem
2185 3474 2302 3528 nati
2322 3477 2452 3528 sunt
2475 3474 2544 3527 ad
2567 3489 2901 3543 aerumnam,
2919 3476 2981 3527 ut
2994 3489 3096 3543 per
3113 3472 3205 3526 Dei
3230 3471 3468 3542 gratiam

1852 3571 2215 3622 nascerentur
2239 3571 2513 3637 martyres
2545 3566 2616 3619 ad
2651 3582 2935 3620 coronam.
2964 3566 3189 3632 Praesta,
3221 3563 3471 3633 omnipo-

1852 3664 1974 3714 tens
1998 3661 2162 3729 Deus,
2200 3658 2261 3712 in
2298 3659 2403 3713 hac
2449 3658 2822 3712 sollemnitate
2858 3657 2967 3712 diei
2993 3656 3184 3725 hujus,
3224 3659 3290 3709 ut
3327 3655 3468 3708 sicut

1852 3752 1960 3806 illis
1987 3750 2185 3806 dedisti
2210 3751 2424 3821 palmas
2441 3749 2707 3817 victoriae,
2731 3750 2807 3804 ita
2821 3749 2983 3803 nobis
3003 3764 3226 3819 quoque
3250 3762 3467 3801 consor-

1830 3845 1994 3899 -tium
2019 3844 2234 3899 tribuas
2273 3843 2697 3915 sempiternum.
2736 3843 2840 3897 Per
2874 3841 3172 3896 Dominum
3212 3844 3466 3895 nostrum

1851 3938 2344 3993 Iesum'Christum
2381 3936 2582 3992 Filium
2609 3940 2792 4006 tuum,
2834 3934 2930 4007 qui
2958 3939 3146 3990 tecum
3169 3934 3321 3989 vivit.

2398 4038 2642 4089 Collectio
2671 4036 2920 4100 sequitur.

1925 4125 2069 4180 Deus
2093 4124 2508 4195 omnipotentiae
2533 4140 2597 4177 ac
2621 4121 2959 4193 benignatis,
2987 4121 3129 4176 Deus
3159 4119 3468 4175 misericor-

1853 4222 1959 4277 diae
1986 4227 2152 4294 atque
2180 4221 2423 4293 pietatis,
2453 4220 2549 4294 qui
2576 4219 3011 4276 Bethleemiticaa
3028 4218 3177 4289 plebi
3204 4235 3268 4272 ac
3292 4218 3469 4273 domi-

1851 4315 1993 4370 nicas
2043 4314 2249 4369 civitati
2324 4331 2427 4385 pro
2484 4313 2884 4384 temporalibus
2947 4310 3214 4366 aerumnis
3266 4310 3469 4382 gaudia

1854 4414 2062 4464 aeterna
2088 4406 2348 4477 tribuisti,
2375 4413 2441 4462 ut
2465 4407 2672 4461 Rachel
2697 4410 2886 4460 sancta
2909 4405 3133 4475 plorans
3150 4402 3293 4457 ﬁlios
3316 4419 3462 4473 suos,

1852 4518 1979 4573 quae
2009 4500 2342 4572 praeferebat
2368 4515 2437 4554 ex
2467 4499 2656 4553 dolore
2696 4499 2933 4564 luctum,
2968 4497 3142 4551 nollet
3172 4511 3241 4549 ex
3279 4511 3467 4550 conso-

1852 4594 2056 4649 latione
2103 4592 2386 4658 solatium,
2432 4590 2565 4663 quia
2612 4591 2742 4645 licet
2774 4590 3055 4644 videretur
3096 4590 3164 4645 de
3199 4590 3464 4661 praesenti

1853 4687 2133 4742 Infantum
2161 4686 2459 4740 amissione
2496 4682 2815 4753 conterrita,
2842 4687 2961 4737 erat
2987 4686 3176 4737 tamen
3209 4682 3371 4738 beata
3397 4682 3466 4738 de

1852 4783 2166 4851 martyrum
2191 4778 2562 4851 perpetuitate
2591 4793 2804 4832 secura.
2835 4776 2911 4829 Da
2948 4776 3181 4844 cunctis,
3209 4776 3462 4844 Domine,

1852 4873 1912 4927 in
1937 4873 2041 4928 hoc
2083 4874 2202 4927 loco
2243 4869 2693 4941 consistentibus,
2723 4873 2779 4924 et
2814 4868 3088 4924 universae
3130 4869 3279 4940 plebi
3304 4868 3465 4922 istius

1851 4967 1976 5035 loci,
2018 4971 2083 5021 ut
2118 4966 2193 5020 sic
2235 4966 2479 5021 habeant
2521 4981 2589 5019 ex
2631 4966 2839 5017 sanctae
2880 4964 3006 5017 vitae
3051 4961 3464 5016 conversatione

1852 5060 2121 5131 palmam,
2150 5059 2293 5114 sicut
2316 5058 2637 5113 habuerunt
2660 5056 2875 5128 parvuli
2903 5072 2971 5111 ex
3004 5054 3261 5126 passione
3286 5055 3460 5110 victo-

1853 5153 2014 5208 riam.
2036 5154 2141 5206 Per
2158 5151 2459 5206 Dominum
2472 5152 2728 5205 nostrum
2747 5151 2935 5205 Iesum
2954 5148 3237 5203 Christum
3261 5148 3464 5205 Filium

1852 5250 2035 5312 tuum,
2064 5244 2161 5316 qui
2188 5248 2376 5300 tecum
2402 5243 2554 5298 vivit.

2331 5345 2579 5395 Collectio
2608 5349 2726 5409 post
2747 5346 2973 5396 nomina.

1923 5432 2087 5499 Deus,
2116 5429 2214 5504 qui
2237 5429 2295 5486 id
2320 5430 2469 5502 quod
2495 5446 2595 5501 per
2620 5429 2914 5485 infantiam
2950 5430 3171 5485 videtur
3195 5428 3465 5501 exiguum

1852 5541 2128 5596 magnum
2149 5525 2286 5580 facis
2306 5540 2423 5580 esse
2441 5541 2544 5594 per
2567 5523 2785 5593 merita,
2823 5523 2923 5595 qui
2948 5523 3253 5595 primordia
3269 5524 3469 5578 adven-

1853 5621 1942 5671 tus
1984 5617 2069 5671 tui
2102 5617 2404 5690 triumphis
2445 5615 2717 5688 gloriﬁcas
2749 5616 3130 5688 parvulorum,
3169 5615 3326 5687 prius
3371 5631 3463 5669 eos

1851 5708 2121 5783 passionis
2146 5710 2414 5782 martyrio
2429 5727 2600 5783 quam
2626 5710 2801 5765 (atatis
2817 5709 3080 5781 provehis
3098 5710 3460 5764 incremento.

1853 5802 2006 5860 Felix
2053 5820 2205 5858 mors
2253 5820 2469 5873 eorum,
2526 5806 2582 5858 et
2630 5801 2999 5859 beatiﬁcanda
3046 5800 3305 5867 conditio,
3359 5812 3458 5867 per

1852 5914 2023 5973 quam
2047 5894 2124 5954 eis
2149 5897 2383 5971 contigit
2417 5901 2481 5952 ut
2517 5896 2789 5951 saevitiam
2826 5892 3193 5949 crudelissimi
3234 5887 3461 5945 Herodis

3112 5994 3149 6049 8
