3976 6462
474 380 576 436 235

1261 368 1594 426 APPENDIX
1628 369 1716 425 AD
1751 367 1971 425 OPERA
2008 367 2239 425 SANCTI
2276 368 2573 426 GERMANI
2610 370 3034 426 PARISIENSIS.

3741 369 3846 421 236

477 488 785 550 devicerint
806 483 1227 556 triumphando,
1259 487 1315 538 et
1337 483 1624 538 Christum
1661 484 2012 538 mererentur
2037 479 2097 534 in
2119 493 2178 565 Α
2197 488 2409 552 pareat.
2430 483 2623 538 Cordis
2636 483 2812 538 nostri
2834 480 3134 554 praeputia,
3157 495 3288 552 quae
3311 477 3624 552 gentilibus
3641 475 3836 550 201

476 583 730 658 praemio.
764 581 842 634 Da
865 578 998 634 huic
1016 576 1246 649 populo,
1273 580 1372 631 tuo
1393 575 1611 630 nomini
1636 578 1976 640 consecrato,
1999 588 2100 644 per

477 673 776 733 consimilis
797 670 992 744 gratia:
1015 669 1580 738 administrationem,
1603 667 1935 723 meritorum
1951 665 2100 720 simi-

473 770 616 824 lium
651 765 1008 837 dignitatem,
1035 767 1102 818 ut
1137 761 1237 834 qui
1276 762 1424 816 hanc
1458 765 1779 815 sanctorum
1817 759 2098 814 [nfantum

471 859 831 917 festivitatem
872 872 977 929 pro
1024 855 1239 910 honore
1275 853 1520 909 nominis
1562 853 1645 908 tui
1690 851 1992 920 celebrant,
2027 851 2099 906 ad

473 955 729 1026 ipsorum
757 950 1044 1008 lnfantum
1073 947 1480 1003 beatitudinem
1509 945 1764 1017 profectu
1787 944 1918 999 ﬁdei
1947 958 2096 998 sem-

471 1063 576 1120 per
600 1045 923 1101 ascendant.
949 1041 1106 1106 Quod
1132 1040 1248 1111 ipse
1278 1043 1548 1111 praestare
1578 1037 1849 1110 digneris,
1878 1036 1997 1108 qui.

1028 1141 1318 1191 Immolatio
1349 1139 1538 1190 missae.

544 1231 790 1302 Dignum
817 1232 872 1282 et
887 1227 1110 1298 justum
1135 1231 1237 1281 est.
1257 1225 1400 1280 Vere
1425 1224 1665 1296 dignum
1685 1226 1742 1278 et
1751 1222 1971 1294 justum
1992 1225 2095 1291 est,

471 1341 574 1380 nos
598 1322 698 1379 tibi
717 1335 942 1392 semper
965 1323 1021 1374 et
1041 1317 1249 1390 ubique
1271 1317 1477 1390 gratias
1502 1331 1693 1387 agere,
1721 1313 1954 1370 Domine
1979 1329 2100 1368 san-

469 1421 577 1486 cte,
611 1418 776 1471 Pater
806 1412 1186 1484 omnipotens,
1231 1415 1441 1466 aeterne
1479 1410 1647 1478 Deus,
1683 1425 1788 1480 pro
1829 1407 1918 1462 his
1956 1423 2100 1478 prae-

470 1510 633 1581 cipue
671 1523 918 1580 quorum
945 1505 1222 1560 hodierno
1259 1503 1350 1558 die
1375 1519 1563 1557 annua
1605 1500 1902 1556 festivitate
1939 1515 2096 1555 reco-

469 1598 649 1652 lentes
677 1594 1015 1651 memoriam
1043 1591 1314 1664 passionis
1344 1591 1716 1659 celebramus,
1748 1605 1888 1661 quos
1922 1589 2095 1642 Hero-

471 1691 675 1746 dianus
717 1689 934 1744 satelles
969 1689 1280 1741 lactantum
1307 1681 1499 1756 200
1539 1687 1788 1738 matrum
1832 1680 2098 1736 uberibus

468 1781 760 1838 abstraxit.
790 1779 896 1845 Qui
918 1780 1050 1851 jure
1069 1778 1336 1834 dicuntur
1362 1780 1679 1847 martyrum
1702 1773 1888 1841 ﬂores,
1915 1772 2013 1845 qui
2037 1773 2098 1827 in

469 1873 656 1930 medio
682 1873 893 1945 frigore
918 1869 1262 1932 inﬁdelitatis
1287 1868 1487 1936 exorti,
1503 1867 1658 1922 velut
1682 1867 1896 1938 primas
1913 1881 2098 1921 erum-
2115 1855 2172 1927 B

468 1971 666 2038 pentes
733 1963 996 2020 Ecclesiae
1069 1977 1322 2033 gemmas
1374 1961 1636 2032 quasdam
1695 1957 2100 2030 persecutionis

468 2058 675 2129 pruina
709 2055 988 2124 discussit,
1030 2054 1297 2109 rutilante
1325 2053 1478 2107 fonte
1518 2052 1579 2106 in
1608 2051 1936 2106 Bethlehem
1962 2049 2096 2104 civi-

469 2155 605 2205 tate.
641 2148 882 2203 Infantes
916 2145 1071 2202 enim
1095 2145 1230 2216 quia
1271 2148 1433 2200 aetate
1481 2143 1636 2215 loqui
1677 2159 1796 2197 non
1818 2146 2095 2213 poterant,

467 2243 696 2297 laudem
724 2239 948 2294 Domini
971 2255 1102 2293 cum
1133 2237 1336 2309 gaudio
1369 2235 1588 2308 [Forsan
1627 2235 1828 2308 gladio]
1877 2251 2100 2290 resona-

470 2335 626 2389 bant.
655 2332 826 2388 Occisi
857 2331 1187 2404 praedicant,
1218 2329 1370 2402 quod
1400 2329 1507 2384 vivi
1538 2346 1654 2383 non
1679 2332 1960 2400 poterant.
1989 2328 2095 2382 Lo-

469 2427 726 2493 quuntur
769 2421 1064 2492 sanguine,
1108 2419 1259 2490 quod
1298 2417 1494 2488 lingua
1529 2417 1926 2488 nequiverunt.
1961 2416 2100 2471 Con-

469 2516 602 2570 tulit
625 2513 712 2569 his
740 2513 1081 2586 martyrium
1103 2511 1350 2578 laudem,
1373 2510 1581 2580 quibus
1595 2509 1972 2582 abnegaverat
1995 2508 2100 2564 lin-

469 2624 581 2680 gua
621 2623 962 2662 sermonem.
995 2603 1294 2660 Praemittit
1328 2602 1574 2657 Infantes
1614 2602 1803 2657 Infans
1845 2601 2098 2656 Christus

467 2700 539 2755 ad
574 2701 770 2770 caelos;
816 2697 1148 2754 transmittit
1188 2713 1332 2752 nova
1374 2695 1572 2750 exenia
1607 2695 1786 2764 Patri;
1822 2694 2100 2766 primitias

468 2793 700 2848 exhibet
713 2790 964 2847 Genitori
982 2789 1349 2844 Parvulorum
1367 2787 1551 2858 prima
1563 2787 1854 2858 martyria,
1870 2786 2098 2842 Herodis

467 2884 676 2940 scelere
701 2887 1044 2957 perpetrata.
1071 2884 1306 2936 Praestat
1337 2880 1521 2934 hostia
1551 2878 1792 2951 corpori,
1822 2879 1960 2934 dum
1993 2896 2096 2934 no-

469 2979 592 3047 cet;
619 2975 962 3032 beneficium
986 2973 1204 3043 tribuit,
1227 2973 1366 3028 dum
1388 2971 1624 3040 occidit;
1653 2971 1943 3026 moriendo
1967 2971 2100 3027 vivi-

466 3076 581 3142 tur,
612 3069 862 3125 cadendo
889 3066 1225 3138 resurgitur,
1254 3064 1486 3119 victoria
1510 3081 1614 3135 per
1634 3064 1928 3119 interitum
1953 3081 2100 3119 com-

467 3163 759 3237 probatur.
801 3163 910 3215 Pro
955 3159 1044 3214 his
1089 3175 1224 3230 ergo
1270 3156 1558 3212 beneﬁciis
1599 3161 1656 3212 et
1693 3173 1796 3228 pro
1833 3159 2098 3228 praasenti

467 3253 840 3312 sollemnitate
867 3251 1168 3306 immensas
1195 3249 1392 3322 pietati
1417 3255 1530 3304 tua:
1561 3250 1768 3320 gratias
1794 3250 2098 3306 referentes

466 3348 653 3422 potius
680 3362 854 3418 quam
882 3344 1274 3416 rependentes,
1305 3359 1436 3396 cum
1463 3342 1667 3396 sanctis
1691 3343 1907 3414 angelis
1937 3348 1992 3398 et
2015 3360 2100 3397 ar-

467 3440 777 3513 changelis,
817 3437 917 3510 qui
949 3453 1130 3492 unum
1170 3440 1224 3490 te
1260 3437 1435 3490 Deum
1471 3435 1877 3504 dominantem,
1907 3435 2099 3490 distiu-

464 3539 640 3604 ctum,
681 3549 784 3588 nec
829 3530 1099 3600 divisum;
1128 3528 1364 3599 trinum,
1402 3545 1506 3583 nec
1533 3527 1854 3600 triplicem;
1889 3529 2093 3599 solum,

467 3645 570 3684 nec
613 3625 969 3692 solitarium;
999 3639 1240 3678 consona
1273 3621 1570 3677 laudamus
1605 3637 1758 3692 voce,
1805 3622 2092 3678 dicentes:

467 3721 721 3789 Sanctus,
750 3718 1002 3784 Sanctus,
1026 3715 1281 3772 Sanctus.

1018 3815 1320 3868 Benedictio
1343 3815 1542 3880 pOpuli.

540 3909 704 3976 Deus,
733 3904 834 3976 qui
861 3903 964 3958 tibi
991 3902 1325 3958 consecrasti
1348 3901 1626 3973 primitias
1667 3905 1984 3975 martyrum
2026 3904 2098 3960 ab

468 3997 792 4056 innocentia
818 3996 1198 4068 parvulorum.
1226 3997 1427 4051 Amen.
1457 3997 1524 4050 Et
1551 3995 1708 4066 prius
1741 3995 1844 4050 tibi
1872 4002 2095 4069 coapta-

470 4094 541 4150 sti
566 4094 628 4148 in
657 4090 1000 4147 confessione
1029 4088 1325 4144 infantiam
1351 4103 1524 4159 quam
1558 4087 1756 4160 lingua
1793 4089 2100 4146 solveretur

469 4187 529 4242 in
553 4186 742 4241 verba.
782 4187 982 4240 Amen.
1011 4182 1265 4238 Concede
1289 4179 1518 4252 plebem
1541 4184 1700 4236 tuam
1736 4181 2098 4240 innocentem

469 4296 573 4353 per
611 4277 868 4350 gratiam,
907 4276 1012 4330 etsi
1050 4291 1167 4330 non
1211 4273 1324 4328 sint
1356 4277 1612 4344 tempore
1655 4274 1930 4347 sanguine
1972 4277 2098 4332 fuso

469 4371 757 4445 martyria.
811 4373 1012 4425 Amen.
1064 4369 1327 4422 Servetur
1376 4365 1468 4419 hic
1529 4367 1772 4439 populus
1824 4377 2100 4442 purgatus

469 4466 828 4538 baptismate,
857 4462 955 4534 qui
981 4460 1086 4516 tibi
1109 4459 1375 4530 placitam
1392 4458 1570 4514 fecisti
1590 4461 1972 4519 innocentiam
1997 4481 2100 4536 per

2198 576 2345 632 vitiis
2371 580 2760 643 excreverunt,
2780 592 2894 631 non
2905 575 3077 642 ferro,
3105 575 3200 629 sed
3216 573 3420 646 spiritu
3443 571 3848 638 circumcidat,

2199 670 2374 724 donec
2392 670 2603 724 carnali
2617 669 2985 736 incremento,
3007 667 3356 722 facinoribus
3373 663 3712 738 amputatis,
3737 663 3850 717 hoc

2197 763 2378 816 solum
2414 761 2474 816 in
2510 767 2715 818 natura
2759 767 2950 816 nostra
2989 760 3157 815 faciat
3194 759 3402 829 vivere,
3449 758 3606 830 quod
3643 757 3760 811 sibi
3794 761 3851 810 et

2197 855 2404 911 servire
2447 856 2626 910 valeat
2673 860 2730 911 et
2769 855 3010 926 placere.
3055 853 3216 918 Quod
3265 852 3389 924 ipse
3443 854 3729 923 praestare
3768 849 3852 904 di-

2200 952 2425 1019 gnetur,
2450 947 2547 1020 qui
2576 964 2708 1004 cum
2733 949 2896 1002 Patre
2925 951 2979 1001 et
3003 945 3218 1018 Spiritu
3241 950 3434 1000 sancto
3459 944 3534 999 vi.
3555 948 3614 999 et
3640 959 3774 1014 reg.

2745 1034 2992 1085 Collectio
3018 1033 3268 1098 sequitur.

2269 1109 2488 1176 Sancte,
2519 1106 2896 1178 omnipotens,
2931 1111 3142 1160 zeterne
3167 1106 3336 1174 Deus,
3367 1107 3430 1159 tu
3463 1119 3569 1159 nos
3596 1117 3847 1158 conver-

2199 1204 2322 1255 tens
2348 1200 2584 1266 vivifica,
2614 1202 2670 1254 et
2695 1215 2838 1270 quos
2863 1215 3020 1253 error
3041 1197 3370 1269 gentilitatis
3396 1195 3656 1264 involvit,
3685 1195 3853 1268 agni-

2196 1293 2364 1348 tionis
2413 1297 2527 1347 tum
2563 1308 2772 1347 munus
2813 1291 3082 1361 absolvat,
3128 1296 3194 1346 ut
3253 1290 3451 1345 aculeo
3497 1289 3710 1344 mortis
3755 1305 3854 1344 ex-

2197 1386 2390 1453 tincto,
2423 1385 2647 1440 aeternis
2672 1383 3022 1440 viviﬁcemur
3055 1383 3324 1453 oraculis;
3355 1386 3422 1437 ut
3443 1383 3591 1438 sicut
3617 1399 3730 1454 per
3755 1382 3850 1436 in-

2197 1479 2521 1535 ﬁrmitatem
2549 1477 2730 1532 carnis
2755 1477 3085 1533 servivimus
3121 1476 3417 1548 injustitia:
3437 1481 3494 1532 et
3522 1475 3850 1546 iniquitati,

2197 1574 2278 1629 ita
2309 1589 2462 1627 nunc
2503 1571 2724 1626 liberati
2757 1589 2792 1625 a
2839 1570 3100 1642 peccatis,
3139 1569 3452 1624 serviamus
3487 1568 3740 1640 justitia:
3791 1569 3854 1622 in

2198 1664 2653 1721 sanctiﬁcatione.
2680 1666 2786 1719 Per
2810 1663 3117 1718 Dominum
3135 1665 3399 1718 nostrum
3425 1663 3621 1718 Jesum
3651 1660 3856 1716 Chris—

2196 1763 2321 1814 tum
2345 1757 2552 1812 Filium
2576 1761 2762 1812 tuum.

2676 1843 2926 1894 Collectio
2950 1846 3068 1906 post
3093 1843 3329 1894 nomina.

2266 1919 2482 1974 Auditis
2511 1917 2836 1972 nominibus
2858 1915 3431 1985 oﬁ‘erentum,fratres
3459 1915 3853 1985 dilectissimi,

2194 2013 2480 2068 Christum
2521 2011 2828 2066 Dominum
2869 2009 3262 2080 deprecemur,
3299 2013 3364 2064 ut
3387 2009 3532 2064 sicut
3561 2026 3674 2080 pro
3721 2010 3854 2080 ejus

2197 2105 2629 2162 Circumcisione
2655 2103 2864 2158 carnali
2887 2102 3180 2157 sollemnia
3206 2101 3582 2171 celebramus,
3612 2102 3702 2156 ita
3727 2101 3854 2174 spi-

2195 2197 2442 2253 ritalium
2499 2195 2886 2268 nequitiamm
2946 2194 3230 2249 inlusione
3278 2193 3496 2248 devicta
3545 2193 3854 2264 laetemur,

2195 2294 2498 2363 praestante
2523 2291 2733 2362 pietate
2760 2305 2888 2358 sua;
2918 2292 2982 2342 ut
3013 2288 3137 2342 haec
3171 2287 3444 2342 sacriﬁcia
3481 2287 3562 2340 sic
3601 2286 3861 2343 viventi-

2196 2383 2300 2438 bus
2326 2382 2623 2454 proficiant
2647 2381 2717 2436 ad
2751 2379 3230 2448 emendationem,
3259 2383 3324 2434 ut
3348 2379 3634 2434 defunctis
3662 2381 3866 2452 opitu-

2197 2477 2385 2532 lentur
2429 2476 2498 2531 ad
2536 2474 2811 2546 requiem.
2861 2475 2966 2528 Per
2997 2471 3302 2527 Dominum
3334 2477 3600 2528 nostrum
3646 2474 3860 2529 Jesum

2197 2569 2481 2625 Christum
2505 2567 2710 2622 Filium
2732 2583 2919 2633 suum,
2949 2581 3140 2620 secum
3160 2565 3464 2634 viventem,
3494 2581 3860 2639 semperque

2198 2678 2360 2734 regn.
2389 2661 2450 2716 in
2486 2661 2704 2716 unitate
2734 2659 2972 2730 Spiritus
3000 2660 3177 2714 sancti
3203 2659 3264 2714 in
3291 2659 3498 2714 saecula
3527 2660 3741 2715 stecul.

2727 2747 2976 2798 Collectio
3006 2747 3071 2797 ad
3096 2746 3316 2812 pacem.

2268 2823 2416 2878 Deus
2439 2820 2539 2892 qui
2563 2820 2742 2891 magis
2771 2819 3254 2875 circumcisionem
3281 2820 3465 2876 cordis
3499 2837 3687 2892 quam
3719 2838 3862 2876 cor-

2195 2915 2350 2988 poris
2382 2914 2588 2985 diligis,
2617 2918 2675 2969 et
2710 2929 2826 2968 non
2850 2913 3100 2969 admittis
3127 2913 3418 2969 inductam
3444 2930 3550 2985 per
3586 2915 3866 2971 litteram

2196 3007 2462 3080 praeputii
2497 3006 3003 3076 circumcisionem,
3049 3007 3147 3062 sed
3190 3007 3322 3062 ﬁdei
3385 3007 3667 3062 innexam
3715 3026 3862 3064 cum

2196 3101 2344 3156 bono
2388 3116 2557 3172 Opere
2597 3100 2911 3170 caritatem,
2952 3105 3016 3154 tu
3051 3103 3274 3155 nostras
3303 3117 3471 3156 aures
3504 3101 3740 3172 deseca,
3785 3119 3864 3158 ne

2119 3216 2172 3290 Ο
2197 3193 2430 3248 audiant
2452 3193 2814 3263 sanguinem;
2848 3192 3036 3259 corda,
3065 3208 3136 3246 ne
3177 3195 3409 3248 teneant
3438 3193 3640 3249 dolum
3657 3212 3677 3264 ;
3712 3213 3862 3251 ocu-

2195 3287 2296 3356 los,
2341 3302 2413 3340 ne
2449 3285 2716 3340 invadant
2760 3285 3028 3340 alienum.
3073 3287 3157 3340 Tu
3200 3286 3262 3340 in
3305 3285 3574 3342 manibus
3614 3289 3864 3344 succida

2196 3378 2346 3450 quod
2372 3377 2592 3450 polluit,
2621 3377 2680 3432 in
2717 3377 2956 3449 pedibus
2991 3379 3145 3450 quod
3181 3379 3254 3433 ad
3286 3379 3504 3434 malum
3548 3382 3769 3453 currit,
3802 3383 3866 3438 in

2195 3469 2488 3542 prteputiis
2511 3470 2662 3542 quod
2689 3470 2940 3524 carnalia
2967 3470 3332 3542 concupiscit.
3364 3473 3446 3527 Tu
3473 3472 3671 3529 incide
3701 3475 3868 3547 quod

2196 3563 2389 3632 laniat,
2419 3563 2662 3634 prmcide
2704 3563 2853 3634 quod
2899 3563 3177 3634 vulnerat,
3222 3563 3490 3621 abscinde
3516 3568 3686 3638 quod
3713 3569 3870 3625 lace-

2195 3660 2303 3724 rat,
2330 3656 2524 3712 excide
2550 3656 2702 3728 quod
2730 3656 2991 3712 scandala
3020 3656 3415 3729 incrementat,
3453 3664 3524 3714 ut
3545 3667 3870 3732 amputato

2195 3749 2461 3817 facinore,
2503 3749 2616 3804 sola
2647 3749 2708 3804 in
2749 3766 2851 3804 nos
2887 3749 3069 3806 valeat
3109 3751 3311 3806 caritas
3360 3754 3704 3825 propagari.
3753 3758 3870 3812 Per

2196 3843 2502 3899 Dominum
2525 3845 2783 3898 nostrum
2808 3844 2998 3898 Jesum
3021 3843 3309 3899 Christum
3338 3845 3545 3900 Filium
3579 3851 3792 3906 tuum.

2267 4001 2516 4075 Dignum
2541 4005 2599 4057 et
2616 4002 2838 4074 justum
2856 3931 3391 4075 ἒῗὲίῧὲῗὲξὲᾳωιω
3419 4009 3478 4060 et
3497 4005 3744 4076 justum
3781 4016 3874 4066 est

2195 4112 2299 4150 nos
2342 4095 2444 4150 tibi
2484 4095 2694 4166 gratias
2745 4112 2934 4167 agere,
2987 4100 3156 4168 teque
3196 4097 3537 4154 benedicere
3579 4100 3646 4154 in
3698 4103 3877 4158 omni

2197 4193 2472 4260 tempore,
2501 4189 2880 4260 omnipotens,
2914 4192 3124 4244 mterne
3157 4190 3326 4260 Deus,
3356 4191 3493 4262 quia
3528 4191 3594 4248 in
3623 4198 3684 4249 te
3715 4197 3875 4251 vivi-

2196 4297 2345 4351 mus,
2363 4298 2664 4337 movemur
2687 4286 2744 4336 et
2768 4299 2984 4346 sumus,
3015 4285 3072 4337 et
3095 4282 3322 4338 nullum
3337 4288 3568 4356 tempus
3596 4289 3880 4346 nullum-

2197 4391 2306 4446 que
2332 4380 2687 4430 momentum
2711 4380 2796 4431 est
2821 4393 2935 4448 quo
2965 4393 2997 4430 a
3020 4375 3308 4432 beneﬁciis
3337 4377 3566 4448 pietatis
3596 4384 3727 4437 tuae
3775 4401 3879 4440 va—

2198 4484 2373 4523 cuum
2410 4473 2820 4539 transagamus.
2863 4469 2956 4524 His
2995 4473 3187 4524 autem
3229 4468 3449 4540 diebus,
3492 4488 3644 4542 quos
3687 4477 3879 4533 variis

471 4575 752 4615 cruorem.
781 4559 982 4611 Amen.
1012 4554 1082 4608 Ut
1105 4551 1222 4606 illic
1241 4569 1342 4606 suo
1366 4551 1685 4610 interventu
1713 4571 1850 4628 grex
1875 4559 2100 4614 accedat
2117 4580 2178 4652 D
2200 4561 2641 4616 sollemnitatum
2669 4561 2849 4616 causis
2875 4562 3208 4618 salutarium
3241 4563 3406 4618 nobis
3431 4581 3687 4636 operum
3727 4574 3875 4627 tuo-

471 4669 576 4725 per
603 4652 911 4716 lavacrum,
947 4646 1047 4702 ubi
1082 4645 1270 4700 felices
1309 4645 1527 4701 Parvuli
1562 4648 1776 4718 perfusi
1808 4666 1935 4704 rore
1979 4668 2102 4707 san-

475 4744 664 4817 guinis
717 4740 1050 4814 gloriantur.
1099 4741 1300 4794 Amen.
1347 4740 1452 4794 Per
1491 4741 1794 4796 Dominum
1843 4747 2102 4800 nostrum

471 4839 662 4894 Jesum
695 4833 983 4892 Christum
1031 4830 1231 4886 Filium
1277 4835 1460 4904 tuum,
1504 4833 1603 4906 qui
1641 4839 1830 4892 tecum
1872 4839 2010 4894 vivit
2047 4843 2103 4894 et

472 4933 696 5005 regnat.

474 5047 608 5104 VIII.
665 5061 808 5103 onoo
867 5059 1038 5100 mssa
1087 5057 1140 5099 IN
1197 5057 1614 5100 CIRCUMCISIONE
1664 5061 1855 5104 DOMINI
1910 5064 2101 5107 NOSTRI

1087 5130 1213 5170 JESU
1253 5130 1486 5170 CHRISTI.

546 5197 1028 5268 Christo‘Domino
1052 5212 1262 5278 nostro,
1295 5207 1391 5280 qui
1410 5225 1514 5280 pro
1539 5209 1702 5265 nobis
1731 5209 1994 5284 dignatus
2022 5217 2108 5268 est

477 5320 644 5360 carne
684 5301 857 5372 nasci,
901 5302 1028 5374 lege
1065 5301 1412 5372 circumcidi,
1453 5301 1689 5358 ﬂumine
1728 5304 2018 5377 baptizari,
2045 5307 2105 5363 in

478 5399 583 5454 hac
608 5399 800 5452 octava
836 5392 1148 5450 Nativitatis
1173 5395 1295 5466 ejus
1329 5395 1439 5463 die,
1467 5413 1581 5469 qua
1619 5396 1679 5450 in
1712 5413 1771 5452 se
1809 5398 2108 5456 Circumci‘

477 5491 648 5547 sionis
685 5492 1097 5544 sacramentum
1126 5488 1439 5542 secundum
1470 5489 1741 5559 praecepti
1766 5494 1968 5548 veteris
1997 5495 2109 5550 for~

478 5602 630 5641 mam
660 5583 753 5656 agi
776 5583 971 5653 voluit,
989 5583 1191 5637 fratres
1216 5579 1510 5648 carissimi,
1533 5581 1826 5638 humiliter
1850 5586 2110 5659 deprece-

477 5697 628 5746 mur,
653 5683 719 5734 ut
754 5677 900 5734 intra
925 5674 1190 5730 Ecclesiae
1224 5677 1454 5728 uterum
1493 5690 1596 5729 nos
1635 5674 1879 5734 viventes
1905 5681 2108 5736 cotidie

477 5771 822 5831 recreatione
846 5767 1142 5842 parturiat,
1173 5781 1468 5838 quousque
1497 5767 1558 5821 in
1584 5768 1747 5824 nobis
1781 5788 1880 5827 sua
1905 5773 2106 5848 forma,

481 5865 537 5918 in
567 5878 677 5936 qua
708 5859 973 5932 perfectae
1011 5853 1191 5912 aetatis
1215 5852 1632 5924 plenitudinem
1659 5860 1971 5933 teneamus,
2003 5882 2108 5940 ap-

2199 4670 2330 4709 rum
2369 4659 2425 4710 et
2456 4670 2764 4710 munerum
2801 4644 3079 4710 memoria
3111 4655 3379 4727 signavit,
3405 4657 3496 4711 vel
3535 4657 3876 4720 innovante

2199 4746 2394 4802 laetitia
2418 4747 2693 4818 praeteriti
2713 4747 2923 4818 gaudii,
2943 4749 3034 4804 vel
3053 4749 3444 4820 permanentis
3458 4750 3600 4806 boni
3620 4759 3879 4828 tempus

2200 4839 2578 4912 agnoscimus.
2614 4837 2682 4894 Et
2715 4846 3015 4912 propterea
3057 4841 3377 4896 exultamus
3407 4843 3679 4916 uberius,
3727 4851 3880 4921 quia

2201 4933 2346 4988 sicut
2369 4933 2430 4988 in
2458 4948 2654 4988 recens
2683 4933 2956 5004 gaudium
2983 4935 3052 4989 de
3076 4935 3417 4990 venerabilis
3435 4937 3644 5008 gratiae
3672 4957 3882 4999 recor-

2202 5026 2428 5082 datione
2452 5025 2858 5082 reviviscimus.
2880 5027 3036 5084 Unde
3047 5028 3392 5085 hodiernum
3412 5028 3618 5104 202
3648 5034 3824 5091 diem
3846 5055 3882 5092 a

2203 5119 2294 5175 die
2334 5119 2607 5176 salutiferi
2647 5121 2854 5176 Natalis
2882 5125 3164 5192 octavum,
3200 5123 3459 5195 legitima
3499 5125 3752 5185 Domini
3793 5148 3888 5188 se-

2205 5212 2454 5268 cundum
2481 5230 2708 5268 carnem
2738 5213 2916 5286 geniti
2943 5215 3384 5273 Circumcisione
3405 5217 3740 5294 signatum,
3779 5241 3884 5280 or-

2205 5306 2394 5361 dinata
2437 5308 2970 5364 commemoratione
3008 5309 3341 5381 recolentes,
3379 5312 3737 5371 sacriﬁcium
3777 5335 3888 5390 pa-

2206 5397 2284 5453 cis
2307 5399 2366 5454 in
2391 5401 2530 5456 votis
2557 5402 2922 5458 sollemnibus
2951 5403 3320 5474 honoramus,
3347 5408 3406 5460 et
3443 5410 3626 5463 tanta:
3656 5411 3886 5482 digna-

2205 5491 2373 5548 tionis
2397 5510 2538 5566 opus
2565 5495 2624 5550 in
2650 5495 2874 5550 Domini
2899 5495 3172 5552 Altissimi
3197 5497 3292 5568 pia
3320 5498 3660 5558 humilitate
3699 5521 3891 5562 vene-

2207 5601 2422 5642 ramur.
2461 5589 2568 5652 Qui
2601 5589 2746 5644 sicut
2771 5591 3178 5645 mortalitatem
3215 5597 3472 5647 nostram
3513 5595 3886 5670 adsumpsit,

2207 5684 2274 5734 ut
2312 5685 2554 5738 mortem
2599 5687 2974 5754 consumeret,
3025 5682 3102 5738 ita
3141 5687 3196 5739 et
3231 5684 3424 5757 jugun
3459 5686 3612 5760 legis
3655 5691 3720 5746 in
3774 5710 3892 5748 sua

2211 5790 2376 5830 carne
2415 5775 2680 5849 suscepit,
2719 5781 2786 5832 ut
2821 5777 3034 5850 jugum
3074 5777 3285 5834 diaboli
3324 5795 3356 5834 a
3402 5785 3606 5838 nostra
3649 5787 3890 5844 cervice

2211 5867 2534 5928 discuteret.
2563 5869 2936 5928 Circumcisus
2965 5875 3047 5928 est
3070 5871 3131 5928 in
3165 5888 3336 5929 carne
3367 5877 3632 5948 corporis
3660 5881 3892 5961 nostri,
