  <div class='ocr_page' id='page_1' title='image "/cluster/home/n/w/nwhite01/storage/ocr_20150623/72/umn.31951002477365o/127.png"; bbox 0 0 3976 6420; ppageno 0'>
   <div class='ocr_carea' id='block_1_1' title="bbox 485 404 590 456">
    <p class='ocr_par' dir='ltr' id='par_1_1' title="bbox 485 404 590 456">
     <span class='ocr_line' id='line_1_1' title="bbox 485 404 590 456; baseline 0 0"><span class='ocrx_word' id='word_1_1' title='bbox 485 404 590 456; x_wconf 77' lang='grc'>239</span> 
     </span>
    </p>
   </div>
   <div class='ocr_carea' id='block_1_2' title="bbox 1274 397 3046 458">
    <p class='ocr_par' dir='ltr' id='par_1_2' title="bbox 1274 397 3046 458">
     <span class='ocr_line' id='line_1_2' title="bbox 1274 397 3046 458; baseline -0.002 -2"><span class='ocrx_word' id='word_1_2' title='bbox 1274 400 1605 458; x_wconf 81' lang='lat' dir='ltr'>APPENDIX</span> <span class='ocrx_word' id='word_1_3' title='bbox 1641 403 1730 458; x_wconf 84' lang='lat' dir='ltr'>AD</span> <span class='ocrx_word' id='word_1_4' title='bbox 1765 401 1984 458; x_wconf 74' lang='lat' dir='ltr'><strong>OPERA</strong></span> <span class='ocrx_word' id='word_1_5' title='bbox 2020 399 2251 457; x_wconf 77' lang='lat' dir='ltr'>SANCTl</span> <span class='ocrx_word' id='word_1_6' title='bbox 2288 399 2584 456; x_wconf 79' lang='lat' dir='ltr'><strong>GERMANI</strong></span> <span class='ocrx_word' id='word_1_7' title='bbox 2623 397 3046 454; x_wconf 77' lang='lat' dir='ltr'>PARISIENSIS.</span> 
     </span>
    </p>
   </div>
   <div class='ocr_carea' id='block_1_3' title="bbox 3769 393 3882 448">
    <p class='ocr_par' dir='ltr' id='par_1_3' title="bbox 3769 393 3882 448">
     <span class='ocr_line' id='line_1_3' title="bbox 3769 393 3882 448; baseline -0.009 0"><span class='ocrx_word' id='word_1_8' title='bbox 3769 393 3882 448; x_wconf 78' lang='grc'>240</span> 
     </span>
    </p>
   </div>
   <div class='ocr_carea' id='block_1_4' title="bbox 487 500 3889 594">
    <p class='ocr_par' dir='ltr' id='par_1_4' title="bbox 487 500 3889 594">
     <span class='ocr_line' id='line_1_4' title="bbox 487 500 3889 594; baseline -0.003 -29"><span class='ocrx_word' id='word_1_9' title='bbox 487 524 622 565; x_wconf 90' lang='lat' dir='ltr'>nam</span> <span class='ocrx_word' id='word_1_10' title='bbox 647 509 956 582; x_wconf 85' lang='lat' dir='ltr'>potentiam</span> <span class='ocrx_word' id='word_1_11' title='bbox 983 524 1142 563; x_wconf 91' lang='lat' dir='ltr'>suam</span> <span class='ocrx_word' id='word_1_12' title='bbox 1170 507 1506 565; x_wconf 82' lang='lat' dir='ltr'>mirabiliter</span> <span class='ocrx_word' id='word_1_13' title='bbox 1521 515 1857 566; x_wconf 83' lang='lat' dir='ltr'>monstraret</span> <span class='ocrx_word' id='word_1_14' title='bbox 1878 511 1936 565; x_wconf 93' lang='lat' dir='ltr'>in</span> <span class='ocrx_word' id='word_1_15' title='bbox 1953 510 2104 566; x_wconf 83' lang='lat' dir='ltr'>caelo.</span> <span class='ocrx_word' id='word_1_16' title='bbox 2130 523 2189 594; x_wconf 79' lang='grc' dir='ltr'><strong>Α</strong></span> <span class='ocrx_word' id='word_1_17' title='bbox 2211 509 2355 563; x_wconf 91' lang='lat' dir='ltr'>didit</span> <span class='ocrx_word' id='word_1_18' title='bbox 2382 507 2544 564; x_wconf 90' lang='lat' dir='ltr'>nobis</span> <span class='ocrx_word' id='word_1_19' title='bbox 2571 507 2768 562; x_wconf 87' lang='lat' dir='ltr'>salutis</span> <span class='ocrx_word' id='word_1_20' title='bbox 2789 506 3018 578; x_wconf 90' lang='lat' dir='ltr'>jugum,</span> <span class='ocrx_word' id='word_1_21' title='bbox 3046 507 3110 559; x_wconf 90' lang='lat' dir='ltr'>ut</span> <span class='ocrx_word' id='word_1_22' title='bbox 3138 519 3340 559; x_wconf 90' lang='lat' dir='ltr'>omnes</span> <span class='ocrx_word' id='word_1_23' title='bbox 3363 517 3470 558; x_wconf 91' lang='lat' dir='ltr'>nos</span> <span class='ocrx_word' id='word_1_24' title='bbox 3503 500 3808 594; x_wconf 84' lang='lat' dir='ltr'>exaltaret</span> <span class='ocrx_word' id='word_1_25' title='bbox 3829 501 3889 554; x_wconf 91' lang='lat' dir='ltr'>in</span> 
     </span>
    </p>
   </div>
   <div class='ocr_carea' id='block_1_5' title="bbox 485 601 2107 675">
    <p class='ocr_par' dir='ltr' id='par_1_5' title="bbox 485 601 2107 675">
     <span class='ocr_line' id='line_1_5' title="bbox 485 601 2107 675; baseline 0.001 -18"><span class='ocrx_word' id='word_1_26' title='bbox 485 603 593 668; x_wconf 87' lang='lat' dir='ltr'>Qui</span> <span class='ocrx_word' id='word_1_27' title='bbox 617 602 770 657; x_wconf 91' lang='lat' dir='ltr'>enim</span> <span class='ocrx_word' id='word_1_28' title='bbox 793 617 898 672; x_wconf 87' lang='lat' dir='ltr'>pro</span> <span class='ocrx_word' id='word_1_29' title='bbox 938 601 1098 656; x_wconf 90' lang='lat' dir='ltr'>nobis</span> <span class='ocrx_word' id='word_1_30' title='bbox 1135 619 1280 673; x_wconf 89' lang='lat' dir='ltr'>puer</span> <span class='ocrx_word' id='word_1_31' title='bbox 1318 604 1586 674; x_wconf 90' lang='lat' dir='ltr'>parvulus</span> <span class='ocrx_word' id='word_1_32' title='bbox 1623 605 1752 673; x_wconf 93' lang='lat' dir='ltr'>fuit,</span> <span class='ocrx_word' id='word_1_33' title='bbox 1788 605 1908 675; x_wconf 92' lang='lat' dir='ltr'>ipse</span> <span class='ocrx_word' id='word_1_34' title='bbox 1944 603 2015 657; x_wconf 91' lang='lat' dir='ltr'>ad</span> <span class='ocrx_word' id='word_1_35' title='bbox 2049 621 2107 658; x_wconf 90' lang='lat' dir='ltr'>se</span> 
     </span>
    </p>
   </div>
   <div class='ocr_carea' id='block_1_6' title="bbox 484 693 2108 765">
    <p class='ocr_par' dir='ltr' id='par_1_6' title="bbox 484 693 2108 765">
     <span class='ocr_line' id='line_1_6' title="bbox 484 693 2108 765; baseline 0.001 -17"><span class='ocrx_word' id='word_1_36' title='bbox 484 710 680 764; x_wconf 86' lang='lat' dir='ltr'>magos</span> <span class='ocrx_word' id='word_1_37' title='bbox 703 693 884 748; x_wconf 78' lang='lat' dir='ltr'>ofﬁcio</span> <span class='ocrx_word' id='word_1_38' title='bbox 917 695 1092 749; x_wconf 62' lang='lat' dir='ltr'>stellas</span> <span class='ocrx_word' id='word_1_39' title='bbox 1117 696 1421 765; x_wconf 63' lang='lat' dir='ltr'>praeeuntis</span> <span class='ocrx_word' id='word_1_40' title='bbox 1448 697 1700 752; x_wconf 77' lang='lat' dir='ltr'>adduxit.</span> <span class='ocrx_word' id='word_1_41' title='bbox 1741 697 2108 750; x_wconf 90' lang='lat' dir='ltr'>Obsecramus</span> 
     </span>
    </p>
   </div>
   <div class='ocr_carea' id='block_1_7' title="bbox 480 785 2105 857">
    <p class='ocr_par' dir='ltr' id='par_1_7' title="bbox 480 785 2105 857">
     <span class='ocr_line' id='line_1_7' title="bbox 480 785 2105 857; baseline 0.003 -19"><span class='ocrx_word' id='word_1_42' title='bbox 480 785 691 856; x_wconf 83' lang='lat' dir='ltr'>itaque,</span> <span class='ocrx_word' id='word_1_43' title='bbox 721 786 979 854; x_wconf 89' lang='lat' dir='ltr'>Domine,</span> <span class='ocrx_word' id='word_1_44' title='bbox 1011 789 1369 843; x_wconf 89' lang='lat' dir='ltr'>clementiam</span> <span class='ocrx_word' id='word_1_45' title='bbox 1397 794 1574 857; x_wconf 91' lang='lat' dir='ltr'>tuam,</span> <span class='ocrx_word' id='word_1_46' title='bbox 1599 794 1671 856; x_wconf 66' lang='lat' dir='ltr'>jut</span> <span class='ocrx_word' id='word_1_47' title='bbox 1697 789 1840 843; x_wconf 86' lang='lat' dir='ltr'>sicut</span> <span class='ocrx_word' id='word_1_48' title='bbox 1872 789 1981 843; x_wconf 90' lang='lat' dir='ltr'>illis</span> <span class='ocrx_word' id='word_1_49' title='bbox 2007 789 2105 843; x_wconf 87' lang='lat' dir='ltr'>de-</span> 
     </span>
    </p>
   </div>
   <div class='ocr_carea' id='block_1_8' title="bbox 481 877 2106 936">
    <p class='ocr_par' dir='ltr' id='par_1_8' title="bbox 481 877 2106 936">
     <span class='ocr_line' id='line_1_8' title="bbox 481 877 2106 936; baseline 0.002 -5"><span class='ocrx_word' id='word_1_50' title='bbox 481 877 612 932; x_wconf 87' lang='lat' dir='ltr'>disti</span> <span class='ocrx_word' id='word_1_51' title='bbox 635 878 926 934; x_wconf 83' lang='lat' dir='ltr'>Christum</span> <span class='ocrx_word' id='word_1_52' title='bbox 945 885 1108 935; x_wconf 90' lang='lat' dir='ltr'>tuum</span> <span class='ocrx_word' id='word_1_53' title='bbox 1134 897 1330 936; x_wconf 91' lang='lat' dir='ltr'>verum</span> <span class='ocrx_word' id='word_1_54' title='bbox 1354 883 1533 936; x_wconf 87' lang='lat' dir='ltr'>Deum</span> <span class='ocrx_word' id='word_1_55' title='bbox 1561 881 1622 936; x_wconf 91' lang='lat' dir='ltr'>in</span> <span class='ocrx_word' id='word_1_56' title='bbox 1657 898 1788 936; x_wconf 88' lang='lat' dir='ltr'>vera</span> <span class='ocrx_word' id='word_1_57' title='bbox 1823 897 1991 936; x_wconf 89' lang='lat' dir='ltr'>carne</span> <span class='ocrx_word' id='word_1_58' title='bbox 2013 898 2106 935; x_wconf 92' lang='lat' dir='ltr'>co-</span> 
     </span>
    </p>
   </div>
   <div class='ocr_carea' id='block_1_9' title="bbox 481 972 2109 1045">
    <p class='ocr_par' dir='ltr' id='par_1_9' title="bbox 481 972 2109 1045">
     <span class='ocr_line' id='line_1_9' title="bbox 481 972 2109 1045; baseline 0.002 -21"><span class='ocrx_word' id='word_1_59' title='bbox 481 986 780 1040; x_wconf 90' lang='lat' dir='ltr'>gnoscere,</span> <span class='ocrx_word' id='word_1_60' title='bbox 811 972 887 1026; x_wconf 90' lang='lat' dir='ltr'>sic</span> <span class='ocrx_word' id='word_1_61' title='bbox 909 990 1112 1026; x_wconf 92' lang='lat' dir='ltr'>omnes</span> <span class='ocrx_word' id='word_1_62' title='bbox 1136 974 1334 1028; x_wconf 81' lang='lat' dir='ltr'>fideles</span> <span class='ocrx_word' id='word_1_63' title='bbox 1355 977 1501 1041; x_wconf 91' lang='lat' dir='ltr'>tuos,</span> <span class='ocrx_word' id='word_1_64' title='bbox 1526 991 1668 1045; x_wconf 92' lang='lat' dir='ltr'>quos</span> <span class='ocrx_word' id='word_1_65' title='bbox 1689 977 1954 1029; x_wconf 91' lang='lat' dir='ltr'>materno</span> <span class='ocrx_word' id='word_1_66' title='bbox 1983 975 2109 1028; x_wconf 84' lang='lat' dir='ltr'>sinu</span> 
     </span>
    </p>
   </div>
   <div class='ocr_carea' id='block_1_10' title="bbox 481 1065 2111 1138">
    <p class='ocr_par' dir='ltr' id='par_1_10' title="bbox 481 1065 2111 1138">
     <span class='ocr_line' id='line_1_10' title="bbox 481 1065 2111 1138; baseline 0.002 -21"><span class='ocrx_word' id='word_1_67' title='bbox 481 1067 679 1118; x_wconf 85' lang='lat' dir='ltr'>sancta</span> <span class='ocrx_word' id='word_1_68' title='bbox 721 1068 908 1134; x_wconf 90' lang='lat' dir='ltr'>gestat</span> <span class='ocrx_word' id='word_1_69' title='bbox 950 1065 1216 1132; x_wconf 85' lang='lat' dir='ltr'>Ecclesia,</span> <span class='ocrx_word' id='word_1_70' title='bbox 1271 1066 1330 1120; x_wconf 92' lang='lat' dir='ltr'>in</span> <span class='ocrx_word' id='word_1_71' title='bbox 1371 1067 1640 1137; x_wconf 63' lang='lat' dir='ltr'>praesenti</span> <span class='ocrx_word' id='word_1_72' title='bbox 1672 1071 1935 1138; x_wconf 90' lang='lat' dir='ltr'>tempore</span> <span class='ocrx_word' id='word_1_73' title='bbox 1985 1084 2111 1138; x_wconf 88' lang='lat' dir='ltr'>pro-</span> 
     </span>
    </p>
   </div>
   <div class='ocr_carea' id='block_1_11' title="bbox 479 1157 2110 1226">
    <p class='ocr_par' dir='ltr' id='par_1_11' title="bbox 479 1157 2110 1226">
     <span class='ocr_line' id='line_1_11' title="bbox 479 1157 2110 1226; baseline 0.002 -17"><span class='ocrx_word' id='word_1_74' title='bbox 479 1159 643 1226; x_wconf 85' lang='lat' dir='ltr'>tegas</span> <span class='ocrx_word' id='word_1_75' title='bbox 669 1157 890 1211; x_wconf 65' lang='lat' dir='ltr'>invictae</span> <span class='ocrx_word' id='word_1_76' title='bbox 921 1157 1140 1212; x_wconf 90' lang='lat' dir='ltr'>virtutis</span> <span class='ocrx_word' id='word_1_77' title='bbox 1171 1159 1398 1226; x_wconf 85' lang='lat' dir='ltr'>auxilio,</span> <span class='ocrx_word' id='word_1_78' title='bbox 1427 1163 1485 1214; x_wconf 90' lang='lat' dir='ltr'>et</span> <span class='ocrx_word' id='word_1_79' title='bbox 1515 1159 1573 1213; x_wconf 93' lang='lat' dir='ltr'>in</span> <span class='ocrx_word' id='word_1_80' title='bbox 1601 1161 1792 1214; x_wconf 87' lang='lat' dir='ltr'>futuro</span> <span class='ocrx_word' id='word_1_81' title='bbox 1821 1159 1996 1214; x_wconf 83' lang='lat' dir='ltr'>facias</span> <span class='ocrx_word' id='word_1_82' title='bbox 2026 1177 2110 1213; x_wconf 91' lang='lat' dir='ltr'>re-</span> 
     </span>
    </p>
   </div>
   <div class='ocr_carea' id='block_1_12' title="bbox 477 1249 2111 1324">
    <p class='ocr_par' dir='ltr' id='par_1_12' title="bbox 477 1249 2111 1324">
     <span class='ocr_line' id='line_1_12' title="bbox 477 1249 2111 1324; baseline 0.002 -22"><span class='ocrx_word' id='word_1_83' title='bbox 477 1249 579 1318; x_wconf 92' lang='lat' dir='ltr'>gni</span> <span class='ocrx_word' id='word_1_84' title='bbox 600 1250 836 1303; x_wconf 65' lang='lat' dir='ltr'>caalestis</span> <span class='ocrx_word' id='word_1_85' title='bbox 861 1249 1098 1320; x_wconf 83' lang='lat' dir='ltr'>adipisci</span> <span class='ocrx_word' id='word_1_86' title='bbox 1122 1267 1362 1306; x_wconf 89' lang='lat' dir='ltr'>munere</span> <span class='ocrx_word' id='word_1_87' title='bbox 1397 1253 1768 1324; x_wconf 91' lang='lat' dir='ltr'>sempiterno.</span> <span class='ocrx_word' id='word_1_88' title='bbox 1799 1254 1906 1306; x_wconf 92' lang='lat' dir='ltr'>Per</span> <span class='ocrx_word' id='word_1_89' title='bbox 1925 1252 2111 1324; x_wconf 90' lang='lat' dir='ltr'>ipsum</span> 
     </span>
    </p>
   </div>
   <div class='ocr_carea' id='block_1_13' title="bbox 479 1341 2108 1412">
    <p class='ocr_par' dir='ltr' id='par_1_13' title="bbox 479 1341 2108 1412">
     <span class='ocr_line' id='line_1_13' title="bbox 479 1341 2108 1412; baseline 0.002 -18"><span class='ocrx_word' id='word_1_90' title='bbox 479 1341 790 1396; x_wconf 91' lang='lat' dir='ltr'>Dominum</span> <span class='ocrx_word' id='word_1_91' title='bbox 820 1345 1080 1397; x_wconf 90' lang='lat' dir='ltr'>nostrum</span> <span class='ocrx_word' id='word_1_92' title='bbox 1117 1345 1311 1399; x_wconf 91' lang='lat' dir='ltr'>Iesum</span> <span class='ocrx_word' id='word_1_93' title='bbox 1350 1345 1637 1400; x_wconf 85' lang='lat' dir='ltr'>Christum</span> <span class='ocrx_word' id='word_1_94' title='bbox 1676 1345 1882 1400; x_wconf 85' lang='lat' dir='ltr'>Filium</span> <span class='ocrx_word' id='word_1_95' title='bbox 1927 1349 2108 1412; x_wconf 92' lang='lat' dir='ltr'>tuum,</span> 
     </span>
    </p>
   </div>
   <div class='ocr_carea' id='block_1_14' title="bbox 481 1433 1124 1505">
    <p class='ocr_par' dir='ltr' id='par_1_14' title="bbox 481 1433 1124 1505">
     <span class='ocr_line' id='line_1_14' title="bbox 481 1433 1124 1505; baseline 0.003 -17"><span class='ocrx_word' id='word_1_96' title='bbox 481 1433 579 1505; x_wconf 87' lang='lat' dir='ltr'>qui</span> <span class='ocrx_word' id='word_1_97' title='bbox 598 1438 790 1489; x_wconf 88' lang='lat' dir='ltr'>tecum</span> <span class='ocrx_word' id='word_1_98' title='bbox 821 1435 1023 1490; x_wconf 90' lang='lat' dir='ltr'>beatus</span> <span class='ocrx_word' id='word_1_99' title='bbox 1053 1437 1124 1491; x_wconf 89' lang='lat' dir='ltr'>vi.</span> 
     </span>
    </p>
   </div>
   <div class='ocr_carea' id='block_1_15' title="bbox 1181 1507 1435 1558">
    <p class='ocr_par' dir='ltr' id='par_1_15' title="bbox 1181 1507 1435 1558">
     <span class='ocr_line' id='line_1_15' title="bbox 1181 1507 1435 1558; baseline 0 -2"><span class='ocrx_word' id='word_1_100' title='bbox 1181 1507 1435 1558; x_wconf 64' lang='lat' dir='ltr'>Praefatio.</span> 
     </span>
    </p>
   </div>
   <div class='ocr_carea' id='block_1_16' title="bbox 551 1585 2114 1656">
    <p class='ocr_par' dir='ltr' id='par_1_16' title="bbox 551 1585 2114 1656">
     <span class='ocr_line' id='line_1_16' title="bbox 551 1585 2114 1656; baseline 0.001 -16"><span class='ocrx_word' id='word_1_101' title='bbox 551 1585 1022 1656; x_wconf 90' lang='lat' dir='ltr'>Omnipotentem</span> <span class='ocrx_word' id='word_1_102' title='bbox 1069 1587 1400 1653; x_wconf 92' lang='lat' dir='ltr'>Dominum,</span> <span class='ocrx_word' id='word_1_103' title='bbox 1448 1588 1654 1641; x_wconf 87' lang='lat' dir='ltr'>fratres</span> <span class='ocrx_word' id='word_1_104' title='bbox 1703 1588 2008 1655; x_wconf 89' lang='lat' dir='ltr'>carissimi,</span> <span class='ocrx_word' id='word_1_105' title='bbox 2056 1592 2114 1641; x_wconf 92' lang='lat' dir='ltr'>et</span> 
     </span>
    </p>
   </div>
   <div class='ocr_carea' id='block_1_17' title="bbox 477 1678 2107 1750">
    <p class='ocr_par' dir='ltr' id='par_1_17' title="bbox 477 1678 2107 1750">
     <span class='ocr_line' id='line_1_17' title="bbox 477 1678 2107 1750; baseline -0.001 -16"><span class='ocrx_word' id='word_1_106' title='bbox 477 1680 672 1734; x_wconf 88' lang='lat' dir='ltr'>Iesum</span> <span class='ocrx_word' id='word_1_107' title='bbox 706 1678 994 1734; x_wconf 86' lang='lat' dir='ltr'>Christum</span> <span class='ocrx_word' id='word_1_108' title='bbox 1037 1679 1240 1734; x_wconf 89' lang='lat' dir='ltr'>Filium</span> <span class='ocrx_word' id='word_1_109' title='bbox 1294 1680 1416 1750; x_wconf 88' lang='lat' dir='ltr'>ejus</span> <span class='ocrx_word' id='word_1_110' title='bbox 1465 1684 1522 1734; x_wconf 92' lang='lat' dir='ltr'>et</span> <span class='ocrx_word' id='word_1_111' title='bbox 1575 1681 1929 1735; x_wconf 90' lang='lat' dir='ltr'>Salvatorem</span> <span class='ocrx_word' id='word_1_112' title='bbox 1978 1698 2107 1735; x_wconf 91' lang='lat' dir='ltr'>nos-</span> 
     </span>
    </p>
   </div>
   <div class='ocr_carea' id='block_1_18' title="bbox 478 1771 2108 1842">
    <p class='ocr_par' dir='ltr' id='par_1_18' title="bbox 478 1771 2108 1842">
     <span class='ocr_line' id='line_1_18' title="bbox 478 1771 2108 1842; baseline 0.001 -17"><span class='ocrx_word' id='word_1_113' title='bbox 478 1775 654 1838; x_wconf 90' lang='lat' dir='ltr'>trum,</span> <span class='ocrx_word' id='word_1_114' title='bbox 684 1771 780 1842; x_wconf 88' lang='lat' dir='ltr'>qui</span> <span class='ocrx_word' id='word_1_115' title='bbox 810 1773 984 1826; x_wconf 90' lang='lat' dir='ltr'>tantis</span> <span class='ocrx_word' id='word_1_116' title='bbox 1014 1772 1316 1827; x_wconf 80' lang='lat' dir='ltr'>virtutibus</span> <span class='ocrx_word' id='word_1_117' title='bbox 1345 1790 1404 1826; x_wconf 92' lang='lat' dir='ltr'>se</span> <span class='ocrx_word' id='word_1_118' title='bbox 1429 1773 1817 1827; x_wconf 91' lang='lat' dir='ltr'>manifestavit</span> <span class='ocrx_word' id='word_1_119' title='bbox 1837 1774 1894 1827; x_wconf 89' lang='lat' dir='ltr'>in</span> <span class='ocrx_word' id='word_1_120' title='bbox 1924 1774 2108 1840; x_wconf 89' lang='lat' dir='ltr'>terris,</span> 
     </span>
    </p>
   </div>
   <div class='ocr_carea' id='block_1_19' title="bbox 2208 593 3890 674">
    <p class='ocr_par' dir='ltr' id='par_1_19' title="bbox 2208 593 3890 674">
     <span class='ocr_line' id='line_1_19' title="bbox 2208 593 3890 674; baseline -0.006 -17"><span class='ocrx_word' id='word_1_121' title='bbox 2208 619 2482 674; x_wconf 83' lang='lat' dir='ltr'>regnum,</span> <span class='ocrx_word' id='word_1_122' title='bbox 2534 603 2756 656; x_wconf 82' lang='lat' dir='ltr'>Fratres</span> <span class='ocrx_word' id='word_1_123' title='bbox 2830 598 3220 666; x_wconf 88' lang='lat' dir='ltr'>dilectissimi,</span> <span class='ocrx_word' id='word_1_124' title='bbox 3285 595 3531 669; x_wconf 87' lang='lat' dir='ltr'>supplici</span> <span class='ocrx_word' id='word_1_125' title='bbox 3606 593 3890 649; x_wconf 89' lang='lat' dir='ltr'>oratione</span> 
     </span>
    </p>
   </div>
   <div class='ocr_carea' id='block_1_20' title="bbox 2207 687 3891 766">
    <p class='ocr_par' dir='ltr' id='par_1_20' title="bbox 2207 687 3891 766">
     <span class='ocr_line' id='line_1_20' title="bbox 2207 687 3891 766; baseline -0.005 -17"><span class='ocrx_word' id='word_1_126' title='bbox 2207 711 2528 766; x_wconf 87' lang='lat' dir='ltr'>precemur,</span> <span class='ocrx_word' id='word_1_127' title='bbox 2561 697 2624 748; x_wconf 90' lang='lat' dir='ltr'>ut</span> <span class='ocrx_word' id='word_1_128' title='bbox 2679 694 2924 764; x_wconf 87' lang='lat' dir='ltr'>expellat</span> <span class='ocrx_word' id='word_1_129' title='bbox 2969 692 3041 746; x_wconf 95' lang='lat' dir='ltr'>de</span> <span class='ocrx_word' id='word_1_130' title='bbox 3092 691 3352 745; x_wconf 86' lang='lat' dir='ltr'>sensibus</span> <span class='ocrx_word' id='word_1_131' title='bbox 3404 687 3626 743; x_wconf 85' lang='lat' dir='ltr'>nostris</span> <span class='ocrx_word' id='word_1_132' title='bbox 3685 703 3891 758; x_wconf 58' lang='lat' dir='ltr'>pravas</span> 
     </span>
    </p>
   </div>
   <div class='ocr_carea' id='block_1_21' title="bbox 2209 783 3895 858">
    <p class='ocr_par' dir='ltr' id='par_1_21' title="bbox 2209 783 3895 858">
     <span class='ocr_line' id='line_1_21' title="bbox 2209 783 3895 858; baseline -0.006 -16"><span class='ocrx_word' id='word_1_133' title='bbox 2209 787 2574 858; x_wconf 86' lang='lat' dir='ltr'>cogitationis</span> <span class='ocrx_word' id='word_1_134' title='bbox 2605 786 3032 852; x_wconf 86' lang='lat' dir='ltr'>obscuritatem,</span> <span class='ocrx_word' id='word_1_135' title='bbox 3068 788 3130 839; x_wconf 93' lang='lat' dir='ltr'>ut</span> <span class='ocrx_word' id='word_1_136' title='bbox 3157 784 3327 838; x_wconf 91' lang='lat' dir='ltr'>nullis</span> <span class='ocrx_word' id='word_1_137' title='bbox 3359 783 3648 851; x_wconf 89' lang='lat' dir='ltr'>deinceps</span> <span class='ocrx_word' id='word_1_138' title='bbox 3679 796 3895 851; x_wconf 86' lang='lat' dir='ltr'>pecca-</span> 
     </span>
    </p>
   </div>
   <div class='ocr_carea' id='block_1_22' title="bbox 2211 871 3893 946">
    <p class='ocr_par' dir='ltr' id='par_1_22' title="bbox 2211 871 3893 946">
     <span class='ocr_line' id='line_1_22' title="bbox 2211 871 3893 946; baseline -0.005 -14"><span class='ocrx_word' id='word_1_139' title='bbox 2211 880 2399 932; x_wconf 90' lang='lat' dir='ltr'>torum</span> <span class='ocrx_word' id='word_1_140' title='bbox 2432 878 2722 931; x_wconf 91' lang='lat' dir='ltr'>fuscemur</span> <span class='ocrx_word' id='word_1_141' title='bbox 2769 875 3025 941; x_wconf 89' lang='lat' dir='ltr'>maculis,</span> <span class='ocrx_word' id='word_1_142' title='bbox 3069 873 3274 946; x_wconf 90' lang='lat' dir='ltr'>quibus</span> <span class='ocrx_word' id='word_1_143' title='bbox 3316 873 3497 944; x_wconf 89' lang='lat' dir='ltr'>jubar</span> <span class='ocrx_word' id='word_1_144' title='bbox 3527 887 3656 925; x_wconf 63' lang='lat' dir='ltr'>sua:</span> <span class='ocrx_word' id='word_1_145' title='bbox 3690 871 3893 941; x_wconf 88' lang='lat' dir='ltr'>splen-</span> 
     </span>
    </p>
   </div>
   <div class='ocr_carea' id='block_1_23' title="bbox 2211 964 3886 1025">
    <p class='ocr_par' dir='ltr' id='par_1_23' title="bbox 2211 964 3886 1025">
     <span class='ocr_line' id='line_1_23' title="bbox 2211 964 3886 1025; baseline -0.004 -1"><span class='ocrx_word' id='word_1_146' title='bbox 2211 970 2334 1024; x_wconf 91' lang='lat' dir='ltr'>duit</span> <span class='ocrx_word' id='word_1_147' title='bbox 2395 970 2666 1025; x_wconf 90' lang='lat' dir='ltr'>caritatis.</span> <span class='ocrx_word' id='word_1_148' title='bbox 2702 972 2808 1024; x_wconf 90' lang='lat' dir='ltr'>Per</span> <span class='ocrx_word' id='word_1_149' title='bbox 2834 968 3148 1024; x_wconf 90' lang='lat' dir='ltr'>Dominum</span> <span class='ocrx_word' id='word_1_150' title='bbox 3177 970 3440 1022; x_wconf 89' lang='lat' dir='ltr'>nostrum</span> <span class='ocrx_word' id='word_1_151' title='bbox 3479 969 3690 1023; x_wconf 87' lang='lat' dir='ltr'>Iesum</span> <span class='ocrx_word' id='word_1_152' title='bbox 3715 964 3886 1020; x_wconf 87' lang='lat' dir='ltr'>Chri-</span> 
     </span>
    </p>
   </div>
   <div class='ocr_carea' id='block_1_24' title="bbox 2212 1062 3171 1134">
    <p class='ocr_par' dir='ltr' id='par_1_24' title="bbox 2212 1062 3171 1134">
     <span class='ocr_line' id='line_1_24' title="bbox 2212 1062 3171 1134; baseline -0.003 -16"><span class='ocrx_word' id='word_1_153' title='bbox 2212 1067 2361 1118; x_wconf 88' lang='lat' dir='ltr'>stum</span> <span class='ocrx_word' id='word_1_154' title='bbox 2388 1063 2592 1120; x_wconf 85' lang='lat' dir='ltr'>Filium</span> <span class='ocrx_word' id='word_1_155' title='bbox 2614 1067 2797 1131; x_wconf 89' lang='lat' dir='ltr'>tuum,</span> <span class='ocrx_word' id='word_1_156' title='bbox 2828 1062 2925 1134; x_wconf 90' lang='lat' dir='ltr'>qui</span> <span class='ocrx_word' id='word_1_157' title='bbox 2957 1078 3171 1116; x_wconf 88' lang='lat' dir='ltr'>secum.</span> 
     </span>
    </p>
   </div>
   <div class='ocr_carea' id='block_1_25' title="bbox 2753 1184 3302 1249">
    <p class='ocr_par' dir='ltr' id='par_1_25' title="bbox 2753 1184 3302 1249">
     <span class='ocr_line' id='line_1_25' title="bbox 2753 1184 3302 1249; baseline -0.004 -13"><span class='ocrx_word' id='word_1_158' title='bbox 2753 1185 3006 1236; x_wconf 88' lang='lat' dir='ltr'>Collectio</span> <span class='ocrx_word' id='word_1_159' title='bbox 3047 1184 3302 1249; x_wconf 84' lang='lat' dir='ltr'>sequitur.</span> 
     </span>
    </p>
   </div>
   <div class='ocr_carea' id='block_1_26' title="bbox 2281 1288 3880 1356">
    <p class='ocr_par' dir='ltr' id='par_1_26' title="bbox 2281 1288 3880 1356">
     <span class='ocr_line' id='line_1_26' title="bbox 2281 1288 3880 1356; baseline -0.001 -12"><span class='ocrx_word' id='word_1_160' title='bbox 2281 1290 2494 1344; x_wconf 85' lang='lat' dir='ltr'>Exaudi</span> <span class='ocrx_word' id='word_1_161' title='bbox 2522 1307 2626 1344; x_wconf 89' lang='lat' dir='ltr'>nos</span> <span class='ocrx_word' id='word_1_162' title='bbox 2653 1289 2915 1344; x_wconf 85' lang='lat' dir='ltr'>salutaris</span> <span class='ocrx_word' id='word_1_163' title='bbox 2943 1292 3157 1356; x_wconf 90' lang='lat' dir='ltr'>noster,</span> <span class='ocrx_word' id='word_1_164' title='bbox 3188 1293 3247 1342; x_wconf 92' lang='lat' dir='ltr'>et</span> <span class='ocrx_word' id='word_1_165' title='bbox 3275 1288 3426 1342; x_wconf 89' lang='lat' dir='ltr'>hanc</span> <span class='ocrx_word' id='word_1_166' title='bbox 3448 1303 3724 1343; x_wconf 86' lang='lat' dir='ltr'>annuam</span> <span class='ocrx_word' id='word_1_167' title='bbox 3756 1289 3880 1342; x_wconf 81' lang='lat' dir='ltr'>sol-</span> 
     </span>
    </p>
   </div>
   <div class='ocr_carea' id='block_1_27' title="bbox 2211 1381 3882 1452">
    <p class='ocr_par' dir='ltr' id='par_1_27' title="bbox 2211 1381 3882 1452">
     <span class='ocr_line' id='line_1_27' title="bbox 2211 1381 3882 1452; baseline -0.002 -14"><span class='ocrx_word' id='word_1_168' title='bbox 2211 1384 2526 1438; x_wconf 89' lang='lat' dir='ltr'>lemnitatis</span> <span class='ocrx_word' id='word_1_169' title='bbox 2564 1386 2774 1436; x_wconf 62' lang='lat' dir='ltr'>nostra:</span> <span class='ocrx_word' id='word_1_170' title='bbox 2813 1381 3183 1436; x_wconf 89' lang='lat' dir='ltr'>devotionem</span> <span class='ocrx_word' id='word_1_171' title='bbox 3235 1381 3553 1452; x_wconf 87' lang='lat' dir='ltr'>dignanter</span> <span class='ocrx_word' id='word_1_172' title='bbox 3598 1382 3882 1452; x_wconf 88' lang='lat' dir='ltr'>suscipe;</span> 
     </span>
    </p>
   </div>
   <div class='ocr_carea' id='block_1_28' title="bbox 2211 1474 3891 1545">
    <p class='ocr_par' dir='ltr' id='par_1_28' title="bbox 2211 1474 3891 1545">
     <span class='ocr_line' id='line_1_28' title="bbox 2211 1474 3891 1545; baseline -0.002 -15"><span class='ocrx_word' id='word_1_173' title='bbox 2211 1479 2276 1530; x_wconf 91' lang='lat' dir='ltr'>ut</span> <span class='ocrx_word' id='word_1_174' title='bbox 2301 1475 2444 1530; x_wconf 90' lang='lat' dir='ltr'>sicut</span> <span class='ocrx_word' id='word_1_175' title='bbox 2479 1476 2654 1545; x_wconf 88' lang='lat' dir='ltr'>Magis</span> <span class='ocrx_word' id='word_1_176' title='bbox 2684 1475 2757 1530; x_wconf 89' lang='lat' dir='ltr'>ad</span> <span class='ocrx_word' id='word_1_177' title='bbox 2784 1475 3174 1529; x_wconf 91' lang='lat' dir='ltr'>ostensionem</span> <span class='ocrx_word' id='word_1_178' title='bbox 3207 1475 3474 1528; x_wconf 88' lang='lat' dir='ltr'>salutaris</span> <span class='ocrx_word' id='word_1_179' title='bbox 3503 1474 3614 1529; x_wconf 70' lang='lat' dir='ltr'>viae</span> <span class='ocrx_word' id='word_1_180' title='bbox 3643 1475 3891 1528; x_wconf 85' lang='lat' dir='ltr'>refulsit</span> 
     </span>
    </p>
   </div>
   <div class='ocr_carea' id='block_1_29' title="bbox 2213 1567 3885 1641">
    <p class='ocr_par' dir='ltr' id='par_1_29' title="bbox 2213 1567 3885 1641">
     <span class='ocr_line' id='line_1_29' title="bbox 2213 1567 3885 1641; baseline -0.001 -19"><span class='ocrx_word' id='word_1_181' title='bbox 2213 1570 2392 1635; x_wconf 90' lang='lat' dir='ltr'>stella,</span> <span class='ocrx_word' id='word_1_182' title='bbox 2427 1567 2618 1641; x_wconf 85' lang='grc'>206</span> <span class='ocrx_word' id='word_1_183' title='bbox 2653 1568 2736 1622; x_wconf 91' lang='lat' dir='ltr'>ita</span> <span class='ocrx_word' id='word_1_184' title='bbox 2773 1569 2981 1622; x_wconf 90' lang='lat' dir='ltr'>nostris</span> <span class='ocrx_word' id='word_1_185' title='bbox 3015 1568 3310 1623; x_wconf 89' lang='lat' dir='ltr'>mentibus</span> <span class='ocrx_word' id='word_1_186' title='bbox 3347 1583 3452 1638; x_wconf 91' lang='lat' dir='ltr'>per</span> <span class='ocrx_word' id='word_1_187' title='bbox 3478 1568 3754 1639; x_wconf 86' lang='lat' dir='ltr'>gratiam</span> <span class='ocrx_word' id='word_1_188' title='bbox 3794 1569 3885 1621; x_wconf 88' lang='lat' dir='ltr'>tui</span> 
     </span>
    </p>
   </div>
   <div class='ocr_carea' id='block_1_30' title="bbox 2212 1659 3892 1731">
    <p class='ocr_par' dir='ltr' id='par_1_30' title="bbox 2212 1659 3892 1731">
     <span class='ocr_line' id='line_1_30' title="bbox 2212 1659 3892 1731; baseline -0.001 -15"><span class='ocrx_word' id='word_1_189' title='bbox 2212 1661 2468 1716; x_wconf 91' lang='lat' dir='ltr'>muneris</span> <span class='ocrx_word' id='word_1_190' title='bbox 2497 1663 2690 1715; x_wconf 90' lang='lat' dir='ltr'>lumen</span> <span class='ocrx_word' id='word_1_191' title='bbox 2721 1661 3012 1727; x_wconf 88' lang='lat' dir='ltr'>infundas,</span> <span class='ocrx_word' id='word_1_192' title='bbox 3042 1665 3104 1714; x_wconf 92' lang='lat' dir='ltr'>ut</span> <span class='ocrx_word' id='word_1_193' title='bbox 3133 1660 3418 1731; x_wconf 90' lang='lat' dir='ltr'>possimus</span> <span class='ocrx_word' id='word_1_194' title='bbox 3444 1660 3504 1714; x_wconf 94' lang='lat' dir='ltr'>in</span> <span class='ocrx_word' id='word_1_195' title='bbox 3531 1659 3700 1715; x_wconf 86' lang='lat' dir='ltr'>viam</span> <span class='ocrx_word' id='word_1_196' title='bbox 3733 1661 3892 1716; x_wconf 86' lang='lat' dir='ltr'>veri-</span> 
     </span>
    </p>
   </div>
   <div class='ocr_carea' id='block_1_31' title="bbox 2211 1753 3887 1824">
    <p class='ocr_par' dir='ltr' id='par_1_31' title="bbox 2211 1753 3887 1824">
     <span class='ocr_line' id='line_1_31' title="bbox 2211 1753 3887 1824; baseline 0 -16"><span class='ocrx_word' id='word_1_197' title='bbox 2211 1755 2345 1808; x_wconf 90' lang='lat' dir='ltr'>tatis</span> <span class='ocrx_word' id='word_1_198' title='bbox 2380 1755 2738 1822; x_wconf 80' lang='lat' dir='ltr'>conﬁtentes,</span> <span class='ocrx_word' id='word_1_199' title='bbox 2777 1757 2832 1808; x_wconf 90' lang='lat' dir='ltr'>te</span> <span class='ocrx_word' id='word_1_200' title='bbox 2873 1757 3237 1824; x_wconf 85' lang='lat' dir='ltr'>protegente,</span> <span class='ocrx_word' id='word_1_201' title='bbox 3276 1753 3570 1808; x_wconf 90' lang='lat' dir='ltr'>incedere.</span> <span class='ocrx_word' id='word_1_202' title='bbox 3601 1755 3728 1807; x_wconf 89' lang='lat' dir='ltr'>Per</span> <span class='ocrx_word' id='word_1_203' title='bbox 3765 1754 3887 1808; x_wconf 88' lang='lat' dir='ltr'>Do-</span> 
     </span>
    </p>
   </div>
   <div class='ocr_carea' id='block_1_32' title="bbox 477 1846 3716 1962">
    <p class='ocr_par' dir='ltr' id='par_1_32' title="bbox 477 1846 3716 1962">
     <span class='ocr_line' id='line_1_32' title="bbox 477 1846 3716 1962; baseline 0.001 -44"><span class='ocrx_word' id='word_1_204' title='bbox 477 1867 536 1918; x_wconf 91' lang='lat' dir='ltr'>et</span> <span class='ocrx_word' id='word_1_205' title='bbox 577 1865 758 1918; x_wconf 89' lang='lat' dir='ltr'>multa</span> <span class='ocrx_word' id='word_1_206' title='bbox 797 1865 1087 1920; x_wconf 88' lang='lat' dir='ltr'>mirabilia</span> <span class='ocrx_word' id='word_1_207' title='bbox 1123 1865 1538 1920; x_wconf 88' lang='lat' dir='ltr'>demonstravit</span> <span class='ocrx_word' id='word_1_208' title='bbox 1578 1865 1635 1920; x_wconf 91' lang='lat' dir='ltr'>in</span> <span class='ocrx_word' id='word_1_209' title='bbox 1678 1867 1923 1938; x_wconf 89' lang='lat' dir='ltr'>populis,</span> <span class='ocrx_word' id='word_1_210' title='bbox 1984 1866 2110 1920; x_wconf 91' lang='lat' dir='ltr'>uni-</span> <span class='ocrx_word' id='word_1_211' title='bbox 2133 1891 2190 1962; x_wconf 83' lang='lat' dir='ltr'><strong>B</strong></span> <span class='ocrx_word' id='word_1_212' title='bbox 2213 1847 2435 1903; x_wconf 60' lang='lat' dir='ltr'>minam</span> <span class='ocrx_word' id='word_1_213' title='bbox 2462 1852 2722 1904; x_wconf 60' lang='grc' dir='ltr'>Ποδίῖαω</span> <span class='ocrx_word' id='word_1_214' title='bbox 2744 1848 2935 1902; x_wconf 56' lang='lat' dir='ltr'>Iesum</span> <span class='ocrx_word' id='word_1_215' title='bbox 2962 1847 3253 1902; x_wconf 46' lang='lat' dir='ltr'>Chr“th</span> <span class='ocrx_word' id='word_1_216' title='bbox 3281 1846 3488 1902; x_wconf 65' lang='lat' dir='ltr'>Filium</span> <span class='ocrx_word' id='word_1_217' title='bbox 3513 1850 3716 1903; x_wconf 57' lang='lat' dir='ltr'>unum</span> 
     </span>
    </p>
   </div>
   <div class='ocr_carea' id='block_1_33' title="bbox 475 1956 2115 2030">
    <p class='ocr_par' dir='ltr' id='par_1_33' title="bbox 475 1956 2115 2030">
     <span class='ocr_line' id='line_1_33' title="bbox 475 1956 2115 2030; baseline 0.001 -20"><span class='ocrx_word' id='word_1_218' title='bbox 475 1956 624 2011; x_wconf 85' lang='lat' dir='ltr'>versi</span> <span class='ocrx_word' id='word_1_219' title='bbox 663 1957 901 2010; x_wconf 90' lang='lat' dir='ltr'>summis</span> <span class='ocrx_word' id='word_1_220' title='bbox 951 1957 1211 2028; x_wconf 88' lang='lat' dir='ltr'>precibus</span> <span class='ocrx_word' id='word_1_221' title='bbox 1259 1958 1666 2028; x_wconf 88' lang='lat' dir='ltr'>deprecemur,</span> <span class='ocrx_word' id='word_1_222' title='bbox 1714 1961 1776 2012; x_wconf 92' lang='lat' dir='ltr'>ut</span> <span class='ocrx_word' id='word_1_223' title='bbox 1821 1958 1917 2030; x_wconf 90' lang='lat' dir='ltr'>qui</span> <span class='ocrx_word' id='word_1_224' title='bbox 1960 1958 2115 2012; x_wconf 83' lang='lat' dir='ltr'>inﬁr-</span> 
     </span>
    </p>
   </div>
   <div class='ocr_carea' id='block_1_34' title="bbox 479 2049 2108 2121">
    <p class='ocr_par' dir='ltr' id='par_1_34' title="bbox 479 2049 2108 2121">
     <span class='ocr_line' id='line_1_34' title="bbox 479 2049 2108 2121; baseline 0.002 -19"><span class='ocrx_word' id='word_1_225' title='bbox 479 2065 607 2103; x_wconf 91' lang='lat' dir='ltr'>mos</span> <span class='ocrx_word' id='word_1_226' title='bbox 649 2049 886 2116; x_wconf 89' lang='lat' dir='ltr'>curavit,</span> <span class='ocrx_word' id='word_1_227' title='bbox 923 2052 982 2102; x_wconf 89' lang='lat' dir='ltr'>et</span> <span class='ocrx_word' id='word_1_228' title='bbox 1023 2053 1282 2104; x_wconf 88' lang='lat' dir='ltr'>mortuos</span> <span class='ocrx_word' id='word_1_229' title='bbox 1316 2051 1621 2118; x_wconf 88' lang='lat' dir='ltr'>suscitavit,</span> <span class='ocrx_word' id='word_1_230' title='bbox 1659 2051 1914 2121; x_wconf 89' lang='lat' dir='ltr'>leprosos</span> <span class='ocrx_word' id='word_1_231' title='bbox 1942 2069 2108 2105; x_wconf 92' lang='lat' dir='ltr'>mun-</span> 
     </span>
    </p>
   </div>
   <div class='ocr_carea' id='block_1_35' title="bbox 479 2141 2108 2215">
    <p class='ocr_par' dir='ltr' id='par_1_35' title="bbox 479 2141 2108 2215">
     <span class='ocr_line' id='line_1_35' title="bbox 479 2141 2108 2215; baseline 0.002 -20"><span class='ocrx_word' id='word_1_232' title='bbox 479 2141 654 2208; x_wconf 91' lang='lat' dir='ltr'>davit,</span> <span class='ocrx_word' id='word_1_233' title='bbox 700 2158 880 2196; x_wconf 64' lang='lat' dir='ltr'>caecos</span> <span class='ocrx_word' id='word_1_234' title='bbox 915 2141 1296 2210; x_wconf 91' lang='lat' dir='ltr'>inluminavit,</span> <span class='ocrx_word' id='word_1_235' title='bbox 1343 2146 1399 2196; x_wconf 93' lang='lat' dir='ltr'>et</span> <span class='ocrx_word' id='word_1_236' title='bbox 1439 2144 1510 2197; x_wconf 93' lang='lat' dir='ltr'>de</span> <span class='ocrx_word' id='word_1_237' title='bbox 1551 2145 1804 2214; x_wconf 90' lang='lat' dir='ltr'>quinque</span> <span class='ocrx_word' id='word_1_238' title='bbox 1844 2144 2108 2215; x_wconf 89' lang='lat' dir='ltr'>panibus,</span> 
     </span>
    </p>
   </div>
   <div class='ocr_carea' id='block_1_36' title="bbox 479 2234 2108 2307">
    <p class='ocr_par' dir='ltr' id='par_1_36' title="bbox 479 2234 2108 2307">
     <span class='ocr_line' id='line_1_36' title="bbox 479 2234 2108 2307; baseline 0.001 -19"><span class='ocrx_word' id='word_1_239' title='bbox 479 2237 538 2288; x_wconf 90' lang='lat' dir='ltr'>et</span> <span class='ocrx_word' id='word_1_240' title='bbox 558 2234 781 2288; x_wconf 91' lang='lat' dir='ltr'>duobus</span> <span class='ocrx_word' id='word_1_241' title='bbox 801 2235 1048 2306; x_wconf 90' lang='lat' dir='ltr'>piscibus</span> <span class='ocrx_word' id='word_1_242' title='bbox 1069 2236 1322 2307; x_wconf 85' lang='lat' dir='ltr'>quinque</span> <span class='ocrx_word' id='word_1_243' title='bbox 1345 2237 1504 2290; x_wconf 92' lang='lat' dir='ltr'>milia</span> <span class='ocrx_word' id='word_1_244' title='bbox 1525 2237 1828 2290; x_wconf 88' lang='lat' dir='ltr'>hominum</span> <span class='ocrx_word' id='word_1_245' title='bbox 1848 2238 2071 2292; x_wconf 84' lang='lat' dir='ltr'>satiavit</span> <span class='ocrx_word' id='word_1_246' title='bbox 2095 2255 2108 2304; x_wconf 92' lang='lat'><strong>;</strong></span> 
     </span>
    </p>
   </div>
   <div class='ocr_carea' id='block_1_37' title="bbox 479 2328 2108 2401">
    <p class='ocr_par' dir='ltr' id='par_1_37' title="bbox 479 2328 2108 2401">
     <span class='ocr_line' id='line_1_37' title="bbox 479 2328 2108 2401; baseline 0.002 -21"><span class='ocrx_word' id='word_1_247' title='bbox 479 2330 542 2380; x_wconf 92' lang='lat' dir='ltr'>ut</span> <span class='ocrx_word' id='word_1_248' title='bbox 585 2328 684 2397; x_wconf 89' lang='lat' dir='ltr'>qui</span> <span class='ocrx_word' id='word_1_249' title='bbox 718 2329 841 2382; x_wconf 71' lang='lat' dir='ltr'>haec</span> <span class='ocrx_word' id='word_1_250' title='bbox 889 2333 1156 2399; x_wconf 90' lang='lat' dir='ltr'>operatus</span> <span class='ocrx_word' id='word_1_251' title='bbox 1203 2332 1288 2383; x_wconf 90' lang='lat' dir='ltr'>est</span> <span class='ocrx_word' id='word_1_252' title='bbox 1329 2329 1387 2382; x_wconf 91' lang='lat' dir='ltr'>in</span> <span class='ocrx_word' id='word_1_253' title='bbox 1430 2330 1612 2397; x_wconf 92' lang='lat' dir='ltr'>terris,</span> <span class='ocrx_word' id='word_1_254' title='bbox 1661 2329 1825 2384; x_wconf 87' lang='lat' dir='ltr'>nobis</span> <span class='ocrx_word' id='word_1_255' title='bbox 1881 2347 2108 2401; x_wconf 87' lang='lat' dir='ltr'>quoque</span> 
     </span>
    </p>
   </div>
   <div class='ocr_carea' id='block_1_38' title="bbox 474 2419 2106 2493">
    <p class='ocr_par' dir='ltr' id='par_1_38' title="bbox 474 2419 2106 2493">
     <span class='ocr_line' id='line_1_38' title="bbox 474 2419 2106 2493; baseline 0.001 -21"><span class='ocrx_word' id='word_1_256' title='bbox 474 2419 756 2490; x_wconf 86' lang='lat' dir='ltr'>prOpitius</span> <span class='ocrx_word' id='word_1_257' title='bbox 787 2420 985 2474; x_wconf 88' lang='lat' dir='ltr'>adesse</span> <span class='ocrx_word' id='word_1_258' title='bbox 1018 2419 1209 2493; x_wconf 82' lang='grc'>205</span> <span class='ocrx_word' id='word_1_259' title='bbox 1241 2421 1510 2491; x_wconf 87' lang='lat' dir='ltr'>dignetur</span> <span class='ocrx_word' id='word_1_260' title='bbox 1533 2421 1594 2475; x_wconf 92' lang='lat' dir='ltr'>in</span> <span class='ocrx_word' id='word_1_261' title='bbox 1625 2423 1840 2476; x_wconf 85' lang='lat' dir='ltr'>cunctis</span> <span class='ocrx_word' id='word_1_262' title='bbox 1867 2423 2106 2489; x_wconf 87' lang='lat' dir='ltr'>delictis,</span> 
     </span>
    </p>
   </div>
   <div class='ocr_carea' id='block_1_39' title="bbox 477 2512 2105 2585">
    <p class='ocr_par' dir='ltr' id='par_1_39' title="bbox 477 2512 2105 2585">
     <span class='ocr_line' id='line_1_39' title="bbox 477 2512 2105 2585; baseline 0.001 -19"><span class='ocrx_word' id='word_1_263' title='bbox 477 2512 737 2566; x_wconf 91' lang='lat' dir='ltr'>Salvator</span> <span class='ocrx_word' id='word_1_264' title='bbox 762 2513 985 2581; x_wconf 90' lang='lat' dir='ltr'>mundi,</span> <span class='ocrx_word' id='word_1_265' title='bbox 1017 2514 1116 2585; x_wconf 91' lang='lat' dir='ltr'>qui</span> <span class='ocrx_word' id='word_1_266' title='bbox 1145 2531 1274 2568; x_wconf 91' lang='lat' dir='ltr'>cum</span> <span class='ocrx_word' id='word_1_267' title='bbox 1299 2519 1514 2568; x_wconf 74' lang='lat' dir='ltr'>aeterno</span> <span class='ocrx_word' id='word_1_268' title='bbox 1549 2517 1714 2568; x_wconf 89' lang='lat' dir='ltr'>Patre</span> <span class='ocrx_word' id='word_1_269' title='bbox 1743 2516 1877 2569; x_wconf 84' lang='lat' dir='ltr'>vivit</span> <span class='ocrx_word' id='word_1_270' title='bbox 1903 2519 1960 2568; x_wconf 91' lang='lat' dir='ltr'>et</span> <span class='ocrx_word' id='word_1_271' title='bbox 1983 2531 2105 2585; x_wconf 90' lang='lat' dir='ltr'>reg.</span> 
     </span>
    </p>
   </div>
   <div class='ocr_carea' id='block_1_40' title="bbox 1023 2606 1552 2670">
    <p class='ocr_par' dir='ltr' id='par_1_40' title="bbox 1023 2606 1552 2670">
     <span class='ocr_line' id='line_1_40' title="bbox 1023 2606 1552 2670; baseline 0.002 -15"><span class='ocrx_word' id='word_1_272' title='bbox 1023 2606 1272 2656; x_wconf 88' lang='lat' dir='ltr'>Collectio</span> <span class='ocrx_word' id='word_1_273' title='bbox 1301 2607 1552 2670; x_wconf 88' lang='lat' dir='ltr'>sequitur.</span> 
     </span>
    </p>
   </div>
   <div class='ocr_carea' id='block_1_41' title="bbox 545 2685 2110 2757">
    <p class='ocr_par' dir='ltr' id='par_1_41' title="bbox 545 2685 2110 2757">
     <span class='ocr_line' id='line_1_41' title="bbox 545 2685 2110 2757; baseline 0 -17"><span class='ocrx_word' id='word_1_274' title='bbox 545 2685 923 2756; x_wconf 90' lang='lat' dir='ltr'>Omnipotens</span> <span class='ocrx_word' id='word_1_275' title='bbox 957 2687 1306 2757; x_wconf 89' lang='lat' dir='ltr'>sempiterne</span> <span class='ocrx_word' id='word_1_276' title='bbox 1339 2688 1506 2754; x_wconf 90' lang='lat' dir='ltr'>Deus,</span> <span class='ocrx_word' id='word_1_277' title='bbox 1539 2688 1743 2742; x_wconf 92' lang='lat' dir='ltr'>mundi</span> <span class='ocrx_word' id='word_1_278' title='bbox 1789 2691 2014 2741; x_wconf 88' lang='lat' dir='ltr'>creator</span> <span class='ocrx_word' id='word_1_279' title='bbox 2053 2691 2110 2740; x_wconf 92' lang='lat' dir='ltr'>et</span> 
     </span>
    </p>
   </div>
   <div class='ocr_carea' id='block_1_42' title="bbox 473 2779 2107 2850">
    <p class='ocr_par' dir='ltr' id='par_1_42' title="bbox 473 2779 2107 2850">
     <span class='ocr_line' id='line_1_42' title="bbox 473 2779 2107 2850; baseline 0 -17"><span class='ocrx_word' id='word_1_280' title='bbox 473 2782 682 2845; x_wconf 91' lang='lat' dir='ltr'>rector,</span> <span class='ocrx_word' id='word_1_281' title='bbox 711 2779 810 2848; x_wconf 90' lang='lat' dir='ltr'>qui</span> <span class='ocrx_word' id='word_1_282' title='bbox 854 2779 1006 2833; x_wconf 90' lang='lat' dir='ltr'>hunc</span> <span class='ocrx_word' id='word_1_283' title='bbox 1042 2783 1468 2850; x_wconf 71' lang='lat' dir='ltr'>superventura:</span> <span class='ocrx_word' id='word_1_284' title='bbox 1507 2780 1907 2834; x_wconf 87' lang='lat' dir='ltr'>sollemnitatis</span> <span class='ocrx_word' id='word_1_285' title='bbox 1955 2780 2107 2833; x_wconf 91' lang='lat' dir='ltr'>diem</span> 
     </span>
    </p>
   </div>
   <div class='ocr_carea' id='block_1_43' title="bbox 475 2871 2106 2944">
    <p class='ocr_par' dir='ltr' id='par_1_43' title="bbox 475 2871 2106 2944">
     <span class='ocr_line' id='line_1_43' title="bbox 475 2871 2106 2944; baseline 0.001 -20"><span class='ocrx_word' id='word_1_286' title='bbox 475 2871 769 2925; x_wconf 90' lang='lat' dir='ltr'>electionis</span> <span class='ocrx_word' id='word_1_287' title='bbox 826 2872 1086 2942; x_wconf 91' lang='lat' dir='ltr'>gentium</span> <span class='ocrx_word' id='word_1_288' title='bbox 1143 2872 1410 2942; x_wconf 89' lang='lat' dir='ltr'>primitiis</span> <span class='ocrx_word' id='word_1_289' title='bbox 1483 2874 1857 2940; x_wconf 86' lang='lat' dir='ltr'>consecrasti,</span> <span class='ocrx_word' id='word_1_290' title='bbox 1935 2875 2106 2944; x_wconf 87' lang='lat' dir='ltr'>imple</span> 
     </span>
    </p>
   </div>
   <div class='ocr_carea' id='block_1_44' title="bbox 474 2964 2105 3037">
    <p class='ocr_par' dir='ltr' id='par_1_44' title="bbox 474 2964 2105 3037">
     <span class='ocr_line' id='line_1_44' title="bbox 474 2964 2105 3037; baseline 0.002 -20"><span class='ocrx_word' id='word_1_291' title='bbox 474 2964 757 3018; x_wconf 90' lang='lat' dir='ltr'>mundum</span> <span class='ocrx_word' id='word_1_292' title='bbox 790 2964 975 3034; x_wconf 86' lang='lat' dir='ltr'>gloria</span> <span class='ocrx_word' id='word_1_293' title='bbox 999 2969 1115 3030; x_wconf 89' lang='lat' dir='ltr'>tua,</span> <span class='ocrx_word' id='word_1_294' title='bbox 1146 2968 1204 3018; x_wconf 92' lang='lat' dir='ltr'>et</span> <span class='ocrx_word' id='word_1_295' title='bbox 1235 2965 1474 3018; x_wconf 90' lang='lat' dir='ltr'>subditis</span> <span class='ocrx_word' id='word_1_296' title='bbox 1503 2965 1606 3019; x_wconf 91' lang='lat' dir='ltr'>tibi</span> <span class='ocrx_word' id='word_1_297' title='bbox 1638 2967 1861 3037; x_wconf 89' lang='lat' dir='ltr'>populis</span> <span class='ocrx_word' id='word_1_298' title='bbox 1892 2983 1994 3036; x_wconf 91' lang='lat' dir='ltr'>per</span> <span class='ocrx_word' id='word_1_299' title='bbox 2022 2968 2105 3020; x_wconf 83' lang='lat' dir='ltr'>lu-</span> 
     </span>
    </p>
   </div>
   <div class='ocr_carea' id='block_1_45' title="bbox 471 3057 2106 3128">
    <p class='ocr_par' dir='ltr' id='par_1_45' title="bbox 471 3057 2106 3128">
     <span class='ocr_line' id='line_1_45' title="bbox 471 3057 2106 3128; baseline 0.001 -17"><span class='ocrx_word' id='word_1_300' title='bbox 471 3057 647 3112; x_wconf 90' lang='lat' dir='ltr'>minis</span> <span class='ocrx_word' id='word_1_301' title='bbox 695 3057 777 3111; x_wconf 88' lang='lat' dir='ltr'>tui</span> <span class='ocrx_word' id='word_1_302' title='bbox 823 3058 1018 3111; x_wconf 91' lang='lat' dir='ltr'>lumen</span> <span class='ocrx_word' id='word_1_303' title='bbox 1063 3074 1299 3128; x_wconf 89' lang='lat' dir='ltr'>appare,</span> <span class='ocrx_word' id='word_1_304' title='bbox 1347 3062 1408 3111; x_wconf 91' lang='lat' dir='ltr'>ut</span> <span class='ocrx_word' id='word_1_305' title='bbox 1463 3060 1709 3112; x_wconf 89' lang='lat' dir='ltr'>salutare</span> <span class='ocrx_word' id='word_1_306' title='bbox 1750 3063 1912 3113; x_wconf 91' lang='lat' dir='ltr'>tuum</span> <span class='ocrx_word' id='word_1_307' title='bbox 1959 3076 2106 3113; x_wconf 91' lang='lat' dir='ltr'>nova</span> 
     </span>
    </p>
   </div>
   <div class='ocr_carea' id='block_1_46' title="bbox 473 3149 2101 3222">
    <p class='ocr_par' dir='ltr' id='par_1_46' title="bbox 473 3149 2101 3222">
     <span class='ocr_line' id='line_1_46' title="bbox 473 3149 2101 3222; baseline 0.001 -17"><span class='ocrx_word' id='word_1_308' title='bbox 473 3151 744 3206; x_wconf 67' lang='lat' dir='ltr'>czelorum</span> <span class='ocrx_word' id='word_1_309' title='bbox 769 3149 1024 3205; x_wconf 90' lang='lat' dir='ltr'>claritate</span> <span class='ocrx_word' id='word_1_310' title='bbox 1051 3151 1312 3204; x_wconf 90' lang='lat' dir='ltr'>mirabile</span> <span class='ocrx_word' id='word_1_311' title='bbox 1341 3152 1547 3205; x_wconf 87' lang='lat' dir='ltr'>nostris</span> <span class='ocrx_word' id='word_1_312' title='bbox 1571 3168 1798 3222; x_wconf 88' lang='lat' dir='ltr'>semper</span> <span class='ocrx_word' id='word_1_313' title='bbox 1823 3153 2101 3207; x_wconf 85' lang='lat' dir='ltr'>innovan-</span> 
     </span>
    </p>
   </div>
   <div class='ocr_carea' id='block_1_47' title="bbox 474 3243 2182 3328">
    <p class='ocr_par' dir='ltr' id='par_1_47' title="bbox 474 3243 2182 3328">
     <span class='ocr_line' id='line_1_47' title="bbox 474 3243 2182 3328; baseline 0.001 -30"><span class='ocrx_word' id='word_1_314' title='bbox 474 3243 562 3298; x_wconf 91' lang='lat' dir='ltr'>dis</span> <span class='ocrx_word' id='word_1_315' title='bbox 588 3243 856 3297; x_wconf 91' lang='lat' dir='ltr'>cordibus</span> <span class='ocrx_word' id='word_1_316' title='bbox 886 3244 1123 3298; x_wconf 90' lang='lat' dir='ltr'>oriatur.</span> <span class='ocrx_word' id='word_1_317' title='bbox 1156 3246 1264 3298; x_wconf 89' lang='lat' dir='ltr'>Per</span> <span class='ocrx_word' id='word_1_318' title='bbox 1288 3245 1599 3299; x_wconf 92' lang='lat' dir='ltr'>Dominum</span> <span class='ocrx_word' id='word_1_319' title='bbox 1622 3249 1883 3300; x_wconf 90' lang='lat' dir='ltr'>nostrum</span> <span class='ocrx_word' id='word_1_320' title='bbox 1913 3248 2106 3302; x_wconf 91' lang='lat' dir='ltr'>Iesum</span> <span class='ocrx_word' id='word_1_321' title='bbox 2128 3253 2182 3328; x_wconf 71' lang='grc' dir='ltr'><strong>ρ</strong></span> 
     </span>
    </p>
   </div>
   <div class='ocr_carea' id='block_1_48' title="bbox 473 3336 1870 3410">
    <p class='ocr_par' dir='ltr' id='par_1_48' title="bbox 473 3336 1870 3410">
     <span class='ocr_line' id='line_1_48' title="bbox 473 3336 1870 3410; baseline 0.001 -18"><span class='ocrx_word' id='word_1_322' title='bbox 473 3337 762 3392; x_wconf 89' lang='lat' dir='ltr'>Christum</span> <span class='ocrx_word' id='word_1_323' title='bbox 792 3337 1018 3404; x_wconf 87' lang='lat' dir='ltr'>Filium,</span> <span class='ocrx_word' id='word_1_324' title='bbox 1048 3336 1146 3408; x_wconf 91' lang='lat' dir='ltr'>qui</span> <span class='ocrx_word' id='word_1_325' title='bbox 1173 3340 1362 3391; x_wconf 90' lang='lat' dir='ltr'>tecum</span> <span class='ocrx_word' id='word_1_326' title='bbox 1394 3338 1529 3392; x_wconf 89' lang='lat' dir='ltr'>vivit</span> <span class='ocrx_word' id='word_1_327' title='bbox 1559 3341 1616 3392; x_wconf 92' lang='lat' dir='ltr'>et</span> <span class='ocrx_word' id='word_1_328' title='bbox 1645 3343 1870 3410; x_wconf 88' lang='lat' dir='ltr'>regnat.</span> 
     </span>
    </p>
   </div>
   <div class='ocr_carea' id='block_1_49' title="bbox 1164 3431 1421 3481">
    <p class='ocr_par' dir='ltr' id='par_1_49' title="bbox 1164 3431 1421 3481">
     <span class='ocr_line' id='line_1_49' title="bbox 1164 3431 1421 3481; baseline 0.004 -1"><span class='ocrx_word' id='word_1_329' title='bbox 1164 3431 1421 3481; x_wconf 68' lang='lat' dir='ltr'>Praefatio.</span> 
     </span>
    </p>
   </div>
   <div class='ocr_carea' id='block_1_50' title="bbox 543 3511 2106 3582">
    <p class='ocr_par' dir='ltr' id='par_1_50' title="bbox 543 3511 2106 3582">
     <span class='ocr_line' id='line_1_50' title="bbox 543 3511 2106 3582; baseline 0.001 -17"><span class='ocrx_word' id='word_1_330' title='bbox 543 3513 726 3565; x_wconf 89' lang='lat' dir='ltr'>Deum</span> <span class='ocrx_word' id='word_1_331' title='bbox 759 3511 1243 3581; x_wconf 88' lang='lat' dir='ltr'>omnipotentem,</span> <span class='ocrx_word' id='word_1_332' title='bbox 1273 3513 1372 3582; x_wconf 91' lang='lat' dir='ltr'>qui</span> <span class='ocrx_word' id='word_1_333' title='bbox 1393 3511 1558 3566; x_wconf 91' lang='lat' dir='ltr'>nobis</span> <span class='ocrx_word' id='word_1_334' title='bbox 1580 3511 1746 3582; x_wconf 87' lang='lat' dir='ltr'>hujus</span> <span class='ocrx_word' id='word_1_335' title='bbox 1782 3512 1965 3566; x_wconf 88' lang='lat' dir='ltr'>noctis</span> <span class='ocrx_word' id='word_1_336' title='bbox 1997 3513 2106 3566; x_wconf 88' lang='lat' dir='ltr'>fes-</span> 
     </span>
    </p>
   </div>
   <div class='ocr_carea' id='block_1_51' title="bbox 470 3603 2110 3676">
    <p class='ocr_par' dir='ltr' id='par_1_51' title="bbox 470 3603 2110 3676">
     <span class='ocr_line' id='line_1_51' title="bbox 470 3603 2110 3676; baseline 0.001 -18"><span class='ocrx_word' id='word_1_337' title='bbox 470 3603 748 3658; x_wconf 90' lang='lat' dir='ltr'>tivitatem</span> <span class='ocrx_word' id='word_1_338' title='bbox 778 3604 1033 3673; x_wconf 90' lang='lat' dir='ltr'>indulsit,</span> <span class='ocrx_word' id='word_1_339' title='bbox 1066 3606 1274 3660; x_wconf 88' lang='lat' dir='ltr'>fratres</span> <span class='ocrx_word' id='word_1_340' title='bbox 1299 3605 1596 3672; x_wconf 89' lang='lat' dir='ltr'>carissimi,</span> <span class='ocrx_word' id='word_1_341' title='bbox 1621 3606 2017 3676; x_wconf 89' lang='lat' dir='ltr'>deprecemur,</span> <span class='ocrx_word' id='word_1_342' title='bbox 2048 3609 2110 3660; x_wconf 92' lang='lat' dir='ltr'>ut</span> 
     </span>
    </p>
   </div>
   <div class='ocr_carea' id='block_1_52' title="bbox 471 3697 2102 3769">
    <p class='ocr_par' dir='ltr' id='par_1_52' title="bbox 471 3697 2102 3769">
     <span class='ocr_line' id='line_1_52' title="bbox 471 3697 2102 3769; baseline 0 -17"><span class='ocrx_word' id='word_1_343' title='bbox 471 3699 571 3752; x_wconf 92' lang='lat' dir='ltr'>det</span> <span class='ocrx_word' id='word_1_344' title='bbox 596 3697 760 3752; x_wconf 90' lang='lat' dir='ltr'>nobis</span> <span class='ocrx_word' id='word_1_345' title='bbox 807 3698 981 3752; x_wconf 88' lang='lat' dir='ltr'>etiam</span> <span class='ocrx_word' id='word_1_346' title='bbox 1021 3699 1370 3753; x_wconf 91' lang='lat' dir='ltr'>munditiam</span> <span class='ocrx_word' id='word_1_347' title='bbox 1417 3699 1624 3766; x_wconf 88' lang='lat' dir='ltr'>cordis,</span> <span class='ocrx_word' id='word_1_348' title='bbox 1660 3702 1720 3752; x_wconf 92' lang='lat' dir='ltr'>ut</span> <span class='ocrx_word' id='word_1_349' title='bbox 1755 3699 1898 3753; x_wconf 89' lang='lat' dir='ltr'>sicut</span> <span class='ocrx_word' id='word_1_350' title='bbox 1925 3699 2102 3769; x_wconf 91' lang='lat' dir='ltr'>magi,</span> 
     </span>
    </p>
   </div>
   <div class='ocr_carea' id='block_1_53' title="bbox 472 3791 2106 3862">
    <p class='ocr_par' dir='ltr' id='par_1_53' title="bbox 472 3791 2106 3862">
     <span class='ocr_line' id='line_1_53' title="bbox 472 3791 2106 3862; baseline -0.001 -17"><span class='ocrx_word' id='word_1_351' title='bbox 472 3791 635 3846; x_wconf 89' lang='lat' dir='ltr'>stella</span> <span class='ocrx_word' id='word_1_352' title='bbox 664 3794 980 3862; x_wconf 76' lang='lat' dir='ltr'>praeeunte,</span> <span class='ocrx_word' id='word_1_353' title='bbox 1009 3792 1320 3846; x_wconf 91' lang='lat' dir='ltr'>Dominum</span> <span class='ocrx_word' id='word_1_354' title='bbox 1348 3793 1539 3846; x_wconf 90' lang='lat' dir='ltr'>Iesum</span> <span class='ocrx_word' id='word_1_355' title='bbox 1564 3791 1853 3846; x_wconf 90' lang='lat' dir='ltr'>Christum</span> <span class='ocrx_word' id='word_1_356' title='bbox 1875 3791 2106 3845; x_wconf 91' lang='lat' dir='ltr'>invene-</span> 
     </span>
    </p>
   </div>
   <div class='ocr_carea' id='block_1_54' title="bbox 469 3881 2106 3956">
    <p class='ocr_par' dir='ltr' id='par_1_54' title="bbox 469 3881 2106 3956">
     <span class='ocr_line' id='line_1_54' title="bbox 469 3881 2106 3956; baseline -0.001 -18"><span class='ocrx_word' id='word_1_357' title='bbox 469 3887 624 3950; x_wconf 89' lang='lat' dir='ltr'>runt,</span> <span class='ocrx_word' id='word_1_358' title='bbox 657 3889 717 3938; x_wconf 90' lang='lat' dir='ltr'>et</span> <span class='ocrx_word' id='word_1_359' title='bbox 741 3887 937 3954; x_wconf 89' lang='lat' dir='ltr'>optata</span> <span class='ocrx_word' id='word_1_360' title='bbox 969 3885 1260 3938; x_wconf 88' lang='lat' dir='ltr'>consecuti</span> <span class='ocrx_word' id='word_1_361' title='bbox 1293 3881 1425 3938; x_wconf 75' lang='lat' dir='ltr'>sunt</span> <span class='ocrx_word' id='word_1_362' title='bbox 1453 3885 1684 3954; x_wconf 90' lang='lat' dir='ltr'>gaudia,</span> <span class='ocrx_word' id='word_1_363' title='bbox 1708 3888 1879 3954; x_wconf 88' lang='lat' dir='ltr'>atque</span> <span class='ocrx_word' id='word_1_364' title='bbox 1895 3885 2106 3956; x_wconf 90' lang='lat' dir='ltr'>apertis</span> 
     </span>
    </p>
   </div>
   <div class='ocr_carea' id='block_1_55' title="bbox 471 3976 2101 4045">
    <p class='ocr_par' dir='ltr' id='par_1_55' title="bbox 471 3976 2101 4045">
     <span class='ocr_line' id='line_1_55' title="bbox 471 3976 2101 4045; baseline 0.001 -15"><span class='ocrx_word' id='word_1_365' title='bbox 471 3976 757 4030; x_wconf 86' lang='lat' dir='ltr'>thesauris</span> <span class='ocrx_word' id='word_1_366' title='bbox 794 3977 928 4044; x_wconf 88' lang='lat' dir='ltr'>suis,</span> <span class='ocrx_word' id='word_1_367' title='bbox 959 3977 1292 4030; x_wconf 90' lang='lat' dir='ltr'>obtulerunt</span> <span class='ocrx_word' id='word_1_368' title='bbox 1321 3977 1373 4030; x_wconf 90' lang='lat' dir='ltr'>ei</span> <span class='ocrx_word' id='word_1_369' title='bbox 1420 3993 1662 4030; x_wconf 88' lang='lat' dir='ltr'>munera</span> <span class='ocrx_word' id='word_1_370' title='bbox 1696 3993 1923 4045; x_wconf 89' lang='lat' dir='ltr'>aurum,</span> <span class='ocrx_word' id='word_1_371' title='bbox 1952 3979 2101 4045; x_wconf 91' lang='lat' dir='ltr'>thus,</span> 
     </span>
    </p>
   </div>
   <div class='ocr_carea' id='block_1_56' title="bbox 473 4069 2103 4140">
    <p class='ocr_par' dir='ltr' id='par_1_56' title="bbox 473 4069 2103 4140">
     <span class='ocr_line' id='line_1_56' title="bbox 473 4069 2103 4140; baseline 0.001 -18"><span class='ocrx_word' id='word_1_372' title='bbox 473 4072 531 4122; x_wconf 89' lang='lat' dir='ltr'>et</span> <span class='ocrx_word' id='word_1_373' title='bbox 569 4069 890 4139; x_wconf 87' lang='lat' dir='ltr'>myrrham,</span> <span class='ocrx_word' id='word_1_374' title='bbox 919 4069 999 4122; x_wconf 90' lang='lat' dir='ltr'>ita</span> <span class='ocrx_word' id='word_1_375' title='bbox 1025 4072 1084 4122; x_wconf 87' lang='lat' dir='ltr'>et</span> <span class='ocrx_word' id='word_1_376' title='bbox 1107 4085 1212 4122; x_wconf 90' lang='lat' dir='ltr'>nos</span> <span class='ocrx_word' id='word_1_377' title='bbox 1243 4069 1444 4123; x_wconf 85' lang='lat' dir='ltr'>famuli</span> <span class='ocrx_word' id='word_1_378' title='bbox 1475 4069 1580 4135; x_wconf 91' lang='lat' dir='ltr'>sui,</span> <span class='ocrx_word' id='word_1_379' title='bbox 1615 4069 1876 4140; x_wconf 84' lang='lat' dir='ltr'>ejusdem</span> <span class='ocrx_word' id='word_1_380' title='bbox 1912 4071 2103 4125; x_wconf 90' lang='lat' dir='ltr'>Salva-</span> 
     </span>
    </p>
   </div>
   <div class='ocr_carea' id='block_1_57' title="bbox 471 4160 2106 4233">
    <p class='ocr_par' dir='ltr' id='par_1_57' title="bbox 471 4160 2106 4233">
     <span class='ocr_line' id='line_1_57' title="bbox 471 4160 2106 4233; baseline 0.002 -19"><span class='ocrx_word' id='word_1_381' title='bbox 471 4161 612 4214; x_wconf 91' lang='lat' dir='ltr'>toris</span> <span class='ocrx_word' id='word_1_382' title='bbox 641 4160 821 4215; x_wconf 90' lang='lat' dir='ltr'>nostri</span> <span class='ocrx_word' id='word_1_383' title='bbox 852 4161 1058 4216; x_wconf 79' lang='lat' dir='ltr'>auxilio</span> <span class='ocrx_word' id='word_1_384' title='bbox 1086 4161 1432 4232; x_wconf 67' lang='lat' dir='ltr'>prwmoniti,</span> <span class='ocrx_word' id='word_1_385' title='bbox 1463 4165 1678 4216; x_wconf 90' lang='lat' dir='ltr'>terram</span> <span class='ocrx_word' id='word_1_386' title='bbox 1710 4163 2106 4233; x_wconf 89' lang='lat' dir='ltr'>promissionis</span> 
     </span>
    </p>
   </div>
   <div class='ocr_carea' id='block_1_58' title="bbox 474 4253 2105 4328">
    <p class='ocr_par' dir='ltr' id='par_1_58' title="bbox 474 4253 2105 4328">
     <span class='ocr_line' id='line_1_58' title="bbox 474 4253 2105 4328; baseline 0.002 -21"><span class='ocrx_word' id='word_1_387' title='bbox 474 4269 811 4307; x_wconf 90' lang='lat' dir='ltr'>mereamur</span> <span class='ocrx_word' id='word_1_388' title='bbox 831 4253 1076 4324; x_wconf 87' lang='lat' dir='ltr'>ingredi,</span> <span class='ocrx_word' id='word_1_389' title='bbox 1100 4257 1162 4307; x_wconf 93' lang='lat' dir='ltr'>ut</span> <span class='ocrx_word' id='word_1_390' title='bbox 1187 4255 1542 4323; x_wconf 89' lang='lat' dir='ltr'>gaudeamus</span> <span class='ocrx_word' id='word_1_391' title='bbox 1570 4272 1674 4308; x_wconf 90' lang='lat' dir='ltr'>nos</span> <span class='ocrx_word' id='word_1_392' title='bbox 1695 4258 1910 4310; x_wconf 83' lang='lat' dir='ltr'>aeterna</span> <span class='ocrx_word' id='word_1_393' title='bbox 1938 4257 2105 4328; x_wconf 90' lang='lat' dir='ltr'>regni</span> 
     </span>
    </p>
   </div>
   <div class='ocr_carea' id='block_1_59' title="bbox 473 4347 2104 4417">
    <p class='ocr_par' dir='ltr' id='par_1_59' title="bbox 473 4347 2104 4417">
     <span class='ocr_line' id='line_1_59' title="bbox 473 4347 2104 4417; baseline 0.002 -17"><span class='ocrx_word' id='word_1_394' title='bbox 473 4347 712 4400; x_wconf 81' lang='lat' dir='ltr'>caelestis</span> <span class='ocrx_word' id='word_1_395' title='bbox 742 4347 1100 4417; x_wconf 88' lang='lat' dir='ltr'>possessione</span> <span class='ocrx_word' id='word_1_396' title='bbox 1126 4347 1316 4401; x_wconf 91' lang='lat' dir='ltr'>ditari.</span> <span class='ocrx_word' id='word_1_397' title='bbox 1354 4350 1461 4402; x_wconf 89' lang='lat' dir='ltr'>Per</span> <span class='ocrx_word' id='word_1_398' title='bbox 1491 4348 1802 4403; x_wconf 89' lang='lat' dir='ltr'>Dominum</span> <span class='ocrx_word' id='word_1_399' title='bbox 1847 4354 2104 4404; x_wconf 88' lang='lat' dir='ltr'>nostrum</span> 
     </span>
    </p>
   </div>
   <div class='ocr_carea' id='block_1_60' title="bbox 469 4441 2104 4539">
    <p class='ocr_par' dir='ltr' id='par_1_60' title="bbox 469 4441 2104 4539">
     <span class='ocr_line' id='line_1_60' title="bbox 469 4441 2104 4539; baseline 0.001 -43"><span class='ocrx_word' id='word_1_400' title='bbox 469 4441 663 4496; x_wconf 85' lang='lat' dir='ltr'>Iesum</span> <span class='ocrx_word' id='word_1_401' title='bbox 714 4441 1003 4496; x_wconf 89' lang='lat' dir='ltr'>Christum</span> <span class='ocrx_word' id='word_1_402' title='bbox 1061 4441 1263 4495; x_wconf 91' lang='lat' dir='ltr'>Filium</span> <span class='ocrx_word' id='word_1_403' title='bbox 1315 4458 1508 4539; x_wconf 57' lang='lat' dir='ltr'>su&#39;um,</span> <span class='ocrx_word' id='word_1_404' title='bbox 1559 4459 1750 4496; x_wconf 89' lang='lat' dir='ltr'>secum</span> <span class='ocrx_word' id='word_1_405' title='bbox 1798 4443 2104 4512; x_wconf 90' lang='lat' dir='ltr'>viventem,</span> 
     </span>
    </p>
   </div>
   <div class='ocr_carea' id='block_1_61' title="bbox 473 4537 1214 4606">
    <p class='ocr_par' dir='ltr' id='par_1_61' title="bbox 473 4537 1214 4606">
     <span class='ocr_line' id='line_1_61' title="bbox 473 4537 1214 4606; baseline 0.001 -19"><span class='ocrx_word' id='word_1_406' title='bbox 473 4549 818 4606; x_wconf 84' lang='lat' dir='ltr'>semperque</span> <span class='ocrx_word' id='word_1_407' title='bbox 849 4537 1214 4605; x_wconf 90' lang='lat' dir='ltr'>regnantem.</span> 
     </span>
    </p>
   </div>
   <div class='ocr_carea' id='block_1_62' title="bbox 1032 4627 1570 4691">
    <p class='ocr_par' dir='ltr' id='par_1_62' title="bbox 1032 4627 1570 4691">
     <span class='ocr_line' id='line_1_62' title="bbox 1032 4627 1570 4691; baseline -0.002 -14"><span class='ocrx_word' id='word_1_408' title='bbox 1032 4627 1281 4677; x_wconf 90' lang='lat' dir='ltr'>Collectio</span> <span class='ocrx_word' id='word_1_409' title='bbox 1319 4627 1570 4691; x_wconf 90' lang='lat' dir='ltr'>sequitur.</span> 
     </span>
    </p>
   </div>
   <div class='ocr_carea' id='block_1_63' title="bbox 544 4706 2108 4780">
    <p class='ocr_par' dir='ltr' id='par_1_63' title="bbox 544 4706 2108 4780">
     <span class='ocr_line' id='line_1_63' title="bbox 544 4706 2108 4780; baseline 0.002 -21"><span class='ocrx_word' id='word_1_410' title='bbox 544 4707 712 4773; x_wconf 89' lang='lat' dir='ltr'>Deus,</span> <span class='ocrx_word' id='word_1_411' title='bbox 743 4706 841 4778; x_wconf 91' lang='lat' dir='ltr'>qui</span> <span class='ocrx_word' id='word_1_412' title='bbox 870 4706 1035 4761; x_wconf 91' lang='lat' dir='ltr'>Verbi</span> <span class='ocrx_word' id='word_1_413' title='bbox 1063 4707 1144 4761; x_wconf 90' lang='lat' dir='ltr'>tui</span> <span class='ocrx_word' id='word_1_414' title='bbox 1180 4707 1640 4764; x_wconf 88' lang='lat' dir='ltr'>incarnationem</span> <span class='ocrx_word' id='word_1_415' title='bbox 1666 4709 1924 4780; x_wconf 76' lang='lat' dir='ltr'>praeclari</span> <span class='ocrx_word' id='word_1_416' title='bbox 1954 4710 2108 4763; x_wconf 86' lang='lat' dir='ltr'>testi-</span> 
     </span>
    </p>
   </div>
   <div class='ocr_carea' id='block_1_64' title="bbox 473 4799 2106 4872">
    <p class='ocr_par' dir='ltr' id='par_1_64' title="bbox 473 4799 2106 4872">
     <span class='ocr_line' id='line_1_64' title="bbox 473 4799 2106 4872; baseline 0 -16"><span class='ocrx_word' id='word_1_417' title='bbox 473 4800 672 4856; x_wconf 87' lang='lat' dir='ltr'>monio</span> <span class='ocrx_word' id='word_1_418' title='bbox 694 4799 896 4854; x_wconf 89' lang='lat' dir='ltr'>sideris</span> <span class='ocrx_word' id='word_1_419' title='bbox 920 4799 1203 4868; x_wconf 87' lang='lat' dir='ltr'>indicasti,</span> <span class='ocrx_word' id='word_1_420' title='bbox 1232 4801 1388 4872; x_wconf 87' lang='lat' dir='ltr'>quod</span> <span class='ocrx_word' id='word_1_421' title='bbox 1407 4801 1667 4856; x_wconf 88' lang='lat' dir='ltr'>videntes</span> <span class='ocrx_word' id='word_1_422' title='bbox 1695 4802 1874 4872; x_wconf 89' lang='lat' dir='ltr'>magi,</span> <span class='ocrx_word' id='word_1_423' title='bbox 1899 4803 2106 4856; x_wconf 89' lang='lat' dir='ltr'>oblatis</span> 
     </span>
    </p>
   </div>
   <div class='ocr_carea' id='block_1_65' title="bbox 472 4895 2109 4965">
    <p class='ocr_par' dir='ltr' id='par_1_65' title="bbox 472 4895 2109 4965">
     <span class='ocr_line' id='line_1_65' title="bbox 472 4895 2109 4965; baseline -0.001 -13"><span class='ocrx_word' id='word_1_424' title='bbox 472 4895 830 4965; x_wconf 80' lang='lat' dir='ltr'>Majestatem</span> <span class='ocrx_word' id='word_1_425' title='bbox 851 4896 1011 4948; x_wconf 85' lang='lat' dir='ltr'>tuam</span> <span class='ocrx_word' id='word_1_426' title='bbox 1044 4895 1378 4949; x_wconf 90' lang='lat' dir='ltr'>muneribus</span> <span class='ocrx_word' id='word_1_427' title='bbox 1400 4895 1734 4963; x_wconf 90' lang='lat' dir='ltr'>adorarunt,</span> <span class='ocrx_word' id='word_1_428' title='bbox 1769 4895 2018 4950; x_wconf 89' lang='lat' dir='ltr'>concede</span> <span class='ocrx_word' id='word_1_429' title='bbox 2047 4900 2109 4950; x_wconf 90' lang='lat' dir='ltr'>ut</span> 
     </span>
    </p>
   </div>
   <div class='ocr_carea' id='block_1_66' title="bbox 475 4987 2109 5060">
    <p class='ocr_par' dir='ltr' id='par_1_66' title="bbox 475 4987 2109 5060">
     <span class='ocr_line' id='line_1_66' title="bbox 475 4987 2109 5060; baseline 0.001 -18"><span class='ocrx_word' id='word_1_430' title='bbox 475 5005 704 5060; x_wconf 91' lang='lat' dir='ltr'>semper</span> <span class='ocrx_word' id='word_1_431' title='bbox 728 4989 786 5042; x_wconf 91' lang='lat' dir='ltr'>in</span> <span class='ocrx_word' id='word_1_432' title='bbox 815 4987 1106 5044; x_wconf 91' lang='lat' dir='ltr'>mentibus</span> <span class='ocrx_word' id='word_1_433' title='bbox 1133 4989 1340 5044; x_wconf 91' lang='lat' dir='ltr'>nostris</span> <span class='ocrx_word' id='word_1_434' title='bbox 1365 4993 1476 5044; x_wconf 67' lang='lat' dir='ltr'>tuae</span> <span class='ocrx_word' id='word_1_435' title='bbox 1505 4992 1782 5060; x_wconf 90' lang='lat' dir='ltr'>appareat</span> <span class='ocrx_word' id='word_1_436' title='bbox 1804 4990 1980 5043; x_wconf 75' lang='lat' dir='ltr'>stellae</span> <span class='ocrx_word' id='word_1_437' title='bbox 2010 5007 2109 5044; x_wconf 80' lang='lat' dir='ltr'>no-</span> 
     </span>
    </p>
   </div>
   <div class='ocr_carea' id='block_1_67' title="bbox 471 5081 2110 5148">
    <p class='ocr_par' dir='ltr' id='par_1_67' title="bbox 471 5081 2110 5148">
     <span class='ocr_line' id='line_1_67' title="bbox 471 5081 2110 5148; baseline 0 -12"><span class='ocrx_word' id='word_1_438' title='bbox 471 5081 618 5148; x_wconf 87' lang='lat' dir='ltr'>titia,</span> <span class='ocrx_word' id='word_1_439' title='bbox 645 5098 710 5135; x_wconf 90' lang='lat' dir='ltr'>ac</span> <span class='ocrx_word' id='word_1_440' title='bbox 743 5085 938 5136; x_wconf 90' lang='lat' dir='ltr'>noster</span> <span class='ocrx_word' id='word_1_441' title='bbox 963 5082 1021 5136; x_wconf 91' lang='lat' dir='ltr'>in</span> <span class='ocrx_word' id='word_1_442' title='bbox 1051 5086 1148 5136; x_wconf 91' lang='lat' dir='ltr'>tua</span> <span class='ocrx_word' id='word_1_443' title='bbox 1169 5083 1241 5137; x_wconf 90' lang='lat' dir='ltr'>sit</span> <span class='ocrx_word' id='word_1_444' title='bbox 1261 5082 1620 5138; x_wconf 84' lang='lat' dir='ltr'>confessione</span> <span class='ocrx_word' id='word_1_445' title='bbox 1653 5082 1972 5136; x_wconf 90' lang='lat' dir='ltr'>thesaurus.</span> <span class='ocrx_word' id='word_1_446' title='bbox 1999 5084 2110 5136; x_wconf 90' lang='lat' dir='ltr'>Per</span> 
     </span>
    </p>
   </div>
   <div class='ocr_carea' id='block_1_68' title="bbox 473 5173 2024 5234">
    <p class='ocr_par' dir='ltr' id='par_1_68' title="bbox 473 5173 2024 5234">
     <span class='ocr_line' id='line_1_68' title="bbox 473 5173 2024 5234; baseline 0.002 -6"><span class='ocrx_word' id='word_1_447' title='bbox 473 5173 785 5229; x_wconf 90' lang='lat' dir='ltr'>Dominum</span> <span class='ocrx_word' id='word_1_448' title='bbox 807 5179 1064 5230; x_wconf 91' lang='lat' dir='ltr'>nostrum</span> <span class='ocrx_word' id='word_1_449' title='bbox 1087 5178 1279 5231; x_wconf 85' lang='lat' dir='ltr'>Iesum</span> <span class='ocrx_word' id='word_1_450' title='bbox 1299 5177 1588 5234; x_wconf 89' lang='lat' dir='ltr'>Christum</span> <span class='ocrx_word' id='word_1_451' title='bbox 1610 5175 1811 5231; x_wconf 92' lang='lat' dir='ltr'>Filium</span> <span class='ocrx_word' id='word_1_452' title='bbox 1841 5179 2024 5231; x_wconf 90' lang='lat' dir='ltr'>tuum.</span> 
     </span>
    </p>
   </div>
   <div class='ocr_carea' id='block_1_69' title="bbox 1173 5270 1414 5320">
    <p class='ocr_par' dir='ltr' id='par_1_69' title="bbox 1173 5270 1414 5320">
     <span class='ocr_line' id='line_1_69' title="bbox 1173 5270 1414 5320; baseline 0.008 -2"><span class='ocrx_word' id='word_1_453' title='bbox 1173 5270 1414 5320; x_wconf 87' lang='lat' dir='ltr'>Prefatio.</span> 
     </span>
    </p>
   </div>
   <div class='ocr_carea' id='block_1_70' title="bbox 551 5340 2109 5422">
    <p class='ocr_par' dir='ltr' id='par_1_70' title="bbox 551 5340 2109 5422">
     <span class='ocr_line' id='line_1_70' title="bbox 551 5340 2109 5422; baseline 0.002 -21"><span class='ocrx_word' id='word_1_454' title='bbox 551 5340 1020 5418; x_wconf 89' lang='lat' dir='ltr'>Omnipotentem</span> <span class='ocrx_word' id='word_1_455' title='bbox 1070 5349 1490 5422; x_wconf 88' lang='lat' dir='ltr'>sempiternum</span> <span class='ocrx_word' id='word_1_456' title='bbox 1551 5349 1897 5418; x_wconf 91' lang='lat' dir='ltr'>Dominum,</span> <span class='ocrx_word' id='word_1_457' title='bbox 1951 5351 2109 5421; x_wconf 88' lang='lat' dir='ltr'>cujus</span> 
     </span>
    </p>
   </div>
   <div class='ocr_carea' id='block_1_71' title="bbox 477 5441 2111 5516">
    <p class='ocr_par' dir='ltr' id='par_1_71' title="bbox 477 5441 2111 5516">
     <span class='ocr_line' id='line_1_71' title="bbox 477 5441 2111 5516; baseline 0.001 -20"><span class='ocrx_word' id='word_1_458' title='bbox 477 5458 594 5496; x_wconf 88' lang='lat' dir='ltr'>non</span> <span class='ocrx_word' id='word_1_459' title='bbox 618 5441 809 5496; x_wconf 86' lang='lat' dir='ltr'>minor</span> <span class='ocrx_word' id='word_1_460' title='bbox 833 5446 918 5496; x_wconf 86' lang='lat' dir='ltr'>est</span> <span class='ocrx_word' id='word_1_461' title='bbox 943 5441 1335 5498; x_wconf 86' lang='lat' dir='ltr'>misericordia</span> <span class='ocrx_word' id='word_1_462' title='bbox 1363 5461 1536 5516; x_wconf 92' lang='lat' dir='ltr'>quam</span> <span class='ocrx_word' id='word_1_463' title='bbox 1565 5446 1836 5514; x_wconf 89' lang='lat' dir='ltr'>potestas,</span> <span class='ocrx_word' id='word_1_464' title='bbox 1856 5445 1954 5515; x_wconf 91' lang='lat' dir='ltr'>qui</span> <span class='ocrx_word' id='word_1_465' title='bbox 1979 5445 2111 5498; x_wconf 88' lang='lat' dir='ltr'>licet</span> 
     </span>
    </p>
   </div>
   <div class='ocr_carea' id='block_1_72' title="bbox 479 5535 2106 5608">
    <p class='ocr_par' dir='ltr' id='par_1_72' title="bbox 479 5535 2106 5608">
     <span class='ocr_line' id='line_1_72' title="bbox 479 5535 2106 5608; baseline 0.001 -20"><span class='ocrx_word' id='word_1_466' title='bbox 479 5535 860 5591; x_wconf 67' lang='lat' dir='ltr'>aestimatione</span> <span class='ocrx_word' id='word_1_467' title='bbox 895 5555 1137 5608; x_wconf 89' lang='lat' dir='ltr'>operum</span> <span class='ocrx_word' id='word_1_468' title='bbox 1171 5537 1570 5591; x_wconf 90' lang='lat' dir='ltr'>universorum</span> <span class='ocrx_word' id='word_1_469' title='bbox 1607 5552 1839 5590; x_wconf 89' lang='lat' dir='ltr'>suorum</span> <span class='ocrx_word' id='word_1_470' title='bbox 1891 5538 2106 5605; x_wconf 89' lang='lat' dir='ltr'>vicerit,</span> 
     </span>
    </p>
   </div>
   <div class='ocr_carea' id='block_1_73' title="bbox 476 5629 2108 5702">
    <p class='ocr_par' dir='ltr' id='par_1_73' title="bbox 476 5629 2108 5702">
     <span class='ocr_line' id='line_1_73' title="bbox 476 5629 2108 5702; baseline 0.001 -20"><span class='ocrx_word' id='word_1_471' title='bbox 476 5630 597 5700; x_wconf 88' lang='lat' dir='ltr'>ipse</span> <span class='ocrx_word' id='word_1_472' title='bbox 633 5634 823 5684; x_wconf 89' lang='lat' dir='ltr'>tamen</span> <span class='ocrx_word' id='word_1_473' title='bbox 869 5645 1103 5685; x_wconf 90' lang='lat' dir='ltr'>suorum</span> <span class='ocrx_word' id='word_1_474' title='bbox 1129 5647 1370 5700; x_wconf 83' lang='lat' dir='ltr'>Operum</span> <span class='ocrx_word' id='word_1_475' title='bbox 1398 5629 1862 5700; x_wconf 86' lang='lat' dir='ltr'>magnitudinem</span> <span class='ocrx_word' id='word_1_476' title='bbox 1897 5632 2108 5702; x_wconf 89' lang='lat' dir='ltr'>pietate</span> 
     </span>
    </p>
   </div>
   <div class='ocr_carea' id='block_1_74' title="bbox 474 5723 2109 5792">
    <p class='ocr_par' dir='ltr' id='par_1_74' title="bbox 474 5723 2109 5792">
     <span class='ocr_line' id='line_1_74' title="bbox 474 5723 2109 5792; baseline 0.001 -15"><span class='ocrx_word' id='word_1_477' title='bbox 474 5724 636 5792; x_wconf 86' lang='lat' dir='ltr'>vicit,</span> <span class='ocrx_word' id='word_1_478' title='bbox 712 5725 996 5780; x_wconf 90' lang='lat' dir='ltr'>mittendo</span> <span class='ocrx_word' id='word_1_479' title='bbox 1064 5723 1229 5778; x_wconf 88' lang='lat' dir='ltr'>nobis</span> <span class='ocrx_word' id='word_1_480' title='bbox 1297 5725 1492 5778; x_wconf 90' lang='lat' dir='ltr'>Iesum</span> <span class='ocrx_word' id='word_1_481' title='bbox 1558 5723 1844 5778; x_wconf 89' lang='lat' dir='ltr'>Christum</span> <span class='ocrx_word' id='word_1_482' title='bbox 1907 5725 2109 5779; x_wconf 88' lang='lat' dir='ltr'>Filium</span> 
     </span>
    </p>
   </div>
   <div class='ocr_carea' id='block_1_75' title="bbox 475 5818 2113 5889">
    <p class='ocr_par' dir='ltr' id='par_1_75' title="bbox 475 5818 2113 5889">
     <span class='ocr_line' id='line_1_75' title="bbox 475 5818 2113 5889; baseline 0.001 -17"><span class='ocrx_word' id='word_1_483' title='bbox 475 5835 642 5872; x_wconf 92' lang='lat' dir='ltr'>suum</span> <span class='ocrx_word' id='word_1_484' title='bbox 669 5819 982 5873; x_wconf 89' lang='lat' dir='ltr'>Dominum</span> <span class='ocrx_word' id='word_1_485' title='bbox 1011 5819 1294 5885; x_wconf 90' lang='lat' dir='ltr'>nostrum,</span> <span class='ocrx_word' id='word_1_486' title='bbox 1319 5818 1478 5889; x_wconf 89' lang='lat' dir='ltr'>cujus</span> <span class='ocrx_word' id='word_1_487' title='bbox 1517 5820 1574 5871; x_wconf 90' lang='lat' dir='ltr'>et</span> <span class='ocrx_word' id='word_1_488' title='bbox 1599 5833 1742 5873; x_wconf 89' lang='lat' dir='ltr'>onus</span> <span class='ocrx_word' id='word_1_489' title='bbox 1767 5821 1889 5874; x_wconf 90' lang='lat' dir='ltr'>leve</span> <span class='ocrx_word' id='word_1_490' title='bbox 1921 5823 2024 5887; x_wconf 89' lang='lat' dir='ltr'>est,</span> <span class='ocrx_word' id='word_1_491' title='bbox 2054 5822 2113 5874; x_wconf 87' lang='lat' dir='ltr'>et</span> 
     </span>
    </p>
   </div>
   <div class='ocr_carea' id='block_1_76' title="bbox 469 5910 2112 6000">
    <p class='ocr_par' dir='ltr' id='par_1_76' title="bbox 469 5910 2112 6000">
     <span class='ocr_line' id='line_1_76' title="bbox 469 5910 2112 6000; baseline 0 -32"><span class='ocrx_word' id='word_1_492' title='bbox 469 5911 679 6000; x_wconf 79' lang='lat' dir='ltr'>juguin</span> <span class='ocrx_word' id='word_1_493' title='bbox 707 5928 898 5982; x_wconf 84' lang='lat' dir='ltr'>suave,</span> <span class='ocrx_word' id='word_1_494' title='bbox 920 5910 1182 5982; x_wconf 86' lang='lat' dir='ltr'>virginali</span> <span class='ocrx_word' id='word_1_495' title='bbox 1213 5915 1376 5970; x_wconf 90' lang='lat' dir='ltr'>utero</span> <span class='ocrx_word' id='word_1_496' title='bbox 1406 5915 1738 5986; x_wconf 88' lang='lat' dir='ltr'>procreatus</span> <span class='ocrx_word' id='word_1_497' title='bbox 1768 5913 1843 5970; x_wconf 88' lang='lat' dir='ltr'>ad</span> <span class='ocrx_word' id='word_1_498' title='bbox 1867 5914 1976 5972; x_wconf 91' lang='lat' dir='ltr'>hoc</span> <span class='ocrx_word' id='word_1_499' title='bbox 2000 5917 2112 5970; x_wconf 88' lang='lat' dir='ltr'>tra-</span> 
     </span>
    </p>
   </div>
   <div class='ocr_carea' id='block_1_77' title="bbox 2894 1970 3147 2022">
    <p class='ocr_par' dir='ltr' id='par_1_77' title="bbox 2894 1970 3147 2022">
     <span class='ocr_line' id='line_1_77' title="bbox 2894 1970 3147 2022; baseline 0 -2"><span class='ocrx_word' id='word_1_500' title='bbox 2894 1970 3147 2022; x_wconf 73' lang='lat' dir='ltr'>Prtefatio.</span> 
     </span>
    </p>
   </div>
   <div class='ocr_carea' id='block_1_78' title="bbox 2281 2072 3886 2143">
    <p class='ocr_par' dir='ltr' id='par_1_78' title="bbox 2281 2072 3886 2143">
     <span class='ocr_line' id='line_1_78' title="bbox 2281 2072 3886 2143; baseline -0.001 -15"><span class='ocrx_word' id='word_1_501' title='bbox 2281 2075 2588 2129; x_wconf 88' lang='lat' dir='ltr'>Narrantes</span> <span class='ocrx_word' id='word_1_502' title='bbox 2614 2073 2812 2128; x_wconf 90' lang='lat' dir='ltr'>laudes</span> <span class='ocrx_word' id='word_1_503' title='bbox 2840 2073 3092 2140; x_wconf 91' lang='lat' dir='ltr'>Domini,</span> <span class='ocrx_word' id='word_1_504' title='bbox 3123 2076 3181 2126; x_wconf 90' lang='lat' dir='ltr'>et</span> <span class='ocrx_word' id='word_1_505' title='bbox 3211 2073 3504 2143; x_wconf 90' lang='lat' dir='ltr'>potentias</span> <span class='ocrx_word' id='word_1_506' title='bbox 3532 2075 3593 2127; x_wconf 93' lang='lat' dir='ltr'>et</span> <span class='ocrx_word' id='word_1_507' title='bbox 3619 2072 3886 2127; x_wconf 87' lang='lat' dir='ltr'>mirabi-</span> 
     </span>
    </p>
   </div>
   <div class='ocr_carea' id='block_1_79' title="bbox 2211 2165 3885 2238">
    <p class='ocr_par' dir='ltr' id='par_1_79' title="bbox 2211 2165 3885 2238">
     <span class='ocr_line' id='line_1_79' title="bbox 2211 2165 3885 2238; baseline -0.001 -16"><span class='ocrx_word' id='word_1_508' title='bbox 2211 2167 2287 2222; x_wconf 92' lang='lat' dir='ltr'>lia</span> <span class='ocrx_word' id='word_1_509' title='bbox 2317 2185 2444 2238; x_wconf 73' lang='lat' dir='ltr'>quae</span> <span class='ocrx_word' id='word_1_510' title='bbox 2483 2167 2636 2235; x_wconf 88' lang='lat' dir='ltr'>fecit,</span> <span class='ocrx_word' id='word_1_511' title='bbox 2670 2168 2875 2221; x_wconf 84' lang='lat' dir='ltr'>fratres</span> <span class='ocrx_word' id='word_1_512' title='bbox 2909 2165 3208 2232; x_wconf 87' lang='lat' dir='ltr'>carissimi,</span> <span class='ocrx_word' id='word_1_513' title='bbox 3245 2182 3376 2220; x_wconf 91' lang='lat' dir='ltr'>cum</span> <span class='ocrx_word' id='word_1_514' title='bbox 3423 2169 3560 2220; x_wconf 90' lang='lat' dir='ltr'>ante</span> <span class='ocrx_word' id='word_1_515' title='bbox 3614 2182 3885 2236; x_wconf 91' lang='lat' dir='ltr'>conspe-</span> 
     </span>
    </p>
   </div>
   <div class='ocr_carea' id='block_1_80' title="bbox 2211 2259 3889 2331">
    <p class='ocr_par' dir='ltr' id='par_1_80' title="bbox 2211 2259 3889 2331">
     <span class='ocr_line' id='line_1_80' title="bbox 2211 2259 3889 2331; baseline -0.001 -17"><span class='ocrx_word' id='word_1_516' title='bbox 2211 2264 2364 2314; x_wconf 90' lang='lat' dir='ltr'>ctum</span> <span class='ocrx_word' id='word_1_517' title='bbox 2385 2261 2579 2331; x_wconf 91' lang='lat' dir='ltr'>populi</span> <span class='ocrx_word' id='word_1_518' title='bbox 2601 2260 2685 2314; x_wconf 90' lang='lat' dir='ltr'>sui</span> <span class='ocrx_word' id='word_1_519' title='bbox 2707 2277 2866 2314; x_wconf 91' lang='lat' dir='ltr'>mare</span> <span class='ocrx_word' id='word_1_520' title='bbox 2891 2259 3190 2326; x_wconf 90' lang='lat' dir='ltr'>divideret,</span> <span class='ocrx_word' id='word_1_521' title='bbox 3213 2259 3414 2312; x_wconf 91' lang='lat' dir='ltr'>lumen</span> <span class='ocrx_word' id='word_1_522' title='bbox 3441 2259 3889 2329; x_wconf 67' lang='lat' dir='ltr'>prmtenderet,</span> 
     </span>
    </p>
   </div>
   <div class='ocr_carea' id='block_1_81' title="bbox 2210 2352 3888 2424">
    <p class='ocr_par' dir='ltr' id='par_1_81' title="bbox 2210 2352 3888 2424">
     <span class='ocr_line' id='line_1_81' title="bbox 2210 2352 3888 2424; baseline 0 -18"><span class='ocrx_word' id='word_1_523' title='bbox 2210 2353 2406 2424; x_wconf 89' lang='lat' dir='ltr'>ignem</span> <span class='ocrx_word' id='word_1_524' title='bbox 2435 2354 2751 2424; x_wconf 81' lang='lat' dir='ltr'>praeferret,</span> <span class='ocrx_word' id='word_1_525' title='bbox 2787 2353 2906 2406; x_wconf 72' lang='lat' dir='ltr'>cazli</span> <span class='ocrx_word' id='word_1_526' title='bbox 2928 2353 3137 2423; x_wconf 89' lang='lat' dir='ltr'>januas</span> <span class='ocrx_word' id='word_1_527' title='bbox 3168 2352 3444 2422; x_wconf 89' lang='lat' dir='ltr'>aperiret,</span> <span class='ocrx_word' id='word_1_528' title='bbox 3487 2368 3719 2422; x_wconf 90' lang='lat' dir='ltr'>panem</span> <span class='ocrx_word' id='word_1_529' title='bbox 3775 2369 3888 2407; x_wconf 87' lang='lat' dir='ltr'>an-</span> 
     </span>
    </p>
   </div>
   <div class='ocr_carea' id='block_1_82' title="bbox 2212 2445 3891 2516">
    <p class='ocr_par' dir='ltr' id='par_1_82' title="bbox 2212 2445 3891 2516">
     <span class='ocr_line' id='line_1_82' title="bbox 2212 2445 3891 2516; baseline 0 -16"><span class='ocrx_word' id='word_1_530' title='bbox 2212 2447 2456 2516; x_wconf 90' lang='lat' dir='ltr'>gelicum</span> <span class='ocrx_word' id='word_1_531' title='bbox 2525 2446 2906 2513; x_wconf 88' lang='lat' dir='ltr'>ministraret,</span> <span class='ocrx_word' id='word_1_532' title='bbox 2955 2461 3228 2515; x_wconf 90' lang='lat' dir='ltr'>rogemus</span> <span class='ocrx_word' id='word_1_533' title='bbox 3276 2445 3361 2498; x_wconf 91' lang='lat' dir='ltr'>uti</span> <span class='ocrx_word' id='word_1_534' title='bbox 3406 2461 3645 2515; x_wconf 90' lang='lat' dir='ltr'>quoque</span> <span class='ocrx_word' id='word_1_535' title='bbox 3703 2446 3891 2500; x_wconf 89' lang='lat' dir='ltr'>nobis</span> 
     </span>
    </p>
   </div>
   <div class='ocr_carea' id='block_1_83' title="bbox 2211 2538 3886 2606">
    <p class='ocr_par' dir='ltr' id='par_1_83' title="bbox 2211 2538 3886 2606">
     <span class='ocr_line' id='line_1_83' title="bbox 2211 2538 3886 2606; baseline 0 -13"><span class='ocrx_word' id='word_1_536' title='bbox 2211 2539 2486 2595; x_wconf 90' lang='lat' dir='ltr'>similibus</span> <span class='ocrx_word' id='word_1_537' title='bbox 2527 2540 2798 2594; x_wconf 90' lang='lat' dir='ltr'>virtutum</span> <span class='ocrx_word' id='word_1_538' title='bbox 2836 2555 3071 2593; x_wconf 91' lang='lat' dir='ltr'>suarum</span> <span class='ocrx_word' id='word_1_539' title='bbox 3115 2538 3436 2592; x_wconf 91' lang='lat' dir='ltr'>circumdet</span> <span class='ocrx_word' id='word_1_540' title='bbox 3477 2538 3777 2606; x_wconf 79' lang='lat' dir='ltr'>excubiis,</span> <span class='ocrx_word' id='word_1_541' title='bbox 3811 2557 3886 2593; x_wconf 82' lang='lat' dir='ltr'>ne.</span> 
     </span>
    </p>
   </div>
   <div class='ocr_carea' id='block_1_84' title="bbox 2210 2631 3888 2703">
    <p class='ocr_par' dir='ltr' id='par_1_84' title="bbox 2210 2631 3888 2703">
     <span class='ocr_line' id='line_1_84' title="bbox 2210 2631 3888 2703; baseline 0 -17"><span class='ocrx_word' id='word_1_542' title='bbox 2210 2635 2296 2686; x_wconf 90' lang='lat' dir='ltr'>vel</span> <span class='ocrx_word' id='word_1_543' title='bbox 2327 2634 2518 2688; x_wconf 65' lang='lat' dir='ltr'>sarculi</span> <span class='ocrx_word' id='word_1_544' title='bbox 2541 2633 2710 2703; x_wconf 89' lang='lat' dir='ltr'>hujus</span> <span class='ocrx_word' id='word_1_545' title='bbox 2735 2633 2939 2687; x_wconf 86' lang='lat' dir='ltr'>ﬂuctus</span> <span class='ocrx_word' id='word_1_546' title='bbox 2961 2632 3244 2699; x_wconf 89' lang='lat' dir='ltr'>obvolvat,</span> <span class='ocrx_word' id='word_1_547' title='bbox 3273 2632 3362 2685; x_wconf 90' lang='lat' dir='ltr'>vel</span> <span class='ocrx_word' id='word_1_548' title='bbox 3396 2631 3696 2686; x_wconf 88' lang='lat' dir='ltr'>incertum</span> <span class='ocrx_word' id='word_1_549' title='bbox 3745 2633 3888 2687; x_wconf 76' lang='lat' dir='ltr'>vitae</span> 
     </span>
    </p>
   </div>
   <div class='ocr_carea' id='block_1_85' title="bbox 2209 2725 3886 2793">
    <p class='ocr_par' dir='ltr' id='par_1_85' title="bbox 2209 2725 3886 2793">
     <span class='ocr_line' id='line_1_85' title="bbox 2209 2725 3886 2793; baseline 0.001 -13"><span class='ocrx_word' id='word_1_550' title='bbox 2209 2743 2437 2780; x_wconf 89' lang='lat' dir='ltr'>cursum</span> <span class='ocrx_word' id='word_1_551' title='bbox 2473 2727 2582 2780; x_wconf 91' lang='lat' dir='ltr'>iter</span> <span class='ocrx_word' id='word_1_552' title='bbox 2625 2729 2839 2793; x_wconf 88' lang='lat' dir='ltr'>teneat,</span> <span class='ocrx_word' id='word_1_553' title='bbox 2889 2727 2976 2780; x_wconf 85' lang='lat' dir='ltr'>vel</span> <span class='ocrx_word' id='word_1_554' title='bbox 3016 2725 3140 2779; x_wconf 63' lang='lat' dir='ltr'>caeli</span> <span class='ocrx_word' id='word_1_555' title='bbox 3189 2725 3379 2780; x_wconf 90' lang='lat' dir='ltr'>aditus</span> <span class='ocrx_word' id='word_1_556' title='bbox 3432 2725 3696 2779; x_wconf 90' lang='lat' dir='ltr'>orationi</span> <span class='ocrx_word' id='word_1_557' title='bbox 3757 2744 3886 2781; x_wconf 89' lang='lat' dir='ltr'>non</span> 
     </span>
    </p>
   </div>
   <div class='ocr_carea' id='block_1_86' title="bbox 2209 2818 3891 2890">
    <p class='ocr_par' dir='ltr' id='par_1_86' title="bbox 2209 2818 3891 2890">
     <span class='ocr_line' id='line_1_86' title="bbox 2209 2818 3891 2890; baseline 0.001 -16"><span class='ocrx_word' id='word_1_558' title='bbox 2209 2823 2421 2890; x_wconf 88' lang='lat' dir='ltr'>pateat,</span> <span class='ocrx_word' id='word_1_559' title='bbox 2449 2821 2536 2873; x_wconf 89' lang='lat' dir='ltr'>vel</span> <span class='ocrx_word' id='word_1_560' title='bbox 2561 2820 2726 2890; x_wconf 90' lang='lat' dir='ltr'>panis</span> <span class='ocrx_word' id='word_1_561' title='bbox 2751 2819 2906 2874; x_wconf 90' lang='lat' dir='ltr'>vivus</span> <span class='ocrx_word' id='word_1_562' title='bbox 2933 2819 3132 2884; x_wconf 92' lang='lat' dir='ltr'>vitam,</span> <span class='ocrx_word' id='word_1_563' title='bbox 3158 2835 3216 2872; x_wconf 92' lang='lat' dir='ltr'>se</span> <span class='ocrx_word' id='word_1_564' title='bbox 3246 2818 3542 2889; x_wconf 86' lang='lat' dir='ltr'>negando,</span> <span class='ocrx_word' id='word_1_565' title='bbox 3567 2835 3698 2874; x_wconf 89' lang='lat' dir='ltr'>non</span> <span class='ocrx_word' id='word_1_566' title='bbox 3731 2837 3891 2890; x_wconf 57' lang='lat' dir='ltr'>prae-</span> 
     </span>
    </p>
   </div>
   <div class='ocr_carea' id='block_1_87' title="bbox 2207 2911 3886 2984">
    <p class='ocr_par' dir='ltr' id='par_1_87' title="bbox 2207 2911 3886 2984">
     <span class='ocr_line' id='line_1_87' title="bbox 2207 2911 3886 2984; baseline 0.002 -18"><span class='ocrx_word' id='word_1_567' title='bbox 2207 2913 2360 2980; x_wconf 87' lang='lat' dir='ltr'>heat,</span> <span class='ocrx_word' id='word_1_568' title='bbox 2390 2913 2488 2966; x_wconf 90' lang='lat' dir='ltr'>sed</span> <span class='ocrx_word' id='word_1_569' title='bbox 2519 2913 2578 2966; x_wconf 90' lang='lat' dir='ltr'>in</span> <span class='ocrx_word' id='word_1_570' title='bbox 2606 2912 3071 2983; x_wconf 91' lang='lat' dir='ltr'>redemptionem</span> <span class='ocrx_word' id='word_1_571' title='bbox 3107 2911 3535 2982; x_wconf 89' lang='lat' dir='ltr'>adquisitionis,</span> <span class='ocrx_word' id='word_1_572' title='bbox 3586 2915 3786 2984; x_wconf 88' lang='lat' dir='ltr'>atque</span> <span class='ocrx_word' id='word_1_573' title='bbox 3827 2915 3886 2968; x_wconf 91' lang='lat' dir='ltr'>in</span> 
     </span>
    </p>
   </div>
   <div class='ocr_carea' id='block_1_88' title="bbox 2207 3004 3888 3078">
    <p class='ocr_par' dir='ltr' id='par_1_88' title="bbox 2207 3004 3888 3078">
     <span class='ocr_line' id='line_1_88' title="bbox 2207 3004 3888 3078; baseline 0.001 -19"><span class='ocrx_word' id='word_1_574' title='bbox 2207 3006 2439 3060; x_wconf 89' lang='lat' dir='ltr'>laudem</span> <span class='ocrx_word' id='word_1_575' title='bbox 2468 3006 2663 3076; x_wconf 70' lang='lat' dir='ltr'>gloria:</span> <span class='ocrx_word' id='word_1_576' title='bbox 2694 3023 2828 3069; x_wconf 77' lang='lat' dir='ltr'>suae,</span> <span class='ocrx_word' id='word_1_577' title='bbox 2859 3005 3014 3076; x_wconf 91' lang='lat' dir='ltr'>quod</span> <span class='ocrx_word' id='word_1_578' title='bbox 3040 3004 3242 3059; x_wconf 89' lang='lat' dir='ltr'>tribuit</span> <span class='ocrx_word' id='word_1_579' title='bbox 3266 3005 3606 3076; x_wconf 61' lang='lat' dir='ltr'>aenigmate,</span> <span class='ocrx_word' id='word_1_580' title='bbox 3639 3006 3888 3078; x_wconf 83' lang='lat' dir='ltr'>tribuat</span> 
     </span>
    </p>
   </div>
   <div class='ocr_carea' id='block_1_89' title="bbox 2205 3099 3882 3156">
    <p class='ocr_par' dir='ltr' id='par_1_89' title="bbox 2205 3099 3882 3156">
     <span class='ocr_line' id='line_1_89' title="bbox 2205 3099 3882 3156; baseline 0.002 -4"><span class='ocrx_word' id='word_1_581' title='bbox 2205 3099 2448 3152; x_wconf 89' lang='lat' dir='ltr'>veritati.</span> <span class='ocrx_word' id='word_1_582' title='bbox 2500 3101 2608 3152; x_wconf 90' lang='lat' dir='ltr'>Per</span> <span class='ocrx_word' id='word_1_583' title='bbox 2648 3099 2957 3153; x_wconf 91' lang='lat' dir='ltr'>Dominum</span> <span class='ocrx_word' id='word_1_584' title='bbox 3001 3101 3265 3152; x_wconf 91' lang='lat' dir='ltr'>nostrum</span> <span class='ocrx_word' id='word_1_585' title='bbox 3305 3100 3503 3153; x_wconf 85' lang='lat' dir='ltr'>Iesum</span> <span class='ocrx_word' id='word_1_586' title='bbox 3557 3099 3882 3156; x_wconf 85' lang='lat' dir='ltr'>Christum</span> 
     </span>
    </p>
   </div>
   <div class='ocr_carea' id='block_1_90' title="bbox 2209 3191 3247 3264">
    <p class='ocr_par' dir='ltr' id='par_1_90' title="bbox 2209 3191 3247 3264">
     <span class='ocr_line' id='line_1_90' title="bbox 2209 3191 3247 3264; baseline 0.001 -18"><span class='ocrx_word' id='word_1_587' title='bbox 2209 3191 2412 3246; x_wconf 87' lang='lat' dir='ltr'>Filium</span> <span class='ocrx_word' id='word_1_588' title='bbox 2435 3209 2620 3260; x_wconf 91' lang='lat' dir='ltr'>suum,</span> <span class='ocrx_word' id='word_1_589' title='bbox 2651 3192 2748 3264; x_wconf 91' lang='lat' dir='ltr'>qui</span> <span class='ocrx_word' id='word_1_590' title='bbox 2771 3192 2906 3246; x_wconf 90' lang='lat' dir='ltr'>vivit</span> <span class='ocrx_word' id='word_1_591' title='bbox 2931 3194 2990 3245; x_wconf 90' lang='lat' dir='ltr'>et</span> <span class='ocrx_word' id='word_1_592' title='bbox 3017 3195 3247 3263; x_wconf 88' lang='lat' dir='ltr'>regnat.</span> 
     </span>
    </p>
   </div>
   <div class='ocr_carea' id='block_1_91' title="bbox 2759 3311 3290 3376">
    <p class='ocr_par' dir='ltr' id='par_1_91' title="bbox 2759 3311 3290 3376">
     <span class='ocr_line' id='line_1_91' title="bbox 2759 3311 3290 3376; baseline 0 -14"><span class='ocrx_word' id='word_1_593' title='bbox 2759 3311 3008 3362; x_wconf 89' lang='lat' dir='ltr'>Clolectio</span> <span class='ocrx_word' id='word_1_594' title='bbox 3037 3311 3290 3376; x_wconf 88' lang='lat' dir='ltr'>sequitur.</span> 
     </span>
    </p>
   </div>
   <div class='ocr_carea' id='block_1_92' title="bbox 2281 3415 3881 3490">
    <p class='ocr_par' dir='ltr' id='par_1_92' title="bbox 2281 3415 3881 3490">
     <span class='ocr_line' id='line_1_92' title="bbox 2281 3415 3881 3490; baseline 0.004 -21"><span class='ocrx_word' id='word_1_595' title='bbox 2281 3415 2531 3486; x_wconf 90' lang='lat' dir='ltr'>Operum</span> <span class='ocrx_word' id='word_1_596' title='bbox 2553 3417 2805 3482; x_wconf 90' lang='lat' dir='ltr'>tuorum,</span> <span class='ocrx_word' id='word_1_597' title='bbox 2833 3415 3002 3482; x_wconf 91' lang='lat' dir='ltr'>Deus,</span> <span class='ocrx_word' id='word_1_598' title='bbox 3034 3419 3317 3486; x_wconf 89' lang='lat' dir='ltr'>quantum</span> <span class='ocrx_word' id='word_1_599' title='bbox 3345 3415 3628 3472; x_wconf 89' lang='lat' dir='ltr'>miranda</span> <span class='ocrx_word' id='word_1_600' title='bbox 3655 3423 3881 3490; x_wconf 88' lang='lat' dir='ltr'>poten-</span> 
     </span>
    </p>
   </div>
   <div class='ocr_carea' id='block_1_93' title="bbox 2207 3506 3882 3585">
    <p class='ocr_par' dir='ltr' id='par_1_93' title="bbox 2207 3506 3882 3585">
     <span class='ocr_line' id='line_1_93' title="bbox 2207 3506 3882 3585; baseline 0.005 -25"><span class='ocrx_word' id='word_1_601' title='bbox 2207 3507 2306 3574; x_wconf 89' lang='lat' dir='ltr'>tia,</span> <span class='ocrx_word' id='word_1_602' title='bbox 2335 3510 2559 3561; x_wconf 89' lang='lat' dir='ltr'>tantum</span> <span class='ocrx_word' id='word_1_603' title='bbox 2581 3506 2764 3578; x_wconf 89' lang='lat' dir='ltr'>magis</span> <span class='ocrx_word' id='word_1_604' title='bbox 2791 3511 2876 3561; x_wconf 90' lang='lat' dir='ltr'>est</span> <span class='ocrx_word' id='word_1_605' title='bbox 2904 3507 3090 3578; x_wconf 91' lang='lat' dir='ltr'>gratia</span> <span class='ocrx_word' id='word_1_606' title='bbox 3111 3507 3428 3579; x_wconf 89' lang='lat' dir='ltr'>diligenda.</span> <span class='ocrx_word' id='word_1_607' title='bbox 3452 3510 3576 3565; x_wconf 92' lang='lat' dir='ltr'>Tuo</span> <span class='ocrx_word' id='word_1_608' title='bbox 3602 3529 3882 3585; x_wconf 88' lang='lat' dir='ltr'>namque</span> 
     </span>
    </p>
   </div>
   <div class='ocr_carea' id='block_1_94' title="bbox 2207 3599 3884 3677">
    <p class='ocr_par' dir='ltr' id='par_1_94' title="bbox 2207 3599 3884 3677">
     <span class='ocr_line' id='line_1_94' title="bbox 2207 3599 3884 3677; baseline 0.005 -23"><span class='ocrx_word' id='word_1_609' title='bbox 2207 3600 2450 3670; x_wconf 89' lang='lat' dir='ltr'>imperio</span> <span class='ocrx_word' id='word_1_610' title='bbox 2478 3602 2640 3655; x_wconf 88' lang='lat' dir='ltr'>stella</span> <span class='ocrx_word' id='word_1_611' title='bbox 2663 3599 2850 3671; x_wconf 86' lang='lat' dir='ltr'>magis</span> <span class='ocrx_word' id='word_1_612' title='bbox 2876 3601 3148 3656; x_wconf 87' lang='lat' dir='ltr'>ducatum</span> <span class='ocrx_word' id='word_1_613' title='bbox 3175 3602 3442 3672; x_wconf 66' lang='lat' dir='ltr'>praebuit,</span> <span class='ocrx_word' id='word_1_614' title='bbox 3473 3607 3536 3657; x_wconf 91' lang='lat' dir='ltr'>et</span> <span class='ocrx_word' id='word_1_615' title='bbox 3567 3621 3768 3677; x_wconf 85' lang='lat' dir='ltr'>usque</span> <span class='ocrx_word' id='word_1_616' title='bbox 3809 3608 3884 3662; x_wconf 91' lang='lat' dir='ltr'>ad</span> 
     </span>
    </p>
   </div>
   <div class='ocr_carea' id='block_1_95' title="bbox 2207 3693 3885 3771">
    <p class='ocr_par' dir='ltr' id='par_1_95' title="bbox 2207 3693 3885 3771">
     <span class='ocr_line' id='line_1_95' title="bbox 2207 3693 3885 3771; baseline 0.002 -21"><span class='ocrx_word' id='word_1_617' title='bbox 2207 3694 2495 3750; x_wconf 90' lang='lat' dir='ltr'>Christum</span> <span class='ocrx_word' id='word_1_618' title='bbox 2526 3697 2681 3748; x_wconf 89' lang='lat' dir='ltr'>certa</span> <span class='ocrx_word' id='word_1_619' title='bbox 2725 3694 2949 3748; x_wconf 90' lang='lat' dir='ltr'>itineris</span> <span class='ocrx_word' id='word_1_620' title='bbox 2993 3693 3311 3750; x_wconf 90' lang='lat' dir='ltr'>directione</span> <span class='ocrx_word' id='word_1_621' title='bbox 3341 3695 3622 3766; x_wconf 79' lang='lat' dir='ltr'>perduxit</span> <span class='ocrx_word' id='word_1_622' title='bbox 3663 3716 3678 3754; x_wconf 88' lang='lat'><strong>:</strong></span> <span class='ocrx_word' id='word_1_623' title='bbox 3712 3701 3885 3771; x_wconf 88' lang='lat' dir='ltr'>cujus</span> 
     </span>
    </p>
   </div>
   <div class='ocr_carea' id='block_1_96' title="bbox 2206 3787 3886 3863">
    <p class='ocr_par' dir='ltr' id='par_1_96' title="bbox 2206 3787 3886 3863">
     <span class='ocr_line' id='line_1_96' title="bbox 2206 3787 3886 3863; baseline 0.004 -23"><span class='ocrx_word' id='word_1_624' title='bbox 2206 3787 2534 3841; x_wconf 91' lang='lat' dir='ltr'>humanitas</span> <span class='ocrx_word' id='word_1_625' title='bbox 2574 3804 2709 3841; x_wconf 88' lang='lat' dir='ltr'>vera</span> <span class='ocrx_word' id='word_1_626' title='bbox 2741 3787 2821 3842; x_wconf 92' lang='lat' dir='ltr'>sic</span> <span class='ocrx_word' id='word_1_627' title='bbox 2859 3788 2966 3842; x_wconf 85' lang='lat' dir='ltr'>fuit</span> <span class='ocrx_word' id='word_1_628' title='bbox 2991 3788 3052 3842; x_wconf 92' lang='lat' dir='ltr'>in</span> <span class='ocrx_word' id='word_1_629' title='bbox 3086 3805 3280 3855; x_wconf 89' lang='lat' dir='ltr'>carne,</span> <span class='ocrx_word' id='word_1_630' title='bbox 3315 3792 3378 3842; x_wconf 91' lang='lat' dir='ltr'>ut</span> <span class='ocrx_word' id='word_1_631' title='bbox 3410 3805 3552 3844; x_wconf 90' lang='lat' dir='ltr'>vera</span> <span class='ocrx_word' id='word_1_632' title='bbox 3587 3793 3886 3863; x_wconf 88' lang='lat' dir='ltr'>majestas</span> 
     </span>
    </p>
   </div>
   <div class='ocr_carea' id='block_1_97' title="bbox 2205 3881 3888 3952">
    <p class='ocr_par' dir='ltr' id='par_1_97' title="bbox 2205 3881 3888 3952">
     <span class='ocr_line' id='line_1_97' title="bbox 2205 3881 3888 3952; baseline 0.004 -17"><span class='ocrx_word' id='word_1_633' title='bbox 2205 3881 2604 3952; x_wconf 87' lang='lat' dir='ltr'>resplenderet</span> <span class='ocrx_word' id='word_1_634' title='bbox 2631 3881 2689 3934; x_wconf 90' lang='lat' dir='ltr'>in</span> <span class='ocrx_word' id='word_1_635' title='bbox 2722 3898 2915 3952; x_wconf 87' lang='lat' dir='ltr'>opere.</span> <span class='ocrx_word' id='word_1_636' title='bbox 2945 3882 3140 3936; x_wconf 89' lang='lat' dir='ltr'>Infans</span> <span class='ocrx_word' id='word_1_637' title='bbox 3167 3881 3326 3936; x_wconf 91' lang='lat' dir='ltr'>enim</span> <span class='ocrx_word' id='word_1_638' title='bbox 3362 3881 3535 3936; x_wconf 88' lang='lat' dir='ltr'>astris</span> <span class='ocrx_word' id='word_1_639' title='bbox 3577 3885 3888 3941; x_wconf 88' lang='lat' dir='ltr'>famulan-</span> 
     </span>
    </p>
   </div>
   <div class='ocr_carea' id='block_1_98' title="bbox 2205 3974 3881 4046">
    <p class='ocr_par' dir='ltr' id='par_1_98' title="bbox 2205 3974 3881 4046">
     <span class='ocr_line' id='line_1_98' title="bbox 2205 3974 3881 4046; baseline 0.004 -18"><span class='ocrx_word' id='word_1_640' title='bbox 2205 3975 2354 4029; x_wconf 89' lang='lat' dir='ltr'>tibus</span> <span class='ocrx_word' id='word_1_641' title='bbox 2403 3974 2742 4040; x_wconf 89' lang='lat' dir='ltr'>ostenditur,</span> <span class='ocrx_word' id='word_1_642' title='bbox 2804 3979 2861 4028; x_wconf 92' lang='lat' dir='ltr'>et</span> <span class='ocrx_word' id='word_1_643' title='bbox 2909 3993 2942 4029; x_wconf 86' lang='lat' dir='ltr'>a</span> <span class='ocrx_word' id='word_1_644' title='bbox 2997 3975 3186 4046; x_wconf 90' lang='lat' dir='ltr'>magis</span> <span class='ocrx_word' id='word_1_645' title='bbox 3235 3977 3508 4046; x_wconf 90' lang='lat' dir='ltr'>parvulus</span> <span class='ocrx_word' id='word_1_646' title='bbox 3559 3978 3881 4034; x_wconf 89' lang='lat' dir='ltr'>adoratur.</span> 
     </span>
    </p>
   </div>
   <div class='ocr_carea' id='block_1_99' title="bbox 2206 4067 3886 4138">
    <p class='ocr_par' dir='ltr' id='par_1_99' title="bbox 2206 4067 3886 4138">
     <span class='ocr_line' id='line_1_99' title="bbox 2206 4067 3886 4138; baseline 0.003 -17"><span class='ocrx_word' id='word_1_647' title='bbox 2206 4068 2542 4132; x_wconf 74' lang='lat' dir='ltr'>Quaesumus</span> <span class='ocrx_word' id='word_1_648' title='bbox 2581 4083 2740 4138; x_wconf 89' lang='lat' dir='ltr'>ergo,</span> <span class='ocrx_word' id='word_1_649' title='bbox 2770 4067 3033 4134; x_wconf 90' lang='lat' dir='ltr'>Domine,</span> <span class='ocrx_word' id='word_1_650' title='bbox 3057 4072 3120 4122; x_wconf 87' lang='lat' dir='ltr'>ut</span> <span class='ocrx_word' id='word_1_651' title='bbox 3147 4069 3324 4122; x_wconf 91' lang='lat' dir='ltr'>etiam</span> <span class='ocrx_word' id='word_1_652' title='bbox 3361 4071 3604 4124; x_wconf 91' lang='lat' dir='ltr'>nostros</span> <span class='ocrx_word' id='word_1_653' title='bbox 3639 4089 3886 4128; x_wconf 85' lang='lat' dir='ltr'>errores</span> 
     </span>
    </p>
   </div>
   <div class='ocr_carea' id='block_1_100' title="bbox 2206 4161 3883 4231">
    <p class='ocr_par' dir='ltr' id='par_1_100' title="bbox 2206 4161 3883 4231">
     <span class='ocr_line' id='line_1_100' title="bbox 2206 4161 3883 4231; baseline 0.003 -15"><span class='ocrx_word' id='word_1_654' title='bbox 2206 4161 2654 4216; x_wconf 90' lang='lat' dir='ltr'>misericorditer</span> <span class='ocrx_word' id='word_1_655' title='bbox 2697 4161 2970 4231; x_wconf 89' lang='lat' dir='ltr'>corrigas,</span> <span class='ocrx_word' id='word_1_656' title='bbox 3007 4164 3066 4216; x_wconf 88' lang='lat' dir='ltr'>et</span> <span class='ocrx_word' id='word_1_657' title='bbox 3095 4161 3169 4216; x_wconf 88' lang='lat' dir='ltr'>ad</span> <span class='ocrx_word' id='word_1_658' title='bbox 3199 4161 3457 4216; x_wconf 88' lang='lat' dir='ltr'>veritatis</span> <span class='ocrx_word' id='word_1_659' title='bbox 3491 4166 3615 4218; x_wconf 75' lang='lat' dir='ltr'>tuae</span> <span class='ocrx_word' id='word_1_660' title='bbox 3668 4167 3883 4220; x_wconf 87' lang='lat' dir='ltr'>saluti-</span> 
     </span>
    </p>
   </div>
   <div class='ocr_carea' id='block_1_101' title="bbox 2205 4255 3887 4325">
    <p class='ocr_par' dir='ltr' id='par_1_101' title="bbox 2205 4255 3887 4325">
     <span class='ocr_line' id='line_1_101' title="bbox 2205 4255 3887 4325; baseline 0.004 -16"><span class='ocrx_word' id='word_1_661' title='bbox 2205 4256 2390 4310; x_wconf 85' lang='lat' dir='ltr'>feram</span> <span class='ocrx_word' id='word_1_662' title='bbox 2429 4255 2727 4322; x_wconf 89' lang='lat' dir='ltr'>visionem,</span> <span class='ocrx_word' id='word_1_663' title='bbox 2773 4255 3134 4325; x_wconf 63' lang='lat' dir='ltr'>prazcedente</span> <span class='ocrx_word' id='word_1_664' title='bbox 3171 4271 3277 4309; x_wconf 91' lang='lat' dir='ltr'>nos</span> <span class='ocrx_word' id='word_1_665' title='bbox 3313 4258 3429 4310; x_wconf 65' lang='lat' dir='ltr'>tuae</span> <span class='ocrx_word' id='word_1_666' title='bbox 3461 4257 3887 4315; x_wconf 88' lang='lat' dir='ltr'>miserationis</span> 
     </span>
    </p>
   </div>
   <div class='ocr_carea' id='block_1_102' title="bbox 2205 4347 3886 4419">
    <p class='ocr_par' dir='ltr' id='par_1_102' title="bbox 2205 4347 3886 4419">
     <span class='ocr_line' id='line_1_102' title="bbox 2205 4347 3886 4419; baseline 0.004 -16"><span class='ocrx_word' id='word_1_667' title='bbox 2205 4347 2668 4414; x_wconf 89' lang='lat' dir='ltr'>inluminatione,</span> <span class='ocrx_word' id='word_1_668' title='bbox 2723 4347 3021 4419; x_wconf 88' lang='lat' dir='ltr'>perducas.</span> <span class='ocrx_word' id='word_1_669' title='bbox 3078 4349 3185 4402; x_wconf 92' lang='lat' dir='ltr'>Per</span> <span class='ocrx_word' id='word_1_670' title='bbox 3225 4347 3546 4406; x_wconf 83' lang='lat' dir='ltr'>Dominum</span> <span class='ocrx_word' id='word_1_671' title='bbox 3596 4358 3886 4409; x_wconf 86' lang='lat' dir='ltr'>nostrum</span> 
     </span>
    </p>
   </div>
   <div class='ocr_carea' id='block_1_103' title="bbox 2203 4441 3164 4498">
    <p class='ocr_par' dir='ltr' id='par_1_103' title="bbox 2203 4441 3164 4498">
     <span class='ocr_line' id='line_1_103' title="bbox 2203 4441 3164 4498; baseline -0.004 0"><span class='ocrx_word' id='word_1_672' title='bbox 2203 4444 2397 4498; x_wconf 91' lang='lat' dir='ltr'>Iesum</span> <span class='ocrx_word' id='word_1_673' title='bbox 2421 4441 2710 4497; x_wconf 90' lang='lat' dir='ltr'>Christum</span> <span class='ocrx_word' id='word_1_674' title='bbox 2740 4441 2946 4496; x_wconf 89' lang='lat' dir='ltr'>Filium</span> <span class='ocrx_word' id='word_1_675' title='bbox 2973 4444 3164 4495; x_wconf 92' lang='lat' dir='ltr'>tuum.</span> 
     </span>
    </p>
   </div>
   <div class='ocr_carea' id='block_1_104' title="bbox 2899 4560 3152 4611">
    <p class='ocr_par' dir='ltr' id='par_1_104' title="bbox 2899 4560 3152 4611">
     <span class='ocr_line' id='line_1_104' title="bbox 2899 4560 3152 4611; baseline -0.004 0"><span class='ocrx_word' id='word_1_676' title='bbox 2899 4560 3152 4611; x_wconf 61' lang='lat' dir='ltr'>Praefatio.</span> 
     </span>
    </p>
   </div>
   <div class='ocr_carea' id='block_1_105' title="bbox 2122 4624 3887 4734">
    <p class='ocr_par' dir='ltr' id='par_1_105' title="bbox 2122 4624 3887 4734">
     <span class='ocr_line' id='line_1_105' title="bbox 2122 4624 3887 4734; baseline 0.003 -14"><span class='ocrx_word' id='word_1_677' title='bbox 2122 4624 2182 4696; x_wconf 85' lang='lat' dir='ltr'><strong>D</strong></span> <span class='ocrx_word' id='word_1_678' title='bbox 2276 4665 2481 4730; x_wconf 91' lang='lat' dir='ltr'>Deum,</span> <span class='ocrx_word' id='word_1_679' title='bbox 2523 4662 2619 4734; x_wconf 91' lang='lat' dir='ltr'>qui</span> <span class='ocrx_word' id='word_1_680' title='bbox 2662 4661 3035 4716; x_wconf 87' lang='lat' dir='ltr'>sanctificavit</span> <span class='ocrx_word' id='word_1_681' title='bbox 3074 4662 3342 4718; x_wconf 91' lang='lat' dir='ltr'>Iordanis</span> <span class='ocrx_word' id='word_1_682' title='bbox 3384 4661 3638 4733; x_wconf 89' lang='lat' dir='ltr'>ﬂuenta,</span> <span class='ocrx_word' id='word_1_683' title='bbox 3697 4667 3887 4724; x_wconf 88' lang='lat' dir='ltr'>bene-</span> 
     </span>
    </p>
   </div>
   <div class='ocr_carea' id='block_1_106' title="bbox 2207 4755 3887 4834">
    <p class='ocr_par' dir='ltr' id='par_1_106' title="bbox 2207 4755 3887 4834">
     <span class='ocr_line' id='line_1_106' title="bbox 2207 4755 3887 4834; baseline 0.004 -22"><span class='ocrx_word' id='word_1_684' title='bbox 2207 4758 2346 4812; x_wconf 83' lang='lat' dir='ltr'>dixit</span> <span class='ocrx_word' id='word_1_685' title='bbox 2372 4755 2639 4827; x_wconf 89' lang='lat' dir='ltr'>conjugia</span> <span class='ocrx_word' id='word_1_686' title='bbox 2669 4755 3036 4827; x_wconf 88' lang='lat' dir='ltr'>nuptialium,</span> <span class='ocrx_word' id='word_1_687' title='bbox 3065 4757 3272 4811; x_wconf 87' lang='lat' dir='ltr'>fratres</span> <span class='ocrx_word' id='word_1_688' title='bbox 3304 4757 3616 4826; x_wconf 88' lang='lat' dir='ltr'>carissimi,</span> <span class='ocrx_word' id='word_1_689' title='bbox 3666 4761 3887 4834; x_wconf 82' lang='lat' dir='ltr'>depre-</span> 
     </span>
    </p>
   </div>
   <div class='ocr_carea' id='block_1_107' title="bbox 2207 4849 3882 4922">
    <p class='ocr_par' dir='ltr' id='par_1_107' title="bbox 2207 4849 3882 4922">
     <span class='ocr_line' id='line_1_107' title="bbox 2207 4849 3882 4922; baseline 0.004 -17"><span class='ocrx_word' id='word_1_690' title='bbox 2207 4867 2421 4915; x_wconf 88' lang='lat' dir='ltr'>cemur,</span> <span class='ocrx_word' id='word_1_691' title='bbox 2453 4853 2516 4903; x_wconf 91' lang='lat' dir='ltr'>ut</span> <span class='ocrx_word' id='word_1_692' title='bbox 2539 4849 2698 4920; x_wconf 90' lang='lat' dir='ltr'>cujus</span> <span class='ocrx_word' id='word_1_693' title='bbox 2723 4849 2999 4904; x_wconf 89' lang='lat' dir='ltr'>miracula</span> <span class='ocrx_word' id='word_1_694' title='bbox 3033 4849 3240 4904; x_wconf 90' lang='lat' dir='ltr'>annuis</span> <span class='ocrx_word' id='word_1_695' title='bbox 3268 4850 3584 4906; x_wconf 91' lang='lat' dir='ltr'>recolimus</span> <span class='ocrx_word' id='word_1_696' title='bbox 3619 4853 3882 4922; x_wconf 88' lang='lat' dir='ltr'>vicibus,</span> 
     </span>
    </p>
   </div>
   <div class='ocr_carea' id='block_1_108' title="bbox 2208 4943 3882 5016">
    <p class='ocr_par' dir='ltr' id='par_1_108' title="bbox 2208 4943 3882 5016">
     <span class='ocr_line' id='line_1_108' title="bbox 2208 4943 3882 5016; baseline -0.004 -18"><span class='ocrx_word' id='word_1_697' title='bbox 2208 4945 2328 4998; x_wconf 87' lang='lat' dir='ltr'>sola</span> <span class='ocrx_word' id='word_1_698' title='bbox 2357 4943 2479 5014; x_wconf 90' lang='lat' dir='ltr'>ejus</span> <span class='ocrx_word' id='word_1_699' title='bbox 2513 4943 2698 5013; x_wconf 89' lang='lat' dir='ltr'>gratia</span> <span class='ocrx_word' id='word_1_700' title='bbox 2740 4958 3073 4997; x_wconf 89' lang='lat' dir='ltr'>mereamur</span> <span class='ocrx_word' id='word_1_701' title='bbox 3110 4943 3541 5013; x_wconf 90' lang='lat' dir='ltr'>indulgentiam</span> <span class='ocrx_word' id='word_1_702' title='bbox 3586 4953 3882 5016; x_wconf 89' lang='lat' dir='ltr'>peccato-</span> 
     </span>
    </p>
   </div>
   <div class='ocr_carea' id='block_1_109' title="bbox 2207 5035 3887 5108">
    <p class='ocr_par' dir='ltr' id='par_1_109' title="bbox 2207 5035 3887 5108">
     <span class='ocr_line' id='line_1_109' title="bbox 2207 5035 3887 5108; baseline 0.004 -17"><span class='ocrx_word' id='word_1_703' title='bbox 2207 5053 2355 5091; x_wconf 90' lang='lat' dir='ltr'>rum.</span> <span class='ocrx_word' id='word_1_704' title='bbox 2393 5035 2557 5100; x_wconf 86' lang='lat' dir='ltr'>Quod</span> <span class='ocrx_word' id='word_1_705' title='bbox 2590 5035 2710 5106; x_wconf 91' lang='lat' dir='ltr'>ipse</span> <span class='ocrx_word' id='word_1_706' title='bbox 2745 5039 3017 5106; x_wconf 67' lang='lat' dir='ltr'>praestare</span> <span class='ocrx_word' id='word_1_707' title='bbox 3050 5035 3341 5106; x_wconf 88' lang='lat' dir='ltr'>dignetur,</span> <span class='ocrx_word' id='word_1_708' title='bbox 3371 5037 3472 5108; x_wconf 88' lang='lat' dir='ltr'>qui</span> <span class='ocrx_word' id='word_1_709' title='bbox 3515 5053 3660 5094; x_wconf 88' lang='lat' dir='ltr'>cum</span> <span class='ocrx_word' id='word_1_710' title='bbox 3703 5043 3887 5097; x_wconf 85' lang='lat' dir='ltr'>Patre</span> 
     </span>
    </p>
   </div>
   <div class='ocr_carea' id='block_1_110' title="bbox 2209 5128 3223 5201">
    <p class='ocr_par' dir='ltr' id='par_1_110' title="bbox 2209 5128 3223 5201">
     <span class='ocr_line' id='line_1_110' title="bbox 2209 5128 3223 5201; baseline -0.003 -16"><span class='ocrx_word' id='word_1_711' title='bbox 2209 5134 2267 5185; x_wconf 92' lang='lat' dir='ltr'>et</span> <span class='ocrx_word' id='word_1_712' title='bbox 2291 5129 2502 5201; x_wconf 89' lang='lat' dir='ltr'>Spiritu</span> <span class='ocrx_word' id='word_1_713' title='bbox 2532 5132 2727 5184; x_wconf 90' lang='lat' dir='ltr'>sancto</span> <span class='ocrx_word' id='word_1_714' title='bbox 2751 5128 2888 5183; x_wconf 88' lang='lat' dir='ltr'>vivit</span> <span class='ocrx_word' id='word_1_715' title='bbox 2913 5132 2972 5184; x_wconf 89' lang='lat' dir='ltr'>et</span> <span class='ocrx_word' id='word_1_716' title='bbox 2996 5134 3223 5200; x_wconf 90' lang='lat' dir='ltr'>regnat.</span> 
     </span>
    </p>
   </div>
   <div class='ocr_carea' id='block_1_111' title="bbox 2761 5249 3294 5313">
    <p class='ocr_par' dir='ltr' id='par_1_111' title="bbox 2761 5249 3294 5313">
     <span class='ocr_line' id='line_1_111' title="bbox 2761 5249 3294 5313; baseline 0 -13"><span class='ocrx_word' id='word_1_717' title='bbox 2761 5249 3012 5300; x_wconf 86' lang='lat' dir='ltr'>Collectio</span> <span class='ocrx_word' id='word_1_718' title='bbox 3041 5250 3294 5313; x_wconf 86' lang='lat' dir='ltr'>sequitur.</span> 
     </span>
    </p>
   </div>
   <div class='ocr_carea' id='block_1_112' title="bbox 2281 5349 3887 5425">
    <p class='ocr_par' dir='ltr' id='par_1_112' title="bbox 2281 5349 3887 5425">
     <span class='ocr_line' id='line_1_112' title="bbox 2281 5349 3887 5425; baseline 0.004 -15"><span class='ocrx_word' id='word_1_719' title='bbox 2281 5351 2493 5410; x_wconf 83' lang='lat' dir='ltr'>Exaudi</span> <span class='ocrx_word' id='word_1_720' title='bbox 2523 5371 2646 5422; x_wconf 90' lang='lat' dir='ltr'>nos,</span> <span class='ocrx_word' id='word_1_721' title='bbox 2677 5352 2940 5420; x_wconf 91' lang='lat' dir='ltr'>Domine,</span> <span class='ocrx_word' id='word_1_722' title='bbox 2966 5349 3024 5407; x_wconf 89' lang='lat' dir='ltr'>in</span> <span class='ocrx_word' id='word_1_723' title='bbox 3058 5355 3227 5425; x_wconf 90' lang='lat' dir='ltr'>hujus</span> <span class='ocrx_word' id='word_1_724' title='bbox 3250 5354 3672 5412; x_wconf 88' lang='lat' dir='ltr'>sollemnitatis</span> <span class='ocrx_word' id='word_1_725' title='bbox 3704 5376 3887 5415; x_wconf 82' lang='lat' dir='ltr'>excu-</span> 
     </span>
    </p>
   </div>
   <div class='ocr_carea' id='block_1_113' title="bbox 2209 5447 3886 5519">
    <p class='ocr_par' dir='ltr' id='par_1_113' title="bbox 2209 5447 3886 5519">
     <span class='ocr_line' id='line_1_113' title="bbox 2209 5447 3886 5519; baseline 0.005 -18"><span class='ocrx_word' id='word_1_726' title='bbox 2209 5447 2352 5517; x_wconf 89' lang='lat' dir='ltr'>bias,</span> <span class='ocrx_word' id='word_1_727' title='bbox 2377 5451 2432 5500; x_wconf 88' lang='lat' dir='ltr'>et</span> <span class='ocrx_word' id='word_1_728' title='bbox 2460 5465 2782 5518; x_wconf 68' lang='lat' dir='ltr'>quaesumus</span> <span class='ocrx_word' id='word_1_729' title='bbox 2809 5452 2870 5501; x_wconf 91' lang='lat' dir='ltr'>ut</span> <span class='ocrx_word' id='word_1_730' title='bbox 2900 5448 3084 5519; x_wconf 90' lang='lat' dir='ltr'>plebis</span> <span class='ocrx_word' id='word_1_731' title='bbox 3114 5448 3284 5518; x_wconf 87' lang='lat' dir='ltr'>hujus</span> <span class='ocrx_word' id='word_1_732' title='bbox 3313 5447 3491 5503; x_wconf 89' lang='lat' dir='ltr'>corda</span> <span class='ocrx_word' id='word_1_733' title='bbox 3520 5449 3582 5503; x_wconf 87' lang='lat' dir='ltr'>in</span> <span class='ocrx_word' id='word_1_734' title='bbox 3611 5453 3735 5507; x_wconf 89' lang='lat' dir='ltr'>tuis</span> <span class='ocrx_word' id='word_1_735' title='bbox 3769 5455 3886 5508; x_wconf 88' lang='lat' dir='ltr'>mi-</span> 
     </span>
    </p>
   </div>
   <div class='ocr_carea' id='block_1_114' title="bbox 2211 5539 3890 5618">
    <p class='ocr_par' dir='ltr' id='par_1_114' title="bbox 2211 5539 3890 5618">
     <span class='ocr_line' id='line_1_114' title="bbox 2211 5539 3890 5618; baseline 0.005 -24"><span class='ocrx_word' id='word_1_736' title='bbox 2211 5540 2484 5594; x_wconf 91' lang='lat' dir='ltr'>rabilibus</span> <span class='ocrx_word' id='word_1_737' title='bbox 2510 5545 2760 5596; x_wconf 89' lang='lat' dir='ltr'>sacratas</span> <span class='ocrx_word' id='word_1_738' title='bbox 2779 5541 2882 5594; x_wconf 90' lang='lat' dir='ltr'>tibi</span> <span class='ocrx_word' id='word_1_739' title='bbox 2911 5539 3174 5595; x_wconf 88' lang='lat' dir='ltr'>excubias</span> <span class='ocrx_word' id='word_1_740' title='bbox 3187 5541 3646 5611; x_wconf 85' lang='lat' dir='ltr'>celebrantibus,</span> <span class='ocrx_word' id='word_1_741' title='bbox 3672 5545 3890 5618; x_wconf 89' lang='lat' dir='ltr'>benig-</span> 
     </span>
    </p>
   </div>
   <div class='ocr_carea' id='block_1_115' title="bbox 2211 5633 3890 5706">
    <p class='ocr_par' dir='ltr' id='par_1_115' title="bbox 2211 5633 3890 5706">
     <span class='ocr_line' id='line_1_115' title="bbox 2211 5633 3890 5706; baseline 0.004 -18"><span class='ocrx_word' id='word_1_742' title='bbox 2211 5651 2317 5688; x_wconf 91' lang='lat' dir='ltr'>nus</span> <span class='ocrx_word' id='word_1_743' title='bbox 2361 5634 2559 5689; x_wconf 84' lang='lat' dir='ltr'>adesse</span> <span class='ocrx_word' id='word_1_744' title='bbox 2605 5635 2886 5706; x_wconf 89' lang='lat' dir='ltr'>digneris;</span> <span class='ocrx_word' id='word_1_745' title='bbox 2935 5637 2992 5688; x_wconf 93' lang='lat' dir='ltr'>et</span> <span class='ocrx_word' id='word_1_746' title='bbox 3038 5635 3135 5706; x_wconf 88' lang='lat' dir='ltr'>qui</span> <span class='ocrx_word' id='word_1_747' title='bbox 3179 5633 3450 5688; x_wconf 90' lang='lat' dir='ltr'>Iordanis</span> <span class='ocrx_word' id='word_1_748' title='bbox 3499 5639 3890 5695; x_wconf 86' lang='lat' dir='ltr'>sanctiﬁcare</span> 
     </span>
    </p>
   </div>
   <div class='ocr_carea' id='block_1_116' title="bbox 2212 5726 3891 5800">
    <p class='ocr_par' dir='ltr' id='par_1_116' title="bbox 2212 5726 3891 5800">
     <span class='ocr_line' id='line_1_116' title="bbox 2212 5726 3891 5800; baseline 0.005 -20"><span class='ocrx_word' id='word_1_749' title='bbox 2212 5726 2479 5798; x_wconf 87' lang='lat' dir='ltr'>dignatus</span> <span class='ocrx_word' id='word_1_750' title='bbox 2535 5745 2594 5782; x_wconf 92' lang='lat' dir='ltr'>es</span> <span class='ocrx_word' id='word_1_751' title='bbox 2650 5745 2847 5799; x_wconf 89' lang='lat' dir='ltr'>aquas,</span> <span class='ocrx_word' id='word_1_752' title='bbox 2905 5745 3010 5783; x_wconf 92' lang='lat' dir='ltr'>nos</span> <span class='ocrx_word' id='word_1_753' title='bbox 3058 5744 3288 5800; x_wconf 92' lang='lat' dir='ltr'>quoque</span> <span class='ocrx_word' id='word_1_754' title='bbox 3339 5727 3447 5782; x_wconf 89' lang='lat' dir='ltr'>tibi</span> <span class='ocrx_word' id='word_1_755' title='bbox 3523 5736 3774 5788; x_wconf 86' lang='lat' dir='ltr'>sanctos</span> <span class='ocrx_word' id='word_1_756' title='bbox 3829 5738 3891 5788; x_wconf 88' lang='lat' dir='ltr'>et</span> 
     </span>
    </p>
   </div>
   <div class='ocr_carea' id='block_1_117' title="bbox 2212 5820 3888 5902">
    <p class='ocr_par' dir='ltr' id='par_1_117' title="bbox 2212 5820 3888 5902">
     <span class='ocr_line' id='line_1_117' title="bbox 2212 5820 3888 5902; baseline 0.006 -27"><span class='ocrx_word' id='word_1_757' title='bbox 2212 5820 2612 5876; x_wconf 90' lang='lat' dir='ltr'>immaculatos</span> <span class='ocrx_word' id='word_1_758' title='bbox 2652 5822 2850 5877; x_wconf 90' lang='lat' dir='ltr'>sistere</span> <span class='ocrx_word' id='word_1_759' title='bbox 2890 5821 3084 5877; x_wconf 83' lang='lat' dir='ltr'>facias.</span> <span class='ocrx_word' id='word_1_760' title='bbox 3120 5821 3227 5887; x_wconf 87' lang='lat' dir='ltr'>Qui</span> <span class='ocrx_word' id='word_1_761' title='bbox 3269 5837 3404 5878; x_wconf 86' lang='lat' dir='ltr'>cum</span> <span class='ocrx_word' id='word_1_762' title='bbox 3437 5823 3618 5882; x_wconf 85' lang='lat' dir='ltr'>Patre</span> <span class='ocrx_word' id='word_1_763' title='bbox 3656 5831 3718 5884; x_wconf 87' lang='lat' dir='ltr'>et</span> <span class='ocrx_word' id='word_1_764' title='bbox 3749 5827 3888 5902; x_wconf 82' lang='lat' dir='ltr'>Spi-</span> 
     </span>
    </p>
   </div>
   <div class='ocr_carea' id='block_1_118' title="bbox 2211 5915 3049 5990">
    <p class='ocr_par' dir='ltr' id='par_1_118' title="bbox 2211 5915 3049 5990">
     <span class='ocr_line' id='line_1_118' title="bbox 2211 5915 3049 5990; baseline 0.006 -20"><span class='ocrx_word' id='word_1_765' title='bbox 2211 5915 2324 5972; x_wconf 91' lang='lat' dir='ltr'>ritu</span> <span class='ocrx_word' id='word_1_766' title='bbox 2346 5919 2544 5974; x_wconf 89' lang='lat' dir='ltr'>sancto</span> <span class='ocrx_word' id='word_1_767' title='bbox 2572 5915 2710 5972; x_wconf 89' lang='lat' dir='ltr'>vivis</span> <span class='ocrx_word' id='word_1_768' title='bbox 2737 5919 2796 5972; x_wconf 88' lang='lat' dir='ltr'>et</span> <span class='ocrx_word' id='word_1_769' title='bbox 2819 5931 3049 5990; x_wconf 85' lang='lat' dir='ltr'>regnas.</span> 
     </span>
    </p>
   </div>
  </div>
