3976 6428
120 378 203 439 2t!

403 489 470 545 Χ.
511 503 680 549 Iussa
718 507 775 550 rx
812 506 1032 551 neruis
1069 509 1432 555 nmmum.

801 586 1055 636 Prmfatio.

1195 386 1281 444 DE
1319 389 1627 449 LITURGIA
1662 391 2031 450 GALLICANA
2068 393 2267 451 LIBER
2304 394 2391 452 Ill.

3354 404 3455 459 2'22

1764 509 1823 583 Α
1841 500 2025 571 pallor
2054 500 2182 557 vina
2207 500 2492 574 produxit.
2522 502 2721 561 Amen.
2759 504 2887 560 Esto
2923 506 3037 560 tua!
3071 501 3305 563 familia
3338 504 3458 580 ipse

1841 593 1939 648 lux
1964 593 2202 665 itineris,
2231 595 2327 667 qui
2354 596 2513 651 stella
2537 596 2721 652 indice
2757 596 3089 653 clariﬁcatus
3126 615 3185 654 es
3218 602 3337 656 Rex
3366 618 3455 656 sa-

173 654 357 759 207
374 656 1203 764 ῙηξοΓωΡῗθΠξωΠθΐιξΥδῗυω
1218 663 1625 764 δθηξθίῖξῖίοῖιιξη
1642 667 1744 722 Πο-
1840 685 1995 741 lutis.
2041 654 2268 742 Amen:
2284 689 2555 743 Converte
2597 690 2666 744 ad
2700 692 2755 743 te
2797 692 3169 761 quaerendum
3205 654 3457 764 stupidas

112 749 314 806 ωίῐιῑιω
353 767 420 852 εξ)
448 751 639 852 Πθυξη
671 756 950 852 ξοξῖῐξυωτ
989 754 1189 852 Ῑωξῗθε
1230 755 1522 852 οεξτίδεξφῇ
1550 760 1744 830 ἀθΡΥθ·
1839 783 2057 833 mentes
2081 780 2401 847 hominum,
2430 781 2531 852 qui
2555 781 2806 852 nuptiale
2836 783 3086 837 convivio
3123 784 3337 839 vertisti
3369 786 3453 839 la-

112 860 304 912 cemur,
340 846 408 897 ut
435 859 546 897 nos
577 844 641 898 in
672 844 1025 916 Epiphaniae,
1066 848 1124 901 id
1162 851 1245 902 est
1282 848 1739 908 Manifestationis

113 953 212 991 sua:
231 935 399 1004 diem,
422 936 499 991 ad
528 953 752 992 sacram
777 940 1144 995 excubiarum
1163 941 1599 998 sollemnitatem
1629 946 1741 999 col-

112 1029 282 1097 lectos,
308 1029 451 1083 tales
494 1029 687 1097 faciat,
728 1031 827 1101 qui
858 1031 1312 1089 inlustrationem
1340 1035 1738 1092 incarnationis

112 1122 233 1191 ejus,
252 1121 335 1176 vel
362 1120 730 1177 nativitatem
748 1140 817 1178 ex
845 1125 1093 1195 Virgine,
1114 1127 1202 1181 vel
1219 1127 1562 1198 baptismum
1587 1131 1738 1201 apud

109 1214 410 1281 Iordanem,
441 1214 537 1268 vel
578 1215 843 1271 mirabile
876 1218 1027 1288 apud
1052 1218 1205 1273 Cana
1247 1219 1475 1290 signum
1509 1238 1612 1292 pro
1638 1238 1737 1277 no-

110 1312 205 1361 stra
237 1306 413 1361 salute
452 1307 753 1363 credimus
782 1310 1014 1377 factum,
1049 1313 1241 1365 nostro
1285 1312 1346 1366 in
1374 1313 1534 1367 nobis
1568 1330 1735 1385 opere

112 1399 578 1470 demonstremus,
617 1404 686 1455 ut
714 1401 1121 1457 beneﬁciorum
1165 1403 1605 1461 immensitatem
1640 1422 1735 1461 no-

112 1491 221 1546 stris
248 1491 709 1547 confessionibus
752 1493 1091 1550 lucidemur.
1131 1497 1237 1551 Per
1273 1497 1577 1553 Dominum
1611 1515 1736 1554 nos-

111 1589 243 1639 trum
264 1586 455 1639 Iesum
474 1585 775 1640 Christum
800 1586 1005 1642 Filium
1022 1604 1217 1643 suum:
1241 1589 1339 1660 qui
1366 1605 1556 1645 secum
1577 1591 1730 1647 vivit.

658 1683 909 1734 Collectio
932 1684 1180 1747 sequitur.

168 1758 322 1826 Deus,
341 1754 463 1827 qui,
484 1772 599 1827 per
624 1756 995 1828 Unigenitum
1014 1760 1205 1814 Iesum
1220 1760 1507 1822 Christum
1528 1762 1732 1819 Filium

110 1852 254 1903 tuum
293 1848 613 1904 Dominum
664 1854 947 1920 nostrum,
997 1852 1497 1909 sanctiﬁcationem
1539 1857 1806 1934 salutisB

113 1948 312 1996 aeternas
331 1958 508 2013 aquas
524 1944 1003 2013 regenerantibus
1022 1945 1359 2015 prmstitisti;
1384 1951 1458 2015 et,
1472 1948 1731 2004 veniente

110 2050 257 2106 super
305 2040 473 2106 caput
523 2034 685 2089 illius
732 2035 972 2105 spiritali
1015 2036 1297 2108 columba,
1329 2055 1433 2109 per
1459 2040 1729 2111 Spiritum

111 2132 339 2182 sanctum
382 2127 504 2199 ipse
547 2127 791 2196 venisti;
836 2129 1002 2198 dona,
1049 2146 1395 2201 quassumus,
1433 2137 1498 2186 ut
1541 2133 1731 2187 veniat

111 2235 258 2291 super
287 2220 432 2275 hanc
459 2236 707 2275 omnem
734 2221 1038 2276 Ecclesiam
1075 2227 1231 2277 tuam
1265 2224 1358 2277 illa
1388 2224 1724 2295 benedictio,

110 2328 217 2382 quae
263 2317 490 2367 cunctos
532 2313 766 2384 jugiter
802 2318 1082 2385 protegat,
1131 2332 1260 2387 quae
1314 2316 1564 2371 diversos
1607 2317 1726 2373 sine

112 2404 385 2459 cessatione
412 2406 745 2473 benedicat,
768 2422 895 2476 quae
923 2423 1155 2462 cursum
1180 2412 1235 2461 te
1266 2408 1622 2479 sequentium
1647 2410 1727 2465 di-

112 2496 252 2566 rigat,
291 2513 417 2568 quze
457 2514 518 2551 se
556 2497 943 2567 expectationi
987 2500 1246 2554 omnium
1284 2500 1523 2571 januam
1562 2503 1724 2573 regni

113 2588 317 2643 caelestis
327 2589 566 2660 aperiat.
594 2591 704 2644 Per
723 2590 1030 2645 Dominum
1055 2597 1312 2648 nostrum
1328 2594 1518 2648 Iesum
1541 2594 1725 2649 Chris-

115 2685 214 2735 tum
237 2681 431 2737 Filium
456 2686 656 2749 tuum,
687 2682 787 2753 qui
814 2699 1039 2754 semper
1064 2688 1255 2740 tecum
1272 2684 1409 2739 vivit
1434 2690 1507 2740 et.

570 2778 831 2828 Collectio
855 2783 974 2841 post
996 2780 1227 2829 nomina.

169 2853 376 2922 Praesta,
404 2853 786 2924 omnipotens
811 2854 978 2920 Deus,
1005 2870 1108 2924 per
1132 2853 1476 2910 ineffabilem
1502 2856 1721 2911 miseri-

112 2945 285 2999 cordiae
312 2950 423 2999 tute
451 2946 778 3012 caritatem,
805 2950 869 3000 ut
890 2946 1052 3016 cujus
1070 2946 1247 3001 virtus
1265 2953 1433 3019 atque
1459 2949 1721 3018 majestas

114 3037 157 3089 in
185 3037 515 3093 mirabilium
542 3043 787 3093 tuorum
816 3037 1137 3093 diversitate
1163 3039 1381 3109 claruit,
1409 3041 1469 3094 in
1496 3045 1717 3095 nostra-

113 3145 218 3184 rum
241 3147 462 3202 quoque
497 3130 793 3185 mentium
826 3131 1218 3202 purificatione
1252 3132 1533 3187 clarescat.
1564 3135 1717 3187 Prae-

113 3227 297 3278 sentem
330 3224 524 3296 itaque
557 3222 915 3278 oblationem
949 3224 1028 3278 ita
1053 3223 1322 3291 inlabere,
1351 3227 1416 3278 ut
1438 3225 1717 3280 medelam
1737 3214 1791 3287 C

112 3314 410 3385 viventibus,
451 3315 741 3371 defunctis
786 3314 1149 3385 refrigerium
1188 3320 1447 3387 praestet;
1489 3322 1545 3372 et
1582 3334 1719 3389 quo-

115 3422 219 3460 rum
242 3408 414 3463 texuit
439 3408 708 3463 recitatio
740 3408 1034 3479 praemissa
1067 3410 1296 3477 sortem,
1333 3409 1482 3463 inter
1517 3410 1716 3465 electos

106 3498 274 3565 jubeas
323 3501 661 3572 adgregare.
721 3492 848 3555 Per'
872 3500 1182 3556 Dominum
1225 3505 1481 3557 nostrum
1523 3504 1714 3558 Iesum

113 3590 361 3647 Christum
384 3594 597 3648 Filium
623 3597 813 3647 tuum.

609 3683 868 3734 Collectio
901 3684 968 3734 ad
992 3697 1194 3748 pacem.

168 3757 298 3814 Deus
336 3759 715 3815 inluminator
757 3759 1015 3813 omnium
1057 3758 1336 3830 gentium,
1377 3759 1447 3813 da
1482 3759 1712 3831 populis

114 3850 202 3902 tuis
225 3856 491 3922 perpetua
508 3868 653 3924 pace
692 3851 969 3921 gaudere;
1000 3853 1057 3905 et
1079 3851 1216 3906 illud
1243 3850 1439 3906 lumen
1464 3852 1709 3922 splendi-

113 3939 225 3995 dum
266 3942 496 3999 infunde
536 3943 813 3999 cordibus
837 3932 1065 4012 nostris,
1097 3958 1270 4014 quem
1305 3944 1483 3997 trium
1510 3960 1709 4015 mago-

114 4048 219 4087 rum
241 4036 521 4091 mentibus
561 4036 851 4108 aspirasti,
881 4037 986 4090 Per
1010 4035 1314 4090 Dominum
1338 4038 1595 4091 nostrum
1617 4038 1708 4092 Ie-

113 4140 213 4180 sum
235 4127 511 4184 Christum
539 4128 753 4183 Filium
779 4131 964 4194 tuum,
996 4131 1186 4182 tecum
1210 4127 1284 4183 vi.

636 4223 931 4273 Immolatio
962 4223 1151 4273 missas.

168 4295 394 4369 Dignum
411 4303 467 4355 et
478 4299 713 4371 justum
732 4302 836 4353 est.
865 4299 1004 4351 Vere
1031 4297 1269 4368 dignum
1287 4301 1343 4351 et
1354 4297 1576 4368 justum
1603 4303 1706 4369 est,

111 4403 190 4440 nos
214 4395 263 4444 te
294 4391 546 4461 laudare,
581 4390 946 4461 omnipotens
974 4390 1316 4462 sempiterne
1358 4391 1542 4461 Deus;
1575 4392 1709 4463 quia

111 4486 269 4536 notam
293 4484 467 4540 fecisti
509 4484 572 4538 in
602 4482 838 4556 populis
876 4483 1142 4537 virtutem
1169 4486 1344 4553 tuam,
1379 4487 1434 4537 et
1460 4484 1707 4539 Salutare

1838 870 1973 925 tices
1998 872 2056 926 in
2090 873 2393 928 falernum.
2424 875 2625 928 Amen.
2668 876 2737 930 Ut
2754 875 2954 945 juncta
2990 892 3121 929 cum
3152 878 3364 947 angelis
3394 878 3453 933 in

1839 962 2088 1030 excelsis,
2138 965 2250 1018 Deo
2306 964 2408 1019 tibi
2458 969 2643 1020 cantet
2694 966 2930 1037 gloriam
2972 967 3131 1037 plebs
3180 972 3450 1038 protecta.

1836 1056 2036 1109 Amen.
2082 1057 2311 1125 Praesta,
2353 1042 2603 1112 Salvator
2640 1058 2861 1128 mundi,
2904 1059 3003 1129 qui
3040 1075 3172 1114 cum
3200 1061 3361 1116 Patre
3398 1065 3455 1118 et

1836 1145 2047 1217 Spiritu
2077 1151 2267 1202 sancto
2292 1148 2450 1203 vivis.

2030 1258 2111 1311 XI.
2151 1272 2309 1313 MISSA
2347 1274 2398 1313 IN
2438 1275 2566 1314 num
2606 1274 2849 1316 smcrum
2886 1277 3246 1317 EPRIPHANUB.

1902 1357 2292 1412 Venerabilem
2320 1375 2384 1412 ac
2409 1358 2759 1430 primitivum
2786 1360 2844 1416 in
2881 1362 3235 1418 mirabilibus
3273 1362 3448 1435 Ephi-

1832 1448 2058 1520 phaniee
2085 1449 2257 1517 diem,
2285 1451 2345 1505 in
2371 1468 2484 1522 quo
2512 1456 2703 1507 noster
2729 1454 3073 1526 Redemptor
3097 1460 3152 1511 et
3178 1456 3449 1511 Dominus

1833 1541 2051 1596 virtutis
2081 1558 2198 1596 suae
2224 1543 2561 1598 documenta
2584 1546 2959 1615 praetendens,
2991 1548 3060 1601 ab
3083 1547 3243 1602 annis
3271 1549 3453 1604 infan-

1831 1634 1925 1688 tiae
1949 1638 2245 1704 paternam
2273 1636 2508 1705 protulit
2530 1640 2885 1708 potestatem,
2912 1639 3314 1711 obsequiorum
3343 1657 3447 1695 no-

1832 1732 2076 1780 strorum
2101 1727 2504 1782 famulantibus
2529 1729 2694 1799 votis,
2724 1733 2781 1785 et
2819 1731 3026 1785 celebri
3052 1732 3445 1801 sollemnitate,

1829 1818 2029 1873 fratres
2070 1820 2366 1888 carissimi,
2397 1836 2754 1891 veneremur,
2790 1822 2883 1893 pia
2921 1824 3304 1880 obsecratione
3342 1843 3447 1897 po-

1829 1916 2044 1965 scentes
2082 1915 2145 1965 ut
2176 1911 2275 1981 qui
2302 1916 2436 1966 tunc
2476 1930 2647 1984 aquas
2679 1914 2739 1968 in
2768 1916 2898 1968 vina
2927 1917 3183 1983 mutavit,
3206 1932 3357 1971 nunc
3386 1918 3448 1973 in

1829 2002 2163 2073 sanguinem
2189 2020 2355 2057 suum
2393 2005 2738 2059 oblationum
2779 2012 3102 2061 nostrarum
3141 2008 3269 2061 vina
3310 2026 3445 2063 con-

1827 2097 2025 2164 vertat,
2054 2099 2110 2149 et
2139 2095 2237 2166 qui
2279 2095 2401 2150 aliis
2436 2097 2787 2151 saturitatem
2815 2099 2957 2152 meri
2995 2099 3281 2169 potatione
3310 2117 3446 2155 con-

1828 2187 2006 2256 cessit,
2037 2204 2140 2241 nos
2168 2188 2469 2258 potationis
2501 2206 2617 2243 sum
2655 2190 2925 2245 libamine
2952 2195 3008 2245 et
3034 2192 3289 2246 Paracliti
3317 2193 3444 2264 Spi-

1826 2279 1967 2332 ritus
2008 2278 2287 2334 infusione
2329 2281 2655 2336 sanctificat.
2695 2283 2802 2336 Per
2838 2283 3141 2337 Dominum
3189 2288 3446 2341 nostrum

1823 2372 2013 2426 Iesum
2037 2371 2320 2427 Christum
2353 2372 2558 2427 Filium
2588 2390 2776 2444 suum,
2805 2375 2902 2446 qui
2929 2391 3122 2431 secum
3150 2377 3302 2433 vivit.

2368 2468 2617 2518 Collectio
2642 2469 2890 2532 sequitur.

1894 2548 2061 2617 Deus,
2093 2547 2190 2618 qui
2217 2547 2467 2602 mirificis
2490 2548 2765 2604 virtutum
2790 2553 3020 2604 tuarum
3047 2549 3222 2622 signis
3251 2552 3443 2608 salutis

1822 2642 2031 2693 nostra:
2068 2639 2276 2694 indicia
2302 2639 2612 2709 declarasti,
2645 2640 2762 2711 qui,
2801 2642 2984 2712 magis
3012 2644 3167 2697 stella
3204 2645 3439 2721 praeful-

1824 2734 1991 2801 gente
2041 2732 2338 2802 degressis,
2392 2733 2623 2787 adorare
2666 2737 2722 2788 et
2759 2734 3071 2803 promereri
3125 2740 3181 2791 te
3228 2737 3443 2808 Regem

1821 2825 2098 2877 aeternum
2122 2824 2540 2895 Dominumque
2568 2828 2911 2897 perpetuum
2948 2827 3199 2897 mysticis
3234 2845 3438 2884 mune-

1819 2914 1975 2969 ribus
2016 2916 2345 2986 prmstitisti,
2391 2916 2492 2988 qui
2536 2918 2597 2972 in
2647 2934 2878 2989 corpore
2928 2923 3120 2975 nostro
3165 2920 3441 2977 mirabilis

1818 3000 2085 3078 baptismi
2111 3013 2460 3065 sacramento
2488 3014 2850 3080 regeneratos
2880 3027 2949 3065 ex
2979 3011 3190 3083 Spiritu
3218 3030 3320 3067 nos
3346 3015 3443 3069 ab-

1817 3100 1925 3153 luis
1963 3102 2324 3171 renascendo,
2354 3105 2411 3156 et
2448 3102 2746 3157 ineil'abilis
2786 3103 3053 3175 potentiae
3094 3106 3241 3159 dono
3273 3107 3440 3162 hodie

1816 3209 1987 3262 aquas
2014 3194 2072 3248 in
2097 3193 2228 3248 vina
2258 3196 2550 3265 mutando,
2588 3195 2874 3267 discipulis
2902 3196 3015 3251 tuis
3053 3200 3211 3252 tuam
3251 3200 3437 3255 mani-

1815 3285 2024 3340 festasti
2081 3285 2280 3358 209
2332 3287 2699 3358 divinitatem,
2755 3288 2956 3343 exaudi
3008 3306 3111 3344 nos
3160 3291 3438 3362 supplices

1814 3381 1942 3432 tuos
1967 3379 2038 3432 ob
2075 3379 2225 3433 diem
2270 3380 2657 3435 sacratissima
2702 3380 3108 3451 sollemnitatis,
3138 3386 3195 3438 et
3235 3389 3438 3454 prmsta

1812 3473 1895 3539 ut,
1912 3470 2090 3541 gloria
2103 3475 2200 3525 tua
2228 3470 2566 3539 inluminati,
2587 3473 2791 3527 saeculo
2816 3473 3147 3544 moriamur,
3166 3475 3270 3530 tibi
3291 3477 3433 3547 Regi

1813 3562 2032 3617 Christo
2071 3563 2340 3632 vivamus,
2383 3564 2631 3618 Salvator
2681 3564 2901 3635 mundi,
2932 3566 3202 3641 quicum
3246 3569 3428 3635 Patre,

1813 3658 1868 3710 et.
1892 3654 2101 3727 Spiritu
2125 3660 2313 3710 sancto
2340 3655 2477 3709 vivis
2503 3659 2560 3710 et
2584 3672 2786 3727 regnas
2812 3657 2871 3710 in
2896 3657 3117 3712 saecula.

2293 3750 2542 3801 Collectio
2573 3755 2692 3815 post
2713 3751 2941 3801 nomina.

1882 3830 2098 3885 Auditis
2124 3830 2452 3885 nominibus
2489 3848 2554 3886 ac
2596 3831 2884 3886 desideriis
2924 3831 3281 3903 otierentum,
3321 3834 3431 3889 fra-

1808 3927 1921 3978 tres
1948 3924 2240 3993 carissimi,
2281 3924 2379 3978 Dei
2423 3925 2598 3979 Patris
2627 3925 3030 3995 omnipotentis
3069 3925 3429 3983 clementiam

1810 4016 2197 4087 deprecemur,
2225 4020 2291 4070 ut
2315 4015 2413 4088 qui
2436 4017 2604 4072 hodie
2631 4033 2734 4088 per
2758 4014 2966 4072 Filium
2992 4034 3159 4073 suum
3188 4020 3429 4077 miriﬁce

1809 4125 1971 4179 aquae
2008 4109 2254 4179 speciem
2293 4109 2465 4163 vertit
2491 4109 2551 4163 in
2587 4110 2804 4177 vinum,
2846 4110 2924 4164 ita
2966 4112 3223 4166 omnium
3257 4112 3430 4169 simul

1809 4201 2115 4255 oblationes
2132 4206 2188 4256 et
2213 4205 2343 4257 vota
2368 4206 2691 4257 convertere
2720 4202 2989 4273 dignetur
3012 4204 3071 4258 in
3095 4204 3429 4262 sacriﬁcium

1808 4293 2083 4363 divinum,
2102 4298 2157 4349 et
2179 4299 2406 4366 accepto
2433 4295 2601 4365 ferre,
2632 4298 2697 4349 ut
2719 4299 2947 4367 accepto
2975 4296 3102 4351 tulit
3128 4297 3266 4352 Abel
3286 4298 3429 4369 justi

1808 4386 1894 4441 sui
1931 4402 2167 4441 munera
2210 4392 2266 4441 et
2308 4388 2549 4442 Abrahae
2581 4388 2922 4442 Patriarchae
2966 4388 3053 4443 sui
3090 4388 3319 4443 hostias.
3361 4390 3429 4443 Et

1806 4495 2051 4550 quorum
2078 4479 2307 4533 nomina
2331 4480 2471 4534 texit
2494 4480 2745 4534 recitatio
2763 4478 3071 4550 praemissa,
3098 4496 3294 4534 eorum
3314 4496 3428 4534 sor-

112 4577 246 4628 tuum
270 4578 479 4631 cunctis
509 4575 783 4649 gentibus
807 4574 1119 4642 declarasti,
1148 4575 1491 4630 hodiernum
1519 4577 1705 4632 decla-
1726 4568 1784 4639 D
1806 4574 1922 4625 tem
1960 4570 2109 4625 inter
2147 4572 2350 4625 electos
2382 4571 2580 4641 jubeat
2606 4571 2936 4641 adgregare.
2977 4572 3083 4626 Per
3122 4571 3423 4626 Dominum

111 4679 215 4719 rans
237 4667 395 4739 diem,
427 4670 489 4724 in
527 4685 669 4741 qua,
702 4668 774 4722 ad
811 4667 1158 4722 adorandam
1187 4667 1306 4722 veri
1330 4667 1497 4738 Regis
1523 4668 1706 4723 infan-

109 4756 241 4828 tiam,
268 4762 533 4817 excitatos
576 4762 651 4816 de
680 4760 881 4815 mundi
922 4760 1177 4832 partibus
1208 4759 1355 4815 viros
1384 4760 1588 4815 clarior
1615 4777 1705 4816 ce-

109 4851 219 4905 teris
248 4853 536 4924 sideribus,
572 4851 773 4927 208
814 4853 972 4909 stella
1010 4853 1363 4924 perduceret,
1395 4857 1450 4908 et
1486 4853 1608 4907 caeli
1645 4870 1709 4908 ac

109 4945 244 4998 terrae
256 4947 577 5016 Dominum,
593 4947 658 5001 in
687 4947 926 5002 salutem
951 4945 1211 5000 omnium
1232 4945 1601 5017 corporaliter
1614 4962 1710 5001 na-

108 5036 227 5104 tum,
252 5039 432 5094 radius
458 5044 579 5095 tua:
605 5038 752 5100 lucis
779 5038 1118 5094 ostenderet.
1148 5040 1450 5110 Propterea
1467 5038 1709 5109 profusis

113 5129 295 5195 gaudiis
317 5136 467 5187 totus
505 5150 617 5205 per
646 5131 845 5187 orbem
870 5136 1158 5187 terrarum
1179 5131 1428 5186 mundus
1454 5132 1663 5186 exultat
1690 5151 1706 5186 :

110 5219 183 5271 sed
206 5227 253 5275 et
275 5240 532 5295 supernae
558 5224 871 5280 concinunt
885 5228 1191 5296 potestates
1210 5224 1490 5295 hymnum
1513 5224 1707 5294 gloriae

112 5314 218 5381 tuae,
244 5316 353 5371 sine
379 5319 490 5373 line
528 5319 786 5374 dicentes
820 5334 833 5371 :
875 5317 1133 5385 Sanctus,
1171 5316 1421 5385 Sanctus,
1454 5316 1705 5372 Sanctus.

626 5411 930 5464 Benedictio
953 5412 1152 5477 populi.

166 5482 313 5556 Deus,
336 5490 431 5560 qui
446 5492 801 5561 praesentem
825 5488 975 5543 diem
996 5487 1070 5541 ita
1093 5486 1349 5557 dignaris
1372 5486 1625 5558 diligere,
1646 5492 1711 5542 ut

114 5587 220 5629 eum
238 5582 316 5634 tot
338 5582 578 5654 elegeris
599 5580 890 5636 miraculis
921 5580 1240 5635 inlustrare.
1270 5582 1473 5634 Amen.
1500 5580 1607 5643 Qui
1632 5579 1711 5635 di-

116 5673 286 5733 gnatus
331 5689 386 5728 es
436 5692 542 5746 pro
590 5674 779 5728 forma
832 5673 1063 5727 facturas
1107 5671 1301 5726 salutis
1364 5674 1593 5741 nostrae,
1650 5672 1710 5727 in

112 5756 331 5818 Iordanis
357 5765 575 5822 fontem
603 5767 754 5820 Fons
780 5781 942 5836 aquae
962 5765 1103 5820 vivae
1122 5763 1477 5819 descendere.
1507 5764 1705 5819 Amen.

119 5848 161 5903 In
181 5868 278 5925 quo
311 5862 362 5913 te
404 5859 766 5916 adorandum
802 5858 958 5914 stella
994 5873 1189 5930 magos
1230 5856 1439 5927 docuit,
1467 5859 1523 5914 et
1547 5872 1709 5930 aquae

1806 4667 2066 4717 nostrum
2102 4664 2291 4718 Iesum
2331 4663 2619 4718 Christum
2658 4662 2861 4718 Filium
2897 4680 3085 4733 suum,
3117 4680 3309 4719 secum
3341 4664 3426 4719 vi-

1806 4760 2053 4821 ventem,
2085 4770 2418 4828 semperque
2444 4759 2797 4826 regnantem.

2327 4851 2574 4902 Collectio
2607 4852 2673 4901 ad
2698 4865 2901 4916 pacem.

1879 4932 2114 4987 Domine
2151 4931 2369 4986 Christe
2405 4933 2554 5001 Iesu,
2596 4932 2697 5003 qui
2734 4932 3023 5002 majestate
3058 4933 3314 4989 sublimis
3343 4949 3422 5004 es,

1808 5030 1863 5079 et
1902 5028 2173 5097 potestate
2202 5024 2493 5094 subnixus,
2536 5040 2666 5079 cum
2708 5024 2767 5079 in
2809 5024 3014 5080 virtute
3048 5025 3225 5081 Patris
3262 5026 3425 5082 obse-

1808 5117 1999 5189 queris
2021 5116 2373 5188 jussionibus
2397 5116 2604 5186 Matris,
2636 5121 2701 5171 ut
2727 5120 2783 5171 et
2810 5116 3015 5171 Filium
3053 5117 3299 5174 hominis
3336 5136 3426 5175 os-

1806 5209 2064 5265 tenderes
2098 5208 2398 5279 obsequiis,
2428 5212 2484 5263 et
2514 5210 2693 5264 Deum
2731 5208 3031 5264 virtutibus
3067 5211 3426 5283 adprobares,

1809 5302 1906 5373 qui
1923 5302 1993 5356 ad
2013 5300 2268 5355 omnium
2289 5301 2547 5372 gentium
2565 5301 2908 5357 lavationem
2926 5304 3183 5359 Iordanis
3207 5305 3428 5361 alveum

1809 5393 2252 5448 sanctiﬁcaturus
2282 5393 2524 5464 intrasti,
2554 5399 2621 5448 ut
2660 5398 2888 5465 peccata
2922 5398 3113 5450 nostra
3148 5397 3425 5466 ablueres,

1810 5486 2286 5558 conscientiasque
2310 5502 2605 5559 purgares,
2634 5487 2798 5542 visita
2826 5488 3127 5543 Ecclesiam
3166 5494 3344 5561 tuam,
3374 5497 3429 5547 et

1806 5580 2015 5652 perfice
2044 5579 2301 5634 omnium
2330 5584 2485 5649 vota;
2521 5596 2719 5651 pacem
2748 5579 2917 5635 etiam
2951 5597 3069 5636 non
3107 5584 3426 5653 petentibus

1807 5676 2030 5745 prazsta,
2064 5677 2126 5727 ut
2151 5673 2401 5729 osculum
2433 5672 2583 5745 quod
2602 5673 2661 5728 in
2685 5672 2849 5728 labiis
2874 5673 3059 5741 datur,
3083 5673 3142 5729 in
3166 5674 3423 5729 cordibus

1808 5781 1923 5820 non
1964 5770 2224 5837 negetur.
2255 5767 2414 5831 Quod
2437 5767 2558 5838 ipse
2582 5770 2847 5838 praestare
2871 5765 3139 5837 digneris,
3167 5766 3264 5837 qui
3289 5779 3416 5818 cum

1808 5860 1971 5914 Patre
1996 5861 2053 5913 et
2081 5857 2289 5932 Spiritu
2314 5863 2506 5916 sancto
2528 5858 2667 5914 vivis
2695 5863 2753 5915 et
2771 5873 2994 5929 regnas.
