3976 6426
463 393 566 450 243

1101 497 1436 549 Contestatio.

536 589 672 642 Vere
701 583 938 655 dignum
963 586 1018 638 et
1037 581 1258 654 justum
1288 588 1373 639 est
1397 599 1628 654 aequum
1657 587 1714 637 et
1730 581 1952 652 justum
1979 583 2082 649 est,

461 697 563 737 nos
599 677 704 734 tibi
741 693 966 748 semper
1004 679 1062 732 et
1103 676 1317 748 ubique
1363 676 1570 748 gratias
1618 691 1807 745 agere,
1851 672 2088 728 Domine

464 777 673 840 sancte,
713 773 878 826 Pater
911 769 1290 840 omnipotens,
1321 773 1532 824 aeterne
1573 769 1736 821 Deus.
1783 767 1889 830 Qui
1924 765 2090 820 nobis

465 881 638 936 super
671 864 927 920 Iordanis
953 864 1178 918 alveum
1215 863 1285 918 de
1330 861 1476 916 caelis
1514 876 1706 914 vocem
1751 859 1810 913 in
1854 859 2090 913 modum

461 957 700 1014 tonitrui
724 955 1034 1028 praebuisti,
1062 958 1128 1008 ut
1153 955 1492 1008 Salvatorem
1518 951 1708 1007 saeculi
1737 950 2090 1006 demonstra-

463 1069 575 1122 res,
594 1056 652 1106 et
677 1053 900 1106 Patrem
925 1047 1156 1103 luminis
1173 1047 1369 1101 aeterni
1394 1046 1745 1112 ostenderes;
1777 1045 1941 1098 caelos
1966 1059 2094 1114 ape-

466 1145 652 1212 ruisti,
670 1159 859 1198 aerem
878 1139 1232 1208 benedixisti,
1257 1139 1472 1194 fontem
1499 1137 1830 1210 purificasti,
1852 1142 1906 1191 et
1931 1141 2094 1191 tuum

469 1237 707 1293 Unicum
735 1251 838 1305 per
866 1233 1187 1287 columbam
1207 1231 1388 1286 sancti
1410 1230 1648 1302 Spiritus
1678 1229 2092 1285 demonstrasti.

468 1331 848 1400 Susceperunt
887 1326 1069 1381 fontes
1113 1324 1282 1380 hodie
1322 1323 1775 1378 benedictionem
1813 1326 1993 1391 tuam,
2041 1326 2098 1376 et

467 1423 721 1478 tulerunt
743 1418 1200 1474 maledictionem
1226 1420 1479 1472 nostram
1507 1435 1520 1470 :
1551 1415 1630 1470 ita
1648 1419 1714 1470 ut
1739 1414 2098 1468 credentibus

466 1513 922 1588 puriﬁcationem
964 1511 1224 1566 omnium
1277 1509 1614 1565 delictorum
1667 1507 1989 1577 exhibeant,
2043 1510 2100 1562 et

471 1609 584 1662 Deo
625 1606 770 1662 filios
813 1603 1202 1676 regenerando
1243 1601 1451 1658 faciant
1491 1601 1563 1656 ad
1595 1601 1768 1656 vitam
1803 1604 2096 1666 aeternam,

471 1717 610 1772 quos
638 1700 709 1754 ad
733 1697 1104 1769 temporalem
1125 1696 1299 1751 vitam
1319 1694 1556 1750 carnalis
1573 1693 1832 1748 nativitas
1853 1692 2096 1747 fuderat.

471 1795 611 1848 Nam
647 1808 788 1864 quos
823 1807 978 1845 mors
1009 1805 1114 1861 per
1150 1787 1673 1860 praevaricationem
1712 1790 1958 1857 ceperat,
1999 1785 2102 1839 hos

1256 389 1588 446 APPENDIX
1625 389 1713 444 AD
1748 387 1968 443 OPERA
2004 383 2235 441 SANCTI
2271 383 2569 440 GERMANI
2607 381 3032 440 PARISIENSIS.

2104 493 2500 579 Arecurrenti
2535 496 2792 563 tempore
2833 486 3225 560 multiplicasti
3264 486 3466 542 Pastor
3502 481 3645 538 vina
3682 479 3859 554 prius

3742 372 3855 429 2-H

2185 587 2245 642 in
2271 585 2508 658 hydriis,
2541 585 2746 640 deinde
2762 583 2916 638 cibos
2941 582 3001 636 in
3027 581 3322 652 cophanis.
3350 581 3567 634 Amen.
3599 576 3859 632 Descen-

2187 680 2282 734 dat
2305 697 2338 733 a
2366 677 2591 734 sedibus
2618 677 2730 732 tuis
2770 692 2942 747 super
2969 675 3154 747 capita
3177 673 3538 729 famulorum
3568 674 3631 725 et
3652 669 3858 723 famu-

2187 774 2373 827 larum
2401 774 2634 826 tuarum
2659 769 2899 840 Spiritus
2926 772 3152 825 sanctus
3175 772 3310 822 tuus
3337 765 3456 833 ille,
3489 763 3598 835 qui
3626 763 3690 818 in
3719 763 3858 818 Jor-

2189 867 2354 934 dane,
2392 863 2714 936 baptizante
2754 863 3028 931 Johanne,
3057 861 3118 915 in
3157 859 3419 915 columba
3457 854 3864 928 corporaliter

2189 960 2340 1014 visus
2379 961 2463 1012 est
2503 955 2874 1011 descendisse.
2904 957 3106 1010 Amen.
3147 953 3327 1024 Reple
3365 951 3598 1006 animas
3643 963 3860 1004 eorum

2191 1053 2322 1107 vino
2339 1049 2592 1123 justitiae,
2621 1049 2718 1120 qui
2739 1064 2999 1104 sermone
3025 1050 3122 1102 tuo
3147 1045 3318 1101 hodie
3346 1062 3417 1100 ex
3443 1059 3746 1116 aquarum
3779 1057 3867 1096 sa-

2191 1161 2329 1218 pore
2368 1143 2620 1199 mutasti.
2670 1145 2871 1198 Amen.
2922 1141 3124 1197 Adesto
3175 1144 3288 1194 tute
3329 1137 3487 1210 plebi
3543 1135 3867 1192 devotione

2197 1237 2382 1312 211
2438 1235 2711 1307 singulari
2755 1239 2808 1290 te
2857 1251 3012 1290 sacra
3050 1250 3155 1306 per
3195 1231 3471 1304 mysteria
3518 1227 3864 1286 veneranti.

2196 1336 2394 1386 Amen.
2441 1329 2692 1400 Porrige,
2743 1329 2958 1397 Pastor,
3003 1327 3260 1398 epulum,
3305 1341 3442 1396 quo,
3490 1323 3648 1377 victa
3703 1321 3867 1376 fame

2196 1423 2407 1492 saeculi,
2435 1422 2569 1478 cibis
2605 1421 2936 1476 mternitatis
2961 1419 3168 1474 animae
3199 1419 3558 1490 saginentur.
3607 1414 3868 1470 Infunde

2198 1517 2367 1572 etiam
2395 1532 2564 1588 super
2606 1531 2701 1570 eos
2726 1513 3064 1586 spiritalium
3093 1513 3239 1567 dona
3267 1512 3575 1579 virtutum,
3607 1513 3681 1563 ut
3712 1507 3872 1562 nihil

2197 1609 2258 1664 in
2286 1609 2364 1664 eis
2388 1609 2652 1663 inimicus
2679 1612 2777 1662 aut
2801 1605 3069 1662 violentia
3097 1605 3386 1676 subrepat,
3405 1607 3506 1658 aut
3528 1601 3750 1656 fraude
3774 1600 3876 1654 de-

2199 1702 2387 1773 cipiat.
2416 1705 2614 1756 Amen.
2645 1701 2754 1756 Sed
2784 1715 2886 1772 per
2912 1699 3078 1753 bona:
3106 1696 3552 1752 conversationis
3580 1709 3873 1766 perseve-

2202 1794 2443 1850 rantiam
2468 1793 2529 1862 ii,
2557 1793 2656 1864 qui
2700 1793 2999 1864 adoptione
3041 1790 3224 1845 vocati
3260 1795 3395 1844 sunt
3435 1789 3730 1856 ﬁliorum,
3773 1787 3873 1840 in-

471 1886 586 1942 Vita
621 1889 834 1940 aeterna
871 1901 903 1938 ει
947 1886 1128 1937 morte
1170 1881 1470 1953 Γθοὶρὶθηε,
1511 1879 1581 1934 ad
1625 1878 1893 1934 οίΕῙοιἮω
1925 1867 2178 1948 ΓεὲηᾶΒ
2205 1891 2351 1942 trare
2387 1887 2448 1941 in
2485 1885 2892 1958 possessionem
2929 1887 3259 1940 mereantur
3301 1881 3609 1937 heredum.
3643 1884 3872 1935 Amen.

471 1981 716 2034 revocat.
741 1977 896 2032 Unde
915 1975 1106 2030 debita
1135 1973 1478 2029 exultatione
1497 1988 1662 2026 voces
1680 1970 2102 2042 nostrasjungi—

473 2088 602 2126 mus
637 2067 1081 2125 confessionibus
1118 2065 1478 2136 angelorum,
1519 2063 1618 2134 qui
1659 2063 1895 2134 gloriam
1943 2067 2101 2118 tuam

477 2163 734 2218 mirabile
770 2163 1119 2215 sacramento
1143 2159 1416 2212 hodierna
1436 2155 1809 2212 sollemnitate
1827 2171 2101 2210 veneran-

476 2261 578 2326 tes,
611 2253 728 2328 21
745 2253 806 2327 ο
833 2269 936 2324 pro
961 2250 1315 2324 apparitione
1345 2252 1370 2305 J
1376 2266 1474 2306 esu
1499 2249 1705 2305 Christi
1735 2248 1958 2303 Domini
1981 2265 2105 2302 nos-

477 2347 570 2417 tri,
602 2353 658 2402 et
683 2363 788 2418 pro
812 2349 1021 2400 nostrae
1053 2343 1356 2399 vocationis
1385 2342 1614 2398 exordio
1639 2339 1978 2396 sacriﬁcium
2003 2340 2106 2395 tibi

476 2441 660 2496 laudis
687 2439 996 2508 offerimus,
1026 2454 1129 2509 per
1153 2437 1340 2509 ipsum
1369 2435 1676 2491 Dominum
1695 2438 1977 2490 nostrum.
2001 2435 2108 2489 Per

476 2549 648 2606 quem
675 2533 1028 2604 majestatem
1049 2534 1208 2586 tuam
1235 2529 1469 2585 laudant
1503 2527 1714 2599 angeli.

955 2640 1207 2692 Collectio
1237 2643 1356 2704 post
1393 2639 1629 2688 Sanctus.

546 2727 684 2780 Vere
710 2726 956 2788 sanctus,
983 2736 1114 2776 vere
1139 2719 1468 2774 benedictus
1496 2715 1772 2772 Dominus
1801 2719 1991 2770 noster
2017 2717 2108 2770 Je-

479 2835 574 2873 sus
614 2815 873 2872 Christus
912 2813 1083 2868 Filius
1111 2816 1265 2882 tuus,
1298 2811 1399 2882 qui
1435 2810 1509 2864 ad
1550 2808 1839 2881 puerperii
1877 2808 2112 2864 caelestis

479 2909 777 2974 indicium,
806 2907 928 2962 haec
953 2905 1126 2960 hodie
1163 2903 1403 2958 contulit
1439 2903 1655 2957 mundo
1691 2918 1809 2956 suae
1839 2901 2112 2956 miracula

483 3001 814 3074 majestatis,
843 3002 909 3054 ut
931 2997 1276 3054 adorandam
1303 2995 1487 3068 magis
1515 2995 1834 3050 ostenderet
1860 2994 2110 3063 stellam;

484 3101 541 3151 et
567 3096 848 3150 transacto
875 3091 1148 3162 temporis
1181 3089 1492 3157 intervallo,
1526 3104 1698 3160 aquas
1731 3087 1792 3142 in
1824 3087 1953 3142 vino
1993 3103 2116 3141 mu-

482 3193 646 3257 taret,
674 3202 888 3258 suoque
912 3185 1248 3255 baptismate
1273 3182 1645 3236 sanctilicaret
1675 3181 1888 3235 ﬂuenta
1917 3179 2112 3234 Jorda-

481 3281 592 3350 nis,
622 3281 776 3335 Jesus
801 3278 1054 3335 Christus
1083 3276 1356 3332 Dominus
1383 3280 1592 3330 noster.
1623 3273 1729 3339 Qui
1754 3273 1904 3346 prid.
1941 3289 2116 3344 quam

484 3378 723 3445 pateret.

1063 3441 1186 3490 Post
1217 3437 1538 3504 mysterium.

557 3523 848 3581 Sacriﬁciis
894 3519 1288 3593 praesentibus,
1339 3519 1597 3588 Domine,
1635 3532 1984 3589 quaesumus,
2025 3517 2113 3570 in-

484 3619 653 3674 tende
681 3617 936 3689 placatus
964 3633 978 3670 :
1021 3614 1230 3686 quibus
1261 3629 1376 3667 non
1407 3612 1532 3683 jam
1559 3610 1585 3640 ⁸
1624 3626 1849 3679 aurum,
1880 3610 2032 3676 thus,
2063 3613 2120 3664 et

484 3712 718 3784 myrrha
741 3708 1048 3782 profertur,
1072 3707 1168 3762 sed
1201 3705 1393 3778 [quod]
1424 3703 1630 3760 iisdem
1655 3703 1990 3758 muneribus
2017 3702 2115 3757 de-

486 3807 748 3874 claratur,
777 3803 1032 3872 offertur,
1077 3800 1427 3867 immolatur,
1471 3797 1734 3852 sumitur.
1777 3797 1884 3850 Per
1923 3795 2116 3849 Domi-

485 3915 627 3954 num
670 3900 930 3952 nostrum
974 3896 1165 3948 Jesum
1207 3891 1497 3948 Christum
1543 3889 1747 3944 Filium
1790 3892 1975 3958 tuum,
2017 3887 2118 3960 qui

488 3996 698 4059 tecum,
730 3993 787 4044 et
811 4003 943 4042 cum
970 3985 1182 4056 Spiritu
1209 3987 1400 4038 sancto
1426 3981 1501 4035 vi.

893 4088 1024 4138 Ante
1050 4084 1337 4135 orationem
1369 4079 1713 4132 Dominicam.

561 4179 684 4232 Non
719 4175 912 4228 nostro
963 4172 1396 4242 praesumentes,
1447 4167 1706 4236 Domine,
1745 4165 1970 4236 merito,
2022 4149 2119 4221 sed

493 4268 716 4326 Domini
744 4265 923 4322 nostri
963 4265 1094 4318 Jesu
1119 4261 1326 4316 Christi
1355 4260 1479 4315 Filii
1516 4258 1621 4326 tui,
1661 4275 1831 4330 quem
1857 4263 1922 4314 ut
1959 4275 2060 4314 nos
2087 4275 2120 4313 a

491 4361 740 4420 tenebris
765 4363 821 4415 et
845 4357 1051 4414 umbra
1083 4355 1282 4411 mortis
1315 4354 1579 4408 liberaret
1604 4351 1826 4420 misisti,
1859 4351 2121 4407 obedien—

491 4462 575 4513 tcs
603 4453 864 4526 imperio.
891 4449 1116 4522 Indigni
1131 4448 1360 4521 quidem
1381 4463 1576 4502 sumus
1595 4445 1826 4500 nomine
1851 4444 2116 4516 ﬁliorum,

491 4551 585 4606 sed
606 4549 883 4622 jubemur
909 4545 1094 4600 dicere
1123 4559 1136 4598 :
1167 4543 1332 4596 Pater
1355 4545 1564 4596 noster.

902 4648 1024 4696 Post
1047 4643 1335 4696 orationem
1362 4639 1704 4692 Dominicam.

560 4737 758 4792 Libera
782 4750 885 4789 nos
920 4749 954 4786 a
993 4731 1164 4799 malo,
1206 4728 1566 4799 omnipotens
1604 4728 1813 4780 aeterne
1855 4726 2023 4794 Deus,
2065 4726 2123 4779 et

489 4830 779 4887 dominare
814 4831 878 4882 tu
915 4823 1114 4893 nostri,
1146 4823 1245 4894 qui
1280 4821 1480 4876 mortis
1507 4837 1540 4874 a
1565 4819 1726 4874 nobis
1753 4817 2003 4874 dominia
2028 4833 2119 4872 re-

486 4923 702 4998 pulisti,
767 4925 834 4976 ut
878 4922 976 4974 tua
1020 4932 1264 4988 semper,
1319 4914 1580 4980 Domine,
1629 4913 1942 4984 cogitemus
1985 4927 2119 4966 cum

486 5017 773 5073 alacritate
797 5012 1082 5080 mandata,
1111 5026 1242 5065 cum
1266 5005 1716 5078 timorejudicia,
1742 5021 1872 5060 cum
1903 5005 2118 5059 exulta-

487 5112 642 5166 tione
667 5109 962 5182 promissa.
991 5107 1096 5160 Per
1121 5120 1253 5159 eum
1279 5102 1378 5174 qui
1401 5106 1587 5157 tecum
1613 5099 1768 5166 vivit,
1799 5098 2123 5154 dominatur

489 5211 544 5262 et
571 5207 775 5274 regnat
817 5203 964 5256 Deus
991 5198 1049 5254 in
1080 5197 1296 5253 unitate
1325 5193 1568 5269 Spiritus
1603 5192 1780 5250 sancti
1815 5192 1875 5247 in
1919 5191 2122 5247 saecula

491 5297 852 5355 saeculorum.

1037 5360 1340 5414 Benedictio
1380 5359 1578 5424 papuli.

561 5449 928 5520 Omnipotens
942 5445 1178 5512 Artifex,
1193 5441 1294 5516 qui
1314 5457 1463 5512 saepe
1477 5437 1934 5512 quamplurimis,
1953 5437 2122 5493 hodie

493 5547 684 5598 tamen
708 5540 1029 5614 insignibus
1054 5543 1110 5594 te
1135 5533 1433 5593 declarasti
1459 5530 1768 5586 miraculis.
1794 5533 1994 5586 Amen.
2015 5528 2122 5594 Qui

561 5685 588 5714 ⁸
625 5687 751 5740 ΙΙωο
779 5685 978 5741 eadem
1015 5677 1187 5734 verba
1221 5675 1280 5729 in
1320 5673 1572 5730 oratione
1603 5670 1824 5725 Secreta
1849 5685 1952 5740 pro
1987 5668 2120 5740 Epi-

488 5757 702 5828 phania
733 5757 795 5810 in
831 5753 1042 5828 Ordine
1081 5745 1444 5818 Gregoriano.
1472 5743 1618 5828 O‘l‘im
1655 5741 1998 5828 Francorpm
2039 5755 2124 5820 re-

493 5810 610 5902 ges,
631 5826 890 5902 exemplo
908 5810 1234 5902 magorum,
1258 5831 1484 5902 auium,
1506 5813 1639 5902 thus
1663 5815 1720 5866 et
1742 5812 2038 5902 myrrham
2061 5810 2122 5902 ip

491 5881 941 5970 die'Epiphanize
967 5881 1043 5948 ad
1073 5881 1249 5946 altare
1288 5885 1616 5952 offerebant,
1657 5899 1727 5938 ex
1765 5881 1966 5954 Nangii
2003 5881 2122 5937 Gal-

2200 1982 2269 2035 Ut
2293 1996 2422 2034 cum
2460 1979 2593 2034 hinc
2635 1978 2928 2034 transferri
2958 1976 3260 2048 migrando
3299 1974 3710 2047 praecipietur,
3755 1972 3880 2026 illic

2200 2073 2421 2128 admitti
2459 2073 2840 2144 permittatur,
2868 2071 3020 2126 unde
3049 2076 3104 2126 te
3149 2071 3332 2124 Deum
3369 2067 3634 2122 adoravit
3672 2065 3877 2136 magis

2203 2165 2548 2221 admiratum
2591 2165 2815 2219 adstans
2867 2163 3021 2218 sidus
3070 2161 3372 2234 praesepio.
3426 2164 3637 2214 Amen.
3699 2158 3878 2223 Quod

2203 2259 2322 2329 ipse
2349 2263 2619 2330 praestare
2655 2256 2927 2328 digneris,
2957 2255 3058 2328 qui
3090 2255 3152 2309 in
3187 2254 3460 2310 Trinitate
3493 2252 3770 2326 perfecta
3798 2250 3882 2304 vi-

2205 2352 2302 2420 vis,
2335 2351 2640 2406 dominaris
2667 2355 2723 2405 et
2748 2366 2974 2421 regnas.
2995 2352 3198 2403 Amen.
3339 2349 3346 2358 '

2751 2443 2871 2492 Post
2892 2439 3288 2490 Eucharistiam.

2279 2518 2532 2574 Divinam
2596 2517 3060 2586 misericordiam,
3111 2516 3315 2570 fratres
3357 2514 3668 2584 carissimi,
3727 2529 3874 2568 con-

2209 2612 2362 2668 cordi
2391 2612 2642 2667 oratione
2677 2627 2993 2684 poscamus,
3029 2609 3114 2664 uti
3159 2609 3282 2664 haec
3320 2609 3619 2663 salutifera
3659 2608 3876 2663 Sacra-

2210 2711 2404 2760 menta
2425 2705 2630 2760 nostris
2657 2709 2881 2776 recepta
2913 2704 3236 2774 pectoribus
3261 2701 3573 2774 puriﬁcent
3599 2701 3881 2756 animam

2211 2815 2526 2870 corpusque
2554 2797 2920 2867 sanctiﬁcent,
2952 2802 3121 2868 atque
3148 2797 3208 2850 in
3240 2813 3401 2867 spem
3427 2795 3770 2850 caelestium
3794 2795 3879 2849 vi-

2211 2907 2362 2947 scera
2381 2890 2592 2962 pariter
2606 2895 2661 2946 et
2680 2891 2848 2945 corda
2868 2889 3222 2945 conﬁrment.
3249 2889 3412 2954 Quod
3431 2888 3557 2960 ipse
3582 2893 3880 2961 praestare

2213 2984 2497 3057 dignetur,
2526 2984 2626 3056 qui
2651 2983 2785 3038 vivit
2812 2987 2868 3039 et
2895 2986 3120 3056 regnat.

2748 3071 2998 3121 Collectio
3033 3069 3282 3134 sequitur.

2285 3147 2540 3218 Respice,
2569 3146 2832 3216 Domine,
2872 3145 3152 3218 prOpitius
3188 3144 3259 3198 ad
3297 3143 3530 3216 plebem
3578 3149 3794 3215 tuam;
3827 3151 3882 3201 et

2135 3227 2190 3302 C
2215 3257 2387 3314 quam
2411 3239 2839 3295 divinis‘tribuis
2863 3240 3150 3312 {proﬁcere
3185 3238 3584 3307 sacramentis,
3628 3239 3708 3294 ab
3748 3258 3878 3295 om-

2211 3336 2380 3390 nibus
2407 3334 2629 3388 absolve
2656 3333 2920 3404 peccatis.
2961 3333 3068 3387 Per
3107 3331 3414 3387 Dominum
3455 3337 3742 3388 nostrum
3785 3335 3878 3389 Je-

2215 3445 2344 3484 sum
2370 3427 2657 3482 Christum
2685 3426 2889 3480 Filium
2915 3429 3102 3504 tuum:

2375 3536 2534 3577 MISSA
2581 3537 2633 3576 IN
2681 3535 3059 3576 ADSUMPTIONE
3094 3519 3122 3558 δ
3161 3535 3378 3576 ΒΑΝΟΤᾸΞ
3427 3535 3622 3576 MANE
3675 3537 3883 3578 MATIUS

2821 3607 3011 3646 DOMINI
3055 3605 3268 3646 NOSTRI.

2288 3681 2579 3734 Generosae
2625 3678 2740 3733 diei
2775 3678 3078 3734 dominicm
3117 3678 3416 3734 Genitricis
3453 3679 3885 3752 inexplicabile

2217 3775 2650 3838 sacramentum,
2703 3775 2860 3826 tanto
2903 3772 3084 3842 magis
3125 3771 3527 3843 prmeonabile,
3579 3781 3885 3844 quantum

2219 3869 2302 3920 est
2326 3865 2474 3920 inter
2505 3863 2767 3919 homines
2801 3863 3200 3935 Assumptione
3241 3864 3488 3936 Virginis
3516 3865 3839 3938 singulare
3871 3885 3885 3922 :

2217 3959 2368 4030 apud
2393 3973 2566 4030 quem
2599 3957 2728 4012 vitae
2753 3957 3049 4028 integritas
3085 3957 3334 4012 obtinuit
3359 3957 3592 4028 Filium,
3628 3964 3695 4016 et
3727 3977 3890 4016 mors

2218 4067 2333 4106 non
2375 4050 2590 4105 invenit
2625 4066 2730 4120 par
2777 4050 3109 4122 exemplum
3143 4069 3157 4105 :
3197 4065 3303 4104 nec
3352 4050 3548 4106 minus
3594 4051 3890 4125 ingerens

2219 4149 2509 4215 stuporem
2554 4143 2624 4198 de
2667 4143 2928 4209 transitu,
2984 4158 3158 4214 quam
3211 4143 3637 4200 exultationem
3686 4148 3892 4203 ferens

2219 4237 2386 4292 unico
2405 4237 2566 4291 beata
2592 4237 2660 4291 de
2699 4241 2886 4306 partu.
2918 4237 3039 4290 Non
3068 4236 3254 4290 solum
3283 4236 3566 4292 mirabilis
3598 4240 3889 4310 pignore,

2219 4329 2372 4402 quod
2416 4329 2525 4384 [ide
2559 4329 2844 4400 concepit;
2892 4328 2990 4383 sed
3033 4327 3408 4383 translatione
3452 4331 3892 4400 praedicabilis,

2219 4439 2332 4494 qua
2355 4422 2640 4494 migravit.
2682 4420 2919 4492 Speciali
2943 4421 3214 4492 tripudio,
3257 4422 3463 4476 affectu
3489 4423 3890 4496 multimodo,

2220 4515 2371 4570 fideli
2393 4521 2540 4585 voto,
2566 4515 2766 4570 fratres
2792 4515 3158 4583 dilectissimi,
3178 4515 3344 4569 corde
3370 4515 3771 4586 deprecemur
3797 4524 3889 4574 at-

2138 4593 2198 4665 D
2219 4613 2398 4677 tento,
2425 4613 2492 4662 ut
2530 4607 2651 4678 ejus
2684 4606 2861 4678 adjuti
2901 4606 3232 4662 muniamur
3268 4605 3568 4678 suffragio,
3601 4625 3750 4680 quae
3793 4613 3894 4666 foe-

2221 4701 2403 4756 cunda
2429 4700 2616 4772 Virgo,
2650 4700 2810 4754 beata
2846 4700 2915 4755 de
2940 4703 3128 4770 partu,
3160 4699 3310 4754 clara
3341 4701 3412 4755 de
3455 4701 3699 4772 merito,
3747 4705 3893 4760 felix

2219 4794 2558 4866 prerdicatur
2601 4793 2860 4848 abscessu
2917 4810 2931 4847 :
2990 4793 3348 4848 obsecrantes
3404 4793 3888 4854 misericordiam

2221 4887 2609 4959 Redemptoris
2645 4886 2844 4956 nostri,
2871 4891 2938 4940 ut
2975 4885 3436 4941 circumstantem
3474 4887 3719 4958 plebem
3752 4892 3893 4948 illuc

2221 4982 2486 5051 dignetur
2519 4980 2898 5049 introducere,
2929 4996 3040 5050 quo
3066 4979 3292 5034 beatam
3318 4983 3572 5034 matrem
3610 4983 3890 5054 Mariam,

2220 5073 2624 5130 famulantibus
2650 5071 2936 5144 apostolis,
2963 5073 3251 5128 transtulit
3279 5073 3350 5127 ad
3378 5073 3695 5132 honorem.
3719 5080 3890 5144 Quod

2220 5169 2338 5240 ipse
2375 5169 2644 5239 praestare
2672 5165 2958 5238 dignetur,
3007 5166 3104 5238 qui
3145 5183 3277 5221 cum
3321 5167 3512 5236 Patre,
3558 5171 3618 5223 et
3661 5170 3894 5243 Spiritu

2219 5265 2410 5316 sancto
2436 5258 2552 5333 21
2568 5257 2628 5332 2
2654 5259 2788 5314 vivit
2813 5263 2868 5314 et
2892 5263 3094 5330 regnat
3119 5260 3266 5314 Deus
3291 5258 3352 5314 in
3379 5260 3574 5316 saecul.

2759 5351 3011 5402 Collectio
3039 5351 3289 5414 sequitur.

2290 5430 2458 5497 Deus,
2480 5428 2579 5500 qui
2599 5429 2738 5484 dum
2768 5443 2913 5498 opus
2927 5427 3070 5482 illud
3095 5427 3327 5483 fabrica:
3354 5430 3704 5503 mundialis,
3725 5437 3888 5506 quod

2219 5521 2336 5577 sola
2359 5522 2588 5594 imperii
2616 5521 2871 5592 jussione
2897 5537 3207 5590 creaveras,
3247 5521 3440 5594 perire
3467 5539 3591 5579 non
3632 5529 3883 5599 pateris,

2219 5664 2326 5720 lico
2353 5664 2760 5731 continuatore,
2789 5663 2861 5718 ad
2887 5679 3102 5718 annum
3131 5666 3288 5719 1578.

2289 5735 2760 5809 biAssumptionis
2797 5735 2976 5809 beatae
3021 5734 3204 5809 Mariae
3231 5735 3441 5809 festum
3483 5740 3643 5809 apud
3691 5742 3885 5796 Gallos

2220 5823 2318 5862 seu
2335 5808 2571 5860 Francos
2601 5806 2659 5859 in
2684 5806 2946 5860 Januario
2975 5806 3263 5874 quondam
3287 5806 3652 5867 celebratum
3673 5813 3859 5869 fuisse

2220 5878 2466 5934 diximus
2493 5877 2552 5932 in
2579 5876 2676 5934 lib.
2705 5893 2764 5948 ιι,
2793 5893 2955 5932 num,
3296 5857 3652 5867 η-ν--α-ν--ο-
3673 5857 3880 5886 mw»,
