3976 6420
175 405 269 460 243

1270 405 1357 464 DE
1392 409 1703 468 LITURGIA
1737 413 2107 474 GALLICANA
2143 417 2340 474 LIBER
2375 418 2464 474 Ill.

3418 411 3520 476 246
3569 355 3575 361 ’

170 511 400 608 domum
413 506 523 608 tibi
545 505 607 568 in
621 507 822 566 alvum
833 507 1079 582 Virginis
1097 511 1404 585 fabricasti,
1420 519 1478 572 et
1497 535 1569 573 ne
1590 518 1804 590 periret
1821 531 1880 608 Α
1901 525 2264 580 [edictionem
2292 524 2351 579 in
2364 524 2560 582 dolore
2581 526 2833 598 generat,
2855 524 2966 582 ista
2977 521 3441 582 benedictionem
3460 523 3521 582 in

168 621 298 677 gens
323 620 357 658 a
376 605 435 658 te
455 604 777 674 plasmata,
801 607 1062 664 revelasti
1089 608 1309 663 saeculis
1325 609 1583 666 inaudita
1596 615 1804 683 myste-

167 697 263 766 ria,
293 699 376 765 ut,
405 713 593 768 quem
628 699 905 756 caelorum
937 703 1158 756 excelsa
1178 718 1295 756 non
1321 702 1571 774 capiunt,
1595 721 1803 776 parvus

167 791 424 862 puellqu
465 791 633 844 alvus
674 791 1024 862 includeret,
1062 810 1372 864 precamur
1408 797 1706 868 supplices,
1740 801 1805 853 ut

168 883 230 937 de
255 881 484 954 quibus,
515 885 577 937 et
607 899 714 954 pro
739 871 945 956 quibus
970 886 1266 958 suscepisti
1296 888 1562 944 membra
1585 893 1804 946 morta-

168 976 251 1043 lia,
279 973 690 1030 intercedente
720 977 894 1033 beata
928 977 1102 1034 Maria
1131 978 1406 1050 genitrice
1447 982 1566 1048 tua,
1595 997 1802 1053 capere

169 1066 348 1134 facias,
389 1066 624 1122 devicta
663 1069 858 1124 szeculi
896 1071 1234 1139 ambitione,
1262 1071 1578 1142 victoriam,
1607 1073 1800 1130 Salva-

167 1165 248 1214 tor
275 1159 502 1226 mundi,
539 1161 643 1230 qui
683 1178 819 1216 cum
863 1165 1079 1241 aeterno
1117 1165 1284 1218 Patre
1319 1164 1454 1219 vivis
1495 1169 1554 1220 et
1593 1182 1801 1238 regnas

167 1253 302 1307 Deus
327 1251 385 1306 in
417 1251 653 1308 unitate
685 1253 931 1325 Spiritus
957 1257 1139 1311 sancti
1169 1258 1318 1312 Deus
1345 1257 1404 1312 in
1430 1259 1619 1314 smcul.

644 1340 900 1390 Collectio
928 1347 1046 1406 post
1075 1344 1306 1394 nomina.

231 1409 635 1464 Habitatorem
670 1410 965 1482 virginalis
1013 1413 1264 1483 hospitii,
1311 1413 1596 1484 Sponsum
1647 1415 1801 1470 beati

170 1501 414 1569 thalami,
449 1502 782 1557 Dominum
809 1504 1184 1572 tabernaculi,
1212 1521 1412 1576 regem
1453 1506 1676 1577 templi,
1704 1507 1800 1578 qui

167 1610 285 1649 eam
311 1593 722 1648 innocentiam
747 1595 991 1649 contulit
1015 1597 1306 1665 Genitrici,
1335 1614 1450 1668 qua
1465 1598 1802 1669 dignaretur

167 1688 450 1742 incarnata
465 1687 670 1742 Deitas
693 1687 962 1757 generari
983 1705 1142 1759 ;quas
1171 1689 1312 1743 nihil
1337 1690 1525 1744 saeculi
1554 1689 1798 1759 conscia,

167 1782 372 1834 tantum
397 1779 675 1850 precibus
725 1796 894 1834 mens
923 1783 1164 1848 attenta,
1193 1780 1381 1835 tenuit
1402 1782 1712 1852 puritatem
1741 1781 1801 1838 in

1901 618 2082 674 salute
2114 617 2436 672 conﬁrmat.
2473 619 2624 674 Illius
2653 619 2893 690 perﬁdia
2927 617 3179 691 serpenti
3213 617 3519 687 consensit,

1899 711 2204 782 conjugem
2223 709 2464 780 decepit,
2481 713 2702 781 prolem
2723 711 3043 779 damnavit;
3067 711 3236 782 hujus
3255 710 3526 766 obedien-

1901 803 1980 858 tia
2003 805 2232 858 Patrem
2258 802 2598 870 conciliavit,
2639 803 2841 858 Filium
2869 803 3097 870 meruit,
3126 803 3522 874 posteritatem

1901 896 2157 952 absolvit.
2193 897 2292 951 Illa
2332 895 2640 952 amaritudi
2685 912 2781 950 em
2815 895 2974 966 pomi
3005 911 3170 950 succo
3218 895 3520 966 propinat;

1900 987 2008 1042 ista
2035 1005 2351 1060 perennem
2383 988 2746 1044 dulcedinem
2773 986 2900 1042 Nati
2933 987 3092 1042 fonte
3129 986 3388 1042 desudat.
3425 987 3525 1041 Illa

1901 1081 2106 1136 acerbo
2133 1085 2301 1152 gustu
2339 1085 2609 1136 natorum
2648 1080 2850 1134 dentes
2893 1079 3200 1145 deterruit;
3233 1079 3355 1132 haec
3394 1094 3524 1132 sua-

1899 1173 2111 1227 vissimi
2152 1174 2316 1244 panis
2361 1171 2681 1228 blandienti
2716 1171 2842 1226 cibo
2881 1171 3170 1237 formavit,
3212 1170 3303 1224 cui
3339 1171 3526 1224 nullus

1901 1265 2142 1336 deperit,
2165 1267 2272 1320 nisi
2299 1266 2392 1336 qui
2420 1266 2490 1320 de
2517 1266 2626 1319 hoc
2645 1280 2793 1335 pane
2821 1262 3068 1318 saturari
3092 1263 3256 1316 fauce
3283 1261 3520 1316 fastidit.

1899 1359 2013 1414 Sed
2033 1359 2159 1429 jam
2185 1361 2408 1412 veteres
2439 1356 2684 1428 gemitus
2711 1357 2767 1410 in
2796 1355 3008 1426 gaudia
3033 1371 3182 1410 nova
3211 1358 3520 1408 vertamus.

1896 1451 1984 1506 Ad
2016 1454 2072 1505 te
2113 1467 2249 1522 ergo
2285 1450 2642 1516 revertimur,
2677 1448 2846 1518 Virgo
2887 1448 3039 1514 foeta,
3071 1448 3247 1502 Mater
3289 1447 3523 1514 intacta,

1898 1543 2156 1596 nesciens
2180 1542 2362 1596 virum
2392 1557 2694 1612 puerpera,
2717 1541 3000 1594 honorata
3020 1556 3124 1609 per
3149 1539 3370 1606 Filium,
3403 1554 3522 1592 non

1898 1635 2130 1706 polluta.
2157 1635 2325 1700 Felix,
2353 1649 2456 1704 per
2475 1649 2652 1704 quam
2681 1631 2844 1686 nobis
2864 1631 3153 1702 insperata
3175 1629 3385 1700 gaudia
3407 1645 3527 1683 suc-

1899 1729 2203 1780 cesserant.
2233 1726 2404 1796 Cujus
2445 1725 2590 1779 sicut
2619 1723 2886 1794 gratulati
2926 1739 3120 1776 sumus
3165 1725 3313 1788 ortu,
3340 1720 3521 1791 tripu-

1900 1817 2176 1872 diavimus
2200 1821 2386 1888 partu,
2409 1817 2488 1871 ita
2514 1816 2900 1887 gloriﬁcamur
2923 1815 2982 1868 in
3019 1813 3282 1868 transitu.
3317 1814 3526 1866 Parum

169 1873 428 1976 "iambum
453 1887 642 1962 (Nam
655 1873 1200 1976 Percepétatange,“
1218 1873 1800 1976 benefilctloanlSFe'
1817 1883 1874 1956 B
1898 1911 2136 1964 fortasse
2161 1911 2367 1976 fuerat,
2394 1909 2438 1962 si
2469 1911 2525 1962 te
2553 1908 2805 1962 Christus
2841 1907 2962 1960 solo
2990 1904 3396 1960 sanctiﬁcasset
3435 1903 3525 1957 in-

165 1965 338 2030 ribus;
365 1980 472 2019 nec
499 1953 616 2036 per
639 1964 1112 2035 Assumptionem
1135 1965 1206 2019 de
1234 1969 1423 2020 morte
1453 1965 1630 2020 sensit
1649 1966 1796 2021 inlu-

165 2056 319 2124 viem,
335 2073 464 2128 quae
477 2056 618 2110 vitae
630 2055 883 2127 portavit
901 2058 1238 2125 Auctorem;
1265 2058 1470 2112 fratres
1499 2057 1797 2126 carissimi,

167 2149 289 2202 fusis
317 2149 591 2220 precibus
611 2148 926 2204 Dominum
949 2147 1346 2220 imploremus,
1370 2153 1434 2204 ut
1463 2150 1586 2220 ejus
1610 2150 1796 2204 indul-

170 2243 348 2312 gentia
365 2242 500 2297 illuc
523 2240 792 2296 defuncti
817 2241 1138 2296 liberentur
1157 2258 1190 2295 a
1210 2244 1446 2310 tartaro,
1471 2258 1584 2313 quo
1613 2243 1800 2298 beatae

165 2334 392 2404 Virginis
422 2335 784 2389 translatum
815 2342 1066 2404 corpusa
1099 2336 1184 2388 est
1213 2334 1284 2388 de
1317 2335 1596 2406 sepulcro.
1636 2335 1800 2400 Quod

167 2426 271 2499 ipse
299 2431 577 2500 praestare
615 2426 909 2497 dignetur,
934 2425 1030 2497 qui
1058 2426 1116 2480 in
1143 2426 1396 2482 trinitate
1425 2427 1681 2498 perfecta
1722 2427 1795 2482 vi.

690 2514 944 2564 Collectio
980 2514 1044 2564 ad
1069 2527 1272 2578 pacem.

231 2586 370 2640 Deus
396 2585 748 2640 universalis
773 2584 1058 2639 machinas
1086 2589 1456 2656 prepagator,
1480 2584 1578 2656 qui
1599 2585 1656 2640 in
1675 2601 1801 2640 san-

170 2678 259 2731 ctis
287 2678 644 2748 spiritaliter,
675 2677 737 2731 in
763 2678 938 2732 Matre
962 2693 1098 2732 vero
1124 2678 1355 2748 Virgine
1387 2678 1561 2732 etiam
1595 2694 1795 2748 corpo-

170 2771 348 2824 raliter
369 2769 682 2834 habitasti;
725 2786 856 2841 quas
883 2770 1065 2824 ditata
1089 2773 1202 2824 ture
1231 2769 1604 2840 plenitudinis
1636 2771 1801 2825 uber-

170 2867 292 2929 tate,
326 2861 783 2918 mansuetudine
830 2862 1064 2932 ﬂorens,
1107 2861 1346 2917 caritate
1388 2861 1607 2932 vigens,
1656 2879 1797 2934 pace

171 2956 429 3025 gaudens,
453 2955 680 3026 pietate
698 2957 1052 3024 praecellens,
1080 2955 1150 3010 ab
1171 2956 1379 3025 angelo
1402 2955 1586 3026 gratia
1603 2955 1794 3026 plena,

169 3048 232 3100 ab
250 3048 536 3102 Elisabeth
556 3046 892 3114 benedicta,
915 3064 950 3102 a
982 3047 1257 3103 Gentibus
1283 3047 1492 3102 merito
1519 3047 1794 3118 praedica-

171 3143 250 3193 tur
268 3139 463 3206 beata;
492 3139 663 3211 cujus
691 3139 858 3194 nobis
882 3140 1026 3194 ﬁdes
1053 3139 1410 3212 mysterium,
1438 3143 1633 3210 partus
1656 3156 1797 3211 gau-

1899 2002 2092 2070 troitu,
2111 2001 2217 2056 nisi
2235 2001 2409 2055 etiam
2423 2001 2600 2054 talem
2611 2002 2860 2052 matrem
2883 1997 3248 2052 adornassset
3272 2011 3522 2065 egressu.

1899 2095 2070 2148 Recte
2111 2093 2182 2147 ab
2213 2093 2332 2163 ipse
2373 2094 2634 2162 suscepta
2657 2107 2718 2144 es
2741 2089 2801 2143 in
2823 2088 3225 2158 Assumptione
3264 2086 3524 2154 feliciter,

1899 2202 2070 2257 quem
2102 2185 2194 2256 pie
2230 2182 2525 2254 suscepisti
2563 2184 2912 2252 conceptura
2938 2197 3042 2251 per
3071 2180 3270 2246 ﬁdem,
3303 2181 3368 2232 ut
3401 2193 3528 2249 qua:

1899 2282 2066 2332 terra:
2093 2293 2208 2332 non
2230 2293 2358 2331 eras
2387 2273 2634 2342 conscia,
2666 2289 2783 2328 non
2817 2275 3044 2328 teneret
3077 2288 3251 2342 rupes
3287 2271 3522 2326 inclusa.

1897 2371 2040 2424 Vere
2071 2369 2306 2424 diversis
2337 2368 2530 2422 infulis
2556 2366 2753 2420 anima
2782 2366 3085 2436 redempta
3117 2381 3130 2420 :
3159 2364 3249 2418 cui
3285 2363 3526 2434 apostoli

1897 2478 2124 2516 sacrum
2143 2461 2395 2516 reddunt
2413 2459 2770 2529 obsequium,
2789 2457 2982 2528 angeli
3001 2461 3255 2522 cantum,
3273 2455 3526 2512 Christus

1897 2555 2242 2626 amplexum,
2267 2551 2434 2606 nubis
2452 2551 2797 2617 vehiculum,
2827 2549 3138 2620 assumptio
3167 2547 3519 2619 paradisum,

1896 2647 2048 2701 inter
2099 2647 2303 2701 choros
2345 2643 2634 2714 virginum
2702 2641 2885 2713 gloria
2944 2640 3360 2712 principatum,
3420 2655 3526 2709 per

1897 2739 2183 2796 Christum
2230 2736 2537 2792 Dominum
2590 2738 2870 2790 nostrum.
2923 2733 3024 2789 Cui
3076 2732 3282 2804 Angeli
3348 2734 3522 2802 atque

1895 2830 2240 2902 Archangeli
2267 2845 2384 2884 non
2416 2843 2556 2882 cess.

2385 2915 2633 2966 Collectio
2657 2918 2776 2978 post
2797 2915 3032 2964 Sanctus.

1965 2992 2106 3045 Vere
2133 2991 2381 3056 sanctus,
2408 3003 2540 3042 vere
2570 2985 2850 3058 gloriosus
2877 2982 3217 3055 Unigenitus
3246 2985 3375 3036 tuus
3411 2983 3522 3037 Do-

1899 3084 2088 3138 minus
2121 3085 2314 3137 noster
2337 3083 2495 3136 Jesus
2523 3079 2794 3145 Christus,
2827 3077 2924 3150 qui
2949 3093 3079 3132 cum
3109 3077 3179 3132 de
3202 3093 3324 3144 suo,
3351 3075 3519 3131 Geni-

1896 3176 2007 3231 tori
2047 3178 2194 3230 esset
2237 3173 2488 3245 aequalis,
2519 3173 2591 3228 de
2636 3175 2831 3226 nostro
2876 3171 3058 3226 factus
3099 3173 3186 3224 est
3223 3169 3414 3224 minor
3447 3169 3519 3223 ab

170 3232 330 3299 dium,
353 3233 469 3286 vita
490 3231 1485 3340 provectum,‘discessusattulithop
1506 3232 1874 3340 festivum”:
1901 3268 2140 3340 angelis,
2191 3270 2249 3322 et
2293 3231 2360 3321 ἐκ
2404 3231 2570 3322 Pa'tre
2617 3265 2838 3319 habens
2881 3261 3398 3329 immortalitatem,
3457 3277 3523 3315 ex

170 3341 458 3393 precamur
483 3324 800 3396 supplices,
823 3327 885 3378 ut
911 3341 1135 3396 pacem,
1162 3340 1288 3396 quae
1317 3323 1376 3378 in
1397 3323 1799 3396 adsumptione

167 3417 339 3470 Matris
397 3421 536 3472 tunc
583 3416 884 3489 praebuisti
932 3417 1239 3488 discipulis,
1289 3417 1581 3472 solemnib
1618 3434 1802 3488 nuper

170 3507 418 3580 largiaris
490 3510 553 3564 in
623 3509 866 3576 cunctis,
919 3511 1177 3565 Salvator
1237 3509 1458 3577 mundi,
1513 3510 1610 3582 qui
1671 3526 1800 3566 cum

169 3602 340 3670 Patre,
374 3605 432 3656 et
461 3601 687 3674 Spiritu
714 3603 912 3656 sancto
942 3601 1100 3656 vivis.

815 3688 1148 3740 Contestatio.

231 3759 474 3831 Dignum
500 3764 562 3816 et
576 3760 806 3832 justum
833 3763 936 3828 est,
968 3760 1335 3832 omnipotens
1364 3761 1532 3827 Deus,
1560 3777 1666 3814 nos
1699 3759 1799 3814 tibi

171 3869 394 3924 magnas
418 3854 632 3908 merito
655 3853 872 3924 gratias
897 3870 1091 3924 agere,
1115 3857 1376 3924 tempore
1404 3851 1796 3918 celeberrimo,

172 3944 250 3998 die
271 3963 384 4016 pra:
404 3947 616 4000 ceteris
639 3945 1006 4000 honorando.
1033 3946 1156 4010 Quo
1177 3945 1361 3999 ﬁdelis
1380 3945 1592 4000 Israhel
1613 3961 1800 4015 egres-

170 4054 250 4090 sus
273 4042 354 4092 est
375 4039 446 4093 de
460 4040 738 4110 Egypto,
765 4054 878 4110 quo
897 4038 1070 4109 Virgo
1093 4038 1193 4092 Dei
1213 4037 1464 4092 Genitrix
1486 4037 1556 4092 de
1577 4037 1796 4092 mundo

171 4128 418 4201 migravit
433 4131 509 4186 ad
527 4129 843 4187 Christum.
868 4130 1006 4195 Quae
1024 4146 1129 4184 nec
1143 4130 1212 4183 de
1230 4129 1595 4201 corruptione
1617 4145 1798 4184 susce-

172 4221 244 4290 pit
270 4223 630 4296 contagium,
661 4221 860 4296 213
892 4239 999 4276 nec
1036 4222 1449 4278 resolutionem
1474 4221 1709 4292 pertulit
1737 4221 1796 4275 in

170 4316 445 4384 sepulcro;
478 4315 806 4388 pollutione
841 4315 1042 4382 libera,
1087 4314 1348 4385 germine
1389 4313 1656 4386 gloriosa,
1706 4329 1793 4368 as-

172 4409 480 4478 sumptione
524 4424 733 4462 secura
757 4407 1026 4478 paradiso
1065 4407 1200 4462 dote
1232 4407 1496 4477 praelata;
1538 4404 1796 4460 nesciens

173 4496 369 4554 damna
389 4501 460 4555 de
483 4501 664 4567 coitu,
688 4516 927 4554 sumens
947 4503 1079 4554 vota
1100 4499 1170 4554 de
1192 4499 1406 4564 fructu;
1433 4515 1548 4553 non
1571 4497 1796 4552 subdita

1898 3363 2071 3417 Matre
2097 3359 2251 3433 quod
2281 3361 2606 3414 moreretur
2625 3356 2961 3430 adsumpsit,
2993 3355 3134 3410 utin
3165 3372 3224 3409 se
3253 3355 3525 3410 liberaret

1899 3471 2082 3526 genus
2115 3455 2432 3508 humanum
2460 3451 2531 3506 de
2559 3455 2796 3519 tartaro,
2829 3451 2966 3505 dum
3003 3448 3189 3519 ipsum
3218 3463 3375 3502 mors
3405 3462 3522 3502 non

1899 3546 2156 3603 tenuitin
2176 3546 2456 3617 sepulcro.
2480 3542 2596 3616 21
2612 3543 2672 3615 4
2694 3545 2816 3614 Ipse
2839 3541 2992 3596 enim
3019 3539 3165 3613 prid.
3197 3555 3370 3610 quam
3400 3541 3518 3609 pat.

2478 3637 2602 3684 Post
2626 3633 2951 3698 mysterium.

1967 3709 2303 3774 Descendat,
2346 3705 2607 3773 Domine,
2657 3705 2716 3762 in
2751 3703 2840 3758 his
2884 3701 3172 3756 sacriﬁciis
3210 3704 3321 3754 tua:
3348 3701 3523 3756 bene-

1899 3800 2160 3857 dictionis
2199 3802 2516 3855 coaeternus
2547 3801 2604 3852 et
2633 3799 2972 3867 c00perator
3002 3792 3310 3850 Paraclitus
3344 3793 3522 3864 Spiri-

1897 3898 2006 3961 tus,
2048 3897 2112 3948 ut
2147 3892 2498 3948 oblationem
2525 3907 2702 3962 quam
2737 3889 2839 3943 tibi
2865 3888 2936 3942 de
2969 3891 3068 3941 tua
3102 3889 3256 3940 terra
3281 3886 3518 3940 fructiﬁ-

1897 3989 2061 4042 cante
2119 3984 2510 4056 porregimus,
2562 3982 2813 4038 ceelestic
2874 3978 3408 4052 permuneratione,
3466 3981 3522 4033 te

1895 4079 2303 4145 sanctiﬁcante,
2318 4093 2630 4144 sumamus,
2645 4078 2708 4130 ut
2719 4074 2994 4129 translata
3008 4073 3172 4144 fruge
3185 4072 3244 4127 in
3259 4087 3518 4142 corpore,

1895 4173 2068 4228 calice
2100 4171 2160 4226 in
2198 4186 2419 4237 cruore,
2452 4168 2717 4240 proﬁciat
2744 4165 2984 4234 meritis,
3019 4165 3174 4237 quod
3214 4163 3522 4219 obtulimus

1893 4281 1997 4336 pro
2027 4263 2266 4319 delictis.
2304 4264 2517 4318 Praesta
2552 4260 2921 4332 omnipotens
2947 4260 3116 4327 Deus,
3155 4256 3250 4330 qui
3287 4256 3424 4311 vivis
3462 4258 3521 4310 et

1895 4373 1956 4412 re
1963 4373 2105 4428 gnas
2131 4355 2191 4410 in
2223 4355 2448 4410 saecula.

2299 4448 2431 4497 Ante
2455 4443 2740 4495 orationem
2768 4441 3108 4493 Dominieam.

1964 4517 2196 4584 Exaudi,
2229 4516 2594 4588 omnipotens
2620 4519 2834 4569 aaterne
2862 4514 3010 4567 Deus
3045 4510 3356 4583 supplicem
3398 4513 3517 4584 ple-

174 4589 342 4645 ἀθῙθΓί
373 4610 480 4664 Per
511 4595 773 4664 Partum:
809 4609 925 4646 non
961 4591 1146 4646 labori
1188 4607 1295 4662 Per
1334 4591 1657 4657 tranSitum:
1691 4589 2028 4666 necDhem
2070 4614 2230 4664 tuam
2273 4609 2346 4664 ob
2390 4609 2671 4663 honorem
2730 4604 2917 4661 Mariae
2959 4603 3302 4659 beatissimas
3357 4605 3517 4674 geni-

173 4680 276 4737 vita
301 4685 622 4752 voluntate,
647 4700 755 4739 nec
784 4685 958 4739 funus
983 4682 1220 4738 solvitur
1238 4682 1290 4738 vi
1315 4686 1552 4737 naturae.
1575 4682 1799 4754 Specio-

171 4791 254 4828 sus
288 4777 600 4843 thalamus,
639 4776 711 4830 de
760 4792 873 4848 quo
914 4775 1123 4846 dignus
1161 4773 1354 4846 prodit
1387 4775 1658 4846 Sponsus,
1703 4775 1798 4828 lux

174 4868 435 4938 gentium,
468 4885 608 4940 spes
645 4868 925 4936 ﬁdelium,
965 4884 1096 4938 spes
1137 4867 1415 4934 ﬁdelium,
1447 4865 1644 4937 praedo
1680 4865 1795 4921 (ἰω-

173 4975 416 5030 monum,
443 4961 712 5018 confusio
739 4960 1090 5027 Judaorum,
1118 4961 1409 5014 vasculum
1434 4959 1584 5026 vitaz,
1612 4957 1798 5013 taber-

173 5055 422 5109 naculum
455 5053 682 5126 glorize,
703 5053 984 5124 templum
1005 5053 1228 5107 caeleste
1255 5068 1268 5106 :
1291 5052 1451 5122 cujus
1475 5051 1796 5121 juvenculse

173 5147 360 5200 melius
385 5147 768 5218 predicantur
799 5144 1026 5212 merita,
1061 5161 1192 5199 cum
1214 5144 1421 5199 veteris
1445 5145 1573 5218 Evaa
1607 5143 1797 5198 confe-

175 5241 362 5293 runtur
386 5215 679 5311 exempla.
703 5237 1002 5309 Siquidem
1021 5236 1130 5292 ista
1159 5235 1376 5292 mundo
1402 5215 1577 5290 vitain
1597 5238 1794 5308 protu-

176 5329 248 5395 lit,
275 5331 367 5386 illa
390 5334 588 5403 legem
616 5330 819 5386 mortis
847 5329 1094 5397 invexit;
1118 5329 1214 5384 illa
1248 5327 1657 5401 prevaricando
1691 5343 1796 5382 nos

179 5423 430 5493 perdidit,
458 5426 572 5479 ista
600 5422 938 5496 generando
970 5422 1221 5478 salvavit.
1249 5423 1351 5478 Illa
1381 5437 1484 5476 nos
1509 5437 1682 5493 pomo
1703 5435 1794 5476 ar-

178 5513 314 5570 boris
341 5517 398 5572 in
429 5517 558 5590 ipsa
605 5516 802 5572 radice
836 5515 1143 5587 percussit;
1186 5531 1253 5570 ex
1288 5513 1457 5585 hujus
1495 5513 1657 5586 virga
1689 5513 1796 5568 ﬂos

178 5606 316 5676 exiit,
341 5610 440 5681 qui
465 5626 576 5665 nos
599 5609 781 5664 odore
805 5607 1084 5675 reﬁceret,
1103 5608 1268 5679 fruge
1285 5609 1528 5662 curaret.
1556 5606 1656 5660 Illa
1677 5622 1796 5661 ma-

240 5730 264 5759 ⁸
283 5731 496 5787 Eadem
517 5731 634 5786 fuit
657 5729 949 5801 persuasio
970 5730 1228 5800 Gregorii
1253 5729 1426 5801 episc.
1451 5729 1794 5787 Turonensis

181 5797 351 5872 inlib.
385 5819 402 5856 ι
433 5803 504 5857 de
531 5797 735 5858 Gloria
761 5797 1109 5872 martyrum,
1128 5817 1252 5872 cap.
1281 5797 1334 5855 4.

242 5869 268 5910 b
293 5873 626 5946 Legendum
655 5873 822 5944 puto,
847 5869 1347 5943 soltemniter,’seu,
1384 5872 1446 5925 ut
1474 5872 1693 5926 veteres
1726 5869 1792 5926 1i-

1896 4702 2076 4770 tricis;
2129 4705 2186 4756 et
2227 4701 2307 4756 ita
2353 4717 2551 4772 preces
2589 4701 2813 4754 nostras
2831 4698 3116 4770 benignus
3162 4697 3418 4762 intende,
3458 4699 3522 4751 ut

1895 4812 2024 4851 cum
2069 4794 2275 4850 ﬁducia
2327 4793 2514 4849 dicere
2565 4809 2895 4847 mereamur
2941 4791 3284 4858 orationem,
3345 4805 3519 4861 quam

1895 4904 2001 4942 nos
2030 4887 2306 4942 Dominus
2331 4889 2526 4941 noster
2547 4887 2706 4942 Jesus
2732 4884 2984 4941 Christus
3008 4883 3177 4939 Filius
3202 4885 3330 4936 tuus
3352 4898 3518 4936 orare

1896 4979 1973 5034 sic
2001 4979 2212 5049 docuit,
2235 4979 2429 5034 dicens
2460 4996 2473 5034 :
2499 4979 2686 5034 Pater.

2305 5072 2426 5120 Post
2453 5069 2740 5120 orationem
2763 5067 3107 5119 Dominicam.

1967 5141 2171 5197 Libera
2190 5159 2294 5196 nos
2315 5143 2386 5196 ab
2409 5141 2567 5196 omni
2591 5142 2766 5209 malo,
2787 5140 2857 5194 ab
2881 5139 3040 5195 omni
3067 5137 3296 5206 delicto,
3323 5139 3522 5192 auctor

1897 5235 2154 5290 omnium
2203 5235 2490 5289 bonorum
2539 5236 2598 5287 et
2635 5232 2915 5300 conditor,
2968 5233 3142 5298 Deus;
3180 5235 3239 5285 et
3273 5231 3517 5286 interce-

1896 5328 2067 5382 dente
2106 5327 2275 5382 beata
2311 5325 2485 5381 Maria
2527 5325 2801 5396 genitrice
2846 5329 2966 5393 tua,
3011 5326 3210 5380 contra
3248 5323 3521 5380 cotidiani

1895 5419 2073 5475 hostis
2107 5418 2341 5474 insidias
2377 5417 2664 5474 cotidiana
2704 5435 2808 5472 nos
2855 5417 3210 5489 protectione
3250 5415 3517 5482 defende,

1895 5513 2154 5568 Salvator
2195 5511 2418 5579 mundi,
2459 5510 2557 5583 qui
2590 5526 2721 5566 cum
2757 5511 2946 5579 Patre,
2984 5513 3042 5566 et
3075 5509 3287 5582 Spiritu
3323 5510 3518 5564 sancto

1894 5605 2030 5660 vivis
2061 5608 2119 5661 et
2141 5621 2372 5678 regnas.

1892 5727 2001 5792 bri,
2030 5730 2416 5799 sollempniter,
2443 5744 2548 5798 pro
2578 5729 2824 5784 sollemni
2843 5743 3034 5798 nuper.

1962 5811 1985 5839 ο
2015 5801 2137 5854 Νοη
2167 5792 2364 5854 dubito
2392 5792 2528 5870 quin
2552 5799 2861 5870 legendum
2887 5792 2993 5854 h'oc
3012 5799 3157 5863 loco,
3181 5792 3509 5862 caelestiper-

1890 5873 2202 5941 mutatione,
2232 5874 2292 5928 ut
2315 5869 2898 5946 seq’uentia’probant.
