3976 6414
427 369 532 426 247

982 477 1279 530 Benedictio
1297 479 1496 544 pOpuli.

496 556 661 623 Deus,
698 554 812 627 qui,
847 571 977 610 cum
1009 559 1064 612 te
1107 573 1224 611 non
1249 556 1482 628 capiunt
1519 554 1659 622 caeli,
1694 553 1960 625 dignatus
1989 571 2048 608 es

424 648 483 705 in
511 651 724 721 templo
757 649 901 704 uteri
930 649 1234 720 Virginalis
1266 649 1498 704 includi.
1530 652 1734 704 Amen.
1768 650 1837 702 Ut
1864 651 2049 702 mater

420 742 644 813 integra
674 743 914 797 haberet
941 743 1190 797 fructum
1221 743 1292 797 de
1336 743 1554 814 spiritu,
1588 745 1644 795 et
1669 741 2045 811 incorruptio-

420 852 554 889 nem
583 835 652 888 de
681 839 868 906 partu.
897 837 1100 890 Amen.
1125 837 1206 890 Da
1232 835 1384 907 plebi
1413 836 1698 906 Angelum
1725 834 2044 900 custodem,

419 928 516 999 qui
539 928 742 982 Filium
767 929 972 996 Mariae,
997 929 1109 983 ﬁde
1130 929 1506 999 concipiente,
1534 926 1813 998 przedixit.
1841 929 2044 981 Amen.

419 1022 748 1077 Sanctiﬁcet
779 1039 1017 1093 gregem
1055 1026 1214 1075 tuum
1256 1022 1352 1076 illa
1387 1020 1734 1084 benedictio,
1764 1037 1891 1090 qua":
1927 1020 2046 1074 sine

419 1115 638 1169 semine
665 1117 917 1169 humano
947 1115 1412 1185 Redemptorem,
1441 1113 1687 1182 Virginis
1715 1113 1960 1167 firmavit
1987 1113 2046 1166 in

417 1212 602 1262 utero.
631 1210 832 1262 Amen.
860 1208 948 1274 Ut,
980 1211 1032 1261 te
1061 1210 1422 1278 protegente,
1457 1207 1669 1260 exultet
1699 1205 1945 1260 Ecclesia
1977 1206 2046 1258 de

418 1304 769 1371 congregato
809 1301 1051 1371 populo;
1080 1301 1223 1354 sicut
1255 1299 1428 1354 Maria
1466 1299 1678 1353 meruit
1712 1299 1943 1369 gloriari
1975 1299 2044 1352 de

417 1394 622 1448 fructu.
669 1396 873 1448 Amen.
924 1393 1089 1458 Quod
1138 1393 1258 1464 ipse
1313 1395 1586 1464 praestare
1634 1391 1906 1462 digneris,
1949 1393 2045 1462 qui

415 1503 545 1540 cum
575 1487 742 1541 Patre
771 1490 833 1543 et
860 1487 1074 1557 Spiritu
1107 1488 1303 1540 sancto
1325 1485 1462 1540 vivis
1487 1489 1545 1540 et
1572 1501 1781 1556 regnas
1811 1486 1957 1539 Deus
1985 1485 2044 1540 in

417 1580 622 1634 saecula
645 1581 1002 1634 saeculorum.
1029 1582 1235 1633 Amen.

958 1661 1079 1710 Post
1099 1659 1495 1709 Eucharistiam.

481 1735 716 1801 Adesto,
768 1751 1114 1806 quaesumus,
1171 1734 1412 1789 Domine
1469 1734 1733 1788 fidelibus
1797 1733 1925 1800 tuis,
1983 1735 2046 1785 ut

1205 369 1536 424 APPENDIX
1572 370 1660 425 AD
1699 369 1918 424 OPERA
1954 365 2189 422 SANCTI
2224 365 2523 422 GERMANI
2561 362 2986 419 PARISIENSIS.

2070 475 2246 560 Avit.
2298 477 2438 530 Vere
2489 476 2575 529 est
2629 472 2787 528 enim
2853 469 3226 526 honorandus
3280 468 3452 541 hujus
3506 466 3628 523 diei
3698 482 3813 560 na:

3699 359 3818 413 248

2149 569 2295 635 talis,
2325 585 2452 639 qua:
2483 567 2560 621 sic
2587 569 2818 621 terrena
2846 563 3220 637 generatione
3254 561 3589 634 processsit,
3632 562 3701 614 ut
3729 557 3818 614 ad

2150 661 2460 716 divinitatis
2499 658 2850 715 consortium
2884 675 2990 729 per
3026 656 3530 712 consecrationem
3551 651 3814 726 virgini-

2149 754 2284 809 tatis
2311 753 2656 826 perveniret.
2689 754 2798 808 Per
2825 751 3158 806 Dominum.

2672 852 2919 906 Collectio
2947 852 3013 902 ad
3045 865 3248 916 pacem.

2219 941 2371 996 Laeta
2403 957 2526 1008 nos,
2571 937 2834 1007 Domine,
2887 953 3232 1009 quaesumus,
3275 935 3466 990 beatas
3517 931 3814 1005 martyris

2149 1037 2260 1087 tua;
2279 1036 2471 1104 Agnes
2495 1031 2769 1086 festivitas
2797 1047 3025 1101 semper
3049 1029 3314 1100 excipiat,
3343 1043 3474 1100 quae
3502 1031 3562 1082 et
3581 1026 3810 1096 jocun-

2149 1126 2390 1180 ditatem
2424 1126 2588 1180 nobis
2623 1141 2737 1178 suae
2775 1122 3226 1194 gloriﬁcationis,
3275 1125 3332 1174 et
3369 1120 3528 1192 pacis
3560 1117 3815 1174 sinceri-

2148 1222 2329 1274 tatem
2375 1218 2660 1285 infundat,
2704 1220 2762 1271 et
2806 1217 2911 1271 tibi
2958 1233 3063 1270 nos
3101 1215 3309 1270 reddat
3347 1216 3640 1284 acceptos.
3689 1213 3815 1267 Per

2148 1311 2476 1366 Dominum.

2812 1378 3120 1429 Immolatio.

2216 1469 2357 1520 Vere
2403 1466 2662 1537 dignum,
2697 1468 2753 1519 et
2781 1465 3001 1536 justum
3039 1467 3143 1518 est.
3185 1462 3310 1518 Tibi
3357 1462 3538 1528 enim,
3589 1459 3809 1516 Domi-

2147 1576 2238 1626 ne,
2273 1560 2420 1613 festa
2457 1558 2788 1614 solemnitas
2814 1558 3021 1628 agitur,
3054 1556 3156 1610 tibi
3185 1556 3308 1610 dies
3333 1558 3558 1609 sacrata
3739 1551 3809 1626 6

2145 1653 2484 1719 celebratur,
2518 1669 2692 1722 quam
2733 1651 2917 1704 beatae
2947 1652 3142 1721 Agnes
3178 1648 3416 1720 virginis
3457 1647 3706 1718 sanguis
3739 1645 3810 1700 in

2145 1745 2396 1799 veritatis
2429 1748 2537 1798 tua:
2568 1742 2967 1798 testificatione
3003 1743 3288 1813 profusus,
3321 1739 3642 1812 magnifico
3687 1755 3810 1794 no-

412 1844 538 1900 quae
551 1827 1068 1898 sumpsitﬁdelitcr,
1089 1831 1147 1881 et
1166 1831 1361 1882 mente
1380 1827 1485 1882 sibi
1504 1831 1561 1882 et
1576 1843 1836 1898 corpore,
1858 1827 2028 1879 beata

2207 1837 2316 1892 inis
2353 1838 2432 1890 tui
2486 1837 2704 1891 honore
2765 1835 3030 1906 signavit.
3075 1835 3177 1890 Cui
3223 1834 3297 1888 ad
3353 1833 3808 1888 mirificandam

407 1920 594 1976 Mariae
619 1920 1028 1975 intercessione
1058 1920 1360 1975 custodiat.
1404 1921 1570 1984 Quod
1603 1921 1722 1991 ipse
1772 1922 2042 1990 prazstare

409 2013 682 2084 digneris,
711 2013 807 2084 qui
835 2029 966 2068 cum
997 2015 1212 2068 aeterno
1239 2014 1404 2067 Patre
1432 2013 1568 2067 vivis
1596 2017 1654 2067 et
1677 2030 1907 2084 regnas.

963 2095 1213 2145 Collectio
1237 2095 1488 2158 sequitur.

481 2167 839 2233 Qumsumus,
853 2167 1096 2222 Domine
1110 2168 1258 2221 Deus
1277 2171 1490 2234 noster,
1514 2170 1594 2235 ut,
1619 2167 2038 2224 interveniente

406 2260 576 2314 beata
601 2259 793 2328 Maria,
818 2263 1177 2315 sacrosancta
1198 2261 1490 2331 mysteria,
1522 2279 1648 2332 quae
1671 2262 2036 2333 sumpsimus,

407 2355 536 2408 actu
573 2354 990 2425 subsequamur
1029 2358 1087 2407 et
1125 2371 1314 2421 sensu,
1359 2358 1416 2408 et
1459 2355 1580 2424 ejus
1612 2355 1775 2410 nobis
1816 2356 2039 2410 indulta

403 2446 638 2502 refectio
668 2447 844 2501 vitam
883 2448 1142 2502 conferat
1187 2447 1598 2518 sempiternam
1631 2466 1734 2520 per
1771 2466 1903 2503 eum
1941 2451 2038 2521 qui

405 2543 591 2595 tecum
618 2544 676 2595 et
706 2558 836 2595 cum
858 2541 1070 2612 Spiritu
1103 2544 1298 2595 sancto
1327 2541 1461 2595 vivit
1492 2544 1550 2595 et
1577 2547 1804 2613 regnat.

472 2640 601 2693 X111.
631 2655 789 2696 MISSA
815 2656 869 2694 1N
897 2655 1098 2695 mnu;
1120 2655 1291 2697 asses
1316 2655 1552 2695 vmcms
1581 2657 1644 2694 ar
1675 2657 1963 2696 MARTYRIS.

474 2728 664 2802 215
707 2733 768 2784 In
793 2730 978 2784 beatae
1017 2730 1284 2799 martyris
1315 2733 1507 2799 Agnes
1547 2729 1807 2783 natalitia
1857 2730 2033 2800 tripu-

403 2821 646 2888 diantes,
681 2823 886 2876 fratres
917 2822 1214 2889 carissimi,
1239 2823 1444 2876 devoto
1472 2823 1643 2876 corde
1667 2823 1912 2878 Domino
1942 2824 2036 2877 ad-

402 2914 685 2970 sistamus.
713 2916 856 2969 Vere
890 2915 1044 2968 enim
1076 2915 1245 2986 hujus
1278 2918 1363 2968 est
1391 2915 1764 2969 honorandus
1810 2917 2032 2983 natalis,

403 3024 530 3078 qua
561 3007 639 3062 sic
669 3011 806 3062 nata
832 3011 916 3061 est
939 3008 1177 3075 mundo,
1207 3011 1270 3061 ut
1299 3008 1369 3061 sit
1399 3009 1535 3062 caelo
1564 3012 1799 3075 renata;
1827 3009 1904 3062 sic
1932 3009 2034 3062 sub

402 3104 589 3156 morte
634 3101 776 3171 legis
813 3104 1132 3171 procreata,
1163 3104 1226 3154 ut
1252 3103 1577 3156 contereret
1615 3102 1816 3157 mortis
1847 3105 2036 3156 aucte-

401 3211 554 3259 rem;
604 3194 682 3248 sic
729 3194 958 3248 infirmo
991 3211 1124 3248 sexu
1155 3194 1406 3262 condita,
1447 3198 1508 3248 ut
1547 3195 1861 3249 metuenda
1904 3197 2110 3283 virisC

400 3287 642 3341 fortibus
669 3285 988 3357 despiceret
1016 3289 1306 3341 tormenta
1332 3305 1344 3353 ;
1379 3287 1455 3342 sic
1484 3288 1669 3357 fragili
1699 3289 2030 3345 conditione

399 3379 698 3451 producta,
725 3382 786 3433 ut
804 3381 993 3450 puella
1014 3379 1328 3450 virginibus
1352 3383 1409 3434 et
1429 3380 1806 3452 potestatibus
1839 3382 2034 3437 trium-

394 3473 622 3544 pharet.
657 3472 700 3527 Ο
727 3489 861 3527 vera
899 3473 1183 3538 nobilitas,
1229 3490 1355 3544 qua:
1400 3474 1479 3528 sic
1519 3477 1748 3528 terrena
1795 3491 2034 3545 genera-

398 3565 555 3620 tione
590 3566 883 3636 processit,
933 3569 995 3620 ut
1032 3567 1104 3621 ad
1145 3566 1455 3620 divinitatis
1501 3569 1853 3622 consortium
1900 3586 2028 3640 per-

397 3659 642 3714 veniret!
667 3661 906 3715 Oremus
937 3676 1074 3732 ergo
1106 3665 1166 3715 ut
1194 3678 1296 3732 pro
1330 3661 1494 3716 nobis
1521 3661 1866 3717 interveniat
1901 3679 2030 3734 pre-

395 3752 572 3821 cibus,
613 3770 740 3824 quze
783 3753 961 3826 digna
1003 3754 1226 3808 adsistit
1271 3755 1476 3808 divinis
1513 3755 1823 3809 obtutibus.
1865 3756 2030 3820 Quod

393 3845 514 3917 ipse
545 3849 816 3918 praestare
863 3847 1134 3918 dignetur
1167 3847 1263 3919 qui
1305 3864 1436 3902 cum
1477 3849 1666 3914 Patre,
1715 3852 1774 3902 et
1817 3849 2029 3920 Spiritu

398 3943 595 3994 sancto
617 3939 754 3994 vivit
786 3942 845 3994 et
867 3944 1092 4010 regnat.

953 4020 1204 4070 Collectio
1231 4019 1480 4084 sequitur.

465 4095 614 4149 Deus
644 4093 888 4148 victricis
912 4097 1103 4164 Agnes
1131 4095 1360 4164 adjutor
1389 4098 1446 4148 et
1481 4095 1798 4166 praemium,
1828 4099 2029 4153 exaudi

394 4203 500 4242 nos
539 4187 688 4240 illius
726 4187 1070 4253 interventu,
1103 4187 1262 4258 cujus
1287 4187 1565 4258 passionis
1595 4191 1848 4244 natalem
1880 4193 2027 4246 cele-

390 4280 662 4342 bramus;
704 4279 792 4333 cui
840 4279 983 4333 tanti
1025 4279 1279 4334 muneris
1323 4280 1568 4350 gratiam
1613 4283 1917 4351 contulisti,
1968 4288 2031 4338 ut

393 4372 706 4439 diabolum,
744 4372 840 4443 qui
885 4389 986 4443 per
1029 4374 1204 4427 Evam
1250 4373 1569 4428 humanum
1613 4391 1794 4445 genus
1855 4393 2027 4431 omne

389 4465 762 4532 subverterat,
791 4468 993 4520 tenera
1021 4469 1188 4520 aetate
1215 4467 1406 4537 Agnes
1433 4470 1777 4535 contereret,
1809 4473 1867 4523 et
1893 4487 2027 4524 sexu

2146 1930 2389 2000 gratiam
2413 1933 2590 1996 tuam,
2614 1929 2672 1982 in
2696 1932 2896 1982 tenero
2930 1927 3118 1982 adhuc
3145 1943 3406 1998 corpore,
3441 1930 3499 1980 et
3532 1925 3808 1980 necdum

2145 2023 2396 2093 puellare
2421 2023 2560 2075 ﬂore
2575 2024 2822 2086 maturo,
2852 2021 3000 2074 hanc
3029 2019 3301 2074 virtutem
3323 2019 3459 2073 fidei
3482 2022 3540 2072 et
3561 2018 3808 2088 patien-

2145 2115 2236 2168 tiae
2266 2114 2666 2169 fortitudinem
2700 2113 3012 2180 contulisti,
3047 2115 3107 2166 ut
3134 2113 3362 2167 saevitiae
3397 2111 3808 2183 persecutoris

2144 2225 2259 2262 non
2313 2208 2545 2262 cederet
2587 2206 2912 2261 constantia
2960 2205 3277 2276 virginalis,
3302 2222 3418 2276 quo
3476 2204 3812 2276 gloriosior

2143 2302 2305 2354 fleret
2328 2318 2538 2354 corona
2568 2299 2858 2370 martyrii;
2889 2298 3026 2370 quia
3056 2298 3212 2352 inter
3245 2298 3453 2352 acerba
3501 2297 3808 2368 supplicia

2143 2411 2246 2448 nec
2273 2393 2425 2448 sexui
2455 2393 2641 2464 potuit
2663 2393 2906 2464 eripere,
2927 2409 3032 2446 nec
3049 2391 3224 2446 aetati.
3248 2391 3424 2461 Hujus
3450 2390 3635 2461 igitur
3657 2407 3806 2462 pas-

2141 2487 2316 2540 sionis
2340 2487 2492 2541 diem
2518 2486 2799 2541 hodierna
2827 2485 3131 2540 devotione
3155 2485 3536 2550 celebrantes,
3567 2483 3802 2539 immo-

2139 2583 2323 2634 lamus
2350 2580 2468 2646 tibi,
2502 2579 2742 2634 Domine
2789 2580 2938 2633 Deus
2978 2583 3192 2645 noster,
3231 2577 3525 2632 victimam
3572 2577 3801 2632 laudis.

2141 2674 2324 2737 Quam
2357 2690 2487 2727 cum
2518 2673 2655 2728 Filio
2696 2675 2795 2727 tuo
2827 2671 3072 2726 Domino
3102 2674 3298 2726 nostro
3341 2674 3399 2726 et
3425 2674 3632 2725 sancto
3671 2671 3809 2742 Spi-

2138 2767 2270 2833 ritu,
2302 2784 2406 2838 per
2434 2766 2753 2820 claritatem
2777 2769 3145 2836 regnantem,
3179 2781 3310 2819 cum
3337 2764 3564 2835 angelis
3599 2768 3668 2818 et
3699 2782 3804 2819 ar-

2137 2859 2430 2931 changelis
2463 2858 2907 2926 dominationes,
2945 2857 3318 2930 principatus,
3352 2861 3410 2912 et
3437 2859 3804 2928 potestates,

2138 2953 2279 3020 coeli,
2311 2953 2697 3023 ccelorumque
2723 2951 2978 3020 virtutes,
3008 2968 3074 3005 ac
3103 2951 3276 3006 beata
3317 2950 3594 3022 seraphin
3629 2952 3806 3007 socia

2138 3046 2486 3100 exultatione
2516 3045 2940 3111 concelebrant,
2974 3045 3232 3099 dicentes
3260 3059 3273 3098 :
3310 3044 3579 3099 Sanctus.

2206 3168 2332 3221 XIV.
2377 3181 2535 3221 MISSA
2575 3182 2626 3222 IN
2667 3182 2870 3222 NATALE
2909 3181 3125 3222 SANCTJE
3165 3181 3404 3221 CJEClLlJE
3440 3182 3720 3223 VIRGINIS.

2206 3277 2603 3332 Venerabilem
2626 3294 2690 3331 ac
2713 3276 3020 3330 sublimem
3038 3277 3224 3331 beatae
3243 3277 3518 3348 martyris
3534 3279 3803 3335 Caecilia:

2134 3371 2460 3443 passionem
2487 3373 2544 3424 et
2570 3373 2828 3423 sanctam
2861 3369 3292 3424 solemnitatem
3323 3371 3421 3441 pia
3465 3371 3802 3429 devotione

2133 3465 2506 3530 celebrantes,
2531 3465 2994 3518 conservatorem
3039 3463 3300 3518 omnium
3327 3465 3531 3533 Deum,
3568 3467 3802 3521 fratres

2133 3557 2428 3623 carissimi,
2459 3557 2854 3627 deprecemur,
2887 3560 2950 3610 ut
2993 3555 3100 3627 piis
3139 3557 3400 3612 Ecclesiae
3440 3575 3560 3612 suae
3594 3561 3799 3630 preci-

2131 3653 2236 3706 bus
2262 3650 2602 3722 propitiatus
2633 3649 2897 3716 adsistat;
2933 3653 2989 3703 et
3011 3649 3154 3703 sicut
3177 3649 3260 3703 illi
3287 3650 3462 3705 hodie
3496 3668 3802 3708 coronam

2133 3741 2308 3807 dedit,
2351 3740 2515 3795 nobis
2561 3757 2790 3811 quoque
2831 3739 3288 3794 miscricordiam
3320 3741 3630 3811 largiatur.
3679 3746 3804 3799 Per

2133 3834 2440 3889 Dominum
2472 3837 2730 3887 nostrum
2769 3835 2961 3888 Jesum
2993 3833 3282 3888 Christum
3325 3833 3534 3890 Filium
3588 3853 3797 3905 suum,

2133 3943 2323 3982 secum
2353 3926 2661 3981 viventem.

2686 4007 2935 4058 Collectio
2955 4007 3204 4072 sequitur.

2202 4093 2579 4164 Omnipotens
2619 4093 2967 4164 sempiterne
2995 4095 3164 4161 Deus,
3202 4094 3301 4166 qui
3337 4094 3506 4168 eligis
3543 4095 3801 4155 inﬁrma

2131 4187 2350 4254 mundi,
2403 4190 2464 4240 ut
2505 4186 2675 4240 fortia
2720 4203 2958 4258 qumque
3001 4188 3342 4255 confundas,
3393 4188 3469 4242 da
3511 4190 3692 4261 nobis
3731 4193 3798 4248 in

2129 4281 2433 4336 festivitate
2456 4283 2666 4334 sanctae
2704 4280 2941 4334 Caeciliae
2989 4284 3258 4352 martyras
3304 4297 3568 4353 congrua
3612 4285 3800 4342 devo-

2131 4373 2284 4428 tione
2319 4373 2590 4445 gaudere,
2633 4375 2695 4427 ut
2731 4376 2788 4427 et
2819 4374 3141 4444 potentiam
3174 4376 3335 4429 tuam
3373 4375 3433 4429 in
3476 4376 3608 4446 ejus
3647 4395 3796 4449 pas-

2129 4468 2289 4522 sione
2342 4466 2660 4531 laudemus,
2711 4469 2769 4519 et
2810 4466 3100 4536 provisum
3153 4467 3321 4522 nobis
3375 4469 3797 4540 percipiamus

387 4559 633 4613 inbecilli
689 4563 1004 4630 superaret,
1049 4559 1302 4614 veritatis
1355 4561 1714 4616 confectione
1769 4559 2414 4649 proster-Dauxilium.
2459 4561 2566 4614 Per
2605 4558 2915 4615 Dominum
2943 4562 3204 4614 nostrum
3230 4562 3428 4616 Jesum
3478 4562 3798 4621 Christum

388 4656 552 4706 neret
579 4670 592 4706 :
626 4653 920 4707 evidenter
946 4653 1255 4708 ostendens
1282 4654 1436 4724 quod
1465 4671 1582 4709 non
1613 4655 1796 4709 solum
1822 4671 2022 4727 perpe-

385 4749 497 4799 tua:
541 4746 882 4815 virginitatis
922 4750 1180 4817 martyra
1227 4750 1376 4801 esset
1421 4750 1478 4801 et
1521 4747 1682 4817 virgo
1733 4763 2024 4815 mansura,

382 4839 482 4893 sed
511 4839 659 4910 Agni
688 4839 1037 4894 immaculati
1065 4857 1273 4910 sponsa
1301 4840 1423 4894 fieri
1447 4842 1770 4894 mereretur
1800 4841 2026 4912 integre

383 4932 454 4985 de
487 4933 740 4988 nomine.
772 4933 1022 4986 Adsume
1065 4949 1202 5003 ergo
1241 4934 1410 5004 hujus
1451 4933 1714 4988 sacrificii
1759 4933 2023 4988 immola-

379 5025 596 5080 tionem
629 5029 942 5094 gratanter,
976 5027 1071 5097 qui
1103 5027 1386 5081 coronasti
1414 5025 1722 5097 gloriosam
1761 5042 1866 5096 pro
1905 5029 2027 5080 tan-

381 5117 450 5171 tis
478 5117 696 5171 meritis
723 5118 1027 5189 virginem.
1055 5121 1164 5174 Per
1191 5119 1502 5175 Dominum
1535 5121 1795 5174 nostrum
1831 5120 2022 5174 Jesum

396 5209 683 5266 Christum
716 5211 918 5266 Filium
951 5215 1132 5268 tuum.

882 5295 1132 5346 Collectio
1158 5296 1277 5360 post
1299 5294 1531 5346 nomina.

451 5369 617 5435 Deus,
644 5369 738 5440 qui
764 5369 1084 5441 virgineum
1110 5372 1314 5427 ﬂorem
1341 5389 1446 5443 per
1465 5372 1656 5427 Mariae
1679 5374 1911 5426 uterum
1933 5388 2020 5426 re-

377 5479 572 5530 novas,
618 5463 864 5519 reddens
911 5465 1171 5521 nobisin
1214 5467 1386 5520 Matre
1421 5465 1664 5536 virgine,
1713 5465 1867 5535 quod
1914 5481 2019 5536 per

373 5556 830 5612 incontinentem
906 5558 1197 5632 perditum
1266 5559 1454 5613 fuerat
1502 5559 1788 5622 matrem,
1843 5574 2018 5628 quam

375 5654 680 5721 sequentes
711 5655 921 5706 sancta:
965 5651 1218 5721 virgines
1249 5667 1378 5705 cum
1415 5651 1611 5722 palma
1652 5649 1910 5720 martyrii
1943 5651 2018 5706 ad

373 5747 535 5798 tuum
567 5762 744 5816 usque
782 5746 1105 5800 thalamum
1137 5747 1540 5814 pervenerunt.
1578 5743 1655 5796 Ex
1696 5743 1900 5814 quibus
1931 5747 2017 5799 est

372 5837 543 5892 beata
557 5840 752 5908 Agnes
769 5841 1044 5908 martyre,
1065 5836 1226 5907 cujus
1241 5837 1411 5892 hodie
1434 5836 1714 5910 passionis
1741 5837 2010 5894 solemni-

372 5933 459 5984 tas
477 5930 688 6006 agitur,
708 5946 837 6004 quae
851 5947 956 5987 nos
972 5929 1046 5987 ad
1060 5930 1318 5990 laetitiam
1338 5949 1452 5990 suae
1472 5930 1792 5989 devotionis
1809 5930 2014 5990 excita-

2129 4653 2333 4708 Filium
2361 4656 2546 4707 tuum.

2623 4721 2876 4772 Collectio
2897 4726 3016 4786 post
3034 4723 3264 4774 nomina.

2196 4807 2452 4878 Respice,
2513 4807 2776 4873 Domine,
2817 4825 3166 4878 quaesumus,
3204 4807 3436 4880 plebem
3483 4812 3660 4867 tuam
3719 4817 3798 4871 de

2128 4904 2337 4954 sanctas
2369 4899 2605 4955 Caeciliae
2630 4901 2896 4970 martyris
2919 4901 3336 4972 gloriﬁcatione
3374 4904 3798 4973 gratulantem

2127 4997 2184 5049 et
2215 4993 2639 5063 beneplacitum
2675 4993 2862 5048 tribue
2911 4998 3269 5050 sacratarum
3319 4995 3428 5050 tibi
3481 5001 3798 5058 mentium

2124 5087 2486 5152 famulatum,
2515 5089 2578 5139 ut
2611 5085 2708 5158 qui
2743 5087 2802 5141 in
2844 5087 3054 5141 sanctis
3090 5088 3203 5142 tuis
3233 5092 3286 5142 te
3328 5089 3631 5146 honorare
3665 5112 3796 5151 non

2124 5179 2411 5246 desinunt,
2439 5182 2718 5250 perpetua
2758 5179 3044 5235 donorum
3079 5184 3312 5236 tuorum
3351 5183 3632 5254 largitate
3678 5205 3795 5260 po-

2124 5272 2374 5339 tiantur;
2427 5276 2486 5326 et
2527 5273 2682 5344 quod
2715 5272 3014 5327 visibiliter
3061 5274 3353 5344 exhibent,
3405 5276 3795 5338 invisibiliter

2123 5365 2589 5436 adprehenderit;
2625 5367 2686 5420 ut
2715 5365 2861 5421 sicut
2885 5366 3036 5422 illius
3067 5371 3232 5438 grata
3258 5371 3397 5424 sunt
3427 5372 3675 5443 merita,
3707 5377 3793 5433 sic

2121 5461 2331 5513 nostras
2385 5459 2667 5513 servitutis
2721 5462 2956 5530 accepta
3010 5460 3333 5516 reddantur
3386 5463 3604 5521 officia.
3670 5470 3791 5525 Per

2119 5551 2428 5608 Dominum
2464 5557 2724 5608 nostrum
2762 5554 2959 5608 Jesum
2997 5553 3289 5609 Christum
3335 5556 3550 5612 Filium
3583 5562 3784 5619 tuum.

2642 5654 2893 5704 Collectio
2913 5654 2979 5704 ad
3001 5668 3208 5719 pacem.

2186 5741 2409 5796 Sancta;
2435 5743 2706 5812 martyrae
2736 5743 2848 5794 tuae
2875 5739 3134 5808 Caeciliae,
3164 5741 3434 5813 Domine,
3475 5750 3783 5819 supplica-

2117 5833 2366 5889 tionibus
2401 5835 2586 5890 tribue
2629 5851 2734 5889 nos
2783 5833 2984 5901 foveri,
3031 5837 3094 5888 ut
3141 5835 3304 5904 cujus
3363 5843 3782 5902 venerabilem

2115 5927 2564 5987 sollemnitatem
2583 5927 2967 6002 praevenimus
2999 5927 3295 6001 obsequio,
3327 5930 3466 6003 ejus
3483 5931 3783 5996 interces-
