3976 6442
113 395 203 450 249

1195 409 1282 465 DE
1319 411 1628 469 LITURGIA
1663 415 2028 472 GALLICANA
2070 417 2266 473 LIBER
2303 418 2390 473 Ill.

3350 415 3452 473 250

119 502 877 608 sionibus‘com-mender-nur
905 517 963 568 et
980 514 1218 570 meritis.
1242 518 1310 572 Et
1337 523 1564 589 prasta,
1592 537 1742 592 qua~
1760 534 1820 608 Α
1840 526 1990 594 simi,
2007 525 2416 600 omnipotentis
2435 528 2538 582 Dei
2556 525 3007 582 misericordiam
3027 525 3308 600 supplices
3329 544 3454 584 exo-

118 613 312 665 sumus,
343 599 621 668 Domine,
655 601 780 676 21
797 604 853 676 7
889 608 952 660 ut
978 623 1089 678 pax
1116 625 1244 680 qua
1268 611 1556 681 profertur
1579 613 1640 669 in
1655 614 1737 670 la-

118 691 208 746 biis
234 690 410 746 etiam
437 693 720 750 cordibus
742 713 859 752 non
887 703 1151 770 negetur.
1178 703 1304 758 Per.

671 793 963 846 Immolatio
987 796 1176 848 missa.

173 868 416 941 Dignum
443 873 504 924 et
522 870 754 941 justum
777 877 882 942 est,
909 891 1140 948 aquum
1165 881 1224 933 et
1251 880 1497 936 salutare
1516 885 1619 950 est,
1636 899 1739 938 nos

117 961 202 1014 tibi
231 978 462 1033 semper
492 965 720 1034 gratias
751 982 944 1037 agere,
980 969 1346 1041 omnipotens
1390 974 1737 1044 sempiterna

114 1053 260 1120 Deus,
284 1054 382 1125 qui
406 1055 651 1126 perﬁcis
673 1057 732 1112 in
751 1059 1082 1115 inﬁrmitate
1109 1062 1392 1118 virtutem.
1410 1065 1552 1130 Quia
1567 1067 1738 1122 beata

111 1147 459 1218 gloriosaque
501 1149 762 1218 Cacilia,
796 1152 1064 1224 despecto
1098 1156 1299 1210 mundi
1335 1158 1620 1228 conjugio,
1663 1160 1736 1214 ad

109 1240 378 1296 consortia
425 1258 696 1312 superna
740 1246 1114 1313 contendens,
1148 1265 1252 1302 nec
1283 1253 1450 1305 atate
1477 1251 1735 1306 mutabili

111 1333 406 1403 prapedita
453 1337 572 1402 est,
608 1351 716 1390 nec
763 1336 1064 1393 inlecebris
1098 1343 1184 1394 est
1211 1346 1475 1397 revocata
1499 1343 1736 1399 carnali-

107 1425 216 1492 bus,
237 1442 337 1480 nec
350 1443 491 1481 sexu
509 1427 854 1498 fragilitatis
879 1429 1152 1486 deterrita
1177 1449 1190 1500 ;
1223 1434 1324 1488 sed
1349 1435 1498 1490 inter
1516 1437 1730 1506 puella-

109 1535 185 1572 res
211 1536 412 1586 annos,
447 1519 618 1574 inter
648 1522 841 1576 saculi
879 1523 1293 1594 blandimenta,
1333 1526 1483 1582 inter
1521 1529 1730 1600 suppli-

108 1611 238 1665 cium
283 1614 799 1683 persequentium,
840 1616 1218 1687 multiplicem
1248 1618 1544 1675 victoriam
1571 1621 1732 1693 virgo

108 1708 244 1758 casta
269 1709 529 1775 martyra
563 1705 850 1776 implevit,
879 1712 938 1761 et
965 1709 1038 1763 ad
1066 1710 1350 1780 potiorem
1379 1713 1730 1785 triumphum

108 1813 280 1850 secum
327 1797 402 1851 ad
453 1814 656 1868 regna
699 1799 947 1855 calestia
987 1802 1370 1871 Valerianum,
1417 1805 1506 1860 cui
1547 1807 1734 1862 fuerat

1840 637 2050 687 remus,
2083 621 2146 674 ut
2177 619 2501 675 interventu
2529 621 2708 675 sancti
2735 620 3043 676 Clementis
3081 621 3354 676 antistitis
3397 623 3455 676 et

1838 714 2105 786 martyris
2142 716 2256 782 sui,
2302 713 2585 769 defunctis
2626 714 3042 770 absolutionem
3067 757 3082 782 ,
3135 714 3453 770 viventibus

1837 807 2050 862 tribuat
2089 808 2350 862 salutem.
2382 808 2659 863 Memores
2686 807 2860 862 etiam
2887 807 3062 861 simus
3089 807 3448 862 fidelissimo-

1836 917 1964 954 rum
1999 917 2231 954 suorum
2273 899 2562 956 Sisennii"
2587 903 2760 971 atque
2789 899 3119 966 Theodora,
3147 902 3210 953 ut
3247 899 3450 970 quibus

1835 1008 1941 1062 per
1979 991 2213 1046 beatum
2256 994 2570 1063 martyrem
2599 991 2774 1046 fidem
2803 1008 2860 1046 se
2891 989 3164 1046 credendi
3189 991 3446 1057 inseruit,

1837 1084 1918 1138 eis
1959 1083 2206 1154 paradisi
2239 1100 2418 1154 regna
2456 1083 2778 1154 participet.
2816 1085 2924 1137 Per
2965 1082 3272 1138 Dominum
3316 1099 3445 1137 nos-

1835 1179 1985 1229 trum
2008 1176 2200 1229 Jesum
2227 1175 2513 1230 Christum
2539 1175 2742 1230 Filium
2767 1191 2950 1242 suum,
2979 1191 3171 1229 secum
3199 1174 3270 1229 vi.

2069 1328 2076 1342 ι
2144 1341 2153 1342 7
2338 1267 2602 1342 Collectio
2630 1267 2695 1318 ad
2719 1281 2920 1330 pacem.

1902 1341 2292 1396 Concordator
2320 1341 2636 1410 discordia,
2669 1345 2726 1396 et
2760 1342 2920 1412 origo
2957 1342 3243 1396 societatis
3280 1344 3444 1395 ater-

1834 1449 1923 1488 na
1938 1432 2182 1488 indivisa
2194 1432 2462 1503 Trinitas,
2486 1435 2654 1501 Deus,
2669 1434 2767 1504 qui
2787 1433 3034 1489 Sisennii
3050 1432 3448 1487 inﬁdelitatem

1832 1525 1903 1580 ab
1937 1526 2197 1580 Ecclesia
2241 1525 2458 1580 unitate
2491 1526 2851 1596 disjunctam,
2893 1542 2997 1596 per
3025 1528 3283 1580 sanctum
3321 1525 3444 1580 Cle-

1830 1621 2086 1672 mentem
2113 1618 2427 1672 antistitem
2462 1622 2520 1672 et
2550 1619 2744 1672 subdis
2774 1618 3066 1672 catholica
3089 1616 3245 1684 ﬁdei,
3269 1621 3328 1671 et
3355 1617 3444 1671 in-

1832 1710 2010 1764 nectis
2036 1713 2326 1781 perpetua
2354 1711 2598 1776 caritati,
2632 1710 2835 1765 exaudi
2863 1727 3060 1782 preces
3095 1712 3336 1776 nostras,
3376 1709 3442 1762 il-

1829 1802 2059 1872 lamque
2089 1803 2253 1856 nobis
2277 1819 2478 1873 pacem
2509 1803 2716 1870 tribue,
2749 1819 2922 1874 quam
2954 1801 3244 1874 quondam
3277 1801 3448 1854 athe-

111 1893 286 1960 nupta,
309 1889 612 1961 perduxit.
645 1892 714 1945 Et
742 1892 822 1946 sic
846 1909 1121 1948 coronam
1162 1895 1450 1966 pudicitia
1498 1899 1727 1966 meruit,
1749 1887 1806 1958 B
1829 1910 1952 1948 rem
1981 1910 2316 1948 ascensurus
2347 1895 2619 1964 apostOIis
2656 1895 2953 1966 reliquisti,
2987 1898 3059 1948 ’ut
3081 1894 3179 1964 qui
3205 1908 3446 1963 prasen-

109 1986 159 2034 ut
193 1982 410 2053 regium
438 1983 779 2038 thalamum
817 2001 934 2039 non
974 1987 1156 2040 solum
1199 1988 1379 2059 virgo,
1413 1990 1514 2044 sed
1558 1991 1732 2046 etiam

110 2079 338 2146 martyra
362 2075 643 2142 intraret,
667 2093 772 2146 per
799 2077 1086 2132 Christum
1116 2079 1423 2135 Dominum
1451 2087 1728 2138 nostrum.

109 2167 200 2219 Per
221 2183 388 2238 quem
406 2169 784 2239 Majestatem
805 2173 963 2224 tuam
983 2171 1224 2226 laudant
1240 2173 1465 2244 Angeli,
1488 2175 1733 2231 adorant

113 2259 253 2313 Dom.

650 2330 954 2380 Benedictio
986 2333 1188 2396 papuli.

171 2409 413 2476 Summe,
445 2411 702 2481 optime,
729 2410 1260 2469 misericordissime
1287 2416 1454 2484 Deus,
1488 2417 1730 2474 benedic

117 2502 332 2556 famulos
361 2505 419 2557 et
444 2503 709 2557 famulas
739 2507 882 2558 tuas.
914 2507 1119 2560 Amen.
1149 2507 1351 2562 Tribue
1393 2509 1473 2563 eis
1499 2527 1602 2582 per
1640 2511 1726 2567 in-

117 2598 408 2650 terventum
425 2599 654 2650 sancta
673 2596 912 2652 Cacilia
929 2597 1182 2669 virginis,
1203 2617 1300 2655 cor
1323 2600 1381 2656 in
1408 2605 1505 2658 tuo
1533 2621 1729 2660 amore

117 2688 408 2755 sollicitum,
436 2689 496 2742 in
547 2692 658 2743 tuo
698 2689 904 2744 timore
952 2691 1241 2760 devotum,
1289 2693 1346 2748 in
1387 2697 1483 2750 tuo
1509 2696 1728 2752 honore

118 2781 422 2851 perfectum.
441 2783 663 2837 Amen.
687 2783 772 2836 Da
787 2782 868 2836 eis
881 2784 1354 2855 tranquillitatem
1382 2791 1726 2859 temporum,

118 2873 480 2928 salubritatem
507 2890 851 2944 corporum,
883 2877 1126 2931 salutem
1149 2877 1490 2934 animarum.
1521 2883 1725 2936 Amen.

117 2964 406 3020 Mereantur
435 2969 492 3020 te
525 2966 651 3020 flde
683 2983 964 3038 quarere,
995 2969 1260 3040 operibus
1290 2971 1566 3039 invenire,
1595 2989 1724 3043 gra-

121 3057 181 3111 tia
197 3059 519 3128 promereri.
534 3062 753 3114 Amen.
767 3060 837 3114 Et
856 3060 951 3115 illa
972 3063 1242 3117 studeant
1263 3079 1454 3134 agere,
1470 3067 1526 3119 te
1553 3068 1725 3133 teste;

122 3166 224 3220 qua
247 3150 416 3223 digna
442 3152 594 3206 fiant
623 3151 683 3206 in
710 3155 1268 3222 remuneratione,te
1285 3155 1497 3226 judice.
1519 3159 1723 3212 Amen.

1831 1986 1973 2040 tium
2013 1985 2295 2040 labiorum
2323 1986 2697 2056 impressione
2725 1987 2949 2057 inligati
2978 1985 3194 2040 fuerint
3233 1985 3443 2050 osculo,

1831 2083 1927 2132 tua
1954 2077 2213 2132 custodia
2256 2079 2475 2148 pacifici
2519 2081 2902 2148 permaneant
2938 2078 2998 2132 in
3041 2077 3251 2132 futuro.
3282 2075 3446 2140 Quod

1831 2171 1950 2241 ipse
1981 2173 2251 2242 prastare
2273 2171 2527 2242 digneris
2551 2171 2649 2241 qui
2674 2186 2804 2224 cum
2823 2172 3007 2224 Patre.

2392 2261 2680 2312 Immolatio
2705 2261 2892 2312 missa.
3313 2298 3320 2308 .

1900 2337 2148 2408 Dignum
2179 2341 2236 2391 et
2249 2337 2467 2407 justum
2499 2340 2602 2390 est.
2634 2338 2775 2390 Vere
2804 2337 3042 2406 dignum
3073 2337 3175 2400 est,
3209 2351 3314 2389 nos
3343 2332 3448 2389 tibi

1829 2430 2041 2500 gratias
2079 2445 2279 2499 agere,
2325 2429 2566 2484 Domine
2607 2432 2821 2495 sancte,
2857 2430 3025 2482 Pater
3059 2427 3443 2497 omnipotens,

1829 2527 2041 2576 aterne
2059 2523 2226 2587 Deus,
2249 2521 2308 2574 in
2327 2521 2710 2576 sollemnitate
2732 2520 2911 2574 sancti
2927 2519 3194 2590 martyris
3219 2518 3302 2572 tui
3319 2519 3443 2573 Cle-

1827 2615 2054 2668 mentis.
2085 2613 2190 2678 Qui
2210 2613 2614 2682 cognationem
2642 2612 2873 2683 reliquit
2889 2615 2946 2666 et
2965 2610 3229 2683 patriam,
3246 2613 3303 2663 et
3317 2611 3447 2680 post

1828 2707 2064 2762 odorem
2097 2707 2178 2760 tui
2213 2706 2463 2760 nominis
2509 2708 2691 2759 terras
2727 2704 3025 2774 mariaque
3062 2707 3442 2768 transmeans,

1826 2800 2236 2870 abnegansque
2275 2797 2666 2868 semetipsum,
2709 2812 2934 2851 crucem
2965 2793 3446 2866 peregrinationis

1827 2891 2162 2962 adsumpsit,
2203 2895 2265 2945 ut
2299 2894 2355 2944 te
2383 2907 2487 2961 per
2513 2891 2901 2960 apostolorum
2941 2891 3172 2943 tuorum
3205 2886 3446 2956 vestigia

1827 2988 2180 3054 sequeretur.
2229 2983 2332 3039 Cui
2358 2986 2439 3051 tu,
2472 2983 2736 3048 Domine,
2772 2981 3087 3036 secundum
3119 2979 3445 3052 promissio—
3555 2979 3564 2988 “

1826 3093 1960 3131 nem
1981 3076 2106 3131 Filii
2129 3076 2230 3143 tui,
2246 3079 2365 3130 tam
2385 3076 2446 3130 in
2467 3075 2734 3147 prasenti
2755 3075 2958 3129 saculo
2981 3090 3155 3145 quam
3171 3073 3233 3126 in
3253 3073 3443 3127 futuro

1827 3168 2210 3240 centuplicata
2238 3168 2492 3222 muneris
2514 3167 2752 3240 pramia
2776 3165 3114 3238 repensasti.
3147 3166 3289 3219 Nam
3314 3164 3446 3219 bea-

123 3242 258 3306 QllOd
287 3245 402 3314 ipse
429 3247 721 3316 prtestal‘e
764 3245 1038 3316 digneris,
1079 3247 1180 3318 qui
1204 3247 1261 3302 in
1291 3249 1564 3304 Τι’ἱηὶῐᾶῒθ
1597 3267 1725 3322 ΡΘΓ·
1749 3237 1804 3312 C
1828 3237 2029 3316 tissimi
2051 3261 2204 3316 Petri
2225 3277 2358 3316 mox
2377 3237 2621 3316 traditus
2647 3237 2978 3330 disciplinis,
3007 3260 3275 3329 parentes
3303 3273 3446 3328 quos

121 3335 244 3390 lecta
264 3336 414 3406 vivis,
447 3336 800 3405 dominaris,
829 3341 887 3392 et
917 3355 1146 3410 regnas.

176 3443 266 3496 XV.
294 3459 447 3500 IISSA
485 3461 540 3500 IN
583 3459 795 3500 NATALE
833 3460 1020 3501 SANCTI
1059 3461 1348 3502 CLEMENTIS
1388 3463 1653 3505 EPISCOPI.

181 3539 321 3594 Diem
333 3541 484 3596 hunc
499 3541 777 3612 gloriosa
790 3541 1069 3612 passionis
1089 3543 1270 3597 sancti
1295 3559 1360 3598 ac
1386 3546 1728 3600 venerabilis

125 3630 399 3687 Clementis
418 3633 700 3705 episcopi,
715 3649 821 3704 per
841 3650 1014 3705 quem
1038 3635 1428 3706 superstitiosa
1440 3637 1727 3708 gentilitas

125 3725 318 3780 conruit
336 3727 698 3794 Judaorum,
731 3729 790 3779 et
816 3726 958 3780 fides
975 3727 1256 3782 catholica
1276 3728 1335 3782 in
1357 3729 1530 3784 corda
1548 3730 1727 3785 homi-

127 3833 240 3872 num
269 3819 522 3887 radiavit,
557 3821 776 3874 fratres
815 3819 1110 3887 carissimi,
1142 3821 1399 3875 revoluto
1445 3822 1581 3876 anni
1618 3823 1722 3877 cir-

126 3910 246 3976 culo,
270 3910 457 3967 debito
501 3927 860 3967 veneremur
906 3911 1212 3983 obsequio,
1245 3914 1473 3968 Domini
1515 3914 1727 3970 miseri-

126 4003 344 4058 cordiam
387 4008 721 4072 exorantes,
769 4007 834 4058 ut
877 4004 973 4076 qui
1014 4021 1144 4059 cum
1189 4006 1387 4060 lumen
1431 4007 1726 4064 teterrimo

127 4095 424 4163 gentilitatis
453 4097 641 4153 errori
663 4096 930 4169 prabuit,
965 4115 1071 4152 nos
1088 4114 1190 4152 suo
1208 4098 1424 4154 lumine
1451 4100 1640 4154 oriens
1660 4117 1726 4156 ex

127 4188 220 4241 alto
245 4190 507 4245 clarificet
536 4208 550 4246 :
587 4189 691 4262 qui
722 4189 883 4245 illum
910 4207 1085 4245 sacra
1111 4191 1421 4262 praposuit
1453 4193 1722 4261 ecclesia,

127 4295 211 4332 nos
237 4282 331 4336 sub
354 4283 748 4337 mundialium
779 4283 930 4336 fasce
962 4299 1228 4338 curarum
1257 4287 1575 4365 gementes,
1601 4285 1724 4356 ipso

127 4377 387 4442 exorante,
413 4375 722 4430 sublevare
771 4374 1062 4444 dignetur.
1109 4377 1218 4430 Per
1270 4375 1577 4432 Dominum
1621 4395 1722 4433 no-

127 4465 277 4520 strum
302 4468 489 4522 Jesum
511 4468 808 4524 Christum
838 4467 1040 4522 Filium
1063 4485 1250 4536 suum,
1283 4485 1476 4524 secum
1501 4469 1573 4524 vi.
1642 4499 1650 4506 -

643 4563 897 4615 Collectio
922 4563 1172 4628 sequitur.

185 4635 382 4692 Christe
403 4637 780 4710 omnipotens
800 4638 967 4706 Deus,
988 4637 1085 4709 qui
1105 4638 1338 4692 beatum
1369 4639 1725 4696 Clementem

128 4727 404 4785 antistitem
429 4735 676 4804 propter
697 4747 911 4786 nomen
933 4734 1095 4785 tuum
1125 4729 1182 4784 in
1211 4730 1510 4787 altitudine
1531 4733 1722 4800 maris,

129 4835 451 4890 paganorum
485 4826 835 4895 tempestate
867 4821 1060 4896 218
1091 4823 1424 4892 dimersum,
1446 4828 1508 4879 ut
1524 4825 1581 4880 in
1602 4842 1722 4880 cer-

127 4913 310 4970 tamine
327 4917 582 4986 probasti
610 4917 916 4985 bellorum,
935 4916 1015 4971 ita
1041 4919 1170 4987 post
1193 4917 1409 4972 bellum
1427 4919 1726 4989 patefactis

129 5005 287 5060 arenis
308 5009 500 5064 educis
522 5009 864 5080 gloriosum,
889 5025 1214 5080 quasumus
1239 5009 1513 5080 pietatem
1544 5014 1722 5079 tuam,

131 5100 177 5148 ut
213 5115 303 5154 nos
342 5118 375 5156 a
412 5101 896 5173 concupiscentia
926 5101 1190 5172 procellis
1227 5106 1438 5169 erutos,
1466 5104 1724 5158 Paterna

131 5188 294 5256 gloria
337 5199 719 5264 reprasentes
767 5193 1048 5261 innoxios,
1078 5194 1338 5249 Salvator
1364 5195 1583 5250 mundi.
1619 5196 1724 5260 Qui

130 5297 234 5336 cum
275 5289 483 5343 aterno
533 5289 706 5343 Patre
737 5286 874 5342 vivis
895 5290 952 5342 et
981 5303 1191 5357 regnas
1228 5287 1376 5342 Deus
1417 5287 1475 5342 in
1505 5287 1722 5345 unitate

132 5372 356 5443 Spiritus.

581 5448 835 5500 Collectio
860 5451 980 5514 post
1002 5447 1231 5500 nomina.

185 5528 468 5590 Nominum
491 5534 642 5590 serie
669 5535 852 5590 relata
877 5533 1300 5600 defunctorum,
1329 5533 1534 5589 fratres
1559 5535 1725 5592 caris-

187 5667 208 5697 ⁸
233 5670 677 5746 Hineprobatur
717 5674 1030 5746 antiquitas
1046 5677 1327 5746 lictorum
1375 5675 1554 5730 sancti
1603 5677 1724 5732 Cle-

135 5741 326 5827 iugatis,
348 5741 420 5824 .in
458 5746 668 5827 quibus
695 5741 1007 5827 laudantur
1036 5744 1718 5827 Sisinnius,nlflerva‘lmp_.

136 5804 410 5929 gaéniliaris,
443 5804 684 5897 ejusque
733 5831 874 5870 uxor
915 5815 1232 5880 Theodora,
1265 5831 1299 5869 a
1322 5804 1616 5872 Clemente
1647 5804 1721 5873 ad

201 5895 279 5937 em
305 5899 576 5942 conversi.

1826 3354 1886 3408 in
1917 3353 2151 3424 genitali
2175 3355 2295 3409 solo
2322 3353 2673 3424 perdiderat,
2705 3353 2762 3406 in
2795 3355 3030 3406 externa
3059 3349 3296 3419 regione
3325 3365 3442 3403 res-

1825 3445 2015 3512 tituis;
2045 3463 2188 3516 quos
2215 3449 2457 3500 terrena
2489 3444 2876 3514 generationis
2903 3443 3192 3508 amiserat,
3239 3441 3444 3496 divina

1825 3538 2019 3592 reddis
2051 3541 2268 3593 natura
2294 3537 2618 3609 participes.
2653 3536 2870 3590 Deinde
2900 3533 3162 3605 magistri
3191 3533 3277 3587 sui
3301 3533 3445 3587 vica-

1825 3630 1974 3685 rium
1999 3647 2104 3700 per
2123 3630 2387 3685 ordinem
2417 3628 2804 3699 subrogando,
2833 3628 3109 3682 Romana
3137 3625 3312 3692 urbis,
3344 3641 3439 3679 cu-

1817 3723 1912 3794 jus
1942 3725 2177 3794 propter
2193 3725 2249 3776 te
2276 3721 2614 3792 despexerat
2635 3719 2996 3790 dignitatem,
3017 3721 3216 3772 tenere
3239 3716 3443 3772 consti-

1823 3814 1936 3868 tuis
1961 3814 2368 3885 principatum.
2395 3815 2503 3868 Pro
2525 3829 2640 3883 quo
2666 3811 2997 3867 transituria
3024 3809 3299 3876 claritate,
3332 3825 3438 3864 ca-

1824 3907 1952 3962 lesti
1987 3907 2126 3961 facis
2164 3907 2384 3962 honore
2413 3905 2806 3977 conspicuum.
2843 3905 3142 3958 Postremo
3179 3899 3440 3973 martyrii

1825 3999 2008 4070 gloria
2035 3997 2226 4072 219
2257 3998 2648 4066 sublimatum,
2679 4013 2782 4068 pro
2821 3995 3234 4066 temporalibus
3270 3993 3444 4065 gestis

1825 4092 1898 4146 ad
1928 4095 2206 4166 aternam
2251 4091 2516 4163 provehis
2561 4106 2860 4157 coronam,
2887 4105 2991 4160 per
3013 4087 3300 4143 Christum
3331 4087 3440 4142 Do-

1825 4183 2050 4239 minum
2077 4187 2356 4239 nostrum.
2396 4186 2504 4239 Per
2538 4197 2714 4254 quem
2739 4181 3093 4252 Majestatem
3129 4182 3290 4235 tuam
3321 4180 3440 4234 lau-

1825 4276 1965 4329 dant
1983 4276 2210 4346 Angeli,
2239 4279 2410 4346 atque
2439 4274 2768 4345 archangeli
2798 4290 2913 4329 non
2931 4276 3157 4328 cessant
3172 4273 3440 4338 clamare,

1825 4367 2101 4436 dicentes,
2133 4369 2391 4436 Sanctus,
2429 4369 2687 4434 Sanctus,
2726 4367 2985 4422 Sanctus.

2369 4459 2668 4511 Benedictio
2691 4459 2891 4522 papull.

1893 4534 2092 4590 Custos
2121 4534 2442 4600 sacerdotii,
2463 4533 2681 4588 dicator
2708 4531 2987 4602 martyrii,
3016 4530 3208 4601 palma
3236 4528 3440 4584 trium-

1744 4595 1802 4667 D
1829 4625 1943 4697 phi,
1976 4627 2123 4681 Deus
2147 4625 2390 4681 benedic
2419 4595 2664 4680 famulos
2695 4627 2752 4678 et
2784 4595 3034 4679 famulas
3055 4625 3198 4676 tuas.
3231 4621 3438 4675 Amen.

1826 4720 1986 4774 Dona
2007 4718 2089 4773 eis
2106 4718 2374 4789 martyris
2395 4718 2564 4789 hujus
2581 4717 2819 4772 obtentu
2839 4719 2992 4770 recte
3019 4715 3227 4780 vivere,
3255 4714 3442 4769 sobrie

1826 4828 2018 4882 agere,
2051 4811 2354 4866 salubriter
2395 4810 2740 4867 conversari.
2773 4812 2979 4864 Amen.
3019 4809 3092 4862 Ut
3132 4808 3228 4862 illa
3265 4809 3443 4878 agant

1825 4921 1927 4959 suo
1969 4905 2226 4974 arbitrio,
2267 4921 2393 4976 qua
2438 4904 2616 4976 digna
2645 4903 2967 4958 habeantur
2993 4904 3091 4955 tuo
3125 4899 3341 4971 judicio
3387 4901 3446 4952 et

1826 4996 2065 5068 indigna
2120 4997 2486 5052 inveniantur
2541 4996 2834 5067 subjacere
2891 4993 3185 5064 supplicio.
3232 4994 3440 5046 Amen.

1826 5089 1990 5153 Quod
2034 5089 2152 5160 ipse
2197 5093 2470 5160 prastare
2518 5088 2773 5160 digneris
2812 5087 2911 5159 qui
2936 5087 2996 5141 in
3017 5085 3288 5142 Trinitate
3319 5100 3444 5156 per-

1825 5181 1973 5236 fecta
1998 5181 2136 5236 vivis
2163 5185 2221 5236 et
2243 5197 2469 5252 regnas.

1965 5284 2094 5338 XVI.
2137 5298 2294 5340 mssa
2333 5299 2519 5341 ssnon
2561 5298 2842 5340 summm
2869 5285 2898 5327 δ
2945 5297 3187 5339 EPISCOPI
3239 5297 3301 5336 ar

2480 5369 2769 5410 MARTYRIS.

1895 5443 2098 5513 Deum,
2115 5443 2213 5515 qui
2225 5443 2580 5498 immortales
2593 5443 2975 5516 gloriosorum
2993 5445 3314 5514 martyrum
3327 5442 3444 5512 pal-

1825 5551 1948 5590 mas
1961 5535 2296 5608 triumphali
2317 5551 2514 5591 cruore
2527 5535 2796 5608 perfudit,
2820 5538 2878 5591 et
2901 5535 3133 5590 beatam
3146 5533 3258 5589 diei
3276 5533 3442 5604 hujus

1891 5687 1921 5749 »ξ
1958 5675 2305 5749 Tolosatium
2329 5677 2563 5749 scilicet
2600 5677 2878 5749 episcopi,
2920 5676 3096 5749 cujus,
3121 5675 3327 5749 festum
3376 5687 3438 5749 ξῐῐ

1822 5745 1944 5800 Kal.
1969 5746 2275 5819 _Decemb.,
2321 5748 2380 5802 id
2421 5751 2504 5802 est
2536 5747 2595 5802 in
2618 5739 2822 5819 Vigilia
2853 5739 3033 5819 sancti
3045 5743 3328 5819 _A_ndrea,
3361 5739 3431 5792 de

1823 5831 1934 5887 quo
1965 5815 2136 5885 infra,
2165 5817 2260 5874 ubi
2290 5821 2456 5877 Roma
2484 5814 2745 5877 Garonn'ce
2772 5819 2972 5875 Tolosa
3002 5814 3220 5870 dicitur.
