3976 6420
492 403 584 464 Ξδι

1283 412 1614 468 ᾹΙῚἚΝΙΠΧ
1652 413 1736 466 AD
1774 413 1992 467 OPERA
2031 409 2262 466 SANCTI
2301 408 2597 464 GERMANI
2635 408 3061 464 PARISIENSIS.

3779 409 3884 464 252

490 517 935 577 sollemnitatem
965 519 1078 578 suis
1105 537 1208 593 pro
1228 538 1286 577 se
1306 519 1666 577 vincentibus
1681 518 1980 588 dedicavit,
1999 518 2112 575 fra-
2138 528 2197 604 Α
2217 535 2347 575 cum
2370 522 2481 574 tum
2505 516 2812 590 Majestatis
2834 534 3005 590 super
3029 534 3135 574 nos
3155 515 3492 591 apparuerit
3515 513 3734 589 gloria,
3763 531 3890 574 me-

490 616 606 668 tres
632 615 932 683 carissimi,
958 617 1290 688 suppliciter
1318 633 1570 682 oremus,
1599 619 1662 670 ut
1687 615 1784 686 qui
1815 614 1973 669 dedit
2003 613 2118 669 diei

491 707 658 778 hujus
680 708 1150 776 sollemnitatem,
1169 710 1263 763 det
1292 711 1526 780 plenum
1556 705 1957 763 sollemnitatis
1988 707 2120 760 effe-

490 803 666 854 ctum.
701 800 809 864 Qui
823 801 1103 856 dedithoc
1119 803 1272 873 quod
1292 803 1474 856 cultus
1491 800 1810 856 festivitatis
1829 799 2119 871 amplecti-

491 897 602 958 tur,
634 893 731 946 det
758 897 820 947 ut
845 894 1053 948 affectu
1073 895 1391 949 devotionis
1417 894 1732 948 imitemur.
1762 895 1828 947 Et
1849 891 2120 964 quicquid

492 990 690 1041 sancto
710 987 830 1041 viro
859 1005 922 1040 ac
948 988 1278 1042 beatissimo
1301 987 1539 1058 martyri
1553 1003 1652 1041 suo
1685 986 1994 1042 Saturnino
2026 986 2120 1038 bo-

489 1079 692 1133 dierno
721 1079 811 1134 die
839 1081 1054 1151 profuit
1081 1081 1152 1134 ad
1176 1080 1443 1150 gloriam,
1470 1079 1634 1134 nobis
1651 1079 1914 1150 proficiat
1940 1079 2012 1132 ad
2036 1095 2120 1132 sa-

493 1173 696 1226 lutem.
743 1175 850 1226 Per
908 1173 1216 1228 Dominum
1269 1177 1530 1228 nostrum
1583 1175 1776 1228 Jesum
1835 1171 2120 1227 Christum

495 1264 698 1320 Filium
721 1282 904 1333 suum,
934 1265 1028 1336 qui
1051 1283 1244 1320 secum
1273 1271 1330 1320 et
1357 1283 1485 1321 cum
1520 1265 1732 1337 Spiritu
1760 1268 1974 1320 sancto.

1047 1355 1296 1404 Collectio
1320 1355 1572 1418 sequitur.

565 1423 812 1491 Debitas,
838 1425 1205 1496 omnipotens
1235 1427 1584 1498 sempiterne
1615 1427 1784 1492 Deus,
1818 1424 2122 1478 referimus

493 1519 709 1588 gratias
734 1519 862 1572 Iesu
890 1519 1113 1573 Christo
1141 1519 1387 1573 Domino
1407 1523 1623 1584 nostro,
1652 1519 1710 1572 in
1728 1517 1890 1587 cujus
1920 1517 2118 1571 simili-

495 1611 754 1665 tudinem
777 1611 1142 1665 beatissimus
1163 1613 1524 1678 Saturninus,
1557 1612 1695 1665 dum
1722 1611 2124 1664 offerretvicti-

493 1721 672 1770 mam,
690 1704 808 1774 ipse
827 1705 889 1758 fit
911 1705 1172 1768 victima;
1204 1706 1338 1759 dum
1354 1706 1736 1759 sacerdotium
1754 1707 1965 1758 electus
1978 1704 2118 1773 agit,

491 1797 832 1867 martyrium
848 1798 1084 1852 devotus
1106 1797 1384 1869 implevit,
1413 1801 1474 1852 ut
1491 1815 1594 1868 per
1614 1797 1994 1852 eminentiam
2007 1797 2124 1866 jus-

2217 612 2459 668 ritorum
2488 616 2815 668 nostrorum
2845 612 3061 666 tribuas
3089 611 3538 683 indulgentiam,
3567 627 3681 682 per
3711 611 3885 667 Chri-

2219 711 2369 760 stum
2400 707 2712 761 Dominum
2744 705 3142 762 nostrum.Cui
3167 705 3378 760 merito
3407 721 3626 760 omnes
3656 705 3888 775 angeli,

2221 803 2392 869 atque
2412 799 3065 868 archangeli,cheruhim
3088 816 3317 870 quoque
3342 798 3732 869 etseraphim
3758 798 3886 851 sine

2219 891 2641 947 intermissione
2679 893 3060 962 proclamant,
3094 891 3350 948 dicentes
3383 909 3395 946 :
3427 892 3712 960 Sanctus,
3741 891 3887 946 San-

2221 989 2361 1051 ctus,
2385 985 2642 1040 Sanctus.

2291 1088 2442 1143 XVII.
2476 1103 2632 1143 MISSA
2671 1104 2723 1144 IN
2765 1104 2966 1144 NATALE
3005 1103 3192 1144 suam
3232 1105 3462 1145 monac
3500 1104 3812 1145 APOSTOL].

2903 1175 3156 1226 Praefatio.

2289 1256 2675 1326 Apostolicum
2704 1259 2761 1310 et
2785 1257 2890 1310 toti
2921 1258 3141 1311 almum
3175 1258 3384 1310 saeculo
3413 1256 3604 1325 diem,
3639 1273 3764 1328 quo
3792 1275 3885 1312 re-

2222 1350 2356 1404 tifcx
2386 1351 2476 1404 ille
2507 1352 2813 1420 praeclarus
2842 1349 3102 1403 Andreas
3133 1348 3713 1420 postinluminatam
3739 1367 3891 1422 prae-

2223 1443 2505 1497 dicatione
2518 1443 2790 1496 Achaiam
2813 1441 2962 1496 felici
2987 1441 3265 1513 martyrio
3288 1442 3612 1510 decoravit,
3643 1446 3736 1497 vel
3757 1461 3892 1516 pro.

2221 1536 2330 1607 prii
2369 1536 2624 1606 corporis
2658 1535 2906 1589 hostiam
2945 1535 3125 1590 crucis
3162 1535 3412 1605 insignia
3453 1537 3892 1608 amplectende

2223 1628 2483 1700 gestavit,
2509 1630 2713 1683 fratres
2740 1628 3038 1697 carissimi,
3067 1628 3304 1682 intentis
3332 1629 3626 1696 sensibus,
3653 1634 3718 1684 et
3751 1631 3894 1684 totis

2222 1722 2529 1776 visceribus
2578 1723 2922 1788 excolamus,
2968 1721 3244 1792 inclytam
3292 1721 3736 1793 omnipotentis
3787 1724 3894 1777 Dei

2225 1814 2676 1869 misericordiam
2699 1815 3092 1886 deprecantes,
3111 1814 3190 1868 uti
3211 1814 3366 1869 hunc
3382 1816 3678 1886 populum
3695 1817 3893 1871 crucis

488 1889 629 1944 tilia}
662 1894 832 1960 atque
863 1891 1132 1958 victoriae,
1175 1895 1233 1945 et
1277 1891 1434 1944 testis
1465 1891 1637 1944 fuerit
1664 1893 1720 1943 et
1747 1889 1986 1943 antistes
2016 1906 2028 1944 :
2065 1889 2120 1942 in
2144 1895 2200 1968 B
2225 1908 2648 1978 sumsignaculo
2873 1907 3680 1978 prmmonitummlucjubeat
3694 1909 3890 1977 adire,

491 2000 605 2053 quo
637 1984 944 2052 proficiens
974 1983 1109 2037 ﬁdei
1140 1983 1403 2050 latitudo,
1434 1983 1573 2037 dum
1600 1983 1936 2036 cathedram
1956 1981 2123 2035 susci-

492 2076 576 2145 pit
607 2075 947 2140 sanctitatis,
985 2092 1259 2129 coronam
1292 2076 1481 2146 rapuit
1504 2076 1800 2146 passionis.
1822 2077 1902 2128 Ita
1931 2075 2124 2146 Majes-

493 2171 674 2222 tatem
723 2171 904 2235 tuam,
952 2167 1216 2234 Domine,
1254 2170 1536 2238 supplices
1572 2185 1891 2234 exoramus,
1926 2171 1987 2221 ut
2027 2171 2121 2239 qui

495 2261 548 2314 ei
593 2264 815 2314 tantam
861 2278 966 2331 pro
995 2261 1228 2316 nomine
1261 2265 1357 2316 tuo
1390 2262 1698 2332 priestitisti
1732 2263 2118 2331 tolerantiam,

495 2371 598 2424 per
627 2354 750 2424 ejus
781 2353 1252 2410 intercessionem
1298 2355 1514 2408 tribuas
1566 2371 1670 2425 pro
1723 2355 1940 2408 delictis
1968 2357 2119 2426 plebi

494 2446 624 2500 huic
660 2446 908 2501 veniam.
939 2449 1046 2502 Per
1071 2447 1377 2502 Dominum
1411 2452 1668 2501 nostrum
1699 2449 1888 2502 Jesum
1931 2449 2118 2504 Chris-

493 2543 615 2594 tum
638 2539 838 2594 Filium
873 2544 1053 2594 tuum.

981 2628 1231 2678 Collectio
1253 2632 1370 2690 post
1392 2629 1624 2678 nomina.

559 2701 828 2768 Magnum
875 2700 1039 2754 nobis
1076 2704 1161 2753 est
1208 2717 1550 2771 semperque
1581 2701 1867 2766 festivum,
1913 2702 2120 2754 fratres

492 2791 790 2858 carissimi,
806 2793 1012 2847 summi
1033 2793 1318 2862 pontificis
1336 2796 1391 2846 et
1405 2793 1674 2864 martyris
1695 2793 1989 2847 Saturnini
2005 2810 2122 2846 me-

489 2885 632 2951 ritis,
668 2886 934 2956 depensis
957 2885 1202 2939 fideliter
1227 2886 1489 2956 precibus
1518 2902 1774 2953 exorare,
1809 2886 1907 2956 qui
1934 2887 2121 2941 Salva-

489 2980 630 3033 toris
659 2977 852 3051 220
880 2979 1058 3033 nostri
1090 2982 1379 3049 prmcepta
1409 2978 1756 3045 custodiens,
1785 2995 1900 3032 non
1933 2980 2116 3032 solum

491 3073 873 3126 sacerdotium
899 3089 962 3126 ac
987 3071 1115 3124 vitae
1147 3071 1568 3125 beatitudinem
1595 3071 1824 3138 meruit,
1858 3089 1916 3124 se
1945 3072 2119 3126 etiam

487 3165 634 3219 tanti
666 3165 901 3220 honoris
941 3165 1194 3220 officium
1243 3164 1393 3218 felici
1441 3165 1714 3235 martyrio
1745 3165 2115 3219 consecravit.

489 3261 596 3312 Per
620 3259 780 3326 cujus
793 3258 1014 3312 meritis
1040 3258 1417 3328 deprecemur
1429 3257 1890 3328 omnipotentem
1915 3258 2116 3324 Deum,
2141 3255 2195 3328 C

491 3356 554 3404 ut
598 3351 710 3404 illic
757 3351 1159 3404 defunctorum
1202 3350 1424 3404 animas
1463 3351 1773 3404 transferat
1813 3367 1847 3404 a
1878 3353 2116 3416 tartaro,

493 3461 606 3513 quo
647 3443 806 3497 illum
834 3460 1004 3497 causa
1032 3443 1248 3497 amoris
1273 3444 1364 3496 cui
1401 3445 1706 3497 adsumere
1738 3443 2009 3513 dignatus
2036 3446 2123 3497 est

491 3537 1006 3608 posttriumphum.
1023 3538 1127 3591 Per
1141 3537 1450 3591 Dominum
1465 3541 1724 3592 nostrum
1743 3539 1936 3592 Jesum
1958 3536 2117 3592 Chri-

491 3636 640 3685 stum
661 3630 864 3685 Filium
893 3641 1079 3694 Suum,
1110 3647 1326 3684 secum.

1012 3719 1260 3768 Collectio
1291 3717 1354 3767 ad
1384 3731 1588 3782 pacem.

556 3793 722 3858 Deus,
748 3792 846 3862 qui
871 3791 1089 3846 viscera
1110 3789 1520 3845 misericordiae
1537 3793 1709 3860 atque
1739 3787 1900 3842 uberi
1927 3788 2118 3842 multi-

489 3885 639 3955 plici,
671 3884 748 3937 sic
768 3887 994 3939 sanctos
1015 3887 1140 3937 tuos
1157 3900 1398 3937 coronas
1419 3899 1520 3953 pro
1548 3881 1786 3948 meritis,
1813 3885 1876 3935 ut
1904 3881 2116 3936 discor-

490 3977 754 4030 dantium
777 3976 1004 4030 animos
1015 3991 1219 4030 eorum
1243 3974 1650 4028 intercessione
1674 3973 1953 4044 paciﬁces,
1970 3991 2120 4044 quaa-

491 4085 685 4123 sumus
713 4085 815 4139 per
834 4068 1224 4122 interventum
1255 4067 1434 4122 sancti
1457 4065 1748 4121 Saturnini
1778 4066 2043 4121 antistitis
2065 4072 2122 4122 et

493 4161 758 4232 martyris
781 4161 859 4216 tui
880 4164 940 4214 ut
961 4161 1322 4231 pacificatam
1355 4160 1606 4230 plebem,
1638 4161 1805 4231 hujus
1831 4160 2118 4216 festivitati

492 4256 810 4321 collectam,
845 4255 922 4308 sic
953 4254 1024 4308 ab
1051 4253 1210 4307 omni
1238 4253 1527 4307 simultate
1555 4270 1804 4324 separes,
1838 4257 1901 4307 ut
1928 4254 2116 4324 perfe-

489 4352 638 4400 ctam
659 4351 756 4402 tuo
779 4346 1110 4417 conspectui
1129 4346 1341 4400 habere
1368 4345 1640 4415 digneris.
1673 4348 1782 4402 Per
1810 4346 2117 4403 Dominum

491 4444 750 4495 nostrum
779 4443 973 4496 Jesum
1001 4439 1286 4496 Christum
1319 4439 1518 4493 Filium
1539 4442 1721 4493 tuum.

1133 4527 1469 4578 Contestalio.

557 4601 807 4671 Dignum
834 4604 891 4654 et
911 4601 1130 4672 justum
1160 4605 1262 4654 est.
1299 4600 1595 4671 Optimum
1619 4618 1756 4656 sane
1789 4605 1892 4668 est,
1924 4601 2114 4656 nobis-
2137 4617 2196 4688 D

490 4710 598 4764 quc
627 4693 857 4765 speciali
886 4693 1188 4748 devotione
1232 4694 1603 4766 prmcipuum,
1635 4695 2116 4766 omnipotentiam

489 4791 663 4855 tuam,
687 4787 930 4841 Trinitas
970 4788 1138 4854 Deus,
1164 4805 1265 4859 pro
1313 4791 1647 4843 cunctorum
1675 4788 2116 4859 triumphalibus

485 4880 667 4952 pannis
725 4880 952 4935 servitio
1002 4879 1213 4950 linguae
1273 4880 1643 4952 supplicantis
1692 4882 1983 4948 extollere,
2014 4882 2116 4936 sed

485 4974 766 5045 praecipue
784 4974 891 5027 hoc
907 4977 1166 5045 tempore
1180 4974 1411 5028 beatum
1427 4973 2114 5040 Saturninum,tremendi

485 5067 735 5122 nominis
770 5067 852 5122 tui
884 5067 1511 5122 conclamantissimum
1547 5069 1751 5121 testem
1784 5066 1976 5123 debito
2009 5068 2110 5122 h0-

485 5177 622 5213 nore
652 5159 934 5230 suscipere
964 5177 976 5216 :
1012 5177 1184 5232 quem
1210 5161 1378 5213 turba
1411 5159 1718 5231 gentilium
1753 5176 1884 5215 cum
1925 5159 2110 5231 impu-

483 5254 546 5306 lit
573 5271 604 5307 c
634 5254 792 5321 fano,
818 5252 1007 5308 intulit
1031 5255 1192 5309 coelo.
1225 5253 1522 5325 Siquidem
1554 5253 1674 5326 ipse
1697 5253 1954 5325 pontifex
1984 5256 2114 5308 tuus

485 5348 556 5399 ab
579 5345 824 5400 Orientis
844 5347 1172 5416 partibusin
1196 5349 1398 5402 urbem
1410 5347 1757 5402 Tolosatium
1774 5346 2110 5413 destinatus,
2151 5345 2154 5348 ’

484 5442 664 5495 Roma
697 5441 979 5496 Garonnze
1013 5441 1069 5496 in
1106 5442 1288 5496 vicem
1318 5443 1467 5496 Petri
1495 5441 1593 5508 tui,
1625 5444 1743 5494 tam
1770 5441 2110 5496 cathedram

483 5550 654 5603 quam
685 5534 1022 5606 martyrium
1050 5535 1490 5591 consummavit.
1524 5533 1686 5588 Unde
1717 5533 2114 5588 benedicimus

484 5632 556 5693 te,
603 5628 864 5696 Domine,
897 5629 954 5682 in
983 5628 1250 5699 operibus
1277 5627 1407 5693 tuis,
1441 5630 1499 5680 et
1525 5623 1804 5696 supplices
1839 5626 2110 5698 depreca-

480 5739 627 5788 mur,
659 5725 722 5776 ut
744 5721 1019 5792 spiritalia
1033 5719 1336 5776 Christiani
1355 5719 1549 5791 populi
1573 5718 1860 5772 desideria
1889 5721 2114 5774 sollem-

483 5816 632 5867 niter
679 5815 1050 5884 impleantur,
1098 5816 1155 5867 et
1203 5812 1597 5868 misericordia
1643 5828 1676 5865 a
1719 5814 1774 5866 te
1805 5813 1983 5884 petita
2011 5830 2114 5884 per

481 5907 660 5962 sancti
679 5907 759 5961 tui
777 5905 1070 5962 Saturnini
1090 5905 1363 5977 suffragia
1383 5906 1644 5962 celeriter
1666 5905 2026 5976 impetretur.
2042 5907 2113 5961 Ut

2223 2000 2673 2054 adminiculante
2713 2002 2847 2067 ﬁde,
2881 2017 2993 2071 quo
3028 2005 3250 2071 martyr
3285 2001 3585 2072 praecessit
3627 2001 3888 2074 impleto

2224 2093 2561 2147 certamine.
2611 2093 2776 2157 Quod
2820 2094 2940 2163 ipse
2970 2097 3244 2163 praestare
3278 2093 3577 2164 dignetur,
3611 2095 3720 2166 qui
3748 2111 3887 2150 cum

2222 2188 2386 2240 Patre
2416 2189 2473 2240 et
2501 2185 2712 2257 Spiritu
2747 2189 2942 2240 sancto
2970 2186 3104 2240 vivit
3135 2190 3193 2239 et
3222 2203 3345 2257 reg.

2776 2278 3026 2328 Collectio
3053 2277 3304 2340 sequitur.

2293 2354 2512 2409 Christe
2539 2353 2802 2419 Domine,
2820 2353 3062 2406 crucifer
3075 2352 3344 2423 gloriose,
3361 2350 3460 2422 qui
3473 2354 3886 2410 constantiam

2221 2447 2372 2500 beati
2399 2446 2643 2500 Andrem
2676 2445 2920 2516 apostoli
2942 2449 3178 2516 propter
3209 2444 3458 2515 gloriam
3493 2446 3581 2500 tui
3616 2449 3891 2503 nominis

2222 2539 2470 2593 crucifixi
2511 2539 2589 2592 ita
2621 2538 2954 2592 confortasti
2995 2537 3052 2592 in
3094 2537 3317 2609 proelio,
3365 2540 3429 2592 ut
3469 2540 3800 2596 extolleres
3828 2542 3885 2597 in

2222 2632 2536 2702 triumpho,
2573 2631 2779 2684 exaudi
2807 2631 2958 2685 hunc
2971 2635 3178 2684 coztum
3193 2630 3514 2701 supplicem
3531 2649 3600 2686 ac
3624 2650 3891 2704 praesen-

2221 2728 2435 2791 tcm,et
2462 2728 2670 2795 prmsta
2693 2727 2754 2777 ut
2778 2724 2874 2794 qui
2905 2725 3012 2778 hoc
3041 2727 3303 2794 tempore
3332 2723 3455 2793 ejus
3486 2726 3890 2782 sollemnitati

2223 2817 2481 2871 debitum
2511 2818 2694 2870 fcenus
2721 2817 3083 2883 cxsolvimus,
3115 2817 3322 2870 futuris
3349 2819 3730 2888 temporibus
3754 2839 3891 2876 m0-

2222 2911 2359 2964 dum
2387 2910 2515 2963 vita:
2539 2910 2890 2975 castissimzr,
2907 2909 3028 2981 ipso
3050 2909 3390 2981 epitulante,
3422 2928 3759 2967 servemus.
3781 2915 3891 2968 Per

2223 3006 2296 3068 te,
2328 3002 2546 3058 Christe
2587 3003 2848 3057 Salvator
2881 3003 3104 3070 mundi,
3149 3002 3408 3073 quicum
3444 3007 3676 3060 aeterno
3711 3008 3889 3061 Patre

2221 3096 2376 3161 vivis,
2422 3094 2738 3149 dominaris
2777 3098 2834 3148 et
2867 3112 3077 3166 regnas
3104 3096 3253 3149 Deus
3282 3095 3340 3150 in
3369 3095 3599 3152 unitate
3629 3099 3889 3171 Spiritus

2222 3188 2400 3242 sancti
2429 3188 2485 3241 in
2515 3189 2721 3242 saecula
2739 3189 3097 3242 smculorum.

2713 3280 2964 3330 Collectio
2996 3283 3113 3344 post
3131 3280 3364 3330 nomina.

2292 3354 2760 3424 Omnipotentem
2792 3355 2973 3408 Deum
2996 3371 3060 3408 ac
3083 3354 3395 3409 Dominum
3425 3358 3728 3426 nostrum,
3767 3361 3883 3414 fra-

2223 3451 2336 3501 tres
2365 3446 2656 3512 carissimi,
2686 3447 3080 3517 deprecemur,
3119 3450 3181 3501 ut
3206 3448 3496 3504 hodierna
3536 3453 3884 3516 sollemnia,

2223 3558 2333 3611 que
2364 3557 2468 3610 pro
2510 3541 2700 3594 natale
2731 3539 3045 3594 beatissimi
3094 3541 3342 3611 apostoli
3369 3545 3428 3596 et
3459 3546 3752 3615 martyris
3799 3547 3884 3600 sui

2220 3634 2462 3688 Andreas
2492 3632 2861 3703 suscepimus,
2893 3632 2997 3686 sibi
3024 3633 3145 3703 ipse
3175 3635 3586 3702 commendet;
3633 3655 3706 3693 ac
3739 3639 3889 3694 sicut

2222 3725 2304 3780 illi
2329 3726 2500 3782 hodie
2544 3727 2616 3780 ob
2657 3725 3131 3797 prtedicationem
3171 3726 3329 3780 verbi
3367 3727 3452 3781 sui
3487 3734 3695 3801 capto,
3729 3732 3888 3788 inter

2220 3821 2444 3874 vincula
2471 3819 2732 3885 carceris,
2765 3819 2995 3889 flagella
3026 3821 3083 3873 et
3109 3819 3290 3873 crucis
3325 3837 3535 3875 necem
3566 3823 3791 3892 adfuit,
3831 3830 3890 3880 et

2220 3914 2290 3967 de
2325 3913 2614 3984 triumpho
2657 3911 2834 3966 nobili
2874 3928 3152 3966 coronam
3191 3911 3370 3980 dedit,
3401 3913 3483 3968 ita
3527 3915 3886 3973 interventu

2220 4007 2342 4076 ejus
2389 4006 2555 4060 nobis
2599 4005 2656 4059 in
2701 4022 2760 4058 se
2803 4004 3188 4072 credentibus,
3221 4006 3320 4076 qui
3363 4009 3660 4077 pressuris
3705 4012 3885 4083 hujus

2219 4099 2444 4166 mundi,
2477 4102 2534 4152 et
2559 4097 2778 4152 insidiis
2807 4097 3118 4152 adversarii
3139 4098 3479 4170 fatigamur,
3508 4100 3570 4154 in
3596 4105 3888 4159 omnibus

2219 4191 2632 4248 teutationibus
2645 4191 2867 4257 adesse,
2888 4207 2953 4246 ac
2974 4191 3435 4247 misericordiam
3448 4193 3662 4265 largiri
3678 4197 3740 4252 di
3747 4216 3892 4270 gne-

2220 4289 2329 4353 tur,
2361 4290 2419 4340 et
2436 4286 2782 4340 offerentum
2802 4302 2866 4339 ac
2891 4288 3262 4356 pausantum,
3296 4302 3428 4356 quas
3454 4287 3715 4345 recitata
3750 4296 3890 4346 sunt

2219 4378 2478 4447 nomina,
2508 4377 2764 4449 Apostoli
2802 4377 2888 4431 sui
2928 4378 3342 4433 intercessione
3374 4380 3732 4438 sanctiﬁcet.
3776 4387 3890 4440 Per

2219 4472 2526 4526 Dominum
2567 4475 2829 4526 nostrum
2874 4473 3067 4526 Jesum
3095 4471 3388 4527 Christum
3419 4473 3636 4530 Filium
3680 4495 3884 4546 suum,

2220 4581 2413 4620 secum
2444 4563 2550 4618 viv.

2752 4635 3003 4684 Collectio
3028 4635 3094 4685 ad
3121 4649 3326 4698 pacem.

2287 4712 2668 4782 Omnipotens
2695 4711 3048 4782 sempiterna
3076 4713 3244 4780 Deus,
3262 4711 3359 4784 qui
3382 4715 3548 4768 tanta
3590 4715 3702 4771 tibi
3738 4719 3884 4774 cari-

2216 4808 2330 4860 tate
2373 4807 2610 4860 beatum
2653 4805 2946 4859 Andream
2993 4807 3322 4876 apostolum
3361 4805 3620 4875 vinxisti,
3672 4815 3742 4866 ut
3781 4817 3883 4867 tuo

2217 4899 2422 4954 auxilio
2467 4897 2670 4952 mundi
2721 4897 2977 4952 vinceret
3019 4897 3244 4966 fluctus,
3296 4899 3488 4954 carnis
3529 4906 3884 4960 contereret

2214 4996 2425 5058 motus,
2441 4991 2791 5062 nitentisque
2815 4991 2990 5062 gladii
3005 5008 3122 5046 non
3134 4992 3674 5063 paveretadsultus,
3693 5015 3878 5069 quem

2215 5102 2348 5140 crux
2377 5086 2598 5140 elevata
2614 5084 2861 5156 suscepit
2889 5084 3276 5151 humilem,ut
3299 5087 3642 5142 restitueret
3671 5091 3883 5148 trium-

2216 5179 2516 5251 phantem,
2551 5178 2807 5249 paciﬁca,
2843 5195 3192 5248 qua'sumus,
3222 5179 3374 5234 hanc
3404 5181 3708 5240 familiam
3753 5189 3882 5257 ejus

2214 5271 2590 5326 sollemnitati
2607 5272 2930 5338 collectam,
2957 5275 3021 5326 ut
3041 5272 3180 5327 dum
3208 5272 3430 5342 praebet
3457 5279 3662 5334 oscula
3684 5281 3882 5350 proxi-

2215 5365 2344 5430 mis,
2371 5364 2680 5434 indulgens
2706 5364 3048 5418 laedentibus
3074 5365 3303 5420 veniam
3330 5367 3600 5424 obtineat
3632 5389 3744 5443 pro
3775 5375 3879 5428 de-

2215 5457 2376 5512 lictis.
2407 5459 2515 5512 Per
2545 5457 2858 5512 Dominum
2891 5462 3153 5514 nostrum
3194 5461 3392 5515 Jesum
3437 5461 3745 5521 Christum
3785 5469 3874 5522 Fi-

2215 5551 2353 5604 lium
2381 5554 2566 5618 tuum,
2603 5551 2699 5621 qui
2727 5554 2939 5605 tecum.

2860 5644 3195 5694 Contestatio.

2285 5717 2534 5789 Dignum
2555 5721 2611 5772 et
2630 5717 2850 5788 justum
2871 5721 2974 5787 est,
3007 5735 3240 5790 {equum
3269 5723 3328 5774 et
3351 5719 3582 5791 justum
3607 5729 3718 5794 est,
3747 5727 3874 5798 pie-

2214 5810 2316 5865 tati
2347 5814 2457 5865 tuze
2473 5810 2792 5866 ineffabiles
2819 5812 3033 5882 gratias
3045 5814 3284 5881 referre,
3299 5816 3708 5888 omnipotens,
3725 5838 3878 5875 sein-

2213 5903 2438 5978 piterne
2457 5905 2638 5972 Deus;
2666 5907 2722 5960 et
2743 5903 3136 5962 inaestimabili
3149 5907 3366 5980 gaudio
3383 5911 3730 5982 passionem
3749 5916 3879 5971 tuo-
