3976 6432
183 379 279 436 253

1282 394 1366 455 DE
1406 399 1712 462 LITURGIA
1747 406 2116 470 GALLICANA
2154 412 2350 474 LIBER
2387 419 2475 475 ΙΙΙ.

179 501 306 542 rum
330 488 670 560 praedicare
692 498 1044 567 sanctorum,
1072 511 1180 572 per"
1199 503 1485 562 Christum
1511 509 1820 568 Dominum
1842 526 1901 600 Α
1922 518 2061 575 dera
2101 522 2324 592 sedens,
2360 527 2577 584 almum
2612 531 2774 588 nobis
2805 532 2978 603 sidus,

179 582 435 603 _-_l_____
489 583 556 603 η
589 585 602 598 .
631 587 646 603 .
751 591 762 603 .
845 591 856 603 .
936 591 952 603 .
1087 593 1098 603 .
1229 596 1240 603 .
1527 601 1535 603 Α

3431 431 3533 488 254

3009 535 3208 591 beatos
3247 536 3533 608 apostolos

1842 582 1901 600 ιι
2310 582 2322 592 ¹
2505 582 2576 584 ⁷⁷⁷-
2612 582 2772 588 “““*““
2806 582 2978 603 """""
3010 582 3208 591 """"
3248 582 3530 608 “rVV'V‘V'

178 582 466 638 nostrum.
487 583 604 650 Qui
631 587 807 645 beato
829 591 1141 649 Andresein
1155 596 1342 667 prima
1359 601 1653 658 vocatione
1668 604 1826 662 dedit
1919 612 2217 684 reliquisti,
2245 633 2490 688 quorum
2515 623 2829 694 speciosam
2861 628 3177 695 cohortem,
3192 627 3340 684 felici
3366 629 3530 686 clari-

178 673 208 695 Ω
221 673 246 695 ,ι
261 690 278 695 -
291 690 343 695 ..Α
421 693 434 695 _
452 678 464 695 Ι
505 677 517 688 ⁸
730 681 742 693 ι
921 685 936 695 -
1099 687 1110 695 .
1122 691 1130 695 .
1208 688 1218 695 .
1266 693 1272 695 .
1353 691 1363 695 -

176 673 374 743 fidem,
410 678 475 731 et
501 677 568 733 in
592 681 862 750 passione
905 685 1140 742 donavit
1170 688 1486 748 victoriam.
1513 696 1822 768 Acceperat

176 767 294 821 haec
313 772 575 842 utraque
597 773 804 830 beatus
823 777 1108 847 Andreas;
1127 780 1256 836 ideo
1271 783 1518 841 habebat
1534 791 1591 842 et
1605 767 1821 860 inprae-

178 859 468 918 dicatione
510 868 929 936 constantiam,
962 875 1019 926 et
1051 872 1110 926 in
1140 873 1403 944 passione
1429 879 1816 938 tolerantiam.

178 952 280 1016 Qui
304 959 441 1024 post
472 955 684 1029 iniqua
715 961 971 1032 verbera,
1203 971 1331 1038 post
1356 971 1596 1026 carceris
1624 978 1816 1045 saepta,

175 1045 439 1118 alligatus
469 1051 797 1122 suspendio
826 1069 885 1108 se
913 1071 1120 1125 purum
1149 1059 1487 1116 sacrificium
1499 1063 1602 1118 tibi
1615 1066 1818 1121 obtulit

175 1139 611 1198 Deo.Extendit
634 1145 976 1202 mitissimus
1001 1148 1237 1206 brachia
1268 1152 1340 1207 ad
1367 1155 1554 1223 caelos,
1593 1159 1811 1229 ample-

173 1230 338 1286 ctitur
380 1235 579 1289 crucis
607 1236 898 1305 vexillum,
931 1239 1132 1311 deﬁgit
1164 1243 1222 1296 in
1268 1246 1494 1300 osculis.
1516 1264 1635 1316 ora,
1666 1252 1814 1322 Agni

174 1323 468 1395 cognoscit
489 1344 734 1384 arcana.
761 1332 1020 1404 Denique
1049 1334 1187 1389 dum
1217 1335 1290 1391 ad
1309 1339 1627 1409 patibulum
1650 1342 1815 1398 duce-

174 1419 342 1482 retur,
376 1417 437 1472 in
474 1437 654 1474 cruce
688 1424 1156 1494 suspenderetur,
1187 1445 1357 1484 carne
1381 1432 1723 1502 patiebatur,
1757 1439 1814 1490 et

172 1509 367 1579 spiritu
379 1511 764 1583 loquebatur.
785 1515 1142 1572 Obliviscitur
1153 1520 1331 1575 crucis
1342 1525 1650 1592 tormenta,
1671 1526 1810 1582 dum

171 1601 236 1655 de
259 1618 427 1657 cruce
450 1605 758 1662 Christum
777 1614 1086 1678 praeconat.
1109 1611 1400 1675 Quantum
1425 1616 1582 1670 enim
1605 1634 1810 1690 corpus

171 1693 286 1762 ejus
316 1695 374 1749 in
409 1697 583 1767 ligno
612 1700 1059 1769 extendebatur,
1096 1706 1322 1759 tantum
1355 1707 1413 1760 in
1445 1707 1641 1779 lingua
1689 1711 1810 1780 ejus

172 1785 420 1841 Christus
447 1789 843 1858 exaltabatur,
876 1793 1010 1864 quia
1035 1796 1296 1865 pendens
1317 1797 1374 1852 in
1396 1799 1573 1868 ligno,
1604 1802 1806 1857 sociari

1920 707 2034 759 tate
2065 709 2398 778 pollentem,
2421 713 2578 784 prius
2602 719 2942 792 praeelegisti
2967 723 3194 790 merito,
3219 726 3280 777 ut
3309 725 3528 794 praede-

1919 796 2160 853 stinares
2212 801 2272 856 in
2312 810 2757 875 regno-Amen.
2811 813 3070 868 Concede
3124 816 3401 886 propitius
3431 816 3532 872 cir-

1917 894 2298 948 cumstantem
2339 898 2568 967 plebem
2603 903 2782 957 crucis
2816 907 2927 959 tuae
2961 907 3172 961 muniri
3215 908 3527 978 signaculo,

1919 985 1980 1035 ut
2004 984 2326 1042 universum
2353 997 2580 1061 superet
2603 995 2854 1050 adversae
2883 999 3180 1068 potestatis
3215 999 3523 1056 incursum.

1913 1076 2118 1130 Amen.
2135 1079 2372 1134 Infunde
2386 1084 2642 1139 sensibus
2653 1087 2774 1158 ejus
2785 1090 3096 1160 apostolica
3107 1092 3400 1163 dogmata,
3415 1111 3528 1164 qua

1915 1169 1970 1220 te
2001 1172 2420 1242 contempletur
2445 1181 2640 1232 mente
2663 1196 2886 1236 serena.
2908 1184 3113 1237 Amen.
3138 1185 3280 1238 Utin
3307 1184 3402 1240 illo
3420 1189 3526 1240 tre~

1914 1260 2503 1330 mendojdiscussionis
2521 1271 2801 1341 tempore,
2827 1289 3028 1328 eorum
3048 1275 3379 1333 defensetur
3389 1269 3528 1348 pra:-

1912 1349 2075 1419 sidio,
2105 1370 2349 1424 quorum
2382 1362 2468 1412 est
2491 1365 2684 1417 secuta
2714 1369 3084 1436 praeceptum.
3114 1370 3320 1424 Amen.
3359 1369 3524 1434 Quod

1910 1441 2029 1512 ipse
2072 1450 2342 1515 praestare
2389 1450 2661 1521 digneris,
2691 1455 2787 1525 qui
2831 1474 2960 1512 cum
3006 1460 3192 1528 Patre,
3223 1465 3281 1516 et
3308 1460 3519 1533 Spiritu

1910 1539 2104 1592 sancto
2133 1538 2266 1593 vivis
2289 1544 2345 1594 et
2374 1559 2582 1614 regnas
2611 1547 2778 1604 Deus.

1941 1668 2112 1723 XVIII.
2141 1686 2297 1727 mssa
2332 1690 2385 1729 IN
2425 1692 2624 1732 NATALE
2663 1695 2877 1736 suam;
2917 1699 3194 1748 EL'LALI/Eb
3230 1701 3485 1744 vaINIs.

1977 1775 2156 1830 Deum
2179 1779 2660 1850 omnipotentem,
2694 1786 2916 1842 Fratres
2947 1789 3242 1857 carissimi,
3273 1791 3369 1862 qui
3400 1795 3521 1848 tan-

173 1896 225 1931 se
253 1879 306 1933 ei
339 1881 772 1949 gratulabatur.
801 1885 1068 1940 Absolvi.
1094 1905 1152 1941 se
1179 1905 1291 1944 non
1315 1891 1530 1961 patitur
1559 1911 1592 1947 ἃ
1618 1911 1802 1963 cruce,
1824 1877 1881 1949 B
1905 1869 2026 1963 tum
2040 1869 2381 1938 prudentem
2394 1873 2781 1945 virginitatem
2797 1881 2927 1934 fidei
2941 1881 3214 1936 sociatam
3229 1884 3386 1954 apice
3405 1885 3522 1954 glo-

172 1987 238 2024 ne
255 1974 515 2043 tepescat
543 1979 852 2030 certamen
879 1977 937 2031 in
965 1981 1446 2050 tempore.Turba
1472 1985 1801 2057 circumspi-

174 2064 260 2130 cit,
287 2068 345 2118 et
365 2066 694 2132 lamentat;
725 2068 956 2124 demitti
987 2088 1020 2125 a
1048 2071 1271 2127 vinculo
1306 2076 1478 2146 cupit,
1513 2094 1685 2148 quem
1710 2095 1800 2132 re-

171 2160 493 2226 paratorem
508 2159 735 2212 mentis
754 2161 1045 2234 intelligit.
1065 2165 1264 2219 Laxari
1289 2169 1539 2237 postulat
1557 2170 1798 2240 justum,

173 2266 235 2302 ne
261 2253 461 2320 pereat
481 2253 740 2322 populus
761 2253 870 2308 hoc
891 2254 1117 2310 delicto.
1145 2259 1370 2313 Interea
1384 2260 1574 2314 fundit
1595 2262 1803 2334 Martyr

171 2341 446 2411 spiritum,
493 2361 873 2414 possessurus
912 2349 1247 2418 sempiterni
1283 2351 1494 2406 Iudicis
1530 2370 1796 2425 regnum.

169 2435 268 2488 Per
290 2435 450 2506 cujus
476 2436 716 2491 meritis
743 2439 995 2492 concede
1021 2441 1204 2510 nobis,
1236 2443 1602 2514 omnipotens
1630 2447 1796 2516 Deus,

170 2531 225 2580 ut
249 2543 280 2580 a
301 2528 471 2582 malis
501 2529 791 2584 omnibus
821 2531 930 2585 tuti
959 2535 1130 2603 atque
1153 2534 1394 2602 defensi,
1425 2536 1529 2590 tibi
1553 2539 1798 2595 Domino

171 2622 349 2675 nostro
367 2621 489 2676 Deo
506 2623 866 2692 martyrum,
887 2623 1205 2696 etPrincipi
1234 2629 1645 2697 apostolorum,
1674 2632 1794 2686 lau-

170 2709 261 2764 des
285 2729 520 2783 semper
549 2717 618 2768 et
645 2715 864 2784 gratias
890 2716 1208 2772 referamus
1235 2735 1365 2772 cum
1387 2721 1607 2792 angelis
1625 2725 1682 2776 et
1705 2741 1794 2778 ar-

170 2802 468 2874 changelis,
503 2805 612 2877 qui
652 2805 901 2877 gloriam
929 2810 1088 2862 tuam
1127 2827 1242 2865 non
1273 2815 1495 2866 cessant
1523 2815 1793 2883 clamare,

171 2893 430 2951 dicentes.

653 2967 908 3019 Collectio
933 2973 1053 3032 post
1073 2971 1308 3021 Sanctus.

229 3046 494 3102 Hosanna
528 3047 591 3102 in
626 3049 886 3103 excelsis.
919 3051 1059 3104 Vere
1087 3056 1332 3120 sanctus,
1374 3070 1504 3108 vere
1530 3055 1794 3111 benedic-

168 3140 265 3202 tus,
291 3155 422 3194 vere
469 3141 766 3212 gloriosus
803 3142 1084 3196 Dominus
1115 3147 1310 3198 noster
1339 3147 1498 3200 Jesus
1541 3148 1793 3204 Christus

1902 1957 2000 2012 riae
2029 1965 2396 2031 consecravit,
2424 1969 2486 2019 ut
2511 1983 2614 2036 per
2641 1984 2812 2038 quem
2839 1973 2988 2027 facta
3013 1976 3098 2027 est
3119 1979 3306 2030 mater
3322 1976 3516 2044 Maria,

1902 2050 2066 2105 ﬁeret
2099 2057 2353 2124 martyra
2390 2058 2646 2114 Eulalia:
2687 2061 2784 2116 illa
2818 2063 3077 2132 pariendi
3119 2065 3322 2122 effectu
3361 2071 3514 2137 felix,

1900 2141 2008 2198 ista
2037 2146 2338 2202 moriendo
2369 2165 2382 2202 :
2413 2149 2509 2204 illa
2532 2151 2778 2223 implens
2807 2155 3213 2212 incarnationis
3245 2160 3516 2230 officium,

1902 2234 2007 2290 ista
2034 2237 2262 2308 rapiens
2292 2241 2569 2310 passionis
2599 2248 2961 2317 exemplum;
2989 2248 3088 2303 illa
3121 2251 3364 2306 credidit
3401 2255 3514 2308 An-

1901 2329 2048 2397 gelo,
2076 2329 2182 2384 ista
2211 2332 2418 2388 restitit
2436 2335 2669 2392 inimico
2695 2354 2708 2393 :
2737 2339 2832 2394 illa
2853 2341 3052 2408 electa,
3075 2359 3180 2412 per
3207 2361 3383 2414 quam
3412 2363 3513 2400 na-

1899 2424 2152 2474 sceretur
2166 2423 2438 2493 Christus,
2451 2426 2559 2482 ista
2574 2445 2678 2498 per
2698 2447 2869 2500 quam
2881 2432 3202 2488 vinceretur
3221 2435 3480 2491 diabolus
3499 2455 3513 2494 :

1898 2512 2135 2582 supplici
2152 2515 2410 2571 oratione
2436 2535 2758 2590 poscamus,
2775 2524 3080 2578 utbeatam
3109 2527 3385 2582 Eulaliam
3409 2547 3514 2600 pro

1898 2605 2061 2659 nobis
2095 2611 2358 2663 orantem
2397 2613 2662 2667 exaudiat
2693 2631 2707 2670 :
2758 2618 2815 2669 et
2854 2617 3068 2684 omnia,
3099 2635 3245 2688 quas,
3267 2623 3514 2691 peccatis

1897 2697 2340 2768 adversantibus,
2369 2703 2446 2756 im
2454 2705 2733 2774 pedimur,
2753 2708 2876 2778 ejus
2893 2711 3095 2766 auxilio
3110 2712 3180 2766 ab
3197 2713 3356 2767 omni
3381 2715 3510 2768 labe

1894 2791 2292 2860 peccaminum
2307 2811 2594 2850 eruamur.
2608 2799 2715 2852 Per
2726 2800 3032 2858 Dominum
3045 2808 3304 2860 nostrum
3316 2808 3508 2862 Jesum

1895 2881 2180 2940 Christum
2207 2885 2409 2942 Filium
2431 2905 2618 2958 suum,
2647 2908 2862 2948 secum.

2435 2989 2683 3042 Collectio
2709 2993 2955 3056 sequitur.

1963 3067 2128 3136 Deus,
2153 3069 2249 3140 qui
2275 3075 2484 3128 sanctae
2505 3078 2777 3148 martyras
2806 3081 2918 3134 tuae
2951 3081 3182 3137 Eulaliae
3205 3100 3309 3154 pro
3340 3102 3508 3156 paena

1895 3159 2162 3229 gloriam,
2187 3179 2290 3232 pro
2302 3169 2489 3220 morte
2519 3167 2712 3236 vitam,
2732 3187 2836 3240 pro
2862 3171 3194 3229 inﬁrmitate
3220 3175 3504 3245 virtutem,

170 3230 322 3285 Filius
335 3236 482 3299 tuus,
499 3233 1162 3304 quibeatumAndream
1191 3239 1512 3308 apostolum
1539 3241 1792 3310 primum
1811 3229 1866 3302 C
1892 3267 1994 3321 pro
2023 3229 2286 3322 passione
2307 3273 2579 3314 coronam
2601 3229 2844 3317 tribuisti
2869 3280 2880 3330 ;
2909 3269 3133 3336 praesta,
3164 3270 3224 3321 ut
3411 3229 3508 3324 illa:

169 3323 452 3392 electione,
483 3326 699 3381 exinde
728 3327 1048 3382 certamine
1078 3330 1446 3386 consecravit.
1479 3334 1600 3403 Ipse
1633 3334 1790 3390 enim

167 3416 335 3485 pridie
359 3434 561 3488 quam.

658 3487 912 3540 Collectio
936 3492 1056 3553 post
1073 3494 1292 3541 secreta.

226 3567 548 3622 Recolimus
578 3571 660 3642 te,
685 3568 952 3638 Domine,
984 3586 1215 3640 passum
1243 3589 1346 3643 pro
1375 3575 1577 3630 mundi
1607 3577 1787 3630 salute

167 3656 447 3727 humilem,
479 3661 585 3715 sed
613 3661 907 3715 credimus
938 3661 1243 3717 subsistere
1280 3681 1508 3737 semper
1530 3666 1590 3720 in
1616 3668 1786 3722 Geni-

167 3752 274 3804 tore
291 3756 590 3822 potentem
614 3771 627 3808 :
662 3769 988 3824 precamur,
1014 3757 1077 3808 ut
1097 3755 1194 3826 qui
1211 3755 1281 3810 de
1309 3757 1511 3812 altario
1533 3762 1633 3814 tuo
1655 3776 1783 3830 par-

166 3841 472 3913 ticipamur,
496 3862 636 3900 cum
655 3845 843 3899 beatis
861 3847 1134 3916 apostolis
1150 3848 1208 3902 in
1231 3850 1548 3904 coelestibus
1575 3853 1782 3922 glorie-

167 3949 299 3990 mur.
325 3937 560 4006 Prazsta,
597 3937 864 3993 Salvator
887 3937 1110 4007 mundi,
1145 3940 1241 4010 qui
1275 3957 1405 3996 cum
1437 3945 1652 3998 aeterno
1677 3945 1780 4000 Pa-

167 4027 238 4080 tre
264 4031 318 4081 et
344 4029 564 4100 Spiritu
585 4033 790 4085 sancto
817 4030 975 4086 vivis.

418 4126 680 4177 Collectio
705 4131 825 4177 ante
854 4126 1143 4178 orationem
1170 4129 1509 4180 Dominicam.

222 4204 379 4272 Deus,
411 4207 511 4278 qui
563 4211 798 4262 sanctos
841 4211 1130 4280 apostolos
1182 4213 1329 4278 tuos,
1360 4215 1654 4283 exemptos
1707 4216 1779 4270 ab

165 4293 314 4366 hujus
335 4299 527 4354 saeculi
555 4299 845 4368 fluctibus,
882 4301 1156 4372 angelicis
1175 4302 1389 4372 jussisti
1411 4304 1647 4360 coetibus
1675 4307 1776 4362 ad-

165 4402 407 4458 gregare,
423 4409 571 4462 quos
583 4392 764 4446 etiam
787 4393 898 4448 tuis
921 4394 1774 4468 prmceptionibusinhmrentes,

165 4481 390 4547 qualiter
423 4487 480 4538 te
521 4485 980 4556 deprecarentur
1014 4487 1344 4542 exhortator
1373 4488 1657 4560 piissimus
1687 4492 1773 4547 in-

163 4570 421 4642 formasti,
468 4577 762 4648 supplices
811 4594 1156 4648 quaesumus,
1205 4583 1268 4633 ut
1307 4581 1405 4651 qui
1445 4581 1571 4637 illos
1609 4584 1775 4640 hilari

163 4663 319 4720 allatu
340 4669 649 4724 salubriter
675 4669 954 4736 imbuisti,
987 4671 1154 4726 nobis
1180 4671 1365 4742 ipsam
1395 4689 1625 4744 precem
1645 4693 1774 4731 cum

163 4755 349 4814 fiducia
375 4762 686 4831 permittas
715 4763 969 4817 clamare
1001 4764 1088 4818 vel
1120 4764 1341 4820 dicere:
1370 4767 1538 4838 Pater
1557 4773 1771 4825 noster.

414 4858 673 4909 Collectio
697 4863 818 4922 post
843 4859 1128 4910 orationem
1155 4861 1495 4912 Dominicam.

221 4935 402 5012 223
422 4941 510 4996 Ab
545 4940 880 4996 omnimalo
899 4958 1004 4997 nos
1028 4943 1206 5014 eripe,
1225 4943 1590 5016 omnipotens
1605 4948 1770 5016 Deus,

162 5031 210 5080 et
219 5036 413 5098 przesta
433 5037 497 5088 ut
509 5034 692 5105 jubar
712 5034 1013 5104 apostolici
1034 5035 1274 5090 luminis
1285 5035 1640 5107 circumdati,
1655 5057 1774 5096 om-

165 5135 279 5176 nem
316 5142 542 5181 naevum
590 5125 855 5180 criminis
891 5143 1023 5182 cum
1052 5129 1282 5200 pompis
1313 5131 1504 5184 saeculi
1535 5149 1769 5204 respua-

161 5218 406 5273 mus.Per
420 5219 738 5276 Dominum
763 5224 1024 5275 nostrum
1043 5223 1235 5277 Jesum
1257 5221 1543 5278 Christum
1566 5225 1768 5282 Filium

162 5307 322 5362 tuum.

701 5381 1000 5433 Benedictio
1026 5383 1224 5446 populi.

219 5457 446 5516 Domine
479 5463 635 5518 Deus
663 5463 1052 5535 omnipotens,
1081 5464 1178 5536 qui
1201 5465 1482 5536 gloriosus
1511 5486 1682 5542 super
1701 5470 1769 5526 si-

219 5579 241 5607 '
268 5582 645 5666 [laicaliaque
671 5587 847 5666 verba
872 5587 1176 5659 desumpta
1206 5589 1472 5666 videntur
1487 5608 1552 5666 ex
1579 5595 1768 5666 vulga-

164 5647 222 5699 lis
240 5655 408 5728 sancti
432 5647 684 5728 Andreae
711 5657 882 5724 Actis,
917 5673 1046 5728 quae
1075 5647 1280 5714 saeculo
1307 5675 1406 5714 vm
1431 5665 1568 5717 nota
1603 5647 1770 5720 erant

161 5721 304 5799 apud
321 5725 598 5799 Hispanos
626 5726 802 5781 Beato
824 5721 1036 5795 abbati,
1061 5729 1160 5799 qui
1192 5745 1256 5784 ex
1281 5729 1363 5784 eis
1388 5731 1560 5787 verba
1588 5735 1769 5790 refert

162 5789 249 5841 sub
275 5789 441 5850 finem
465 5797 596 5851 libri
629 5814 647 5850 ι
675 5802 875 5852 contra
905 5789 1267 5860 Elip'aﬁdum.
1297 5800 1541 5855 Libellus
1573 5803 1642 5858 de
1665 5789 1761 5860 Mi?

163 5863 342 5918 raculis
385 5869 564 5923 sancti
591 5867 841 5922 Andreae.
870 5863 1138 5923 laudatur
1163 5869 1219 5923 in
1245 5871 1510 5926 Chronici
1556 5874 1760 5930 Fonta-

1891 3345 2105 3400 exultat
2127 3346 2186 3400 in
2205 3349 2406 3417 gloria,
2425 3351 2504 3406 sic
2517 3369 2621 3407 nos
2634 3353 2704 3408 de
2725 3358 2822 3410 tua
2848 3357 3237 3416 misericordia
3254 3363 3500 3431 gratule-

1888 3451 2049 3504 mur;
2083 3441 2140 3491 et
2168 3439 2228 3492 in
2258 3445 2536 3496 aeternum
2561 3446 2805 3516 veniam,
2841 3451 2894 3502 te
2927 3449 3200 3519 donante,
3233 3454 3504 3524 consequi

1889 3543 2233 3586 mereamur.
2279 3535 2387 3588 Per
2427 3535 2733 3592 Dominum
2775 3539 2969 3613 224
3014 3547 3275 3600 nostrum
3309 3548 3500 3602 Jesum

1887 3620 2174 3676 Christum
2207 3624 2410 3680 Filium
2438 3630 2620 3696 tuum,
2647 3631 2746 3700 qui
2775 3634 2982 3688 tecum.

2343 3726 2591 3778 Collectio
2622 3733 2742 3792 post
2773 3732 3004 3782 nomina.

1953 3806 2134 3860 Deum
2163 3808 2259 3878 qui
2289 3814 2499 3866 sanctae
2527 3813 2757 3869 famula:
2783 3833 2898 3870 sum
2927 3817 3160 3873 Eulaliae
3186 3819 3497 3889 gloriosam

1883 3900 1940 3950 et
1967 3897 2501 3958 immarcescibilem
2529 3921 2796 3962 coronam
2818 3910 3074 3981 martyrii
3105 3911 3362 3980 contulit,
3386 3914 3498 3968 fra-

1881 3991 1996 4044 tres
2028 3993 2320 4062 carissimi,
2353 3997 2630 4067 supplices
2675 3999 3067 4071 deprecemur,
3097 4007 3160 4058 ut
3187 4009 3495 4076 praestante

1881 4081 2073 4138 divina
2098 4085 2506 4156 misericordia,
2541 4089 2712 4161 ipsius
2733 4093 2994 4163 precibus
3017 4095 3378 4152 obtineamus
3399 4117 3493 4154 ve-

1880 4173 2058 4242 niam,
2089 4178 2184 4248 qui
2216 4179 2458 4250 gloriam
2498 4198 2613 4238 non
2644 4201 2952 4241 meremur.
2985 4187 3140 4243 Caris
3183 4189 3357 4245 etiam
3399 4209 3496 4247 no-

1877 4268 2024 4334 stris,
2049 4269 2276 4340 quinos
2309 4271 2368 4327 in
2403 4290 2608 4330 somno
2653 4277 2808 4347 pacis
2838 4286 3266 4350 praecesserunt,
3299 4300 3497 4354 peren-

1877 4360 1964 4414 nis
1992 4361 2094 4416 azvi
2119 4362 2537 4421 beatitudinem
2563 4371 2620 4422 et
2642 4373 2934 4440 perpetuae
2961 4373 3100 4428 lucis
3130 4375 3376 4444 gratiam
3403 4394 3492 4431 re-

1876 4469 2182 4510 munerare
2213 4455 2500 4527 dignetur.
2534 4461 2642 4514 Per
2671 4461 2978 4518 Dominum
3013 4469 3272 4521 nostrum
3299 4469 3492 4524 Jesum

1794 4580 1853 4652 D
1876 4545 2162 4602 Christum
2193 4548 2393 4604 Filium
2420 4567 2604 4618 suum,
2628 4569 2822 4608 secum
2853 4555 2958 4610 viv.

2399 4651 2645 4702 Collectio
2668 4653 2732 4702 ad
2761 4668 2963 4718 pacem.

1945 4732 2092 4785 Deus
2117 4731 2471 4788 simultatum
2501 4735 2800 4806 discussor,
2831 4741 2986 4811 pacis
3019 4742 3304 4814 quaesitor,
3333 4745 3492 4814 cujus

1873 4827 1935 4877 ut
1964 4823 2192 4894 pietatis
2223 4829 2310 4880 est
2348 4826 2630 4898 disjuncta
2658 4831 3030 4903 conjungere,
3059 4834 3138 4888 ita
3163 4835 3375 4890 amoris
3405 4840 3492 4890 est

1873 4919 2026 4970 casta
2052 4917 2282 4986 paciﬁce
2313 4919 2570 4991 alligare,
2594 4925 2654 4976 tu
2669 4940 2818 4994 nunc
2845 4926 3244 4994 nos,Domine,
3269 4931 3490 4999 aposto-

1871 5007 2058 5063 lorum
2077 5011 2304 5065 tuorum
2325 5011 2598 5083 dogmate
2626 5015 3004 5088 obsequentes
3025 5035 3163 5090 pace
3189 5023 3372 5086 necte,
3403 5038 3491 5076 ca-

1869 5100 2040 5154 ritate
2063 5117 2224 5168 orna,
2257 5104 2514 5160 castitate
2541 5108 2849 5177 sanctiﬁca,
2870 5114 2932 5164 ut
2960 5111 3056 5182 qui
3087 5111 3156 5166 de
3177 5112 3360 5168 beatae
3386 5114 3490 5168 vir-

1872 5191 2020 5263 ginis
2045 5193 2278 5248 Eulaliae
2305 5197 2569 5266 passione
2588 5200 2900 5257 meruimus
2915 5203 3127 5258 habere
3141 5207 3486 5277 exemplum,

1869 5301 2214 5354 mereamur,
2245 5286 2464 5343 devicta
2484 5290 2796 5362 iracundia,
2825 5296 3082 5352 obtinere
3115 5297 3485 5370 triumphum.

1865 5379 1975 5432 Per
2027 5378 2332 5434 Dominum
2375 5385 2634 5439 nostrum
2683 5387 2880 5442 Josum
2935 5390 3224 5447 Christum
3285 5392 3486 5448 Filium

1867 5472 2052 5539 tuum,
2086 5471 2182 5543 qui
2207 5475 2395 5528 tecum
2421 5473 2527 5530 viv.

1866 5596 2135 5669 ne_lle_nsis
2163 5613 2286 5669 cap.
2309 5599 2403 5669 14.

1935 5667 1962 5706 b
1988 5667 2133 5747 lflon”
2163 5667 2614 5747 Barcinonensis,
2658 5673 2756 5727 sed
2799 5675 3186 5747 Emeritensis,
3243 5679 3312 5732 de
3363 5695 3482 5747 qua

1863 5735 2205 5816 Pruden_tius
2236 5738 2296 5792 in
2321 5735 2767 5816 Peristephanon
2797 5745 3009 5816 hymno
3035 5753 3086 5803 3.
3111 5735 3186 5802 oé
3211 5749 3315 5800 hac
3344 5735 3474 5800 Ci'e-

1865 5806 2420 5888 gorius-Turonensis
2439 5811 2498 5888 in
2651 5831 2667 5867 ι
2695 5815 2764 5868 de
2787 5806 2975 5870 Gloria
2995 5821 3326 5888 martyrum,
3346 5831 3469 5884 cap.

1865 5879 1950 5946 9t,
1986 5881 2042 5931 et
2067 5879 2409 5934 Fortunatus
2436 5882 2491 5934 in
2521 5883 2616 5938 lib.
2653 5899 2768 5951 νηί,
2797 5902 2971 5938 carm.
2995 5889 3047 5940 4.
