3976 6414
437 348 540 414 255

997 466 1286 518 Immolatio
1309 467 1496 518 missa.

511 542 758 617 Dignum
800 548 858 600 et
892 544 1115 617 justum
1150 551 1254 616 est,
1297 565 1528 620 aquum
1565 553 1625 604 et
1665 550 1910 604 salutare
1956 550 2061 616 est,

439 651 545 692 nos
589 637 693 692 tibi
721 653 950 709 semper
985 642 1045 694 et
1080 639 1292 712 ubique
1337 640 1550 712 gratias
1591 657 1784 713 agere,
1823 639 2063 694 Domine

437 733 651 798 sancte,
677 731 846 784 Pater
879 732 1270 810 omnipotens,
1311 737 1526 788 aeterne
1554 736 1721 801 Deus,
1749 737 1920 806 teque
1942 733 2061 788 lau-

439 822 574 876 dare
601 821 660 876 in
682 822 952 878 omnibus
977 825 1243 896 operibus
1263 826 1392 880 tuis.
1424 826 1530 890 Qui
1553 827 1704 880 dono
1734 825 1933 896 gratia
1953 829 2066 880 tua

436 914 718 968 famulam
748 917 908 970 tuam
933 917 1209 972 Eulaliam
1243 917 1520 974 nobiliore
1557 917 1768 972 mentis
1794 919 2065 989 stigmate

436 1005 739 1074 decorasti,
764 1010 826 1062 ut
863 1009 1120 1064 inlasam
1147 1010 1207 1063 in
1247 1027 1306 1064 se
1341 1009 1613 1081 imaginis
1653 1014 1766 1064 tua
1797 1011 2065 1082 pulcritu-

437 1098 637 1154 dinem
677 1099 1005 1155 custodiret.
1057 1101 1243 1172 Digna
1268 1119 1399 1156 vere
1433 1119 1626 1158 comes
1653 1103 1777 1156 Filii
1807 1103 1910 1170 tui,
1941 1119 2067 1174 qua

435 1193 638 1247 tenero
681 1210 816 1247 sexu
844 1193 1060 1248 bellum
1105 1195 1270 1250 fortis
1311 1195 1646 1250 invaderet:
1677 1199 1736 1249 et
1776 1196 1925 1250 ultra
1951 1194 2069 1266 opi-

439 1285 677 1340 nionem
709 1287 980 1341 humana
1022 1287 1244 1342 virtutis
1270 1287 1344 1342 ad
1369 1287 1736 1342 tolerantiam
1767 1305 2066 1359 panarum

438 1395 517 1443 se,
548 1379 668 1432 zelo
696 1379 776 1432 tui
803 1380 1036 1448 amoris,
1068 1379 1376 1446 obtulerit;
1409 1397 1537 1450 qua
1567 1380 1625 1434 in
1659 1380 1906 1452 speciem
1935 1397 2063 1452 pre-

437 1470 568 1524 tiosi
586 1470 879 1541 Unigeniti
905 1473 1249 1544 sanguinem
1263 1489 1427 1528 suum
1441 1474 1542 1527 sub
1554 1471 1883 1528 testimonio
1898 1474 2066 1528 bona

421 1564 814 1624 _confessionis
860 1566 1204 1632 effunderet,
1237 1567 1295 1620 et
1319 1567 1649 1637 incorrupta
1677 1565 1928 1621 ﬂammis
1956 1566 2064 1620 vis-

437 1671 569 1709 cera
601 1655 660 1708 in
702 1655 940 1712 odorem
985 1657 1302 1712 suavissimi
1349 1658 1746 1728 thymiamatis
1785 1659 2064 1713 adoloret.

435 1747 603 1802 Vadit
629 1749 704 1802 ad
741 1749 990 1805 tribunal
1015 1750 1238 1805 cruenti
1261 1750 1520 1822 praesidis
1559 1767 1663 1804 nec
1702 1751 1962 1822 quasita,
1990 1752 2069 1804 lu-

1219 359 1552 418 APPENDIX
1587 361 1676 417 AD
1711 361 1931 416 OPERA
1967 360 2203 417 SANCTI
2241 357 2538 418 GERMANI
2576 356 3004 415 PARISIENSIS.

2086 481 2144 555 A

3712 351 3823 411 256

2691 465 2940 518 Collectio
2958 463 3025 516 ad
3059 475 3262 529 pacem.

2235 554 2402 620 Deus,
2423 549 2519 624 qui
2531 547 2766 622 justitia
2782 550 2942 620 leges
2964 547 3025 602 in
3049 547 3316 603 cordibus
3341 544 3720 603 credentium
3741 543 3827 601 di-

2167 646 2286 719 gito
2311 648 2410 700 tuo
2438 643 2653 711 scribis,
2688 643 2899 714 quique
2924 641 2985 696 in
3009 642 3252 697 Paulum
3277 641 3571 697 hodierna
3599 641 3698 696 die
3726 656 3827 696 vo-

2165 738 2404 794 cationis
2435 738 2556 809 ejus
2593 737 2664 791 de
2699 734 2869 802 calis,
2909 753 3025 791 non
3064 737 3416 803 atramento,
3447 735 3554 790 sed
3593 733 3827 806 Spiritu

2164 837 2263 887 tuo
2302 831 2446 898 vivo,
2475 829 2724 886 caritatis
2757 833 2868 884 tua
2907 830 3196 884 fervorem
3223 829 3306 883 ita
3345 827 3570 895 scribis,
3600 830 3669 882 ut
3689 844 3828 900 pro-

2165 924 2354 997 prium
2387 923 2775 996 quassandum
2803 939 3007 994 corpus
3039 939 3144 994 pro
3174 921 3441 976 Ecclesia
3466 925 3585 976 tua
3618 921 3829 976 tradat

2165 1018 2464 1086 membris,
2497 1017 2594 1089 qui
2612 1016 2786 1088 ipsius
2805 1015 3070 1072 Ecclesia
3098 1014 3238 1070 olim
3255 1013 3618 1070 contriverat
3632 1031 3828 1070 mem-

2165 1113 2290 1180 bra,
2328 1111 2406 1166 sic
2439 1110 2602 1165 nobis
2638 1109 2812 1181 ipsius
2852 1109 3181 1164 interventu
3226 1107 3479 1163 doctoris
3521 1111 3583 1162 et
3627 1107 3828 1162 fidelis

2165 1204 2447 1276 magistri,
2477 1205 2746 1258 fraterna
2767 1201 3020 1257 caritatis
3048 1201 3286 1258 sincera
3315 1201 3686 1258 consortium
3713 1201 3828 1256 do-

2168 1316 2270 1364 na;
2305 1301 2362 1352 et
2387 1298 2457 1352 de
2486 1298 2598 1350 tua
2638 1295 2978 1363 dilectionis,
2999 1293 3189 1366 'quam
3227 1294 3320 1350 ille
3351 1296 3580 1362 habuit,
3615 1293 3826 1349 multi-

2166 1390 2298 1462 plici
2327 1391 2586 1455 ﬂamma,
2623 1389 2711 1443 vel
2744 1405 2922 1444 unam
2962 1387 3268 1443 scintillam
3306 1387 3552 1459 dignare
3585 1385 3826 1458 largiri,

2168 1487 2229 1537 ut
2249 1499 2560 1554 sequamur
2582 1497 2686 1552 per
2703 1480 3070 1536 dilectionem
3090 1480 3410 1534 ferventem
3431 1479 3825 1552 magistrum,

2169 1576 2328 1647 cujus
2355 1574 2662 1645 flagrantia
2687 1573 2746 1628 in
2769 1573 3005 1628 caritate
3032 1575 3474 1645 frequentamus
3491 1576 3825 1644 pracepta.

2730 1661 3023 1712 Immolatio
3056 1661 3246 1712 missa.

2239 1745 2488 1816 Dignum
2515 1745 2573 1797 et
2589 1743 2811 1814 justum
2838 1745 2942 1796 est.
2974 1743 3118 1796 Vere
3145 1741 3344 1816 226
3375 1758 3614 1814 aquum
3647 1745 3710 1796 et
3732 1742 3832 1813 ju-

437 1844 665 1895 cratura
680 1847 1365 1914 regnum,contemptura
1390 1843 2070 1915 supplicium,inventura
2089 1845 2145 1916 B
2171 1842 2320 1892 stum
2339 1841 2444 1905 est,
2464 1853 2568 1891 nos
2588 1835 2689 1890 tibi
2718 1835 2931 1906 gratias
2956 1851 3151 1905 agere,
3181 1835 3428 1889 Domine
3457 1839 3684 1905 sancte,
3710 1837 3830 1890 Pa-

438 1933 758 2004 quasitum,
791 1935 980 1990 visura
1007 1937 1370 2002 confessum;
1407 1952 1522 1990 non
1565 1936 1791 2006 trepida
1831 1936 1902 1989 de
1948 1953 2072 1989 sen-

441 2026 640 2093 tentia,
665 2043 783 2080 non
797 2028 1070 2099 ambigua
1088 2029 1159 2083 de
1187 2045 1420 2095 corona,
1453 2045 1568 2082 non
1596 2028 1820 2082 defessa
1846 2028 1916 2082 de
1939 2045 2067 2084 ecu-

443 2117 554 2185 leo,
571 2135 688 2172 non
715 2118 904 2174 difﬁsa
923 2120 996 2196 de
1020 2120 1280 2190 pramio.
1308 2123 1719 2191 Interrogatur,
1747 2121 2067 2189 confitetur,

439 2209 780 2282 ingentique
797 2211 1074 2267 miraculo
1094 2213 1355 2284 Majestas
1370 2217 1468 2267 tua
1490 2214 1800 2267 exaltatum
1824 2213 2070 2284 Virginis

441 2302 728 2372 spiritum,
759 2321 932 2376 quem
961 2305 1279 2376 adsumpsit
1305 2323 1410 2376 per
1435 2305 1731 2360 ﬂammam
1751 2306 1796 2373 ⁸,
1826 2305 2072 2376 suscepit

440 2411 544 2466 per
590 2396 938 2464 columbam,
983 2402 1046 2452 ut
1094 2399 1202 2452 hoc
1230 2398 1494 2469 prodigio
1538 2399 1596 2452 in
1632 2399 1783 2453 calis
1825 2399 1986 2468 virgo
2013 2401 2072 2452 et

439 2491 658 2560 martyr
683 2490 1038 2559 ascenderet,
1067 2508 1180 2562 quo
1210 2491 1270 2545 in
1302 2492 1467 2546 terris
1487 2490 1688 2546 Filium
1713 2495 1873 2546 tuum
1903 2493 2071 2546 Pater

441 2582 791 2637 ostenderas.
838 2585 946 2638 Per
992 2601 1164 2655 quem
1223 2583 1577 2654 Majestatem
1627 2587 1786 2639 tuam
1832 2583 2072 2638 laudant

439 2672 629 2748 225
673 2676 885 2747 angeli,
927 2679 1100 2748 atque
1149 2677 1482 2746 archangeli
1531 2694 1646 2732 non
1696 2679 1920 2731 cessant
1961 2677 2072 2730 cla-

439 2783 600 2821 mare
634 2769 908 2824 dicentes.

589 2888 714 2941 XIX.
757 2903 915 2945 mssa
954 2905 1006 2944 IN
1047 2904 1420 2945 convansmna
1443 2899 1470 2940 δ
1509 2904 1697 2945 SANCTI
1737 2905 1915 2944 PAULI.

511 2997 679 3064 Deus,
703 2996 798 3068 qui
829 2998 984 3052 beati
1008 2999 1170 3053 Pauli
1199 2999 1440 3070 apostoli
1476 2999 1816 3070 dignitatem
1861 2999 2068 3070 ubique

440 3087 578 3142 facis
613 3089 944 3158 gloriosam,
973 3093 1200 3162 prasta,
1235 3108 1580 3162 quasumus,
1615 3095 1679 3145 ut
1724 3095 1781 3146 et
1811 3091 2070 3146 doctrina

441 3197 670 3252 semper
697 3181 874 3252 ipsius
901 3183 1216 3250 foveamur,
1245 3186 1303 3238 et
1322 3184 1560 3238 meritis.
1595 3185 1720 3238 Per.

991 3283 1237 3334 Collectio
1265 3284 1513 3348 sequitur.

511 3367 854 3423 Sanctorum
889 3369 1081 3437 decus,
1125 3373 1527 3424 remunerator
1552 3369 1862 3440 justorum,
1897 3370 2062 3438 Deus,

441 3460 537 3530 qui
563 3477 736 3533 super
765 3478 965 3516 omnes
997 3465 1054 3516 et
1081 3479 1182 3534 per
1209 3463 1407 3517 omnia
1437 3466 1494 3516 et
1524 3463 1581 3517 in
1611 3463 1876 3518 omnibus
1901 3463 2066 3518 nobis

439 3571 518 3619 es,
547 3555 637 3609 cui
659 3555 998 3610 sacrificium
1025 3559 1110 3610 est
1124 3573 1222 3612 cor
1238 3556 1550 3611 contritum
1567 3558 1624 3610 et
1645 3556 1826 3611 oratio
1857 3573 2064 3627 purum

437 3646 754 3715 incensum,
781 3649 970 3703 tribue
995 3649 1160 3704 nobis
1184 3666 1290 3720 per
1316 3649 1789 3704 intercessionem
1814 3649 2066 3703 beatissi-

436 3739 516 3794 mi
545 3741 705 3795 Pauli
730 3741 970 3812 apostoli
1002 3741 1511 3797 sanctiﬁcationcm
1541 3742 1746 3808 cordis,
1779 3742 2063 3796 fervorem

437 3833 666 3904 spiritus
702 3835 957 3906 corporis
982 3835 1314 3906 puritatem,
1343 3838 1407 3888 ut
1435 3834 1791 3890 mortiﬁcatis
1821 3835 2065 3888 terrenis

433 3925 602 3994 vitiis,
623 3926 975 3982 immaculati
997 3927 1196 3998 spiritu
1219 3931 1277 3982 et
1295 3943 1534 3998 corpore
1554 3930 1768 3993 nostro,
1798 3926 1898 3980 tibi
1922 3943 2066 3982 sem-

435 4034 540 4088 per
563 4019 748 4074 laudis
773 4020 991 4074 hostias
1014 4021 1352 4074 referamus.
1389 4019 1574 4084 Quod.

506 4113 658 4168 Deus
702 4111 798 4181 qui
843 4113 1166 4182 apostolum
1215 4115 1374 4166 tuum
1419 4113 1680 4180 Paulum,
1721 4111 2062 4168 insolentem

435 4206 636 4258 contra
679 4202 988 4257 Christiani
1035 4203 1283 4258 nominis
1331 4203 1636 4274 pietatem,
1683 4204 1893 4268 caelesti
1928 4222 2062 4260 voce

434 4313 565 4350 cum
584 4298 804 4351 terrore
819 4297 1164 4366 perculsum,
1185 4297 1468 4352 hodierna
1493 4297 1584 4352 die
1606 4298 1920 4354 vocationis
1941 4299 1990 4370 ej
2001 4316 2064 4352 us

433 4391 688 4442 mentem
719 4406 851 4443 cum
885 4389 1120 4444 nomine
1165 4390 1564 4458 commutasti;
1603 4394 1661 4445 et
1697 4407 1868 4463 quem
1907 4391 2064 4462 prius

432 4484 860 4552 persecutorem
912 4483 1206 4538 metuebat
1242 4483 1518 4552 Ecclesia,
1559 4501 1712 4538 nunc
1750 4483 2062 4539 calestium

431 4575 840 4630 mandatorum
859 4577 1086 4631 laetatur
1102 4593 1158 4630 se
1183 4577 1396 4631 habere
1415 4577 1710 4633 doctorem
1733 4595 1747 4646 ;
1775 4594 2063 4649 quemque
2083 4568 2143 4640 D

431 4666 563 4722 ideo
603 4668 742 4722 foris
781 4669 1025 4737 cacasti,
1058 4673 1121 4724 ut
1149 4669 1429 4726 introrsus
1469 4671 1760 4725 videntem
1807 4671 2064 4738 faceres;

395 4801 400 4806 ρ
433 4760 638 4832 cuique
679 4765 808 4832 post
847 4762 1116 4817 tenebras
1159 4763 1510 4818 crudelitatis
1558 4763 1796 4830 ablatas,
1830 4763 1903 4818 ad
1933 4780 2062 4819 evo-

430 4853 642 4909 candas
669 4858 872 4926 gentes
897 4854 1101 4910 divina
1122 4857 1266 4928 legis
1287 4855 1585 4910 scientiam
1613 4855 1932 4923 contulisti;
1963 4855 2064 4910 sed

430 4949 488 5001 et
517 4947 685 5003 tertio
723 4949 1169 5020 naufragantem
1201 4966 1305 5021 pro
1337 4949 1450 5002 ﬁde
1487 4965 1661 5020 quam
1701 4965 2060 5019 expugnave-

428 5043 535 5108 rat,
559 5041 682 5112 jam
714 5041 984 5097 devotum
1013 5043 1070 5096 in
1103 5045 1392 5097 elemento
1421 5041 1638 5113 liquido
1670 5041 1852 5096 fecisti
1881 5042 2061 5097 vitare

427 5133 770 5203 discrimen;
816 5135 894 5190 sic
922 5136 1109 5204 nobis,
1151 5153 1497 5208 quasumus,
1530 5136 1652 5208 ejus
1695 5139 1753 5190 et
1787 5135 2058 5190 mutatio-

426 5245 563 5283 nem
593 5232 651 5282 et
679 5229 855 5282 ﬁdem
886 5229 1224 5298 colentibus,
1272 5233 1402 5302 post
1446 5209 1762 5284 caecitatem
1794 5231 2058 5300 peccato-

425 5337 574 5389 rum,
607 5321 698 5375 fac
725 5323 784 5374 te
831 5319 1026 5374 videre
1073 5322 1131 5375 in
1171 5323 1342 5390 caelis,
1371 5323 1469 5394 qui
1519 5322 1876 5378 inluminasti
1913 5324 2058 5377 Pau-

423 5415 546 5468 lum
583 5413 642 5466 in
673 5413 878 5480 terris;
911 5415 970 5466 et
1004 5430 1248 5469 munera
1287 5416 1595 5486 praesentia
1624 5416 1809 5470 libens
1846 5416 2058 5488 accipe,

427 5522 554 5578 qua
579 5506 834 5576 Apostoli
861 5506 945 5561 tui
971 5507 1234 5577 precibus
1261 5507 1365 5562 tibi
1386 5509 1530 5563 ﬁant
1560 5511 1814 5579 accepta.

491 5639 516 5669 ⁸
551 5638 678 5714 Hac
730 5639 982 5706 Eulalia,
1029 5656 1153 5714 non
1209 5640 1635 5714 Barcinonensi,
1687 5657 1815 5714 qua
1860 5643 2061 5714 capitis

427 5709 774 5764 abscissione
802 5710 1142 5781 martyrium
1157 5712 1590 5779 consummavit,
1607 5709 2062 5770 sedEmeritensi

425 5781 792 5849 conveniunt,
813 5798 940 5853 qua
965 5783 1099 5836 bibit
1119 5797 1206 5837 ore
1225 5798 1432 5852 rogum,
1447 5787 1509 5837 ut
1523 5783 1865 5838 Prudentius
1885 5786 2057 5853 canit,

428 5855 485 5905 et
496 5853 598 5908 sub
613 5853 798 5926 specie
821 5853 1106 5911 columba
1128 5854 1298 5909 caelos
1318 5853 1500 5926 petiit.
1517 5854 1681 5920 Quod
1703 5859 2060 5927 postremum

2090 3199 2144 3274 C

2169 1936 2260 1984 ter
2294 1929 2682 2001 omnipotens,
2717 1931 2931 1983 aterne
2966 1929 3135 1982 Deus.
3169 1927 3276 1993 Qui
3301 1931 3365 1983 ut
3389 1929 3744 1984 ostenderes
3766 1931 3828 1982 te

2171 2023 2432 2078 omnium
2469 2039 2677 2093 cupere
2717 2021 3016 2091 indulgere
3065 2021 3333 2092 peccatis,
3369 2025 3828 2092 persecutorem

2169 2115 2430 2171 Ecclesia
2459 2119 2572 2169 tua
2602 2115 2675 2168 ad
2701 2130 2882 2168 unum
2898 2114 3138 2168 verbum
3157 2117 3270 2168 tua
3290 2114 3612 2170 vocationis
3632 2115 3830 2169 lucra-

2169 2215 2259 2264 tus
2285 2225 2364 2274 es,
2397 2211 2456 2262 et
2481 2207 2673 2263 statim
2702 2206 2882 2261 fecisti
2911 2206 3078 2262 nobis
3107 2224 3174 2261 ex
3204 2209 3576 2278 persecutore
3607 2207 3830 2262 docto-

2169 2321 2316 2358 rem.
2359 2305 2503 2358 Nam
2544 2301 2642 2372 qui
2677 2300 2894 2356 alienas
2928 2300 3198 2371 epistolas
3237 2301 3313 2355 ad
3349 2300 3830 2356 destructionem

2169 2397 2548 2452 Ecclesiarum
2561 2397 2879 2465 acceperat,
2898 2393 3066 2466 coepit
3080 2411 3210 2448 suas
3226 2393 3300 2448 ad
3316 2394 3831 2450 restaurationem

2169 2507 2372 2546 earum
2407 2487 2688 2553 scribere;
2723 2489 2782 2541 et
2806 2489 2868 2541 ut
2907 2504 2965 2540 se
2994 2487 3183 2558 ipsum
3213 2487 3456 2542 Paulum
3485 2488 3720 2542 factum
3758 2505 3832 2543 ex

2171 2584 2341 2638 Saulo
2375 2583 2743 2647 monstraret,
2771 2583 3008 2651 repente
3038 2579 3382 2634 architectus
3408 2579 3646 2651 sapiens
3682 2581 3829 2636 fun-

2170 2677 2513 2730 damentum
2549 2673 2758 2745 posuit,
2786 2675 2850 2726 ut
2884 2677 3080 2727 sancta
3113 2672 3364 2727 Ecclesia
3395 2677 3496 2727 tua
3521 2673 3832 2734 catholica

2170 2786 2240 2824 eo
2267 2768 2585 2822 adificante
2615 2765 2912 2838 gauderet,
2944 2782 2978 2819 a
3014 2783 3127 2836 quo
3163 2767 3354 2820 fuerat
3384 2769 3520 2820 ante
3549 2771 3828 2834 vastata;

2171 2864 2229 2914 et
2247 2864 2440 2914 tantus
2455 2861 2578 2931 ejus
2598 2859 2869 2914 defensor
2885 2858 3198 2927 exsisteret,
3223 2862 3285 2913 ut
3306 2859 3506 2914 omnia
3528 2860 3832 2931 supplicia

2170 2954 2441 3024 corporis,
2456 2957 2514 3007 et
2529 2953 2713 3023 ipsam
2735 2953 2953 3006 eadem
2965 2951 3221 3023 corporis
3243 2969 3359 3007 non
3377 2953 3638 3008 timeret.
3666 2955 3829 3010 Nam

2172 3048 2352 3102 factus
2378 3051 2465 3100 est
2479 3049 2649 3117 caput
2669 3045 3066 3116 Ecclesia,'qui
3089 3045 3359 3099 membra
3379 3046 3653 3101 Ecclesia
3686 3064 3834 3103 con-

2171 3142 2564 3210 quassaverat;
2589 3142 2758 3209 caput
2775 3137 2992 3192 terreni
3008 3137 3262 3208 corporis
3279 3137 3536 3205 tradidit,
3562 3141 3631 3194 ut
3657 3141 3832 3195 Chri-

2170 3237 2318 3287 stum
2344 3236 2515 3302 caput
2533 3231 2592 3285 in
2619 3231 2732 3284 suis
2763 3230 3032 3285 omnibus
3057 3231 3338 3285 membris
3359 3229 3690 3302 acciperet;
3718 3251 3834 3305 per

2165 3327 2320 3398 quod
2350 3325 2525 3380 etiam
2543 3325 2651 3379 Vas
2672 3323 2966 3378 electionis
2993 3341 3116 3378 esse
3144 3323 3376 3391 meruit,
3398 3325 3498 3396 qui
3521 3326 3830 3384 eumdem

2165 3419 2477 3474 Dominum
2509 3421 2770 3472 nostrum
2793 3419 2987 3472 Iesum
3005 3417 3294 3472 Christum
3323 3417 3532 3473 Filium
3551 3422 3736 3476 tuum
3767 3422 3831 3477 in

2166 3512 2250 3568 sui
2275 3511 2520 3583 pectoris
2551 3509 2970 3565 habitationem
2997 3510 3264 3582 suscepit.
3291 3513 3403 3566 Per
3431 3528 3613 3583 quem
3633 3514 3827 3587 Maje-

2165 3609 2373 3660 statem
2406 3607 2565 3659 tuam
2594 3603 2852 3658 laudant.

2163 3711 2263 3764 ΧΧ.
2318 3724 2477 3764 MISSA
2539 3724 2594 3764 IN
2659 3721 2938 3763 CATHEDRA
2977 3718 3000 3746 °
3077 3721 3265 3762 SANCTI
3318 3722 3475 3762 PETRI
3513 3723 3830 3767 APOSTOLI.

2235 3799 2646 3858 Sollemnitatis
2659 3798 3039 3871 praedicanda
3053 3799 3206 3854 diem
3219 3798 3508 3871 pracipue
3523 3801 3830 3868 nobilem,

2165 3895 2223 3950 in
2256 3911 2368 3966 quo
2398 3895 2575 3950 ﬁdem
2597 3891 2946 3966 pracellenti
2974 3891 3144 3946 Filius
3167 3891 3371 3946 excelsi
3406 3891 3510 3946 Dei
3545 3895 3638 3948 ori
3657 3897 3832 3952 Petri

2166 3991 2518 4044 monstratus
2548 3990 2651 4055 est,
2675 3989 2735 4040 et
2758 3985 2816 4040 in
2840 3986 3198 4056 coapostolos
3224 3985 3632 4057 interrogante
3657 3988 3739 4044 de
3766 4007 3830 4046 se

2165 4082 2386 4138 Christo
2419 4081 2548 4152 quis
2584 4082 2754 4146 esset,
2782 4095 2913 4134 vere
2952 4080 3246 4134 confessus
3284 4081 3390 4146 est,
3429 4096 3566 4134 cum
3602 4081 3831 4139 beatus

2167 4177 2440 4237 Bar-Jona
2457 4190 2594 4229 voce
2613 4172 3013 4243 Redemptoris
3033 4172 3145 4226 ﬁde
3164 4172 3372 4226 devota
3389 4174 3674 4243 pralatus
3709 4182 3828 4246 est,

2165 4271 2228 4324 ut
2255 4285 2358 4340 per
2381 4269 2532 4322 hanc
2556 4265 2708 4321 Petri
2739 4267 2992 4332 Petram,
3020 4265 3185 4320 bases
3221 4265 3487 4320 Ecclesia
3523 4267 3678 4323 ﬁxus
3710 4274 3828 4339 est,

2163 4363 2523 4426 venerantes,
2545 4361 2752 4414 fratres
2773 4357 3142 4426 dilectissimi,
3171 4359 3579 4430 deprecemur,
3604 4364 3673 4416 ut
3690 4365 3830 4420 tam

2166 4455 2414 4527 gloriosa
2444 4452 2613 4508 laude
2643 4452 2820 4506 fidem
2849 4451 3004 4506 Petri
3029 4450 3128 4522 qui
3153 4452 3426 4522 praetulit,
3460 4452 3587 4524 ipse
3621 4454 3828 4512 beati-

2165 4547 2380 4604 tudinis
2425 4549 2624 4602 auctor
2661 4545 2892 4617 plebem
2930 4545 3294 4600 conroboret.
3334 4546 3446 4600 Per
3483 4547 3828 4606 Dominum

2166 4643 2448 4696 nostrum.

2719 4708 2969 4759 Collectio
2999 4707 3246 4772 sequitur.

2236 4789 2404 4856 Deus,
2455 4786 2552 4858 qui
2590 4785 2872 4840 hodierna
2911 4783 3001 4839 die
3036 4785 3273 4839 beatum
3311 4785 3552 4838 Petrum
3591 4791 3738 4857 post
3771 4794 3832 4844 te

2165 4881 2373 4936 dedisti
2411 4881 2581 4951 caput
2618 4877 2901 4945 Ecclesia,
2939 4894 3071 4932 cum
3117 4880 3174 4930 te
3209 4876 3304 4932 ille
3338 4894 3474 4932 vere
3509 4882 3834 4939 confessus

2165 4975 2254 5042 sit,
2289 4977 2348 5029 et
2376 4973 2494 5045 ipse
2522 4989 2556 5028 a
2588 4976 2643 5026 te
2673 4971 2846 5044 digne
2877 4971 3144 5042 pralatus
3167 4969 3257 5038 sit,
3289 4971 3580 5041 supplices
3605 4991 3830 5032 exora-

2163 5085 2313 5135 mus,
2352 5070 2416 5120 ut
2459 5066 2558 5138 qui
2601 5065 2810 5120 dedisti
2846 5067 3162 5136 pastorem,
3199 5081 3272 5118 ne
3312 5064 3454 5134 quid
3495 5066 3570 5120 de
3611 5070 3834 5126 ovibus

2163 5158 2452 5233 perderes,
2481 5163 2544 5213 ut
2564 5175 2699 5230 grex
2721 5158 2960 5230 effugiat
2974 5175 3218 5225 errores,
3246 5157 3370 5228 ejus
3385 5157 3830 5220 intercessione

2163 5270 2336 5326 quem
2364 5251 2688 5324 prafecisti,
2711 5251 3004 5306 salviﬁces.
3029 5251 3196 5316 Quod
3220 5251 3342 5322 ipse
3371 5257 3566 5323 prast.

2781 5341 2906 5389 Post
2939 5338 3169 5388 nomina.

2232 5417 2436 5482 Deum,
2467 5413 2563 5486 qui
2589 5415 2760 5469 beato
2787 5415 2953 5469 Petro
2989 5416 3215 5468 tantam
3247 5417 3606 5486 potestatem
3648 5421 3827 5478 disci-

2160 5510 2294 5582 pulo
2323 5508 2580 5577 contulit,
2611 5512 2676 5562 ut
2712 5507 2756 5562 si
2789 5507 2912 5578 ipse
2951 5506 3233 5578 ligaverit,
3267 5525 3385 5564 non
3418 5509 3493 5565 sit
3521 5513 3682 5570 alter
3721 5518 3828 5589 qui

2162 5643 2340 5698 etiam
2373 5643 2443 5697 de
2475 5641 2883 5698 Barcinonensi
2914 5643 3179 5697 refertur.

2231 5715 2259 5754 b
2306 5716 2366 5768 In
2391 5713 2795 5785 Martyrologio
2819 5713 3164 5780 Gellonensi,
3193 5729 3490 5771 annorum
3519 5721 3632 5778 900
3665 5739 3680 5780 :
3718 5740 3822 5780 vm

2159 5786 2286 5843 Kal.
2307 5786 2460 5841 Febr.
2489 5786 2632 5840 beati
2655 5785 2820 5840 Pauli
2847 5787 3114 5840 conversio
3140 5787 3199 5839 in
3226 5789 3516 5845 Damasco.

2231 5869 2254 5898 ο
2291 5857 2372 5912 De
2398 5857 2506 5911 hoc
2533 5855 2680 5910 festo
2710 5854 2836 5910 vide
2869 5855 3167 5912 observata
3195 5855 3255 5910 in
3285 5855 3384 5912 lib.
3419 5875 3481 5914 ιι.
