3976 6454
167 406 255 466 257

1171 454 1179 463 .
1227 407 1314 464 DE
1350 405 1660 466 LITURGIA
1695 409 2066 468 GALLICANA
2103 407 2300 468 LIBER
2337 409 2425 467 Ill.

3380 417 3483 471 258

165 534 386 604 solverit,
419 538 477 590 et
521 551 651 608 quae
683 536 745 592 in
772 541 928 594 terra
962 537 1210 607 solverit,
1245 539 1388 594 item
1418 541 1554 596 caelo
1584 541 1766 596 soluta
1788 519 2041 604 Ανίίδιη1
2080 523 2377 587 aeternam:
2412 533 2771 591 regnumque
2811 521 3153 592 ΡθῙῬθίυωη
3189 521 3484 578 conlatum

164 630 277 696 sint,
320 627 582 700 precibus
609 629 1014 703 imploremus,
1042 637 1106 689 ut
1131 633 1348 688 eductis
1378 631 1566 706 227
1599 651 1633 688 a
1661 637 1771 688 tar-

164 727 270 776 taro
291 720 697 778 defunctorum
726 724 1035 796 spiritibus,
1060 743 1178 780 non
1208 727 1557 796 praevaleant
1582 727 1766 798 sepul-

163 814 222 868 tis
259 813 493 868 inferna:
522 818 709 886 porta:
743 833 848 888 per
883 799 1146 886 crim'ina,
1183 834 1325 889 quas
1371 835 1473 888 per
1516 819 1769 890 Apostoli

162 905 317 960 ﬁdem
336 904 481 960 vinci
507 907 697 962 credit
723 909 991 966 Ecclesia.
1022 913 1130 965 Per
1151 909 1463 965 Dominum
1507 913 1767 966 nostrum

162 999 332 1053 Jesum
359 997 672 1056 Christum.

671 1106 921 1158 Collectio
947 1107 1014 1158 ad
1038 1120 1242 1172 pacem.

221 1187 672 1244 Clementissime
717 1189 1013 1262 Conditor,
1061 1191 1158 1262 qui
1191 1194 1352 1246 tanta
1385 1189 1618 1245 caritate
1653 1207 1770 1246 suc-

161 1279 375 1334 cendisti
413 1280 786 1352 discipulum,
824 1287 887 1336 ut
927 1300 986 1337 se
1027 1283 1098 1338 de
1145 1300 1287 1337 nave
1317 1283 1555 1354 jactato,
1588 1283 1662 1336 ad
1713 1287 1768 1336 te

162 1373 294 1426 celer
321 1373 624 1428 festinaret
652 1374 803 1444 pede
840 1375 995 1429 nudo
1025 1391 1128 1446 per
1171 1377 1427 1446 pelagus,
1475 1377 1532 1428 et
1571 1373 1769 1428 videns

159 1463 289 1520 hanc
330 1465 726 1534 dilectionem,
759 1467 943 1521 claves
987 1467 1038 1521 ei
1077 1467 1244 1522 dares
1296 1467 1569 1535 siderum,
1603 1483 1769 1521 voces

160 1561 350 1632 inspice
376 1562 852 1634 suggerentium;
891 1566 954 1618 ut
989 1563 1336 1634 quicumque
1379 1580 1444 1618 ex
1483 1567 1768 1634 praecepto

153 1654 454 1726 junguntur
472 1655 547 1708 ad
573 1657 862 1723 osculum,
888 1655 1065 1710 livore
1109 1655 1354 1727 pectoris
1375 1656 1616 1722 excluso,
1638 1655 1770 1709 illuc

161 1763 250 1816 per
272 1746 513 1817 gratiam
545 1747 857 1815 ducantur,
885 1763 997 1818 quo
1035 1747 1157 1802 caeli
1185 1749 1383 1802 Petrus
1417 1751 1504 1802 est
1530 1747 1764 1818 janitor.

158 1839 336 1894 Presta
363 1839 628 1895 Salvator
655 1839 881 1908 mundi,
913 1843 1021 1894 etc.

799 1939 1132 1990 Contestatio.

222 2023 456 2095 Dignum
478 2027 538 2078 et
558 2024 792 2094 justum
822 2027 942 2080 est:
969 2024 1066 2096 qui
1093 2023 1248 2079 dives
1269 2024 1506 2080 inﬁnitae
1526 2025 1771 2079 clemen-

161 2116 238 2169 tia:
261 2117 482 2187 copioso
521 2133 776 2170 munere
805 2119 1090 2189 plasmam
1125 2121 1237 2172 tuae
1266 2120 1540 2172 creature
1565 2116 1625 2170 in
1649 2119 1774 2170 tan-

159 2211 268 2262 tum
302 2209 555 2280 dignaris
597 2210 850 2282 erigere,
895 2213 958 2265 ut
1000 2211 1304 2265 vernaculo
1363 2209 1490 2263 limi
1537 2208 1771 2280 patiaris

160 2301 374 2356 homine
410 2302 481 2356 de
520 2305 766 2358 terrena
790 2320 1070 2374 compage
1113 2304 1297 2357 claves
1341 2301 1462 2356 caeli
1499 2301 1769 2356 commit-

161 2397 312 2462 teres,
341 2398 398 2448 et
427 2395 503 2450 ad
520 2395 878 2466 judicandas
921 2395 1103 2450 tribus
1129 2394 1334 2450 solium
1365 2395 1597 2449 excelsa:
1624 2393 1772 2448 sedis

160 2485 211 2539 in
230 2487 461 2542 sublime
508 2505 920 2559 componeres.
962 2487 1140 2542 Testis
1184 2491 1270 2542 est
1305 2487 1426 2541 dies
1469 2485 1770 2553 hodierna,

161 2577 295 2633 beati
325 2581 475 2635 Petri
510 2581 809 2636 Cathedra
847 2581 1203 2652 episcopatus
1251 2579 1524 2650 exposita,
1560 2578 1620 2632 in
1661 2595 1774 2650 qua

161 2672 280 2726 ﬁdei
322 2673 530 2728 merito
566 2673 946 2728 revelationis
984 2672 1325 2744 mysterium
1345 2672 1390 2740 °,
1434 2671 1638 2728 Filium
1673 2669 1774 2724 Dei

161 2765 486 2834 confitendo,
519 2767 802 2838 praelatus
837 2767 1125 2837 apostolos
1161 2764 1480 2820 ordinatur.
1516 2766 1577 2818 ln
1617 2763 1774 2834 cujus

159 2858 494 2914 confessione
513 2857 1072 2914 estl‘undamentum
1087 2857 1371 2924 Ecclesiae,
1387 2873 1492 2910 nec
1509 2855 1776 2910 adversus

161 2948 293 3005 hanc
319 2952 550 3006 Petram
596 2954 786 3023 portas
819 2950 992 3005 inferi
1033 2951 1364 3020 praevalent,
1397 2965 1502 3002 nec
1543 2964 1776 3018 serpens

159 3043 442 3115 vestigium
486 3043 800 3116 expremit,
833 3060 939 3098 nec
965 3042 1322 3114 triumphum
1351 3057 1507 3096 mors
1535 3041 1772 3096 obtinet.

161 3133 292 3197 Quid
319 3153 452 3192 vero
478 3137 658 3193 beato
693 3138 862 3190 Petro
895 3135 1118 3190 diverso
1155 3135 1257 3188 sub
1291 3137 1554 3205 tempore
1589 3149 1774 3188 acces-

1867 611 2146 667 bibituris.
2172 613 2281 668 Per
2305 611 2491 684 ipsum
2512 612 2844 667 Dominum.

2268 710 2398 758 Ante
2427 707 2712 758 orationem
2746 709 3086 760 Dominicam.

1938 792 2138 846 Divino
2173 792 2509 863 magisterio
2545 793 2752 860 edocti,
2791 797 2849 848 et
2891 793 3081 848 divina
3126 793 3481 850 institutione

1869 884 2121 951 formati,
2145 884 2424 939 audemus
2451 885 2640 939 dicere
2670 901 2683 939 :
2715 887 2884 939 Pater
2908 889 3118 940 noster.

2276 989 2397 1040 Post
2418 988 2704 1040 orationem
2727 989 3069 1041 Dominicam.

1938 1071 2140 1126 Libera
2163 1088 2286 1140 nos,
2315 1076 2531 1126 mterna
2547 1072 2731 1128 Pietas
2753 1077 2811 1127 et
2832 1091 2966 1128 vera
2989 1074 3273 1142 Libertas;
3296 1091 3482 1147 neque

1869 1163 2020 1218 sinas
2051 1163 2122 1218 ab
2163 1163 2393 1218 inimico
2436 1165 2580 1236 capi,
2611 1165 2709 1236 qui
2745 1182 2779 1220 a
2815 1170 2874 1220 te
2909 1167 3145 1238 cupiunt
3183 1167 3480 1238 possideri,

1869 1255 2266 1326 Omnipotens.
2293 1255 2400 1320 Qui
2426 1256 2580 1310 vivis.
3426 1271 3431 1279 '

2515 1353 2830 1404 Benedictio.

1937 1433 2120 1502 Supra
2139 1433 2410 1488 caelorum
2437 1433 2670 1503 agmina
2689 1435 2912 1502 sedens,
2941 1438 3125 1490 totum
3151 1435 3352 1491 orbem
3375 1439 3486 1492 ter-
3505 1475 3519 1484 ι

1868 1540 2061 1578 rarum
2090 1525 2311 1595 pugillo
2335 1526 2697 1592 concludens,
2724 1527 2909 1581 votiva
2927 1527 3050 1582 haec
3074 1528 3338 1583 hodierni
3368 1529 3483 1583 diei

1868 1616 2169 1671 sollemnia
2185 1618 2569 1674 celebraturos
2589 1619 2844 1689 perandi.
2866 1621 3070 1674 Amen.
3090 1621 3162 1675 Ut
3186 1620 3283 1692 qui
3304 1621 3484 1676 sancti

1869 1710 2095 1780 patroni
2138 1709 2317 1764 nostri
2349 1708 2498 1764 Petri
2537 1709 2735 1782 tuique
2769 1712 3010 1782 apostoli
3044 1713 3188 1768 festa
3223 1713 3482 1781 colimus,

1868 1817 1972 1872 per
1993 1801 2115 1871 ejus
2139 1801 2609 1857 intercessionem
2647 1803 2750 1856 tibi
2789 1805 3134 1874 placeamus.
3164 1806 3371 1860 Amen.
3401 1807 3485 1861 Da

1790 1883 1846 1954 B
1870 1893 2250 1962 sacerdotum,
2281 1910 2484 1965 regum
2522 1897 2971 1967 cunctorumque
3001 1898 3344 1968 populorum
3387 1897 3484 1952 illa

1869 2002 2096 2056 semper
2126 1985 2184 2039 in
2211 1989 2428 2054 mente,
2456 1990 2519 2040 ut
2551 1987 2648 2057 qui
2681 1989 2861 2041 Deum
2885 2004 3085 2042 verum
3123 1989 3481 2057 conﬁtentes,

1869 2077 2066 2132 laudes
2093 2077 2362 2146 dicentes,
2389 2077 2566 2132 inlata
2584 2090 2607 2118 ο
2641 2083 2968 2134 nostrorum
2996 2079 3237 2135 crimina
3263 2081 3484 2134 salvan-

1870 2171 1980 2223 tur.
2006 2172 2210 2224 Amen.
2243 2171 2312 2222 Et
2339 2169 2838 2241 quemadmodum
2869 2187 2974 2226 nos
2997 2171 3183 2225 fecisti
3212 2172 3284 2226 de
3327 2189 3486 2228 sacro

1870 2262 2026 2315 fonte
2048 2262 2359 2332 procedere
2389 2278 2580 2332 puros,
2611 2263 2690 2316 ita
2718 2279 2822 2317 nos
2839 2263 3043 2332 jubeas
3070 2263 3127 2317 in
3159 2267 3377 2318 aeterna
3405 2281 3489 2319 re-

1871 2355 2073 2424 pacula
2114 2370 2244 2407 cum
2285 2357 2616 2408 sanctorum
2654 2355 2889 2408 coetibus
2927 2354 3128 2409 sociari
3159 2359 3483 2427 perpetuos.

1873 2445 2037 2509 Quod
2065 2445 2184 2516 ipse
2209 2449 2479 2516 praestare
2501 2444 2774 2516 digneris,
2808 2445 2903 2516 qui
2928 2462 3057 2501 cum
3083 2448 3270 2502 Patre.

1995 2577 2118 2630 ΧΧῙ.
2149 2591 2291 2632 0RDO
2328 2591 2499 2632 ΜΙΒεΔΞ
2523 2593 2575 2634 IN
2603 2593 2808 2634 INITIUM
2840 2593 3284 2640 QUADRAGINSIME
3309 2579 3356 2634 ά.

1945 2693 2340 2764 Omnipotens,
2371 2693 2719 2764 sempiterne
2757 2695 2924 2761 Deus,
2973 2699 3180 2766 praesta
3229 2700 3291 2751 ut
3336 2697 3483 2761 Qua-

1875 2785 2281 2856 draginsimale
2307 2787 2414 2840 hoc
2437 2787 2723 2857 jejunium
2755 2788 3034 2842 sollemne
3073 2791 3132 2842 et
3161 2793 3488 2860 competen-

1875 2877 2026 2932 tibus
2047 2877 2386 2932 inchoemus
2413 2878 2718 2949 obsequiis,
2748 2882 2806 2932 et
2829 2878 2931 2932 tibi
2951 2879 3171 2950 placitis
3197 2880 3490 2936 eﬂ‘ectibus

1876 2971 2250 3037 celebremus,
2280 2969 2520 3024 humani
2547 2971 2775 3040 generis
2804 2971 3078 3026 Conditor
3103 2976 3160 3026 et
3202 2973 3488 3044 Redemp-

1876 3065 1985 3129 tor,
2020 3063 2230 3133 largire
2271 3062 2570 3134 pr0pitius,
2603 3066 2665 3116 ut
2685 3063 3100 3119 continentiam
3144 3069 3351 3120 nostrae
3371 3082 3488 3120 res-

1876 3159 2214 3214 taurationis
2237 3159 2298 3212 in
2323 3159 2432 3213 tuis
2457 3159 2790 3230 deputatam
2819 3160 3039 3216 sincera
3064 3162 3490 3218 conversatione

160 3226 222 3280 sit
267 3229 447 3283 laudis
491 3233 552 3284 et
591 3227 820 3300 gloriae,
873 3243 1003 3298 quae
1048 3243 1174 3294 vox,
1229 3241 1356 3297 quae
1394 3225 1610 3296 lingua,
1651 3225 1776 3296 quis

1891 3254 2203 3306 mactemus.
2231 3251 2394 3315 Quod
2421 3251 2542 3322 ipse
2563 3255 2854 3323 prmstare.

162 3319 419 3390 explicet?
447 3320 594 3376 Hinc
621 3324 713 3374 est
741 3319 898 3390 quod
927 3335 1089 3373 mare
1117 3318 1430 3372 tremulum
1457 3317 1566 3370 fixo
1605 3317 1783 3370 calcat

159 3411 400 3483 vestigio,
427 3416 486 3468 et
509 3412 672 3467 inter
698 3411 880 3466 undas
904 3410 1151 3482 liquidas
1174 3409 1422 3482 pendula
1438 3409 1636 3480 planta
1659 3425 1782 3480 per-

161 3505 419 3560 ambulat.
448 3506 550 3560 Hic
577 3505 657 3560 ad
688 3508 920 3576 portam
952 3503 1281 3574 Speciosam
1301 3501 1576 3557 contracti
1601 3501 1782 3556 tendit

157 3597 395 3668 vestigia,
425 3601 486 3652 et
511 3601 706 3652 tactus
728 3596 882 3652 Petri
909 3595 1110 3666 digito,
1139 3595 1372 3650 claudus
1396 3611 1514 3649 non
1559 3593 1782 3664 indiget

155 3687 361 3745 baculo.
413 3691 556 3745 Hinc
611 3692 941 3744 carceratus
985 3688 1125 3742 dum
1177 3688 1484 3755 dormitat,
1531 3686 1784 3742 Christus

159 3797 274 3835 cum
308 3782 430 3854 ipso
473 3782 818 3854 pervigilat;
867 3785 926 3835 et
975 3784 1228 3836 retrusus
1272 3780 1579 3851 ergastulo,
1630 3780 1784 3833 foras

158 3875 398 3943 procedit
415 3892 524 3947 per
549 3876 856 3947 angelum.
897 3873 1038 3928 Hinc
1065 3872 1442 3945 paralyticum
1479 3871 1657 3926 erexit
1684 3871 1782 3925 des

157 3967 448 4024 cubantem
469 3968 532 4022 in
564 3967 803 4034 lectulo,
837 3983 903 4021 ac
931 3965 1422 4038 debilitatozverbo
1446 3963 1605 4019 dedit
1621 3963 1784 4017 vesti-

163 4059 326 4128 gium.
346 4061 489 4116 Hinc
509 4061 825 4116 Tabitham
841 4059 1148 4114 mulierem
1168 4057 1453 4113 revocavit
1471 4056 1542 4110 de
1562 4057 1782 4123 funere,

161 4154 211 4205 et
230 4153 430 4210 virtute
455 4153 786 4226 imperanti
810 4152 1074 4224 praedare
1101 4168 1218 4217 non
1245 4151 1422 4206 licuit.
1451 4149 1591 4204 Hinc
1624 4151 1786 4202 tanta

158 4243 279 4300 fidei
305 4247 504 4302 dotem
523 4248 552 4288 δ
611 4247 770 4302 inter
797 4246 1088 4318 apostolos
1115 4244 1296 4316 petiit,
1325 4247 1388 4298 ut
1411 4245 1638 4298 curaret
1666 4242 1787 4296 uni-

154 4352 332 4394 versus
351 4341 676 4412 languores
699 4339 840 4394 dum
863 4337 1136 4410 praeterit,
1160 4339 1218 4392 et
1237 4335 1514 4391 cadavera
1532 4335 1788 4388 viverent

159 4431 346 4486 umbra
369 4433 625 4488 salubris
651 4448 783 4504 quae
804 4431 1011 4504 tetigit,
1032 4446 1136 4503 per
1161 4427 1444 4485 Christum
1474 4426 1783 4482 Dominum

161 4527 426 4582 nostrum.
457 4526 567 4583 Cui
595 4541 748 4580 mer.

779 4616 901 4666 Post
927 4617 1161 4666 Sanctus.

225 4700 474 4775 Suscipe,
509 4701 786 4769 Domine,
815 4700 968 4755 inter
1011 4697 1287 4770 angelicae
1323 4695 1474 4752 vocis
1513 4695 1786 4764 ofﬁcium,

163 4797 358 4851 nostra;
383 4811 628 4869 quoque
658 4793 946 4850 servitutis
969 4791 1329 4863 obsequium.
1351 4791 1460 4844 Per
1481 4789 1787 4844 Christum.

749 4897 871 4946 Post
891 4893 1213 4960 mysterium.
1716 4945 1720 4949 _

224 4981 348 5037 Haec
380 4982 566 5054 igitur
613 4983 904 5053 praecepta
933 4982 1244 5047 servantes,
1277 4979 1636 5033 sacrosancta
1666 4992 1790 5030 mu.

2429 3348 2674 3398 Collectio
2692 3347 2938 3412 sequitur.

1949 3428 2098 3481 Deus
2123 3426 2502 3493 abstinentiae,
2544 3429 2692 3482 Deus
2718 3429 3089 3497 castimoniae,
3119 3428 3216 3500 qui
3249 3430 3494 3486 libenter
3561 3436 3568 3448 '

1871 3518 2261 3590 jejunantium
2277 3519 2600 3574 humilitate
2617 3521 2879 3590 placaris,
2901 3524 2960 3574 et
2983 3521 3411 3576 humiliantium
3433 3539 3492 3576 se

1879 3610 2138 3682 precibus
2173 3611 2456 3682 benignus
2489 3610 2813 3679 inﬂecteris,
2868 3613 3072 3667 exaudi
3112 3629 3308 3683 preces
3359 3629 3490 3668 nos-

1880 3707 1994 3756 tras
2019 3703 2077 3756 in
2110 3703 2216 3756 hac
2237 3702 2516 3757 hodierna
2545 3702 2656 3768 die,
2691 3719 2804 3773 quo
2843 3703 3378 3774 Quadraginsimale
3403 3703 3492 3758 in-

1879 3795 2153 3850 choamus
2161 3795 2470 3866 jejunium,
2489 3798 2548 3848 et
2567 3795 2919 3850 diversarum
2945 3796 3332 3851 tentationum
3368 3797 3490 3868 qui-

1879 3887 1982 3942 bus
2027 3903 2352 3958 gravamur,
2392 3890 2733 3958 tempestate
2783 3887 3049 3955 discussa,
3082 3888 3495 3944 continentiam

1881 3979 2044 4036 nobis
2055 3979 2245 4035 avitiis
2256 3981 2353 4034 tua
2362 3979 2718 4050 benignitate
2731 3979 2990 4050 infunde,
3005 3982 3262 4037 Salvator
3272 3981 3494 4038 mundi.

2363 4075 2610 4127 Collectio
2635 4079 2754 4140 post
2777 4077 3008 4128 nomina.

1951 4159 2326 4214 Ofi‘erentium
2358 4159 2690 4216 nominibus
2715 4161 3030 4231 recensitis,
3063 4161 3158 4234 qui
3185 4162 3389 4218 devota
3417 4162 3496 4218 al-

1882 4252 2096 4307 taribus
2123 4269 2366 4308 munera
2392 4253 2680 4308 humiliati
2709 4254 2932 4325 jejunio
2963 4255 3174 4310 mentis
3215 4254 3404 4328 229
3445 4259 3504 4310 et

1883 4345 2134 4416 corporis
2159 4362 2193 4400 a
2213 4346 2454 4401 Domino
2488 4347 2888 4418 deprecantur,
2917 4364 3020 4418 pro
3046 4347 3254 4403 merito
3284 4347 3501 4403 devotas

1882 4437 2344 4492 sanctiﬁcationis
2365 4437 2682 4492 obtineant.
2710 4441 2834 4492 Per.

2321 4585 2328 4588 _
2405 4533 2654 4584 Collectio
2678 4534 2744 4584 ad
2766 4547 2970 4598 pacem.

1802 4597 1861 4671 D
1953 4617 2102 4669 Deus
2125 4613 2508 4682 continentia,
2536 4616 2684 4669 Deus
2709 4597 2958 4670 caritatis
2983 4618 3042 4670 et
3059 4615 3234 4687 pacis,
3266 4615 3362 4688 qui
3381 4631 3505 4688 pre-

1889 4708 2046 4763 cibus
2091 4707 2522 4762 humiliantium
2565 4724 2622 4761 se
2664 4707 2988 4775 inﬂecteris,
3043 4709 3316 4764 miserere
3373 4727 3503 4765 nos-

1891 4801 1984 4867 tri,
2017 4801 2218 4856 exaudi
2241 4817 2364 4868 nos,
2394 4803 2453 4854 et
2471 4801 2823 4855 diversarum
2851 4801 3145 4856 turbinum
3168 4805 3507 4874 tempestate

1891 4897 2133 4960 remota,
2178 4910 2382 4965 pacem
2428 4893 2592 4948 nobis
2634 4897 2747 4948 tum
2793 4893 3114 4950 serenitatis
3161 4893 3504 4966 impertias:

1895 5002 2068 5057 quam
2095 4985 2142 5040 si
2168 4989 2532 5058 peccatorum
2560 4989 2886 5041 nostrorum
2921 4985 3219 5042 nimietate
3258 4985 3509 5058 perdidi-

165 5089 292 5130 nera
364 5079 586 5132 nostra
663 5074 860 5128 salutis
935 5071 1250 5140 offerimus,
1301 5071 1664 5126 obsecrantes
1736 5073 1798 5123 ut
1897 5096 2044 5148 mus,
2068 5095 2171 5150 per
2196 5079 2615 5150 indulgentiam
2644 5082 2755 5133 tua;
2779 5078 3184 5134 misericordiae
3203 5095 3514 5152 consequa.

384 5168 719 5224 immittere
751 5165 1008 5239 digneris
1037 5165 1313 5237 Spiritum
1343 5167 1508 5218 tuum
1535 5165 1796 5219 sanctum
1899 5187 2047 5227 mur,
2071 5173 2180 5226 Per
2199 5171 2508 5226 Dominum
2525 5175 2784 5227 nostrum
2803 5173 3014 5227 Iesum.

167 5269 326 5328 super
353 5258 482 5313 haec
509 5255 845 5323 sollemnia,
877 5258 939 5310 ut
963 5255 1067 5309 fiat
1089 5253 1254 5308 nobis
1293 5253 1556 5323 tegitima
1579 5253 1795 5307 Eucha~
2453 5267 2741 5320 ιωωοιαιίο
2772 5269 2956 5320 missae,

166 5348 314 5404 ristia
339 5351 400 5404 in
425 5354 530 5405 tuo
564 5349 810 5420 Filiique
835 5348 920 5402 tui
950 5347 1209 5415 nomine,
1237 5349 1296 5401 et
1330 5345 1570 5417 Spiritus
1597 5343 1797 5412 sancti,
1969 5351 2106 5404 Vere
2133 5345 2373 5419 dignum
2407 5351 2466 5402 et
2486 5349 2706 5427 justum
2739 5353 2856 5417 est;
2909 5365 3138 5422 aequum
3180 5353 3238 5405 et
3271 5353 3516 5407 salutare

169 5439 222 5495 in
261 5442 786 5499 transformatione
826 5441 1080 5512 corporis
1119 5456 1184 5494 ac
1231 5439 1525 5511 sanguinis
1572 5435 1804 5492 Domini
1903 5445 2007 5509 est,
2045 5459 2148 5496 nos
2184 5440 2286 5495 tibi
2328 5438 2541 5511 gratias
2579 5457 2771 5512 agere,
2815 5443 3058 5497 Domine
3097 5447 3310 5512 sancte,
3353 5446 3520 5498 Pater

171 5535 338 5589 nostri
377 5538 516 5592 Jesu
557 5533 774 5591 Christi
809 5533 1101 5605 Unigeniti
1147 5532 1248 5601 tui,
1300 5531 1600 5586 edentibus
1641 5529 1804 5607 nobis
1904 5532 2289 5606 omnipotens,
2320 5535 2532 5588 teterne
2563 5533 2730 5601 Deus,
2759 5550 2863 5605 per
2887 5535 3172 5591 Christum
3205 5532 3517 5591 Dominum

1977 5673 2830 5751 sProinlgtis.....o1_-§minibus.
2947 5742 2978 5751 Δ,
3069 5741 3080 5751 Δ
3169 5747 3190 5751 _
3283 5744 3316 5751 Α
3467 5738 3476 5751 ⁸

1976 5747 2004 5788 ά
2033 5747 2116 5800 Ita
2155 5745 2478 5803 scribebant
2517 5745 2599 5801 illi
2643 5749 2884 5818 veteres,
2942 5742 3024 5803 ita
3066 5741 3126 5804 in
3168 5741 3530 5804 Lectionario—

1908 5815 2220 5874 Gallicana.

237 5676 527 5750 'fVidetur
557 5675 902 5750 legendum,
948 5677 1571 5750 reuelationismystmo
1611 5659 1806 5750 Ρίὶίιέζη

173 5748 262 5806 Μ
285 5744 902 5823 οοηνὶιεπάοάκοωιαεαὲ
927 5748 1200 5820 apostolis,
1229 5745 1318 5802 vel
1349 5744 1620 5819 apostolus
1656 5744 1804 5800 ordi-

173 5827 448 5974 mitts.
478 5895 612 5952 dote
636 5894 784 5948 inter
807 5891 1070 5964 apostolos
1087 5889 1290 5960 praem.
