3976 6414
429 362 531 416 259
1211 350 1539 407 APPENDIX
1580 350 1668 404 AD
1703 349 1923 404 OPERA
1960 347 2195 404 SANCTI
2231 349 2530 404 GERMANI
2567 349 2992 404 PARISIENSIS.
3702 351 3815 404 260

431 469 711 521 nostrum.
755 461 861 529 Qui
895 462 979 515 est
1018 459 1184 514 Filius
1235 463 1364 513 tuus
1415 456 1762 526 unigenitus,
1809 472 2051 508 manens
2074 469 2132 540 Α
2153 457 2340 510 ctione
2375 456 2570 522 levari,
2600 456 2698 526 qui
2722 473 2852 510 cum
2880 457 3001 511 haac
3037 456 3192 512 dona
3226 455 3556 524 contulerit,
3591 459 3817 510 cuncta

431 560 492 612 in
521 557 703 628 gloria
727 558 844 620 tua,
877 553 933 606 in
963 568 1074 622 quo
1101 549 1492 622 jejunantium
1528 549 1670 602 fides
1697 547 1884 612 alitur,
1925 563 2052 618 spes
2154 549 2318 604 nobis
2349 549 2508 602 utilia
2547 566 2662 602 non
2709 549 2966 620 negabis.
3008 551 3116 604 Per
3157 549 3477 605 Dominum
3527 551 3814 604 nostrum

432 647 778 722 provehitur,
803 646 1007 699 caritas
1029 645 1350 699 roboratur.
1365 645 1487 714 Ipse
1515 645 1599 694 est
1611 641 1764 695 enim
1785 639 1952 694 Panis
1971 639 2050 692 vi-
2151 644 2345 698 Jesum
2376 642 2683 697 Christum.

361 742 365 745 ’
429 761 530 796 vus
547 747 601 795 et
621 757 804 806 verus,
820 738 916 810 qui
931 739 1000 792 de
1023 739 1160 792 caelo
1183 735 1496 801 descendit,
1512 737 1568 789 et
1585 733 1806 788 habitat
1827 748 2056 802 semper
2637 736 3023 786 Consummatio
3051 735 3222 786 missas
3251 739 3298 785 b.

431 835 490 890 in
522 835 656 887 caelo
683 849 696 898 ;
731 831 828 903 qui
857 835 941 885 est
971 829 1289 884 substantia
1321 827 1674 892 aeternitatis,
1707 829 1764 879 et
1795 842 1922 879 esca
1942 825 2052 878 vir-
2222 816 2508 871 Virtutum
2561 817 2874 871 caelestium
2933 817 3101 884 Deus,
3160 815 3255 887 qui
3307 817 3476 888 plura
3534 819 3816 888 praestas,

433 927 584 982 tutis.
631 925 884 979 Verbum
931 923 1086 976 enim
1131 926 1312 988 tuum,
1360 937 1463 991 per
1510 919 1661 989 quod
1713 919 1862 972 facta
1925 920 2058 970 sunt
2157 925 2330 980 quam
2357 910 2604 980 petimus
2634 913 2731 963 aut
2761 926 3074 978 meremur,
3111 910 3316 976 tribue,
3344 926 3714 980 quaesumus,
3753 912 3822 962 ut

433 1019 651 1086 omnia,
677 1035 794 1071 non
817 1017 999 1071 solum
1029 1016 1416 1068 humanarum
1443 1011 1751 1077 mentium,
1783 1010 1884 1063 sed
1905 1010 2056 1080 ipso-
2156 1005 2256 1056 tua
2281 1002 2445 1056 nobis
2472 1002 2864 1057 misericordia
2891 1003 3243 1069 conferatur,
3269 1003 3426 1073 quod
3458 1005 3818 1057 nostrorum

433 1129 564 1168 rum
596 1126 824 1182 quoque
850 1107 1013 1179 panis
1043 1111 1127 1159 est
1151 1106 1512 1176 angelorum.
1542 1103 1718 1173 Hujus
1744 1101 1911 1156 Panis
1958 1101 2060 1155 ali-
2161 1112 2275 1150 non
2309 1095 2481 1149 habet
2511 1095 2717 1149 fiducia
2761 1095 3124 1150 meritorum.
3161 1097 3269 1150 Per
3307 1095 3634 1150 Dominum
3685 1111 3823 1150 nos-

434 1208 632 1260 mento
658 1203 856 1270 Moises
894 1204 1022 1253 tuus
1057 1199 1302 1253 famulus
1339 1195 1724 1268 quadraginta
1775 1193 1974 1248 diebus
2005 1197 2062 1248 et
2159 1191 2312 1242 trum
2333 1189 2525 1242 Jesum
2552 1187 2861 1242 Christum.

435 1297 693 1354 noctibus
709 1296 897 1363 legem
922 1291 1253 1362 suscipiens,
1269 1288 1570 1360 jejunavit,
1591 1291 1648 1341 et
1665 1305 1697 1341 a
1718 1287 2058 1352 carnalibus,
2295 1361 2308 1363 _
2333 1279 2628 1363 BenCdifStiO
2650 1281 2828 1363 poplﬂi
2852 1280 2904 1330 in
2924 1280 3126 1363 initium
3153 1280 3630 1346 Quadragiusimm.

435 1390 592 1457 cibis,
623 1391 683 1441 ut
703 1390 814 1440 tuae
840 1385 1132 1438 suavitatis
1168 1381 1434 1454 capacior
1473 1383 1640 1447 esset,
1673 1378 2005 1444 abstinuit,(

2253 1361 2314 1414 id
2327 1361 2643 1414 custodiam
2658 1360 2963 1432 gregistui,
2979 1360 3309 1415 animarum
3323 1363 3546 1429 Pastor,
3563 1360 3672 1433 qui
3687 1359 3823 1416 dor-

436 1453 610 1538 verbo
643 1484 741 1535 tuo
781 1479 993 1532 vivens.
1032 1477 1202 1546 Cujus
1241 1453 1299 1530 et
1327 1473 1694 1529 dulcedinem
1739 1471 1970 1526 videbat
2003 1471 2064 1523 in
2164 1455 2310 1508 mire
2333 1453 3109 1523 003015,inVi8ila-Amen-Et
3131 1471 3203 1509 ne
3227 1454 3528 1509 HOCturniS
3558 1453 3823 1508 terrori-

435 1576 655 1648 spiritu,
685 1577 741 1627 et
768 1573 954 1626 lucem
991 1569 1306 1642 accipiebat
1348 1568 1404 1622 in
1435 1568 1610 1621 vultu.
1659 1565 1820 1621 Unde
1856 1580 1960 1617 nec
1987 1564 2066 1618 fa-
2163 1546 3002 1648 EUSf‘fiigetuf‘fim'iSibiliéllm
3017 1547 3820 1648 a.dtactusan-ctiﬁca.Amen.

440 1639 596 1724 mem
621 1663 872 1736 corporis
893 1663 1088 1728 sensit,
1113 1665 1170 1715 et
1189 1665 1552 1715 terrenarum
1574 1662 1660 1712 est
1679 1657 1886 1712 oblitus
1907 1673 2061 1710 esca-
2166 1639 2663 1736 Fragilemémida:
2683 1641 2993 1736 Quiritum
3013 1641 3190 1736 εξῙθνᾶν
3211 1640 3659 1736 invalidumque
3683 1658 3830 1697 00n-

435 1777 586 1827 rum,
613 1732 746 1830 quia
775 1757 936 1810 illum
960 1758 1017 1808 et
1043 1753 1240 1824 glorise
1270 1756 1381 1807 tua:
1411 1751 1761 1807 clariticabat
1777 1751 2060 1819 aspectus,
2165 1735 2351 1830 ﬁrma}
2405 1732 2872 1830 Diaeta-lalisio,
2923 1733 3161 1830 oaritalo
3223 1733 3469 1830 aediﬁca,
3538 1735 3826 1789 castitate

440 1859 515 1921 et,
543 1825 817 1906 ihtiuente
845 1848 1077 1920 Spiritu,
1109 1846 1210 1900 Dei
1238 1862 1430 1900 sermo
1458 1843 1745 1915 pascebat.
1776 1843 1934 1896 Hunc
1963 1842 2062 1894 Pa-
2081 1836 2138 1908 B
2161 1827 2398 1894 munda,
2428 1825 3046 1921 sapiefltia-ifllllniiua,
3085 1826 3460 1921 miseratione
3502 1844 3825 1883 conserva.

441 1918 597 2013 ηέηι,
626 1918 905 2008 nomine;
928 1939 1092 1993 nobis
1129 1956 1230 2010 per
1270 1939 1374 1992 hos
1411 1935 1795 2008 quadraginta
1831 1933 1954 1987 dies
1993 1932 2073 2004 (in
2171 1922 2374 1974 Amen.
2405 1918 2670 1973 Proﬁciat
2706 1918 2839 1972 fidei
2875 1918 3136 1989 vigilanti
3166 1920 3382 1974 amoris
3408 1921 3493 1974 tui
3535 1937 3825 1991 perseve-

443 2011 649 2110 quibus
676 2034 868 2100 hodie,
895 2030 1447 2101 Quadraginsimalis
1487 2027 1942 2082 macerationcm
1971 2027 2068 2080 ab-
2172 2013 2377 2080 ιἐωῐίδ,
2400 2028 2629 2066 morum
2650 2011 3055 2110 ἱξέῐηρθτᾶῐιῐίᾶ,
3074 2012 3486 2067 misePiCOI‘diae
3505 2014 3829 2084 providen-

444 2103 728 2185 s-tinentiaz
750 2126 1106 2189 inchoantes,
1131 2121 1508 2192 ingredimur)
1531 2120 1854 2174 ministrare
1877 2118 2073 2188 digne-
2173 2106 2272 2173 tia,
2304 2108 2534 2159 δεῑιιυῐῐὶ
2561 2103 2878 2175 ἀίδοίΡῙίΠᾶι
2901 2107 3106 2159 Amen.
3132 2107 3204 2160 Ut
3228 2123 3614 2176 perconcessa
3647 2108 3832 2161 mise-

443 2223 540 2288 ris,
587 2235 759 2291 quem
799 2221 859 2270 ut
897 2215 1158 2269 sitiamus
1197 2211 1871 2267 indesinenterhortaris.
1903 2211 2074 2281 Cujus
2171 2198 2937 2268 ratiOniSilldMgentiamon
2952 2199 3187 2268 abjicias
3209 2201 3835 2271 eumapromissionis

447 2330 618 2369 carne
645 2330 678 2366 a
704 2315 759 2364 te
789 2311 912 2380 ipso
937 2307 1287 2362 sanctificata
1325 2307 1462 2360 dum
1504 2306 1810 2376 pascimur,
1843 2303 2074 2357 robora-
2173 2295 2284 2345 tua?
2309 2292 2759 2362 magniﬁcentia,
2791 2291 2890 2346 θεά
2918 2292 3199 2362 perducas
3231 2293 3306 2347 ad
3347 2292 3603 2360 veniam,
3637 2310 3832 2364 quem

448 2424 579 2462 mur
599 2409 656 2459 et
683 2402 982 2473 sanguine,
1007 2400 1144 2454 dum
1168 2400 1370 2453 hausto
1394 2398 1652 2452 sitienter
1674 2401 1958 2467 ροίίιηιωι,
1979 2395 2075 2450 ab-
2173 2385 2264 2438 hic
2285 2384 2386 2438 tibi
2405 2385 2687 2456 adoptasti
2705 2402 2809 2456 per
2825 2385 3316 2456 gratiam.Amen.
3333 2389 3443 2442 Per
3468 2387 3832 2442 Dominum.

446 2500 678 2565 luimur,
698 2513 802 2568 per
817 2494 1103 2551 Christum
1129 2493 1439 2547 Dominum
1458 2491 1858 2544 nostrum.Per
1875 2505 2070 2559 quem.
2620 2493 2767 2544 xx",
2795 2508 2920 2546 mm
2950 2508 3107 2548 mss“
3137 2510 3356 2548 ,επ-κη,

1066 2592 1186 2640 Post
1216 2591 1450 2640 Sanctus.
2244 2585 2425 2660 231
2474 2587 2854 2658 Omnipotens
2892 2589 3239 2660 sempiterne
3289 2593 3459 2658 Deus,
3498 2591 3598 2662 qui
3655 2590 3838 2646 nobis

519 2679 857 2736 Benedictus
899 2675 994 2748 qui
1045 2675 1199 2728 venit
1245 2675 1302 2728 in
1351 2673 1588 2728 nomine
1640 2670 1891 2736 DOmini,
1925 2670 2074 2724 Deus
2174 2680 2233 2734 in
2273 2681 2667 2735 observatione
2701 2681 2906 2752 jejunii
2949 2686 3006 2736 et
3041 2685 3548 2756 eleemosynarum
3589 2685 3838 2739 semine

451 2774 818 2831 scientiarum
865 2768 1162 2835 Dominus,
1211 2768 1310 2837 qui
1363 2769 1593 2837 praestat
1638 2762 2075 2818 adinventiones
2174 2774 2412 2845 posuisti
2451 2777 2777 2829 nostrorum
2817 2777 3074 2830 remedia
3113 2781 3503 2848 peccatorum,
3536 2778 3836 2846 concede,

450 2885 598 2934 suas,
621 2869 679 2920 et
697 2861 946 2934 disponit
967 2859 1161 2916 omnia
1187 2856 1465 2924 suaviter;
1497 2857 1596 2928 qui
1623 2856 1881 2911 ascendit
1907 2871 2076 2925 super
2175 2883 2520 2938 quaesumus,
2569 2885 2672 2922 nos
2712 2884 2885 2938 opere
2929 2870 3141 2924 mentis
3178 2875 3236 2924 οι
3278 2871 3537 2943 corporis
3587 2889 3842 2944 semper

451 2974 735 3025 occasum,
766 2955 1045 3010 Dominus
1077 2969 1289 3007 nomen
1321 2955 1406 3004 est
1437 2950 1538 3004 illi.
1582 2950 1678 3004 Hic
1705 2949 1873 3004 Panis
1921 2949 2076 3002 vivus
2173 2961 2275 3014 tibi
2304 2977 2425 3014 esse
2455 2960 2707 3015 devotos.
2745 2961 2909 3026 Quod
2936 2962 3056 3033 ipse
3087 2968 3382 3034 prmstare.

451 3055 508 3109 ct
529 3068 714 3118 verus,
739 3048 837 3120 qui
867 3048 938 3102 de
966 3047 1103 3102 caelo
1133 3043 1447 3110 descendit,
1477 3046 1538 3097 ut
1564 3043 1729 3097 daret
1754 3059 1912 3096 escas
1947 3057 2072 3094 esu-
2345 3091 2349 3106 ,
2728 3059 2978 3108 Collectio
2994 3061 3245 3124 sequitur.

451 3145 746 3210 rientium,
777 3141 956 3195 immo
1001 3142 1059 3192 et
1089 3137 1210 3209 ipse
1251 3139 1399 3190 esset
1437 3151 1567 3190 esca
1593 3133 1902 3189 viventium
1933 3151 1946 3188 :
1976 3134 2078 3188 ﬁat
2103 3195 2148 3210 η
2245 3139 2392 3192 Deus
2419 3137 2688 3191 humana":
2707 3138 2904 3192 salutis
2927 3145 3214 3210 operator,
3241 3141 3314 3196 da
3342 3142 3511 3197 nobis
3543 3158 3836 3198 exercere

453 3238 618 3294 nobis
643 3237 702 3290 in
745 3250 913 3306 pane,
948 3249 1060 3303 quo
1109 3230 1282 3284 corda
1317 3230 1638 3295 ﬁrmantur,
1677 3231 1740 3282 ut
1784 3227 1842 3282 in
1870 3195 2151 3280 virtutec
2169 3231 2391 3302 jejunia
2411 3235 2814 3300 congruenter,
2839 3233 3046 3302 quibus
3063 3237 3274 3289 nostra:
3292 3235 3638 3292 substantiae
3670 3254 3841 3293 sem-

451 3330 621 3387 Panis
649 3328 818 3399 hujus
842 3342 946 3397 per
975 3326 1078 3379 hos
1105 3323 1487 3395 quadraginta
1512 3321 1652 3389 dies,
1681 3321 1803 3375 sine
1831 3319 2072 3390 impedi-
2177 3325 2401 3396 piterna
2428 3323 2686 3379 remedia
2706 3325 3022 3395 ρι-ονίάίδιί,

455 3427 653 3480 mento
675 3419 862 3476 carnis
882 3422 938 3473 et
958 3416 1250 3488 sanguinis
1260 3415 1526 3486 jejuuare
1548 3416 1858 3480 valeamus,
1890 3413 2075 3484 ipsum
2503 3436 2518 3452 .
2660 3421 2910 3471 Collectio
2940 3424 3056 3485 post
3077 3423 3309 3474 nomina.

455 3532 668 3590 panem
695 3513 992 3578 habentes,
1022 3510 1116 3581 qui
1149 3525 1430 3580 pauperes
1457 3508 1635 3579 pascit
1662 3507 1904 3578 panibus
1938 3523 1950 3560 :
1980 3505 2078 3576 qui
2248 3503 2415 3568 Deus,
2448 3501 2544 3572 qui
2573 3518 2689 3556 non
2718 3505 2943 3556 tantum
2971 3520 3076 3557 nos
3107 3521 3140 3558 a
3167 3504 3496 3560 carnalibus
3525 3506 3696 3576 cibis,
3731 3509 3845 3563 sed

453 3610 623 3682 Moysi
673 3612 729 3662 et
759 3606 930 3661 Heliae
969 3621 1071 3675 per
1113 3601 1495 3675 quadraginta
1531 3601 1652 3656 dies
1685 3599 2079 3671 jejunantibus
2178 3597 2250 3652 ab
2277 3596 2452 3667 ipsius
2478 3595 2686 3649 animae
2717 3595 2899 3650 noxiis
2927 3596 3410 3652 delectationibus
3437 3600 3716 3671 praecipis
3739 3602 3842 3672 je-

455 3701 645 3777 230
668 3697 1210 3770 Quadraginsimam
1235 3695 1548 3761 dedicavit;
1575 3693 1786 3748 deinde
1816 3693 1992 3747 etiam
2019 3691 2077 3746 in
2171 3691 2400 3761 junare,
2455 3689 2532 3742 sic
2603 3687 2786 3756 nobis,
2858 3705 3206 3759 quaesumus,
3247 3691 3636 3762 indulgentias
3717 3699 3845 3751 tua:

456 3815 556 3852 suo
588 3797 706 3867 ipse
728 3792 971 3864 jejunio,
1000 3790 1274 3844 eumdem
1311 3788 1476 3843 nobis
1507 3803 1817 3842 numerum
1853 3785 2077 3840 dierum
2179 3784 2369 3855 praebe
2397 3781 2731 3848 subsidium,
2762 3785 2825 3834 ut
2841 3781 3162 3852 jejunando
3186 3783 3256 3837 ab
3277 3784 3513 3840 inlicitis
3536 3791 3848 3860 contagiis

449 3889 656 3962 jejunii
687 3885 1073 3942 sollemnitate
1101 3881 1372 3951 signavit;
1399 3884 1460 3933 ut
1485 3880 1640 3950 quod
1667 3880 1785 3950 ipse
1805 3878 2080 3934 Dominus
2180 3877 2253 3932 ad
2279 3893 2527 3947 superna
2553 3891 2894 3943 crescamus,
2919 3878 2977 3930 et
2999 3877 3238 3932 nomina
3266 3894 3393 3949 quae
3419 3881 3671 3938 recitata
3699 3890 3850 3940 sunt

455 3983 515 4038 in
551 3980 730 4036 nostri
768 3977 1020 4048 corporis
1054 3973 1389 4029 infirmitate
1420 3990 1524 4043 pro
1570 3973 1735 4027 nobis
1771 3972 1989 4042 jugiter
2020 3972 2080 4026 in
2181 3971 2240 4025 in
2267 3969 2474 4025 caelesti
2501 3967 2712 4040 pagina
2743 3969 3024 4023 conscribi
3051 3970 3378 4042 praecipias.
3406 3974 3537 4028 Per.

455 4093 524 4131 xL
550 4073 750 4128 diebus
773 4067 1031 4140 explevit,
1057 4067 1112 4120 id
1141 4083 1245 4120 nos
1271 4066 1357 4118 vel
1389 4065 1716 4119 minutatim
1745 4065 1951 4118 eodem
1981 4082 2081 4118 nu—
2706 4066 2959 4116 Collectio
2988 4065 3053 4116 ad
3077 4081 3282 4130 pacem.

459 4183 624 4222 mero
652 4165 876 4219 dierum
929 4161 1142 4215 calculo
1197 4158 1500 4213 distributa
1543 4158 1922 4224 observantia,
1957 4173 2077 4213 ves-
2251 4146 2512 4203 COUcede
2555 4145 2740 4212 00biS,
2773 4147 3142 4217 omnipotens
3169 4149 3340 4218 Deus,
3379 4152 3444 4204 ut
3476 4168 3589 4222 per
3632 4172 3849 4212 annua

461 4257 701 4332 pertinis
720 4256 743 4284 '
771 4253 1178 4310 refectionibus
1205 4251 1534 4306 studeamus
1566 4250 1798 4306 imitari.
1824 4254 1950 4307 Per.

2277 4239 2738 4311 adraginsimalis
2766 4240 3035 4294 exercitia
3057 4243 3428 4313 sacramenti,
3461 4249 3522 4300 et
3549 4247 3628 4302 ad
3657 4249 3847 4306 intel-

1033 4351 1157 4400 Post
1186 4347 1506 4413 mysterium.
2181 4334 2478 4405 ligendum
2515 4333 2720 4389 Christi
2762 4334 3130 4404 proﬁciamus
3161 4353 3461 4407 arcanum,
3494 4343 3555 4394 et
3588 4342 3851 4401 affectus

529 4442 775 4512 Accepta
803 4436 905 4492 tibi
925 4436 1014 4504 sit,
1042 4434 1305 4500 Domine,
1331 4437 1539 4488 nostra:
1569 4431 1888 4490 devotionis
1921 4435 2078 4490 obla-
2183 4428 2305 4498 ejus
2358 4427 2534 4498 digna
2579 4427 3012 4482 conversatione
3059 4432 3367 4498 sectemur,
3419 4436 3482 4486 ut
3538 4435 3850 4495 sinceram

461 4537 562 4605 tio,
591 4553 718 4608 qua:
750 4535 807 4588 et
819 4529 1108 4602 jejunium
1148 4530 1431 4595 nostrum,
1473 4531 1525 4582 te
1557 4531 1853 4598 operante,
1881 4527 2161 4632 sancti-D
2185 4521 2347 4576 nobis
2376 4537 2578 4592 pacem
2605 4519 2839 4575 tribuas.
2872 4521 2980 4576 Per
2999 4523 3312 4578 Dominum
3336 4530 3608 4584 nostrum
3634 4533 3847 4588 Jesum

460 4631 610 4697 ﬁcet,
641 4630 699 4682 et
722 4623 1141 4696 indulgentiam
1169 4621 1332 4677 nobis
1361 4622 1471 4676 tua:
1497 4621 1904 4677 consolationis
1935 4620 2079 4676 obti-
2102 4614 2158 4632 ⁵¹
2185 4614 2493 4672 Christum.

462 4684 618 4780 neat:
640 4721 748 4776 Per
779 4684 930 4774 cuni.
2253 4764 2296 4780 ῃ
2448 4763 2486 4780 ν
2656 4707 2664 4714 ·
2743 4684 3031 4780 immolatio
3067 4686 3254 4780 missas.

865 4763 996 4866 lxx-ne
1021 4811 1305 4864 orationem
1342 4811 1681 4866 Dominicam.
2253 4764 2396 4820 Vere
2433 4763 2672 4836 dignum
2711 4766 2768 4818 et
2795 4765 3017 4835 justum
3067 4772 3152 4822 est
3203 4786 3308 4824 nos
3349 4769 3455 4826 tibi
3491 4789 3744 4847 semper
3787 4785 3850 4836 et

534 4904 658 4959 Non
700 4858 1718 4969 agnoééEHtésfiiJrEngﬁgiKn,
1751 4890 1848 4946 sed
1880 4906 2086 4962 praece-
2185 4859 2395 4930 ubique
2424 4858 2635 4930 gratias
2667 4873 2858 4969 835m,
2892 4858 3136 4969 Ποξηξυθ
3179 4866 3396 4931 Sancte,
3433 4865 3612 4920 Pater
3651 4873 3852 4927 Omni-

465 5001 650 5071 ptum,
679 4952 812 5066 quia
835 4990 1039 5062 jubere
1067 4988 1335 5060 dignatus
1367 5007 1446 5056 es,
1477 4988 1760 5044 audemus
1795 4980 2003 5040 dicere.
2186 4955 2409 5071 pOteflns’
2457 4952 2896 5071 mi‘fff‘éﬁneus’
2937 4953 3047 5071 id”
3093 4956 3845 5071 δδηθίζίῖθδῐξθνὶεἰᾶιυηίυηιν

876 5089 996 5138 Post
1021 5044 1304 5137 oragonem
1332 5044 1672 5136 Dou'ﬁnicam.
2188 5045 2341 5117 quod
2372 5061 2476 5100 nos
2505 5044 2576 5098 ab
2599 5044 2762 5099 initio
2785 5045 2976 5100 smculi
3001 5063 3227 5104 servare
3259 5049 3524 5107 docuisti.
3553 5054 3848 5128 Magnam

537 5173 768 5238 Adesto,
791 5169 1055 5235 Domine,
1079 5167 1340 5222 ﬁdelibus
1369 5167 1497 5235 tuis,
1522 5169 1581 5222 et
1607 5182 1749 5237 quos
1770 5163 2088 5220 coelestibus
2187 5155 2347 5238 (ξηίηξ
2381 5138 2584 5238 ιξιηξιοίξ
2620 5155 2861 5238 munere
2902 5141 3159 5238 corPoriS
3205 5143 3457 5238 gratiam
3511 5152 3845 5209 contulisti.

465 5266 713 5327 instituis
744 5261 1144 5330 Sacramentis,
1176 5277 1208 5316 a
1230 5261 1475 5316 terrenis
1502 5275 1774 5315 conserva
1800 5257 2084 5330 periculis,
2188 5231 2352 5330 θίξοά
2377 5249 2422 5285 δι
2446 5232 2543 5286 ma
2571 5232 2808 5330 Ῑωξξιθιηξ
2842 5249 3073 5330 Ben-01‘“)
3100 5240 3289 5330 mater
3317 5237 3704 5299 interdictam
3733 5247 3850 5302 sibi

467 5324 725 5421 salvator
756 5354 976 5412 mundi.
1131 5324 1139 5330 ’
1800 5324 1818 5330 “
2071 5324 2076 5326 ⁷
2189 5324 2454 5421 arborem
2478 5324 2835 5392 custodisset,
2866 5330 2924 5380 et
2953 5327 3461 5386 immortalitatem
3495 5335 3852 5394 retinuisset

1003 5438 1125 5487 post
1151 5431 1545 5485 Ευοιιαιιίειίαω,
2189 5421 2247 5472 et
2273 5416 2538 5488 patriam.
2563 5418 2676 5473 Sed
2703 5424 3003 5490 peccatum
3027 5421 3228 5476 matris
3255 5424 3534 5496 antiqua),
3560 5432 3728 5499 quod
3759 5433 3854 5488 in-

535 5523 814 5590 Concede,
844 5519 1110 5583 Domine,
1143 5531 1489 5586 quaesumus,
1519 5526 1747 5566 morum
1777 5527 1880 5564 nos
1907 5527 2089 5566 correc
2189 5509 2342 5566 licita
2368 5509 2508 5582 ligni
2536 5511 2694 5566 vetiti
2739 5513 3111 5584 usurpatione
3159 5517 3470 5586 commisit,
3521 5521 3586 5576 in
3621 5527 3850 5582 nostris

535 5651 561 5680 ⁸
591 5647 896 5704 Notissima
923 5644 1160 5718 Patrum
1185 5640 1509 5718 nostrorum
1537 5635 1610 5690 ad
1635 5651 1932 5718 vesperam
1944 5635 2090 5706 jeju-
2188 5635 2374 5718 missis
2404 5637 2809 5718 nonhabetur,
2842 5643 3228 5718 praeterquam
3256 5643 3314 5696 in
3337 5643 3517 5699 missa
3547 5645 3622 5702 de
3646 5649 3846 5705 Natali

469 5721 583 5786 nia,
611 5719 716 5773 sed
736 5721 954 5793 tameni
977 5712 1064 5764 vel
1093 5707 1166 5762 ad
1195 5707 1576 5762 humilitatem
1603 5708 1858 5760 nostram
1885 5710 1940 5761 et
1982 5724 2086 5780 pu-
2189 5707 2440 5793 Domini.
2481 5707 2708 5793 Similes
2753 5709 2811 5762 in
2843 5707 3002 5792 i‘csto
3049 5707 3229 5767 sancti
3274 5716 3516 5793 Joannis
3560 5736 3844 5793 evange-

469 5777 669 5867 do‘fgm
697 5784 972 5867 neulng
1071 5849 1110 5867 ν
1281 5848 1318 5867 μ
1527 5847 1558 5867 ν
1625 5846 1634 5857 ⁸
1880 5848 1889 5858 ο
2189 5777 2350 5861 listae‘,
2383 5782 2450 5867 et
2495 5779 2553 5867 in
2599 5779 3063 5867 Circumcisione,
3110 5801 3300 5856 supra,
3362 5786 3510 5845 item
3555 5788 3721 5850 infra
3738 5777 3846 5852 uin

538 5863 567 5905 ι)
593 5854 898 5918 Peculiaris
922 5853 1030 5909 hac
1057 5849 1149 5906 die
1177 5848 1380 5920 oratio,
1409 5848 1591 5921 qualis
1621 5848 1680 5902 in
1705 5848 2090 5919 superioribus
2189 5849 2364 5906 missa
2383 5852 2450 5907 76
2476 5853 2532 5905 et
2559 5852 2945 5922 sequentibus.
