3976 6418
99 349 179 403 261
815 303 838 319 ⁸
1156 349 1244 406 DE
1280 351 1590 408 LITURGIA
1623 352 1991 408 GALLICANA
2028 351 2224 406 LIBER
2262 352 2349 406 III.
2797 395 2810 410 .
3321 360 3421 410 262

93 487 314 539 oramus,
347 469 579 526 absolve
619 470 890 543 jejuniis;
938 477 994 528 et
1039 475 1139 546 qui
1179 476 1248 530 de
1292 477 1550 547 paradiso
1591 494 1706 531 non
1727 459 2072 553 Αὲᾘῐίονθὲἱ
2103 463 2158 553 ei
2182 458 2416 553 ξἐοίῖίιίίξ
2445 457 2674 553 Wfilin“
2711 457 2917 514 033195“
2950 456 3329 531 εῙιίΓΟΒΤθΡῙλο
3364 462 3425 516 in

94 564 396 620 abstinendo
423 563 759 634 cecidimus,
787 565 859 621 ad
889 567 1172 636 eumdem,
1202 585 1354 624 nunc
1372 569 1702 640 jejunando,
1728 551 1785 553 Ἰ
1804 551 1948 606 libro
1975 551 2102 605 νὴεὲ
2122 551 2322 622 dum“
2352 551 2610 605 adscribi-
2643 553 2767 606 P91"

95 658 380 724 redeamus,
437 673 550 727 per
609 657 898 713 Christum
936 659 1240 715 Dominum
1283 666 1559 718 nostrum.
1603 665 1709 716 Per

161 766 263 805 em.

161 767 263 805 em.

97 767 158 821 qu
404 820 591 875 XXIII.
633 836 760 876 Iri-zu
798 836 918 877 ΑιιΑ
960 838 1119 878 mssa
1154 839 1370 878 mrsu.

153 913 304 982 Deus,
334 912 438 983 qui
464 911 758 984 profundo
784 914 1016 968 consilio
1043 915 1440 986 prospiciendo
1460 917 1707 972 mortali-

98 1007 202 1073 bus,
246 1009 435 1060 sancta
486 1004 791 1061 instituisti
825 1007 1068 1077 jejuuia,
1115 1008 1320 1078 quibus
1367 1009 1530 1064 corda
1581 1010 1702 1064 lau-

99 1097 366 1170 guentium
393 1097 710 1154 salubriter
736 1104 1090 1169 curarentur,
1112 1104 1175 1154 tu
1193 1101 1440 1156 animam
1458 1107 1706 1157 nostram

98 1206 383 1261 corpusque
417 1191 691 1261 castiﬁca,
728 1192 979 1263 corporis
998 1193 1318 1264 animaeque
1356 1194 1620 1264 Salvator,
1651 1200 1706 1250 et

99 1290 297 1339 (eterna:
325 1281 617 1338 felicitatis
640 1283 890 1355 benigne
920 1285 1195 1356 Largitor.
1227 1288 1331 1341 Per
1357 1292 1579 1344 coaster.

625 1375 878 1426 Collectio
909 1377 1159 1440 sequitur.

157 1456 310 1525 Deus,
335 1455 458 1527 qui,
497 1455 572 1509 ob
602 1455 931 1511 animarum
960 1457 1262 1524 medelam,
1293 1458 1498 1529 jejunii
1533 1459 1702 1514 devo-

99 1549 224 1602 tione
251 1547 511 1618 castigari
531 1563 778 1619 corpora
800 1549 1141 1620 prmcepisti,
1180 1551 1441 1613 concede,
1478 1567 1702 1622 quaesu-

100 1657 207 1694 mus
227 1644 287 1695 ut
311 1639 481 1694 corda
505 1644 708 1694 nostra
748 1639 941 1712 232
982 1641 1058 1695 ita
1082 1641 1306 1712 pietatis
1332 1647 1445 1696 tua:
1486 1643 1706 1698 valeant

101 1749 334 1788 exemere
384 1731 682 1799 mandata,
733 1737 1012 1803 quatenus
1055 1733 1125 1787 ab
1172 1733 1433 1788 omnibus
1484 1750 1706 1806 semper

100 1825 350 1896 possimus
375 1824 666 1879 abstinere
689 1824 953 1894 peccatis.
993 1825 1098 1879 Per
1123 1826 1423 1881 Dominum
1447 1831 1704 1881 nostrum
1723 1835 1780 1906 B

103 1919 284 1972 Iesum.

559 1985 816 2036 Collectio
849 1989 968 2050 post
996 1985 1225 2036 nomina.

161 2067 398 2122 Defensio
414 2071 533 2136 tua,
560 2067 826 2136 Domine,
845 2083 1192 2138 quaesumus,
1211 2067 1277 2122 ad
1285 2067 1355 2122 sit
1370 2065 1702 2133 humilibus,

106 2165 150 2213 et
164 2159 364 2231 jugiter
386 2163 659 2236 protegat
687 2159 748 2213 in
776 2164 875 2214 tua
903 2159 1284 2214 misericordia
1321 2159 1664 2214 conﬁdentes
1688 2201 1702 2228 ,

107 2251 420 2320 necessariis,
448 2253 510 2306 in
556 2251 771 2324 quibus
804 2252 1024 2323 indiget
1060 2253 1310 2306 humana
1349 2252 1610 2322 conditio,
1653 2256 1708 2306 et

105 2345 512 2399 immortalitatis
542 2345 699 2399 dona
739 2344 1068 2415 praeveniat,
1110 2349 1166 2400 et
1205 2345 1562 2400 offerentium
1601 2361 1704 2398 no-

109 2437 239 2491 mina
268 2438 496 2493 recitata
534 2437 750 2492 caelesti
777 2437 1156 2509 chirographo
1193 2437 1252 2492 in
1288 2437 1432 2492 libro
1464 2437 1590 2492 vita:
1608 2437 1706 2507 ju-

108 2529 217 2584 beas
241 2529 496 2585 adscribi.
529 2532 664 2584 Per.

596 2621 856 2671 Collectio
889 2621 955 2670 ad
988 2633 1191 2685 pacem.

169 2703 306 2772 Vide,
333 2717 691 2773 quaesumus,
719 2700 977 2770 Domine,
1007 2700 1394 2754 inﬁrmitatem
1431 2703 1675 2754 nostram
1692 2739 1706 2765 ,

111 2800 154 2849 et
188 2795 241 2849 in
275 2795 478 2866 jejunii
515 2794 827 2849 afﬂictione
864 2791 1062 2864 positis
1099 2791 1275 2846 celeri
1307 2791 1468 2845 nobis
1506 2791 1709 2862 pietate

111 2903 358 2955 succurre,
386 2891 454 2942 ut
477 2887 550 2942 ad
576 2901 830 2957 superna
853 2901 1189 2950 crescamus,
1223 2889 1278 2938 et
1303 2884 1577 2938 sinceram
1603 2900 1705 2936 no-

112 2977 180 3033 bis
200 2979 396 3035 tribuas
418 2995 646 3050 pacem.
679 2979 806 3033 Per.

644 3069 938 3120 Immolatio
970 3069 1158 3118 missae.

170 3151 393 3222 Dignum
417 3156 474 3206 et
494 3151 726 3222 justum
753 3154 964 3204 estnos
991 3148 1094 3202 tibi
1119 3148 1211 3202 hic
1236 3153 1293 3204 et
1329 3148 1542 3221 ubique
1581 3165 1708 3220 gra-

113 3243 196 3296 tias
212 3261 388 3315 agere,
411 3243 659 3298 Domine
685 3246 894 3312 sancte,
925 3243 1087 3296 Pater
1100 3241 1476 3312 omnipotens,
1505 3247 1712 3296 mterne

115 3335 254 3402 Deus,
283 3342 337 3391 et
360 3335 462 3392 tibi
487 3334 842 3390 sanctiﬁcare
861 3334 1171 3405 jejunium,
1197 3335 1347 3406 quod
1375 3351 1476 3389 nos
1500 3335 1570 3388 ad
1589 3334 1712 3388 ani-

114 3445 308 3484 marum
333 3429 616 3484 medelam
635 3432 697 3484 et
713 3427 1141 3498 castigationem
1169 3443 1470 3498 corporum
1497 3443 1715 3482 servare

116 3519 324 3576 docuisti
347 3539 362 3576 :
387 3521 522 3593 quia
548 3519 828 3577 restrictis
851 3519 1178 3590 corporibus
1203 3519 1407 3574 animae
1451 3519 1713 3590 saginan-

97 3603 218 3681 'tur;
247 3615 379 3668 etin
403 3631 518 3685 quo
559 3611 814 3668 exterior
855 3612 1027 3666 homo
1067 3617 1258 3666 noster
1290 3611 1596 3683 adfligitur,
1627 3611 1714 3665 di-

119 3704 298 3760 letatur
319 3707 575 3762 interior.
622 3706 929 3772 Memento,
967 3704 1226 3773 Domine,
1266 3704 1325 3758 in
1364 3704 1470 3758 hoc
1499 3703 1717 3774 jejunio

120 3803 282 3852 nostro
303 3799 742 3854 miserationum
767 3801 1016 3866 tuarum,
1046 3813 1188 3876 quas
1215 3796 1598 3867 peccatoribus
1627 3796 1717 3867 pie

121 3904 312 3962 semper
327 3891 725 3962 jejunantibus
749 3889 1053 3958 contulisti,
1084 3895 1276 3944 utnon
1300 3890 1481 3944 solum
1506 3906 1538 3943 a
1563 3888 1716 3957 cibis,

123 3983 200 4036 sed
217 4000 246 4036 a
267 3985 504 4054 peccatis
521 3983 794 4040 omnibus
814 3983 1178 4051 abstinentes,
1205 3985 1362 4052 grato
1381 3981 1482 4036 tibi
1498 3981 1720 4052 jejunio

123 4075 428 4145 placeamus,
453 4078 513 4132 in
527 4094 647 4150 quo
667 4092 784 4131 non
803 4075 1167 4130 inveniantur
1186 4075 1502 4129 voluntates
1514 4079 1720 4128 nostra:

123 4183 149 4221 ει
170 4174 254 4223 tua
284 4171 570 4226 voluntate
596 4169 924 4240 dissimiles,
956 4184 1062 4240 per
1107 4167 1393 4223 Christum
1420 4167 1722 4222 Dominum

124 4266 370 4320 nostrum.
399 4267 546 4320 Ante
575 4263 764 4334 cujus.
1564 4259 1570 4266 ’

508 4361 688 4416 XXIV.
739 4375 862 4415 [rem
902 4375 1060 4415 mssa
1099 4374 1316 4415 unum.

181 4450 528 4524 Omnipotens
569 4453 920 4524 sempiterne
965 4454 1130 4522 Deus,
1177 4452 1277 4522 qui
1317 4450 1394 4505 sic
1434 4448 1724 4505 hominem

128 4544 412 4613 condidisti,
468 4551 534 4602 ut
595 4545 931 4615 meliorem,

129 4643 483 4707 competenter
509 4639 875 4708 instructum,
904 4639 975 4693 ad
1012 4637 1256 4692 casiestia
1284 4637 1431 4692 dona
1452 4635 1721 4707 provehe-

131 4743 220 4796 res,
245 4737 459 4802 praesta,
490 4747 845 4804 qumsumus,
873 4735 940 4786 ut
966 4731 1108 4786 sicut
1145 4747 1250 4799 per
1282 4728 1526 4784 inlicitos
1551 4743 1722 4799 appe-

130 4819 244 4875 titus
269 4823 334 4878 de
356 4824 577 4880 indulta
611 4823 978 4880 beatitudinis
1013 4823 1247 4895 regione
1282 4821 1611 4886 decidimus,
1651 4820 1728 4874 sic

132 4927 217 4981 per
241 4915 498 4973 alimonia
531 4922 634 4973 tuo
675 4927 914 4972 munere
953 4915 1270 4984 distributa,
1311 4919 1368 4970 et
1411 4913 1730 4969 transitoria

133 5011 444 5066 sustentetur
472 5010 827 5078 humanitas,
854 5014 912 5066 et
935 5010 1140 5065 amissa
1174 5012 1468 5080 reparetur
1504 5007 1728 5064 interni-

133 5100 219 5153 tas.
244 5101 359 5157 Per.

789 5171 1058 5224 Collectio.

195 5247 410 5324 Semper
453 5269 580 5322 nos,
641 5253 900 5321 Domine,
967 5267 1315 5324 quaesumus,
1391 5245 1735 5306 continentia

137 5341 365 5400 salutaris
403 5347 650 5417 erudiat,
688 5363 821 5418 qum
863 5349 920 5402 et
957 5362 1059 5402 nos
1077 5345 1300 5416 jejunio
1325 5344 1571 5400 intentos
1611 5343 1733 5398 efﬁ-

140 5433 231 5489 ciat
253 5439 524 5512 puriores,
552 5443 612 5496 et
638 5443 735 5494 tua
759 5438 922 5494 nobis
947 5439 1098 5494 dona
1123 5437 1401 5494 conciliet.
1433 5439 1556 5492 Per.

603 5531 853 5582 Gollectio
879 5535 998 5595 post
1023 5531 1252 5582 nomine.

199 5607 306 5664 Tua
343 5627 462 5681 nos,
501 5612 768 5679 Domine,
798 5611 980 5684 gratia
1019 5617 1077 5667 et
1109 5611 1313 5666 sanctis
1351 5613 1608 5665 exerceat
1642 5624 1737 5664 ve-

2325 659 2574 708 Collectio
2603 659 2669 708 ad
2693 673 2894 723 pacem.

1876 749 2079 803 Praesta
2104 748 2284 816 nobis,
2313 747 2669 818 omnipotens
2697 750 2862 817 Deus,
2908 754 2973 804 ut
3013 750 3146 820 quia
3182 750 3328 806 vitiis
3367 757 3424 808 et

1804 840 1994 895 litibus
2019 841 2269 911 subjaeet
2292 845 2482 894 nostra
2501 841 2831 908 mortalitas,
2857 845 2972 912 tua,
2996 859 3098 912 per
3121 846 3422 914 praesentia

1795 937 2014 1008 jejunis.
2038 954 2140 992 nos
2165 937 2445 993 medicina
2474 935 2666 1010 233
2691 939 2951 1010 puriﬁcet
2991 955 3093 1010 per
3135 941 3422 998 caritatem

1804 1030 2100 1085 sinceram.
2130 1031 2236 1084 Per
2261 1030 2584 1084 Dominum.

2456 1138 2762 1189 Immolatio.

1875 1228 2122 1299 Dignum
2167 1233 2222 1282 et
2252 1228 2472 1298 justum
2515 1233 2600 1282 est
2655 1233 2711 1282 te
2749 1231 3033 1284 auctorem
3073 1233 3131 1284 et
3172 1232 3419 1286 sanctiﬁ-

1803 1325 2050 1376 catorem
2071 1319 2276 1392 jejunii
2315 1320 2650 1374 conlaudare
2693 1337 2796 1391 per
2829 1321 2980 1391 quod
3017 1339 3118 1376 nos
3153 1323 3357 1378 liberas
3389 1343 3423 1380 a

1801 1419 2124 1468 nostrorum
2152 1413 2353 1468 debitis
2377 1417 2755 1484 peccatorum.
2781 1414 2925 1484 Ergo
2945 1415 3160 1486 suscipe
3181 1415 3422 1472 clemens

1794 1505 2180 1577 jejunantium
2208 1521 2430 1576 preces;
2458 1509 2626 1575 atque
2663 1511 2728 1560 ut
2763 1523 2864 1560 nos
2901 1523 2934 1559 a
2970 1507 3135 1561 malis
3161 1509 3422 1564 omnibus

1800 1599 2132 1668 propitiatus
2157 1597 2381 1668 eripias,
2413 1597 2738 1668 iniquitates
2776 1603 3011 1668 nostras,
3039 1599 3247 1670 quibus
3265 1601 3420 1671 juste

1801 1689 2143 1760 adﬂigimur,
2179 1705 2463 1760 rogamus,
2499 1689 2740 1744 absolve.
2781 1692 2885 1746 Per
2910 1692 3197 1746 Christum
3226 1693 3415 1748 Domi-

1801 1799 1941 1838 num
1977 1786 2255 1836 nostrum.

2263 1895 2440 1944 Oratio
2457 1898 2571 1958 post
2604 1897 2818 1946 Sanctus
2854 1899 2906 1946 in
2929 1899 3080 1959 Quat.

1863 1979 2000 2045 Deus
2013 1992 2188 2045 rerum
2201 1979 2432 2045 omnium
2450 1979 2684 2045 conditor
2701 1983 2852 2042 atque
2874 1985 3097 2045 creator,
3111 1983 3200 2045 qni
3217 1997 3350 2033 unus
3370 1984 3422 2033 in

1801 2040 2050 2108 trinitate,
2075 2044 2126 2108 et
2141 2040 2315 2108 _trinus
2335 2041 2604 2108 in_unitate
2627 2040 2957 2102 cognosceris
2976 2057 2991 2103 ;
3013 2040 3161 2107 cujus
3175 2046 3427 2108 magnitu-

1804 2101 1985 2168 dinem
2003 2101 2250 2168 deﬁciens
2278 2106 2354 2150 est
2376 2102 2550 2168 lingua
2576 2101 2806 2168 humana
2838 2101 3048 2168 narrare
3072 2101 3094 2165 ξ
3131 2101 3291 2168 ῳωῶ
3315 2108 3424 2156 sine

1805 2163 2090 2212 cessatione
2108 2163 2430 2224 proclamant
2443 2163 2612 2224 angeli
2631 2163 2861 2212 Sanctus.
2877 2164 2998 2212 Ideo
3013 2163 3109 2214 nes
3125 2163 3324 2216 minimi
3345 2168 3418 2217 fa-

1806 2225 1932 2288 muli
1951 2224 2044 2286 tui,
2067 2223 2157 2272 ore
2190 2223 2647 2288 quidem‘iudigno
2676 2238 2782 2274 non
2809 2229 2914 2274 tres
2952 2227 3184 2288 Sanctos,
3225 2229 3314 2277 sed
3346 2234 3426 2278 ter

1803 2285 2022 2335 Sanctus
2037 2285 2298 2348 praeconio
2313 2285 2455 2334 vocis
2466 2286 2746 2348 attolimus,
2769 2290 2824 2336 ut
2845 2300 2962 2336 cum
2977 2302 3104 2338 sono
3117 2285 3427 2340 modulami-

1803 2361 1930 2415 num
1957 2347 2304 2415 proclametur
2330 2350 2428 2415 ter_
2441 2347 2659 2415 repetita
2679 2347 2922 2398 laudatio.
2957 2350 3031 2398 0b
3061 2349 3160 2398 hoc
3182 2351 3426 2415 pietatem

1804 2413 1966 2469 tuam,
1991 2409 2368 2473 clementissme
2394 2408 2630 2473 Domine,
2669 2422 2959 2473 exoramus,
2997 2408 3424 2473 optata'tribuas,

1805 2473 2081 2536 przpsumta
2106 2468 2472 2536 indulgeasqut
2489 2469 2690 2518 detersa
2721 2471 2860 2520 nube
2889 2468 3268 2536 peccaminum,
3297 2468 3426 2536 pura

1807 2535 1861 2640 pl
1877 2531 2038 2641 labere
2062 2531 2376 2642 EOptscientia
2391 2533 2530 2579 tuam
2549 2543 2840 2581 mereamur
2858 2531 3280 2596 omnipotentiam
3297 2531 3424 2585 con-

1827 2607 1891 2642 au
1929 2606 2035 2642 are.
2101 2607 2131 2641 a
2175 2627 2188 2642 .

1827 2606 2015 2642 811081⁸8
2023 2628 2035 2640 .
2067 2606 2188 2642 δαιι.

2231 2705 2376 2758 XXV.
2417 2721 2541 2760 mm
2587 2721 2742 2760 mssa
2779 2723 2994 2762 Jmlrxn.

1878 2821 2148 2887 Concede,
2203 2836 2546 2892 quaesumus,
2603 2821 2834 2876 Domine
2888 2823 3036 2878 Deus
3089 2827 3299 2893 noster,
3358 2828 3425 2880 ut

1809 2913 1960 2986 quod
2001 2912 2161 2967 nobis
2207 2913 2275 2967 de
2315 2913 2593 2967 alimoniis
2637 2913 2706 2968 ob
2759 2916 3193 2970 macerationem
3241 2917 3425 2971 carnis

1811 3004 2192 3060 subtrahimus
2209 3003 2539 3075 jejunando,
2555 3005 2841 3062 voluntate
2867 3023 2901 3060 a
2927 3011 2980 3063 te
3007 3007 3154 3077 data,
3179 3008 3425 3079 jocunde

1811 3098 2162 3152 conferamus
2189 3097 2528 3168 pauperibus
2556 3097 2850 3169 largiendo
2889 3099 3023 3170 quia
3058 3105 3194 3155 tunc
3222 3097 3428 3172 jejunii

1731 3186 1786 3260 ί]
1811 3190 2118 3245 observatio
2144 3189 2472 3260 probabitur
2506 3190 2807 3261 fructuosa,
2837 3191 2884 3246 si
2920 3197 2975 3247 et
3013 3193 3265 3264 corporis
3293 3209 3424 3248 sen-

1811 3284 1969 3338 sibus
2005 3299 2107 3354 per
2158 3282 2562 3338 continentiam
2601 3283 2868 3338 castitatis
2913 3301 3073 3340 mens
3121 3290 3310 3341 nostra
3355 3285 3427 3340 sit

1811 3376 2027 3448 purior,
2056 3379 2112 3429 et
2153 3374 2552 3428 conscientiam
2591 3375 2814 3445 pietatis
2851 3375 3134 3433 fmcundet
3174 3376 3429 3433 affectus.
3477 3438 3482 3442 ,

2363 3487 2610 3538 Collectio
2639 3489 2887 3552 sequitur.

1884 3580 1961 3633 Da
1997 3577 2178 3644 nobis,
2219 3577 2573 3647 omnipotens
2603 3579 2764 3646 Deus,
2794 3583 2859 3634 ut
2886 3578 3197 3649 jejunando
3224 3596 3258 3633 a
3299 3596 3423 3634 cor-

1813 3671 2094 3744 poralibus
2135 3669 2292 3738 escis,
2346 3669 2546 3740 spiritu
2581 3671 2843 3739 vegetati,
2886 3671 3155 3726 satiemur
3201 3671 3423 3740 robore,

1815 3769 1872 3820 et
1897 3762 2224 3818 abstinendo
2252 3762 2323 3814 ab
2356 3761 2638 3816 alimoniis
2663 3763 2984 3834 pariterque
3013 3763 3254 3831 delictis,
3283 3779 3427 3819 cun-

1816 3857 1916 3912 ctis
1943 3855 2300 3932 proﬁciamus
2325 3854 2384 3909 in
2425 3855 2628 3909 virtute
2655 3853 2908 3910 hostibus
2937 3855 3213 3912 fortiores.

2294 3963 2544 4014 Collectio
2577 3967 2695 4028 post
2716 3964 2944 4014 nomina.

1887 4058 2093 4112 Prazsta
2131 4055 2314 4123 nobis,
2346 4054 2601 4120 Domine,
2634 4070 2980 4126 quaesumus,
3013 4058 3125 4109 tuae
3152 4051 3430 4110 auxilium

1820 4151 2036 4223 gratim,
2081 4152 2146 4203 ut
2173 4146 2406 4218 jejuniis
2455 4152 2511 4201 et
2549 4147 2901 4202 orationibus
2945 4147 3340 4202 convenienter
3380 4153 3437 4202 et

1819 4245 2014 4298 devote
2051 4239 2274 4308 intenti,
2312 4238 2519 4294 mentis
2546 4244 2600 4294 et
2625 4239 2872 4310 corporis
2908 4256 2940 4292 a
2964 4239 3231 4294 vitiorum
3269 4239 3438 4294 hosti-

1817 4337 1923 4391 bus
1951 4335 2292 4401 liberemur;
2321 4331 2530 4402 quique
2559 4332 2628 4386 ad
2655 4331 2760 4386 hoc
2791 4348 2849 4386 es
2877 4331 3164 4402 jejunium
3189 4332 3322 4386 dare
3358 4331 3441 4386 di-

1823 4431 2044 4498 gnatus,
2075 4430 2140 4480 ut
2163 4425 2505 4479 abstinentia
2536 4429 2591 4478 et
2613 4423 2977 4492 castigatione
3013 4423 3288 4478 macerati
3313 4439 3435 4478 car-

991 4514 1395 4616 tembmjalibus
1441 4541 1724 4598 beneﬁciis
1742 4543 1801 4616 D
1823 4521 1954 4586 nali,
1985 4520 2043 4572 in
2067 4517 2178 4572 ﬁde
2213 4516 2567 4570 inveniamur
2589 4515 2760 4584 firmi,
2789 4519 2846 4568 et
2882 4515 2942 4568 in
2968 4514 3230 4585 operibus
3257 4515 3439 4570 efﬁca-

1825 4630 1932 4682 ces,
1961 4610 2178 4681 suscipe
2200 4609 2582 4680 jejunantium
2625 4623 2818 4678 preces
2850 4623 2981 4662 cum
3005 4606 3273 4662 libatione
3295 4623 3439 4678 prae-

1826 4705 1989 4773 senti,
2014 4701 2289 4758 defunctis
2315 4698 2695 4771 refrigerium,
2723 4698 3113 4771 superstitibus
3141 4698 3442 4770 indulgen-

1825 4799 1964 4853 tiam
1989 4797 2223 4864 donans,
2251 4809 2354 4864 per
2383 4809 2510 4848 eam
2537 4793 2789 4863 placatus
2811 4810 2828 4861 ;
2857 4797 2914 4848 et
2938 4792 3169 4848 nomina
3197 4805 3441 4863 quorum

1827 4895 1959 4946 sunt
1982 4889 2240 4944 distincte
2264 4890 2455 4942 vocata
2480 4886 2652 4957 ﬁgere
2681 4886 2740 4940 in
2767 4884 3070 4959 scriptione
3097 4883 3442 4956 sempiterna

1829 4983 2100 5056 digneris.

2343 5048 2590 5100 Colleclio
2624 5046 2688 5098 ad
2714 5060 2916 5111 pacem.

1901 5145 2204 5213 Acceptum
2227 5139 2329 5194 tibi
2361 5139 2454 5206 sit,
2484 5137 2742 5205 Domine,
2775 5150 3118 5207 quaesumus,
3146 5130 3252 5194 hoc
3281 5139 3451 5196 sacri-

1832 5234 2022 5291 ﬁcium
2061 5232 2268 5304 jejunii
2301 5230 2502 5299 nostri,
2553 5229 2703 5302 quod
2751 5227 3026 5300 expianda
3063 5246 3165 5286 nos
3203 5233 3449 5288 caritatis

1833 5329 1979 5384 dono
2020 5330 2134 5381 tuae
2179 5323 2346 5380 faciat
2383 5322 2715 5378 sinceritatis
2761 5339 3015 5394 capaces,
3065 5329 3120 5380 et
3172 5342 3275 5396 per
3326 5343 3450 5380 eam

1836 5421 2160 5492 conjunctos
2184 5417 2254 5472 ad
2273 5415 2545 5488 promissa
2577 5403 2919 5487 sempiterna
2947 5417 3246 5488 perducat;
3277 5419 3453 5474 cordi-

1835 5514 2050 5585 busque
2104 5510 2306 5567 nostris
2341 5507 2544 5581 jejunii
2591 5509 2986 5565 adtenuatione
3039 5509 3292 5580 intentis,
3351 5525 3453 5581 per

1835 5603 2084 5658 fraterna
2107 5601 2312 5667 oscula,
2341 5613 2543 5670 puram
2562 5601 2675 5652 tum
2703 5595 2895 5671 234
2917 5597 3229 5654 dilectionis
3253 5602 3309 5654 et
3326 5612 3453 5669 pro-
3499 5643 3510 5652 .

145 5698 364 5754 uerenda
414 5701 674 5775 jejuniis,
743 5706 800 5757 et
845 5699 1164 5757 caelestibus
1215 5697 1495 5774 mysteriis
1537 5697 1744 5754 efﬁciat
1839 5693 1978 5752 ximi
2005 5693 2296 5751 caritatem
2326 5691 2606 5764 benignus
2642 5690 2896 5760 infunde,
2928 5695 3048 5748 uta
3073 5689 3448 5760 terrenisjur-

205 5819 225 5842 ⁸
249 5821 369 5880 Haec
392 5824 450 5882 in
475 5825 872 5884 membranula
895 5824 1094 5883 litteris
1118 5823 1350 5881 minutis
1372 5824 1599 5881 inserta.
