3976 6420
471 368 574 424 263

1250 361 1583 420 APPENDIX
1621 363 1708 420 AD
1744 361 1964 420 OPERA
2001 359 2233 419 SANCTI
2271 359 2571 418 GERMANI
2613 355 3038 415 PARISIENSIS.

3755 357 3866 412 264

473 475 580 547 giis
604 474 690 530 vel
716 469 1038 530 lmsionibus
1064 487 1196 528 cum
1219 472 1558 528 abstinentia
1574 473 1945 546 quiescentes,
1969 487 2096 544 pro—
2118 483 2177 556 Α
2196 471 2462 526 catricum
2485 468 2748 524 morbida
2783 468 2910 524 tabe
2937 470 3238 540 corruptae,
3269 465 3615 524 reviviscant
3655 482 3732 522 ex
3759 469 3867 520 tua

472 568 700 641 pensius
737 567 976 623 caelestia
999 566 1362 623 meditemur.

1024 659 1315 710 Immolatio
1359 658 1548 710 missae.

542 734 789 804 Dignum
833 737 890 789 et
923 733 1143 806 justum
1187 740 1272 790 est
1314 751 1418 789 nos
1464 734 1568 790 tibi
1619 749 1840 804 semper
1887 731 2100 803 gratias

468 843 658 898 agere,
709 827 943 882 Domine
995 832 1206 897 sancte,
1251 830 1416 882 Pater
1469 826 1842 898 omnipotens,
1891 829 2101 880 aeterne

470 920 638 987 Deus,
688 924 755 975 ut
807 921 1105 976 modulum
1158 925 1396 976 terrenas
1442 919 1764 989 fragilitatis
1803 917 2098 990 aspiciens,

469 1029 587 1068 non
610 1013 673 1067 in
701 1013 788 1067 ira
812 1017 910 1068 tua
937 1029 1040 1084 pro
1074 1017 1265 1068 nostra
1289 1012 1568 1084 pravitate
1599 1028 1702 1066 nos
1728 1027 1972 1081 arguas;
2005 1009 2100 1064 sed

470 1106 752 1161 immensa
794 1105 1091 1161 clementia
1138 1104 1422 1176 puriﬁces,
1469 1104 1712 1174 erudias,
1762 1103 2096 1170 consoleris;

471 1198 605 1271 quia
630 1214 760 1253 cum
786 1197 904 1252 sine
945 1202 1001 1253 te
1027 1196 1174 1252 nihil
1199 1199 1481 1269 possimus
1505 1199 1689 1253 facere
1720 1197 1872 1268 quod
1898 1195 2001 1251 tibi
2033 1195 2103 1250 sit

470 1291 764 1364 placitum,
791 1296 891 1346 tua
917 1291 1082 1346 nobis
1112 1291 1290 1361 gratia
1327 1291 1443 1346 sola
1479 1290 1772 1362 praestabit
1793 1294 1859 1344 ut
1891 1288 2103 1344 salubri

472 1383 897 1439 conversatione
960 1384 1231 1454 vivamus,
1286 1400 1392 1456 per
1455 1383 1742 1438 Christum
1796 1381 2101 1436 Dominum

471 1481 750 1532 nostrum.
776 1477 884 1533 Per
909 1493 1082 1549 quem
1111 1477 1476 1548 Majestatem.

721 1586 893 1640 XXVI.
933 1601 1059 1640 mm
1097 1600 1258 1640 mssa
1297 1601 1349 1640 1N
1393 1599 1850 1647 QUADRAGINSIMA.

547 1677 784 1733 Domine
814 1678 976 1746 Deus,
1010 1677 1109 1749 qui
1151 1676 1375 1748 populis
1403 1677 1514 1732 tuis
1551 1681 1607 1732 et
1629 1677 1781 1747 juste
1825 1677 2100 1746 irasceris,

475 1775 532 1826 et
559 1771 864 1826 clementer
886 1770 1156 1842 ignoscis,
1185 1769 1394 1825 inclina
1413 1785 1609 1824 aurem
1638 1773 1798 1824 tuam
1823 1769 2106 1842 supplica-

2199 563 2436 620 interius
2461 561 2798 631 visitatione,
2829 561 2972 617 sicut
3015 561 3209 616 Lazari
3245 561 3464 618 viscera
3503 578 3540 616 a
3570 564 3682 617 tua
3724 559 3866 615 fue-

2200 656 2334 709 runt
2358 651 2606 707 animata
2631 667 2786 716 voce,
2820 650 3024 706 Salvat.

2749 749 2998 799 Collectio
3024 747 3274 812 sequitur.

2271 834 2421 888 Bone
2456 831 2803 902 Redemptor
2843 834 3034 886 noster
3074 829 3332 899 Domine,
3378 827 3480 901 qui
3505 831 3869 884 mansuetus

2199 927 2480 982 mansueti
2499 923 2757 979 animalis
2773 923 2929 978 aselli
2947 927 3108 994 terga
3126 923 3409 989 insedens,
3425 922 3497 977 ad
3514 921 3866 994 passionem

2199 1018 2605 1090 redemptionis
2630 1021 2839 1072 nostrae
2856 1021 3202 1088 spontaneus
3231 1015 3690 1088 adpropinquas,
3725 1029 3868 1069 cum

2199 1111 2303 1168 tibi
2329 1112 2500 1167 ramis
2528 1110 2776 1166 arboreis
2806 1110 3062 1165 certatim
3087 1109 3362 1164 sternitur
3391 1108 3503 1177 via,
3545 1113 3608 1163 et
3641 1105 3867 1162 trium-

2199 1205 2551 1278 phatricibus
2575 1203 2777 1275 palmis
2797 1219 2927 1258 cum
2944 1219 3078 1257 voce
3103 1202 3288 1256 laudis
3313 1201 3668 1268 occurritur,
3696 1216 3868 1272 qua:-

2201 1315 2397 1354 sumus
2423 1299 2762 1368 Majestatem
2788 1300 2948 1351 tuam
2972 1295 3242 1364 divinam,
3271 1299 3338 1350 ut
3363 1295 3480 1350 oris
3508 1293 3702 1349 nostri
3726 1309 3872 1348 con-

2200 1392 2500 1448 fessionem
2546 1395 2716 1462 atque
2743 1389 3000 1462 corporis
3029 1389 3088 1443 in
3111 1387 3347 1460 jejuniis
3377 1385 3870 1442 humiliationem

2200 1485 2382 1539 libens
2422 1484 2712 1554 suscipias,
2750 1487 2807 1538 et
2847 1483 3092 1537 fructum
3135 1497 3240 1536 nos
3284 1480 3598 1536 viriditatis
3642 1479 3870 1534 habere

2201 1578 2507 1633 concedas:
2535 1581 2601 1632 ut
2625 1576 2770 1630 sicut
2807 1576 2888 1630 illi
2912 1577 2971 1630 in
2997 1579 3094 1630 tua
3119 1575 3352 1630 fuerunt
3381 1573 3549 1628 obvia
3595 1590 3740 1629 cum
3771 1589 3872 1628 ar-

2200 1669 2388 1726 boreis
2413 1669 2588 1740 virgis
2616 1669 2845 1740 egressi,
2876 1669 2953 1722 ita
2978 1685 3099 1736 nos,
3129 1673 3184 1723 te
3213 1668 3489 1723 redeunte
3516 1666 3583 1721 in
3605 1665 3876 1722 secundo

2203 1763 2464 1826 adventu,
2495 1779 2625 1817 cum
2662 1761 2868 1834 palmis
2897 1761 3146 1816 victoriae
3177 1776 3508 1817 mereamur
3547 1773 3875 1816 occurrere

473 1864 721 1920 tionibus
749 1841 972 1929 nostris,
1002 1867 1068 1918 ut
1094 1863 1193 1935 qui
1223 1868 1278 1918 te
1307 1862 1366 1917 in
1398 1863 1476 1934 jej
1487 1862 1753 1918 uniorum
1779 1841 2105 1918 nostrorum
2124 1841 2181 1914 B
2203 1856 2335 1923 lati,
2366 1856 2621 1912 Salvator
2644 1855 2866 1909 mundi.

476 1961 863 2018 observatione
904 1961 1035 2016 totis
1081 1959 1336 2016 sensibus
1383 1960 1736 2028 conﬁtemur,
1788 1978 1904 2016 non
1944 1960 2102 2032 judi-

477 2055 632 2110 cium
661 2058 846 2121 tuum,
879 2053 976 2108 sed
1007 2052 1415 2123 indulgentiam
1441 2053 1766 2109 sentiamus.
1797 2056 1923 2110 Per.

1031 2144 1279 2194 Collectio
1309 2145 1555 2208 sequitur.

551 2218 749 2275 Oblata
773 2235 1014 2274 munera
1047 2219 1402 2290 superposita
1433 2219 1635 2274 altario
1676 2224 1796 2290 tuo,
1847 2219 2103 2288 Domine,

481 2313 831 2368 sanctiﬁcare
875 2312 1144 2382 dignare;
1193 2316 1249 2366 et
1291 2327 1394 2383 per
1436 2328 1502 2367 ea
1551 2313 1828 2384 placatus,
1883 2317 2108 2384 peccata

479 2411 692 2475 nostra,
721 2422 1069 2478 quaesumus,
1100 2405 1159 2458 in
1185 2403 1276 2460 die
1295 2405 1501 2476 jejunii
1523 2407 1721 2476 nostri,
1752 2421 1971 2460 memor
1995 2407 2105 2460 hu-

477 2516 664 2554 manae
693 2499 1038 2554 conditionis
1061 2498 1316 2567 absolve;
1351 2503 1406 2553 et
1427 2499 1696 2571 quicquid
1724 2515 1921 2554 eorum
1949 2498 2111 2554 retri-

477 2591 710 2647 butione
737 2607 1029 2648 meremur
1052 2596 1260 2647 averte.
1289 2593 1396 2646 Per
1423 2591 1730 2646 Dominum
1752 2596 2034 2647 nostrum.

1099 2689 1223 2737 Post
1257 2687 1490 2738 nomina.

552 2764 698 2819 Deus
731 2763 1012 2818 bonarum
1048 2763 1334 2816 actionum
1361 2766 1418 2816 et
1446 2761 1752 2833 inspirator
1794 2768 1850 2817 et
1894 2763 2107 2829 doctor,

480 2859 582 2928 qui
605 2857 915 2928 voluptates
951 2871 1052 2927 per
1079 2854 1328 2909 inediam
1347 2853 1557 2925 jejunii
1584 2857 1889 2926 corporalis
1915 2856 2107 2910 restri-

480 2953 616 3019 ctas,
643 2948 998 3019 agnitionem
1036 2951 1198 3003 tuam
1242 2947 1447 3001 nostris
1489 2947 1749 3002 cordibus
1791 2949 2009 3018 tribuis,
2041 2949 2112 3003 da

481 3041 644 3097 nobis
691 3041 843 3110 ﬁdei,
901 3041 1022 3111 spei
1067 3045 1124 3095 et
1177 3039 1424 3094 caritatis
1464 3046 1858 3110 augmentum,
1901 3047 1966 3096 ut
2011 3058 2113 3113 per

481 3133 983 3189 sanctiﬁcationem
1002 3131 1208 3204 jejunii
1238 3137 1401 3187 tuum
1427 3131 1487 3186 in
1513 3132 1674 3186 nobis
1701 3133 1773 3188 sit
1811 3133 2108 3204 templum,

482 3227 638 3300 quod
675 3227 914 3298 praemio
958 3226 1059 3280 flat
1085 3229 1398 3294 aeternum;
1430 3229 1486 3280 et
1523 3226 1754 3281 nomina
1792 3243 1919 3299 quae
1945 3244 2108 3282 voca-
2132 3205 2186 3279 C

482 3320 747 3375 bulorum
798 3322 931 3374 sunt
972 3335 1076 3390 pro
1117 3318 1374 3374 aetatibus
1425 3323 1736 3375 memorata
1784 3321 2112 3376 aeternitatis

483 3412 646 3468 titulo
667 3413 868 3484 jubeas
893 3411 1250 3484 prazsignari.

1134 3508 1212 3560 Ad
1257 3521 1460 3572 pacem.

554 3583 923 3656 Omnipotens
971 3587 1028 3638 et
1074 3583 1394 3639 misericors
1443 3585 1611 3650 Deus,
1665 3584 1868 3639 exaudi
1917 3600 2110 3656 preces

475 3676 859 3750 jejunantium
896 3677 1193 3749 supplices,
1227 3682 1283 3732 et
1306 3676 1702 3733 misericordiae
1738 3683 1852 3732 tuae
1880 3693 2108 3747 munus,

482 3771 638 3826 omni
681 3776 932 3828 cessante
961 3770 1364 3841 fraudulentia,
1404 3769 1680 3842 propitius
1723 3771 2012 3842 impende,
2047 3776 2113 3826 ut

481 3880 586 3936 per
604 3864 1059 3935 conjunctionem
1074 3862 1251 3935 pacis,
1274 3879 1442 3918 omne
1464 3863 1749 3918 simultate
1768 3880 2107 3935 compressa,

484 3955 696 4011 securis
721 3955 825 4011 tibi
849 3955 1138 4012 mentibus
1167 3955 1498 4010 serviamus.
1527 3957 1651 4011 Per.

1041 4047 1334 4097 Immolatio
1372 4047 1560 4097 missa.

557 4121 696 4176 Vere
737 4119 976 4191 dignum
1025 4123 1082 4175 et
1115 4119 1336 4191 justum
1383 4126 1467 4176 est
1511 4137 1618 4176 nos
1655 4121 1758 4176 tibi
1807 4127 1863 4178 et
1905 4122 2112 4196 ubique

487 4215 695 4288 gratias
745 4230 934 4284 agere,
979 4212 1336 4284 omnipotens
1385 4213 1729 4286 sempiterna
1782 4216 1948 4272 Deus.
2005 4217 2111 4281 Qui

478 4311 632 4384 juste
673 4311 931 4382 corrigis,
974 4315 1031 4366 et
1067 4311 1372 4367 clementer
1411 4311 1672 4384 ignoscis,
1709 4313 1770 4368 in
1803 4319 2112 4386 utrumque

483 4409 802 4466 misericors
832 4427 846 4465 :
871 4410 1004 4482 quia
1032 4426 1138 4465 nos
1165 4427 1230 4466 ea
1258 4411 1384 4482 lege
1409 4411 1682 4482 disponis,
1715 4417 1780 4467 ut
1807 4413 2112 4468 coercendo

484 4501 670 4576 perire
693 4520 810 4559 non
853 4503 1006 4558 sinas
1033 4503 1094 4558 in
1121 4508 1419 4575 aeternum,
1462 4509 1518 4560 et
1561 4505 1843 4576 parcendo
1868 4506 2111 4578 spatium

483 4595 700 4653 tribuas
723 4596 1063 4669 corrigendi.
1095 4599 1204 4652 Per
1225 4597 1534 4654 Christum.

694 4705 893 4759 XXVII.
933 4720 1093 4761 mssa
1130 4702 1156 4732 ⁸
1195 4721 1248 4761 1s
1287 4721 1518 4762 srmnuu
1556 4722 1895 4763 mammosa.

558 4793 752 4869 235
785 4797 848 4851 In
889 4797 1142 4868 geminas
1169 4802 1357 4869 partes
1385 4799 1539 4854 diem
1562 4799 1714 4854 hunc
1744 4799 2112 4855 excolendum

484 4889 898 4962 complectitur,
916 4889 1168 4961 Domine,
1187 4896 1392 4946 nostrae
1403 4892 1686 4948 servitutis
1699 4891 2012 4960 famulatio,
2026 4893 2111 4948 vel

484 4981 581 5054 dej
589 4980 766 5054 ejunii
785 4983 938 5038 cultu
955 4989 1194 5054 sacrato,
1209 4986 1296 5040 vel
1315 4985 1384 5041 de
1404 4985 1724 5056 insignibus
1735 4985 1847 5040 tuis
1867 5002 1992 5057 quae
2006 4987 2109 5041 ho-

484 5075 576 5130 die
604 5076 904 5146 fulserunt,
940 5077 1294 5134 mirabilibus
1322 5096 1336 5133 :
1377 5094 1492 5150 quo
1532 5079 1805 5134 Lazarum
1840 5079 2112 5135 reduxisti

481 5172 611 5241 post
622 5172 851 5239 tartara,
868 5186 996 5225 cum
1008 5171 1080 5227 ad
1093 5188 1286 5228 vocem
1299 5175 1459 5226 tuam
1473 5172 1826 5228 intonantem
1847 5173 2108 5244 exsilivit,

483 5267 542 5317 et
556 5262 916 5334 quatriduani
930 5263 1055 5335 jam
1069 5264 1316 5321 foetentis
1327 5265 1497 5320 funus
1509 5265 1796 5321 viviﬁcans
1817 5265 2080 5322 animasti
2093 5283 2107 5322 :

481 5354 572 5410 vel
629 5355 822 5424 etiam,
871 5373 1036 5412 causa
1078 5359 1340 5414 miraculi
1395 5359 1796 5430 obstupefacta,
1840 5361 2112 5431 plaudens

484 5447 652 5504 turba
666 5449 936 5504 Bethania
951 5453 1198 5508 occurrit
1218 5469 1348 5508 cum
1366 5451 1567 5523 palmis
1585 5453 1688 5506 tibi
1705 5453 1929 5509 obviam
1945 5455 2108 5527 Regi.

481 5541 695 5598 Exaudi
717 5558 820 5598 nos
848 5543 908 5599 in
939 5543 1045 5600 hoc
1082 5544 1368 5615 geminato
1393 5543 1678 5599 servitutis
1701 5551 1908 5602 nostra:
1946 5548 2108 5602 obse-

479 5635 635 5708 quio,
662 5641 718 5691 et
744 5643 947 5708 praesta
978 5637 1259 5710 propitius
1283 5641 1453 5709 atque
1497 5636 1770 5706 placatus,
1801 5644 1866 5694 ut
1908 5642 2112 5696 animm

481 5733 688 5786 nostra:
706 5746 834 5802 quin
859 5731 1084 5786 tumulo
1104 5732 1238 5784 sunt
1253 5733 1618 5801 peccatorum
1642 5731 1934 5803 conclusae,
1959 5738 2015 5790 et
2038 5735 2113 5791 ci-

2694 1951 2946 2002 Collectio
2971 1955 3090 2016 post
3111 1952 3346 2002 nomina.

2274 2035 2431 2104 Ecce,
2459 2033 2719 2101 Domine,
2749 2033 2817 2087 de
2843 2037 2898 2088 te
2925 2032 3152 2104 Caiphae
3177 2031 3463 2104 pontiﬁcis
3489 2031 3872 2100 vaticinium,

2205 2127 2470 2198 ignarum
2495 2125 2597 2180 sibi
2627 2125 2754 2196 ipsi,
2782 2125 2843 2180 in
2878 2125 3102 2197 populis
3135 2130 3217 2180 est
3241 2125 3576 2196 probatum,
3609 2129 3682 2179 ut
3711 2139 3877 2178 unus

2208 2219 2568 2274 occumberes
2604 2235 2709 2290 pro
2738 2223 2924 2290 gente,
2947 2234 3020 2273 ne
3049 2218 3238 2274 cuncti
3265 2219 3482 2290 pariter
3506 2217 3837 2272 interirent
3859 2235 3876 2285 ;

2207 2316 2263 2366 et
2296 2317 2356 2367 tu
2389 2311 2672 2382 singulare
2703 2327 2946 2382 granum
2967 2310 3028 2365 in
3057 2315 3210 2366 terra
3238 2311 3570 2376 morereris,
3601 2316 3673 2364 ut
3708 2325 3882 2381 seges

2207 2405 2455 2476 plurima
2464 2421 2632 2460 nasce
2641 2409 2810 2460 retur.
2835 2404 3130 2476 Supplices
3150 2403 3251 2458 tibi
3263 2403 3397 2476 ipsi,
3412 2403 3515 2475 qui
3526 2420 3639 2475 pro
3659 2403 3880 2458 mundi

2208 2499 2384 2553 salute
2427 2514 2485 2552 es
2512 2498 2703 2552 Hostia
2729 2514 2922 2566 caesus,
2961 2497 3356 2568 deprecamur,
3387 2501 3450 2551 ut
3484 2496 3664 2551 nobis
3699 2496 3778 2551 de
3825 2501 3881 2550 te

2207 2591 2328 2662 ipso
2355 2591 2575 2645 veniam
2601 2591 2793 2659 dones,
2825 2590 2926 2662 qui
2949 2594 3005 2644 te
3032 2590 3221 2660 ipsum
3241 2589 3497 2645 obtulisti
3528 2605 3644 2661 pro
3673 2589 3876 2643 nobis.

2209 2685 2276 2738 Et
2300 2683 2425 2753 hos,
2453 2700 2593 2755 quos
2633 2683 2888 2738 recitatio
2917 2682 3382 2738 commemoravit
3418 2686 3556 2738 ante
3598 2686 3882 2737 sanctum

2207 2776 2402 2846 altare,
2435 2777 2532 2847 qui
2559 2777 2618 2831 in
2644 2791 2843 2846 pacem
2864 2776 2985 2847 jam
3019 2780 3180 2830 tuam
3205 2776 3276 2830 ab
3312 2774 3403 2829 his
3443 2779 3582 2830 sunt
3619 2775 3882 2830 vinculis

2211 2869 2496 2940 corporeis
2533 2869 2810 2938 translati,
2851 2884 3200 2939 quaesumus,
3240 2867 3501 2938 Domine,
3532 2873 3603 2923 ut
3651 2873 3714 2924 te
3769 2869 3879 2922 ha-

2209 2963 2378 3016 beant
2415 2966 2758 3032 ereptorem,
2791 2977 2963 3031 quem
3000 2977 3105 3032 per
3128 2960 3480 3032 baptismum
3514 2965 3883 3045 meruerunt

2210 3055 2648 3126 Redemptorem
2673 3054 2900 3108 habere.
2930 3055 3035 3108 Sed
3065 3058 3122 3109 et
3149 3053 3196 3107 si
3221 3053 3318 3125 qui
3345 3053 3499 3108 inter
3526 3053 3643 3110 hos
3672 3059 3880 3110 astan-

2211 3152 2314 3214 tes,
2355 3147 2453 3219 qui
2493 3147 2560 3201 ad
2614 3146 2878 3218 baptismi
2928 3146 3188 3201 salutaris
3227 3151 3586 3202 sacramenta
3636 3163 3881 3219 pracpa-

2210 3245 2428 3310 rentur,
2459 3255 2808 3312 quaesumus,
2839 3239 3076 3294 Domine
3101 3240 3248 3294 Deus
3273 3244 3492 3309 noster,
3511 3243 3581 3294 ut
3610 3239 3883 3296 imbutos

2209 3332 2270 3388 in
2293 3332 2425 3402 ﬁde,
2456 3333 2759 3387 instructos
2786 3331 2845 3386 in
2863 3347 3052 3402 sensu,
3071 3333 3439 3387 conﬁrmatos
3465 3332 3526 3388 in
3555 3334 3786 3405 gratia,
3812 3335 3882 3388 ad

2209 3425 2628 3497 percipiendam
2680 3425 3093 3496 plenitudinem
3140 3425 3336 3496 gratim
3416 3429 3558 3496 tuae,
3621 3426 3884 3498 Spiritus

2211 3516 2404 3590 236
2434 3518 2516 3574 tui
2549 3535 2786 3574 munere
2816 3518 3016 3589 jubeas
3045 3518 3376 3590 praeparari,
3408 3523 3476 3574 ut
3499 3519 3696 3574 sancti
3720 3521 3883 3576 lava-

2209 3612 2291 3665 cri
2315 3611 2470 3666 fonte
2497 3613 2812 3667 desiderato
2839 3616 3165 3668 mereantur
3190 3612 3431 3667 renasci.
3462 3613 3659 3676 Quod.

2739 3709 2987 3760 Collectio
3011 3709 3076 3758 ad
3106 3723 3313 3773 pacem.

2283 3789 2683 3845 Universorum
2707 3790 2827 3862 ipse
2854 3790 3171 3845 dominator
3201 3790 3300 3862 qui
3327 3791 3615 3862 conditor,
3648 3800 3886 3850 creatu-

2209 3899 2287 3938 rae
2314 3888 2428 3938 tuae
2467 3887 2803 3954 prmstanter
2831 3883 3089 3938 amabilis
3124 3887 3180 3938 et
3221 3888 3464 3954 amator,
3498 3885 3598 3939 cui
3646 3887 3885 3944 Martha

2211 3977 2434 4047 satagit,
2461 3976 2636 4031 Maria
2654 3977 2824 4048 pedes
2851 3976 3048 4046 abluit,
3078 3993 3210 4032 cum
3235 3994 3350 4050 quo
3374 3957 3628 4034 Lazarus
3649 3981 3878 4037 redivi-

2211 4086 2313 4124 vus
2337 4069 2620 4124 accumbit
2647 4070 2783 4139 (tota
2805 4085 3011 4141 nempe
3037 4071 3238 4126 domus
3267 4075 3350 4126 est
3377 4071 3439 4126 in
3478 4075 3736 4146 amore),
3767 4092 3880 4131 an-

2211 4179 2322 4218 nue
2348 4163 2496 4234 plebi
2522 4169 2635 4218 tua:
2662 4163 2740 4218 ita
2756 4179 2814 4218 se
2839 4163 3146 4220 exercitare
3172 4180 3275 4235 per
3294 4165 3695 4238 dilectionem,
3729 4173 3802 4224 ut
3821 4170 3883 4224 in

2210 4261 2266 4311 te
2293 4257 2466 4327 possit
2490 4255 2650 4311 unita
2678 4272 2910 4312 manere
2938 4272 3044 4329 per
3070 4273 3289 4329 pacem.
3318 4257 3579 4314 Ministra
3609 4260 3676 4315 in
3702 4263 3883 4318 nobis

2211 4349 2334 4403 illas
2359 4349 2630 4420 lacrymas
2657 4366 2794 4422 quas
2835 4351 3004 4404 Maria
3042 4351 3111 4406 de
3148 4351 3330 4406 multa
3365 4351 3687 4410 dilectione
3729 4373 3881 4428 pro-

2211 4442 2370 4511 tulit;
2414 4442 2654 4513 ﬂagrare
2682 4443 2994 4498 orationem
3035 4448 3291 4500 nostram
3330 4444 3529 4515 facito,
3573 4448 3734 4504 sicut
3771 4466 3884 4505 un-

2131 4575 2192 4648 D
2216 4542 2492 4608 guentum
2515 4537 2800 4609 pisticum,
2823 4538 2991 4592 sacris
3018 4538 3225 4610 plantis
3241 4539 3524 4609 infusum,
3544 4542 3750 4599 Mariae
3779 4546 3883 4600 ﬂa-

2215 4630 2414 4701 gravit,
2436 4634 2502 4685 ut
2520 4646 2646 4685 eam
2661 4647 2858 4702 pacem
2878 4647 3292 4703 consequamur
3316 4649 3424 4704 per
3450 4636 3656 4690 oscula
3677 4645 3882 4694 nostra

2210 4723 2272 4778 in
2298 4723 2633 4778 alterutrum
2660 4729 2938 4796 porrecta,
2967 4741 3139 4796 quam
3165 4732 3520 4799 consequuta
3551 4734 3648 4785 est
3674 4733 3876 4800 Maria,

2211 4815 2298 4872 sui
2330 4817 2584 4872 osculans
2624 4817 3018 4889 Redemptoris
3054 4819 3310 4890 vestigia,
3341 4820 3610 4878 Salvator
3640 4827 3878 4882 mundi.

2762 4914 3052 4965 Immolatio
3084 4915 3274 4966 missas.

2278 4994 2419 5050 Vere
2446 4993 2685 5065 dignum
2710 4998 2767 5050 et
2783 4994 3000 5064 justum
3027 4999 3130 5066 est,
3163 4997 3286 5067 tibi,
3310 4997 3583 5072 Domine,
3613 5005 3695 5061 ab
3718 5011 3880 5066 omni

2210 5101 2370 5157 sexu,
2397 5089 2561 5158 aetate
2599 5091 2654 5142 et
2689 5103 2856 5142 sensu
2886 5087 3070 5144 dicere
3099 5089 3325 5146 laudem
3360 5091 3424 5148 in
3450 5093 3565 5150 hac
3594 5097 3699 5156 die
3719 5103 3879 5174 jeju-

2208 5179 2311 5249 nii,
2340 5184 2396 5235 et
2439 5179 2620 5235 laudis
2648 5184 2760 5235 tuae
2789 5181 3082 5254 trimphali
3115 5185 3426 5254 praeconio,
3459 5204 3584 5260 quo
3628 5193 3710 5249 ab
3758 5198 3883 5252 Hie.

2209 5273 2502 5344 rosolymis
2533 5277 2589 5328 et
2617 5274 2890 5330 Bethania
2921 5285 3288 5335 occurrerunt
3315 5280 3423 5336 tibi
3453 5283 3748 5354 plurima;
3774 5309 3878 5363 po-

2209 5367 2478 5438 pulorum
2503 5371 2759 5436 catervas,
2786 5384 2904 5424 una
2932 5385 3062 5425 voce
3089 5375 3517 5444 perstrepentes
3554 5396 3570 5434 :
3604 5381 3881 5441 Hosanna

2209 5457 2316 5512 Fili
2341 5459 2536 5530 David,
2577 5459 2906 5516 benedictus
2931 5462 3031 5534 qui
3056 5463 3212 5521 venit
3244 5465 3306 5520 in
3331 5469 3583 5528 nomine
3616 5475 3877 5535 Domini.

2209 5551 2332 5607 Tibi
2367 5553 2518 5608 enim
2561 5569 2693 5608 cum
2717 5553 2914 5626 lingua
2957 5571 3119 5610 coma
3160 5558 3390 5616 servivit
3425 5564 3712 5642 arborea,
3747 5589 3880 5628 cum

2209 5659 2442 5701 arenosa
2482 5647 2686 5702 itinera
2726 5649 2900 5702 ramis
2948 5648 3243 5707 viruerunt
3283 5659 3640 5728 composita.
3692 5667 3878 5723 Plebis

2209 5753 2433 5813 quoque
2447 5740 2847 5797 indumentum
2859 5741 2971 5798 tuis
2985 5743 3190 5816 plantis
3205 5747 3877 5836 sternitur,nudatisque

553 5873 576 5906 "
601 5875 710 5930 Pro
740 5872 1028 5928 Dominica
1055 5871 1116 5928 in
1144 5872 1367 5944 Palmis,
1399 5876 1464 5928 ut
1494 5876 1722 5931 notatur
1754 5876 1814 5934 in
1841 5879 1938 5938 lib.
1969 5897 2010 5936 ιι
2033 5882 2104 5937 ad
2140 5881 2292 5940 hunc
2317 5884 2487 5955 diem,
2518 5890 2574 5943 et
2600 5885 2836 5943 inferius
2862 5887 2922 5944 in
2948 5888 3151 5946 Missali
3176 5889 3490 5956 Gallicana.
