3976 6428
134 376 216 427 265

1159 373 1246 429 DE
1283 372 1592 432 LITURGIA
1626 371 1992 434 GALLICANA
2030 373 2224 435 LIBER
2259 380 2348 436 III.

3317 383 3417 440 266

131 477 234 531 viris
277 475 357 568 via
402 473 674 568 vestitur;
726 475 938 531 Victori
990 493 1134 532 novo
1181 481 1425 551 populus
1475 487 1704 554 praestat
1724 495 1782 568 Α
1802 484 1932 540 ﬁdei
1958 485 2250 541 devotione
2275 486 2529 555 conlatis,
2557 490 2772 544 mutuae
2814 486 3051 544 invicem
3094 489 3421 546 sollicitudi-

130 567 458 638 triumphum.
487 567 682 638 Surgit
697 572 848 623 totus
874 570 1088 626 clamor
1103 571 1164 626 in
1191 573 1388 639 laude;
1417 592 1579 632 voces
1597 577 1707 632 cla-

133 661 364 715 mantium
404 662 707 730 penetrant
733 663 1030 732 templum,
1063 665 1309 720 dicentes
1337 683 1350 720 :
1385 669 1712 725 Benedictus

131 753 205 823 qui
226 752 362 807 venit
385 751 444 804 in
472 752 704 806 nomine
731 754 976 808 Domini.
997 757 1152 826 Ecce,
1184 757 1550 828 Hierusalem,
1579 779 1711 833 qua-

133 845 232 897 liter
255 843 347 897 tibi
376 844 489 897 Rex
536 849 667 897 tuus
703 845 901 900 sedens
940 863 1110 918 super
1137 849 1357 904 asinum
1386 859 1709 909 mansuetus

131 935 330 989 advenit.
360 935 567 988 Adveni
595 952 756 1006 ergo,
788 953 1075 1008 rogamus,
1095 945 1151 994 et
1173 941 1234 994 in
1259 943 1511 998 medium
1537 946 1710 1000 nostri

131 1027 330 1095 adsiste;
369 1031 423 1081 et
465 1027 563 1098 qui
594 1044 700 1082 nos
733 1033 871 1083 tunc
897 1033 1170 1102 reparasti
1203 1049 1305 1103 per
1333 1051 1576 1107 crucem,
1608 1054 1711 1108 per

130 1121 267 1174 istum
293 1119 640 1175 immolatum
669 1138 876 1192 panem
903 1128 959 1177 et
985 1125 1321 1195 sanguinem
1352 1127 1560 1182 iterum
1587 1129 1706 1200 lap-

131 1227 198 1264 sos
231 1227 428 1281 rapam,
473 1217 539 1266 ut
570 1217 630 1266 te
657 1213 922 1268 advenire
949 1216 1007 1269 in
1035 1216 1238 1270 nostris
1279 1219 1542 1274 cordibus
1580 1237 1706 1276 sen-

131 1305 315 1369 tientes,
341 1319 603 1358 exeamus
633 1305 858 1359 obviam
891 1307 996 1373 tui,
1034 1311 1091 1362 et
1135 1325 1264 1363 cum
1306 1311 1562 1382 supernis
1603 1313 1710 1368 illis

129 1395 384 1450 virtutibus
409 1396 722 1452 clamamus
752 1398 1000 1454 dicentes
1031 1417 1044 1453 :
1075 1401 1326 1456 Sanctus.

708 1500 830 1548 Post
864 1499 1096 1548 Sanctus.

182 1579 290 1640 Hinc
313 1585 391 1634 est
427 1581 546 1636 sine
583 1580 701 1637 ﬁne
729 1582 984 1651 felicitas,
1014 1584 1134 1638 haec
1162 1588 1244 1638 est
1276 1584 1564 1640 beatitudo
1590 1586 1710 1641 sine

127 1671 352 1738 termino,
391 1672 466 1726 sic
513 1673 632 1728 Deo
667 1673 1055 1729 indesinenter
1097 1676 1335 1745 haerere,
1377 1681 1443 1730 ut
1481 1677 1597 1748 ipse
1641 1678 1714 1732 sit

127 1778 247 1832 spes,
273 1763 382 1833 ipse
419 1764 488 1818 sit
515 1765 763 1835 requies.
807 1767 869 1819 In
911 1767 1036 1836 ipso
1078 1766 1274 1838 vigilet
1308 1768 1619 1838 negotium,
1651 1769 1711 1822 in

1808 578 1893 632 nis
1921 584 2047 634 vota
2088 596 2432 650 premamus,
2466 597 2500 634 a
2525 582 2746 636 Domini
2787 581 2991 653 pietate
3029 588 3319 654 poscentes
3358 589 3420 639 ut

1809 671 1972 725 corda
2011 673 2267 727 omnium
2307 673 2640 728 offerentum
2681 674 2751 728 ad
2795 675 3035 730 hostiam
3071 675 3420 730 rationabilis

1809 767 1865 817 et
1891 764 2237 834 complacitae
2257 765 2361 820 sibi
2381 766 2830 821 sanctiﬁcationis
2847 768 3131 835 emundet,
3162 773 3218 823 et
3238 768 3422 840 quies-

1809 855 2053 910 centium
2081 857 2300 912 animas
2329 858 2390 912 in
2419 858 2545 913 sinu
2569 858 2808 913 Abrahae
2834 859 3107 914 collocare
3133 859 3418 931 dignetur,

1809 950 1866 1001 et
1890 947 1951 1001 in
1977 953 2133 1018 parte
2161 951 2363 1021 primae
2394 951 2815 1006 resurrectionis
2853 951 3130 1007 admittat.
3167 953 3273 1007 Per
3307 953 3416 1007 Do-

1809 1039 2028 1094 minum
2056 1046 2332 1097 nostrum.

2325 1134 2572 1185 Collectio
2609 1134 2673 1184 ad
2701 1148 2904 1199 pacem.

1881 1216 2044 1284 Deus,
2079 1215 2174 1286 qui
2206 1221 2557 1287 assumptum
2585 1217 2874 1271 hominem
2901 1220 3192 1290 evecturus
3220 1217 3290 1272 ad
3315 1233 3422 1272 cae-

1809 1307 1911 1374 los,
1950 1308 2100 1362 inter
2135 1306 2420 1378 praecipua
2461 1309 2855 1362 mandatorum
2899 1313 3130 1363 tuorum
3167 1309 3424 1380 patribus

1809 1400 2018 1454 nostris
2059 1401 2325 1470 apostolis
2363 1417 2560 1471 pacem
2602 1400 2894 1472 reliquisti,
2927 1400 3111 1456 tribue
3148 1401 3310 1456 nobis
3348 1402 3426 1456 fa-

1809 1492 1975 1545 mulis
2002 1491 2113 1545 tuis
2138 1492 2498 1547 sectatoribus
2522 1493 2872 1562 eorumdem,
2889 1508 2991 1563 per
3011 1492 3298 1548 exterioris
3324 1491 3424 1547 ho-

1811 1582 1978 1637 minis
1999 1583 2270 1651 osculum,
2299 1583 2578 1639 interioris
2597 1583 2845 1638 hominis
2866 1601 3084 1656 pacem.
3103 1585 3260 1649 Quod
3280 1584 3420 1656 ipse.

2357 1675 2641 1724 Immolatio
2685 1674 2872 1725 missae.

1881 1752 2073 1826 238
2110 1754 2354 1824 Dignum
2380 1759 2436 1808 et
2452 1754 2671 1824 justum
2699 1759 2782 1809 est
2805 1770 2908 1825 per
2929 1755 3116 1810 Jesum
3135 1755 3420 1810 Christum

125 1854 224 1924 ipso
245 1855 408 1909 otium
425 1857 810 1927 conquiescat.
841 1858 926 1912 Sic
951 1858 1114 1912 nobis
1129 1859 1320 1913 cibum
1344 1859 1712 1929 praebendum
1732 1859 1787 1930 B
1811 1845 2015 1900 Filium
2043 1852 2204 1899 tuum
2235 1846 2540 1900 Dominum
2567 1851 2845 1902 nostmm-
2864 1847 2970 1910 Ουί
2997 1863 3227 1902 δυοιυῐη
3253 1847 3423 1918 Pede3

127 1945 193 1999 vel
218 1947 485 2016 poculum,
519 1952 585 2002 ut
613 1949 888 2019 quicquid
912 1949 1299 2020 praeﬁguravit
1325 1951 1382 2004 in
1411 1952 1710 2022 mysteriis,

126 2037 291 2092 reddat
313 2039 369 2093 in
394 2040 665 2110 praemiis,
688 2056 792 2111 per
819 2042 1106 2097 Christum
1129 2042 1432 2098 Dominum
1455 2048 1711 2099 nostrum

127 2127 210 2192 Qui
234 2131 368 2200 prid.

717 2203 841 2252 Post
864 2207 1084 2253 secreta.

179 2285 355 2357 Aspice
390 2286 448 2340 in
474 2286 614 2340 caelo
646 2285 807 2341 vultu
834 2291 955 2354 tuo,
983 2287 1076 2358 pie
1098 2287 1408 2358 miserator,
1437 2289 1557 2344 haec
1592 2306 1713 2344 mu-

125 2393 252 2446 nera,
277 2378 367 2449 qui
391 2394 619 2450 semper
638 2395 698 2433 es
725 2396 1040 2450 propensus
1067 2381 1137 2436 ad
1164 2381 1307 2435 dona
1321 2399 1338 2450 ;
1364 2385 1420 2436 et
1443 2381 1564 2452 ipsa
1582 2399 1714 2438 con-

124 2469 447 2541 templatione
497 2470 690 2524 oblata
755 2471 1063 2526 sanctiﬁces
1109 2473 1353 2527 naturali
1404 2473 1710 2544 majestate,

125 2567 356 2632 perpetue
396 2568 621 2618 sanctus
664 2579 744 2634 es,
790 2567 846 2619 et
885 2568 1074 2618 sancta
1120 2565 1360 2635 largiris.
1399 2565 1558 2630 Quod
1593 2567 1712 2637 ipse

125 2660 261 2725 past
484 2727 617 2775 Ante
644 2725 935 2774 orationem
960 2725 1299 2776 Dominicam.

181 2805 348 2881 237
381 2809 810 2864 Venerabilibus
837 2809 1125 2864 informati
1151 2811 1470 2883 praeceptis,
1503 2809 1714 2866 incitati

122 2912 321 2955 munere
369 2900 616 2970 pietatis,
671 2901 770 2972 qui
819 2901 1003 2955 Marias
1043 2902 1229 2957 ﬂentis
1276 2905 1551 2974 lacrymas
1597 2919 1712 2957 non

121 2993 322 3064 spernis,
348 2993 548 3047 Lazaro
574 2993 883 3064 dignanter
911 2999 1353 3064 cognomentum
1386 2995 1574 3050 fratris
1601 2995 1710 3049 im-

122 3086 272 3154 ponis,
299 3085 550 3140 Ecclesiaa
578 3085 804 3140 soboles
828 3087 1078 3156 appellas
1113 3103 1209 3141 ore
1251 3087 1446 3158 gratiae
1481 3087 1711 3143 cohere-

122 3175 216 3245 des,
239 3177 333 3233 tibi
359 3178 642 3250 supplices
668 3178 999 3248 clamamus,
1029 3182 1085 3232 et
1112 3179 1348 3234 dicimus
1377 3197 1390 3234 :
1421 3181 1603 3235 Pater.

496 3281 626 3329 Post
651 3278 941 3328 orationem
961 3279 1302 3329 Dominicam.

177 3361 382 3431 Exe'rce,
403 3364 695 3431 liberator,
715 3363 775 3416 in
791 3363 954 3417 nobis
968 3363 1114 3434 juris
1128 3363 1344 3435 proprii
1370 3364 1709 3435 facultatem,

119 3455 197 3525 qui
218 3455 392 3510 Lazari
426 3457 727 3524 virtutem,
767 3455 952 3510 Maria
979 3455 1268 3527 pietatem,
1296 3457 1524 3511 Marthae
1552 3457 1712 3511 labo-

120 3562 218 3601 rem
254 3564 598 3617 remuneras,
641 3546 893 3603 favorem
932 3547 1111 3619 plebis
1160 3548 1386 3618 excites,
1433 3553 1488 3603 et
1537 3549 1714 3603 Patris

119 3655 225 3694 voce
251 3641 477 3696 concina
523 3639 796 3711 gloriaris
825 3639 1180 3711 omnipotens
1208 3641 1372 3696 Deus.
1400 3640 1506 3704 Qui
1549 3641 1609 3695 in
1651 3641 1711 3696 T.

409 3750 633 3807 XXVIII.
681 3765 838 3806 mssa
877 3767 929 3806 ιη
970 3766 1134 3807 coam
1173 3767 1382 3807 nomm.

175 3848 598 3918 Sacrosanctam,
642 3848 850 3903 fratres
887 3847 1254 3918 dilectissimi,
1312 3846 1583 3902 hodierna
1625 3845 1714 3901 die

117 3937 412 3996 inchoandae
437 3941 673 3996 Paschae
693 3940 1147 4010 sollemnitatem,
1163 3957 1226 3994 ac
1254 3937 1599 3993 salutiferam
1623 3937 1716 3991 do-

118 4031 309 4086 mimica:
333 4033 742 4088 immolationis
776 4031 1024 4103 efﬁgiem
1050 4031 1110 4087 in
1147 4031 1418 4087 sacriﬁcio
1459 4029 1712 4101 spiritali,

120 4121 308 4179 Christo
344 4125 639 4195 offerente,
674 4125 1040 4194 transfusam,
1070 4141 1184 4178 non
1204 4124 1327 4194 jam
1351 4124 1412 4177 in
1440 4121 1712 4176 amaritu—

116 4214 224 4269 dine
248 4219 439 4288 azymi,
470 4233 666 4289 neque
692 4217 751 4270 in
781 4216 1061 4272 fermento
1088 4216 1287 4271 veteris
1312 4214 1542 4270 malitiae
1570 4214 1713 4268 cele-

115 4303 330 4380 brantes,
358 4310 456 4365 sed
483 4310 545 4364 in
571 4325 721 4363 nova
749 4311 806 4362 et
829 4307 1046 4363 sincera
1072 4307 1482 4378 consparsione,
1510 4305 1713 4359 imma-

117 4399 299 4455 culatas
332 4403 504 4458 sacris
533 4401 812 4457 altaribus
858 4401 1066 4455 hostias
1096 4399 1412 4469 offerentes,
1457 4399 1713 4469 omnipo-

117 4495 302 4548 tentem
328 4495 507 4550 Deum
533 4511 644 4566 per
685 4493 1044 4565 unigenitum
1087 4493 1289 4547 Filium
1331 4508 1498 4547 suum
1537 4491 1718 4545 Domi-

1812 1937 2214 2008 discipulorum
2238 1938 2411 1992 linteo
2433 1939 2766 2008 pracinctus
2786 1938 2982 2004 abluit,
3011 1944 3067 1993 et
3091 1939 3424 1994 humilitatis

1811 2031 2131 2100 exemplum
2144 2029 2479 2083 transiturus
2493 2029 2703 2084 eisdem
2730 2030 2798 2083 de
2818 2029 3029 2084 mundo
3047 2029 3295 2100 reliquit.
3309 2031 3421 2084 Ma-

1813 2122 1987 2192 gister
1997 2122 2208 2194 quippe
2223 2121 2544 2176 verissimus
2563 2121 3020 2190 factisinformat,
3037 2137 3176 2192 quos
3194 2121 3424 2176 monitis

1811 2214 2149 2268 salutaribus
2175 2214 2500 2285 frequenter
2521 2214 2886 2268 instruxerat.
2916 2213 3022 2268 Sed
3057 2213 3193 2284 quid
3217 2213 3426 2268 mirum

1813 2305 1857 2359 si
1887 2307 2184 2377 praecinxit
2212 2322 2268 2360 se
2300 2306 2497 2374 linteo,
2539 2306 2638 2377 qui
2674 2306 2918 2360 formam
2958 2305 3101 2360 servi
3125 2305 3423 2376 accipiens,

1811 2397 2012 2452 habitu
2038 2403 2120 2453 est
2144 2399 2403 2452 inventus
2429 2403 2490 2452 ut
2508 2398 2720 2452 homo?
2744 2402 2841 2452 aut
2863 2397 2999 2468 quid
3026 2398 3235 2452 mirum
3260 2398 3304 2451 si
3324 2397 3428 2451 mi-

1812 2490 1883 2544 sit
1907 2506 2111 2560 aquam
2140 2490 2199 2544 in
2223 2489 2462 2561 pelvem,
2489 2494 2553 2543 ut
2579 2489 2787 2543 lavaret
2810 2489 2979 2559 pedes
2998 2489 3422 2560 discipulorum,

1811 2582 1910 2653 qui
1933 2582 1992 2635 in
2017 2587 2169 2636 terra
2194 2582 2527 2652 sanguinem
2543 2581 2705 2650 fudit,
2725 2585 2791 2635 ut
2810 2580 3226 2634 immunditiam
3251 2581 3426 2636 dilue-

1811 2679 1898 2729 ret
1912 2678 2134 2745 peccato
2142 2675 2303 2728 rum?
2322 2674 2415 2728 Ille
2430 2674 2618 2744 itaque
2636 2673 2809 2727 linteo
2825 2689 2936 2743 quo
2954 2676 3074 2727 erat
3085 2672 3421 2743 praecinctus

1810 2767 1982 2838 pedes
2006 2782 2146 2837 quos
2168 2766 2378 2820 laverat
2404 2765 2582 2832 tersit,
2604 2765 2701 2835 qui
2729 2780 2894 2818 carne
2919 2781 3032 2836 qua
3056 2769 3175 2819 erat
3195 2764 3424 2819 indutus

1813 2875 1947 2914 evan
1955 2858 2282 2929 gelistarum
2300 2855 2536 2928 vestigia
2549 2856 2918 2913 conﬁrmavit.
2934 2857 3091 2910 Lavit
3108 2872 3244 2928 ergo
3255 2857 3425 2927 pedes

1813 2951 2214 3021 discipulorum
2229 2949 2498 3004 Dominus
2514 2966 2531 3018 ;
2555 2945 2801 3021 quorum
2820 2953 3007 3003 autem
3033 2949 3203 3019 pedes
3218 2948 3424 3003 extrin-

1812 3059 1970 3098 secus
1995 3043 2272 3109 abluebat,
2292 3042 2542 3113 ipsorum
2561 3041 2778 3095 animas
2803 3041 3168 3111 indulgentiae
3187 3041 3426 3112 hyssopo

1813 3135 2142 3190 intrinsecus
2151 3134 2474 3205 expiabat.0
2485 3133 2812 3188 admirabile
2827 3138 3258 3203 sacramentum,
3265 3149 3427 3204 gran-

1732 3217 1786 3289 C
1811 3227 1880 3282 de
1913 3226 2277 3298 mysterium!
2310 3226 2586 3280 Turbatur
2620 3227 2815 3280 Petrus
2838 3241 3070 3280 cernens
3106 3226 3428 3296 exemplum

1810 3324 1980 3373 tantae
2005 3318 2340 3373 humilitatis
2365 3318 2426 3372 in
2450 3334 2580 3388 rege
2602 3321 2772 3372 tanta:
2791 3317 3122 3387 majestatis;
3156 3317 3429 3372 tremiscit

1810 3428 2021 3482 pavens
2033 3410 2375 3480 humanitas,
2398 3410 2532 3481 quia
2551 3409 2619 3464 ad
2638 3411 2758 3480 ejus
2777 3410 3008 3481 vestigia
3026 3425 3145 3464 sese
3163 3409 3427 3464 inclinare

1813 3503 2080 3575 dignatur
2107 3503 2392 3557 Divinitas.
2417 3502 2526 3556 Sed
2545 3502 2657 3555 nisi
2673 3502 2816 3556 Deus
2842 3502 2913 3556 ad
2925 3501 3217 3556 hominem
3244 3503 3427 3556 humi-

1811 3596 1976 3650 liatus
1990 3596 2372 3661 inclinaretur,
2397 3594 2468 3648 ad
2487 3595 2668 3647 Deum
2686 3594 2855 3647 homo
2871 3597 3086 3648 erectus
3111 3609 3426 3664 numquam

1812 3688 2110 3742 levaretur.
2168 3689 2246 3741 Ex
2302 3689 2437 3740 tunc
2486 3685 2639 3740 enim
2681 3685 2852 3739 homo
2897 3684 3204 3740 viventium
3251 3689 3428 3740 terras

1814 3781 1980 3850 ccepit
2004 3780 2287 3850 adpetere,
2326 3795 2396 3833 ex
2423 3793 2533 3848 quo
2563 3778 2708 3831 Deus
2736 3777 2796 3830 in
2820 3777 3049 3847 regione
3075 3777 3422 3846 mortalium,

1813 3871 2176 3928 humanitatis
2219 3876 2302 3926 est
2328 3871 2589 3941 dignatus
2617 3871 2812 3924 lumen
2849 3869 3163 3925 ostendere.
3203 3873 3345 3925 Ante
3374 3887 3424 3925 c.

2433 3965 2557 4012 Post
2584 3963 2815 4011 Sanctus.

1886 4047 2023 4102 Vere
2057 4050 2278 4100 sanctus
2311 4048 2367 4099 et
2392 4043 2580 4114 justus
2618 4060 2696 4114 es,
2732 4041 2988 4112 Domine,
3019 4058 3149 4098 vere
3187 4057 3428 4115 magnus

1815 4145 1870 4195 et
1900 4139 2029 4210 pius
2061 4153 2138 4204 es,
2171 4136 2267 4209 qui
2293 4135 2496 4190 Filium
2522 4141 2686 4191 tuum
2711 4136 3017 4190 Dominum
3046 4139 3305 4190 nostrum
3336 4135 3424 4191 Je-

1814 4247 1940 4286 sum
1963 4230 2246 4284 Christum
2266 4228 2425 4283 nobis
2451 4229 2647 4284 lumen
2671 4228 2741 4283 ad
2765 4233 2945 4283 terras
2965 4243 3034 4283 ex
3059 4243 3283 4283 summa
3309 4228 3429 4284 coeli

1813 4346 1939 4384 arce
1987 4326 2188 4382 misisti
2235 4326 2584 4397 captivorum
2638 4341 2941 4397 corporum
2987 4324 3424 4396 redemptorem.

1816 4423 1936 4493 Ipse
1962 4420 2113 4475 enim
2139 4436 2197 4490 (ἶ.
2439 4488 2560 4536 Post
2580 4489 2794 4536 secreta.

115 4598 232 4638 nam
278 4593 540 4643 nostrum
595 4589 791 4642 Jesum
843 4586 1126 4641 Christum
1179 4586 1576 4656 deprecemur;
1619 4583 1713 4656 qui

1883 4573 2076 4641 Agnus
2102 4567 2220 4637 Dei,
2264 4567 2361 4637 qui
2403 4565 2548 4620 tollis
2585 4567 2812 4635 peccata
2856 4564 3075 4634 mundi,
3115 4565 3328 4636 respice
3366 4565 3426 4622 in

115 4673 216 4730 haec
240 4677 294 4733 in
322 4681 462 4735 sacri
499 4679 758 4751 corporis
787 4683 841 4734 et
869 4678 1160 4750 sanguinis
1195 4678 1281 4733 sui
1313 4677 1590 4733 oblatione
1626 4677 1718 4732 be-

114 4770 343 4828 nedicere
368 4779 424 4828 et
448 4771 804 4827 sanctiﬁcare
844 4771 1110 4842 dignatus
1134 4776 1235 4840 est,
1264 4771 1342 4824 ita
1366 4770 1717 4825 offerentium

112 4859 432 4920 famulorum
457 4881 701 4920 suorum
722 4880 962 4918 munera
982 4864 1168 4919 oblata
1182 4863 1509 4933 benedicat;
1540 4868 1603 4918 ut
1620 4878 1720 4934 per

113 4953 542 5014 inlustrationem
573 4957 818 5029 Spiritus
852 4957 1048 5026 sancti,
1077 4956 1457 5011 deferentibus
1484 4955 1716 5025 nuntiis,

114 5044 232 5101 odor
256 5045 539 5106 suavitatis
566 5049 851 5104 ascendat.
880 5051 987 5105 Per
1012 5049 1320 5104 Dominum
1345 5051 1600 5104 nostrum
1626 5049 1716 5103 Je-

114 5153 218 5194 sum
239 5143 521 5199 Christum
556 5143 662 5197 Fil.

645 5241 894 5292 Collectio
924 5241 1171 5306 sequitur.

173 5325 304 5382 Deus
329 5319 870 5396 sanctificationum,
900 5328 956 5381 et
981 5323 1251 5381 Dominus
1280 5323 1587 5380 caelestium
1616 5323 1722 5378 vir-

115 5420 295 5488 tutum,
338 5420 544 5475 exaudi
589 5434 786 5489 preces
826 5424 1065 5486 nostras,
1093 5423 1150 5473 et
1191 5417 1541 5473 benedictam
1579 5417 1721 5471 hanc

114 5508 331 5582 plebem,
354 5510 592 5566 Domini
618 5511 799 5565 nostri
823 5513 951 5566 Jesu
977 5511 1183 5566 Christi
1210 5510 1563 5581 redemptam
1591 5525 1720 5563 san-

117 5602 285 5672 guine,
314 5605 383 5660 de
409 5605 547 5661 sede
575 5608 787 5675 sancta,
815 5603 1206 5660 inaccessibilis
1231 5599 1472 5672 claritas,
1501 5600 1720 5658 exaudi.

115 5693 204 5750 Per
227 5703 382 5753 celet.

727 5762 846 5816 Post
870 5763 1103 5816 nomina.

1815 4680 1936 4732 nos,
1967 4667 2024 4718 et
2047 4661 2312 4716 miserere
2353 4658 2535 4727 nobis,
2568 4657 2747 4712 factus
2773 4656 2935 4712 nobis
2961 4657 3079 4729 ipse
3116 4657 3300 4713 hostia
3326 4659 3426 4731 qui

1816 4755 2090 4824 sacerdos,
2126 4753 2244 4824 ipse
2287 4751 2589 4824 praemium
2626 4750 2724 4821 qui
2767 4750 3140 4822 Redemptor;
3186 4767 3220 4805 a
3266 4751 3428 4806 malis

1817 4848 2076 4904 omnibus
2101 4863 2239 4918 quos
2267 4843 2576 4914 redemisti,
2607 4843 2843 4910 custodi,
2866 4843 2976 4898 Sal.

2225 4940 2352 4988 Ante
2382 4937 2669 4987 orationem
2693 4934 3032 4985 Dominicam.

1885 5020 2002 5075 Vivi
2028 5019 2191 5091 panis
2215 5018 2481 5074 alimenta
2507 5021 2562 5072 et
2586 5017 2725 5071 sacri
2753 5013 3039 5086 sanguinis
3066 5013 3210 5068 dona
3240 5030 3428 5088 sump

1817 5115 1951 5185 turi,
1995 5112 2280 5169 Dominica
2326 5126 2491 5182 prece
2540 5113 2755 5165 mentes
2803 5111 2858 5163 et
2895 5107 3061 5163 corda
3113 5107 3426 5165 ﬁrmemus.

1817 5211 2093 5280 Agnoscat
2118 5204 2430 5260 Altissimus
2458 5203 2580 5256 Filii
2604 5202 2691 5256 sui
2729 5217 2951 5269 vocem;
2989 5203 3046 5256 et
3075 5200 3245 5256 verba
3266 5201 3428 5258 Chri-

1819 5303 1891 5357 sti
1915 5301 1985 5356 ad
2008 5314 2168 5354 aures
2195 5298 2459 5352 Paternas
2487 5295 2774 5351 concordis
2802 5293 2997 5366 populi
3019 5293 3228 5350 clamor
3251 5295 3430 5351 adtol-

1817 5396 1900 5451 lat
1927 5397 1983 5451 et
2001 5393 2145 5448 dicat
2175 5408 2188 5446 :
2217 5390 2400 5445 Pater.

2221 5485 2343 5533 Post
2375 5481 2663 5532 orationem
2690 5480 3031 5530 Dominicam.

1893 5567 2108 5635 Libera,
2147 5563 2397 5630 Domine,
2428 5561 2603 5617 libera
2643 5576 2750 5615 nos
2790 5560 2860 5614 ab
2900 5559 3058 5614 omni
3094 5559 3267 5628 malo,
3310 5566 3366 5616 et
3401 5577 3434 5615 a

1822 5657 2135 5716 fortissimis
2185 5654 2514 5713 adversariis
2556 5653 2776 5708 diabolo
2815 5656 2873 5707 et
2908 5655 3111 5720 morte,
3165 5669 3251 5722 ea,
3306 5667 3430 5724 quae

1825 5751 2038 5810 cunctis
2060 5751 2262 5808 fortior
2287 5755 2389 5821 est,
2408 5747 2628 5806 virtutis
2655 5751 2710 5803 et
2735 5747 2979 5804 dexterae
3005 5751 3116 5802 tuas
3141 5743 3431 5817 protectio-

176 5846 406 5908 Diversis
433 5849 829 5909 oblationibus
865 5850 1034 5904 sacris
1074 5848 1359 5921 altaribus,
1389 5863 1504 5905 una
1538 5853 1730 5906 tamen
1825 5863 1898 5904 ne
1927 5844 2187 5903 defende.

418 5948 712 6014 ΡΑΤιιοι..
759 5945 992 6010 LXXII.

3084 5938 3124 5997 9
