3976 6482
502 357 604 410 267

1011 458 1134 508 Post
1171 458 1611 516 communionem.

574 548 824 604 Concede
851 545 1029 618 nobis,
1056 547 1414 618 omnipotens
1451 549 1612 616 Deus,
1644 552 1708 604 ut
1734 548 1875 601 sicut
1902 551 2121 618 tempo-

503 640 606 696 rali
635 656 792 694 coena
815 644 928 694 tua:
955 640 1228 713 passionis
1254 642 1559 712 reficimur,
1588 642 1668 696 ita
1696 641 1888 695 satiari
1914 656 2124 696 merea-

501 751 629 790 mur
665 738 895 790 aeterna.

683 847 850 900 XXIX.
891 859 1164 901 INCIPIUNT
1203 861 1499 900 ORATIONES
1537 861 1591 900 IN
1631 861 1862 900 meum
1897 857 1938 897 ι.

567 949 760 1024 239
805 953 885 1006 Da
913 953 1093 1022 nobis,
1117 952 1368 1018 Domine,
1399 955 1688 1022 perpetuae
1715 949 2120 1006 benedictionis

495 1061 706 1100 munus
731 1046 1000 1115 accipere,
1047 1060 1147 1114 pro
1175 1044 1380 1113 quibus
1405 1044 1736 1114 Unigenitus
1763 1049 1913 1113 tuus,
1943 1043 2120 1115 sputis

493 1137 707 1208 inlitus,
729 1139 946 1210 palmas
971 1136 1183 1206 accepit
1209 1139 1264 1190 et
1287 1136 1574 1207 colaphos.
1605 1137 1711 1201 Qui
1739 1140 1948 1192 tecum.

971 1247 1142 1297 Oratio
1170 1261 1311 1296 nunc
1331 1248 1396 1297 ad
1427 1249 1652 1298 Sextam.

563 1341 812 1414 Respice,
843 1341 1100 1410 Domine,
1131 1359 1301 1412 super
1325 1343 1469 1396 hanc
1497 1341 1768 1396 familiam
1797 1347 1954 1396 tuam
1979 1357 2114 1412 pro-

491 1434 680 1506 pitius,
707 1450 810 1504 pro
847 1451 958 1506 qua
1001 1433 1271 1488 Dominus
1301 1439 1491 1488 noster
1529 1436 1686 1490 Jesus
1723 1433 1974 1489 Christus
2001 1450 2117 1488 non

491 1525 767 1582 dubitavit
803 1525 1063 1580 manibus
1103 1526 1250 1584 tradi
1289 1527 1617 1582 nocentium
1643 1531 1699 1581 et
1728 1525 1904 1580 crucis
1930 1525 2117 1581 subire

485 1622 859 1674 tormentum.
885 1619 992 1672 Per
1018 1635 1172 1674 eum.

971 1728 1146 1778 Oratio
1173 1741 1313 1778 nunc
1342 1727 1408 1778 ad
1431 1729 1648 1778 Nouam.

558 1823 724 1892 Deus,
767 1822 865 1892 qui
895 1838 997 1893 pro
1035 1821 1424 1892 redemptione
1463 1826 1658 1876 nostra
1691 1821 1954 1892 accepisti
1991 1836 2116 1876 san-

489 1914 720 1988 guinem
745 1916 874 1978 Iesu
899 1913 1124 1984 Christi,
1157 1915 1308 1969 solve
1325 1930 1556 1985 operam
1581 1913 1809 1983 diaboli,
1841 1918 1896 1968 et
1920 1928 2114 1968 omnes

484 2006 718 2078 laqueos
735 2006 1024 2078 disrumpe
1044 2007 1277 2076 peccati,
1305 2011 1370 2062 ut
1395 2013 1712 2062 creaturam
1739 2006 2116 2077 regeneratio~

485 2099 574 2162 nis
609 2099 768 2154 nulla
793 2099 1049 2170 polluant
1076 2098 1332 2170 contagia
1361 2099 1668 2156 vetustatis.
1703 2101 1826 2156 Per.

977 2243 980 2246 -
1065 2207 1237 2260 Oratio
1266 2209 1517 2272 sequitur.

557 2304 701 2358 Deus
739 2319 772 2357 a
805 2319 918 2374 quo
947 2307 1003 2357 et
1036 2303 1208 2358 Iudas
1235 2308 1426 2357 reatus
1455 2303 1542 2356 sui
1581 2303 1840 2374 proditor
1864 2318 2110 2374 poenam,

483 2401 540 2452 et
561 2395 924 2451 confessionis
949 2413 1066 2450 sum
1091 2397 1237 2451 latro
1259 2396 1561 2467 praemium
1581 2396 1841 2467 sumpsit,
1872 2397 2114 2451 concede

479 2491 640 2546 nobis
666 2491 775 2561 pia:
819 2489 1103 2560 petitionis
1144 2489 1426 2558 effectum,
1457 2495 1519 2544 ut
1565 2490 1708 2544 sicut
1747 2491 1809 2544 in
1849 2491 2112 2560 passione

479 2601 578 2640 sua
605 2585 874 2638 Dominus
902 2589 1093 2638 noster
1125 2585 1282 2638 Jesus
1319 2584 1573 2638 Christus
1607 2585 1823 2638 diversa
1857 2584 2111 2653 utrisque

478 2677 670 2732 intulit
695 2677 976 2748 stipendia
1002 2675 1360 2746 meritorum,
1391 2678 1474 2731 ita
1509 2695 1542 2731 a
1575 2678 1758 2746 nobis,
1801 2677 1986 2731 ablato
2013 2693 2108 2731 ve-

477 2771 700 2826 tustatis
717 2787 926 2839 errore,
949 2769 1372 2824 resurrectionis
1397 2787 1516 2824 suae
1539 2771 1784 2842 gratiam
1807 2770 2106 2841 largiatur,

475 2863 582 2918 Per
607 2863 910 2918 Dominum
935 2867 1195 2917 nostrum
1218 2865 1244 2917 ,Ι
1252 2879 1432 2917 esum.

677 2977 809 3024 Item
833 2974 1094 3023 orationes
1117 2974 1170 3022 in
1199 2972 1310 3022 Bid.
1343 2972 1425 3021 die
1449 2971 1658 3021 Sabbati
1685 2973 1748 3021 ad
1773 2973 1836 3022 Se
1861 2973 1902 3014 b-

547 3067 726 3126 Deum
755 3069 1202 3140 omnipotentem
1227 3069 1469 3134 Patrem,
1502 3073 1558 3122 et
1597 3068 1820 3137 Filium,
1851 3073 1907 3122 et
1941 3069 2109 3140 Spiri-

478 3169 602 3219 tum
627 3169 904 3232 sanctum,
935 3159 1313 3216 universitatis
1341 3177 1525 3214 unum
1549 3167 1880 3228 creatorem,
1909 3161 1970 3214 in
2003 3161 2106 3216 hac

477 3273 690 3328 magna
735 3255 950 3326 magni
980 3255 1260 3309 matutina
1307 3253 1550 3322 Sabbati,
1602 3253 1868 3307 dominici
1906 3255 2112 3308 scilicet

476 3350 728 3420 corporis
753 3347 992 3421 requiei,
1014 3349 1218 3402 fratres
1245 3347 1533 3416 carissimi,
1554 3347 1879 3423 suppliciter
1907 3347 2107 3418 depre-

477 3460 692 3512 camur,
721 3447 786 3498 ut
808 3443 904 3514 qui
934 3442 1114 3496 Adam
1131 3442 1198 3496 de
1224 3440 1522 3512 profundis
1549 3440 1841 3494 infernalis
1861 3439 1982 3494 limi
2007 3441 2111 3495 mi.

475 3537 828 3592 sericorditer
869 3535 1094 3606 eripuit,
1134 3552 1238 3588 nos
1277 3535 1398 3604 ejus
1453 3533 1622 3587 Filius
1670 3535 1739 3588 de
1786 3534 1904 3587 luto
1958 3534 2108 3588 faecis

475 3631 666 3702 hujus,
696 3629 785 3684 cui
811 3629 1165 3696 inhaesimus,
1197 3628 1314 3682 sola
1341 3625 1726 3681 misericordia
1751 3631 1974 3681 tantum
2001 3627 2108 3682 cla-

473 3731 690 3780 mantes
710 3728 892 3779 eruat.
921 3723 1247 3777 Clamamus
1273 3737 1519 3790 namque
1548 3724 1604 3774 et
1630 3737 1877 3790 oramus,
1909 3737 1980 3775 ne
2004 3738 2104 3775 ur-

477 3824 604 3890 geat
629 3833 797 3889 super
821 3833 922 3870 nos
949 3815 1156 3868 inferni
1184 3819 1389 3884 puteus
1411 3830 1474 3868 os
1499 3829 1665 3868 suum
1675 3831 1693 3884 ;
1718 3814 1865 3869 eruti
1891 3815 1959 3870 de
1983 3814 2104 3870 luto

473 3911 709 3982 peccati,
737 3926 810 3964 ne
835 3908 1163 3978 infigamur.
1193 3908 1300 3960 Per
1327 3907 1650 3962 Dominum.

1027 4015 1282 4065 Collectio
1309 4015 1558 4079 sequitur.

551 4113 790 4176 Domine
826 4108 1045 4166 Christe
1089 4110 1239 4174 Jesu,
1285 4109 1430 4163 Deus
1477 4110 1568 4180 pie
1621 4111 1822 4166 exaudi
1869 4127 2007 4182 nos;
2049 4115 2105 4168 et

477 4209 710 4280 praesta,
739 4219 1057 4276 precamur,
1097 4219 1220 4273 qum
1266 4203 1430 4256 corde
1457 4220 1755 4274 rogamus;
1787 4209 1843 4258 et
1870 4205 1976 4258 hoc
2007 4221 2101 4260 ro-

481 4316 700 4372 gamus,
733 4303 794 4360 ut
817 4297 920 4350 tibi
959 4297 1300 4366 placeamus,
1331 4296 1430 4349 tibi
1461 4297 1777 4351 haereamus
1803 4299 1922 4351 sine
1951 4297 2099 4368 ﬁne;

479 4399 544 4448 ut
568 4408 790 4462 semper
817 4389 918 4443 tibi
965 4389 1174 4459 gratias
1208 4405 1460 4459 agamus,
1492 4391 1645 4461 quia,
1680 4389 1874 4464 240
1921 4391 2106 4445 Domi-

478 4503 572 4554 ne,
623 4483 913 4539 redemisti
963 4499 1067 4536 nos
1115 4483 1174 4538 in
1227 4489 1496 4536 aeternam
1545 4484 1719 4537 vitam
1773 4485 1841 4537 de
1893 4491 2102 4538 interna

1279 353 1609 410 APPENDIX
1647 351 1734 410 AD
1770 351 1988 408 OPERA
2025 351 2256 410 SANCTI
2293 351 2592 408 GERMANI
2628 349 3054 408 PARISIENSIS.

2145 476 2203 548 Α

2131 3204 2186 3278 C

3773 351 3868 406 268

2484 460 2626 514 XXX.
2669 473 2945 514 “anno
2986 473 3038 512 IN
3077 467 3320 512 vesana
3359 469 3612 512 PASCHE.

2292 551 2516 608 Domini
2562 551 2746 622 gratia
2785 567 2887 621 per
2924 565 3130 621 aquam
3157 554 3212 604 et
3245 547 3524 620 Spiritum
3565 549 3782 617 renati,
3821 555 3870 603 et

2221 662 2324 716 per
2347 644 2724 715 multiplicem
2749 647 3004 698 Paterna:
3025 642 3344 697 dilectionis
3367 642 3770 713 provisionem
3795 642 3872 696 in-

2221 739 2475 794 numeris
2503 738 2716 808 laqueis
2750 737 3032 803 abstracti,
3064 737 3235 806 hujus
3269 735 3477 790 divinm
3517 736 3872 806 dignationis

2220 835 2512 886 auctorem
2541 831 2846 885 Dominum
2871 830 3102 884 incenso
3123 830 3462 900 vespertinae
3488 829 3686 900 precis
3711 829 3870 884 sacri-

2219 924 2364 991 ﬁcio,
2395 929 2449 980 et
2469 923 2528 978 in
2547 925 2756 978 cmlesti
2779 923 2972 995 patina
2997 939 3100 993 per
3129 922 3390 993 spiritum
3415 927 3636 989 erecto,
3666 922 3870 992 etigne

2219 1017 2315 1072 illo
2342 1033 2514 1088 quem
2541 1017 2660 1087 ipse
2691 1016 2746 1070 in
2775 1016 2938 1070 nobis
2975 1015 3204 1070 accendi
3247 1015 3552 1082 desiderat,
3581 1015 3874 1070 sollemni—

2219 1113 2307 1164 ter
2329 1114 2530 1178 assato,
2559 1110 2828 1179 precariis
2863 1109 3175 1177 affectibus,
3205 1108 3406 1162 fratres
3437 1107 3751 1177 carissimi,
3785 1109 3872 1162 de-

2217 1219 2534 1274 precemur,
2561 1207 2626 1256 ut
2667 1203 2843 1256 totius
2873 1203 3003 1256 vitae
3029 1202 3288 1270 crimina,
3320 1207 3376 1255 et
3401 1201 3684 1256 cotidiani
3713 1217 3868 1256 erro-
3919 1229 3924 1236 π

2217 1295 2294 1352 ris
2323 1296 2586 1364 maculas,
2619 1300 2676 1348 et
2711 1295 2978 1350 humanae
2997 1294 3322 1364 fragilitatis
3351 1293 3565 1362 debita,
3587 1295 3654 1348 in
3681 1295 3822 1348 anni
3853 1307 3874 1336 ε

2217 1389 2543 1457 septimanae
2575 1388 2796 1442 dierum
2833 1387 3228 1458 quadraginta,
3263 1403 3329 1440 ac
3358 1386 3570 1456 sepulti
3609 1387 3874 1458 corporis

2217 1480 2302 1534 sui
2329 1481 2570 1535 Sabbato
2600 1481 2762 1534 nobis
2798 1480 3086 1535 concedat.
3117 1480 3228 1534 Nos
3257 1495 3486 1550 quoque
3511 1481 3576 1534 in
3619 1496 3872 1535 numero

2215 1573 2334 1628 veri
2358 1573 2615 1627 lsrahelis
2639 1575 2880 1644 Egypto
2905 1573 3100 1644 egredi
3127 1573 3322 1640 faciat;
3355 1579 3411 1626 et
3450 1572 3712 1627 inimicis
3739 1590 3870 1645 per-

2215 1666 2408 1735 cussis,
2446 1667 2507 1720 in
2549 1683 2724 1721 unam
2753 1667 3056 1721 Ecclesiam
3103 1665 3393 1720 catholicas
3431 1666 3682 1722 domum
3721 1667 3877 1738 pacis

2213 1759 2434 1814 Domini
2464 1760 2828 1828 celebrantes,
2859 1760 3004 1830 Agni
3032 1759 3384 1813 immaculati
3421 1761 3718 1830 sanguine
3745 1777 3874 1816 cor-

2133 1838 2190 1912 Β
2213 1869 2418 1922 porum
2459 1857 2782 1906 nostrorum
2807 1852 3061 1923 postibus
3103 1851 3366 1923 aspersis,
3395 1852 3456 1906 in
3485 1853 3662 1907 istius
3689 1853 3879 1908 noctis

2213 1946 2548 2000 venerabilis
2590 1945 2986 2012 sollemnitate,
3018 1949 3304 2000 vastatura
3337 1947 3630 2001 mundum
3679 1951 3875 2002 morte

2215 2039 2495 2108 defendat,
2525 2039 2813 2093 orantibus
2835 2038 3020 2092 nobis.
3049 2039 3154 2092 Per
3177 2039 3509 2094 Dominum.

2764 2129 3013 2179 Collectio
3043 2129 3294 2190 sequitur.

2283 2211 2500 2264 Christe
2541 2212 2690 2280 Jesu,
2723 2210 2781 2264 in
2814 2226 3048 2280 vespera
3089 2210 3290 2264 mundi
3327 2211 3738 2282 vespertinum
3779 2227 3872 2264 sa-

2213 2303 2485 2356 criﬁcium
2507 2319 2609 2373 per
2635 2319 2858 2358 crucem
2880 2302 3126 2371 effectus,
3159 2303 3397 2374 dignare
3425 2320 3532 2358 nos
3556 2319 3724 2358 nova
3751 2319 3876 2358 cor-

2211 2396 2336 2467 pori
2359 2401 2456 2450 tuo
2485 2396 2602 2450 fore
2630 2397 2656 2436 d
2687 2397 2961 2466 sepulcra.
2994 2397 3102 2450 Sal.

2211 2499 2378 2552 XXXI.
2437 2514 2711 2554 PRJZFA'I‘IO
2763 2516 2831 2553 ΑΒ
2877 2513 3043 2553 mmo
3095 2513 3286 2554 NOCTIS
3337 2513 3556 2553 sanare
3603 2515 3872 2556 pascua.

2278 2601 2578 2652 Auctorem
2617 2597 2778 2664 lucis,
2815 2596 3132 2666 principem
3167 2596 3420 2664 luminis,
3467 2596 3878 2668 inspectorem

2209 2691 2409 2758 cordis,
2449 2689 2804 2744 credentium
2839 2690 3282 2760 redemptorem,
3323 2689 3527 2743 fratres
3562 2690 3880 2746 dilectissi-

2208 2783 2307 2852 mi,
2341 2783 2555 2836 cunctis
2595 2782 3036 2836 confessionibus
3075 2798 3434 2850 veneremur,
3465 2787 3534 2838 ut
3577 2788 3877 2858 vergente

2208 2876 2298 2932 die
2321 2876 2464 2930 vocis
2485 2875 2706 2946 rugitus
2733 2875 3010 2944 exaudiat,
3035 2879 3092 2929 et
3119 2875 3626 2946 supervenientem
3661 2879 3876 2950 caligi-

2206 2985 2340 3022 nem
2365 2969 2558 3036 noctis,
2587 2968 2816 3022 luminis
2843 2969 2928 3022 sui
2953 2968 3250 3038 splendore
3277 2969 3568 3034 inlustret,
3591 2985 3678 3026 ne
3713 2973 3796 3026 sit
3817 2971 3876 3026 in

2204 3062 2368 3116 nobis
2392 3063 2504 3116 ulla
2529 3061 2782 3116 tentandi
2823 3061 3172 3132 vexandique
3203 3063 3421 3116 occasio
3452 3062 3876 3120 tenebrarum.

2207 3155 2286 3210 Sit
2313 3161 2505 3210 noster
2541 3155 2819 3220 defensor,
2850 3154 2948 3226 qui
2986 3159 3070 3208 est
3107 3170 3256 3208 verae
3297 3155 3438 3210 lucis
3475 3155 3778 3228 indultor,
3815 3163 3882 3214 ut

2211 3265 2434 3318 semper
2460 3248 2636 3301 simus
2676 3248 2737 3302 in
2763 3247 2977 3302 lumine
3021 3248 3162 3317 ejus,
3205 3247 3304 3318 qui
3329 3247 3633 3304 Christum
3677 3251 3882 3306 Domi-

2208 3357 2350 3398 num
2376 3345 2632 3396 nostrum
2661 3341 2970 3411 gloriamur
2995 3345 3306 3396 auctorem.
3335 3342 3464 3398 Per.

2801 3430 2974 3480 Oratio
2999 3430 3250 3492 sequitur.

2279 3504 2432 3575 Rege
2458 3519 2580 3574 nos,
2609 3503 2867 3570 Domine,
2889 3519 2990 3573 per
3025 3503 3274 3558 alternas
3309 3508 3654 3574 temporum
3695 3507 3876 3578 vices,

2208 3601 2264 3652 et
2289 3613 2554 3654 conserva
2580 3613 2684 3650 nos
2713 3613 2817 3666 per
2841 3596 3093 3666 dispares
3118 3597 3340 3651 dierum
3366 3613 3430 3651 ac
3450 3598 3734 3655 noctium
3754 3619 3882 3656 suc-

2207 3690 2504 3758 cessiones,
2531 3693 2596 3744 ut
2621 3689 2798 3759 adjuti
2824 3695 3144 3743 sanctorum
3165 3694 3400 3744 tuorum
3431 3691 3742 3763 precibus,
3777 3695 3880 3766 qui

2206 3782 2356 3837 diem
2385 3783 2536 3836 hunc
2577 3799 2682 3852 per
2705 3799 2915 3836 munus
2959 3782 3360 3838 misericordiae
3399 3788 3514 3838 tuae
3557 3785 3880 3858 duximus,

2204 3881 2428 3930 noctem
2456 3891 2680 3946 quoque
2723 3875 2890 3930 istam
2925 3876 3130 3946 placita
3156 3875 3261 3930 tibi
3287 3875 3620 3932 animarum
3659 3887 3726 3935 et
3757 3898 3886 3936 cor-

2203 3985 2408 4040 porum
2437 3969 2676 4039 puritate
2705 3967 2886 4040 241
2929 3969 3221 4023 ducamus.
3251 3970 3358 4023 Per
3383 3979 3822 4042 resurgentem
3853 3992 3886 4030 ε

2203 4063 2444 4117 mortuis
2471 4061 2777 4116 Dominum
2807 4067 3066 4118 nostrum
3089 4065 3282 4118 Jesum
3309 4062 3612 4119 Christum
3643 4067 3884 4124 Filium

2203 4160 2388 4210 tuum.

2201 4254 2394 4308 XXXII.
2435 4269 2754 4309 BENEDICTIO
2793 4269 2941 4308 cana
2977 4270 3132 4309 ΒΕΑ-Π
3171 4269 3462 4310 morsum
3501 4267 3526 4296 θ
3573 4271 3886 4326 EPISCOPI,

2273 4341 2421 4386 QUAM
2467 4341 2647 4380 ADHUC
2695 4340 2961 4381 DIACONL'S
3010 4341 3118 4380 CUM
3173 4341 3356 4388 ESSET,
3409 4341 3596 4382 EDIDIT
3649 4347 3726 4387 ΕΤ
3791 4349 3892 4391 cs-

2275 4411 2434 4451 CINIT.

2273 4485 2496 4540 Exultet
2517 4484 2636 4554 jam
2661 4484 2914 4555 angelica
2937 4483 3108 4539 turba
3132 4485 3428 4554 caelorum,
3461 4488 3750 4548 exultent
3785 4494 3886 4550 di-

477 4583 682 4636 morte.
709 4578 814 4642 Qui
837 4575 1168 4632 descendisti
1187 4575 1246 4630 in
1269 4576 1474 4644 lacum,
1491 4581 1554 4632 ut
1579 4594 1648 4632 ex
1668 4577 1864 4632 inferis
1889 4579 2102 4634 vinctos
2121 4568 2180 4648 Ι)
2201 4578 2328 4632 vina
2357 4577 2641 4648 mysteria,
2671 4584 2726 4632 et
2751 4594 2855 4648 pro
2885 4578 3025 4632 tanti
3055 4579 3224 4649 Regis
3265 4580 3502 4635 victoria
3527 4583 3678 4638 tuba
3705 4587 3886 4643 into-

483 4675 768 4738 educeres,
799 4670 1072 4724 descende
1092 4685 1246 4724 nunc
1271 4685 1516 4740 quoque,
1549 4687 1864 4740 precamur,
1887 4672 2106 4728 visceri-

481 4767 588 4822 bus
611 4771 726 4820 tua'.
756 4763 1000 4834 pietatis,
1035 4767 1098 4818 ut
1136 4780 1204 4818 ex
1233 4763 1468 4818 vinculis
1495 4769 1871 4834 peccatorum,
1903 4767 2106 4837 quibus

479 4858 870 4931 unusquisque
894 4857 1319 4928 constringitur,
1347 4874 1450 4912 nos
1465 4857 1736 4928 absolvas,
1764 4859 1970 4915 Salvat.

553 5019 578 5046 ει
624 5005 710 5060 Sic
753 5002 1028 5058 vocabant
1059 5004 1292 5060 Biduum
1331 5007 1462 5064 ante
1506 5003 1732 5072 Pascha,
1769 5003 1846 5062 ita
1889 5008 1952 5058 ut
1995 5021 2107 5060 una

484 5076 717 5132 seorsim
755 5076 872 5128 dies
907 5076 1158 5130 Biduana
1207 5075 1508 5135 diceretur,
1564 5075 1712 5128 infra
1755 5075 1813 5128 in
1871 5075 2106 5138 Sabbato

483 5153 696 5202 sancto.
731 5147 880 5199 ldem
907 5145 998 5199 hic
1029 5145 1086 5198 in
1113 5143 1314 5198 Missali
1341 5145 1640 5200 Gallicana.
1671 5147 1838 5200 Miror
1873 5146 1963 5199 hic
1992 5164 2106 5200 non

485 5218 684 5274 referri
709 5217 888 5272 varias
915 5217 1037 5270 illas
1078 5215 1362 5270 orationes
1389 5233 1524 5286 quas
1563 5217 1624 5270 in
1659 5217 1750 5272 die
1791 5223 1978 5272 sancto
2011 5219 2108 5272 Pa-

485 5305 735 5344 rasceves
749 5303 878 5342 cum
897 5287 1114 5358 praeviis
1135 5287 1620 5358 genuﬂexionibus
1645 5295 1770 5358 post
1790 5289 2107 5358 passionem

485 5359 768 5415 decantari
795 5375 918 5413 mos
945 5361 1048 5430 est.
1076 5360 1235 5430 Certe
1263 5359 1562 5430 Gregorius
1586 5361 1742 5412 testis
1768 5365 1849 5412 est
1878 5376 1967 5418 cas
1987 5361 2109 5430 jam

489 5431 692 5484 saeculo
723 5445 775 5482 vr
815 5431 874 5482 in
913 5429 1209 5484 Gallicanis
1249 5429 1502 5482 Ecclesiis
1543 5430 1601 5480 in
1643 5447 1746 5482 usu
1785 5429 2109 5484 fuisse.'Sic

488 5503 641 5556 enim
667 5500 836 5554 habet
865 5501 922 5554 in
957 5500 1054 5554 lib.
1083 5515 1136 5566 ν,
1160 5515 1292 5572 cap.
1337 5502 1394 5551 tl
1433 5516 1448 5551 :
1483 5517 1511 5548 (ι
1553 5499 1844 5572 Sacerdote
1884 5515 2108 5572 quoque

489 5577 718 5640 orante,
757 5591 784 5624 »
829 5572 1037 5628 scilicet
1075 5570 1232 5641 Avito
1275 5574 1656 5641 Arvernorum
1698 5570 1958 5640 episcolio
2003 5570 2107 5641 pro

487 5639 715 5710 Iudaeis,
769 5663 796 5694 «
840 5649 906 5698 ut
942 5639 1196 5704 conversi
1235 5640 1304 5692 ad
1361 5640 1686 5710 Dominum,
1736 5639 2108 5704 velamen—ab

487 5717 566 5771 eis
597 5709 796 5771 litterae
823 5715 1214 5782 rumperetur;
1239 5729 1272 5782 Α»
1302 5711 1447 5779 (quae
1468 5709 1602 5782 fere
1631 5711 1796 5764 verba
1820 5719 1949 5765 sunt
1978 5729 2106 5768 ora-

485 5788 656 5842 tionis
697 5789 904 5839 nostrae
945 5779 1048 5852 pro
1073 5779 1297 5852 Iudaeis)
1327 5801 1354 5830 ‹‹
1383 5779 1614 5850 quidam
1643 5797 1712 5836 ex
1754 5783 1844 5836 his
1880 5785 1950 5838 ad
1977 5799 2106 5837 san-

491 5865 644 5911 ctum
679 5857 884 5909 Pascha
927 5851 987 5906 ut
1030 5851 1403 5919 baptizaretur
1443 5853 1750 5920 expetiit.»
1793 5859 1876 5910 An
1920 5856 2108 5925 potius

2203 4681 2298 4731 net
2327 4675 2606 4732 salutaris.
2637 4675 2882 4732 Gaudeat
2921 4692 2979 4730 se
3025 4677 3194 4730 tantis
3221 4677 3375 4732 illius
3419 4679 3722 4740 inradiata
3755 4686 3886 4743 ful-

2206 4769 2462 4841 goribus;
2495 4773 2550 4824 et
2578 4770 2776 4824 aeterni
2801 4769 2969 4840 Regis
2997 4770 3294 4840 splendore
3319 4771 3660 4846 inlustrata,
3683 4781 3892 4836 totius

2205 4863 2354 4924 orbis
2381 4879 2438 4918 se
2453 4863 2655 4918 sentiat
2671 4863 2922 4918 amisisse
2941 4863 3266 4933 caliginem.
3297 4865 3555 4922 Laetetur
3585 4875 3648 4926 et
3676 4881 3892 4930 mater

2207 5008 2445 5089 Sabbato
2471 5011 2659 5089 sancto
2683 5009 2820 5089 tunc
2841 5005 3694 5089 fiebantnejusmodi‘oragones
3719 5033 3892 5089 qua-

2205 5080 2284 5134 les
2311 5076 2787 5148 habenturinfra,
2817 5079 2914 5130 sed
2955 5076 3118 5131 nulla
3137 5095 3239 5148 pro
3267 5080 3526 5136 Iudaeis?
3555 5085 3622 5138 ln
3653 5076 3894 5144 Misbali

2206 5149 2486 5204 Gallicana
2524 5147 2760 5202 inferius
2803 5148 3081 5202 orationes
3115 5147 3328 5204 nostra:
3364 5152 3552 5208 solitae
3595 5155 3664 5212 in
3701 5159 3898 5216 Para-

2207 5236 2362 5274 sceve
2383 5219 2724 5272 referuntur.

2276 5291 2304 5330 b
2331 5289 2516 5362 anud
2541 5291 2775 5356 Sextum,
2810 5293 2873 5342 ut
2899 5289 3068 5362 indie
3098 5292 3480 5362 praecedente.

2275 5371 2299 5431 °_
2333 5360 2632 5424 Gallicano,
2661 5362 2716 5412 in
2742 5362 2918 5426 annis,
2943 5360 3116 5428 forte,
3137 5365 3198 5415 in
3219 5367 3344 5431 ﬁne.

2277 5429 2303 5468 ἀ
2334 5431 2392 5484 1d
2419 5437 2518 5496 est,
2547 5447 2672 5491 esse.
2705 5431 2845 5500 ston
2875 5438 3150 5486 veterum.

2279 5511 2302 5546 β
2336 5501 2422 5554 Sic
2460 5500 2778 5554 invenimus
2812 5503 3082 5572 scriptum
3121 5503 3179 5556 in
3215 5503 3340 5558 aliis
3369 5505 3684 5564 Codicibus
3729 5529 3896 5572 mss.

2207 5571 2541 5652 Quanquam
2549 5571 3191 5652 ‘hanc‘benedictioneni
3216 5577 3638 5652 sancto‘_l.eoni
3668 5571 3900 5652 potius

2209 5641 2438 5711 quidam
2473 5641 2832 5696 tribuendam
2875 5651 3124 5698 censent.
3155 5645 3361 5700 Confer
3401 5648 3562 5704 dicta
3603 5641 3683 5705 in.
3711 5655 3808 5710 lib
3857 5673 3902 5712 11

2207 5714 2295 5839 adf
2307 5714 2450 5768 hanc
2492 5715 2661 5769 diem.
2707 5715 2916 5770 Eadem
2957 5715 3198 5770 habetur
3235 5717 3296 5770 in
3329 5717 3540 5776 Missali
3569 5722 3902 5784 Gallicana

2207 5801 2265 5839 in
2291 5803 2372 5839 ra.

2207 5801 2352 5840 lnII‘a
2359 5828 2372 5841 .
