3976 6422
57 412 140 464 269
1117 409 1205 466 DE
1242 409 1551 468 LITURGIA
1585 413 1954 470 GALLICANA
1991 414 2187 470 LIBER
2223 414 2314 471 Ill.

3265 419 3373 474 270

113 513 355 580 Ecclesia,
379 512 785 612 tantiluminis
801 515 1076 612 adornata
1095 516 1342 588 fulgore,
1365 524 1422 575 et
1447 521 1670 591 magnis
1692 523 1900 612 Arint,
1952 524 2142 579 statim
2178 523 2491 594 prodeundi
2529 524 2602 579 ad
2643 523 2893 580 laborem
2934 538 3070 580 cura
3109 525 3385 592 succedit;

58 609 358 680 populorum
399 606 641 662 vocibus
682 608 807 663 hac
844 608 971 662 aula
1023 611 1274 666 resultet.
1321 613 1671 684 Quapropter

61 699 373 754 adstantibus
399 699 591 766 vobis,
634 700 842 754 fratres
872 699 1165 770 carissimi,
1197 703 1267 756 ad
1308 709 1425 757 tam
1468 705 1672 760 miram

63 793 207 846 sancti
230 791 402 860 hujus
431 791 680 845 luminis
701 792 1034 860 claritatem,
1054 809 1171 848 una
1190 811 1434 865 mecum,
1460 813 1670 867 quaeso,

65 885 142 939 Dei
158 884 562 954 omnipotentis
590 884 1041 940 misericordiam
1065 886 1336 956 invocate,
1363 893 1429 942 ut
1457 890 1551 958 qui
1583 905 1672 944 me

66 995 154 1032 non
173 976 306 1030 meis
330 976 562 1030 meritis
597 977 749 1031 intra
777 978 1135 1032 sacerdotum
1177 978 1204 1008 ⁸
1247 995 1550 1034 numerum
1596 981 1674 1035 di-

70 1073 239 1141 gnatus
263 1071 349 1122 est
375 1068 726 1139 adgregare,
748 1069 980 1123 luminis
1008 1071 1095 1124 sui
1117 1071 1297 1140 gratia
1322 1071 1673 1140 infundente,

70 1162 187 1216 cerei
202 1162 370 1231 hujus
394 1161 635 1215 Iaudem
655 1161 892 1232 implere
920 1162 1230 1234 praecipiat.
1252 1164 1358 1218 Per
1382 1177 1677 1237 resurgeno

71 1261 161 1308 tem
186 1253 282 1308 Fil.
312 1269 508 1307 suum.

599 1323 938 1372 Consecralio
967 1337 1119 1374 cerae.

126 1394 356 1464 Dignum
381 1398 438 1448 et
455 1393 689 1463 justum
712 1400 811 1448 est.
829 1396 967 1450 Vere
987 1397 1116 1466 quia
1141 1394 1379 1466 dignum
1391 1401 1447 1451 et
1457 1397 1677 1468 justum

73 1492 136 1540 est
163 1486 489 1541 invisibilem
510 1486 701 1541 Deum
727 1487 1174 1557 omnipotentem
1203 1489 1425 1544 Patrem
1451 1489 1677 1543 Filium-

74 1595 159 1650 que
178 1579 289 1648 ejus
306 1578 685 1651 unigenitum
711 1578 1013 1634 Dominum
1039 1585 1296 1636 nostrum
1313 1582 1501 1637 Iesum
1525 1580 1679 1638 Chri-

75 1677 214 1740 stum,
237 1675 348 1725 toto
363 1671 554 1725 cordis
575 1687 644 1725 ac
663 1670 870 1726 mentis
885 1671 1109 1741 affectu,
1134 1679 1190 1729 et
1205 1672 1353 1727 vocis
1366 1672 1676 1728 ministerio

73 1779 358 1833 personare.
387 1763 495 1827 Qui
521 1779 636 1834 pro
662 1763 827 1817 nobis
852 1769 1063 1818 interno
1089 1766 1241 1820 Patri
1267 1765 1397 1820 Adae
1427 1765 1678 1820 debitum

73 1855 223 1924 solvit,
254 1860 308 1910 et
334 1855 544 1910 veteris
576 1855 788 1926 piaculi
815 1856 1132 1912 cautionem
1160 1857 1256 1928 pio
1281 1873 1476 1912 cruore
1503 1857 1679 1912 deter-

74 2038 148 2092 ille
169 2042 348 2109 Agnus
375 2039 684 2105 occiditur,
727 2039 962 2111 ejusque
998 2041 1228 2111 sanguis
1263 2040 1516 2111 postibus
1542 2057 1674 2096 con-

77 2136 308 2185 secratur.
336 2131 395 2186 In
421 2147 539 2202 qua
563 2129 823 2202 primum
842 2133 1031 2186 Patres
1055 2136 1280 2188 nostros
1305 2132 1449 2188 ﬁlios
1473 2133 1678 2188 Israhel

79 2219 288 2276 educens
331 2222 400 2277 de
442 2222 718 2294 Egypto,
762 2223 1021 2278 Rubrum
1065 2240 1220 2278 mare
1271 2224 1414 2278 sicco
1448 2225 1678 2296 vestigio

79 2315 281 2369 transire
303 2314 503 2369 fecisti.
536 2316 676 2368 Haec
704 2315 883 2386 igitur
907 2332 1020 2370 nox
1059 2319 1142 2371 est
1167 2332 1294 2387 qua:
1320 2319 1677 2387 peccatorum

79 2405 301 2460 tenebras
325 2405 613 2462 columnae
644 2406 1081 2462 inluminatione
1109 2409 1392 2478 purgavit.
1415 2410 1539 2463 Haec
1564 2425 1679 2463 nox

82 2503 275 2568 estquae
317 2499 485 2554 hodie
527 2515 639 2570 per
672 2499 1004 2553 universum
1047 2501 1328 2554 mundum
1357 2501 1414 2554 in
1462 2501 1678 2555 Christo

84 2590 352 2659 credentes,
387 2607 421 2644 a
445 2591 600 2645 vitiis
628 2591 822 2648 saeculi
848 2597 1173 2663 segregatos
1199 2598 1255 2647 et
1281 2593 1518 2664 caligine
1547 2609 1676 2663 pec-

85 2687 315 2751 catorum,
361 2684 550 2738 reddit
594 2685 816 2754 gratiae,
864 2685 1037 2742 sociat
1073 2684 1368 2739 sanctitati.
1406 2686 1532 2739 Haec
1565 2701 1679 2739 nox

87 2779 151 2828 est
183 2775 238 2830 in
269 2791 398 2846 qua,
432 2775 744 2832 destructis
782 2776 1021 2832 vinculis
1064 2776 1281 2843 mortis,
1310 2776 1562 2832 Christus
1609 2777 1679 2831 ab

84 2865 244 2921 inferis
267 2869 442 2924 victor
463 2868 746 2924 ascendit.
778 2868 929 2924 Nihil
954 2868 1108 2924 enim
1135 2869 1290 2924 nasci
1315 2869 1545 2939 profuit,
1574 2869 1680 2924 nisi

84 2959 255 3014 redimi
278 2960 602 3030 profuisset.
637 2961 682 3015 Ο
709 2961 854 3016 mira
877 2961 1024 3016 circa
1062 2977 1166 3016 nos
1204 2966 1318 3016 tum
1347 2961 1565 3032 pietatis
1591 2961 1678 3016 di-

88 3053 275 3120 gnatio!
306 3053 348 3110 Ο
377 3053 793 3112 inaestimabilis
822 3053 1049 3110 dilectio
1079 3054 1343 3124 caritatis,
1369 3058 1436 3109 ut
1457 3069 1680 3109 servum

88 3143 371 3212 redimeres,
425 3145 640 3199 Filium
677 3145 982 3202 tradidisti.
1029 3145 1074 3201 0
1115 3151 1266 3204 certe
1303 3147 1681 3202 necessarium

1769 616 2146 687 dispersasque
2173 633 2274 687 per
2304 633 2488 687 agros,
2519 617 2730 671 libratis
2769 617 3065 688 paululum
3097 617 3386 688 pinnibus,

1771 708 2028 762 cruribus
2073 709 2357 780 suspensis
2400 709 2665 763 insedunt
2713 710 2760 778 ἀ,
2807 715 3023 779 partem
3062 725 3158 763 ore
3201 709 3390 780 legere

1770 800 2048 866 ﬂosculos,
2103 805 2347 856 onerata
2405 801 2736 856 victualibus
2783 801 2918 866 suis,
2967 801 3036 856 ad
3079 806 3258 856 castra
3302 817 3392 856 re-

1771 897 1960 946 meant
1991 909 2004 946 :
2041 891 2230 962 ibique
2255 892 2378 947 aliae
2408 891 2788 947 inaestimabili
2813 896 2931 947 arte
2958 891 3185 947 cellulas
3209 891 3390 948 tenaci

1774 983 1993 1055 glutino
2019 984 2335 1052 instruunt;
2363 984 2485 1039 aliae
2512 984 2784 1054 liquentia
2809 983 2976 1039 mella
2999 984 3237 1054 stipant;
3263 983 3390 1042 alia

1771 1080 1999 1130 vertunt
2024 1077 2188 1131 ﬂores
2213 1075 2272 1130 in
2297 1091 2452 1144 cera;
2481 1075 2608 1130 aliae
2638 1091 2733 1130 ore
2767 1080 2929 1132 natos
2967 1074 3194 1146 ﬁngunt
3224 1091 3238 1128 :
3265 1074 3390 1132 alia

1773 1167 2019 1224 collectis
2057 1184 2087 1222 e
2132 1167 2276 1222 foliis
2321 1173 2512 1224 nectar
2552 1168 2869 1223 includunt.
2900 1167 2943 1222 Ο
2992 1183 3122 1223 vere
3150 1166 3312 1222 beata
3337 1171 3394 1223 et

1773 1259 2048 1314 mirabilis
2099 1260 2239 1330 apis,
2287 1259 2448 1330 cujus
2495 1275 2598 1316 nec
2637 1275 2836 1315 sexum
2884 1259 3116 1314 masculi
3163 1258 3390 1330 violant,

1774 1351 1918 1406 fetus
1955 1367 2072 1406 non
2117 1356 2398 1422 quassant,
2428 1367 2532 1407 nec
2571 1350 2672 1408 ﬁlii
2711 1351 3004 1408 destruunt
3039 1350 3390 1405 castitatem!

1775 1442 1916 1496 sicut
1939 1447 2128 1497 sancta
2174 1442 2432 1512 concepit
2473 1441 2631 1513 virgo
2655 1442 2846 1511 Maria,
2878 1443 3036 1513 virgo
3070 1441 3310 1513 peperit,
3339 1445 3395 1496 et

1775 1535 1934 1605 virgo
1978 1534 2305 1605 permansit.
2339 1534 2384 1590 Ο
2410 1550 2538 1589 vere
2563 1533 2729 1590 beata
2751 1550 2888 1604 nox,
2914 1550 3042 1604 qua:
3069 1533 3394 1604 exspoliavit

1775 1627 2080 1698 Egyptios,
2129 1627 2324 1682 ditavit
2377 1626 2662 1682 Hebraeos!
2715 1627 2854 1694 Nox,
2903 1626 2965 1680 in
2999 1642 3113 1697 qua
3156 1625 3391 1682 terrenis

1776 1719 2014 1774 caelestia
2033 1718 2388 1790 junguntur!
2427 1719 2662 1799 Oramus
2702 1722 2776 1788 te,
2809 1718 3066 1786 Domine,
3097 1722 3163 1774 ut
3195 1733 3394 1775 cereus

1776 1811 1878 1865 iste
1920 1811 1979 1865 in
2020 1811 2236 1867 honore
2272 1811 2522 1867 nominis
2565 1811 2650 1865 tui
2695 1814 3064 1879 consecratus,
3107 1809 3178 1866 ad
3211 1809 3393 1867 noctis

97 1895 308 1974 ζ’ζὶηῗ
319 1895 1132 1974 -11":STIZTKXIXIZ‘
1160 1895 1256 1974 ‘1‘.”
1275 1895 1476 1974 Σέιῗζῖ
1503 1895 1677 1974 ἶῖἷῖξ
1700 1895 1754 1967 Β
1777 1903 1946 1973 huius
1969 1902 2271 1974 caliginem
2294 1903 2689 1958 destruendam
2707 1902 3031 1957 indeﬁeiens
3052 1906 3391 1972 perseveret.

74 1948 144 2000 sit.
172 1948 290 2000 Haec
318 1952 449 2001 sunt
478 1947 643 2002 enim
670 1947 815 2002 festa
843 1948 1145 2017 Paschalia,
1178 1949 1238 2003 in
1272 1949 1476 2020 quibus
1515 1965 1678 2004 verus
1700 1947 1754 1967 υ
1777 1947 1790 2020 ξ

1776 1995 1832 2050 in
1861 1996 2091 2052 odorem
2111 1995 2400 2052 suavitatis
2428 2000 2707 2066 acceptus,
2741 1994 2998 2064 supernis
3023 1992 3395 2049 luminaribus

1776 2087 2096 2142 misceatur.
2111 2088 2390 2142 Flammas
2403 2088 2450 2158 ej
2458 2103 2523 2141 us
2539 2087 2760 2142 Lucifer
2777 2086 3093 2141 matutinus
3117 2083 3390 2142 inveniat:

1777 2180 1890 2249 ille,
1916 2181 2170 2250 inquam,
2199 2181 2436 2248 Lucifer,
2480 2179 2579 2250 qui
2621 2179 2798 2236 nescit
2837 2193 3130 2246 occasum;
3160 2177 3248 2231 ille
3274 2175 3394 2247 qui,

1777 2288 2063 2344 regressus
2089 2273 2159 2327 ab
2186 2272 2402 2341 inferis,
2419 2272 2668 2327 humano
2697 2271 2891 2342 generi
2913 2285 3146 2326 serenus
3168 2267 3394 2328 inluxit.

1776 2366 2078 2421 Precamur
2113 2363 2304 2437 243
2347 2381 2504 2435 ergo,
2534 2364 2793 2432 Domine,
2826 2367 2890 2418 ut
2925 2378 3028 2417 nos
3066 2361 3302 2419 famulos
3341 2365 3400 2418 et

1777 2457 2018 2512 famulas
2042 2462 2188 2526 tuas,
2225 2473 2454 2512 omnem
2477 2457 2712 2522 clerum,
2751 2461 2807 2510 et
2844 2455 3267 2511 devotissimum
3292 2470 3394 2525 po-

1778 2551 1995 2620 pulum,
2031 2565 2145 2602 una
2189 2565 2318 2602 cum
2363 2550 2522 2602 Patre
2563 2553 2754 2601 nostro
2796 2546 3117 2602 beatissimo
3150 2546 3272 2603 viro
3305 2545 3390 2602 ill.

1780 2641 1967 2712 quiete
1995 2645 2311 2711 temporum
2343 2655 2620 2708 concessa,
2652 2639 2713 2694 in
2754 2638 2842 2693 his
2866 2638 3222 2694 Paschalibus
3265 2653 3396 2709 gau-

1780 2733 1884 2787 diis
1918 2749 2242 2787 conservare
2283 2732 2550 2803 digneris.
2581 2732 2685 2787 Per
2720 2747 2938 2802 resurg.
2971 2747 3005 2784 a
3040 2747 3183 2786 mor.
3214 2729 3397 2785 Domi-

1780 2840 1922 2880 num
1945 2830 2202 2880 nostrum
2226 2825 2328 2879 Fil.
2361 2828 2403 2879 t.

2088 2938 2335 2988 Collectio
2353 2940 2472 3002 post
2491 2935 2911 2987 benedictionem
2932 2949 3083 2987 cera.

1853 3027 2055 3083 Sancte
2081 3026 2336 3096 Domine,
2367 3026 2720 3097 omnipotens
2748 3025 2914 3094 Deus,
2931 3024 3028 3096 qui
3051 3025 3122 3079 ad
3147 3028 3395 3104 nostram

1781 3119 2313 3190 contemplationem
2344 3118 2702 3173 tenebrarum
2747 3117 2867 3171 hazc
2900 3117 2960 3171 in
2993 3117 3191 3172 mundi
3227 3117 3397 3190 hujus

88 3235 190 3289 Ade:
219 3209 525 3306 peccatum,
557 3237 717 3308 quod
746 3237 956 3293 Christi
984 3243 1164 3294 morte
1203 3239 1451 3294 deletum
1493 3237 1683 3310 242
1705 3248 1758 3323 C
1784 3212 2020 3323 οξῗξυνθ
2059 3211 2358 3323 Ῑῗωίίξξπξξί
2383 3209 3131 3323 ﬁinicaﬁe'i“?isli,»‘RW“,
3161 3215 3226 3264 ut
3261 3209 3399 3264 dum

89 3328 174 3382 est!
200 3330 238 3384 Ο
268 3329 397 3385 felix
427 3331 624 3401 culpa,
657 3345 785 3401 quae
816 3331 988 3386 talem
1011 3347 1076 3386 ac
1100 3336 1322 3387 tantum
1346 3333 1554 3386 meruit
1577 3333 1678 3385 ha-

88 3418 193 3479 bere
214 3422 651 3494 Redemptorem
680 3439 694 3476 :
722 3422 766 3478 0
805 3423 970 3479 beata
997 3441 1129 3493 nox,
1162 3440 1288 3495 quae
1325 3424 1442 3479 sola
1475 3423 1684 3478 meruit

90 3514 198 3569 scire
232 3519 448 3587 tempus
473 3522 532 3572 et
573 3518 802 3587 horam,
834 3516 895 3572 in
936 3533 1048 3588 qua
1088 3517 1342 3572 Christus
1379 3516 1450 3571 ab
1489 3516 1682 3572 inferis

89 3609 383 3665 resurrexit!
414 3611 544 3667 Haec
569 3627 691 3666 nox
716 3614 802 3664 est
827 3609 896 3665 de
910 3625 1024 3680 qua
1043 3609 1315 3681 scriptum
1339 3615 1422 3664 est
1444 3626 1458 3664 :
1479 3611 1549 3664 Et
1570 3626 1683 3664 nox

90 3702 137 3749 ut
161 3698 262 3753 dies
287 3700 759 3773 inluminabitur;
787 3707 845 3758 et
873 3719 888 3756 :
919 3703 1043 3757 Nox
1068 3702 1422 3758 inluminatio
1455 3718 1580 3756 mea
1622 3703 1682 3757 in
1743 3771 1754 3778 Χ

92 3788 263 3847 deliciis
286 3795 445 3850 meis.
465 3779 663 3866 Hujus
702 3795 880 3866 igitur
919 3794 1281 3850 sanctificatio
1319 3794 1498 3850 noctis
1524 3795 1684 3865 fugat

92 3883 278 3955 scelera,
309 3887 500 3960 culpas
541 3889 718 3957 lavat,
754 3887 941 3944 reddit
985 3887 1365 3944 innocentiam
1407 3887 1595 3958 lapsis,
1628 3891 1684 3942 et

93 3978 266 4033 maestis
294 3978 554 4036 laetitiam
589 3997 602 4036 :
644 3980 810 4051 fugat
833 3980 978 4049 odia,
1027 3981 1380 4036 concordiam
1412 3985 1590 4052 parat,
1628 3983 1684 4036 et

93 4076 250 4125 curvat
271 4073 526 4144 imperia.
559 4075 624 4128 In
644 4073 817 4144 hujus
844 4073 1020 4146 igitur
1039 4074 1218 4128 noctis
1244 4073 1421 4145 gratia
1441 4072 1680 4143 suscipe,

94 4166 244 4218 sancte
269 4165 448 4237 Pater,
477 4166 703 4223 incensi
729 4166 902 4236 hujus
928 4166 1263 4221 sacriﬁcium
1279 4165 1680 4238 vespertinum,

92 4255 216 4320 quod
253 4257 347 4312 tibi
370 4259 429 4312 in
455 4259 566 4314 hac
607 4257 757 4313 cerei
789 4258 1071 4314 oblatione
1100 4259 1338 4314 solemni
1374 4275 1478 4332 per
1513 4257 1680 4313 mini-

92 4349 300 4403 strorum
323 4355 556 4406 tuorum
591 4368 797 4407 manus
828 4351 896 4406 de
916 4351 1183 4423 operibus
1203 4367 1377 4422 apum
1407 4367 1683 4405 sacrosan-

94 4442 162 4490 cta
182 4440 350 4498 reddit
365 4444 636 4502 Ecclesia.
651 4444 760 4500 Sed
768 4445 888 4516 jam
909 4444 1190 4500 columnae
1216 4443 1387 4515 hujus
1406 4443 1686 4516 praeconia

93 4531 331 4602 novimus,
355 4553 529 4608 quam
548 4537 617 4593 in
642 4537 857 4592 honore
879 4537 975 4592 Dei
989 4537 1228 4592 rutilans
1245 4535 1393 4606 ignis
1411 4536 1682 4592 accendit.

95 4620 176 4682 Qui
212 4624 331 4684 licet
363 4604 577 4685 divisus
616 4629 678 4684 in
717 4632 926 4700 partes,
965 4628 1213 4684 mutuati
1251 4604 1481 4684 luminis
1520 4604 1763 4684 detri-D

96 4723 254 4773 menta
278 4737 387 4776 non
420 4722 602 4778 novit.
634 4722 816 4778 Alitur
843 4722 1193 4794 liquantibus
1228 4722 1387 4790 ceris,
1419 4737 1604 4798 quam.
1625 4723 1684 4782 in

97 4808 367 4866 substantia
377 4815 640 4884 pretiosae
656 4815 828 4885 hujus
850 4815 1124 4885 lampadis
1135 4815 1255 4885 apis
1272 4820 1451 4868 mater
1469 4815 1682 4872 eduxit.

98 4900 202 4968 Apis
225 4903 248 4942 ι’
275 4909 468 4961 ceteris
481 4924 616 4978 quas
637 4907 889 4978 subjecta
911 4912 1044 4962 sunt
1059 4907 1280 4964 homini
1304 4908 1686 4964 animantibus

99 4996 354 5052 antecellit.
380 5000 524 5054 Cum
551 4999 626 5053 sit
644 4999 880 5055 minima
897 5000 1146 5071 corporis
1172 5000 1467 5070 parvitate,
1491 5001 1685 5073 ingen-

99 5085 164 5137 tes
183 5086 382 5145 animos
405 5096 655 5163 augusto
685 5098 868 5149 versat
890 5093 952 5147 in
977 5097 1234 5164 pectore;
1261 5092 1473 5148 viribus
1503 5093 1682 5150 imbe-

101 5174 216 5273 cilla,
241 5182 330 5236 sed
355 5183 516 5240 fortis
561 5184 813 5256 ingenio.
854 5187 1002 5253 Haec,
1038 5187 1330 5256 explorata
1367 5192 1687 5258 temporum

102 5280 210 5338 me,
233 5288 356 5330 cum
374 5277 645 5332 canitiem
669 5278 935 5348 proinosa
953 5291 978 5320 ο
1014 5279 1270 5350 hyberna
1297 5280 1606 5350 posuerint,
1634 5287 1689 5338 et

103 5361 297 5427 glaciale
331 5369 556 5425 senium
600 5372 760 5426 verni
800 5371 1070 5443 temporis
1112 5373 1400 5428 moderata
1440 5373 1685 5430 deterse-

109 5544 116 5554 ν
159 5478 376 5559 "Delius
391 5487 514 5559 alii,
538 5491 689 5542 intra
706 5491 1012 5543 Levitamm
1037 5505 1334 5555 numerum,
1356 5494 1419 5544 ut
1457 5490 1688 5546 inferius

106 5549 149 5630 in
177 5549 354 5630 llissaIi
377 5549 688 5612 Gallicano.
719 5559 1181 5630 Quandoquidem
1214 5549 1394 5615 levita:
1429 5561 1573 5614 hanc
1598 5563 1690 5616 be-

105 5619 435 5702 uedict_ionem
473 5644 696 5702 canere
710 5619 917 5702 solent,
937 5619 992 5684 et
1015 5630 1362 5702 Augustinus
1391 5647 1536 5697 eam,
1572 5648 1690 5687 cum

107 5694 491 5770 esseteiaeonus,
518 5698 790 5754 cecinisse
815 5694 1035 5756 dicitur.
1063 5694 1222 5768 Quod
1250 5718 1322 5756 an
1345 5694 1544 5758 verum
1571 5719 1690 5760 esse

108 5766 264 5831 PQSSit,
291 5766 379 5822 alii
401 5769 668 5826 viderint.

162 5828 185 5868 δ
204 5828 330 5913 Qua
346 5848 676 5913 sequuntur
703 5854 892 5913 usque
914 5843 1004 5913 ad,
1039 5845 1082 5902 O
1102 5857 1224 5900 vere
1251 5843 1406 5900 beata
1428 5857 1558 5907 nom,
1586 5841 1688 5898 ha-

115 5894 280 5959 bentur
289 5894 450 5965 etiam
464 5894 676 5966 eius
691 5894 1004 5984 Codicibus;
1030 5894 1127 5970 sed
1141 5894 1689 5969 missamissa}.

1781 3305 1852 3359 ad
1864 3305 2025 3360 illum
2041 3303 2368 3360 aeternitatis
2385 3303 2532 3358 diem
2548 3307 2604 3358 et
2625 3301 2911 3373 Unigeniti
2928 3302 3009 3357 tui
3030 3318 3398 3372 properamus

1780 3413 2095 3466 occursum,
2129 3395 2198 3450 ad
2227 3397 2371 3451 hanc
2416 3395 2663 3465 interim,
2701 3410 2872 3466 quam
2899 3393 3146 3450 tenebris
3180 3410 3394 3466 praepa-

1779 3490 1933 3560 rasti,
1981 3490 2290 3558 lucernam,
2335 3489 2472 3544 dum
2508 3503 2624 3544 nox
2673 3486 2778 3541 ista
2816 3485 3235 3553 transcurritur,
3276 3487 3396 3544 sine

1780 3587 2137 3655 peccatorum
2165 3580 2500 3638 offendicula
2534 3579 2908 3634 ambulemus.
2939 3580 3044 3634 Per
3069 3594 3290 3650 resurg.

2166 3694 2408 3746 Collectio
2428 3696 2547 3757 post
2572 3693 2826 3756 hymnum
2851 3705 3002 3742 cere.

1852 3787 2016 3854 Deus,
2044 3784 2320 3854 templum
2347 3781 2493 3853 ignis
2519 3781 2734 3850 aeterni,
2766 3781 2914 3834 Deus
2952 3796 3098 3834 verte
3124 3780 3263 3835 lucis
3289 3779 3391 3835 ha-

1781 3878 2107 3947 bitaculum,
2135 3877 2280 3930 Deus
2309 3875 2465 3930 sedes
2492 3878 2778 3946 perpetuae
2805 3873 3091 3940 claritatis,
3121 3876 3247 3927 vota
3271 3872 3395 3942 tibi,

1780 3971 2034 4039 Domine,
2085 3967 2376 4023 sollemnia
2435 3966 2547 4022 diei
2582 3965 3078 4020 consummationis
3124 3969 3179 4020 et
3225 3965 3401 4020 noctis

1781 4061 2153 4118 inchoationis
2199 4059 2562 4129 celebrantes,
2610 4075 2693 4126 ac,
2733 4056 3045 4114 luminibus
3087 4055 3274 4112 altaris
3315 4056 3398 4112 tui

1782 4154 2043 4222 incensis,
2075 4138 2482 4226 temporarium
2506 4152 2702 4206 lumen
2735 4149 3049 4220 offerentes,
3090 4154 3155 4204 ut
3175 4147 3400 4204 famulis

1782 4252 1839 4302 et
1859 4245 2175 4302 famulabus
2200 4245 2312 4301 tuis
2330 4260 2528 4300 verum
2548 4259 2610 4299 ac
2636 4258 2884 4316 perenne
2909 4243 3104 4298 lumen
3118 4241 3398 4314 largiaris,

1782 4355 2026 4395 oramus.
2058 4339 2163 4414 Per
2188 4354 2407 4408 resurg.

1782 4472 1998 4526 XXXIII.
2029 4485 2326 4526 ORATIONBS
2366 4483 2667 4525 PASCEALES
2705 4483 2979 4523 nuonacm
3020 4483 3127 4522 cum
3166 4481 3397 4522 TOTIDEL!

2359 4553 2775 4594 COLLBCTIONIBU
2781 4553 2806 4592 S
2814 4579 2827 4591 .

2086 4635 2269 4690 Oratio
2313 4643 2338 4672 ο
2374 4647 2476 4700 pro
2523 4632 2829 4699 gratiarum
2861 4631 3085 4684 actions.

2459 4727 2712 4778 Prmt'alio.

1855 4819 2238 4890 Expectatum,
2264 4815 2466 4870 fratres
2491 4812 2782 4879 carissimi,
2813 4815 2870 4866 et
2903 4811 3278 4866 desideratum
3301 4825 3399 4867 no-

1783 4911 1867 4966 bis
1891 4911 2110 4966 Paschaa
2136 4909 2287 4965 diem
2306 4907 2514 4978 adepti,
2543 4906 2748 4977 gratias
2767 4920 3001 4976 agamus
3027 4903 3399 4973 omnipotenti

1785 5005 1900 5060 Deo
1928 5003 2098 5069 Patri,
2127 5001 2280 5074 quod
2315 5017 2417 5055 nos
2441 5000 2501 5056 in
2527 4999 2673 5055 hanc
2698 4997 2961 5056 eamdem
2991 4995 3142 5050 diem
3176 5010 3280 5066 per
3317 4994 3398 5049 Fi-

1788 5098 1928 5152 lium
1943 5113 2108 5151 suum
2119 5095 2422 5150 Dominum
2435 5097 2696 5147 nostrum
2709 5091 2734 5145 J
2739 5105 2900 5144 esum
2915 5088 3199 5144 Christum
3211 5087 3302 5159 (qu
3309 5102 3400 5144 em

1786 5207 1889 5262 pro
1913 5189 2074 5244 nobis
2106 5187 2348 5242 hostiam
2385 5185 2539 5240 dedit
2562 5185 2622 5240 in
2653 5183 2892 5237 salutem
2930 5181 3216 5251 mternam)
3243 5195 3402 5238 νοω)

1785 5283 1864 5340 vit
1891 5300 1905 5337 :
1936 5282 2006 5336 ob
2034 5282 2140 5336 hoc
2163 5280 2314 5334 fideli
2359 5279 2670 5350 gratiarum
2709 5275 2927 5330 actione
2967 5273 3282 5343 laudemus,
3310 5274 3402 5330 beo

1785 5376 2128 5443 nedicamus,
2182 5371 2615 5428 honorificemus
2660 5367 3020 5424 benedictum
3071 5372 3127 5421 et
3171 5366 3403 5423 beatum

1854 5501 1880 5531 ε
1934 5493 2194 5545 Pruinosa
2229 5487 2287 5541 in
2317 5486 2456 5539 aliis.
2487 5484 2574 5540 Sic
2601 5501 2638 5538 u
2665 5484 2723 5538 in
2749 5500 2778 5538 ο
2803 5483 2980 5537 facilis
3006 5486 3061 5536 e't
3084 5481 3405 5552 promiscua

1788 5561 2075 5633 quondam
2096 5557 2361 5633 mutatio.
2384 5557 2470 5611 Sic
2491 5555 2637 5609 infra
2659 5556 3029 5633 prmonitam
3054 5568 3156 5624 pro
3175 5566 3405 5624 premar

1786 5625 1958 5688 nitam
1987 5637 2042 5684 et
2060 5630 2170 5684 alia
2193 5630 2250 5683 id
2277 5643 2454 5700 genus
2483 5625 2786 5700 permulta.

1857 5703 1884 5742 ἀ
1934 5703 2012 5755 Ita
2038 5700 2202 5754 etiam
2230 5692 2610 5754 in'Gallicano.
2638 5700 2722 5751 An
2747 5692 3022 5750 insident?

1857 5783 1881 5812 ο
1928 5771 2062 5827 Alite
2093 5769 2374 5827 orationes
2413 5768 2714 5836 habentur,
2743 5766 2840 5822 sed
2867 5763 3074 5819 similes
3109 5761 3169 5815 in
3203 5755 3402 5814 niuali

1789 5839 2070 5900 Gallicana
2089 5841 2343 5897 inferius.
