3976 6440
101 397 184 450 273
1171 394 1256 450 DE
1293 395 1603 453 LITURGIA
1639 397 2005 455 GALLICANA
2044 398 2239 455 LIBER
2278 401 2364 455 Ill.

633 499 889 553 Collectio
913 498 1157 565 sequitur.

157 578 535 652 Omnipotens
570 581 843 650 Domine,
873 582 968 654 qui
1003 599 1063 637 es
1093 581 1284 656 246
1313 584 1461 639 Deus
1485 583 1710 641 bonita-

102 677 158 732 tis
183 678 236 730 et
258 675 433 728 totius
457 675 901 743 consolationis,
931 678 987 729 te
1009 676 1289 746 supplices
1317 677 1712 748 deprecamur,

105 774 150 822 ut
171 767 463 822 haereticos
491 772 553 822 et
584 768 852 822 infideles
883 784 916 822 a
946 768 1238 839 perpetuis
1270 770 1552 839 gehennm
1573 770 1717 841 igni-

104 862 188 915 bus
218 859 701 916 manifestatione
746 863 858 914 tute
903 860 1157 914 veritatis
1187 861 1412 932 eripias,
1442 862 1714 933 quoniam

104 954 170 1006 vis
191 968 385 1006 omnes
411 951 696 1006 homines
716 953 901 1007 salvos
920 951 1045 1007 fieri
1071 955 1129 1006 et
1148 953 1221 1007 ad
1241 953 1598 1024 agnitionem
1619 971 1714 1010 ve-

106 1045 260 1098 ritatis
285 1043 504 1098 venire.
537 1046 672 1098 Per.

539 1143 734 1198 Oratio
757 1157 860 1212 pro
889 1157 1024 1212 pace
1049 1157 1251 1212 regum.

797 1230 1050 1280 Prmfntio.

161 1309 458 1365 Dominum
490 1309 932 1366 dominantium
969 1314 1027 1364 et
1065 1311 1285 1381 Regem
1322 1309 1712 1380 regnantium,

108 1404 282 1457 fratres
307 1401 620 1468 carissimi,
655 1402 916 1457 oratione
963 1403 1290 1456 unianimes
1320 1402 1712 1472 deprecemur,

109 1499 154 1549 ut
170 1495 320 1550 nobis
337 1495 554 1566 populo
576 1511 682 1548 suo
707 1511 908 1565 pacem
923 1512 1126 1566 regum
1146 1495 1394 1548 tribuere
1425 1494 1711 1564 dignetur,

109 1590 156 1640 ut
181 1587 449 1656 mitigatis
477 1603 690 1641 eorum
714 1587 1024 1653 mentibus,
1044 1587 1271 1659 requies
1293 1586 1456 1642 nobis
1475 1602 1712 1657 congre-

110 1679 328 1749 gationis
354 1679 517 1732 istius
545 1682 902 1750 perseveret.
934 1681 1060 1733 Per.

639 1770 890 1820 Collectio
919 1770 1166 1833 sequitur.

3326 396 3425 459 274

1734 516 1792 590 Α
1813 503 2010 574 sciant,
2044 505 2222 561 crucis
2247 508 2361 562 tuae
2390 501 2574 579 sigillo
2599 503 2926 581 signentur;
2961 509 3018 565 et
3047 504 3145 582 qui
3164 499 3429 582 indigent

1815 598 2088 653 dietatem
2120 599 2148 639 ι)
2172 601 2245 654 ad
2287 600 2429 655 sacri
2463 602 2711 657 nominis
2741 603 2821 657 tui
2852 602 3203 675 Baptismum
3243 603 3424 676 perci-

1815 708 1948 762 pere
1980 697 2332 747 mereantur.
2364 695 2471 748 Per
2496 695 2828 750 Dominum.

2412 791 2543 839 Item
2573 791 2831 840 collectio.

1883 873 2084 944 Accipe
2125 874 2483 944 signaculum
2509 875 2734 942 Christi,
2765 875 2984 946 suscipe
3013 875 3186 931 verba
3214 875 3423 944 divina,

1815 964 2159 1019 inluminare
2191 966 2362 1020 verbo
2394 966 2645 1034 Domini,
2687 967 2822 1039 quia
2847 968 3018 1024 hodie
3048 969 3336 1023 confessus
3365 983 3424 1024 es

1816 1071 1849 1111 a
1871 1057 2110 1112 Christo.
2139 1060 2245 1112 Per
2274 1059 2599 1114 Dominum.

2416 1157 2542 1204 Item
2565 1155 2821 1206 collectio.

1885 1237 2062 1308 Signo
2088 1240 2143 1291 te
2171 1237 2227 1292 in
2260 1237 2495 1293 nomine
2510 1240 2709 1306 Patris,
2726 1243 2783 1295 et
2799 1240 2940 1307 Filii,
2970 1243 3027 1294 et
3047 1240 3286 1312 Spiritus
3306 1258 3430 1297 san-

1815 1329 1906 1396 cti,
1937 1333 2002 1384 ut
2021 1329 2094 1383 sis
2119 1329 2470 1385 Christianus
2503 1347 2516 1385 :
2548 1333 2760 1398 oculos,
2796 1336 2856 1385 ut
2884 1332 3078 1386 videas
3109 1333 3426 1389 claritatem

1814 1421 1913 1475 Dei
1939 1438 1952 1487 ;
1984 1438 2168 1488 aures,
2197 1426 2259 1475 ut
2285 1423 2482 1476 audias
2502 1440 2699 1478 vocem
2717 1423 2940 1477 Domini
2967 1441 2980 1490 ;
3009 1441 3196 1492 nares,
3220 1428 3282 1478 ut
3297 1426 3432 1480 odo-

1814 1530 1905 1567 res
1945 1514 2284 1568 suavitatem
2319 1515 2562 1581 Christi;
2605 1533 2907 1570 conversus
2934 1528 2976 1581 ο,
3013 1520 3074 1570 ut
3107 1517 3430 1572 confitearis

1815 1607 2064 1672 Patrem,
2113 1609 2170 1659 et
2212 1607 2436 1673 Filium,
2473 1611 2532 1660 et
2569 1607 2842 1677 Spiritum
2883 1609 3188 1674 Sanctum;
3217 1625 3332 1676 cor,
3369 1612 3433 1663 ut

1816 1697 2014 1750 credas
2053 1697 2388 1752 Trinitatem
2432 1698 2896 1769 inseparabilem.
2943 1701 3055 1754 Pax
3084 1704 3294 1755 tecum.
3323 1701 3431 1754 Per

1813 1791 2005 1843 Jesum
2033 1789 2318 1844 Christum
2348 1789 2657 1845 Dominum
2687 1795 2945 1847 nostrum
2984 1793 3083 1864 qui
3109 1809 3238 1848 cum
3263 1793 3428 1848 Patre

166 1850 348 1904 Carnis
386 1849 702 1920 spirituum
736 1850 909 1904 totius
939 1853 1112 1916 sator,
1142 1851 1590 1919 cunctorumque
1627 1865 1714 1902 re-
1738 1875 1793 1946 B
1819 1885 1876 1935 et
1901 1881 2113 1952 Spiritu
2134 1884 2328 1935 sancto
2357 1882 2462 1936 νίν.

110 1958 327 2010 gnorum
363 1941 760 1996 mundialium
809 1941 1083 2007 indultor,
1124 1942 1198 1995 da
1233 1957 1438 2011 regum
1477 1941 1715 1994 culmini

111 2034 372 2104 religionis
416 2033 874 2104 prosperitatem
918 2037 974 2086 et
1008 2033 1183 2103 pacis,
1223 2036 1286 2087 ut
1331 2031 1492 2086 nobis
1535 2049 1715 2102 regno

113 2129 190 2180 tuo
215 2125 412 2179 caelesti
439 2125 497 2179 in
532 2125 710 2179 terris
737 2125 923 2180 adhuc
949 2124 1147 2196 positis
1164 2123 1394 2179 liberius
1423 2122 1591 2179 liceat
1615 2124 1713 2178 de-

112 2217 310 2271 servire.
342 2219 449 2272 Per
476 2233 708 2287 resurg.

387 2315 578 2370 Oratio
602 2329 711 2385 pro
740 2315 1019 2385 spiritibus
1035 2315 1406 2384 pausantium.

775 2401 1028 2451 Praefatio.

171 2482 331 2536 Deum
356 2482 622 2537 Iudicem
657 2480 1062 2546 universitatis,
1094 2481 1275 2534 Deum
1298 2477 1632 2543 caelestium,
1661 2481 1719 2532 et

117 2575 458 2640 terrestrium,
485 2577 543 2628 et
564 2574 957 2638 infernarum,
986 2574 1194 2626 fratres
1224 2572 1594 2639 dilectissimi,
1625 2571 1718 2625 de-

118 2683 382 2735 precemur
426 2683 531 2737 pro
586 2665 883 2737 spiritibus
920 2681 1185 2720 carorum
1241 2669 1565 2718 nostrorum
1621 2663 1718 2734 qui

118 2759 261 2812 nosin
285 2759 572 2813 dominica
599 2775 748 2830 pace
770 2760 1202 2828 praecesserunt,
1229 2759 1289 2809 ut
1315 2773 1412 2811 eos
1442 2756 1718 2810 Dominus

119 2851 162 2903 in
188 2852 428 2921 requiem
461 2853 713 2905 collocet
739 2855 797 2904 et
829 2850 886 2904 in
913 2853 1074 2920 parte
1110 2848 1310 2920 primm
1349 2848 1714 2904 resurrectio-

118 2943 187 2995 nis
212 2944 515 2998 resuscitet.
550 2945 686 2997 Per.

681 3033 855 3083 Oratio
883 3033 1132 3096 sequitur.

171 3115 284 3168 Jesu
311 3114 548 3181 Christe,
572 3114 698 3167 vita
726 3116 784 3167 et
802 3111 1143 3167 resurrectio
1167 3114 1379 3179 nostra,
1404 3111 1556 3166 dona
1582 3127 1714 3166 con-

121 3207 471 3262 sacerdotibus
498 3211 556 3261 et
583 3205 735 3261 caris
762 3205 970 3260 nostris
995 3205 1095 3275 qui
1119 3204 1178 3258 in
1209 3207 1309 3258 tua
1333 3220 1472 3275 pace
1489 3205 1714 3274 requie-
1737 3226 1791 3298 Ο

120 3303 308 3365 verunt,
341 3302 626 3370 exoptatae
662 3297 981 3352 mansionis
1019 3296 1406 3367 refrigerium,
1451 3299 1509 3349 et
1546 3296 1591 3350 si
1619 3296 1716 3366 qui

121 3406 172 3443 ex
189 3390 283 3456 his,
306 3391 644 3446 daemonum
675 3390 877 3444 fraude
901 3389 1147 3458 decepti,
1185 3403 1446 3442 errorum
1478 3404 1536 3441 se
1567 3389 1713 3441 mul-

121 3481 175 3533 tis
197 3484 415 3537 maculis
439 3485 797 3554 polluerunt,
831 3485 911 3548 tu,
940 3481 1200 3547 Domine,
1223 3479 1317 3550 qui
1335 3481 1484 3533 solus
1513 3483 1718 3550 potens

121 3589 184 3638 es,
220 3579 437 3645 peccata
477 3591 689 3630 eorum
740 3574 1011 3640 concede,
1051 3576 1115 3626 ut
1154 3589 1296 3643 quos
1327 3571 1717 3626 damnationis

119 3681 211 3718 suae
227 3667 519 3739 participes
536 3667 804 3722 diabolus
828 3665 1181 3736 gloriabatur
1201 3663 1434 3718 effectos
1450 3681 1591 3730 esse,
1615 3680 1718 3735 per

121 3756 531 3814 misericordiam
572 3764 739 3814 tuam
780 3759 962 3813 socios
1006 3761 1120 3811 tua;
1149 3755 1519 3811 beatitudinis
1551 3756 1712 3826 inge-

125 3850 310 3905 miscat.
333 3852 442 3906 Sal.

526 3924 719 3979 Oratio
742 3935 846 3991 pro
873 3920 1276 3975 catechumem's.

779 4006 1032 4056 Praefatio.

177 4087 384 4143 Precem
409 4089 529 4160 spei
556 4090 807 4143 fratrum
836 4089 1187 4152 nostrorum,
1213 4084 1513 4150 carissimi,
1551 4084 1710 4138 unia-

125 4176 278 4233 nimes
300 4182 657 4252 adjuvemus,
688 4179 770 4234 uti
792 4178 1070 4234 Dominus
1096 4177 1464 4248 omnipotens
1493 4177 1564 4231 ad
1595 4178 1717 4231 fon-

125 4272 221 4323 tem
258 4289 347 4327 eos
385 4274 573 4330 beatae
621 4271 1083 4344 regenerationis
1112 4288 1226 4324 suae
1267 4273 1484 4335 euntes,
1514 4287 1716 4324 omnes

127 4362 489 4420 misericordiae
513 4383 633 4420 suae
662 4363 872 4419 auxilio
901 4363 1142 4434 Spiritus
1166 4364 1561 4433 prosequatur.

639 4455 891 4506 Collectio
919 4455 1168 4518 sequitur.

84 4528 94 4539 ’
178 4534 388 4590 Creator
417 4537 687 4591 omnium
720 4535 984 4601 Domine,
1013 4537 1070 4587 et
1099 4535 1224 4588 fons
1246 4551 1409 4605 aquae
1429 4533 1587 4599 vivae,
1619 4532 1712 4603 qui

125 4639 206 4690 per
224 4628 491 4683 lavacrum
516 4627 794 4700 baptismi
823 4630 1057 4698 peccata
1078 4643 1277 4681 eorum
1309 4626 1483 4692 deles,
1509 4625 1712 4695 quibus

117 4715 219 4781 jam
239 4718 447 4774 donasti
483 4720 924 4775 resurrectionis
960 4719 1157 4785 fidem,
1183 4722 1245 4772 ut
1272 4721 1520 4771 mortem
1547 4718 1712 4788 hujus

125 4811 280 4863 saeculi
308 4829 415 4866 non
436 4813 705 4879 timeant,
735 4813 893 4883 reple
922 4828 1020 4865 eos
1042 4811 1252 4881 Spiritu
1282 4813 1496 4877 sancto,
1517 4814 1578 4864 ut
1597 4811 1709 4865 for-

130 4903 248 4956 mari
274 4903 326 4957 in
347 4905 453 4959 illis
479 4907 772 4961 Christum
805 4922 870 4958 ac
896 4904 1084 4958 vivere
1117 4904 1449 4974 glorientur.
1483 4905 1607 4957 Per.

352 5003 560 5056 XXXIV.
603 5019 674 5057 ΑΙ)
715 5017 1077 5056 CHRISTIANUM
1115 5016 1438 5056 FACIENDUM.

188 5088 351 5164 247
369 5095 634 5161 Domine,
651 5093 892 5164 dignare
905 5093 1246 5147 benedicere
1268 5093 1437 5163 hujus
1461 5091 1716 5147 infantia:

131 5179 526 5240 famulotuo‘ill.
545 5187 571 5216 ⁸
592 5185 869 5257 quoniam
898 5201 1004 5239 nec
1036 5185 1361 5239 conditione
1391 5185 1714 5256 quisquam,

135 5288 214 5324 nec
241 5280 392 5331 etate
433 5279 760 5348 depellitur,
797 5278 1026 5332 dicente
1060 5277 1429 5332 dilectissimo
1454 5278 1590 5332 Filio
1620 5281 1716 5332 tuo

135 5363 343 5423 Domino
366 5374 556 5426 nostro
582 5389 595 5426 :
629 5370 813 5425 Nolite
836 5370 1142 5441 prohibere
1165 5369 1414 5424 infantes
1433 5370 1624 5424 venire
1646 5370 1719 5424 ad

139 5471 228 5510 me.
250 5460 308 5514 lli
325 5463 494 5530 enim,
515 5463 782 5529 Domine,
807 5466 1118 5533 antequam
1140 5463 1357 5517 bonum
1376 5465 1474 5516 aut
1501 5464 1718 5517 malum

190 5582 353 5667 ‘llazc
379 5591 512 5667 nota
543 5591 630 5642 est
653 5586 923 5667 nominis
958 5586 1193 5667 proprii,
1229 5585 1382 5667 quod
1420 5586 1476 5640 in
1506 5586 1718 5667 baptis-

142 5656 267 5727 mate
295 5655 618 5727 impositum
648 5659 819 5712 fuisse
849 5655 1222 5726 intelligimus
1243 5655 1309 5710 ex
1327 5655 1620 5727 Gregorio,
1649 5657 1720 5710 de

139 5721 251 5775 Vitis
279 5721 491 5805 pati-um
515 5733 668 5805 _c_._8,_
694 5729 788 5782 ubi
824 5721 1071 5782 Nicetius
1107 5743 1321 5780 nomen
1352 5726 1411 5781 in
1437 5721 1720 5798 baptiSmo

144 5800 385 5869 accepisse
414 5800 766 5869 perhibetur.

197 5862 220 5901 δ
243 5862 318 5920 An
342 5862 559 5941 pietate,
593 5870 681 5924 vel
708 5872 886 5933 aetate,
916 5866 1012 5923 alii
1045 5867 1398 5925 divinabunt.

1733 4581 1791 4651 D

1956 1988 2143 2041 XXXV.
2187 2003 2476 2042 COLLECTIO
2515 2005 2583 2043 AD
2624 2004 2824 2044 FONTES
2860 2005 3280 2045 BENEDICENDOS.

1887 2089 2134 2155 Stantes,
2170 2089 2374 2142 fratres
2415 2088 2724 2156 carissimi,
2766 2107 2935 2160 super
2972 2089 3158 2161 ripam
3198 2091 3435 2161 vitrigi<l

1815 2181 2024 2246 fontes,
2052 2197 2227 2235 novos
2251 2180 2516 2234 homines
2543 2181 2730 2236 adduc
2757 2181 2837 2235 eis
2859 2182 2927 2236 de
2950 2185 3103 2236 terra
3118 2183 3269 2237 litori
3289 2199 3436 2239 mer-

1817 2276 2037 2326 catores
2065 2289 2164 2326 sua
2187 2273 2532 2329 commercia
2561 2289 2574 2328 :
2609 2273 2820 2344 singuli
2843 2274 3181 2344 navigantes
3208 2276 3437 2346 pulsent

1817 2381 1976 2419 mare
2010 2381 2241 2432 novum,
2271 2381 2385 2419 non
2416 2366 2594 2435 virga,
2629 2365 2729 2419 sed
2759 2383 2954 2433 cruce;
2988 2383 3105 2421 non
3138 2370 3308 2435 tactu,
3333 2369 3433 2422 sed

1817 2473 2017 2523 sensu;
2051 2473 2166 2511 non
2196 2457 2417 2524 baculo,
2451 2457 2549 2511 sed
2578 2461 2956 2512 sacramento.
2985 2459 3163 2512 Locus
3197 2460 3431 2530 quidem

1820 2565 2047 2619 paruus,
2078 2547 2177 2602 sed
2200 2548 2386 2617 gratia
2411 2549 2630 2618 plenus.
2661 2550 2812 2602 Bene
2836 2549 3184 2619 gubernatus
3208 2553 3292 2604 est
3307 2550 3430 2622 Spi-

1817 2640 1956 2694 ritus
1981 2644 2224 2694 sanctus.
2255 2641 2496 2694 Oremus
2517 2657 2655 2711 ergo
2687 2641 2994 2695 Dominum
3028 2645 3085 2696 et
3123 2643 3304 2697 Deum
3335 2660 3433 2698 no-

1817 2735 2017 2799 strum,
2048 2735 2112 2786 ut
2152 2732 2463 2786 sanctiﬁcet
2502 2733 2652 2787 hunc
2695 2734 2951 2800 fontem;
2995 2738 3057 2788 ut
3083 2750 3284 2788 omnes
3334 2735 3431 2807 qui

1817 2824 2222 2878 descenderint
2247 2824 2304 2878 in
2348 2825 2500 2879 hunc
2547 2827 2788 2892 fontem,
2830 2825 3001 2880 faciat
3039 2826 3120 2880 eis
3145 2828 3431 2882 lavacrum

1815 2915 2158 2970 beatissima:
2195 2916 2646 2988 regenerationis
2691 2917 2748 2970 in
2793 2917 3130 2973 remissione
3172 2919 3431 2977 omnium

1816 3012 2198 3080 peccatorum.
2230 3011 2338 3064 Per
2367 3009 2699 3064 Dominum.

2361 3106 2611 3155 Collectio
2632 3105 2878 3169 sequitur.

1887 3189 2036 3243 Deus
2069 3189 2165 3260 qui
2204 3190 2467 3244 Iordanis
2497 3191 2718 3245 fontem
2760 3207 2863 3261 pro
2891 3189 3218 3247 animarum
3246 3194 3432 3249 salute

1817 3281 2196 3348 sanctiﬁcasti,
2226 3281 2535 3336 descendat
2559 3299 2729 3353 super
2745 3300 2921 3354 aquas
2948 3284 3050 3338 has
3083 3287 3320 3356 angelus
3339 3285 3434 3340 be-

1817 3373 2155 3427 nedictionis
2188 3376 2318 3441 tuae,
2348 3378 2411 3428 ut
2439 3374 2641 3445 quibus
2678 3375 2892 3445 perfusi
2928 3375 3127 3430 famuli
3158 3377 3258 3444 tui,
3287 3377 3430 3432 acci-

1815 3465 1976 3536 piant
2015 3465 2413 3520 remissionem
2459 3470 2842 3536 peccatorum,
2874 3483 2937 3520 ac
2973 3469 3157 3523 renati
3189 3486 3255 3523 ex
3284 3486 3433 3541 aqua

1817 3561 1873 3612 et
1902 3557 2113 3628 Spiritu
2140 3561 2356 3626 sancto,
2390 3558 2577 3612 devoti
2603 3558 2708 3612 tibi
2751 3559 2998 3614 serviant
3026 3559 3084 3614 in
3125 3563 3424 3616 aeternum.

1814 3651 1920 3704 Per
1944 3649 2272 3704 Dominum.

2448 3719 2777 3769 Contestatio.

1886 3798 2134 3867 Dignum
2161 3801 2219 3853 et
2235 3798 2454 3868 justum
2481 3802 2584 3865 est,
2615 3799 2858 3853 Domine
2885 3802 3099 3866 sancte,
3122 3801 3292 3855 Pater
3308 3817 3429 3855 om-

1817 3891 2100 3960 nipotens,
2115 3894 2328 3944 aeterne
2341 3892 2508 3958 Deus,
2528 3891 2784 3946 initiator
2799 3895 3146 3958 sanctorum,
3161 3893 3430 3948 chrisma-

1814 3986 1937 4036 tum
1964 3985 2148 4050 Pater,
2179 3986 2236 4036 et
2261 3981 2452 4055 248
2475 3984 2608 4038 novi
2638 4000 2740 4054 per
2771 3985 3005 4038 unicum
3034 3985 3237 4039 Filium
3270 3989 3430 4042 tuum

1815 4075 2126 4130 Dominum
2145 4078 2203 4128 et
2217 4076 2399 4129 Deum
2423 4080 2682 4130 nostrum
2704 4076 2920 4131 inditor
2935 4078 3310 4145 sacramenti;
3335 4079 3430 4150 qui

1814 4167 2171 4238 portantibus
2188 4167 2351 4238 aquis
2372 4169 2646 4238 Spiritum
2672 4172 2832 4222 tuum
2857 4173 3115 4223 sanctum
3139 4173 3271 4224 ante
3291 4171 3430 4225 divi-

1814 4261 1929 4314 cias
1954 4259 2155 4314 mundi
2185 4261 2460 4329 largires;
2499 4261 2598 4331 qui
2632 4261 2962 4315 Bethsaidas
2991 4279 3189 4332 aquas,
3226 4265 3430 4334 angelo

1815 4353 2157 4418 medicante,
2188 4369 2487 4422 procuras;
2517 4352 2611 4422 qui
2639 4352 2904 4407 Jordanis
2931 4355 3176 4419 alveum,
3208 4355 3429 4409 Christo

1816 4445 1951 4499 Filio
1978 4448 2076 4498 tuo
2105 4444 2401 4514 dignante,
2426 4445 2774 4510 sanctiﬁcas;
2809 4445 3044 4515 respice,
3074 4446 3318 4500 Domine
3345 4463 3433 4499 su-

1816 4554 1917 4608 per
1941 4538 2042 4590 has
2070 4553 2266 4606 aquas,
2292 4553 2417 4606 quae
2444 4539 2775 4606 praeparata:
2809 4539 2941 4589 sunt
2967 4535 3037 4590 ad
3070 4537 3313 4590 delenda
3333 4538 3433 4592 ho-

1814 4630 2034 4683 minum
2055 4631 2302 4699 peccata.
2322 4629 2609 4697 Angelum
2629 4627 2856 4697 pietatis
2881 4631 2991 4680 tua:
3017 4627 3103 4681 his
3125 4629 3295 4683 sacris
3312 4629 3434 4684 fon-

1815 4723 1961 4776 tibus
1979 4721 2174 4775 adesse
2199 4720 2438 4790 dignare
2462 4737 2474 4774 :
2504 4720 2631 4773 vitae
2655 4719 2857 4791 prioris
2878 4721 3128 4775 maculas
3150 4721 3360 4790 abluat,
3377 4727 3435 4777 et

1813 4830 2049 4885 parvum
2094 4812 2483 4866 habitaculum
2517 4812 2830 4867 sanctiﬁcet
2869 4812 2991 4880 tibi,
3033 4831 3344 4884 procurans
3371 4818 3435 4868 ut

1814 4905 2346 4977 regenerandorum
2371 4905 2586 4960 viscera
2616 4909 2830 4960 aeterna
2858 4906 3180 4972 ﬂorescant,
3217 4910 3274 4960 et
3301 4924 3431 4961 vere

1815 4999 2172 5069 baptismatis
2189 4999 2407 5054 novitas
2422 5001 2736 5070 reparetur.
2753 4999 3434 5066 Benedic,Domine,Deus

1817 5094 2028 5158 noster,
2066 5093 2214 5145 hanc
2249 5093 2570 5145 creaturam
2613 5108 2793 5162 aquae,
2829 5095 2886 5146 et
2916 5091 3224 5145 descendat
3266 5108 3435 5163 super

1818 5201 1946 5237 eam
1965 5184 2140 5237 virtus
2161 5187 2288 5238 tua:
2316 5183 2560 5253 desuper
2580 5182 2820 5237 infunde
2842 5183 3113 5254 Spiritum
3135 5187 3296 5239 tuum
3311 5201 3436 5240 san-

1818 5279 1968 5330 ctum
1989 5276 2352 5337 Paraclitum,
2383 5276 2652 5345 angelum
2681 5275 2950 5329 veritatis.
2982 5277 3302 5344 Sanctiﬁca,
3324 5279 3431 5332 Do-

1820 5369 1994 5434 mine,
2018 5368 2184 5439 hujus
2208 5367 2388 5422 laticis
2419 5368 2619 5430 undas,
2649 5367 2792 5420 sicut
2816 5369 3176 5422 sanctiﬁcasti
3220 5370 3435 5424 ﬂuenta

1818 5461 2100 5528 Iordanis,
2130 5463 2191 5514 ut
2209 5460 2303 5532 qui
2326 5459 2384 5514 in
2410 5460 2559 5513 hunc
2573 5460 2792 5513 fontem
2815 5459 3237 5527 descenderint,
3263 5462 3321 5516 in
3340 5479 3436 5516 no-

1891 5598 1913 5626 ο
1940 5586 2109 5655 Lege,
2145 5585 2403 5654 linguam,
2434 5599 2710 5639 conversus
2734 5587 2795 5638 ut
2816 5587 3132 5653 conﬁtearis.

1891 5657 1916 5697 ἀ
1944 5654 2107 5709 Forte
2129 5655 2459 5725 legendum,
2481 5670 2639 5724 super
2662 5657 2842 5725 ripam
2864 5658 3022 5725 vitrei
3044 5657 3230 5722 fontis.
3262 5657 3328 5708 Et
3352 5654 3432 5707 in-

1823 5728 1928 5792 fra,
1955 5724 2278 5780 mercaturos
2297 5742 2399 5796 pro
2423 5724 2754 5796 mercatores.
2785 5725 2900 5780 Nisi
2927 5724 2987 5796 si
3006 5726 3064 5796 in
3100 5725 3275 5796 priori
3305 5725 3426 5796 loco

1827 5791 2028 5864 Vitrigi
2056 5799 2140 5868 est
2167 5791 2378 5868 nomen
2413 5795 2707 5868 proprium
2739 5796 2867 5863 loci,
2898 5795 2993 5850 ubi
3034 5791 3426 5866 baptisterium

1826 5870 1967 5936 erat,
1985 5867 2073 5922 vel
2099 5866 2426 5922 conditoris.
