3976 6418
503 363 605 416 275

1294 357 1628 414 APPENDIX
1665 359 1752 414 AD
1787 357 2008 412 OPERA
2043 358 2284 416 SANCTI
2318 359 2618 416 GERIIANI
2653 361 3076 416 PARISIENSIS.

3794 365 3898 427 273

501 465 878 534 minePatris,
917 467 976 522 et
1012 463 1154 532 Filii,
1189 466 1247 520 et
1271 463 1520 536 Spiritus
1546 465 1746 532 sancti,
1781 465 1840 520 et
1861 466 2126 534 peccato-
2149 480 2210 554 Α
2228 465 2386 522 ribus
2411 465 2655 532 liberati,
2672 469 2730 520 et
2750 467 2824 554 ad
2845 467 3086 537 justitiae
3115 471 3290 540 atque
3309 467 3452 525 lucis
3473 466 3734 524 caelestis
3761 484 3898 540 gra-

503 574 634 616 rum
655 558 980 624 veniam,et
1003 557 1184 612 sancti
1206 557 1453 628 Spiritus
1479 558 1828 614 infusionem
1855 556 2130 628 consequi

503 653 854 705 mereantur.
873 651 980 704 Per
999 650 1314 708 Dominum
1331 655 1590 706 nostrum
1603 653 1796 706 Jesum
1817 649 2126 716 Christum,

501 743 596 814 qui
627 747 712 796 est
749 742 1086 797 benedictus
1118 744 1272 814 apud
1307 746 1554 810 Patrem,
1591 747 1648 796 et
1679 742 1952 813 Spiritum
1997 757 2124 796 san-

502 837 658 890 ctum
685 849 790 905 per
819 835 1020 890 omnia
1039 837 1248 892 saecula
1273 837 1632 890 saeculorum.

569 928 772 984 Deinde
795 929 939 994 facis
969 943 1120 983 cruce
1141 929 1208 984 de
1237 930 1478 986 Chrisma
1507 928 1534 957 "
1562 933 1611 982 et
1638 921 1792 982 dicis.

569 1019 836 1075 Exorcizo
883 1023 959 1086 te,
1004 1023 1264 1074 creatura
1310 1037 1502 1090 aqua};
1545 1019 1798 1076 exorcizo
1845 1023 1906 1074 te
1942 1017 2129 1076 omnis

501 1113 778 1169 exercitus
808 1113 1039 1179 diaboli,
1068 1113 1254 1167 omnis
1281 1117 1533 1183 potestas
1564 1111 1908 1179 adversaria,
1941 1110 2129 1166 omnis

501 1205 708 1262 umbra
735 1205 1092 1260 daamonum.
1127 1205 1394 1260 Exorcizo
1429 1209 1484 1259 te
1529 1205 1592 1260 in
1621 1205 1856 1260 nomine
1901 1203 2129 1258 Domini

503 1298 682 1354 nostri
698 1298 828 1353 Jesu
851 1297 1056 1356 Christi
1083 1297 1337 1365 Nazsrei,
1353 1298 1452 1368 qui
1469 1297 1799 1352 incarnatus
1825 1300 1912 1350 est
1938 1296 1998 1350 in
2015 1297 2128 1350 Ma-

499 1390 586 1448 ria
617 1389 862 1460 virgine,
890 1389 981 1444 cui
1017 1390 1214 1446 omnia
1251 1390 1494 1460 subjecit
1525 1391 1694 1444 Pater
1719 1389 1778 1442 in
1809 1389 1945 1444 caelo
1983 1391 2042 1444 et
2071 1388 2128 1442 in

497 1485 672 1540 terra.
699 1482 856 1538 Time
897 1485 957 1538 et
989 1486 1175 1538 tremo
1207 1486 1289 1550 tu,
1323 1485 1380 1536 et
1419 1482 1605 1538 omnis
1633 1482 1857 1536 malitia
1891 1485 2022 1546 tua;
2057 1480 2132 1534 da

501 1574 692 1632 locum
717 1574 954 1646 Spiritui
971 1578 1190 1642 sancto,
1210 1578 1274 1630 ut
1294 1589 1495 1630 omnes
1525 1574 1624 1645 qui
1647 1572 2052 1628 descenderint
2071 1572 2129 1626 in

499 1668 650 1728 hunc
677 1667 922 1738 fontem,
953 1668 1054 1722 fiat
1081 1668 1164 1722 eis
1191 1669 1482 1722 lavacrum
1506 1666 1778 1738 baptismi
1817 1681 2128 1736 regenera-

497 1760 672 1816 tionis
697 1760 756 1814 in
793 1737 1132 1816 remissione
1171 1760 1436 1816 omnium
1473 1763 1862 1831 peccatorum.
1891 1759 1998 1812 Per
2027 1757 2132 1810 Do-

502 1851 721 1906 minum
747 1856 1010 1906 nostrum
1036 1854 1230 1907 Jesum
1243 1852 1550 1918 Christum,
1567 1852 1948 1922 quiventurus
1975 1849 2128 1904 estin
2149 1841 2205 1914 B

499 1943 702 1999 sedem
728 1945 1048 2014 majestatis
1075 1945 1260 1998 Patris
1283 1944 1370 1998 sui
1390 1961 1520 1998 cum
1543 1944 1752 1998 sanctis
1778 1941 1999 2014 angelis
2016 1941 2130 1994 suis

491 2035 756 2110 judicare
781 2039 860 2102 te,
887 2035 1144 2104 inimice,
1167 2040 1225 2090 et
1253 2036 1522 2090 saeculum
1550 2053 1652 2106 per
1689 2035 1887 2106 ignem
1919 2034 1980 2088 in
2023 2049 2125 2086 sae-

501 2127 628 2182 cula
657 2129 1020 2190 saeculorum.

567 2220 768 2276 Deinde
813 2222 1058 2290 insuﬂ’las
1103 2237 1305 2290 aquam
1341 2237 1441 2292 per
1497 2224 1601 2276 tres
1640 2222 1808 2284 vices,
1844 2223 1894 2274 et
1959 2221 2127 2274 mittis

495 2313 728 2368 chrisma
757 2315 814 2368 in
839 2313 1054 2368 modum
1080 2316 1272 2376 crucis,
1303 2318 1354 2368 et
1377 2314 1510 2368 dicis
1536 2332 1552 2367 :

565 2405 779 2460 lnfusio
798 2405 1063 2460 chrismae
1080 2405 1343 2461 salutaris
1355 2405 1582 2460 Domini
1603 2405 1786 2460 nostri
1806 2406 1832 2460 J
1839 2421 1940 2460 esu
1964 2403 2122 2460 Chri-

493 2496 585 2566 sti,
616 2501 678 2552 ut
701 2497 803 2552 fiat
827 2499 955 2552 fons
984 2515 1147 2570 aquae
1186 2498 1440 2554 salientis
1470 2497 1685 2552 cunctis
1735 2495 2127 2552 descendenti-

491 2589 596 2645 bus
625 2591 683 2645 in
711 2607 800 2659 eo,
829 2592 890 2646 in
920 2591 1100 2646 vitam
1129 2593 1428 2646 aeternam.
1461 2593 1666 2646 Amen.

560 2687 698 2739 Dum
723 2685 968 2754 baptizas
991 2685 1290 2752 interrogas
1316 2685 1384 2746 ei,
1411 2687 1461 2738 et
1489 2683 1661 2738 dicis:

562 2775 793 2848 Baptizo
835 2779 889 2828 te
922 2775 998 2828 ill.
1033 2774 1093 2828 in
1124 2774 1360 2829 nomine
1391 2775 1593 2841 Patris,
1635 2776 1694 2826 et
1730 2773 1874 2842 Filii,
1903 2777 1963 2828 et
2004 2773 2125 2844 Spi-

494 2867 638 2922 ritus
667 2867 848 2920 sancti
874 2867 934 2920 in
967 2865 1368 2920 remissionem
1406 2869 1798 2937 peccatorum,
1822 2868 1884 2920 ut
1912 2865 2126 2920 habeas

498 2958 673 3013 vitam
708 2961 1009 3012 aeternam.
1038 2961 1240 3012 Amen.

563 3055 702 3108 Dum
731 3052 966 3106 chrisma
993 3066 1111 3105 eum
1139 3052 1338 3119 tangis,
1370 3050 1504 3104 dicis
1531 3069 1548 3102 :

567 3141 760 3218 249
787 3144 1050 3214 Perungo
1085 3145 1138 3196 te
1168 3141 1416 3197 chrisma
1439 3142 1842 3208 sanctitatis,...
1867 3143 2121 3200 tunicam

493 3234 970 3302 immortalitatis,
1009 3251 1122 3306 qua
1150 3235 1428 3290 Dominus
1465 3239 1659 3290 noster
1682 3236 1840 3292 Iesus
1869 3235 2122 3292 Christus

491 3327 765 3384 traditam
793 3329 1009 3382 aPatre
1039 3328 1259 3398 primus
1299 3328 1536 3398 accepit,
1577 3331 1638 3382 ut
1670 3345 1802 3384 eam
1833 3328 2126 3400 integram

493 3423 552 3476 et
576 3420 880 3474 inlibatam
905 3421 1161 3492 perferas
1193 3423 1324 3474 ante
1355 3420 1608 3476 tribunal
1632 3421 1860 3488 Christi,
1891 3425 1947 3476 et
1971 3421 2126 3478 vivas

493 3512 553 3567 in
576 3513 783 3568 saecula
812 3513 1169 3568 saeculorum.

564 3609 702 3662 Dum
728 3606 886 3675 pedes
909 3605 937 3644 δ
963 3605 1072 3674 ejus
1103 3607 1276 3668 lavas,
1301 3606 1434 3660 dicis
1465 3623 1478 3660 :

563 3699 683 3768 Ego
715 3697 820 3752 tibi
855 3699 978 3752 lavo
1011 3698 1208 3768 pedes.
1237 3697 1394 3754 Sicut
1421 3697 1701 3754 Dominus
1731 3702 1927 3754 noster
1963 3701 2124 3754 Jesus

492 3791 748 3848 Christus
775 3789 912 3847 fecit
943 3790 1234 3861 discipulis
1255 3791 1370 3846 suis
1386 3833 1398 3857 ,
1427 3793 1490 3845 tu
1515 3791 1696 3846 facias
1719 3791 2042 3863 hospitibus
2068 3795 2124 3846 et

493 3883 834 3954 peregrinis,
863 3884 936 3938 ut
951 3882 1166 3938 habeas
1195 3881 1372 3936 vitam
1399 3885 1698 3938 aeternam.

559 3978 702 4034 Dum
728 3977 1098 4030 uestimentum
1119 3976 1170 4029 ei
1196 3977 1458 4044 imponis,
1482 3975 1618 4030 dicis
1646 3995 1662 4030 :

563 4067 774 4137 Accipe
783 4069 1006 4122 vestem
1015 4065 1346 4132 candidam,
1367 4083 1540 4138 quam
1559 4069 1992 4124 immaculatam
2003 4085 2128 4141 per-

495 4160 648 4218 feras
677 4162 812 4216 ante
837 4159 1088 4214 tribunal
1110 4159 1344 4214 Domini
1369 4161 1548 4215 nostri
1565 4163 1592 4217 J
1598 4178 1698 4218 esu
1717 4162 1944 4217 Christi.

1179 4247 1448 4298 Collectio.

567 4325 838 4392 Oremus,
854 4325 1062 4382 fratres
1086 4326 1384 4396 carissimi,
1405 4328 1715 4386 Dominum
1741 4333 1799 4384 et
1813 4329 1995 4386 Deum
2021 4340 2128 4386 n0-

491 4421 678 4478 strum
705 4434 810 4490 pro
831 4419 1040 4476 aufetis
1059 4431 1080 4460 ο
1103 4419 1234 4488 suis,
1266 4420 1361 4492 qui
1392 4422 1572 4478 modo.
1591 4422 1862 4493 baptizati
1894 4425 2044 4490 sunt,
2065 4427 2130 4482 ut

491 4527 621 4578 cum
643 4511 702 4578 in
723 4511 1027 4582 majestate
1051 4529 1156 4568 sua
1181 4512 1440 4570 Salvator
1461 4515 1778 4582 advenerit,
1803 4531 1947 4586 quos
1961 4532 2120 4586 rege-

2228 560 2368 614 tiam
2397 559 2738 630 promissam
2753 551 2954 626 electi,
2993 559 3410 632 omnipotentis
3444 561 3550 617 Dei
3577 561 3788 617 Patris
3813 561 3902 617 in-

2228 653 2586 722 fatigabilem
2599 651 2920 708 bonitatem
2943 669 3047 724 per
3071 655 3362 710 Christum
3387 655 3580 710 ﬁlium
3609 655 3770 726 ejus,
3793 655 3910 710 fra-

2228 748 2346 799 tres
2387 745 2760 813 dilectissimi,
2809 747 3210 817 deprecemur,
3251 751 3315 802 ut
3343 749 3670 803 Ecclesiam
3723 763 3902 802 suam

2230 841 2486 892 sanctam
2518 837 2859 894 catholicam
2895 837 3162 894 diffusam
3191 857 3296 910 per
3319 839 3524 895 orbem
3555 845 3896 907 terrarum,

2231 945 2404 1000 quam
2449 931 2554 984 sibi
2583 932 2966 986 amantissimi
2993 931 3120 987 Filii
3151 933 3237 987 sui
3269 933 3542 1004 passione
3571 937 3636 988 et
3669 933 3900 1005 glorio-

2231 1022 2449 1077 sissimo
2465 1024 2744 1094 sanguine
2759 1025 3131 1095 conquesivit,
3142 1025 3608 1096 jugimajestatis
3621 1043 3752 1081 sum
3767 1039 3902 1098 pro-

2229 1115 2478 1170 tectione
2517 1116 2822 1180 custodiat,
2843 1121 3016 1188 atque
3043 1122 3244 1172 contra
3269 1133 3476 1174 omnes
3502 1119 3722 1174 mundi
3747 1119 3898 1174 insi-

2231 1209 2354 1263 dias
2371 1213 2554 1263 tutam
2577 1210 2987 1281 defensamque
3005 1211 3304 1278 concedat,
3325 1228 3390 1266 ac
3403 1215 3650 1282 praestet
3673 1212 3730 1266 ei
3753 1217 3902 1267 tem-

2231 1317 2372 1373 pora
2395 1301 2704 1374 tranquilla
2731 1301 2790 1356 in
2811 1307 3173 1374 perpetuum.
3203 1303 3312 1358 Per
3335 1307 3783 1376 resurgentem.

2935 1401 3203 1450 Collectio.

2303 1484 2614 1538 Redemisti
2633 1501 2755 1552 nos,
2793 1483 3033 1539 Domine
3061 1485 3230 1552 Deus,
3253 1503 3360 1556 per
3382 1487 3694 1541 lavacrum
3723 1503 3900 1559 rege-

2233 1576 2546 1631 nerationis
2581 1581 2638 1630 et
2681 1577 3024 1646 sanguinem
3069 1578 3269 1644 crucis,
3311 1581 3375 1632 ut
3413 1578 3514 1636 illa
3563 1595 3708 1634 caro
3761 1597 3902 1654 qua

2231 1669 2387 1739 prius
2409 1669 2466 1722 in
2483 1670 2666 1723 Adam
2689 1669 2946 1723 mortalis
2963 1671 3154 1725 fuerat
3170 1671 3394 1739 effecta,
3417 1687 3526 1743 per
3539 1673 3904 1743 passionem

2230 1761 2539 1832 Majestatis
2565 1765 2675 1816 tuae
2697 1778 2922 1816 rursum
2938 1767 3307 1818 revocaretur
3323 1765 3382 1818 in
3401 1766 3640 1819 caelum.
3667 1766 3900 1822 Salvat.

2851 1861 2976 1909 Post
3007 1859 3239 1910 nomina.

2301 1943 2541 1998 Oremus
2561 1959 2663 2014 pro
2689 1943 2777 1998 his
2795 1944 2892 2016 qui
2924 1945 3173 1999 offerunt
3197 1961 3448 2000 munera
3475 1947 3744 2002 Domino
3767 1949 3900 2004 Deo

2231 2039 2425 2091 nostro
2449 2051 2607 2091 sacro
2622 2041 2817 2090 sancta
2829 2033 3021 2110 250
3037 2037 3314 2107 spiritalia
3339 2053 3444 2108 pro
3467 2055 3551 2104 se,
3575 2043 3640 2093 et
3663 2055 3780 2112 pro
3803 2057 3900 2096 ca-

2227 2128 2306 2182 ris
2335 2127 2466 2195 suis,
2491 2132 2548 2181 et
2575 2145 2678 2198 pro
2707 2127 2996 2199 spiritibus
3025 2145 3292 2185 carorum
3323 2145 3589 2198 suorum,
3617 2131 3681 2186 in
3721 2149 3896 2188 com-

2229 2219 2652 2274 memoratione
2707 2224 3038 2276 sanctorum
3083 2225 3436 2294 martyrum,
3479 2227 3546 2277 ut
3595 2225 3900 2280 Dominus

2229 2313 2378 2366 Deus
2407 2316 2600 2367 noster
2629 2327 2825 2382 preces
2858 2313 3088 2368 illorum
3125 2315 3450 2370 clementer
3474 2317 3768 2372 exaudire
3803 2319 3896 2374 di-

2230 2409 2455 2478 gnetur.
2479 2408 2586 2460 Per
2608 2422 2828 2476 resurg.
2883 2477 2961 2526 Ad

2991 2489 3195 2540 pacem.

2297 2560 2982 2632 Comple,Domine,vota
3009 2562 3352 2633 supplicum,
3377 2563 3588 2618 exaudi
3621 2569 3900 2636 gemitus

2227 2657 2627 2724 peccatorum;
2656 2655 2940 2709 osculetur
2967 2656 3164 2710 nosab
3200 2657 3393 2710 osculo
3431 2657 3550 2712 oris
3589 2660 3722 2715 suis
3759 2662 3904 2733 paci

2225 2747 2492 2816 Magister
2527 2751 2586 2801 et
2621 2747 2903 2814 conditor,
2933 2751 2996 2802 ut
3023 2747 3084 2802 in
3121 2749 3288 2804 nobis
3315 2749 3426 2806 hoc
3453 2751 3900 2822 recipientibus

2226 2837 2644 2909 holocaustum,
2659 2855 2860 2910 pacem
2875 2855 3050 2912 quam
3069 2841 3740 2912 speramushabeamus.
3755 2849 3894 2904 Per.

2892 2937 3203 2986 Immolalio.

2293 3016 2544 3087 Dignum
2573 3020 2630 3071 et
2647 3018 2866 3089 justum
2899 3021 3002 3084 est,
3035 3033 3266 3089 aequum
3297 3023 3356 3074 et
3378 3019 3608 3090 justum
3632 3027 3750 3090 est,
3785 3042 3900 3081 nos

2223 3107 2326 3162 tibi
2353 3109 2444 3163 hic
2476 3111 2532 3162 et
2566 3109 2778 3180 ubique
2808 3110 3024 3180 gratias
3045 3127 3240 3180 agere,
3267 3111 3374 3166 tibi
3405 3114 3612 3169 laudes
3655 3115 3894 3186 dicere,

2143 3198 2200 3272 ρ
2224 3204 2280 3254 et
2307 3201 2522 3257 hostias
2551 3202 2872 3269 immolare,
2899 3206 2956 3256 et
2986 3204 3249 3258 confiteri
3269 3205 3713 3263 misericordias
3731 3213 3894 3278 tuas,

2223 3295 2465 3348 Domine
2480 3299 2693 3362 sancte,
2712 3297 2880 3350 Pater
2891 3296 3281 3366 omnipotens,
3299 3297 3520 3354 ceter-ne
3539 3301 3724 3370 Deus,
3747 3320 3900 3375 quo-

2225 3385 2383 3440 niam
2411 3403 2658 3456 magnus
2685 3403 2744 3440 es
2758 3390 2840 3454 tu,
2871 3391 2928 3440 et
2949 3389 3163 3442 faciens
3191 3389 3514 3456 mirabilia;
3547 3395 3616 3447 tu
3645 3411 3714 3448 es
3731 3397 3898 3451 Deus

2225 3480 2394 3532 solus.
2425 3480 2504 3534 Tu
2529 3479 2898 3534 iecisticaelos
2919 3479 2978 3533 in
2999 3479 3296 3536 intellectu
3321 3499 3334 3549 ;
3371 3487 3432 3538 tu
3461 3485 3751 3542 formasti
3775 3493 3896 3544 te}

2224 3587 2350 3625 ram
2371 3587 2540 3642 super
2557 3588 2736 3642 aquas
2758 3589 2774 3638 ;
2795 3577 2856 3626 tu
2875 3573 3060 3626 fecisti
3078 3574 3392 3629 luminaria
3411 3593 3662 3648 magna,
3691 3583 3894 3637 solem

2222 3664 2282 3718 in
2317 3667 2661 3734 potestatem
2705 3665 2840 3730 diei,
2869 3666 3068 3718 lunam
3111 3670 3168 3719 et
3201 3669 3396 3722 stellas
3423 3669 3482 3723 in
3511 3674 3894 3741 potestatem

2225 3757 2425 3812 noctis.
2466 3759 2546 3812 Tu
2589 3755 2769 3812 fecisti
2811 3774 2934 3824 nos,
2979 3761 3036 3812 et
3069 3775 3186 3814 non
3218 3759 3324 3830 ipsi
3357 3779 3497 3828 nos;
3527 3781 3722 3835 opera
3757 3785 3894 3823 ma-

2226 3866 2404 3903 nuum
2433 3853 2660 3904 tuarum
2689 3866 2804 3904 non
2831 3849 3081 3904 omittas.
3117 3853 3264 3907 Tuus
3296 3856 3384 3907 est
3409 3854 3556 3922 dies,
3583 3861 3644 3911 et
3673 3863 3784 3914 tua
3805 3865 3898 3916 est

2227 3959 2356 3996 nox.
2390 3945 2451 3996 In
2474 3942 2564 3996 die
2597 3942 2754 3996 enim
2785 3943 3074 3998 mandasti
3101 3943 3566 4002 misericordiam
3599 3953 3802 4020 tuam,
3838 3959 3900 4009 et

2225 4034 2284 4089 in
2315 4037 2483 4090 nocte
2517 4033 2836 4102 declarasti,
2863 4051 3036 4106 quam
3057 4036 3358 4092 hodiernis
3379 4039 3596 4110 vigiliis
3621 4042 3690 4098 in
3715 4046 3898 4104 lumi-

2227 4127 2315 4182 nis
2341 4128 2508 4198 hujus
2529 4126 2834 4186 festivitate
2862 4127 3237 4184 celebramus.
3273 4132 3403 4185 Hacc
3429 4137 3520 4186 est
3545 4135 3714 4194 enim
3745 4156 3898 4208 nox,

2227 4219 2564 4274 salutarium
2588 4219 2814 4273 conscia
2841 4225 3358 4276 sacramentorum.
3391 4225 3534 4294 Nox,
3569 4227 3632 4282 in
3653 4245 3780 4302 qua
3799 4249 3898 4286 ve-

2229 4313 2382 4367 niam
2403 4311 2795 4384 peccatoribus
2815 4315 3081 4384 praestas;
3119 4313 3190 4368 de
3216 4315 3510 4370 veteribus
3533 4319 3898 4382 hominibus

2228 4422 2404 4460 novos
2432 4405 2608 4458 efﬁcis
2633 4423 2644 4470 ;
2675 4405 2746 4458 de
2775 4405 3005 4458 senibus
3033 4405 3218 4460 effetis
3249 4412 3513 4464 maturos
3545 4413 3754 4469 reddis
3795 4418 3894 4472 in-

2227 4499 2432 4566 fantes,
2463 4515 2606 4569 quos
2631 4497 2690 4554 in
2717 4514 2926 4554 novam
2950 4503 3278 4554 creaturam
3305 4507 3546 4560 renatos
3593 4507 3670 4560 de
3713 4526 3896 4566 sacro

489 4603 712 4670 paravit
723 4621 790 4662 ex
803 4620 958 4678 aqua
983 4608 1042 4662 et
1068 4605 1286 4678 Spiritu
1309 4611 1528 4674 sancto,
1557 4607 1732 4664 faciat
1751 4623 1850 4662 eos
1871 4624 1940 4664 ex
1959 4612 2120 4666 inter-

2284 4595 2378 4648 nte
2417 4591 2704 4664 producis.
2745 4591 2858 4646 Hac
2895 4593 3062 4650 nocte
3097 4591 3156 4646 in
3195 4597 3484 4650 aeternum
3513 4597 3682 4656 diem
3703 4619 3890 4660 rena-

489 4696 672 4754 nitate
695 4695 908 4754 vestire
927 4698 1194 4756 salutem.
1225 4700 1332 4755 Per
1355 4700 1690 4758 Dominum.

561 4855 866 4926 Baptizatis
905 4859 962 4910 et
993 4857 1052 4912 in
1079 4788 1300 4912 c1133:
1328 4789 1635 4926 alienatis,
1667 4874 1810 4932 quos
1843 4857 2118 4913 Dominus

488 4950 685 5012 noster
717 4965 751 5002 a
781 4947 1028 5008 chrisma
1057 4950 1383 5024 petentibus
1427 4951 1869 5024 regeneratione
1901 4949 2118 5008 donare

491 5039 759 5112 dignatus
780 5044 883 5108 est,
908 5058 1214 5114 precamur
1235 5043 1603 5116 omnipotens
1633 5043 1801 5110 Deus,
1831 5047 1893 5098 ut
1911 5043 2118 5118 baptis-

487 5147 648 5188 mum
670 5133 824 5204 quod
857 5139 1218 5206 acceperunt,
1245 5137 1680 5196 immaculatum
1711 5137 1898 5210 ipsum
1927 5137 2114 5212 perfe-

491 5227 623 5280 rant
648 5241 827 5298 usque
859 5226 918 5280 in
941 5227 1137 5286 ﬁnem.
1172 5231 1280 5284 Per
1309 5230 1639 5286 Dominum.

659 5331 870 5390 XXXVI.
903 5349 1060 5396 MISSA
1097 5353 1152 5392 IN
1190 5353 1406 5394 manus
1447 5351 1664 5394 suam
1703 5351 1944 5394 rassae.

557 5421 942 5482 Sacrosanctae
983 5429 1163 5484 noctis
1193 5429 1356 5488 istius
1381 5428 1567 5499 gratia
1597 5429 1850 5486 tenebris
1879 5430 2114 5488 saecula-

556 5567 580 5595 ι
623 5556 714 5612 Sic
738 5560 970 5616 chrisma
1021 5561 1332 5620 ﬂectebant
1380 5562 1620 5624 veteres,
1665 5561 1726 5614 ut
1768 5559 1826 5614 in
1873 5562 2112 5622 concilio

485 5625 908 5716 Bracarensinu,
933 5647 1154 5690 canone
1176 5633 1208 5688 4
1233 5647 1246 5686 :
1282 5633 1347 5686 Ut
1365 5645 1468 5706 pro
1493 5631 1726 5684 chrisma
1751 5632 1890 5687 nihil
1910 5635 2111 5704 episeo-

475 5713 582 5766 pus
609 5707 861 5772 accipiat.

487 5836 496 5846 .
549 5767 1114 5851 Elisseae-letales
1137 5773 1272 5842 ροειι
1303 5769 1652 5851 baptisma!!!
1691 5771 2022 5851 mentiost.
2051 5776 2116 5851 st

2219 4687 2441 4740 scentes
2471 4683 2670 4758 populi
2686 4686 3081 4754 procreantur,
3117 4687 3288 4756 regni
3319 4689 3570 4744 caelestis
3599 4694 3756 4750 atria
3787 4713 3890 4754 re.

2219 4781 2500 4844 serantur,
2527 4781 2587 4832 et
2611 4777 2780 4832 beata
2809 4779 2940 4850 lege
2972 4779 3337 4836 commerciis
3365 4781 3581 4838 divinis
3607 4786 3896 4846 humana

2217 4873 2532 4928 mutantur.
2555 4871 2682 4926 Haec
2709 4873 2795 4924 est
2821 4872 2978 4928 enim
3001 4889 3112 4928 nox
3142 4871 3240 4926 illa
3257 4889 3386 4944 quae
3407 4874 3570 4932 facta
3587 4881 3766 4938 estin
3786 4883 3892 4942 de-

2217 4962 2380 5028 liciis,
2413 4962 2471 5016 in
2500 4979 2613 5033 qua
2643 4963 2894 5022 maxime
2926 4964 3220 5020 delectasti
3247 4967 3672 5038 nos,Domine,
3705 4975 3770 5029 in
3793 4977 3888 5031 fa-

2219 5059 2380 5112 ctura
2399 5057 2516 5112 tua.
2551 5057 2670 5112 Nox
2691 5055 2750 5112 in
2781 5073 2894 5127 qua
2919 5057 3150 5112 inferna
3176 5061 3516 5132 patuerunt,
3533 5079 3654 5118 nox
3677 5066 3747 5122 in
3769 5085 3894 5142 qua

2219 5148 2510 5204 absolutus
2541 5151 2626 5204 cst
2645 5149 2851 5216 Adam,
2883 5167 2996 5206 nox
3018 5151 3078 5206 in
3107 5167 3222 5224 qua
3241 5151 3482 5208 inventa
3503 5159 3596 5210 est
3625 5157 3892 5234 dragma

2219 5257 2346 5314 quae
2373 5242 2642 5314 perierat,
2667 5258 2778 5298 nox
2809 5242 2870 5298 in
2897 5260 3010 5316 qua
3030 5243 3169 5300 boni
3198 5245 3450 5300 Pastoris
3477 5247 3758 5308 humeris
3791 5273 3886 5312 re-

2217 5337 2444 5404 portata
2476 5339 2560 5390 cst
2588 5335 2706 5390 ovis
2745 5335 2990 5408 perdita,
3024 5353 3136 5392 nox
3161 5336 3220 5390 in
3252 5353 3368 5408 qua
3399 5339 3680 5400 diabolus
3707 5364 3886 5404 occu-

2215 5427 2338 5482 buit
2365 5431 2422 5482 et
2459 5427 2553 5484 Sol
2586 5427 2824 5502 justitiae
2863 5429 3118 5486 Christus
3146 5434 3378 5486 exortus
3399 5437 3488 5487 est
3523 5451 3538 5490 ε
3571 5440 3634 5492 et
3673 5442 3890 5498 solutis

2213 5560 2506 5648 M‘ysteriis,
2525 5577 2650 5633 cap.
2673 5565 2748 5648 δι
2745 5565 2800 5616 et
2819 5562 2882 5648 in
2901 5563 3000 5644 lib,
3025 5580 3084 5648 με
3114 5563 3184 5618 de
3203 5564 3634 5648 ξερνειωειιβε-
3663 5589 3800 5648 cap.
3831 5583 3882 5644 1,

2215 5631 2312 5704 ubi
2343 5632 2402 5704 in
2427 5631 2688 5704 Romana
2703 5631 2960 5704 Ecclesia
2986 5633 3046 5690 id
3067 5633 3410 5692 inusitatum
3435 5639 3678 5702 dicitur.
3717 5631 3884 5704 Hicin

2213 5702 2354 5762 ritus
2387 5703 2616 5762 infmia
2643 5703 2848 5762 Missali
2879 5705 3188 5764 Gallicana.

2283 5785 2304 5814 ο
2333 5773 2645 5856 Corruptus
2675 5775 2850 5844 locus,
2877 5775 2973 5830 ubi
3006 5776 3322 5848 legendum
3351 5779 3589 5838 videtur
3609 5803 3724 5856 pro
3747 5805 3882 5845 neo-

471 5836 646 5896 initio
673 5836 843 5912 hujus
859 5837 988 5894 libri
1007 5836 1269 5908 diximus,
1285 5836 1437 5912 apud
1449 5841 1818 5908 Ambrosium
1839 5843 1904 5902 in.
1921 5836 2020 5904 lib;
2041 5841 2112 5906 de
2209 5844 2416 5916 phytis.
