3976 6428
111 436 194 484 277
1165 428 1251 483 DE
1289 426 1596 482 LITURGIA
1631 423 2000 479 GALLICANA
2040 425 2236 480 LIBER
2277 427 2364 481 III.

3330 423 3432 480 278

111 531 297 592 inferni
337 531 602 600 nexibus,
637 532 1011 606 claustrisque
1050 534 1366 606 perfractis,
1391 533 1572 587 multa
1593 549 1719 586 san-
1745 531 2088 615 Amaximre
2131 533 2361 604 pietatis
2402 533 2458 587 et
2503 532 2800 604 potsstatis
2843 530 3209 604 omnipotens
3246 534 3434 603 Pater,

109 635 308 684 ctorum
321 626 679 697 corpora,de
691 627 963 698 sepulcris
977 626 1725 697 erumpentia,intraverunt
1823 625 2140 694 quamlibet
2163 641 2278 680 non
2296 625 2416 680 sine
2444 626 2634 680 debita
2648 625 2982 691 reverentia,
3000 629 3254 680 attamen
3281 628 3437 683 nulla

111 721 156 777 in
181 723 433 775 sanctam
464 719 785 773 civitatem.
822 718 864 773 Ο
896 733 1029 773 vere
1068 719 1238 773 beata
1275 735 1404 784 nox,
1443 729 1569 789 quae
1603 718 1723 771 sola

113 814 304 868 meruit
336 812 482 866 scire
522 818 761 882 tempus
795 816 854 865 et
877 812 1080 865 horam
1110 828 1222 881 qua
1249 810 1501 865 Christus
1531 826 1718 863 resur-

111 907 261 962 rexit!
292 904 360 958 de
393 921 511 975 qua
536 905 667 974 jam
699 903 757 957 in
794 905 1016 974 psalmo
1054 905 1242 957 fuerat
1269 904 1672 974 prophetatum
1703 917 1717 956 :

112 998 232 1062 Quia
260 1009 366 1050 nox
394 1000 458 1050 ut
484 996 612 1050 dies
640 995 1100 1050 inluminabitur.
1128 997 1246 1050 Nox
1284 995 1342 1048 in
1382 1011 1494 1066 qua
1527 997 1721 1048 exorta

113 1093 182 1146 est
212 1089 555 1144 resurrectio
594 1088 656 1142 in
697 1088 1012 1142 aeternum!
1058 1089 1130 1141 Te
1165 1086 1320 1141 enim
1355 1087 1721 1158 omnipotens

108 1181 252 1247 Deus,
276 1186 685 1236 creaturarum
705 1181 1017 1235 caelestium
1045 1180 1354 1234 multitudo
1375 1183 1432 1233 et
1458 1180 1721 1234 innume-

110 1275 292 1330 rabiles
322 1275 675 1344 angelorum
690 1273 848 1328 chori
867 1273 988 1327 sine
1003 1273 1318 1328 cessatione
1339 1273 1716 1343 proclamant,

111 1368 338 1422 dicentes
367 1383 380 1421 :
411 1365 683 1420 Sanctus.

715 1457 834 1505 Post
857 1457 1093 1506 Sanctus.

167 1544 270 1598 Tuo
296 1543 480 1612 jussu,
509 1541 786 1607 Domine,
810 1541 1044 1595 condita
1072 1543 1203 1594 sunt
1233 1539 1413 1612 251
1457 1537 1719 1594 universa

110 1636 156 1690 in
182 1635 305 1689 caelo
351 1638 408 1688 et
447 1635 505 1687 in
538 1638 719 1701 terra,
750 1632 809 1686 in
839 1633 984 1687 mari
1018 1637 1074 1686 et
1104 1633 1161 1686 in
1189 1631 1454 1686 omnibus
1481 1631 1714 1701 abyssis.

108 1727 207 1782 Tibi
226 1727 586 1798 patriarchae,
615 1725 934 1796 prophetae,
959 1725 1219 1795 apostoli,
1248 1726 1547 1794 martyres,
1580 1739 1713 1776 con-

109 1821 344 1885 lessores,
374 1823 548 1889 atque
571 1833 779 1872 omnes
800 1816 978 1870 sancti
1002 1816 1212 1886 gratias
1233 1819 1446 1886 agunt:
1481 1815 1633 1885 quod
1659 1818 1716 1869 et

1823 718 1990 771 ofﬁcii
2020 718 2318 788 dignitate,
2348 719 2472 772 vilis
2496 719 2807 772 admodum
2835 721 3100 788 preCatOr
3126 720 3354 786 accedo,
3378 722 3436 776 et

1820 827 1952 864 reus
1971 811 2331 864 conscientia:
2357 811 2515 864 testis
2537 811 2768 864 adsisto.
2799 809 3018 872 Quidne
3040 811 3254 881 rogabo
3281 812 3435 882 quod

1821 920 1937 957 non
1967 903 2240 956 mereor?
2265 906 2410 956 Atne
2442 903 2534 973 pie
2572 903 2708 973 (non
2741 902 2863 956 sine
2913 902 3014 956 Dei
3051 920 3189 972 pace
3221 904 3434 960 dictum

1820 995 1911 1065 sit)
1934 996 2086 1065 quod
2105 996 2318 1066 peccati
2339 997 2525 1066 magis
2551 999 2635 1049 est
2665 998 2976 1061 accusator,
3001 994 3099 1065 qui
3122 1011 3223 1065 pro
3246 1012 3437 1066 pecca-

1821 1087 1891 1141 tis
1922 1087 2118 1142 debuit
2145 1105 2265 1141 esse
2290 1087 2679 1141 interventor?
2704 1090 2918 1141 Accuso
2949 1102 3087 1158 ergo
3113 1104 3207 1142 me
3235 1088 3357 1154 tibi,
3378 1091 3437 1144 et

1820 1195 1934 1233 non
1969 1196 2190 1246 excuso,
2219 1183 2275 1232 et
2304 1196 2494 1234 coram
2531 1179 3069 1242 testibusconﬁteor
3095 1179 3437 1250 injustitiam

1820 1288 2011 1325 meam
2029 1271 2389 1325 tibiDomino
2408 1273 2522 1325 Deo
2537 1289 2686 1326 meo.
2703 1272 3008 1338 Conﬁteor,
3026 1271 3282 1342 inquam,
3299 1288 3430 1328 con-

1818 1364 1985 1417 ﬁteor
2011 1364 2113 1417 sub
2149 1363 2387 1417 testibus
2422 1363 2760 1434 injustitiam
2802 1364 3110 1434 impietatis
3157 1381 3336 1431 mea,
3374 1367 3437 1420 ut

1817 1457 2075 1510 remittas
2095 1455 2450 1526 impietatem
2464 1455 2679 1525 peccati
2697 1454 2829 1507 mei.
2847 1455 3132 1510 Conﬁteor
3149 1455 3302 1525 quod
3323 1455 3436 1511 nisi

1817 1547 2093 1612 remittas,
2123 1550 2274 1600 recte
2304 1563 2394 1600 me
2436 1547 2656 1617 punias.
2701 1546 2885 1600 Habes
2931 1562 3024 1599 me
3060 1546 3430 1602 confitentem

1817 1638 2115 1705 reum,sed
2143 1637 2420 1708 (scio)nisi
2441 1638 2626 1692 verbis
2644 1654 2760 1692 non
2788 1637 3212 1691 emendantem.
3238 1637 3435 1691 Verbis

1817 1731 1970 1785 enim
1992 1731 2172 1800 placo,
2199 1729 2462 1800 Operibus
2487 1729 2735 1784 offendo.
2760 1729 2994 1800 Culpam
3020 1730 3430 1796 sentio,emen-

1818 1822 2109 1876 dationem
2138 1821 2359 1875 differo.
2390 1821 2637 1876 Subveni
2659 1838 2816 1892 ergo,
2833 1821 3066 1874 subveni
3088 1821 3271 1892 pietas
3290 1821 3432 1876 inef-

109 1928 194 1967 nos
217 1912 505 1977 facientes,
536 1911 648 1964 has
674 1910 888 1964 hostias
920 1909 1203 1979 spiritales
1234 1912 1291 1962 et
1321 1907 1540 1961 sincera
1567 1907 1708 1961 liba-
1733 1892 1790 1963 B
1814 1913 2018 1967 fabilis.
2068 1915 2322 1982 Ignosce,
2356 1913 2583 1983 ignosce
2630 1913 2791 1978 mihi,
2838 1912 3080 1966 Trinitas
3128 1912 3425 1966 mirabilis.

111 2004 246 2058 mina
266 2009 324 2057 ut
343 2003 528 2057 libens
548 2001 824 2057 exaudias
847 2001 1242 2072 deprecamur.
1265 2001 1338 2054 Tc
1358 2016 1603 2065 oramus,
1629 1999 1712 2052 uti

111 2099 199 2151 hoc
224 2097 557 2150 sacriﬁcium
585 2099 688 2148 tua
713 2094 1116 2148 benedictione
1147 2092 1473 2157 benedicas,
1505 2096 1562 2145 et
1585 2091 1706 2162 Spi-

110 2190 227 2242 ritus
247 2189 419 2242 sancti
447 2188 529 2241 tui
559 2203 695 2242 rore
724 2185 1054 2257 perfundas,
1085 2188 1145 2238 ut
1175 2185 1246 2237 sit
1276 2181 1541 2237 omnibus
1568 2183 1706 2252 legi-

111 2282 231 2335 tima
253 2280 630 2347 Eucharistia,
661 2295 766 2350 per
789 2278 1075 2338 Christum
1098 2276 1406 2332 Dominum
1427 2279 1705 2330 nostrum.

112 2373 197 2436 Qui
222 2373 414 2444 pridie.
729 2423 736 2430 .

448 2466 714 2517 Collectio
743 2466 805 2515 ad
836 2465 984 2530 panis
1007 2464 1330 2514 fractionem.

167 2553 382 2623 Respice
429 2551 505 2606 ad
543 2553 700 2605 hanc
745 2551 1115 2616 oblationem,
1146 2548 1509 2618 omnipotens
1537 2546 1705 2612 Deus,

111 2661 254 2716 quam
279 2645 374 2698 tibi
401 2644 710 2699 offerimus
725 2643 784 2696 in
809 2643 1095 2696 honorem
1121 2640 1370 2696 nominis
1395 2640 1474 2693 tui
1500 2655 1602 2710 pro
1625 2654 1708 2691 sa-

110 2738 203 2790 lute
228 2753 440 2807 regum,
476 2739 535 2790 et
567 2736 824 2790 exercitu
845 2752 1066 2800 eorum,
1101 2738 1157 2787 et
1185 2733 1444 2788 omnium
1467 2731 1704 2784 circum-

113 2829 462 2894 adstantium;
498 2833 557 2883 et
589 2833 804 2898 praesta
835 2831 895 2881 ut
917 2828 1016 2898 qui
1045 2844 1109 2880 ex
1137 2843 1205 2880 ea
1222 2824 1590 2895 sumpserint,
1613 2838 1704 2876 ac-

111 2921 293 2991 cipiant
321 2921 634 2976 sanitatem
655 2919 886 2986 mentis,
906 2919 1300 2989 integritatem
1322 2915 1592 2988 corporis,
1620 2918 1706 2968 tu-

113 3015 258 3067 telam
298 3014 510 3079 salutis,
544 3013 909 3066 intellectum
942 3027 1140 3064 sensus
1170 3009 1393 3075 Christi,
1437 3006 1704 3061 securita-

111 3109 206 3159 tem
239 3105 372 3176 spei,
401 3104 944 3161 corroborationem
987 3103 1142 3167 ﬁdei,
1168 3101 1551 3155 arternitatem
1581 3099 1704 3169 Spi-

111 3197 224 3251 ritus
246 3198 437 3252 sancti.
464 3199 689 3252 Prtesta
721 3213 823 3265 per
853 3212 985 3249 eum
1008 3195 1106 3266 qui
1140 3198 1330 3248 tecum
1361 3192 1466 3246 viv.
1501 3195 1558 3245 et
1582 3207 1702 3261 reg.

254 3300 478 3353 XXXVII.
513 3313 680 3353 mssa
721 3313 887 3352 rium
925 3312 1014 3350 nu;
1051 3309 1252 3350 διεκετο
1293 3308 1533 3348 ΡΑεεΗιε.
1627 3321 1638 3334 ι

525 3393 783 3444 Collectio
809 3396 927 3456 post
949 3390 1241 3455 prophetia.

166 3478 381 3534 Summe
401 3480 777 3549 omnipotens
789 3478 957 3540 Deus,
979 3476 1267 3546 quicornu
1284 3471 1477 3526 salutis
1498 3473 1706 3525 nostrae

112 3570 156 3624 in
181 3571 345 3624 crucis
371 3575 482 3625 tua:
503 3570 786 3642 mysterio
811 3567 1074 3632 extulisti,
1100 3570 1160 3619 ut
1187 3582 1288 3618 nos
1309 3565 1367 3618 in
1400 3564 1573 3618 domo
1595 3563 1702 3616 Da-

111 3661 182 3713 vid
194 3663 342 3730 pueri
365 3663 444 3716 tui
463 3662 650 3732 regali
671 3661 899 3730 fastigio
919 3659 1253 3712 sublimares
1275 3675 1287 3722 ;
1322 3657 1378 3709 in
1402 3672 1513 3725 quo
1533 3654 1704 3708 etiam

111 3751 296 3807 trifario
314 3754 477 3808 titulo
493 3752 793 3808 Trinitatis
820 3750 983 3805 nobis
1003 3750 1190 3803 unitas
1211 3748 1574 3802 manifestata
1597 3746 1706 3798 cla-

112 3860 302 3898 rescens
325 3846 654 3900 ostenditur
676 3862 691 3912 ;
724 3845 983 3898 Salvator
1008 3858 1216 3912 nempe
1241 3841 1298 3893 in
1325 3839 1581 3903 homine,
1611 3837 1705 3891 Sa-

113 3935 281 3990 cerdos
309 3938 519 4009 quippe
549 3939 614 3991 in
651 3937 981 4001 chrismate,
1012 3935 1127 3987 Rex
1157 3933 1369 3987 scilicet
1390 3930 1702 3984 secundum

111 4043 310 4083 carnem
364 4047 428 4084 ex
475 4045 732 4101 genere;
774 4044 973 4098 preces
1011 4030 1234 4080 nostras
1273 4029 1384 4078 ture
1423 4023 1702 4092 supplices

112 4123 491 4188 prosternimus
518 4121 828 4192 Majestati,
860 4124 923 4174 ut
947 4136 1088 4190 quos
1118 4119 1178 4172 in
1208 4121 1308 4171 tuo
1336 4115 1570 4170 nomine
1600 4131 1703 4184 per

112 4213 363 4269 lavacrum
412 4212 879 4286 regenerationis
930 4225 1264 4266 consecrare
1315 4209 1582 4279 dignatus
1621 4223 1699 4272 es,

113 4311 328 4373 praestes,
363 4309 541 4362 etiam
572 4308 631 4360 in
669 4305 971 4360 sanctitate
999 4308 1057 4357 et
1075 4302 1297 4373 justitia
1329 4301 1426 4354 tibi
1459 4299 1700 4354 Domino

114 4398 404 4466 servientes,
430 4398 883 4455 unanimitatem
912 4396 1047 4450 ﬁdei
1079 4412 1181 4466 per
1207 4393 1552 4447 infusionem
1583 4391 1703 4462 Spi-

117 4489 230 4543 ritus
256 4493 332 4545 tui
352 4493 532 4547 sancti
561 4489 972 4546 inviolabiliter
995 4487 1299 4553 custodire,
1329 4502 1394 4539 ac
1425 4502 1528 4555 per
1549 4484 1702 4537 viam

114 4583 237 4646 pacis
275 4585 463 4639 liberis
496 4584 790 4656 gressibus
827 4585 1222 4653 properantes,

114 4678 484 4734 conscendere.
512 4680 624 4732 Per
647 4692 869 4745 resurg.

713 4775 836 4822 Post
859 4773 1068 4821 Preces.

166 4857 315 4925 Deus,
342 4860 457 4930 qui,
489 4859 700 4913 evulsis
721 4855 1188 4928 superstitionum
1217 4851 1411 4923 spinis,
1441 4850 1499 4906 in
1524 4851 1707 4906 Eccle-

112 4948 177 5001 sia
205 4954 291 5006 tua
330 4952 622 5023 plantaria
652 4951 784 5006 fidei
815 4951 930 5004 alta
967 4947 1158 5002 radice
1196 4944 1455 5016 posuisti,
1503 4942 1707 4999 exaudi

116 5055 310 5107 precem
356 5045 596 5099 familize
638 5047 788 5109 tuae;
816 5041 1033 5112 respice
1075 5040 1145 5093 de
1176 5040 1333 5104 caelo,
1372 5040 1430 5091 et
1465 5035 1614 5102 vide,
1649 5038 1708 5088 et

116 5133 247 5188 visita
272 5137 497 5192 vineam
526 5137 720 5203 istam,
755 5138 812 5190 et
836 5137 1045 5205 praesta
1061 5135 1141 5199 ut,
1167 5135 1221 5186 te
1249 5130 1560 5200 inrigante,
1593 5128 1706 5182 fru-

116 5228 239 5279 ctum
267 5229 503 5300 accipiat
529 5230 592 5284 in
625 5229 908 5294 ubertate,
934 5242 1080 5296 quaa,
1101 5228 1154 5278 te
1187 5224 1506 5294 plantante,
1528 5219 1708 5274 incre-

117 5323 336 5375 mentum
357 5323 563 5393 accipit
594 5321 654 5376 in
689 5321 969 5391 germine.
1004 5321 1110 5373 Per
1130 5332 1348 5385 resurg.

609 5417 864 5482 Apologia
881 5413 1182 5466 sacerdotis.

169 5503 296 5556 Ante
327 5507 439 5559 tuae
474 5502 886 5559 immensitatis
927 5502 1318 5570 conspectum,
1351 5497 1410 5550 et
1433 5496 1567 5549 ante
1599 5495 1710 5547 tuas

118 5589 490 5651 ineﬁabilitatis
526 5597 744 5662 oculos,
788 5612 819 5650 ο
849 5593 1110 5663 Majestas
1155 5587 1461 5653 mirabilis,
1499 5585 1712 5642 scilicet

120 5687 227 5738 ante
258 5690 377 5743 tuos
417 5693 651 5745 sanctos
694 5688 910 5756 vultus,
946 5683 1138 5758 252
1178 5696 1390 5753 magne
1429 5679 1606 5746 Deus,
1655 5679 1712 5732 et

1810 2007 2002 2072 Parce,
2050 2022 2238 2075 parce,
2290 2021 2486 2074 parce,
2527 2003 2814 2073 supplico,
2860 2005 3051 2057 Deitas
3115 2005 3426 2073 placabilis.

1809 2096 2042 2162 Exaudi,
2077 2095 2300 2162 exaudi,
2338 2095 2540 2148 exaudi
2572 2111 2685 2160 me,
2719 2111 2881 2165 rogo,
2921 2094 3008 2146 his
3054 2094 3239 2147 verbis
3282 2095 3430 2149 illius

1811 2187 1933 2243 Filii
1961 2188 2040 2242 tui
2072 2171 2418 2241 clamantem
2447 2204 2459 2241 :
2487 2188 2673 2252 Pater,
2699 2190 2911 2240 aeterne
2935 2187 3102 2252 Deus,
3125 2186 3351 2256 peccavi
3370 2187 3428 2240 in

1809 2283 1968 2347 caelo,
1989 2283 2044 2333 et
2061 2296 2254 2333 coram
2283 2282 2370 2345 te;
2390 2279 2514 2348 jam
2541 2295 2656 2332 non
2681 2295 2807 2331 sum
2831 2278 3038 2348 dignus
3068 2277 3258 2333 vocari
3280 2278 3428 2333 ﬁlius

1810 2377 1971 2438 tuus;
2003 2372 2091 2426 fac
2117 2388 2208 2424 me
2228 2374 2289 2424 ut
2311 2387 2488 2424 unum
2512 2370 2581 2423 de
2611 2370 2983 2424 mercenariis
3010 2370 3138 2424 tuis.
3164 2371 3234 2424 Et
3253 2387 3422 2439 nunc,

1807 2465 1974 2518 Pater
2003 2463 2342 2529 misericors,
2365 2462 2593 2516 unicum
2621 2461 3024 2516 misericordiae
3039 2465 3149 2515 tuae
3171 2466 3421 2532 portum,

1808 2557 2029 2612 Christo
2070 2557 2316 2621 favente,
2350 2558 2503 2626 peto,
2538 2557 2599 2607 ut
2626 2553 2779 2624 quod
2808 2570 2911 2623 per
2943 2570 3035 2606 me
3080 2553 3295 2607 vilescit
3321 2570 3426 2625 per

1806 2649 1966 2703 illum
2003 2650 2297 2717 acceptum
2327 2647 2475 2700 ferre
2509 2645 2780 2716 digneris.
2811 2645 2918 2710 Qui
2946 2646 3004 2699 in
3032 2649 3310 2700 aeternum
3337 2648 3419 2699 te-

1809 2758 1935 2796 cum
1963 2740 2099 2794 vivit
2129 2743 2185 2793 et
2209 2744 2430 2810 regnat.

2394 2846 2628 2898 Praefatio
2655 2846 2841 2897 missis.

1878 2955 2268 3024 Expectatum,
2297 2953 2500 3007 fratres
2523 2950 2819 3017 carissimi,
2839 2953 2897 3004 et
2913 2949 3298 3006 desideratum
3325 2967 3423 3008 no-

1807 3047 1895 3102 bis
1921 3049 2091 3115 atque
2110 3045 2370 3099 universo
2392 3043 2590 3113 generi
2607 3045 2861 3098 humano
2876 3044 3181 3097 salutarem
3192 3044 3422 3100 Pascha

1809 3139 1962 3193 diem
1983 3137 2194 3208 adepti,
2210 3136 2480 3192 concordi
2501 3153 2563 3190 ac
2583 3135 2850 3205 religiosa
2862 3151 3028 3206 prece
3041 3135 3422 3206 omnipotenti

1727 3239 1781 3314 ρ
1806 3233 1921 3285 Deo
1946 3230 2156 3300 gratias
2176 3245 2432 3298 agamus,
2448 3232 2746 3298 poscentes
2767 3229 2888 3297 ejus
2900 3227 3420 3285 misericordiamin

1806 3325 1912 3378 hac
1930 3323 2020 3376 die
2039 3321 2486 3375 Resurrectionis
2511 3320 2741 3374 Domini
2767 3320 2946 3374 nostri
2959 3321 2984 3373 ,Ι
2991 3336 3088 3373 esu
3105 3320 3311 3375 Christi
3331 3321 3416 3375 Fi-

1805 3415 1865 3469 lii
1888 3414 1992 3481 sui,
2013 3417 2073 3468 ut
2092 3413 2306 3466 tribuat
2330 3415 2657 3482 temporum
2673 3412 2945 3480 quietem,
2971 3428 3176 3481 regum
3198 3412 3422 3482 pacabi-

1804 3507 2042 3572 litatem,
2063 3505 2322 3576 judicum
2353 3503 2872 3569 mansuetudinem,
2905 3503 3155 3557 hostium
3184 3503 3419 3560 inﬁrmi-

1803 3603 2002 3665 tatem,
2016 3613 2317 3667 corporum
2334 3595 2900 3660 salubritatem,acris
2913 3595 3420 3665 temperiem,anni

1803 3690 2241 3760 benignitatem,
2267 3689 2553 3742 fructuum
2577 3685 2820 3755 copiam,
2844 3686 3211 3740 schismatum
3239 3686 3414 3756 paeni-

1805 3783 2066 3848 tentiam,
2089 3780 2345 3851 gentium
2362 3778 2720 3832 vocationem
2743 3795 2757 3844 ;
2791 3781 2847 3832 et
2872 3778 3414 3834 conventumEccle-

1805 3875 2091 3930 siasticum
2136 3873 2369 3943 paciﬁca
2396 3876 2452 3925 et
2487 3887 2632 3941 pura
2657 3869 3122 3941 congregatione,
3153 3871 3416 3928 Paracliti

1804 3968 1886 4022 sui
1917 3965 2364 4021 sanctiﬁcatione
2396 3963 2733 4027 conlustret;
2763 3962 3032 4015 devotum
3063 3978 3128 4016 ac
3166 3961 3420 4020 dicatum

1802 4060 1909 4113 sibi
1929 4058 2266 4130 virginalem
2295 4055 2577 4126 pudorem
2597 4057 2654 4108 et
2673 4054 3038 4109 continentia:
3063 4055 3420 4124 propositum

1802 4152 2114 4222 gloriosum
2147 4153 2318 4219 atque
2343 4148 2577 4202 beatum
2609 4147 2668 4200 in
2706 4146 2972 4201 omnibus
2998 4146 3307 4213 custodiat;
3336 4147 3415 4202 vi-

1801 4246 2043 4299 duarum
2084 4241 2427 4296 laboriosam
2461 4239 2876 4293 continentiam
2921 4255 3020 4292 sua
3051 4238 3438 4296 miseratione

1801 4337 2127 4399 confoveat;
2163 4332 2433 4403 orphanis
2461 4347 2630 4403 opem
2662 4330 2889 4401 pietatis
2920 4333 3172 4400 paternae
3201 4331 3414 4402 imper-

1800 4428 1922 4485 tiat.
1955 4429 2063 4482 Per
2092 4427 2490 4495 resurgentem
2516 4440 2550 4477 a
2591 4426 2762 4476 mort.
2794 4422 3102 4477 Dominum
3135 4426 3413 4478 nostrum.

2347 4532 2594 4582 Collectio
2620 4531 2868 4596 sequitur.

1251 4579 1496 4633 caelesua
1523 4593 1702 4712 regna
1720 4589 1779 4660 D
1875 4637 2022 4690 Deus
2045 4630 2429 4702 omnipotens,
2460 4628 2659 4685 exaudi
2689 4579 2964 4700 populum
2987 4631 3170 4696 tuum,
3192 4629 3300 4686 hac
3325 4629 3420 4687 die

1806 4729 1877 4783 ad
1891 4725 2131 4797 gloriam
2147 4722 2597 4777 Resurrectionis
2619 4721 2851 4777 Domini
2876 4721 3193 4778 nostriJesu
3214 4722 3426 4780 Christi

1805 4820 1927 4875 Filii
1952 4819 2034 4873 tui
2055 4819 2114 4872 in
2134 4820 2232 4872 tuo
2255 4815 2492 4871 nomine
2522 4817 2957 4885 congregatum,
2985 4817 3042 4869 et
3066 4814 3422 4884 Maiestatem

1805 4910 1996 4984 253
2033 4915 2190 4964 tuam
2227 4908 2554 4980 suppliciter
2592 4910 2922 4962 exorantem
2962 4906 3144 4977 dirige
3190 4924 3255 4963 ex
3281 4923 3421 4978 pras-

1806 5005 1950 5059 senti
1975 5003 2279 5057 festivitate
2313 5001 2370 5056 in
2405 5001 2661 5056 laetitiam
2692 4999 3126 5070 sempiternam,
3154 5003 3324 5070 atque
3353 5016 3422 5059 ex

1805 5099 1910 5152 hac
1951 5096 2246 5151 hodiernae
2287 5093 2663 5148 solemnitatis
2714 5092 3057 5147 exultatione
3105 5091 3177 5147 ad
3211 5092 3421 5163 gaudia

1804 5191 2134 5258 incorrupta
2159 5185 2501 5242 transmitte.
2531 5187 2638 5240 Per
2660 5201 2878 5255 resurg.

2419 5295 2539 5343 Post
2573 5293 2799 5343 nomina.

1879 5394 2128 5467 Suscipe,
2160 5409 2503 5466 quaesumus,
2528 5393 2794 5460 Domine,
2817 5393 3064 5449 hostiam
3089 5393 3428 5464 placationis

1809 5493 1866 5543 et
1878 5489 2077 5556 laudis;
2093 5492 2150 5542 et
2163 5488 2264 5542 has
2277 5486 2595 5541 oblationes
2605 5486 2951 5540 famulorum
2964 5486 3424 5558 famularumque

1811 5587 2057 5648 tuarum,
2089 5597 2229 5651 quas
2251 5579 2353 5635 tibi
2379 5579 2671 5635 offerimus
2701 5578 2873 5636 hodie
2905 5578 2965 5635 in
2991 5579 3422 5634 Resurrectione

1810 5673 2038 5732 Domini
2069 5673 2248 5730 nostri
2272 5675 2403 5731 Jesu
2432 5672 2639 5729 Christi
2669 5671 2987 5730 secundum
3024 5687 3276 5738 carnem,
3308 5670 3426 5740 pla:-

176 5818 195 5847 '
216 5823 271 5878 ld
301 5831 382 5882 est
409 5835 532 5899 post
550 5843 786 5901 precem,
816 5830 878 5881 ut
906 5825 964 5881 in
1003 5824 1188 5880 Natali
1214 5820 1466 5890 Domini,
1494 5817 1706 5874 scilicet
1731 5819 1857 5890 post
1892 5817 2170 5888 hymnum
2201 5815 2374 5873 trium
2417 5830 2755 5890 puerorum,
2781 5816 2842 5872 ut
2876 5811 3107 5888 quidem
3137 5807 3413 5877 interpre-

131 5893 305 5953 tamur.
