  <div class='ocr_page' id='page_1' title='image "/cluster/home/n/w/nwhite01/storage/ocr_20150623/72/umn.31951002477365o/147.png"; bbox 0 0 3976 6442; ppageno 0'>
   <div class='ocr_carea' id='block_1_1' title="bbox 473 401 3887 470">
    <p class='ocr_par' dir='ltr' id='par_1_1' title="bbox 473 401 3887 470">
     <span class='ocr_line' id='line_1_1' title="bbox 473 401 3887 470; baseline -0.003 -4"><span class='ocrx_word' id='word_1_1' title='bbox 473 409 576 470; x_wconf 81' lang='lat'><strong>279</strong></span> <span class='ocrx_word' id='word_1_2' title='bbox 1249 406 1580 462; x_wconf 78' lang='lat' dir='ltr'><strong>APPENDIX</strong></span> <span class='ocrx_word' id='word_1_3' title='bbox 1621 407 1707 462; x_wconf 75' lang='lat' dir='ltr'><strong>AD</strong></span> <span class='ocrx_word' id='word_1_4' title='bbox 1743 406 1962 460; x_wconf 79' lang='lat' dir='ltr'><strong>OPERA</strong></span> <span class='ocrx_word' id='word_1_5' title='bbox 1999 405 2232 462; x_wconf 83' lang='lat' dir='ltr'><strong>SANCTI</strong></span> <span class='ocrx_word' id='word_1_6' title='bbox 2269 406 2566 462; x_wconf 76' lang='lat' dir='ltr'><strong>GERMANI</strong></span> <span class='ocrx_word' id='word_1_7' title='bbox 2603 405 3028 462; x_wconf 81' lang='lat' dir='ltr'><strong>PARISIENSIS.</strong></span> <span class='ocrx_word' id='word_1_8' title='bbox 3755 401 3887 456; x_wconf 83' lang='lat'><strong>280</strong></span> 
     </span>
    </p>
   </div>
   <div class='ocr_carea' id='block_1_2' title="bbox 475 509 3141 600">
    <p class='ocr_par' dir='ltr' id='par_1_2' title="bbox 475 509 3141 600">
     <span class='ocr_line' id='line_1_2' title="bbox 475 509 3141 600; baseline -0.005 -27"><span class='ocrx_word' id='word_1_9' title='bbox 475 520 634 576; x_wconf 80' lang='lat' dir='ltr'><strong>catus</strong></span> <span class='ocrx_word' id='word_1_10' title='bbox 649 509 1122 574; x_wconf 81' lang='lat' dir='ltr'><strong>adsume.Tribue</strong></span> <span class='ocrx_word' id='word_1_11' title='bbox 1148 512 1326 570; x_wconf 86' lang='lat' dir='ltr'><strong>etiam</strong></span> <span class='ocrx_word' id='word_1_12' title='bbox 1349 530 1454 586; x_wconf 91' lang='lat' dir='ltr'><strong>per</strong></span> <span class='ocrx_word' id='word_1_13' title='bbox 1473 511 1942 570; x_wconf 82' lang='lat' dir='ltr'><strong>intercessionem</strong></span> <span class='ocrx_word' id='word_1_14' title='bbox 1970 528 2096 567; x_wconf 87' lang='lat' dir='ltr'><strong>san-</strong></span> <span class='ocrx_word' id='word_1_15' title='bbox 2118 525 2176 600; x_wconf 73' lang='grc' dir='ltr'><strong>Α</strong></span> <span class='ocrx_word' id='word_1_16' title='bbox 2869 509 3141 562; x_wconf 88' lang='lat' dir='ltr'><strong>Collectio.</strong></span> 
     </span>
    </p>
   </div>
   <div class='ocr_carea' id='block_1_3' title="bbox 477 593 3878 679">
    <p class='ocr_par' dir='ltr' id='par_1_3' title="bbox 477 593 3878 679">
     <span class='ocr_line' id='line_1_3' title="bbox 477 593 3878 679; baseline -0.005 -13"><span class='ocrx_word' id='word_1_17' title='bbox 477 614 697 666; x_wconf 88' lang='lat' dir='ltr'><strong>ctorum</strong></span> <span class='ocrx_word' id='word_1_18' title='bbox 713 613 944 664; x_wconf 88' lang='lat' dir='ltr'><strong>tuorum</strong></span> <span class='ocrx_word' id='word_1_19' title='bbox 965 607 1110 664; x_wconf 90' lang='lat' dir='ltr'><strong>caris</strong></span> <span class='ocrx_word' id='word_1_20' title='bbox 1137 606 1366 676; x_wconf 84' lang='lat' dir='ltr'><strong>nostris,</strong></span> <span class='ocrx_word' id='word_1_21' title='bbox 1396 608 1494 679; x_wconf 89' lang='lat' dir='ltr'><strong>qui</strong></span> <span class='ocrx_word' id='word_1_22' title='bbox 1519 607 1578 662; x_wconf 88' lang='lat' dir='ltr'><strong>in</strong></span> <span class='ocrx_word' id='word_1_23' title='bbox 1606 607 1828 664; x_wconf 82' lang='lat' dir='ltr'><strong>Christo</strong></span> <span class='ocrx_word' id='word_1_24' title='bbox 1854 593 2176 661; x_wconf 42' lang='lat' dir='ltr'><strong>dormis-ﬂ</strong></span> <span class='ocrx_word' id='word_1_25' title='bbox 2273 599 2312 654; x_wconf 87' lang='lat' dir='ltr'><strong>F</strong></span> <span class='ocrx_word' id='word_1_26' title='bbox 2315 597 2492 653; x_wconf 85' lang='lat' dir='ltr'><strong>amuli</strong></span> <span class='ocrx_word' id='word_1_27' title='bbox 2529 597 2631 666; x_wconf 90' lang='lat' dir='ltr'><strong>tui,</strong></span> <span class='ocrx_word' id='word_1_28' title='bbox 2665 597 2928 664; x_wconf 87' lang='lat' dir='ltr'><strong>Domine,</strong></span> <span class='ocrx_word' id='word_1_29' title='bbox 2973 595 3070 668; x_wconf 87' lang='lat' dir='ltr'><strong>qui</strong></span> <span class='ocrx_word' id='word_1_30' title='bbox 3115 595 3190 651; x_wconf 92' lang='lat' dir='ltr'><strong>ad</strong></span> <span class='ocrx_word' id='word_1_31' title='bbox 3232 599 3394 652; x_wconf 89' lang='lat' dir='ltr'><strong>tuam</strong></span> <span class='ocrx_word' id='word_1_32' title='bbox 3425 598 3568 650; x_wconf 82' lang='lat' dir='ltr'><strong>sunt</strong></span> <span class='ocrx_word' id='word_1_33' title='bbox 3595 593 3878 667; x_wconf 77' lang='lat' dir='ltr'><strong>gratiam</strong></span> 
     </span>
    </p>
   </div>
   <div class='ocr_carea' id='block_1_4' title="bbox 475 687 3874 772">
    <p class='ocr_par' dir='ltr' id='par_1_4' title="bbox 475 687 3874 772">
     <span class='ocr_line' id='line_1_4' title="bbox 475 687 3874 772; baseline -0.004 -16"><span class='ocrx_word' id='word_1_34' title='bbox 475 705 626 770; x_wconf 90' lang='lat' dir='ltr'><strong>runt,</strong></span> <span class='ocrx_word' id='word_1_35' title='bbox 653 701 1022 772; x_wconf 83' lang='lat' dir='ltr'><strong>refrigerium</strong></span> <span class='ocrx_word' id='word_1_36' title='bbox 1049 700 1108 755; x_wconf 90' lang='lat' dir='ltr'><strong>in</strong></span> <span class='ocrx_word' id='word_1_37' title='bbox 1135 701 1374 772; x_wconf 82' lang='lat' dir='ltr'><strong>regione</strong></span> <span class='ocrx_word' id='word_1_38' title='bbox 1395 701 1671 756; x_wconf 89' lang='lat' dir='ltr'><strong>vivorum.</strong></span> <span class='ocrx_word' id='word_1_39' title='bbox 1699 701 1825 756; x_wconf 90' lang='lat' dir='ltr'><strong>Per.</strong></span> <span class='ocrx_word' id='word_1_40' title='bbox 2201 690 2402 759; x_wconf 77' lang='lat' dir='ltr'><strong>vocati,</strong></span> <span class='ocrx_word' id='word_1_41' title='bbox 2429 694 2524 746; x_wconf 91' lang='lat' dir='ltr'><strong>tuo</strong></span> <span class='ocrx_word' id='word_1_42' title='bbox 2552 691 2950 745; x_wconf 80' lang='lat' dir='ltr'><strong>indesinenter</strong></span> <span class='ocrx_word' id='word_1_43' title='bbox 2969 691 3352 761; x_wconf 78' lang='lat' dir='ltr'><strong>protegantur</strong></span> <span class='ocrx_word' id='word_1_44' title='bbox 3367 688 3620 756; x_wconf 88' lang='lat' dir='ltr'><strong>auxilio;</strong></span> <span class='ocrx_word' id='word_1_45' title='bbox 3657 691 3726 742; x_wconf 91' lang='lat' dir='ltr'><strong>ut</strong></span> <span class='ocrx_word' id='word_1_46' title='bbox 3761 687 3874 760; x_wconf 88' lang='lat' dir='ltr'><strong>qui</strong></span> 
     </span>
    </p>
   </div>
   <div class='ocr_carea' id='block_1_5' title="bbox 2205 779 3874 854">
    <p class='ocr_par' dir='ltr' id='par_1_5' title="bbox 2205 779 3874 854">
     <span class='ocr_line' id='line_1_5' title="bbox 2205 779 3874 854; baseline -0.002 -16"><span class='ocrx_word' id='word_1_47' title='bbox 2205 784 2395 840; x_wconf 86' lang='lat' dir='ltr'><strong>divino</strong></span> <span class='ocrx_word' id='word_1_48' title='bbox 2442 787 2575 838; x_wconf 89' lang='lat' dir='ltr'><strong>sunt</strong></span> <span class='ocrx_word' id='word_1_49' title='bbox 2613 784 2900 854; x_wconf 86' lang='lat' dir='ltr'><strong>baptismo</strong></span> <span class='ocrx_word' id='word_1_50' title='bbox 2941 783 3308 853; x_wconf 87' lang='lat' dir='ltr'><strong>regenerati,</strong></span> <span class='ocrx_word' id='word_1_51' title='bbox 3347 797 3662 853; x_wconf 84' lang='lat' dir='ltr'><strong>nunquam</strong></span> <span class='ocrx_word' id='word_1_52' title='bbox 3702 798 3744 836; x_wconf 81' lang='lat' dir='ltr'><strong>a.</strong></span> <span class='ocrx_word' id='word_1_53' title='bbox 3779 779 3874 835; x_wconf 88' lang='lat' dir='ltr'><strong>tui</strong></span> 
     </span>
    </p>
   </div>
   <div class='ocr_carea' id='block_1_6' title="bbox 2203 875 3270 948">
    <p class='ocr_par' dir='ltr' id='par_1_6' title="bbox 2203 875 3270 948">
     <span class='ocr_line' id='line_1_6' title="bbox 2203 875 3270 948; baseline -0.005 -14"><span class='ocrx_word' id='word_1_54' title='bbox 2203 878 2369 948; x_wconf 85' lang='lat' dir='ltr'><strong>regni</strong></span> <span class='ocrx_word' id='word_1_55' title='bbox 2395 877 2654 948; x_wconf 87' lang='lat' dir='ltr'><strong>potentia</strong></span> <span class='ocrx_word' id='word_1_56' title='bbox 2679 877 2901 948; x_wconf 82' lang='lat' dir='ltr'><strong>possint</strong></span> <span class='ocrx_word' id='word_1_57' title='bbox 2931 875 3115 930; x_wconf 88' lang='lat' dir='ltr'><strong>evelli.</strong></span> <span class='ocrx_word' id='word_1_58' title='bbox 3143 877 3270 930; x_wconf 82' lang='lat' dir='ltr'><strong>Pe‘r.</strong></span> 
     </span>
    </p>
   </div>
   <div class='ocr_carea' id='block_1_7' title="bbox 2821 976 3206 1028">
    <p class='ocr_par' dir='ltr' id='par_1_7' title="bbox 2821 976 3206 1028">
     <span class='ocr_line' id='line_1_7' title="bbox 2821 976 3206 1028; baseline -0.01 0"><span class='ocrx_word' id='word_1_59' title='bbox 2821 979 2943 1028; x_wconf 85' lang='lat' dir='ltr'><strong>Post</strong></span> <span class='ocrx_word' id='word_1_60' title='bbox 2975 976 3206 1028; x_wconf 87' lang='lat' dir='ltr'><strong>nomina.</strong></span> 
     </span>
    </p>
   </div>
   <div class='ocr_carea' id='block_1_8' title="bbox 2273 1059 3878 1133">
    <p class='ocr_par' dir='ltr' id='par_1_8' title="bbox 2273 1059 3878 1133">
     <span class='ocr_line' id='line_1_8' title="bbox 2273 1059 3878 1133; baseline -0.004 -14"><span class='ocrx_word' id='word_1_61' title='bbox 2273 1065 2506 1130; x_wconf 78' lang='lat' dir='ltr'><strong>Adesto,</strong></span> <span class='ocrx_word' id='word_1_62' title='bbox 2525 1063 2788 1129; x_wconf 88' lang='lat' dir='ltr'><strong>Domine,</strong></span> <span class='ocrx_word' id='word_1_63' title='bbox 2805 1060 3320 1133; x_wconf 83' lang='lat' dir='ltr'><strong>supplicationibus</strong></span> <span class='ocrx_word' id='word_1_64' title='bbox 3346 1060 3586 1126; x_wconf 81' lang='lat' dir='ltr'><strong>nostris,</strong></span> <span class='ocrx_word' id='word_1_65' title='bbox 3617 1062 3680 1114; x_wconf 90' lang='lat' dir='ltr'><strong>et</strong></span> <span class='ocrx_word' id='word_1_66' title='bbox 3701 1059 3878 1114; x_wconf 86' lang='lat' dir='ltr'><strong>obla-</strong></span> 
     </span>
    </p>
   </div>
   <div class='ocr_carea' id='block_1_9' title="bbox 2207 1152 3878 1224">
    <p class='ocr_par' dir='ltr' id='par_1_9' title="bbox 2207 1152 3878 1224">
     <span class='ocr_line' id='line_1_9' title="bbox 2207 1152 3878 1224; baseline -0.004 -11"><span class='ocrx_word' id='word_1_67' title='bbox 2207 1158 2392 1213; x_wconf 84' lang='lat' dir='ltr'><strong>tiones</strong></span> <span class='ocrx_word' id='word_1_68' title='bbox 2417 1158 2766 1212; x_wconf 88' lang='lat' dir='ltr'><strong>famulorum</strong></span> <span class='ocrx_word' id='word_1_69' title='bbox 2799 1172 2864 1210; x_wconf 91' lang='lat' dir='ltr'><strong>ac</strong></span> <span class='ocrx_word' id='word_1_70' title='bbox 2890 1155 3241 1210; x_wconf 83' lang='lat' dir='ltr'><strong>famularum</strong></span> <span class='ocrx_word' id='word_1_71' title='bbox 3274 1156 3532 1220; x_wconf 87' lang='lat' dir='ltr'><strong>tuarum,</strong></span> <span class='ocrx_word' id='word_1_72' title='bbox 3565 1169 3718 1224; x_wconf 87' lang='lat' dir='ltr'><strong>quas</strong></span> <span class='ocrx_word' id='word_1_73' title='bbox 3755 1152 3878 1206; x_wconf 84' lang='lat' dir='ltr'><strong>tibi</strong></span> 
     </span>
    </p>
   </div>
   <div class='ocr_carea' id='block_1_10' title="bbox 2207 1245 3504 1321">
    <p class='ocr_par' dir='ltr' id='par_1_10' title="bbox 2207 1245 3504 1321">
     <span class='ocr_line' id='line_1_10' title="bbox 2207 1245 3504 1321; baseline -0.005 -15"><span class='ocrx_word' id='word_1_74' title='bbox 2207 1250 2517 1318; x_wconf 78' lang='lat' dir='ltr'><strong>offerimus,</strong></span> <span class='ocrx_word' id='word_1_75' title='bbox 2547 1249 2804 1321; x_wconf 89' lang='lat' dir='ltr'><strong>placidus</strong></span> <span class='ocrx_word' id='word_1_76' title='bbox 2832 1265 2896 1304; x_wconf 89' lang='lat' dir='ltr'><strong>ac</strong></span> <span class='ocrx_word' id='word_1_77' title='bbox 2921 1247 3210 1318; x_wconf 88' lang='lat' dir='ltr'><strong>benignus</strong></span> <span class='ocrx_word' id='word_1_78' title='bbox 3241 1245 3504 1302; x_wconf 87' lang='lat' dir='ltr'><strong>adsume.</strong></span> 
     </span>
    </p>
   </div>
   <div class='ocr_carea' id='block_1_11' title="bbox 2863 1350 3172 1414">
    <p class='ocr_par' dir='ltr' id='par_1_11' title="bbox 2863 1350 3172 1414">
     <span class='ocr_line' id='line_1_11' title="bbox 2863 1350 3172 1414; baseline -0.006 -14"><span class='ocrx_word' id='word_1_79' title='bbox 2863 1350 2939 1400; x_wconf 79' lang='lat' dir='ltr'><strong>Ad</strong></span> <span class='ocrx_word' id='word_1_80' title='bbox 2966 1363 3172 1414; x_wconf 87' lang='lat' dir='ltr'><strong>pacem.</strong></span> 
     </span>
    </p>
   </div>
   <div class='ocr_carea' id='block_1_12' title="bbox 1128 815 1435 879">
    <p class='ocr_par' dir='ltr' id='par_1_12' title="bbox 1128 815 1435 879">
     <span class='ocr_line' id='line_1_12' title="bbox 1128 815 1435 879; baseline -0.003 -13"><span class='ocrx_word' id='word_1_81' title='bbox 1128 815 1206 866; x_wconf 81' lang='lat' dir='ltr'><strong>Ad</strong></span> <span class='ocrx_word' id='word_1_82' title='bbox 1232 829 1435 879; x_wconf 83' lang='lat' dir='ltr'><strong>pacem.</strong></span> 
     </span>
    </p>
   </div>
   <div class='ocr_carea' id='block_1_13' title="bbox 543 905 2105 980">
    <p class='ocr_par' dir='ltr' id='par_1_13' title="bbox 543 905 2105 980">
     <span class='ocr_line' id='line_1_13' title="bbox 543 905 2105 980; baseline -0.003 -16"><span class='ocrx_word' id='word_1_83' title='bbox 543 911 767 977; x_wconf 75' lang='lat' dir='ltr'><strong>Annue,</strong></span> <span class='ocrx_word' id='word_1_84' title='bbox 801 925 1146 980; x_wconf 71' lang='lat' dir='ltr'><strong>quaesumus,</strong></span> <span class='ocrx_word' id='word_1_85' title='bbox 1185 909 1450 975; x_wconf 90' lang='lat' dir='ltr'><strong>Domine,</strong></span> <span class='ocrx_word' id='word_1_86' title='bbox 1489 907 1836 978; x_wconf 88' lang='lat' dir='ltr'><strong>supplicibus</strong></span> <span class='ocrx_word' id='word_1_87' title='bbox 1877 905 2004 974; x_wconf 88' lang='lat' dir='ltr'><strong>tuis,</strong></span> <span class='ocrx_word' id='word_1_88' title='bbox 2043 909 2105 960; x_wconf 90' lang='lat' dir='ltr'><strong>ut</strong></span> 
     </span>
    </p>
   </div>
   <div class='ocr_carea' id='block_1_14' title="bbox 474 998 2103 1058">
    <p class='ocr_par' dir='ltr' id='par_1_14' title="bbox 474 998 2103 1058">
     <span class='ocr_line' id='line_1_14' title="bbox 474 998 2103 1058; baseline -0.004 0"><span class='ocrx_word' id='word_1_89' title='bbox 474 1003 598 1058; x_wconf 58' lang='lat' dir='ltr'><strong>huic</strong></span> <span class='ocrx_word' id='word_1_90' title='bbox 615 1004 826 1058; x_wconf 67' lang='lat' dir='ltr'><strong>nostrae</strong></span> <span class='ocrx_word' id='word_1_91' title='bbox 845 1002 1128 1056; x_wconf 86' lang='lat' dir='ltr'><strong>servitutis</strong></span> <span class='ocrx_word' id='word_1_92' title='bbox 1149 1001 1362 1056; x_wconf 87' lang='lat' dir='ltr'><strong>oblatio</strong></span> <span class='ocrx_word' id='word_1_93' title='bbox 1387 1001 1448 1055; x_wconf 90' lang='lat' dir='ltr'><strong>in</strong></span> <span class='ocrx_word' id='word_1_94' title='bbox 1477 1000 1632 1055; x_wconf 89' lang='lat' dir='ltr'><strong>diem</strong></span> <span class='ocrx_word' id='word_1_95' title='bbox 1649 998 2103 1054; x_wconf 83' lang='lat' dir='ltr'><strong>Resurrectionis</strong></span> 
     </span>
    </p>
   </div>
   <div class='ocr_carea' id='block_1_15' title="bbox 473 1092 2105 1160">
    <p class='ocr_par' dir='ltr' id='par_1_15' title="bbox 473 1092 2105 1160">
     <span class='ocr_line' id='line_1_15' title="bbox 473 1092 2105 1160; baseline -0.004 -9"><span class='ocrx_word' id='word_1_96' title='bbox 473 1095 708 1151; x_wconf 89' lang='lat' dir='ltr'><strong>Domini</strong></span> <span class='ocrx_word' id='word_1_97' title='bbox 737 1095 918 1150; x_wconf 86' lang='lat' dir='ltr'><strong>nostri</strong></span> <span class='ocrx_word' id='word_1_98' title='bbox 945 1097 970 1150; x_wconf 86' lang='lat' dir='ltr'><strong>J</strong></span> <span class='ocrx_word' id='word_1_99' title='bbox 979 1112 1076 1149; x_wconf 90' lang='lat' dir='ltr'><strong>esu</strong></span> <span class='ocrx_word' id='word_1_100' title='bbox 1107 1094 1333 1160; x_wconf 90' lang='lat' dir='ltr'><strong>Christi,</strong></span> <span class='ocrx_word' id='word_1_101' title='bbox 1367 1097 1424 1148; x_wconf 93' lang='lat' dir='ltr'><strong>et</strong></span> <span class='ocrx_word' id='word_1_102' title='bbox 1450 1095 1693 1148; x_wconf 85' lang='lat' dir='ltr'><strong>salutem</strong></span> <span class='ocrx_word' id='word_1_103' title='bbox 1727 1092 1890 1147; x_wconf 88' lang='lat' dir='ltr'><strong>nobis</strong></span> <span class='ocrx_word' id='word_1_104' title='bbox 1917 1093 2105 1146; x_wconf 90' lang='lat' dir='ltr'><strong>confe-</strong></span> 
     </span>
    </p>
   </div>
   <div class='ocr_carea' id='block_1_16' title="bbox 475 1189 1543 1259">
    <p class='ocr_par' dir='ltr' id='par_1_16' title="bbox 475 1189 1543 1259">
     <span class='ocr_line' id='line_1_16' title="bbox 475 1189 1543 1259; baseline -0.004 -15"><span class='ocrx_word' id='word_1_105' title='bbox 475 1189 626 1244; x_wconf 86' lang='lat' dir='ltr'><strong>ferat</strong></span> <span class='ocrx_word' id='word_1_106' title='bbox 655 1191 713 1242; x_wconf 90' lang='lat' dir='ltr'><strong>et</strong></span> <span class='ocrx_word' id='word_1_107' title='bbox 741 1204 960 1259; x_wconf 86' lang='lat' dir='ltr'><strong>pacem.</strong></span> <span class='ocrx_word' id='word_1_108' title='bbox 993 1189 1100 1241; x_wconf 90' lang='lat' dir='ltr'><strong>Per</strong></span> <span class='ocrx_word' id='word_1_109' title='bbox 1123 1189 1543 1258; x_wconf 85' lang='lat' dir='ltr'><strong>resurgentem.</strong></span> 
     </span>
    </p>
   </div>
   <div class='ocr_carea' id='block_1_17' title="bbox 1123 1299 1459 1352">
    <p class='ocr_par' dir='ltr' id='par_1_17' title="bbox 1123 1299 1459 1352">
     <span class='ocr_line' id='line_1_17' title="bbox 1123 1299 1459 1352; baseline -0.012 0"><span class='ocrx_word' id='word_1_110' title='bbox 1123 1299 1459 1352; x_wconf 84' lang='lat' dir='ltr'><strong>Contestatio.</strong></span> 
     </span>
    </p>
   </div>
   <div class='ocr_carea' id='block_1_18' title="bbox 546 1394 2106 1470">
    <p class='ocr_par' dir='ltr' id='par_1_18' title="bbox 546 1394 2106 1470">
     <span class='ocr_line' id='line_1_18' title="bbox 546 1394 2106 1470; baseline -0.006 -17"><span class='ocrx_word' id='word_1_111' title='bbox 546 1399 792 1470; x_wconf 89' lang='lat' dir='ltr'><strong>Dignum</strong></span> <span class='ocrx_word' id='word_1_112' title='bbox 825 1400 883 1451; x_wconf 91' lang='lat' dir='ltr'><strong>et</strong></span> <span class='ocrx_word' id='word_1_113' title='bbox 903 1397 1123 1467; x_wconf 87' lang='lat' dir='ltr'><strong>justum</strong></span> <span class='ocrx_word' id='word_1_114' title='bbox 1155 1397 1258 1462; x_wconf 90' lang='lat' dir='ltr'><strong>est,</strong></span> <span class='ocrx_word' id='word_1_115' title='bbox 1280 1409 1508 1466; x_wconf 56' lang='lat' dir='ltr'><strong>{equum</strong></span> <span class='ocrx_word' id='word_1_116' title='bbox 1532 1395 1589 1447; x_wconf 92' lang='lat' dir='ltr'><strong>et</strong></span> <span class='ocrx_word' id='word_1_117' title='bbox 1610 1394 1855 1447; x_wconf 86' lang='lat' dir='ltr'><strong>salutare</strong></span> <span class='ocrx_word' id='word_1_118' title='bbox 1879 1394 1982 1458; x_wconf 91' lang='lat' dir='ltr'><strong>est,</strong></span> <span class='ocrx_word' id='word_1_119' title='bbox 2002 1408 2106 1445; x_wconf 92' lang='lat' dir='ltr'><strong>nos</strong></span> 
     </span>
    </p>
   </div>
   <div class='ocr_carea' id='block_1_19' title="bbox 475 1485 2108 1560">
    <p class='ocr_par' dir='ltr' id='par_1_19' title="bbox 475 1485 2108 1560">
     <span class='ocr_line' id='line_1_19' title="bbox 475 1485 2108 1560; baseline -0.007 -13"><span class='ocrx_word' id='word_1_120' title='bbox 475 1491 578 1547; x_wconf 90' lang='lat' dir='ltr'><strong>tibi</strong></span> <span class='ocrx_word' id='word_1_121' title='bbox 599 1491 692 1546; x_wconf 93' lang='lat' dir='ltr'><strong>hic</strong></span> <span class='ocrx_word' id='word_1_122' title='bbox 713 1495 771 1545; x_wconf 91' lang='lat' dir='ltr'><strong>et</strong></span> <span class='ocrx_word' id='word_1_123' title='bbox 789 1489 998 1560; x_wconf 89' lang='lat' dir='ltr'><strong>ubique</strong></span> <span class='ocrx_word' id='word_1_124' title='bbox 1027 1503 1258 1558; x_wconf 89' lang='lat' dir='ltr'><strong>semper</strong></span> <span class='ocrx_word' id='word_1_125' title='bbox 1278 1487 1491 1558; x_wconf 80' lang='lat' dir='ltr'><strong>gratias</strong></span> <span class='ocrx_word' id='word_1_126' title='bbox 1509 1501 1702 1556; x_wconf 88' lang='lat' dir='ltr'><strong>agere,</strong></span> <span class='ocrx_word' id='word_1_127' title='bbox 1720 1485 1960 1540; x_wconf 89' lang='lat' dir='ltr'><strong>Domine</strong></span> <span class='ocrx_word' id='word_1_128' title='bbox 1985 1501 2108 1538; x_wconf 89' lang='lat' dir='ltr'><strong>san—</strong></span> 
     </span>
    </p>
   </div>
   <div class='ocr_carea' id='block_1_20' title="bbox 477 1576 2105 1652">
    <p class='ocr_par' dir='ltr' id='par_1_20' title="bbox 477 1576 2105 1652">
     <span class='ocr_line' id='line_1_20' title="bbox 477 1576 2105 1652; baseline -0.006 -12"><span class='ocrx_word' id='word_1_129' title='bbox 477 1589 587 1652; x_wconf 87' lang='lat' dir='ltr'><strong>cte,</strong></span> <span class='ocrx_word' id='word_1_130' title='bbox 619 1585 788 1638; x_wconf 89' lang='lat' dir='ltr'><strong>Pater</strong></span> <span class='ocrx_word' id='word_1_131' title='bbox 819 1582 1206 1652; x_wconf 90' lang='lat' dir='ltr'><strong>omnipotens,</strong></span> <span class='ocrx_word' id='word_1_132' title='bbox 1234 1581 1446 1634; x_wconf 65' lang='lat' dir='ltr'><strong>mterne</strong></span> <span class='ocrx_word' id='word_1_133' title='bbox 1477 1581 1643 1634; x_wconf 91' lang='lat' dir='ltr'><strong>Deus.</strong></span> <span class='ocrx_word' id='word_1_134' title='bbox 1669 1577 1782 1633; x_wconf 89' lang='lat' dir='ltr'><strong>Sed</strong></span> <span class='ocrx_word' id='word_1_135' title='bbox 1802 1577 1859 1630; x_wconf 91' lang='lat' dir='ltr'><strong>in</strong></span> <span class='ocrx_word' id='word_1_136' title='bbox 1881 1577 1987 1630; x_wconf 88' lang='lat' dir='ltr'><strong>hac</strong></span> <span class='ocrx_word' id='word_1_137' title='bbox 2014 1576 2105 1630; x_wconf 89' lang='lat' dir='ltr'><strong>die</strong></span> 
     </span>
    </p>
   </div>
   <div class='ocr_carea' id='block_1_21' title="bbox 477 1668 2108 1732">
    <p class='ocr_par' dir='ltr' id='par_1_21' title="bbox 477 1668 2108 1732">
     <span class='ocr_line' id='line_1_21' title="bbox 477 1668 2108 1732; baseline -0.006 0"><span class='ocrx_word' id='word_1_138' title='bbox 477 1675 934 1732; x_wconf 83' lang='lat' dir='ltr'><strong>Resurrectionis</strong></span> <span class='ocrx_word' id='word_1_139' title='bbox 969 1673 1201 1728; x_wconf 91' lang='lat' dir='ltr'><strong>Domini</strong></span> <span class='ocrx_word' id='word_1_140' title='bbox 1239 1672 1417 1727; x_wconf 87' lang='lat' dir='ltr'><strong>nostri</strong></span> <span class='ocrx_word' id='word_1_141' title='bbox 1447 1673 1580 1726; x_wconf 87' lang='lat' dir='ltr'><strong>Jesu</strong></span> <span class='ocrx_word' id='word_1_142' title='bbox 1618 1670 1822 1725; x_wconf 90' lang='lat' dir='ltr'><strong>Christi</strong></span> <span class='ocrx_word' id='word_1_143' title='bbox 1873 1668 1994 1723; x_wconf 89' lang='lat' dir='ltr'><strong>Filii</strong></span> <span class='ocrx_word' id='word_1_144' title='bbox 2025 1668 2108 1722; x_wconf 90' lang='lat' dir='ltr'><strong>tui</strong></span> 
     </span>
    </p>
   </div>
   <div class='ocr_carea' id='block_1_22' title="bbox 481 1761 2111 1842">
    <p class='ocr_par' dir='ltr' id='par_1_22' title="bbox 481 1761 2111 1842">
     <span class='ocr_line' id='line_1_22' title="bbox 481 1761 2111 1842; baseline -0.006 -18"><span class='ocrx_word' id='word_1_145' title='bbox 481 1768 788 1842; x_wconf 81' lang='lat' dir='ltr'><strong>gratulatio</strong></span> <span class='ocrx_word' id='word_1_146' title='bbox 821 1768 1008 1838; x_wconf 88' lang='lat' dir='ltr'><strong>major</strong></span> <span class='ocrx_word' id='word_1_147' title='bbox 1040 1767 1253 1820; x_wconf 81' lang='lat' dir='ltr'><strong>exultat</strong></span> <span class='ocrx_word' id='word_1_148' title='bbox 1274 1765 1332 1818; x_wconf 91' lang='lat' dir='ltr'><strong>in</strong></span> <span class='ocrx_word' id='word_1_149' title='bbox 1361 1764 1624 1819; x_wconf 90' lang='lat' dir='ltr'><strong>cordibus</strong></span> <span class='ocrx_word' id='word_1_150' title='bbox 1649 1763 1876 1818; x_wconf 89' lang='lat' dir='ltr'><strong>nostris.</strong></span> <span class='ocrx_word' id='word_1_151' title='bbox 1908 1761 2004 1816; x_wconf 82' lang='lat' dir='ltr'><strong>Hic</strong></span> <span class='ocrx_word' id='word_1_152' title='bbox 2025 1765 2111 1814; x_wconf 89' lang='lat' dir='ltr'><strong>est</strong></span> 
     </span>
    </p>
   </div>
   <div class='ocr_carea' id='block_1_23' title="bbox 2278 1433 3878 1506">
    <p class='ocr_par' dir='ltr' id='par_1_23' title="bbox 2278 1433 3878 1506">
     <span class='ocr_line' id='line_1_23' title="bbox 2278 1433 3878 1506; baseline -0.004 -14"><span class='ocrx_word' id='word_1_153' title='bbox 2278 1437 2559 1504; x_wconf 89' lang='lat' dir='ltr'><strong>Concede,</strong></span> <span class='ocrx_word' id='word_1_154' title='bbox 2595 1452 2938 1506; x_wconf 68' lang='lat' dir='ltr'><strong>quaesumus,</strong></span> <span class='ocrx_word' id='word_1_155' title='bbox 2978 1433 3350 1504; x_wconf 89' lang='lat' dir='ltr'><strong>omnipotens</strong></span> <span class='ocrx_word' id='word_1_156' title='bbox 3384 1433 3561 1500; x_wconf 88' lang='lat' dir='ltr'><strong>Deus,</strong></span> <span class='ocrx_word' id='word_1_157' title='bbox 3607 1435 3676 1486; x_wconf 91' lang='lat' dir='ltr'><strong>ut</strong></span> <span class='ocrx_word' id='word_1_158' title='bbox 3713 1433 3878 1486; x_wconf 81' lang='lat' dir='ltr'><strong>festa</strong></span> 
     </span>
    </p>
   </div>
   <div class='ocr_carea' id='block_1_24' title="bbox 2207 1525 3872 1600">
    <p class='ocr_par' dir='ltr' id='par_1_24' title="bbox 2207 1525 3872 1600">
     <span class='ocr_line' id='line_1_24' title="bbox 2207 1525 3872 1600; baseline -0.004 -15"><span class='ocrx_word' id='word_1_159' title='bbox 2207 1529 2517 1596; x_wconf 87' lang='lat' dir='ltr'><strong>Paschalia,</strong></span> <span class='ocrx_word' id='word_1_160' title='bbox 2560 1545 2686 1600; x_wconf 73' lang='lat' dir='ltr'><strong>quae</strong></span> <span class='ocrx_word' id='word_1_161' title='bbox 2737 1528 3040 1582; x_wconf 84' lang='lat' dir='ltr'><strong>devotione</strong></span> <span class='ocrx_word' id='word_1_162' title='bbox 3083 1525 3342 1594; x_wconf 87' lang='lat' dir='ltr'><strong>colimus,</strong></span> <span class='ocrx_word' id='word_1_163' title='bbox 3383 1525 3660 1581; x_wconf 86' lang='lat' dir='ltr'><strong>moribus</strong></span> <span class='ocrx_word' id='word_1_164' title='bbox 3699 1543 3872 1581; x_wconf 82' lang='lat' dir='ltr'><strong>exse-</strong></span> 
     </span>
    </p>
   </div>
   <div class='ocr_carea' id='block_1_25' title="bbox 2211 1624 2625 1696">
    <p class='ocr_par' dir='ltr' id='par_1_25' title="bbox 2211 1624 2625 1696">
     <span class='ocr_line' id='line_1_25' title="bbox 2211 1624 2625 1696; baseline -0.01 -17"><span class='ocrx_word' id='word_1_165' title='bbox 2211 1641 2472 1696; x_wconf 88' lang='lat' dir='ltr'><strong>quamur.</strong></span> <span class='ocrx_word' id='word_1_166' title='bbox 2501 1624 2625 1676; x_wconf 91' lang='lat' dir='ltr'><strong>Per.</strong></span> 
     </span>
    </p>
   </div>
   <div class='ocr_carea' id='block_1_26' title="bbox 2873 1691 3182 1741">
    <p class='ocr_par' dir='ltr' id='par_1_26' title="bbox 2873 1691 3182 1741">
     <span class='ocr_line' id='line_1_26' title="bbox 2873 1691 3182 1741; baseline -0.003 -1"><span class='ocrx_word' id='word_1_167' title='bbox 2873 1691 3182 1741; x_wconf 82' lang='lat' dir='ltr'><strong>Immolatio.</strong></span> 
     </span>
    </p>
   </div>
   <div class='ocr_carea' id='block_1_27' title="bbox 2279 1775 3880 1849">
    <p class='ocr_par' dir='ltr' id='par_1_27' title="bbox 2279 1775 3880 1849">
     <span class='ocr_line' id='line_1_27' title="bbox 2279 1775 3880 1849; baseline -0.002 -17"><span class='ocrx_word' id='word_1_168' title='bbox 2279 1781 2420 1832; x_wconf 90' lang='lat' dir='ltr'><strong>Vere</strong></span> <span class='ocrx_word' id='word_1_169' title='bbox 2449 1778 2688 1849; x_wconf 90' lang='lat' dir='ltr'><strong>dignum</strong></span> <span class='ocrx_word' id='word_1_170' title='bbox 2709 1781 2766 1830; x_wconf 94' lang='lat' dir='ltr'><strong>et</strong></span> <span class='ocrx_word' id='word_1_171' title='bbox 2779 1777 2998 1847; x_wconf 89' lang='lat' dir='ltr'><strong>justum</strong></span> <span class='ocrx_word' id='word_1_172' title='bbox 3012 1780 3100 1830; x_wconf 90' lang='lat' dir='ltr'><strong>est</strong></span> <span class='ocrx_word' id='word_1_173' title='bbox 3121 1793 3134 1830; x_wconf 72' lang='grc' dir='ltr'>ε</span> <span class='ocrx_word' id='word_1_174' title='bbox 3161 1775 3300 1846; x_wconf 86' lang='lat' dir='ltr'><strong>quia</strong></span> <span class='ocrx_word' id='word_1_175' title='bbox 3325 1791 3495 1829; x_wconf 90' lang='lat' dir='ltr'><strong>verus</strong></span> <span class='ocrx_word' id='word_1_176' title='bbox 3513 1775 3618 1830; x_wconf 90' lang='lat' dir='ltr'><strong>ille</strong></span> <span class='ocrx_word' id='word_1_177' title='bbox 3635 1777 3880 1846; x_wconf 77' lang='lat' dir='ltr'><strong>Agnus,</strong></span> 
     </span>
    </p>
   </div>
   <div class='ocr_carea' id='block_1_28' title="bbox 403 2317 2114 2378">
    <p class='ocr_par' dir='ltr' id='par_1_28' title="bbox 403 2317 2114 2378">
     <span class='ocr_line' id='line_1_28' title="bbox 403 2317 2114 2378; baseline -0.004 -2"><span class='ocrx_word' id='word_1_178' title='bbox 403 2367 406 2370; x_wconf 97' lang='lat'><strong>.</strong></span> <span class='ocrx_word' id='word_1_179' title='bbox 483 2322 666 2378; x_wconf 87' lang='lat' dir='ltr'><strong>nobis.</strong></span> <span class='ocrx_word' id='word_1_180' title='bbox 682 2323 781 2376; x_wconf 82' lang='lat' dir='ltr'><strong>Hic</strong></span> <span class='ocrx_word' id='word_1_181' title='bbox 799 2321 956 2376; x_wconf 91' lang='lat' dir='ltr'><strong>enim</strong></span> <span class='ocrx_word' id='word_1_182' title='bbox 977 2320 1255 2376; x_wconf 89' lang='lat' dir='ltr'><strong>Dominus</strong></span> <span class='ocrx_word' id='word_1_183' title='bbox 1276 2323 1472 2374; x_wconf 90' lang='lat' dir='ltr'><strong>noster</strong></span> <span class='ocrx_word' id='word_1_184' title='bbox 1489 2321 1515 2373; x_wconf 87' lang='lat' dir='ltr'><strong>.I</strong></span> <span class='ocrx_word' id='word_1_185' title='bbox 1521 2336 1649 2372; x_wconf 91' lang='lat' dir='ltr'><strong>esus</strong></span> <span class='ocrx_word' id='word_1_186' title='bbox 1670 2317 1922 2373; x_wconf 89' lang='lat' dir='ltr'><strong>Christus</strong></span> <span class='ocrx_word' id='word_1_187' title='bbox 1943 2317 2114 2371; x_wconf 89' lang='lat' dir='ltr'><strong>Filius</strong></span> 
     </span>
    </p>
   </div>
   <div class='ocr_carea' id='block_1_29' title="bbox 479 1859 3880 1960">
    <p class='ocr_par' dir='ltr' id='par_1_29' title="bbox 479 1859 3880 1960">
     <span class='ocr_line' id='line_1_29' title="bbox 479 1859 3880 1960; baseline -0.003 -29"><span class='ocrx_word' id='word_1_188' title='bbox 479 1861 634 1918; x_wconf 71' lang='lat' dir='ltr'><strong>enim</strong></span> <span class='ocrx_word' id='word_1_189' title='bbox 669 1860 788 1914; x_wconf 70' lang='lat' dir='ltr'><strong>dies</strong></span> <span class='ocrx_word' id='word_1_190' title='bbox 814 1859 874 1913; x_wconf 81' lang='grc' dir='ltr'><strong>ίΠ</strong></span> <span class='ocrx_word' id='word_1_191' title='bbox 907 1875 1019 1930; x_wconf 82' lang='grc' dir='ltr'><strong>(Ιυο</strong></span> <span class='ocrx_word' id='word_1_192' title='bbox 1049 1859 1214 1914; x_wconf 67' lang='grc' dir='ltr'><strong>Ποδίε</strong></span> <span class='ocrx_word' id='word_1_193' title='bbox 1252 1861 1447 1912; x_wconf 62' lang='lat' dir='ltr'><strong>exorta</strong></span> <span class='ocrx_word' id='word_1_194' title='bbox 1477 1860 1562 1910; x_wconf 59' lang='grc' dir='ltr'><strong>θεῖ</strong></span> <span class='ocrx_word' id='word_1_195' title='bbox 1603 1859 1894 1926; x_wconf 58' lang='lat' dir='ltr'><strong>Perpemaa</strong></span> <span class='ocrx_word' id='word_1_196' title='bbox 1941 1870 2110 1908; x_wconf 68' lang='lat' dir='ltr'><strong>causa</strong></span> <span class='ocrx_word' id='word_1_197' title='bbox 2129 1889 2185 1960; x_wconf 86' lang='lat' dir='ltr'><strong>B</strong></span> <span class='ocrx_word' id='word_1_198' title='bbox 2211 1872 2310 1943; x_wconf 89' lang='lat' dir='ltr'><strong>qui</strong></span> <span class='ocrx_word' id='word_1_199' title='bbox 2337 1887 2440 1942; x_wconf 89' lang='lat' dir='ltr'><strong>pro</strong></span> <span class='ocrx_word' id='word_1_200' title='bbox 2471 1870 2634 1924; x_wconf 91' lang='lat' dir='ltr'><strong>nobis</strong></span> <span class='ocrx_word' id='word_1_201' title='bbox 2665 1873 2749 1924; x_wconf 92' lang='lat' dir='ltr'><strong>est</strong></span> <span class='ocrx_word' id='word_1_202' title='bbox 2775 1870 3123 1924; x_wconf 88' lang='lat' dir='ltr'><strong>immolatus.</strong></span> <span class='ocrx_word' id='word_1_203' title='bbox 3155 1869 3265 1932; x_wconf 88' lang='lat' dir='ltr'><strong>Qui</strong></span> <span class='ocrx_word' id='word_1_204' title='bbox 3299 1871 3554 1924; x_wconf 89' lang='lat' dir='ltr'><strong>mortem</strong></span> <span class='ocrx_word' id='word_1_205' title='bbox 3595 1873 3880 1923; x_wconf 86' lang='lat' dir='ltr'><strong>nostram</strong></span> 
     </span>
    </p>
   </div>
   <div class='ocr_carea' id='block_1_30' title="bbox 477 1947 3878 2032">
    <p class='ocr_par' dir='ltr' id='par_1_30' title="bbox 477 1947 3878 2032">
     <span class='ocr_line' id='line_1_30' title="bbox 477 1947 3878 2032; baseline -0.001 -15"><span class='ocrx_word' id='word_1_206' title='bbox 477 1954 706 2009; x_wconf 66' lang='grc' dir='ltr'><strong>ὶωῐῆὶεὲι</strong></span> <span class='ocrx_word' id='word_1_207' title='bbox 732 1953 829 2007; x_wconf 77' lang='lat' dir='ltr'><strong>Hic</strong></span> <span class='ocrx_word' id='word_1_208' title='bbox 857 1956 943 2006; x_wconf 73' lang='lat' dir='ltr'><strong>est</strong></span> <span class='ocrx_word' id='word_1_209' title='bbox 972 1952 1092 2006; x_wconf 73' lang='lat' dir='ltr'><strong>dies</strong></span> <span class='ocrx_word' id='word_1_210' title='bbox 1123 1949 1555 2006; x_wconf 68' lang='lat' dir='ltr'><strong>resurrectionis</strong></span> <span class='ocrx_word' id='word_1_211' title='bbox 1583 1949 1874 2014; x_wconf 57' lang='lat' dir='ltr'><strong>humanae»</strong></span> <span class='ocrx_word' id='word_1_212' title='bbox 1899 1951 1958 2000; x_wconf 61' lang='lat' dir='ltr'><strong>et</strong></span> <span class='ocrx_word' id='word_1_213' title='bbox 1985 1947 2110 2001; x_wconf 52' lang='lat' dir='ltr'><strong>Viue</strong></span> <span class='ocrx_word' id='word_1_214' title='bbox 2131 1947 2184 1960; x_wconf 55' lang='grc' dir='ltr'><em>υ</em></span> <span class='ocrx_word' id='word_1_215' title='bbox 2211 1964 2512 2018; x_wconf 90' lang='lat' dir='ltr'><strong>moriendo</strong></span> <span class='ocrx_word' id='word_1_216' title='bbox 2546 1963 2840 2030; x_wconf 84' lang='lat' dir='ltr'><strong>destruxit,</strong></span> <span class='ocrx_word' id='word_1_217' title='bbox 2872 1965 2930 2016; x_wconf 89' lang='lat' dir='ltr'><strong>et</strong></span> <span class='ocrx_word' id='word_1_218' title='bbox 2957 1962 3132 2016; x_wconf 88' lang='lat' dir='ltr'><strong>vitam</strong></span> <span class='ocrx_word' id='word_1_219' title='bbox 3177 1965 3440 2016; x_wconf 89' lang='lat' dir='ltr'><strong>nostram</strong></span> <span class='ocrx_word' id='word_1_220' title='bbox 3487 1961 3878 2032; x_wconf 91' lang='lat' dir='ltr'><strong>resurgendo</strong></span> 
     </span>
    </p>
   </div>
   <div class='ocr_carea' id='block_1_31' title="bbox 479 2039 3880 2128">
    <p class='ocr_par' dir='ltr' id='par_1_31' title="bbox 479 2039 3880 2128">
     <span class='ocr_line' id='line_1_31' title="bbox 479 2039 3880 2128; baseline -0.001 -15"><span class='ocrx_word' id='word_1_221' title='bbox 479 2047 687 2102; x_wconf 62' lang='lat' dir='ltr'><strong>natalis</strong></span> <span class='ocrx_word' id='word_1_222' title='bbox 730 2048 981 2099; x_wconf 57' lang='grc' dir='ltr'><strong>ωῑθῐἮᾶδ·</strong></span> <span class='ocrx_word' id='word_1_223' title='bbox 1026 2044 1126 2097; x_wconf 72' lang='lat' dir='ltr'><strong>Hic</strong></span> <span class='ocrx_word' id='word_1_224' title='bbox 1164 2047 1250 2097; x_wconf 60' lang='lat' dir='ltr'><strong>est</strong></span> <span class='ocrx_word' id='word_1_225' title='bbox 1283 2043 1405 2096; x_wconf 68' lang='lat' dir='ltr'><strong>dies</strong></span> <span class='ocrx_word' id='word_1_226' title='bbox 1443 2042 1501 2095; x_wconf 74' lang='lat' dir='ltr'><strong>in</strong></span> <span class='ocrx_word' id='word_1_227' title='bbox 1539 2057 1652 2111; x_wconf 74' lang='lat' dir='ltr'><strong>quo</strong></span> <span class='ocrx_word' id='word_1_228' title='bbox 1691 2039 1880 2095; x_wconf 58' lang='lat' dir='ltr'><strong>satiati</strong></span> <span class='ocrx_word' id='word_1_229' title='bbox 1918 2056 2112 2093; x_wconf 73' lang='lat' dir='ltr'><strong>sumus</strong></span> <span class='ocrx_word' id='word_1_230' title='bbox 2211 2056 2669 2128; x_wconf 86' lang='lat' dir='ltr'><strong>reparavitJesus</strong></span> <span class='ocrx_word' id='word_1_231' title='bbox 2687 2055 2940 2110; x_wconf 88' lang='lat' dir='ltr'><strong>Christus</strong></span> <span class='ocrx_word' id='word_1_232' title='bbox 2967 2054 3244 2108; x_wconf 88' lang='lat' dir='ltr'><strong>Dominus</strong></span> <span class='ocrx_word' id='word_1_233' title='bbox 3267 2057 3484 2108; x_wconf 90' lang='lat' dir='ltr'><strong>noster.</strong></span> <span class='ocrx_word' id='word_1_234' title='bbox 3509 2054 3624 2108; x_wconf 86' lang='lat' dir='ltr'><strong>Cui</strong></span> <span class='ocrx_word' id='word_1_235' title='bbox 3651 2055 3880 2108; x_wconf 86' lang='lat' dir='ltr'><strong>merito</strong></span> 
     </span>
    </p>
   </div>
   <div class='ocr_carea' id='block_1_32' title="bbox 481 2133 2110 2205">
    <p class='ocr_par' dir='ltr' id='par_1_32' title="bbox 481 2133 2110 2205">
     <span class='ocr_line' id='line_1_32' title="bbox 481 2133 2110 2205; baseline -0.004 -12"><span class='ocrx_word' id='word_1_236' title='bbox 481 2155 654 2193; x_wconf 87' lang='lat' dir='ltr'><strong>mane</strong></span> <span class='ocrx_word' id='word_1_237' title='bbox 689 2135 1085 2192; x_wconf 86' lang='lat' dir='ltr'><strong>misericordia</strong></span> <span class='ocrx_word' id='word_1_238' title='bbox 1115 2139 1240 2200; x_wconf 90' lang='lat' dir='ltr'><strong>tua;</strong></span> <span class='ocrx_word' id='word_1_239' title='bbox 1277 2151 1390 2205; x_wconf 90' lang='lat' dir='ltr'><strong>quo</strong></span> <span class='ocrx_word' id='word_1_240' title='bbox 1432 2133 1597 2188; x_wconf 88' lang='lat' dir='ltr'><strong>nobis</strong></span> <span class='ocrx_word' id='word_1_241' title='bbox 1625 2133 1720 2187; x_wconf 91' lang='lat' dir='ltr'><strong>ille</strong></span> <span class='ocrx_word' id='word_1_242' title='bbox 1752 2133 2110 2200; x_wconf 87' lang='lat' dir='ltr'><strong>Benedictus,</strong></span> 
     </span>
    </p>
   </div>
   <div class='ocr_carea' id='block_1_33' title="bbox 482 2225 2116 2303">
    <p class='ocr_par' dir='ltr' id='par_1_33' title="bbox 482 2225 2116 2303">
     <span class='ocr_line' id='line_1_33' title="bbox 482 2225 2116 2303; baseline -0.004 -19"><span class='ocrx_word' id='word_1_243' title='bbox 482 2230 582 2303; x_wconf 87' lang='lat' dir='ltr'><strong>qui</strong></span> <span class='ocrx_word' id='word_1_244' title='bbox 625 2230 782 2284; x_wconf 89' lang='lat' dir='ltr'><strong>venit</strong></span> <span class='ocrx_word' id='word_1_245' title='bbox 820 2229 880 2282; x_wconf 90' lang='lat' dir='ltr'><strong>in</strong></span> <span class='ocrx_word' id='word_1_246' title='bbox 919 2228 1152 2283; x_wconf 90' lang='lat' dir='ltr'><strong>nomine</strong></span> <span class='ocrx_word' id='word_1_247' title='bbox 1193 2227 1443 2294; x_wconf 90' lang='lat' dir='ltr'><strong>Domini,</strong></span> <span class='ocrx_word' id='word_1_248' title='bbox 1481 2227 1631 2280; x_wconf 92' lang='lat' dir='ltr'><strong>Deus</strong></span> <span class='ocrx_word' id='word_1_249' title='bbox 1679 2228 1876 2280; x_wconf 88' lang='lat' dir='ltr'><strong>noster</strong></span> <span class='ocrx_word' id='word_1_250' title='bbox 1911 2225 2116 2278; x_wconf 85' lang='lat' dir='ltr'><strong>inluxit</strong></span> 
     </span>
    </p>
   </div>
   <div class='ocr_carea' id='block_1_34' title="bbox 2213 2148 2654 2218">
    <p class='ocr_par' dir='ltr' id='par_1_34' title="bbox 2213 2148 2654 2218">
     <span class='ocr_line' id='line_1_34' title="bbox 2213 2148 2654 2218; baseline -0.009 -13"><span class='ocrx_word' id='word_1_251' title='bbox 2213 2166 2413 2205; x_wconf 89' lang='lat' dir='ltr'><strong>omnes</strong></span> <span class='ocrx_word' id='word_1_252' title='bbox 2444 2148 2654 2218; x_wconf 86' lang='lat' dir='ltr'><strong>angeli.</strong></span> 
     </span>
    </p>
   </div>
   <div class='ocr_carea' id='block_1_35' title="bbox 2341 2275 3732 2340">
    <p class='ocr_par' dir='ltr' id='par_1_35' title="bbox 2341 2275 3732 2340">
     <span class='ocr_line' id='line_1_35' title="bbox 2341 2275 3732 2340; baseline -0.001 -12"><span class='ocrx_word' id='word_1_253' title='bbox 2341 2275 2547 2328; x_wconf 88' lang='lat' dir='ltr'><strong>XXXIX.</strong></span> <span class='ocrx_word' id='word_1_254' title='bbox 2589 2290 2712 2328; x_wconf 72' lang='lat' dir='ltr'><strong>nam</strong></span> <span class='ocrx_word' id='word_1_255' title='bbox 2753 2288 2909 2328; x_wconf 68' lang='lat' dir='ltr'><strong>MISSA</strong></span> <span class='ocrx_word' id='word_1_256' title='bbox 2949 2287 3263 2340; x_wconf 59' lang='lat' dir='ltr'><strong>“scmus,</strong></span> <span class='ocrx_word' id='word_1_257' title='bbox 3304 2287 3496 2328; x_wconf 73' lang='lat' dir='ltr'><strong>TERTIA</strong></span> <span class='ocrx_word' id='word_1_258' title='bbox 3535 2288 3732 2328; x_wconf 71' lang='lat' dir='ltr'><strong>manu.</strong></span> 
     </span>
    </p>
   </div>
   <div class='ocr_carea' id='block_1_36' title="bbox 2285 2383 3881 2456">
    <p class='ocr_par' dir='ltr' id='par_1_36' title="bbox 2285 2383 3881 2456">
     <span class='ocr_line' id='line_1_36' title="bbox 2285 2383 3881 2456; baseline -0.001 -16"><span class='ocrx_word' id='word_1_259' title='bbox 2285 2387 2452 2452; x_wconf 88' lang='lat' dir='ltr'><strong>Deus,</strong></span> <span class='ocrx_word' id='word_1_260' title='bbox 2481 2385 2579 2455; x_wconf 90' lang='lat' dir='ltr'><strong>qui</strong></span> <span class='ocrx_word' id='word_1_261' title='bbox 2607 2400 2806 2438; x_wconf 91' lang='lat' dir='ltr'><strong>omnes</strong></span> <span class='ocrx_word' id='word_1_262' title='bbox 2827 2383 2886 2437; x_wconf 90' lang='lat' dir='ltr'><strong>in</strong></span> <span class='ocrx_word' id='word_1_263' title='bbox 2913 2383 3136 2438; x_wconf 87' lang='lat' dir='ltr'><strong>Christo</strong></span> <span class='ocrx_word' id='word_1_264' title='bbox 3152 2387 3387 2438; x_wconf 90' lang='lat' dir='ltr'><strong>renatos</strong></span> <span class='ocrx_word' id='word_1_265' title='bbox 3415 2400 3606 2453; x_wconf 86' lang='lat' dir='ltr'><strong>genus</strong></span> <span class='ocrx_word' id='word_1_266' title='bbox 3633 2384 3881 2456; x_wconf 86' lang='lat' dir='ltr'><strong>regium</strong></span> 
     </span>
    </p>
   </div>
   <div class='ocr_carea' id='block_1_37' title="bbox 2216 2475 3880 2548">
    <p class='ocr_par' dir='ltr' id='par_1_37' title="bbox 2216 2475 3880 2548">
     <span class='ocr_line' id='line_1_37' title="bbox 2216 2475 3880 2548; baseline -0.002 -15"><span class='ocrx_word' id='word_1_267' title='bbox 2216 2481 2273 2534; x_wconf 91' lang='lat' dir='ltr'><strong>et</strong></span> <span class='ocrx_word' id='word_1_268' title='bbox 2319 2477 2669 2531; x_wconf 90' lang='lat' dir='ltr'><strong>sacerdotale</strong></span> <span class='ocrx_word' id='word_1_269' title='bbox 2716 2493 2838 2530; x_wconf 89' lang='lat' dir='ltr'><strong>esse</strong></span> <span class='ocrx_word' id='word_1_270' title='bbox 2881 2475 3085 2543; x_wconf 86' lang='lat' dir='ltr'><strong>fecisti,</strong></span> <span class='ocrx_word' id='word_1_271' title='bbox 3131 2476 3204 2530; x_wconf 90' lang='lat' dir='ltr'><strong>da</strong></span> <span class='ocrx_word' id='word_1_272' title='bbox 3231 2477 3399 2530; x_wconf 86' lang='lat' dir='ltr'><strong>nobis</strong></span> <span class='ocrx_word' id='word_1_273' title='bbox 3423 2477 3572 2530; x_wconf 87' lang='lat' dir='ltr'><strong>velle</strong></span> <span class='ocrx_word' id='word_1_274' title='bbox 3609 2481 3674 2531; x_wconf 91' lang='lat' dir='ltr'><strong>et</strong></span> <span class='ocrx_word' id='word_1_275' title='bbox 3701 2494 3880 2548; x_wconf 89' lang='lat' dir='ltr'><strong>posse</strong></span> 
     </span>
    </p>
   </div>
   <div class='ocr_carea' id='block_1_38' title="bbox 2217 2569 3886 2642">
    <p class='ocr_par' dir='ltr' id='par_1_38' title="bbox 2217 2569 3886 2642">
     <span class='ocr_line' id='line_1_38' title="bbox 2217 2569 3886 2642; baseline -0.001 -16"><span class='ocrx_word' id='word_1_276' title='bbox 2217 2571 2370 2642; x_wconf 91' lang='lat' dir='ltr'><strong>quod</strong></span> <span class='ocrx_word' id='word_1_277' title='bbox 2391 2570 2668 2642; x_wconf 57' lang='lat' dir='ltr'><strong>praecipis,</strong></span> <span class='ocrx_word' id='word_1_278' title='bbox 2689 2572 2750 2624; x_wconf 89' lang='lat' dir='ltr'><strong>ut</strong></span> <span class='ocrx_word' id='word_1_279' title='bbox 2765 2570 2977 2641; x_wconf 90' lang='lat' dir='ltr'><strong>populo</strong></span> <span class='ocrx_word' id='word_1_280' title='bbox 3005 2569 3078 2623; x_wconf 91' lang='lat' dir='ltr'><strong>ad</strong></span> <span class='ocrx_word' id='word_1_281' title='bbox 3097 2569 3487 2624; x_wconf 69' lang='lat' dir='ltr'><strong>aeternitatem</strong></span> <span class='ocrx_word' id='word_1_282' title='bbox 3514 2574 3735 2625; x_wconf 88' lang='lat' dir='ltr'><strong>vocato</strong></span> <span class='ocrx_word' id='word_1_283' title='bbox 3759 2589 3886 2625; x_wconf 90' lang='lat' dir='ltr'><strong>una</strong></span> 
     </span>
    </p>
   </div>
   <div class='ocr_carea' id='block_1_39' title="bbox 2217 2662 3574 2733">
    <p class='ocr_par' dir='ltr' id='par_1_39' title="bbox 2217 2662 3574 2733">
     <span class='ocr_line' id='line_1_39' title="bbox 2217 2662 3574 2733; baseline -0.001 -15"><span class='ocrx_word' id='word_1_284' title='bbox 2217 2665 2289 2718; x_wconf 87' lang='lat' dir='ltr'><strong>sit</strong></span> <span class='ocrx_word' id='word_1_285' title='bbox 2318 2663 2460 2718; x_wconf 84' lang='lat' dir='ltr'><strong>ﬁdes</strong></span> <span class='ocrx_word' id='word_1_286' title='bbox 2487 2662 2770 2717; x_wconf 88' lang='lat' dir='ltr'><strong>mentium</strong></span> <span class='ocrx_word' id='word_1_287' title='bbox 2803 2665 2860 2716; x_wconf 91' lang='lat' dir='ltr'><strong>et</strong></span> <span class='ocrx_word' id='word_1_288' title='bbox 2885 2662 3068 2733; x_wconf 88' lang='lat' dir='ltr'><strong>pietas</strong></span> <span class='ocrx_word' id='word_1_289' title='bbox 3095 2663 3412 2716; x_wconf 88' lang='lat' dir='ltr'><strong>actionum.</strong></span> <span class='ocrx_word' id='word_1_290' title='bbox 3442 2664 3574 2718; x_wconf 89' lang='lat' dir='ltr'><strong>Per.</strong></span> 
     </span>
    </p>
   </div>
   <div class='ocr_carea' id='block_1_40' title="bbox 2898 2763 3169 2812">
    <p class='ocr_par' dir='ltr' id='par_1_40' title="bbox 2898 2763 3169 2812">
     <span class='ocr_line' id='line_1_40' title="bbox 2898 2763 3169 2812; baseline 0 0"><span class='ocrx_word' id='word_1_291' title='bbox 2898 2763 3169 2812; x_wconf 90' lang='lat' dir='ltr'><strong>Collectio.</strong></span> 
     </span>
    </p>
   </div>
   <div class='ocr_carea' id='block_1_41' title="bbox 2289 2849 3878 2920">
    <p class='ocr_par' dir='ltr' id='par_1_41' title="bbox 2289 2849 3878 2920">
     <span class='ocr_line' id='line_1_41' title="bbox 2289 2849 3878 2920; baseline 0 -16"><span class='ocrx_word' id='word_1_292' title='bbox 2289 2849 2666 2920; x_wconf 89' lang='lat' dir='ltr'><strong>Omnipotens</strong></span> <span class='ocrx_word' id='word_1_293' title='bbox 2687 2849 3036 2919; x_wconf 88' lang='lat' dir='ltr'><strong>sempiterne</strong></span> <span class='ocrx_word' id='word_1_294' title='bbox 3053 2849 3222 2914; x_wconf 90' lang='lat' dir='ltr'><strong>Deus,</strong></span> <span class='ocrx_word' id='word_1_295' title='bbox 3239 2864 3343 2918; x_wconf 91' lang='lat' dir='ltr'><strong>per</strong></span> <span class='ocrx_word' id='word_1_296' title='bbox 3370 2864 3546 2918; x_wconf 89' lang='lat' dir='ltr'><strong>quem</strong></span> <span class='ocrx_word' id='word_1_297' title='bbox 3572 2849 3756 2904; x_wconf 88' lang='lat' dir='ltr'><strong>nobis</strong></span> <span class='ocrx_word' id='word_1_298' title='bbox 3779 2867 3878 2904; x_wconf 86' lang='lat' dir='ltr'><strong>re-</strong></span> 
     </span>
    </p>
   </div>
   <div class='ocr_carea' id='block_1_42' title="bbox 2220 2941 3888 3015">
    <p class='ocr_par' dir='ltr' id='par_1_42' title="bbox 2220 2941 3888 3015">
     <span class='ocr_line' id='line_1_42' title="bbox 2220 2941 3888 3015; baseline 0.001 -18"><span class='ocrx_word' id='word_1_299' title='bbox 2220 2942 2474 3013; x_wconf 89' lang='lat' dir='ltr'><strong>demptio</strong></span> <span class='ocrx_word' id='word_1_300' title='bbox 2507 2944 2808 3013; x_wconf 63' lang='lat' dir='ltr'><strong>prmstatur</strong></span> <span class='ocrx_word' id='word_1_301' title='bbox 2833 2944 2888 2994; x_wconf 90' lang='lat' dir='ltr'><strong>et</strong></span> <span class='ocrx_word' id='word_1_302' title='bbox 2915 2941 3171 3011; x_wconf 87' lang='lat' dir='ltr'><strong>adoptio,</strong></span> <span class='ocrx_word' id='word_1_303' title='bbox 3197 2941 3417 3011; x_wconf 89' lang='lat' dir='ltr'><strong>respice</strong></span> <span class='ocrx_word' id='word_1_304' title='bbox 3450 2941 3511 2994; x_wconf 91' lang='lat' dir='ltr'><strong>in</strong></span> <span class='ocrx_word' id='word_1_305' title='bbox 3543 2959 3736 3012; x_wconf 89' lang='lat' dir='ltr'><strong>opera</strong></span> <span class='ocrx_word' id='word_1_306' title='bbox 3759 2943 3888 3015; x_wconf 86' lang='lat' dir='ltr'><strong>pie-</strong></span> 
     </span>
    </p>
   </div>
   <div class='ocr_carea' id='block_1_43' title="bbox 2219 3033 3884 3104">
    <p class='ocr_par' dir='ltr' id='par_1_43' title="bbox 2219 3033 3884 3104">
     <span class='ocr_line' id='line_1_43' title="bbox 2219 3033 3884 3104; baseline 0.001 -16"><span class='ocrx_word' id='word_1_307' title='bbox 2219 3035 2351 3089; x_wconf 87' lang='lat' dir='ltr'><strong>tatis</strong></span> <span class='ocrx_word' id='word_1_308' title='bbox 2375 3037 2516 3101; x_wconf 72' lang='lat' dir='ltr'><strong>tuse;</strong></span> <span class='ocrx_word' id='word_1_309' title='bbox 2550 3037 2607 3088; x_wconf 91' lang='lat' dir='ltr'><strong>et</strong></span> <span class='ocrx_word' id='word_1_310' title='bbox 2645 3050 2770 3104; x_wconf 76' lang='lat' dir='ltr'><strong>quas</strong></span> <span class='ocrx_word' id='word_1_311' title='bbox 2809 3033 3079 3104; x_wconf 89' lang='lat' dir='ltr'><strong>dignatus</strong></span> <span class='ocrx_word' id='word_1_312' title='bbox 3117 3051 3176 3087; x_wconf 92' lang='lat' dir='ltr'><strong>es</strong></span> <span class='ocrx_word' id='word_1_313' title='bbox 3217 3035 3505 3100; x_wconf 87' lang='lat' dir='ltr'><strong>conferre,</strong></span> <span class='ocrx_word' id='word_1_314' title='bbox 3543 3051 3884 3102; x_wconf 84' lang='lat' dir='ltr'><strong>conserva;</strong></span> 
     </span>
    </p>
   </div>
   <div class='ocr_carea' id='block_1_44' title="bbox 2221 3125 3884 3202">
    <p class='ocr_par' dir='ltr' id='par_1_44' title="bbox 2221 3125 3884 3202">
     <span class='ocr_line' id='line_1_44' title="bbox 2221 3125 3884 3202; baseline 0.001 -21"><span class='ocrx_word' id='word_1_315' title='bbox 2221 3131 2282 3181; x_wconf 91' lang='lat' dir='ltr'><strong>ut</strong></span> <span class='ocrx_word' id='word_1_316' title='bbox 2305 3127 2364 3181; x_wconf 91' lang='lat' dir='ltr'><strong>in</strong></span> <span class='ocrx_word' id='word_1_317' title='bbox 2392 3127 2614 3182; x_wconf 91' lang='lat' dir='ltr'><strong>Christo</strong></span> <span class='ocrx_word' id='word_1_318' title='bbox 2641 3126 2858 3180; x_wconf 89' lang='lat' dir='ltr'><strong>renatis</strong></span> <span class='ocrx_word' id='word_1_319' title='bbox 2887 3129 3107 3180; x_wconf 56' lang='lat' dir='ltr'><strong>aeterna</strong></span> <span class='ocrx_word' id='word_1_320' title='bbox 3141 3127 3431 3181; x_wconf 88' lang='lat' dir='ltr'><strong>tribuatur</strong></span> <span class='ocrx_word' id='word_1_321' title='bbox 3459 3125 3664 3202; x_wconf 81' lang='lat'><strong>255</strong></span> <span class='ocrx_word' id='word_1_322' title='bbox 3697 3129 3884 3183; x_wconf 89' lang='lat' dir='ltr'><strong>here-</strong></span> 
     </span>
    </p>
   </div>
   <div class='ocr_carea' id='block_1_45' title="bbox 2141 3219 3064 3319">
    <p class='ocr_par' dir='ltr' id='par_1_45' title="bbox 2141 3219 3064 3319">
     <span class='ocr_line' id='line_1_45' title="bbox 2141 3219 3064 3319; baseline -0.002 -44"><span class='ocrx_word' id='word_1_323' title='bbox 2141 3247 2195 3319; x_wconf 67' lang='grc' dir='ltr'>Ο</span> <span class='ocrx_word' id='word_1_324' title='bbox 2221 3220 2386 3288; x_wconf 88' lang='lat' dir='ltr'><strong>ditas,</strong></span> <span class='ocrx_word' id='word_1_325' title='bbox 2417 3223 2474 3275; x_wconf 91' lang='lat' dir='ltr'><strong>et</strong></span> <span class='ocrx_word' id='word_1_326' title='bbox 2497 3236 2630 3274; x_wconf 89' lang='lat' dir='ltr'><strong>vera</strong></span> <span class='ocrx_word' id='word_1_327' title='bbox 2659 3219 2909 3274; x_wconf 88' lang='lat' dir='ltr'><strong>libertas.</strong></span> <span class='ocrx_word' id='word_1_328' title='bbox 2939 3221 3064 3273; x_wconf 89' lang='lat' dir='ltr'><strong>Per.</strong></span> 
     </span>
    </p>
   </div>
   <div class='ocr_carea' id='block_1_46' title="bbox 2839 3319 3220 3370">
    <p class='ocr_par' dir='ltr' id='par_1_46' title="bbox 2839 3319 3220 3370">
     <span class='ocr_line' id='line_1_46' title="bbox 2839 3319 3220 3370; baseline 0.005 -2"><span class='ocrx_word' id='word_1_329' title='bbox 2839 3321 2960 3368; x_wconf 85' lang='lat' dir='ltr'><strong>Post</strong></span> <span class='ocrx_word' id='word_1_330' title='bbox 2989 3319 3220 3370; x_wconf 85' lang='lat' dir='ltr'><strong>nomina.</strong></span> 
     </span>
    </p>
   </div>
   <div class='ocr_carea' id='block_1_47' title="bbox 2293 3405 3888 3480">
    <p class='ocr_par' dir='ltr' id='par_1_47' title="bbox 2293 3405 3888 3480">
     <span class='ocr_line' id='line_1_47' title="bbox 2293 3405 3888 3480; baseline 0.002 -19"><span class='ocrx_word' id='word_1_331' title='bbox 2293 3407 2545 3477; x_wconf 88' lang='lat' dir='ltr'><strong>Suscipe,</strong></span> <span class='ocrx_word' id='word_1_332' title='bbox 2565 3405 2824 3471; x_wconf 77' lang='lat' dir='ltr'><strong>nomine,</strong></span> <span class='ocrx_word' id='word_1_333' title='bbox 2844 3421 3088 3460; x_wconf 88' lang='lat' dir='ltr'><strong>munera</strong></span> <span class='ocrx_word' id='word_1_334' title='bbox 3113 3405 3340 3460; x_wconf 90' lang='lat' dir='ltr'><strong>nomini</strong></span> <span class='ocrx_word' id='word_1_335' title='bbox 3367 3409 3466 3461; x_wconf 89' lang='lat' dir='ltr'><strong>tuo</strong></span> <span class='ocrx_word' id='word_1_336' title='bbox 3495 3406 3721 3474; x_wconf 87' lang='lat' dir='ltr'><strong>oblata,</strong></span> <span class='ocrx_word' id='word_1_337' title='bbox 3745 3425 3888 3480; x_wconf 78' lang='lat' dir='ltr'><strong>quae</strong></span> 
     </span>
    </p>
   </div>
   <div class='ocr_carea' id='block_1_48' title="bbox 2223 3498 3885 3572">
    <p class='ocr_par' dir='ltr' id='par_1_48' title="bbox 2223 3498 3885 3572">
     <span class='ocr_line' id='line_1_48' title="bbox 2223 3498 3885 3572; baseline 0.002 -19"><span class='ocrx_word' id='word_1_338' title='bbox 2223 3500 2280 3553; x_wconf 90' lang='lat' dir='ltr'><strong>in</strong></span> <span class='ocrx_word' id='word_1_339' title='bbox 2327 3499 2452 3553; x_wconf 91' lang='lat' dir='ltr'><strong>Filii</strong></span> <span class='ocrx_word' id='word_1_340' title='bbox 2496 3498 2578 3552; x_wconf 92' lang='lat' dir='ltr'><strong>tui</strong></span> <span class='ocrx_word' id='word_1_341' title='bbox 2621 3499 3056 3552; x_wconf 83' lang='lat' dir='ltr'><strong>Resurrectione</strong></span> <span class='ocrx_word' id='word_1_342' title='bbox 3103 3499 3520 3570; x_wconf 86' lang='lat' dir='ltr'><strong>triumphantis</strong></span> <span class='ocrx_word' id='word_1_343' title='bbox 3559 3501 3624 3554; x_wconf 92' lang='lat' dir='ltr'><strong>in</strong></span> <span class='ocrx_word' id='word_1_344' title='bbox 3661 3502 3885 3572; x_wconf 84' lang='lat' dir='ltr'><strong>gloria,</strong></span> 
     </span>
    </p>
   </div>
   <div class='ocr_carea' id='block_1_49' title="bbox 2223 3591 3884 3664">
    <p class='ocr_par' dir='ltr' id='par_1_49' title="bbox 2223 3591 3884 3664">
     <span class='ocr_line' id='line_1_49' title="bbox 2223 3591 3884 3664; baseline 0.002 -19"><span class='ocrx_word' id='word_1_345' title='bbox 2223 3591 2557 3646; x_wconf 85' lang='lat' dir='ltr'><strong>universalis</strong></span> <span class='ocrx_word' id='word_1_346' title='bbox 2585 3591 2707 3664; x_wconf 85' lang='lat' dir='ltr'><strong>ejus</strong></span> <span class='ocrx_word' id='word_1_347' title='bbox 2727 3591 3016 3663; x_wconf 87' lang='lat' dir='ltr'><strong>adquisita</strong></span> <span class='ocrx_word' id='word_1_348' title='bbox 3045 3591 3330 3662; x_wconf 86' lang='lat' dir='ltr'><strong>sanguine</strong></span> <span class='ocrx_word' id='word_1_349' title='bbox 3365 3592 3540 3648; x_wconf 78' lang='lat' dir='ltr'><strong>offert</strong></span> <span class='ocrx_word' id='word_1_350' title='bbox 3589 3595 3884 3650; x_wconf 86' lang='lat' dir='ltr'><strong>Ecclesia.</strong></span> 
     </span>
    </p>
   </div>
   <div class='ocr_carea' id='block_1_50' title="bbox 2223 3687 2345 3740">
    <p class='ocr_par' dir='ltr' id='par_1_50' title="bbox 2223 3687 2345 3740">
     <span class='ocr_line' id='line_1_50' title="bbox 2223 3687 2345 3740; baseline 0 -1"><span class='ocrx_word' id='word_1_351' title='bbox 2223 3687 2345 3740; x_wconf 88' lang='lat' dir='ltr'><strong>Per.</strong></span> 
     </span>
    </p>
   </div>
   <div class='ocr_carea' id='block_1_51' title="bbox 483 2411 2111 2486">
    <p class='ocr_par' dir='ltr' id='par_1_51' title="bbox 483 2411 2111 2486">
     <span class='ocr_line' id='line_1_51' title="bbox 483 2411 2111 2486; baseline -0.004 -17"><span class='ocrx_word' id='word_1_352' title='bbox 483 2417 610 2470; x_wconf 88' lang='lat' dir='ltr'><strong>tuus</strong></span> <span class='ocrx_word' id='word_1_353' title='bbox 637 2415 960 2486; x_wconf 89' lang='lat' dir='ltr'><strong>adimplens</strong></span> <span class='ocrx_word' id='word_1_354' title='bbox 995 2413 1326 2484; x_wconf 87' lang='lat' dir='ltr'><strong>prophetias</strong></span> <span class='ocrx_word' id='word_1_355' title='bbox 1365 2411 1721 2482; x_wconf 89' lang='lat' dir='ltr'><strong>temporibus</strong></span> <span class='ocrx_word' id='word_1_356' title='bbox 1759 2411 2111 2482; x_wconf 65' lang='lat' dir='ltr'><strong>prasstitutis,</strong></span> 
     </span>
    </p>
   </div>
   <div class='ocr_carea' id='block_1_52' title="bbox 487 2503 2116 2578">
    <p class='ocr_par' dir='ltr' id='par_1_52' title="bbox 487 2503 2116 2578">
     <span class='ocr_line' id='line_1_52' title="bbox 487 2503 2116 2578; baseline -0.004 -15"><span class='ocrx_word' id='word_1_357' title='bbox 487 2508 735 2563; x_wconf 89' lang='lat' dir='ltr'><strong>visitavit</strong></span> <span class='ocrx_word' id='word_1_358' title='bbox 759 2523 864 2562; x_wconf 91' lang='lat' dir='ltr'><strong>nos</strong></span> <span class='ocrx_word' id='word_1_359' title='bbox 894 2507 1023 2578; x_wconf 91' lang='lat' dir='ltr'><strong>post</strong></span> <span class='ocrx_word' id='word_1_360' title='bbox 1051 2506 1310 2572; x_wconf 90' lang='lat' dir='ltr'><strong>biduum,</strong></span> <span class='ocrx_word' id='word_1_361' title='bbox 1348 2504 1439 2558; x_wconf 90' lang='lat' dir='ltr'><strong>die</strong></span> <span class='ocrx_word' id='word_1_362' title='bbox 1471 2505 1642 2559; x_wconf 89' lang='lat' dir='ltr'><strong>tertia</strong></span> <span class='ocrx_word' id='word_1_363' title='bbox 1673 2503 1997 2558; x_wconf 86' lang='lat' dir='ltr'><strong>resurrexit.</strong></span> <span class='ocrx_word' id='word_1_364' title='bbox 2015 2503 2116 2556; x_wconf 84' lang='lat' dir='ltr'><strong>Hic</strong></span> 
     </span>
    </p>
   </div>
   <div class='ocr_carea' id='block_1_53' title="bbox 483 2595 2113 2666">
    <p class='ocr_par' dir='ltr' id='par_1_53' title="bbox 483 2595 2113 2666">
     <span class='ocr_line' id='line_1_53' title="bbox 483 2595 2113 2666; baseline -0.005 -10"><span class='ocrx_word' id='word_1_365' title='bbox 483 2605 568 2656; x_wconf 89' lang='lat' dir='ltr'><strong>est</strong></span> <span class='ocrx_word' id='word_1_366' title='bbox 597 2600 755 2655; x_wconf 89' lang='lat' dir='ltr'><strong>enim</strong></span> <span class='ocrx_word' id='word_1_367' title='bbox 788 2600 910 2654; x_wconf 91' lang='lat' dir='ltr'><strong>dies</strong></span> <span class='ocrx_word' id='word_1_368' title='bbox 943 2598 1090 2654; x_wconf 90' lang='lat' dir='ltr'><strong>tanti</strong></span> <span class='ocrx_word' id='word_1_369' title='bbox 1123 2597 1380 2652; x_wconf 89' lang='lat' dir='ltr'><strong>muneris</strong></span> <span class='ocrx_word' id='word_1_370' title='bbox 1409 2595 1808 2651; x_wconf 86' lang='lat' dir='ltr'><strong>benedictione</strong></span> <span class='ocrx_word' id='word_1_371' title='bbox 1837 2596 2113 2666; x_wconf 87' lang='lat' dir='ltr'><strong>signatus,</strong></span> 
     </span>
    </p>
   </div>
   <div class='ocr_carea' id='block_1_54' title="bbox 483 2688 2117 2766">
    <p class='ocr_par' dir='ltr' id='par_1_54' title="bbox 483 2688 2117 2766">
     <span class='ocr_line' id='line_1_54' title="bbox 483 2688 2117 2766; baseline -0.004 -18"><span class='ocrx_word' id='word_1_372' title='bbox 483 2695 580 2766; x_wconf 90' lang='lat' dir='ltr'><strong>qui</strong></span> <span class='ocrx_word' id='word_1_373' title='bbox 629 2693 914 2748; x_wconf 88' lang='lat' dir='ltr'><strong>hodierna</strong></span> <span class='ocrx_word' id='word_1_374' title='bbox 955 2691 1260 2745; x_wconf 85' lang='lat' dir='ltr'><strong>festivitate</strong></span> <span class='ocrx_word' id='word_1_375' title='bbox 1297 2689 1680 2762; x_wconf 87' lang='lat' dir='ltr'><strong>gaudentibus</strong></span> <span class='ocrx_word' id='word_1_376' title='bbox 1717 2689 1778 2742; x_wconf 91' lang='lat' dir='ltr'><strong>in</strong></span> <span class='ocrx_word' id='word_1_377' title='bbox 1817 2691 1938 2742; x_wconf 87' lang='lat' dir='ltr'><strong>toto</strong></span> <span class='ocrx_word' id='word_1_378' title='bbox 1979 2688 2117 2742; x_wconf 87' lang='lat' dir='ltr'><strong>orbe</strong></span> 
     </span>
    </p>
   </div>
   <div class='ocr_carea' id='block_1_55' title="bbox 485 2782 2115 2854">
    <p class='ocr_par' dir='ltr' id='par_1_55' title="bbox 485 2782 2115 2854">
     <span class='ocr_line' id='line_1_55' title="bbox 485 2782 2115 2854; baseline -0.006 -12"><span class='ocrx_word' id='word_1_379' title='bbox 485 2785 827 2842; x_wconf 89' lang='lat' dir='ltr'><strong>mortalibus</strong></span> <span class='ocrx_word' id='word_1_380' title='bbox 847 2785 1267 2854; x_wconf 86' lang='lat' dir='ltr'><strong>frequentatur.</strong></span> <span class='ocrx_word' id='word_1_381' title='bbox 1291 2783 1434 2846; x_wconf 88' lang='lat' dir='ltr'><strong>Quia</strong></span> <span class='ocrx_word' id='word_1_382' title='bbox 1450 2782 1710 2836; x_wconf 89' lang='lat' dir='ltr'><strong>omnium</strong></span> <span class='ocrx_word' id='word_1_383' title='bbox 1725 2798 1879 2835; x_wconf 89' lang='lat' dir='ltr'><strong>mors</strong></span> <span class='ocrx_word' id='word_1_384' title='bbox 1889 2797 2115 2852; x_wconf 90' lang='lat' dir='ltr'><strong>perem-</strong></span> 
     </span>
    </p>
   </div>
   <div class='ocr_carea' id='block_1_56' title="bbox 485 2873 2118 2950">
    <p class='ocr_par' dir='ltr' id='par_1_56' title="bbox 485 2873 2118 2950">
     <span class='ocr_line' id='line_1_56' title="bbox 485 2873 2118 2950; baseline -0.004 -18"><span class='ocrx_word' id='word_1_385' title='bbox 485 2881 585 2950; x_wconf 90' lang='lat' dir='ltr'><strong>pta</strong></span> <span class='ocrx_word' id='word_1_386' title='bbox 619 2880 705 2933; x_wconf 90' lang='lat' dir='ltr'><strong>est</strong></span> <span class='ocrx_word' id='word_1_387' title='bbox 742 2877 802 2930; x_wconf 91' lang='lat' dir='ltr'><strong>in</strong></span> <span class='ocrx_word' id='word_1_388' title='bbox 842 2893 1008 2930; x_wconf 90' lang='lat' dir='ltr'><strong>cruce</strong></span> <span class='ocrx_word' id='word_1_389' title='bbox 1044 2875 1272 2941; x_wconf 87' lang='lat' dir='ltr'><strong>Christi,</strong></span> <span class='ocrx_word' id='word_1_390' title='bbox 1301 2879 1358 2928; x_wconf 90' lang='lat' dir='ltr'><strong>et</strong></span> <span class='ocrx_word' id='word_1_391' title='bbox 1399 2875 1458 2928; x_wconf 92' lang='lat' dir='ltr'><strong>in</strong></span> <span class='ocrx_word' id='word_1_392' title='bbox 1508 2874 1946 2928; x_wconf 86' lang='lat' dir='ltr'><strong>Resurrectione</strong></span> <span class='ocrx_word' id='word_1_393' title='bbox 1997 2873 2118 2942; x_wconf 87' lang='lat' dir='ltr'><strong>ejus</strong></span> 
     </span>
    </p>
   </div>
   <div class='ocr_carea' id='block_1_57' title="bbox 489 2966 2118 3033">
    <p class='ocr_par' dir='ltr' id='par_1_57' title="bbox 489 2966 2118 3033">
     <span class='ocr_line' id='line_1_57' title="bbox 489 2966 2118 3033; baseline -0.004 -8"><span class='ocrx_word' id='word_1_394' title='bbox 489 2970 750 3026; x_wconf 88' lang='lat' dir='ltr'><strong>omnium</strong></span> <span class='ocrx_word' id='word_1_395' title='bbox 777 2968 891 3022; x_wconf 88' lang='lat' dir='ltr'><strong>vita</strong></span> <span class='ocrx_word' id='word_1_396' title='bbox 903 2967 1161 3022; x_wconf 83' lang='lat' dir='ltr'><strong>surrexit.</strong></span> <span class='ocrx_word' id='word_1_397' title='bbox 1176 2968 1244 3022; x_wconf 90' lang='lat' dir='ltr'><strong>Et</strong></span> <span class='ocrx_word' id='word_1_398' title='bbox 1265 2983 1436 3033; x_wconf 90' lang='lat' dir='ltr'><strong>nunc,</strong></span> <span class='ocrx_word' id='word_1_399' title='bbox 1461 2966 1701 3020; x_wconf 91' lang='lat' dir='ltr'><strong>Domine</strong></span> <span class='ocrx_word' id='word_1_400' title='bbox 1723 2969 1937 3032; x_wconf 87' lang='lat' dir='ltr'><strong>sancte,</strong></span> <span class='ocrx_word' id='word_1_401' title='bbox 1952 2967 2118 3020; x_wconf 88' lang='lat' dir='ltr'><strong>Pater</strong></span> 
     </span>
    </p>
   </div>
   <div class='ocr_carea' id='block_1_58' title="bbox 490 3058 2116 3133">
    <p class='ocr_par' dir='ltr' id='par_1_58' title="bbox 490 3058 2116 3133">
     <span class='ocr_line' id='line_1_58' title="bbox 490 3058 2116 3133; baseline -0.004 -16"><span class='ocrx_word' id='word_1_402' title='bbox 490 3062 876 3133; x_wconf 90' lang='lat' dir='ltr'><strong>omnipotens,</strong></span> <span class='ocrx_word' id='word_1_403' title='bbox 895 3063 1108 3114; x_wconf 68' lang='lat' dir='ltr'><strong>aeterne</strong></span> <span class='ocrx_word' id='word_1_404' title='bbox 1123 3061 1292 3125; x_wconf 94' lang='lat' dir='ltr'><strong>Deus,</strong></span> <span class='ocrx_word' id='word_1_405' title='bbox 1317 3059 1598 3129; x_wconf 90' lang='lat' dir='ltr'><strong>supplices</strong></span> <span class='ocrx_word' id='word_1_406' title='bbox 1617 3059 2012 3129; x_wconf 87' lang='lat' dir='ltr'><strong>deprecamur,</strong></span> <span class='ocrx_word' id='word_1_407' title='bbox 2035 3058 2116 3112; x_wconf 90' lang='lat' dir='ltr'><strong>uti</strong></span> 
     </span>
    </p>
   </div>
   <div class='ocr_carea' id='block_1_59' title="bbox 487 3151 2116 3221">
    <p class='ocr_par' dir='ltr' id='par_1_59' title="bbox 487 3151 2116 3221">
     <span class='ocr_line' id='line_1_59' title="bbox 487 3151 2116 3221; baseline -0.004 -11"><span class='ocrx_word' id='word_1_408' title='bbox 487 3157 637 3210; x_wconf 88' lang='lat' dir='ltr'><strong>hanc</strong></span> <span class='ocrx_word' id='word_1_409' title='bbox 684 3153 1034 3208; x_wconf 86' lang='lat' dir='ltr'><strong>oblationem</strong></span> <span class='ocrx_word' id='word_1_410' title='bbox 1066 3151 1408 3206; x_wconf 90' lang='lat' dir='ltr'><strong>benedicere</strong></span> <span class='ocrx_word' id='word_1_411' title='bbox 1437 3155 1494 3205; x_wconf 90' lang='lat' dir='ltr'><strong>et</strong></span> <span class='ocrx_word' id='word_1_412' title='bbox 1522 3151 1874 3206; x_wconf 85' lang='lat' dir='ltr'><strong>sanctificare</strong></span> <span class='ocrx_word' id='word_1_413' title='bbox 1916 3151 2116 3221; x_wconf 89' lang='lat' dir='ltr'><strong>digne-</strong></span> 
     </span>
    </p>
   </div>
   <div class='ocr_carea' id='block_1_60' title="bbox 489 3243 1685 3302">
    <p class='ocr_par' dir='ltr' id='par_1_60' title="bbox 489 3243 1685 3302">
     <span class='ocr_line' id='line_1_60' title="bbox 489 3243 1685 3302; baseline -0.003 0"><span class='ocrx_word' id='word_1_414' title='bbox 489 3248 588 3302; x_wconf 89' lang='lat' dir='ltr'><strong>ris.</strong></span> <span class='ocrx_word' id='word_1_415' title='bbox 621 3249 728 3301; x_wconf 91' lang='lat' dir='ltr'><strong>Per</strong></span> <span class='ocrx_word' id='word_1_416' title='bbox 753 3245 1040 3301; x_wconf 90' lang='lat' dir='ltr'><strong>Christum</strong></span> <span class='ocrx_word' id='word_1_417' title='bbox 1069 3243 1379 3299; x_wconf 89' lang='lat' dir='ltr'><strong>Dominum</strong></span> <span class='ocrx_word' id='word_1_418' title='bbox 1407 3248 1685 3298; x_wconf 90' lang='lat' dir='ltr'><strong>nostrum.</strong></span> 
     </span>
    </p>
   </div>
   <div class='ocr_carea' id='block_1_61' title="bbox 1115 3361 1493 3409">
    <p class='ocr_par' dir='ltr' id='par_1_61' title="bbox 1115 3361 1493 3409">
     <span class='ocr_line' id='line_1_61' title="bbox 1115 3361 1493 3409; baseline -0.003 0"><span class='ocrx_word' id='word_1_419' title='bbox 1115 3361 1238 3409; x_wconf 90' lang='lat' dir='ltr'><strong>Post</strong></span> <span class='ocrx_word' id='word_1_420' title='bbox 1265 3361 1493 3409; x_wconf 78' lang='lat' dir='ltr'><strong>Sanctus.</strong></span> 
     </span>
    </p>
   </div>
   <div class='ocr_carea' id='block_1_62' title="bbox 563 3452 2121 3524">
    <p class='ocr_par' dir='ltr' id='par_1_62' title="bbox 563 3452 2121 3524">
     <span class='ocr_line' id='line_1_62' title="bbox 563 3452 2121 3524; baseline -0.003 -14"><span class='ocrx_word' id='word_1_421' title='bbox 563 3457 691 3510; x_wconf 66' lang='lat' dir='ltr'><strong>Haec</strong></span> <span class='ocrx_word' id='word_1_422' title='bbox 715 3457 774 3509; x_wconf 90' lang='lat' dir='ltr'><strong>te</strong></span> <span class='ocrx_word' id='word_1_423' title='bbox 803 3471 927 3522; x_wconf 87' lang='lat' dir='ltr'><strong>vox,</strong></span> <span class='ocrx_word' id='word_1_424' title='bbox 957 3452 1223 3520; x_wconf 89' lang='lat' dir='ltr'><strong>Domine,</strong></span> <span class='ocrx_word' id='word_1_425' title='bbox 1247 3454 1487 3524; x_wconf 82' lang='lat' dir='ltr'><strong>mystica</strong></span> <span class='ocrx_word' id='word_1_426' title='bbox 1509 3454 1632 3506; x_wconf 91' lang='lat' dir='ltr'><strong>luce</strong></span> <span class='ocrx_word' id='word_1_427' title='bbox 1655 3452 1976 3518; x_wconf 86' lang='lat' dir='ltr'><strong>comitatur,</strong></span> <span class='ocrx_word' id='word_1_428' title='bbox 1994 3467 2121 3522; x_wconf 60' lang='lat' dir='ltr'><strong>quas</strong></span> 
     </span>
    </p>
   </div>
   <div class='ocr_carea' id='block_1_63' title="bbox 489 3545 2117 3618">
    <p class='ocr_par' dir='ltr' id='par_1_63' title="bbox 489 3545 2117 3618">
     <span class='ocr_line' id='line_1_63' title="bbox 489 3545 2117 3618; baseline -0.004 -14"><span class='ocrx_word' id='word_1_429' title='bbox 489 3565 620 3604; x_wconf 90' lang='lat' dir='ltr'><strong>cum</strong></span> <span class='ocrx_word' id='word_1_430' title='bbox 650 3549 708 3602; x_wconf 93' lang='lat' dir='ltr'><strong>in</strong></span> <span class='ocrx_word' id='word_1_431' title='bbox 727 3547 989 3618; x_wconf 88' lang='lat' dir='ltr'><strong>supernis</strong></span> <span class='ocrx_word' id='word_1_432' title='bbox 1002 3545 1306 3600; x_wconf 82' lang='lat' dir='ltr'><strong>dominicae</strong></span> <span class='ocrx_word' id='word_1_433' title='bbox 1319 3545 1746 3617; x_wconf 88' lang='lat' dir='ltr'><strong>perennitatem</strong></span> <span class='ocrx_word' id='word_1_434' title='bbox 1759 3545 1946 3599; x_wconf 89' lang='lat' dir='ltr'><strong>laudis</strong></span> <span class='ocrx_word' id='word_1_435' title='bbox 1959 3561 2117 3598; x_wconf 85' lang='lat' dir='ltr'><strong>exer-</strong></span> 
     </span>
    </p>
   </div>
   <div class='ocr_carea' id='block_1_64' title="bbox 491 3637 2119 3708">
    <p class='ocr_par' dir='ltr' id='par_1_64' title="bbox 491 3637 2119 3708">
     <span class='ocr_line' id='line_1_64' title="bbox 491 3637 2119 3708; baseline -0.004 -12"><span class='ocrx_word' id='word_1_436' title='bbox 491 3645 638 3708; x_wconf 88' lang='lat' dir='ltr'><strong>ceat,</strong></span> <span class='ocrx_word' id='word_1_437' title='bbox 670 3640 1120 3695; x_wconf 88' lang='lat' dir='ltr'><strong>celebrationem</strong></span> <span class='ocrx_word' id='word_1_438' title='bbox 1151 3639 1298 3693; x_wconf 85' lang='lat' dir='ltr'><strong>tanti</strong></span> <span class='ocrx_word' id='word_1_439' title='bbox 1327 3638 1580 3693; x_wconf 91' lang='lat' dir='ltr'><strong>nominis</strong></span> <span class='ocrx_word' id='word_1_440' title='bbox 1611 3637 1824 3692; x_wconf 83' lang='lat' dir='ltr'><strong>invexit</strong></span> <span class='ocrx_word' id='word_1_441' title='bbox 1849 3641 1906 3691; x_wconf 93' lang='lat' dir='ltr'><strong>et</strong></span> <span class='ocrx_word' id='word_1_442' title='bbox 1931 3637 2119 3703; x_wconf 90' lang='lat' dir='ltr'><strong>terris,</strong></span> 
     </span>
    </p>
   </div>
   <div class='ocr_carea' id='block_1_65' title="bbox 487 3731 2122 3804">
    <p class='ocr_par' dir='ltr' id='par_1_65' title="bbox 487 3731 2122 3804">
     <span class='ocr_line' id='line_1_65' title="bbox 487 3731 2122 3804; baseline -0.003 -15"><span class='ocrx_word' id='word_1_443' title='bbox 487 3737 550 3789; x_wconf 87' lang='lat' dir='ltr'><strong>ut</strong></span> <span class='ocrx_word' id='word_1_444' title='bbox 597 3731 932 3804; x_wconf 88' lang='lat' dir='ltr'><strong>hujusmodi</strong></span> <span class='ocrx_word' id='word_1_445' title='bbox 965 3749 1242 3803; x_wconf 89' lang='lat' dir='ltr'><strong>personas</strong></span> <span class='ocrx_word' id='word_1_446' title='bbox 1271 3732 1319 3785; x_wconf 89' lang='lat' dir='ltr'><strong>si</strong></span> <span class='ocrx_word' id='word_1_447' title='bbox 1357 3731 1626 3786; x_wconf 90' lang='lat' dir='ltr'><strong>homines</strong></span> <span class='ocrx_word' id='word_1_448' title='bbox 1653 3733 1940 3796; x_wconf 88' lang='lat' dir='ltr'><strong>tacerent,</strong></span> <span class='ocrx_word' id='word_1_449' title='bbox 1991 3747 2122 3784; x_wconf 86' lang='lat' dir='ltr'><strong>saxa</strong></span> 
     </span>
    </p>
   </div>
   <div class='ocr_carea' id='block_1_66' title="bbox 489 3823 2124 3889">
    <p class='ocr_par' dir='ltr' id='par_1_66' title="bbox 489 3823 2124 3889">
     <span class='ocr_line' id='line_1_66' title="bbox 489 3823 2124 3889; baseline -0.004 -7"><span class='ocrx_word' id='word_1_450' title='bbox 489 3829 826 3882; x_wconf 89' lang='lat' dir='ltr'><strong>clamarent.</strong></span> <span class='ocrx_word' id='word_1_451' title='bbox 863 3825 1142 3878; x_wconf 88' lang='lat' dir='ltr'><strong>Viderunt</strong></span> <span class='ocrx_word' id='word_1_452' title='bbox 1175 3827 1232 3877; x_wconf 91' lang='lat' dir='ltr'><strong>te</strong></span> <span class='ocrx_word' id='word_1_453' title='bbox 1271 3823 1463 3889; x_wconf 88' lang='lat' dir='ltr'><strong>inferi,</strong></span> <span class='ocrx_word' id='word_1_454' title='bbox 1497 3825 1684 3888; x_wconf 90' lang='lat' dir='ltr'><strong>Deus;</strong></span> <span class='ocrx_word' id='word_1_455' title='bbox 1722 3823 2026 3888; x_wconf 86' lang='lat' dir='ltr'><strong>viderunt,</strong></span> <span class='ocrx_word' id='word_1_456' title='bbox 2067 3825 2124 3876; x_wconf 91' lang='lat' dir='ltr'><strong>et</strong></span> 
     </span>
    </p>
   </div>
   <div class='ocr_carea' id='block_1_67' title="bbox 489 3914 2125 3984">
    <p class='ocr_par' dir='ltr' id='par_1_67' title="bbox 489 3914 2125 3984">
     <span class='ocr_line' id='line_1_67' title="bbox 489 3914 2125 3984; baseline -0.004 -12"><span class='ocrx_word' id='word_1_457' title='bbox 489 3919 812 3972; x_wconf 89' lang='lat' dir='ltr'><strong>timuerunt</strong></span> <span class='ocrx_word' id='word_1_458' title='bbox 831 3933 863 3970; x_wconf 91' lang='lat' dir='ltr'><strong>a</strong></span> <span class='ocrx_word' id='word_1_459' title='bbox 881 3932 1018 3969; x_wconf 91' lang='lat' dir='ltr'><strong>voce</strong></span> <span class='ocrx_word' id='word_1_460' title='bbox 1041 3915 1280 3969; x_wconf 86' lang='lat' dir='ltr'><strong>tonitrui</strong></span> <span class='ocrx_word' id='word_1_461' title='bbox 1301 3915 1402 3980; x_wconf 90' lang='lat' dir='ltr'><strong>tui,</strong></span> <span class='ocrx_word' id='word_1_462' title='bbox 1433 3915 1688 3968; x_wconf 90' lang='lat' dir='ltr'><strong>dicentes</strong></span> <span class='ocrx_word' id='word_1_463' title='bbox 1712 3931 1724 3968; x_wconf 91' lang='lat'>:</span> <span class='ocrx_word' id='word_1_464' title='bbox 1748 3914 2027 3984; x_wconf 82' lang='lat' dir='ltr'><strong>Absorpta</strong></span> <span class='ocrx_word' id='word_1_465' title='bbox 2040 3917 2125 3967; x_wconf 87' lang='lat' dir='ltr'><strong>est</strong></span> 
     </span>
    </p>
   </div>
   <div class='ocr_carea' id='block_1_68' title="bbox 491 4006 2123 4073">
    <p class='ocr_par' dir='ltr' id='par_1_68' title="bbox 491 4006 2123 4073">
     <span class='ocr_line' id='line_1_68' title="bbox 491 4006 2123 4073; baseline -0.003 -7"><span class='ocrx_word' id='word_1_466' title='bbox 491 4025 650 4066; x_wconf 88' lang='lat' dir='ltr'><strong>mors</strong></span> <span class='ocrx_word' id='word_1_467' title='bbox 693 4009 752 4062; x_wconf 90' lang='lat' dir='ltr'><strong>in</strong></span> <span class='ocrx_word' id='word_1_468' title='bbox 781 4008 1024 4062; x_wconf 87' lang='lat' dir='ltr'><strong>victoria</strong></span> <span class='ocrx_word' id='word_1_469' title='bbox 1055 4010 1174 4060; x_wconf 90' lang='lat' dir='ltr'><strong>tua.</strong></span> <span class='ocrx_word' id='word_1_470' title='bbox 1213 4006 1320 4060; x_wconf 89' lang='lat' dir='ltr'><strong>Ubi</strong></span> <span class='ocrx_word' id='word_1_471' title='bbox 1359 4009 1462 4072; x_wconf 89' lang='lat' dir='ltr'><strong>est,</strong></span> <span class='ocrx_word' id='word_1_472' title='bbox 1495 4008 1659 4073; x_wconf 87' lang='lat' dir='ltr'><strong>Mors,</strong></span> <span class='ocrx_word' id='word_1_473' title='bbox 1691 4007 1919 4060; x_wconf 89' lang='lat' dir='ltr'><strong>aculeus</strong></span> <span class='ocrx_word' id='word_1_474' title='bbox 1947 4007 2123 4061; x_wconf 84' lang='lat' dir='ltr'><strong>tuus?</strong></span> 
     </span>
    </p>
   </div>
   <div class='ocr_carea' id='block_1_69' title="bbox 491 4099 2122 4171">
    <p class='ocr_par' dir='ltr' id='par_1_69' title="bbox 491 4099 2122 4171">
     <span class='ocr_line' id='line_1_69' title="bbox 491 4099 2122 4171; baseline -0.002 -13"><span class='ocrx_word' id='word_1_475' title='bbox 491 4101 768 4158; x_wconf 76' lang='lat' dir='ltr'><strong>Adtonita</strong></span> <span class='ocrx_word' id='word_1_476' title='bbox 787 4101 1086 4170; x_wconf 86' lang='lat' dir='ltr'><strong>paululum</strong></span> <span class='ocrx_word' id='word_1_477' title='bbox 1101 4099 1448 4153; x_wconf 88' lang='lat' dir='ltr'><strong>miserorum</strong></span> <span class='ocrx_word' id='word_1_478' title='bbox 1463 4103 1670 4154; x_wconf 88' lang='lat' dir='ltr'><strong>stetere</strong></span> <span class='ocrx_word' id='word_1_479' title='bbox 1689 4100 1992 4171; x_wconf 88' lang='lat' dir='ltr'><strong>supplicia;</strong></span> <span class='ocrx_word' id='word_1_480' title='bbox 2017 4117 2122 4155; x_wconf 89' lang='lat' dir='ltr'><strong>nec</strong></span> 
     </span>
    </p>
   </div>
   <div class='ocr_carea' id='block_1_70' title="bbox 493 4192 2120 4263">
    <p class='ocr_par' dir='ltr' id='par_1_70' title="bbox 493 4192 2120 4263">
     <span class='ocr_line' id='line_1_70' title="bbox 493 4192 2120 4263; baseline -0.001 -13"><span class='ocrx_word' id='word_1_481' title='bbox 493 4195 824 4250; x_wconf 88' lang='lat' dir='ltr'><strong>habuerunt</strong></span> <span class='ocrx_word' id='word_1_482' title='bbox 861 4195 1154 4247; x_wconf 89' lang='lat' dir='ltr'><strong>tormenta</strong></span> <span class='ocrx_word' id='word_1_483' title='bbox 1198 4192 1512 4246; x_wconf 88' lang='lat' dir='ltr'><strong>cruciatum</strong></span> <span class='ocrx_word' id='word_1_484' title='bbox 1540 4210 1552 4259; x_wconf 88' lang='lat'><strong>;</strong></span> <span class='ocrx_word' id='word_1_485' title='bbox 1584 4197 1640 4246; x_wconf 89' lang='lat' dir='ltr'><strong>et</strong></span> <span class='ocrx_word' id='word_1_486' title='bbox 1669 4193 1925 4263; x_wconf 89' lang='lat' dir='ltr'><strong>judicem</strong></span> <span class='ocrx_word' id='word_1_487' title='bbox 1955 4211 2120 4248; x_wconf 90' lang='lat' dir='ltr'><strong>suum</strong></span> 
     </span>
    </p>
   </div>
   <div class='ocr_carea' id='block_1_71' title="bbox 494 4285 2123 4360">
    <p class='ocr_par' dir='ltr' id='par_1_71' title="bbox 494 4285 2123 4360">
     <span class='ocr_line' id='line_1_71' title="bbox 494 4285 2123 4360; baseline -0.013 0"><span class='ocrx_word' id='word_1_488' title='bbox 494 4285 686 4360; x_wconf 78' lang='grc'><strong>254</strong></span> <span class='ocrx_word' id='word_1_489' title='bbox 719 4285 844 4356; x_wconf 70' lang='lat' dir='ltr'><strong>ipsa</strong></span> <span class='ocrx_word' id='word_1_490' title='bbox 872 4285 1046 4339; x_wconf 60' lang='lat' dir='ltr'><strong>etiam</strong></span> <span class='ocrx_word' id='word_1_491' title='bbox 1069 4302 1241 4355; x_wconf 61' lang='lat' dir='ltr'><strong>Poena</strong></span> <span class='ocrx_word' id='word_1_492' title='bbox 1263 4286 1627 4353; x_wconf 86' lang='lat' dir='ltr'><strong>contremuit,</strong></span> <span class='ocrx_word' id='word_1_493' title='bbox 1645 4286 1779 4357; x_wconf 84' lang='lat' dir='ltr'><strong>quia</strong></span> <span class='ocrx_word' id='word_1_494' title='bbox 1791 4289 1996 4340; x_wconf 88' lang='lat' dir='ltr'><strong>natura</strong></span> <span class='ocrx_word' id='word_1_495' title='bbox 2015 4289 2123 4340; x_wconf 90' lang='lat' dir='ltr'><strong>ter-</strong></span> 
     </span>
    </p>
   </div>
   <div class='ocr_carea' id='block_1_72' title="bbox 493 4377 2119 4451">
    <p class='ocr_par' dir='ltr' id='par_1_72' title="bbox 493 4377 2119 4451">
     <span class='ocr_line' id='line_1_72' title="bbox 493 4377 2119 4451; baseline 0 -17"><span class='ocrx_word' id='word_1_496' title='bbox 493 4379 750 4434; x_wconf 90' lang='lat' dir='ltr'><strong>ribilium</strong></span> <span class='ocrx_word' id='word_1_497' title='bbox 771 4377 1166 4446; x_wconf 88' lang='lat' dir='ltr'><strong>tenebrarum,</strong></span> <span class='ocrx_word' id='word_1_498' title='bbox 1199 4379 1506 4449; x_wconf 66' lang='lat' dir='ltr'><strong>praesentia</strong></span> <span class='ocrx_word' id='word_1_499' title='bbox 1534 4380 1616 4433; x_wconf 90' lang='lat' dir='ltr'><strong>tui</strong></span> <span class='ocrx_word' id='word_1_500' title='bbox 1643 4380 1883 4451; x_wconf 83' lang='lat' dir='ltr'><strong>fulgoris</strong></span> <span class='ocrx_word' id='word_1_501' title='bbox 1905 4379 2119 4447; x_wconf 89' lang='lat' dir='ltr'><strong>habita,</strong></span> 
     </span>
    </p>
   </div>
   <div class='ocr_carea' id='block_1_73' title="bbox 2873 3755 3186 3820">
    <p class='ocr_par' dir='ltr' id='par_1_73' title="bbox 2873 3755 3186 3820">
     <span class='ocr_line' id='line_1_73' title="bbox 2873 3755 3186 3820; baseline 0 -15"><span class='ocrx_word' id='word_1_502' title='bbox 2873 3755 2952 3805; x_wconf 74' lang='lat' dir='ltr'><strong>Ad</strong></span> <span class='ocrx_word' id='word_1_503' title='bbox 2981 3769 3186 3820; x_wconf 86' lang='lat' dir='ltr'><strong>pacem.</strong></span> 
     </span>
    </p>
   </div>
   <div class='ocr_carea' id='block_1_74' title="bbox 2293 3840 3890 3915">
    <p class='ocr_par' dir='ltr' id='par_1_74' title="bbox 2293 3840 3890 3915">
     <span class='ocr_line' id='line_1_74' title="bbox 2293 3840 3890 3915; baseline 0.003 -21"><span class='ocrx_word' id='word_1_504' title='bbox 2293 3840 2672 3911; x_wconf 88' lang='lat' dir='ltr'><strong>Omnipotens</strong></span> <span class='ocrx_word' id='word_1_505' title='bbox 2689 3840 3040 3911; x_wconf 88' lang='lat' dir='ltr'><strong>sempiterne</strong></span> <span class='ocrx_word' id='word_1_506' title='bbox 3059 3842 3226 3908; x_wconf 90' lang='lat' dir='ltr'><strong>Deus,</strong></span> <span class='ocrx_word' id='word_1_507' title='bbox 3247 3842 3347 3912; x_wconf 89' lang='lat' dir='ltr'><strong>qui</strong></span> <span class='ocrx_word' id='word_1_508' title='bbox 3367 3857 3472 3912; x_wconf 93' lang='lat' dir='ltr'><strong>per</strong></span> <span class='ocrx_word' id='word_1_509' title='bbox 3483 3843 3890 3915; x_wconf 87' lang='lat' dir='ltr'><strong>Unigenitum</strong></span> 
     </span>
    </p>
   </div>
   <div class='ocr_carea' id='block_1_75' title="bbox 2225 3933 3888 4004">
    <p class='ocr_par' dir='ltr' id='par_1_75' title="bbox 2225 3933 3888 4004">
     <span class='ocr_line' id='line_1_75' title="bbox 2225 3933 3888 4004; baseline 0.004 -18"><span class='ocrx_word' id='word_1_510' title='bbox 2225 3935 2385 3986; x_wconf 90' lang='lat' dir='ltr'><strong>tuum</strong></span> <span class='ocrx_word' id='word_1_511' title='bbox 2411 3933 2749 3986; x_wconf 72' lang='lat' dir='ltr'><strong>aeternitatis</strong></span> <span class='ocrx_word' id='word_1_512' title='bbox 2763 3933 2928 3988; x_wconf 91' lang='lat' dir='ltr'><strong>nobis</strong></span> <span class='ocrx_word' id='word_1_513' title='bbox 2953 3933 3196 4001; x_wconf 89' lang='lat' dir='ltr'><strong>aditum,</strong></span> <span class='ocrx_word' id='word_1_514' title='bbox 3221 3934 3448 3990; x_wconf 86' lang='lat' dir='ltr'><strong>devicta</strong></span> <span class='ocrx_word' id='word_1_515' title='bbox 3475 3939 3698 4004; x_wconf 89' lang='lat' dir='ltr'><strong>morte,</strong></span> <span class='ocrx_word' id='word_1_516' title='bbox 3725 3955 3888 3992; x_wconf 82' lang='lat' dir='ltr'><strong>rese-</strong></span> 
     </span>
    </p>
   </div>
   <div class='ocr_carea' id='block_1_76' title="bbox 2223 4025 3890 4095">
    <p class='ocr_par' dir='ltr' id='par_1_76' title="bbox 2223 4025 3890 4095">
     <span class='ocr_line' id='line_1_76' title="bbox 2223 4025 3890 4095; baseline 0.004 -17"><span class='ocrx_word' id='word_1_517' title='bbox 2223 4026 2398 4092; x_wconf 89' lang='lat' dir='ltr'><strong>rasti;</strong></span> <span class='ocrx_word' id='word_1_518' title='bbox 2433 4025 2589 4095; x_wconf 88' lang='lat' dir='ltr'><strong>erige</strong></span> <span class='ocrx_word' id='word_1_519' title='bbox 2637 4026 2710 4080; x_wconf 91' lang='lat' dir='ltr'><strong>ad</strong></span> <span class='ocrx_word' id='word_1_520' title='bbox 2755 4029 2810 4081; x_wconf 90' lang='lat' dir='ltr'><strong>te</strong></span> <span class='ocrx_word' id='word_1_521' title='bbox 2855 4027 3031 4081; x_wconf 90' lang='lat' dir='ltr'><strong>corda</strong></span> <span class='ocrx_word' id='word_1_522' title='bbox 3059 4027 3446 4095; x_wconf 88' lang='lat' dir='ltr'><strong>credentium,</strong></span> <span class='ocrx_word' id='word_1_523' title='bbox 3475 4032 3540 4083; x_wconf 89' lang='lat' dir='ltr'><strong>ut</strong></span> <span class='ocrx_word' id='word_1_524' title='bbox 3575 4046 3796 4085; x_wconf 90' lang='lat' dir='ltr'><strong>omnes</strong></span> <span class='ocrx_word' id='word_1_525' title='bbox 3825 4031 3890 4085; x_wconf 90' lang='lat' dir='ltr'><strong>in</strong></span> 
     </span>
    </p>
   </div>
   <div class='ocr_carea' id='block_1_77' title="bbox 2223 4118 3892 4195">
    <p class='ocr_par' dir='ltr' id='par_1_77' title="bbox 2223 4118 3892 4195">
     <span class='ocr_line' id='line_1_77' title="bbox 2223 4118 3892 4195; baseline 0.004 -22"><span class='ocrx_word' id='word_1_526' title='bbox 2223 4119 2446 4173; x_wconf 88' lang='lat' dir='ltr'><strong>Christo</strong></span> <span class='ocrx_word' id='word_1_527' title='bbox 2489 4118 2678 4172; x_wconf 89' lang='lat' dir='ltr'><strong>renati</strong></span> <span class='ocrx_word' id='word_1_528' title='bbox 2716 4135 2784 4173; x_wconf 87' lang='lat' dir='ltr'><strong>ex</strong></span> <span class='ocrx_word' id='word_1_529' title='bbox 2827 4135 2978 4190; x_wconf 87' lang='lat' dir='ltr'><strong>aqua</strong></span> <span class='ocrx_word' id='word_1_530' title='bbox 3023 4123 3082 4172; x_wconf 88' lang='lat' dir='ltr'><strong>et</strong></span> <span class='ocrx_word' id='word_1_531' title='bbox 3119 4119 3337 4190; x_wconf 89' lang='lat' dir='ltr'><strong>Spiritu</strong></span> <span class='ocrx_word' id='word_1_532' title='bbox 3364 4124 3569 4177; x_wconf 88' lang='lat' dir='ltr'><strong>sancto</strong></span> <span class='ocrx_word' id='word_1_533' title='bbox 3623 4141 3892 4195; x_wconf 86' lang='lat' dir='ltr'><strong>regnum</strong></span> 
     </span>
    </p>
   </div>
   <div class='ocr_carea' id='block_1_78' title="bbox 2223 4211 3296 4280">
    <p class='ocr_par' dir='ltr' id='par_1_78' title="bbox 2223 4211 3296 4280">
     <span class='ocr_line' id='line_1_78' title="bbox 2223 4211 3296 4280; baseline 0.002 -16"><span class='ocrx_word' id='word_1_534' title='bbox 2223 4212 2494 4265; x_wconf 71' lang='lat' dir='ltr'><strong>caelorum</strong></span> <span class='ocrx_word' id='word_1_535' title='bbox 2527 4211 2754 4280; x_wconf 89' lang='lat' dir='ltr'><strong>ingredi</strong></span> <span class='ocrx_word' id='word_1_536' title='bbox 2781 4215 3136 4266; x_wconf 87' lang='lat' dir='ltr'><strong>mereantur.</strong></span> <span class='ocrx_word' id='word_1_537' title='bbox 3168 4213 3296 4267; x_wconf 91' lang='lat' dir='ltr'><strong>Per.</strong></span> 
     </span>
    </p>
   </div>
   <div class='ocr_carea' id='block_1_79' title="bbox 2887 4313 3196 4364">
    <p class='ocr_par' dir='ltr' id='par_1_79' title="bbox 2887 4313 3196 4364">
     <span class='ocr_line' id='line_1_79' title="bbox 2887 4313 3196 4364; baseline 0.01 -3"><span class='ocrx_word' id='word_1_538' title='bbox 2887 4313 3196 4364; x_wconf 85' lang='lat' dir='ltr'><strong>Immolatio.</strong></span> 
     </span>
    </p>
   </div>
   <div class='ocr_carea' id='block_1_80' title="bbox 2293 4398 3892 4473">
    <p class='ocr_par' dir='ltr' id='par_1_80' title="bbox 2293 4398 3892 4473">
     <span class='ocr_line' id='line_1_80' title="bbox 2293 4398 3892 4473; baseline 0.006 -21"><span class='ocrx_word' id='word_1_539' title='bbox 2293 4399 2540 4469; x_wconf 90' lang='lat' dir='ltr'><strong>Dignum</strong></span> <span class='ocrx_word' id='word_1_540' title='bbox 2567 4401 2622 4452; x_wconf 91' lang='lat' dir='ltr'><strong>et</strong></span> <span class='ocrx_word' id='word_1_541' title='bbox 2649 4398 2868 4468; x_wconf 90' lang='lat' dir='ltr'><strong>justum</strong></span> <span class='ocrx_word' id='word_1_542' title='bbox 2895 4401 2980 4453; x_wconf 91' lang='lat' dir='ltr'><strong>est</strong></span> <span class='ocrx_word' id='word_1_543' title='bbox 3003 4417 3106 4454; x_wconf 92' lang='lat' dir='ltr'><strong>nos</strong></span> <span class='ocrx_word' id='word_1_544' title='bbox 3133 4400 3238 4454; x_wconf 91' lang='lat' dir='ltr'><strong>tibi</strong></span> <span class='ocrx_word' id='word_1_545' title='bbox 3267 4401 3482 4471; x_wconf 86' lang='lat' dir='ltr'><strong>gratias</strong></span> <span class='ocrx_word' id='word_1_546' title='bbox 3512 4419 3724 4473; x_wconf 88' lang='lat' dir='ltr'><strong>agere,</strong></span> <span class='ocrx_word' id='word_1_547' title='bbox 3759 4423 3892 4462; x_wconf 87' lang='lat' dir='ltr'><strong>om-</strong></span> 
     </span>
    </p>
   </div>
   <div class='ocr_carea' id='block_1_81' title="bbox 483 4471 3893 4564">
    <p class='ocr_par' dir='ltr' id='par_1_81' title="bbox 483 4471 3893 4564">
     <span class='ocr_line' id='line_1_81' title="bbox 483 4471 3893 4564; baseline -0.002 -36"><span class='ocrx_word' id='word_1_548' title='bbox 483 4473 612 4545; x_wconf 87' lang='lat' dir='ltr'><strong>jam</strong></span> <span class='ocrx_word' id='word_1_549' title='bbox 659 4475 796 4526; x_wconf 89' lang='lat' dir='ltr'><strong>tunc</strong></span> <span class='ocrx_word' id='word_1_550' title='bbox 850 4471 1046 4525; x_wconf 90' lang='lat' dir='ltr'><strong>timuit</strong></span> <span class='ocrx_word' id='word_1_551' title='bbox 1083 4471 1351 4542; x_wconf 91' lang='lat' dir='ltr'><strong>judicari.</strong></span> <span class='ocrx_word' id='word_1_552' title='bbox 1388 4473 1793 4527; x_wconf 84' lang='lat' dir='ltr'><strong>Exultaverunt</strong></span> <span class='ocrx_word' id='word_1_553' title='bbox 1829 4473 2010 4527; x_wconf 91' lang='lat' dir='ltr'><strong>sancti</strong></span> <span class='ocrx_word' id='word_1_554' title='bbox 2061 4471 2120 4526; x_wconf 91' lang='lat' dir='ltr'><strong>in</strong></span> <span class='ocrx_word' id='word_1_555' title='bbox 2223 4492 2491 4562; x_wconf 62' lang='lat' dir='ltr'><strong>nipotens</strong></span> <span class='ocrx_word' id='word_1_556' title='bbox 2547 4491 2896 4562; x_wconf 59' lang='lat' dir='ltr'><strong>sempiterna</strong></span> <span class='ocrx_word' id='word_1_557' title='bbox 2947 4494 3115 4562; x_wconf 50' lang='lat' dir='ltr'><strong>Deus,</strong></span> <span class='ocrx_word' id='word_1_558' title='bbox 3165 4511 3272 4564; x_wconf 70' lang='lat' dir='ltr'><strong>per</strong></span> <span class='ocrx_word' id='word_1_559' title='bbox 3321 4496 3522 4550; x_wconf 66' lang='lat' dir='ltr'><strong>Jesum</strong></span> <span class='ocrx_word' id='word_1_560' title='bbox 3556 4471 3893 4554; x_wconf 51' lang='lat' dir='ltr'><strong>‘Chméstum</strong></span> 
     </span>
    </p>
   </div>
   <div class='ocr_carea' id='block_1_82' title="bbox 494 4564 3890 4681">
    <p class='ocr_par' dir='ltr' id='par_1_82' title="bbox 494 4564 3890 4681">
     <span class='ocr_line' id='line_1_82' title="bbox 494 4564 3890 4681; baseline 0.002 -43"><span class='ocrx_word' id='word_1_561' title='bbox 494 4567 697 4670; x_wconf 64' lang='grc' dir='ltr'><strong>εἰξπίε,</strong></span> <span class='ocrx_word' id='word_1_562' title='bbox 714 4564 1046 4681; x_wconf 48' lang='grc' dir='ltr'><strong>Ῐῗῗξυξίθξίη</strong></span> <span class='ocrx_word' id='word_1_563' title='bbox 1061 4565 1339 4619; x_wconf 55' lang='lat' dir='ltr'><strong>“milibus</strong></span> <span class='ocrx_word' id='word_1_564' title='bbox 1352 4565 1972 4681; x_wconf 48' lang='grc' dir='ltr'><strong>δυίεᾹἿυοάΑυοῗτοὶθω</strong></span> <span class='ocrx_word' id='word_1_565' title='bbox 1985 4583 2116 4668; x_wconf 64' lang='lat' dir='ltr'><strong>Pro‘</strong></span> <span class='ocrx_word' id='word_1_566' title='bbox 2139 4608 2198 4681; x_wconf 84' lang='lat' dir='ltr'><strong>D</strong></span> <span class='ocrx_word' id='word_1_567' title='bbox 2223 4584 2426 4638; x_wconf 88' lang='lat' dir='ltr'><strong>Filium</strong></span> <span class='ocrx_word' id='word_1_568' title='bbox 2453 4587 2616 4638; x_wconf 89' lang='lat' dir='ltr'><strong>tuum</strong></span> <span class='ocrx_word' id='word_1_569' title='bbox 2643 4585 2952 4638; x_wconf 90' lang='lat' dir='ltr'><strong>Dominum</strong></span> <span class='ocrx_word' id='word_1_570' title='bbox 2985 4588 3266 4640; x_wconf 89' lang='lat' dir='ltr'><strong>nostrum.</strong></span> <span class='ocrx_word' id='word_1_571' title='bbox 3307 4588 3418 4641; x_wconf 91' lang='lat' dir='ltr'><strong>Per</strong></span> <span class='ocrx_word' id='word_1_572' title='bbox 3445 4603 3628 4658; x_wconf 88' lang='lat' dir='ltr'><strong>quem</strong></span> <span class='ocrx_word' id='word_1_573' title='bbox 3663 4591 3890 4646; x_wconf 88' lang='lat' dir='ltr'><strong>huma-</strong></span> 
     </span>
    </p>
   </div>
   <div class='ocr_carea' id='block_1_83' title="bbox 493 4657 3896 4762">
    <p class='ocr_par' dir='ltr' id='par_1_83' title="bbox 493 4657 3896 4762">
     <span class='ocr_line' id='line_1_83' title="bbox 493 4657 3896 4762; baseline 0.002 -31"><span class='ocrx_word' id='word_1_574' title='bbox 493 4659 685 4762; x_wconf 49' lang='grc' dir='ltr'><strong>Ῑὶςξίδδίξθ</strong></span> <span class='ocrx_word' id='word_1_575' title='bbox 715 4657 822 4712; x_wconf 69' lang='lat' dir='ltr'><strong>Sibi</strong></span> <span class='ocrx_word' id='word_1_576' title='bbox 857 4658 1006 4762; x_wconf 53' lang='grc' dir='ltr'><strong>Ῑιξείξ</strong></span> <span class='ocrx_word' id='word_1_577' title='bbox 1029 4662 1425 4762; x_wconf 54' lang='grc' dir='ltr'><strong>δεηοξοεξςθξη-</strong></span> <span class='ocrx_word' id='word_1_578' title='bbox 1457 4659 1712 4723; x_wconf 68' lang='lat' dir='ltr'><strong>Quorum</strong></span> <span class='ocrx_word' id='word_1_579' title='bbox 1740 4661 1822 4726; x_wconf 66' lang='lat' dir='ltr'><strong>tu:</strong></span> <span class='ocrx_word' id='word_1_580' title='bbox 1851 4658 2117 4762; x_wconf 55' lang='grc' dir='ltr'><strong>Ῑξοῖηξηθν</strong></span> <span class='ocrx_word' id='word_1_581' title='bbox 2139 4657 2196 4681; x_wconf 68' lang='grc' dir='ltr'><strong><em>υ</em></strong></span> <span class='ocrx_word' id='word_1_582' title='bbox 2223 4694 2362 4732; x_wconf 88' lang='lat' dir='ltr'><strong>num</strong></span> <span class='ocrx_word' id='word_1_583' title='bbox 2391 4693 2572 4748; x_wconf 90' lang='lat' dir='ltr'><strong>genus</strong></span> <span class='ocrx_word' id='word_1_584' title='bbox 2599 4677 2909 4744; x_wconf 83' lang='lat' dir='ltr'><strong>viviﬁcans,</strong></span> <span class='ocrx_word' id='word_1_585' title='bbox 2940 4679 3158 4733; x_wconf 88' lang='lat' dir='ltr'><strong>Pascha</strong></span> <span class='ocrx_word' id='word_1_586' title='bbox 3185 4680 3362 4734; x_wconf 86' lang='lat' dir='ltr'><strong>etiam</strong></span> <span class='ocrx_word' id='word_1_587' title='bbox 3399 4657 3507 4751; x_wconf 88' lang='lat' dir='ltr'><strong>per</strong></span> <span class='ocrx_word' id='word_1_588' title='bbox 3547 4683 3802 4753; x_wconf 81' lang='lat' dir='ltr'><strong>Moysen</strong></span> <span class='ocrx_word' id='word_1_589' title='bbox 3835 4691 3896 4740; x_wconf 87' lang='lat' dir='ltr'><strong>et</strong></span> 
     </span>
    </p>
   </div>
   <div class='ocr_carea' id='block_1_84' title="bbox 494 4751 2116 4843">
    <p class='ocr_par' dir='ltr' id='par_1_84' title="bbox 494 4751 2116 4823">
     <span class='ocr_line' id='line_1_84' title="bbox 494 4751 2116 4823; baseline 0 -17"><span class='ocrx_word' id='word_1_590' title='bbox 494 4752 736 4823; x_wconf 88' lang='lat' dir='ltr'><strong>stipatus</strong></span> <span class='ocrx_word' id='word_1_591' title='bbox 767 4751 1115 4821; x_wconf 87' lang='lat' dir='ltr'><strong>agminibus,</strong></span> <span class='ocrx_word' id='word_1_592' title='bbox 1152 4755 1209 4805; x_wconf 91' lang='lat' dir='ltr'><strong>et</strong></span> <span class='ocrx_word' id='word_1_593' title='bbox 1251 4751 1356 4806; x_wconf 88' lang='lat' dir='ltr'><strong>tibi</strong></span> <span class='ocrx_word' id='word_1_594' title='bbox 1381 4755 1608 4807; x_wconf 90' lang='lat' dir='ltr'><strong>tantum</strong></span> <span class='ocrx_word' id='word_1_595' title='bbox 1639 4755 1776 4806; x_wconf 87' lang='lat' dir='ltr'><strong>noto</strong></span> <span class='ocrx_word' id='word_1_596' title='bbox 1817 4752 2116 4822; x_wconf 89' lang='lat' dir='ltr'><strong>splendore</strong></span> 
     </span>
    </p>
   </div>
   <div class='ocr_carea' id='block_1_85' title="bbox 2285 4751 3894 4843">
    <p class='ocr_par' dir='ltr' id='par_1_85' title="bbox 2285 4751 3894 4843">
     <span class='ocr_line' id='line_1_85' title="bbox 2285 4751 3894 4843; baseline 0.006 -19"><span class='ocrx_word' id='word_1_597' title='bbox 2285 4786 2413 4826; x_wconf 72' lang='lat' dir='ltr'><strong>iron</strong></span> <span class='ocrx_word' id='word_1_598' title='bbox 2439 4771 2686 4824; x_wconf 87' lang='lat' dir='ltr'><strong>famulos</strong></span> <span class='ocrx_word' id='word_1_599' title='bbox 2711 4773 2840 4825; x_wconf 90' lang='lat' dir='ltr'><strong>tuos</strong></span> <span class='ocrx_word' id='word_1_600' title='bbox 2869 4772 3020 4842; x_wconf 79' lang='lat' dir='ltr'><strong>Agni</strong></span> <span class='ocrx_word' id='word_1_601' title='bbox 3040 4771 3442 4828; x_wconf 86' lang='lat' dir='ltr'><strong>immolatione</strong></span> <span class='ocrx_word' id='word_1_602' title='bbox 3470 4751 3708 4843; x_wconf 80' lang='lat' dir='ltr'><strong>jussisti</strong></span> <span class='ocrx_word' id='word_1_603' title='bbox 3740 4780 3894 4832; x_wconf 89' lang='lat' dir='ltr'><strong>cele-</strong></span> 
     </span>
    </p>
   </div>
   <div class='ocr_carea' id='block_1_86' title="bbox 2221 4863 3893 4936">
    <p class='ocr_par' dir='ltr' id='par_1_86' title="bbox 2221 4863 3893 4936">
     <span class='ocr_line' id='line_1_86' title="bbox 2221 4863 3893 4936; baseline 0.005 -19"><span class='ocrx_word' id='word_1_604' title='bbox 2221 4863 2378 4918; x_wconf 87' lang='lat' dir='ltr'><strong>brari</strong></span> <span class='ocrx_word' id='word_1_605' title='bbox 2411 4881 2422 4918; x_wconf 94' lang='lat'><strong>:</strong></span> <span class='ocrx_word' id='word_1_606' title='bbox 2455 4864 2938 4934; x_wconf 87' lang='lat' dir='ltr'><strong>consequentibus</strong></span> <span class='ocrx_word' id='word_1_607' title='bbox 2958 4865 3318 4936; x_wconf 87' lang='lat' dir='ltr'><strong>temporibus</strong></span> <span class='ocrx_word' id='word_1_608' title='bbox 3341 4883 3524 4936; x_wconf 91' lang='lat' dir='ltr'><strong>usque</strong></span> <span class='ocrx_word' id='word_1_609' title='bbox 3552 4868 3633 4922; x_wconf 90' lang='lat' dir='ltr'><strong>ad</strong></span> <span class='ocrx_word' id='word_1_610' title='bbox 3663 4871 3893 4926; x_wconf 83' lang='lat' dir='ltr'><strong>adven-</strong></span> 
     </span>
    </p>
   </div>
   <div class='ocr_carea' id='block_1_87' title="bbox 2223 4955 3896 5032">
    <p class='ocr_par' dir='ltr' id='par_1_87' title="bbox 2223 4955 3896 5032">
     <span class='ocr_line' id='line_1_87' title="bbox 2223 4955 3896 5032; baseline 0.005 -22"><span class='ocrx_word' id='word_1_611' title='bbox 2223 4959 2346 5012; x_wconf 87' lang='lat' dir='ltr'><strong>tum</strong></span> <span class='ocrx_word' id='word_1_612' title='bbox 2373 4955 2603 5011; x_wconf 90' lang='lat' dir='ltr'><strong>Domini</strong></span> <span class='ocrx_word' id='word_1_613' title='bbox 2631 4957 2814 5010; x_wconf 89' lang='lat' dir='ltr'><strong>nostri</strong></span> <span class='ocrx_word' id='word_1_614' title='bbox 2843 4959 2976 5012; x_wconf 83' lang='lat' dir='ltr'><strong>Jesu</strong></span> <span class='ocrx_word' id='word_1_615' title='bbox 3004 4959 3214 5012; x_wconf 88' lang='lat' dir='ltr'><strong>Christi</strong></span> <span class='ocrx_word' id='word_1_616' title='bbox 3247 4959 3370 5030; x_wconf 91' lang='lat' dir='ltr'><strong>(qui</strong></span> <span class='ocrx_word' id='word_1_617' title='bbox 3395 4961 3542 5016; x_wconf 87' lang='lat' dir='ltr'><strong>sicut</strong></span> <span class='ocrx_word' id='word_1_618' title='bbox 3571 4977 3778 5032; x_wconf 88' lang='lat' dir='ltr'><strong>agnus</strong></span> <span class='ocrx_word' id='word_1_619' title='bbox 3817 4965 3896 5020; x_wconf 89' lang='lat' dir='ltr'><strong>ad</strong></span> 
     </span>
    </p>
   </div>
   <div class='ocr_carea' id='block_1_88' title="bbox 2223 5049 3898 5120">
    <p class='ocr_par' dir='ltr' id='par_1_88' title="bbox 2223 5049 3898 5120">
     <span class='ocr_line' id='line_1_88' title="bbox 2223 5049 3898 5120; baseline 0.007 -18"><span class='ocrx_word' id='word_1_620' title='bbox 2223 5049 2514 5104; x_wconf 87' lang='lat' dir='ltr'><strong>victimam</strong></span> <span class='ocrx_word' id='word_1_621' title='bbox 2534 5049 2734 5104; x_wconf 91' lang='lat' dir='ltr'><strong>ductus</strong></span> <span class='ocrx_word' id='word_1_622' title='bbox 2747 5049 2852 5120; x_wconf 91' lang='lat' dir='ltr'><strong>est)</strong></span> <span class='ocrx_word' id='word_1_623' title='bbox 2871 5051 3140 5106; x_wconf 89' lang='lat' dir='ltr'><strong>eamdem</strong></span> <span class='ocrx_word' id='word_1_624' title='bbox 3162 5054 3656 5109; x_wconf 90' lang='lat' dir='ltr'><strong>consuetudinem</strong></span> <span class='ocrx_word' id='word_1_625' title='bbox 3677 5056 3746 5111; x_wconf 89' lang='lat' dir='ltr'><strong>in</strong></span> <span class='ocrx_word' id='word_1_626' title='bbox 3769 5076 3898 5113; x_wconf 85' lang='lat' dir='ltr'><strong>me-</strong></span> 
     </span>
    </p>
   </div>
   <div class='ocr_carea' id='block_1_89' title="bbox 2225 5143 3896 5218">
    <p class='ocr_par' dir='ltr' id='par_1_89' title="bbox 2225 5143 3896 5218">
     <span class='ocr_line' id='line_1_89' title="bbox 2225 5143 3896 5218; baseline 0.006 -21"><span class='ocrx_word' id='word_1_627' title='bbox 2225 5143 2472 5198; x_wconf 89' lang='lat' dir='ltr'><strong>moriam</strong></span> <span class='ocrx_word' id='word_1_628' title='bbox 2493 5143 2798 5197; x_wconf 87' lang='lat' dir='ltr'><strong>observare</strong></span> <span class='ocrx_word' id='word_1_629' title='bbox 2821 5145 3159 5214; x_wconf 76' lang='lat' dir='ltr'><strong>praecepisti.</strong></span> <span class='ocrx_word' id='word_1_630' title='bbox 3185 5147 3308 5216; x_wconf 91' lang='lat' dir='ltr'><strong>Ipse</strong></span> <span class='ocrx_word' id='word_1_631' title='bbox 3333 5149 3420 5200; x_wconf 88' lang='lat' dir='ltr'><strong>est</strong></span> <span class='ocrx_word' id='word_1_632' title='bbox 3447 5163 3642 5218; x_wconf 88' lang='lat' dir='ltr'><strong>agnus</strong></span> <span class='ocrx_word' id='word_1_633' title='bbox 3671 5149 3896 5207; x_wconf 88' lang='lat' dir='ltr'><strong>imma-</strong></span> 
     </span>
    </p>
   </div>
   <div class='ocr_carea' id='block_1_90' title="bbox 2223 5235 3888 5315">
    <p class='ocr_par' dir='ltr' id='par_1_90' title="bbox 2223 5235 3888 5315">
     <span class='ocr_line' id='line_1_90' title="bbox 2223 5235 3888 5315; baseline 0.006 -25"><span class='ocrx_word' id='word_1_634' title='bbox 2223 5237 2461 5302; x_wconf 88' lang='lat' dir='ltr'><strong>culatus,</strong></span> <span class='ocrx_word' id='word_1_635' title='bbox 2477 5235 2794 5308; x_wconf 89' lang='lat' dir='ltr'><strong>quiprioris</strong></span> <span class='ocrx_word' id='word_1_636' title='bbox 2817 5237 3015 5308; x_wconf 89' lang='lat' dir='ltr'><strong>populi</strong></span> <span class='ocrx_word' id='word_1_637' title='bbox 3029 5238 3282 5308; x_wconf 91' lang='lat' dir='ltr'><strong>primum</strong></span> <span class='ocrx_word' id='word_1_638' title='bbox 3295 5240 3516 5294; x_wconf 89' lang='lat' dir='ltr'><strong>Pascha</strong></span> <span class='ocrx_word' id='word_1_639' title='bbox 3541 5241 3604 5295; x_wconf 90' lang='lat' dir='ltr'><strong>in</strong></span> <span class='ocrx_word' id='word_1_640' title='bbox 3625 5245 3888 5315; x_wconf 63' lang='lat' dir='ltr'><strong>Egypto</strong></span> 
     </span>
    </p>
   </div>
   <div class='ocr_carea' id='block_1_91' title="bbox 2223 5329 3894 5400">
    <p class='ocr_par' dir='ltr' id='par_1_91' title="bbox 2223 5329 3894 5400">
     <span class='ocr_line' id='line_1_91' title="bbox 2223 5329 3894 5400; baseline 0.005 -19"><span class='ocrx_word' id='word_1_641' title='bbox 2223 5329 2412 5382; x_wconf 82' lang='lat' dir='ltr'><strong>fuerat</strong></span> <span class='ocrx_word' id='word_1_642' title='bbox 2432 5329 2780 5383; x_wconf 90' lang='lat' dir='ltr'><strong>immolatus.</strong></span> <span class='ocrx_word' id='word_1_643' title='bbox 2805 5332 2928 5400; x_wconf 90' lang='lat' dir='ltr'><strong>Ipse</strong></span> <span class='ocrx_word' id='word_1_644' title='bbox 2954 5335 3040 5384; x_wconf 91' lang='lat' dir='ltr'><strong>est</strong></span> <span class='ocrx_word' id='word_1_645' title='bbox 3061 5332 3224 5386; x_wconf 84' lang='lat' dir='ltr'><strong>Aries</strong></span> <span class='ocrx_word' id='word_1_646' title='bbox 3251 5332 3310 5386; x_wconf 91' lang='lat' dir='ltr'><strong>in</strong></span> <span class='ocrx_word' id='word_1_647' title='bbox 3339 5333 3626 5389; x_wconf 80' lang='lat' dir='ltr'><strong>verticem</strong></span> <span class='ocrx_word' id='word_1_648' title='bbox 3659 5339 3894 5392; x_wconf 83' lang='lat' dir='ltr'><strong>montis</strong></span> 
     </span>
    </p>
   </div>
   <div class='ocr_carea' id='block_1_92' title="bbox 2225 5421 3888 5502">
    <p class='ocr_par' dir='ltr' id='par_1_92' title="bbox 2225 5421 3888 5502">
     <span class='ocr_line' id='line_1_92' title="bbox 2225 5421 3888 5502; baseline 0.005 -26"><span class='ocrx_word' id='word_1_649' title='bbox 2225 5421 2428 5476; x_wconf 83' lang='lat' dir='ltr'><strong>excelsi</strong></span> <span class='ocrx_word' id='word_1_650' title='bbox 2460 5421 2532 5475; x_wconf 88' lang='lat' dir='ltr'><strong>de</strong></span> <span class='ocrx_word' id='word_1_651' title='bbox 2557 5438 2726 5492; x_wconf 91' lang='lat' dir='ltr'><strong>vepre</strong></span> <span class='ocrx_word' id='word_1_652' title='bbox 2753 5424 3027 5493; x_wconf 89' lang='lat' dir='ltr'><strong>prolatus,</strong></span> <span class='ocrx_word' id='word_1_653' title='bbox 3053 5425 3332 5480; x_wconf 86' lang='lat' dir='ltr'><strong>sacrificio</strong></span> <span class='ocrx_word' id='word_1_654' title='bbox 3359 5426 3714 5482; x_wconf 89' lang='lat' dir='ltr'><strong>destinatus.</strong></span> <span class='ocrx_word' id='word_1_655' title='bbox 3751 5433 3774 5485; x_wconf 93' lang='grc' dir='ltr'>Ι</span> <span class='ocrx_word' id='word_1_656' title='bbox 3783 5447 3888 5502; x_wconf 90' lang='lat' dir='ltr'><strong>pse</strong></span> 
     </span>
    </p>
   </div>
   <div class='ocr_carea' id='block_1_93' title="bbox 2225 5514 3890 5590">
    <p class='ocr_par' dir='ltr' id='par_1_93' title="bbox 2225 5514 3890 5590">
     <span class='ocr_line' id='line_1_93' title="bbox 2225 5514 3890 5590; baseline 0.008 -24"><span class='ocrx_word' id='word_1_657' title='bbox 2225 5517 2310 5567; x_wconf 89' lang='lat' dir='ltr'><strong>est</strong></span> <span class='ocrx_word' id='word_1_658' title='bbox 2335 5514 2551 5568; x_wconf 86' lang='lat' dir='ltr'><strong>Vitulus</strong></span> <span class='ocrx_word' id='word_1_659' title='bbox 2581 5515 2898 5585; x_wconf 88' lang='lat' dir='ltr'><strong>saginatus,</strong></span> <span class='ocrx_word' id='word_1_660' title='bbox 2930 5517 3030 5587; x_wconf 87' lang='lat' dir='ltr'><strong>qui</strong></span> <span class='ocrx_word' id='word_1_661' title='bbox 3055 5517 3114 5571; x_wconf 91' lang='lat' dir='ltr'><strong>in</strong></span> <span class='ocrx_word' id='word_1_662' title='bbox 3145 5519 3525 5573; x_wconf 90' lang='lat' dir='ltr'><strong>tabernaculo</strong></span> <span class='ocrx_word' id='word_1_663' title='bbox 3559 5523 3755 5590; x_wconf 88' lang='lat' dir='ltr'><strong>patris</strong></span> <span class='ocrx_word' id='word_1_664' title='bbox 3785 5541 3890 5579; x_wconf 88' lang='lat' dir='ltr'><strong>no-</strong></span> 
     </span>
    </p>
   </div>
   <div class='ocr_carea' id='block_1_94' title="bbox 2225 5607 3890 5688">
    <p class='ocr_par' dir='ltr' id='par_1_94' title="bbox 2225 5607 3890 5688">
     <span class='ocr_line' id='line_1_94' title="bbox 2225 5607 3890 5688; baseline 0.006 -28"><span class='ocrx_word' id='word_1_665' title='bbox 2225 5608 2326 5661; x_wconf 90' lang='lat' dir='ltr'><strong>stri</strong></span> <span class='ocrx_word' id='word_1_666' title='bbox 2367 5607 2610 5661; x_wconf 66' lang='lat' dir='ltr'><strong>Abrahae</strong></span> <span class='ocrx_word' id='word_1_667' title='bbox 2650 5613 2887 5680; x_wconf 91' lang='lat' dir='ltr'><strong>propter</strong></span> <span class='ocrx_word' id='word_1_668' title='bbox 2916 5609 3172 5680; x_wconf 87' lang='lat' dir='ltr'><strong>hospites</strong></span> <span class='ocrx_word' id='word_1_669' title='bbox 3205 5615 3290 5666; x_wconf 90' lang='lat' dir='ltr'><strong>est</strong></span> <span class='ocrx_word' id='word_1_670' title='bbox 3317 5612 3678 5668; x_wconf 86' lang='lat' dir='ltr'><strong>victimatus.</strong></span> <span class='ocrx_word' id='word_1_671' title='bbox 3711 5616 3890 5688; x_wconf 83' lang='lat' dir='ltr'><strong>Cujus</strong></span> 
     </span>
    </p>
   </div>
   <div class='ocr_carea' id='block_1_95' title="bbox 2225 5701 3890 5779">
    <p class='ocr_par' dir='ltr' id='par_1_95' title="bbox 2225 5701 3890 5779">
     <span class='ocr_line' id='line_1_95' title="bbox 2225 5701 3890 5779; baseline 0.005 -24"><span class='ocrx_word' id='word_1_672' title='bbox 2225 5701 2550 5774; x_wconf 88' lang='lat' dir='ltr'><strong>passionem</strong></span> <span class='ocrx_word' id='word_1_673' title='bbox 2586 5705 2644 5753; x_wconf 91' lang='lat' dir='ltr'><strong>et</strong></span> <span class='ocrx_word' id='word_1_674' title='bbox 2677 5703 3158 5759; x_wconf 88' lang='lat' dir='ltr'><strong>resurrectionem</strong></span> <span class='ocrx_word' id='word_1_675' title='bbox 3195 5704 3581 5774; x_wconf 87' lang='lat' dir='ltr'><strong>celebramus,</strong></span> <span class='ocrx_word' id='word_1_676' title='bbox 3617 5709 3793 5779; x_wconf 88' lang='lat' dir='ltr'><strong>cujus</strong></span> <span class='ocrx_word' id='word_1_677' title='bbox 3835 5713 3890 5764; x_wconf 87' lang='lat' dir='ltr'><strong>et</strong></span> 
     </span>
    </p>
   </div>
   <div class='ocr_carea' id='block_1_96' title="bbox 2224 5794 3888 5870">
    <p class='ocr_par' dir='ltr' id='par_1_96' title="bbox 2224 5794 3888 5870">
     <span class='ocr_line' id='line_1_96' title="bbox 2224 5794 3888 5870; baseline 0.005 -21"><span class='ocrx_word' id='word_1_678' title='bbox 2224 5794 2533 5850; x_wconf 89' lang='lat' dir='ltr'><strong>adventum</strong></span> <span class='ocrx_word' id='word_1_679' title='bbox 2579 5809 2894 5864; x_wconf 90' lang='lat' dir='ltr'><strong>speramus.</strong></span> <span class='ocrx_word' id='word_1_680' title='bbox 2939 5797 3008 5850; x_wconf 87' lang='lat' dir='ltr'><strong>Et</strong></span> <span class='ocrx_word' id='word_1_681' title='bbox 3047 5797 3178 5853; x_wconf 91' lang='lat' dir='ltr'><strong>ideo</strong></span> <span class='ocrx_word' id='word_1_682' title='bbox 3225 5814 3355 5854; x_wconf 90' lang='lat' dir='ltr'><strong>cum</strong></span> <span class='ocrx_word' id='word_1_683' title='bbox 3405 5801 3642 5870; x_wconf 88' lang='lat' dir='ltr'><strong>angelis</strong></span> <span class='ocrx_word' id='word_1_684' title='bbox 3693 5807 3754 5857; x_wconf 90' lang='lat' dir='ltr'><strong>et</strong></span> <span class='ocrx_word' id='word_1_685' title='bbox 3803 5820 3888 5860; x_wconf 86' lang='lat' dir='ltr'><strong>ar-</strong></span> 
     </span>
    </p>
   </div>
   <div class='ocr_carea' id='block_1_97' title="bbox 2225 5885 2934 5958">
    <p class='ocr_par' dir='ltr' id='par_1_97' title="bbox 2225 5885 2934 5958">
     <span class='ocr_line' id='line_1_97' title="bbox 2225 5885 2934 5958; baseline -0.003 -12"><span class='ocrx_word' id='word_1_686' title='bbox 2225 5887 2519 5958; x_wconf 87' lang='lat' dir='ltr'><strong>changelis</strong></span> <span class='ocrx_word' id='word_1_687' title='bbox 2549 5885 2793 5944; x_wconf 85' lang='lat' dir='ltr'><strong>claman.</strong></span> <span class='ocrx_word' id='word_1_688' title='bbox 2825 5888 2934 5944; x_wconf 81' lang='lat' dir='ltr'><strong>dic.</strong></span> 
     </span>
    </p>
   </div>
   <div class='ocr_carea' id='block_1_98' title="bbox 493 4843 2120 4918">
    <p class='ocr_par' dir='ltr' id='par_1_98' title="bbox 493 4843 2120 4918">
     <span class='ocr_line' id='line_1_98' title="bbox 493 4843 2120 4918; baseline -0.001 -18"><span class='ocrx_word' id='word_1_689' title='bbox 493 4845 778 4918; x_wconf 85' lang='lat' dir='ltr'><strong>perfusus,</strong></span> <span class='ocrx_word' id='word_1_690' title='bbox 826 4843 1102 4898; x_wconf 86' lang='lat' dir='ltr'><strong>sacriﬁcia</strong></span> <span class='ocrx_word' id='word_1_691' title='bbox 1131 4861 1235 4915; x_wconf 92' lang='lat' dir='ltr'><strong>per</strong></span> <span class='ocrx_word' id='word_1_692' title='bbox 1259 4847 1316 4899; x_wconf 88' lang='lat' dir='ltr'><strong>te</strong></span> <span class='ocrx_word' id='word_1_693' title='bbox 1357 4845 1615 4900; x_wconf 87' lang='lat' dir='ltr'><strong>instituta</strong></span> <span class='ocrx_word' id='word_1_694' title='bbox 1660 4845 1970 4913; x_wconf 87' lang='lat' dir='ltr'><strong>sanctiﬁca,</strong></span> <span class='ocrx_word' id='word_1_695' title='bbox 2005 4861 2120 4899; x_wconf 91' lang='lat' dir='ltr'><strong>non</strong></span> 
     </span>
    </p>
   </div>
   <div class='ocr_carea' id='block_1_99' title="bbox 491 4937 2124 5009">
    <p class='ocr_par' dir='ltr' id='par_1_99' title="bbox 491 4937 2124 5009">
     <span class='ocr_line' id='line_1_99' title="bbox 491 4937 2124 5009; baseline -0.001 -15"><span class='ocrx_word' id='word_1_696' title='bbox 491 4937 784 4996; x_wconf 88' lang='lat' dir='ltr'><strong>invitantis</strong></span> <span class='ocrx_word' id='word_1_697' title='bbox 806 4937 1035 5005; x_wconf 91' lang='lat' dir='ltr'><strong>merito,</strong></span> <span class='ocrx_word' id='word_1_698' title='bbox 1050 4937 1152 4991; x_wconf 91' lang='lat' dir='ltr'><strong>sed</strong></span> <span class='ocrx_word' id='word_1_699' title='bbox 1169 4938 1575 4993; x_wconf 84' lang='lat' dir='ltr'><strong>sanctiﬁcantis</strong></span> <span class='ocrx_word' id='word_1_700' title='bbox 1601 4939 1886 5009; x_wconf 81' lang='lat' dir='ltr'><strong>exemplo,</strong></span> <span class='ocrx_word' id='word_1_701' title='bbox 1911 4940 1972 4992; x_wconf 92' lang='lat' dir='ltr'><strong>ut</strong></span> <span class='ocrx_word' id='word_1_702' title='bbox 1991 4955 2124 4992; x_wconf 88' lang='lat' dir='ltr'><strong>cnn-</strong></span> 
     </span>
    </p>
   </div>
   <div class='ocr_carea' id='block_1_100' title="bbox 491 5031 2121 5102">
    <p class='ocr_par' dir='ltr' id='par_1_100' title="bbox 491 5031 2121 5102">
     <span class='ocr_line' id='line_1_100' title="bbox 491 5031 2121 5102; baseline -0.001 -15"><span class='ocrx_word' id='word_1_703' title='bbox 491 5033 594 5088; x_wconf 91' lang='lat' dir='ltr'><strong>ctis</strong></span> <span class='ocrx_word' id='word_1_704' title='bbox 619 5032 728 5088; x_wconf 89' lang='lat' dir='ltr'><strong>rite</strong></span> <span class='ocrx_word' id='word_1_705' title='bbox 757 5031 1046 5102; x_wconf 88' lang='lat' dir='ltr'><strong>perfectis,</strong></span> <span class='ocrx_word' id='word_1_706' title='bbox 1079 5031 1372 5086; x_wconf 87' lang='lat' dir='ltr'><strong>Salvatore</strong></span> <span class='ocrx_word' id='word_1_707' title='bbox 1415 5033 1610 5086; x_wconf 89' lang='lat' dir='ltr'><strong>nostro</strong></span> <span class='ocrx_word' id='word_1_708' title='bbox 1655 5031 1726 5085; x_wconf 89' lang='lat' dir='ltr'><strong>ab</strong></span> <span class='ocrx_word' id='word_1_709' title='bbox 1757 5031 1958 5086; x_wconf 86' lang='lat' dir='ltr'><strong>inferis</strong></span> <span class='ocrx_word' id='word_1_710' title='bbox 1997 5032 2121 5102; x_wconf 88' lang='lat' dir='ltr'><strong>jam</strong></span> 
     </span>
    </p>
   </div>
   <div class='ocr_carea' id='block_1_101' title="bbox 491 5123 2118 5195">
    <p class='ocr_par' dir='ltr' id='par_1_101' title="bbox 491 5123 2118 5195">
     <span class='ocr_line' id='line_1_101' title="bbox 491 5123 2118 5195; baseline -0.001 -16"><span class='ocrx_word' id='word_1_711' title='bbox 491 5141 742 5190; x_wconf 90' lang='lat' dir='ltr'><strong>reverso,</strong></span> <span class='ocrx_word' id='word_1_712' title='bbox 787 5127 844 5177; x_wconf 89' lang='lat' dir='ltr'><strong>et</strong></span> <span class='ocrx_word' id='word_1_713' title='bbox 887 5140 1043 5178; x_wconf 90' lang='lat' dir='ltr'><strong>mors</strong></span> <span class='ocrx_word' id='word_1_714' title='bbox 1070 5141 1128 5178; x_wconf 91' lang='lat' dir='ltr'><strong>se</strong></span> <span class='ocrx_word' id='word_1_715' title='bbox 1155 5123 1446 5195; x_wconf 91' lang='lat' dir='ltr'><strong>intelligat</strong></span> <span class='ocrx_word' id='word_1_716' title='bbox 1469 5125 1701 5192; x_wconf 84' lang='lat' dir='ltr'><strong>victam,</strong></span> <span class='ocrx_word' id='word_1_717' title='bbox 1734 5127 1790 5178; x_wconf 93' lang='lat' dir='ltr'><strong>et</strong></span> <span class='ocrx_word' id='word_1_718' title='bbox 1817 5125 1932 5180; x_wconf 84' lang='lat' dir='ltr'><strong>vita</strong></span> <span class='ocrx_word' id='word_1_719' title='bbox 1959 5141 2118 5179; x_wconf 86' lang='lat' dir='ltr'><strong>revo-</strong></span> 
     </span>
    </p>
   </div>
   <div class='ocr_carea' id='block_1_102' title="bbox 493 5217 2122 5290">
    <p class='ocr_par' dir='ltr' id='par_1_102' title="bbox 493 5217 2122 5290">
     <span class='ocr_line' id='line_1_102' title="bbox 493 5217 2122 5290; baseline -0.001 -18"><span class='ocrx_word' id='word_1_720' title='bbox 493 5221 704 5284; x_wconf 89' lang='lat' dir='ltr'><strong>catam,</strong></span> <span class='ocrx_word' id='word_1_721' title='bbox 734 5232 838 5288; x_wconf 91' lang='lat' dir='ltr'><strong>per</strong></span> <span class='ocrx_word' id='word_1_722' title='bbox 865 5217 1156 5272; x_wconf 87' lang='lat' dir='ltr'><strong>Christum</strong></span> <span class='ocrx_word' id='word_1_723' title='bbox 1193 5217 1503 5272; x_wconf 88' lang='lat' dir='ltr'><strong>Dominum</strong></span> <span class='ocrx_word' id='word_1_724' title='bbox 1531 5221 1814 5273; x_wconf 88' lang='lat' dir='ltr'><strong>nostrum.</strong></span> <span class='ocrx_word' id='word_1_725' title='bbox 1856 5217 1966 5282; x_wconf 88' lang='lat' dir='ltr'><strong>Qui</strong></span> <span class='ocrx_word' id='word_1_726' title='bbox 2013 5217 2122 5290; x_wconf 90' lang='lat' dir='ltr'><strong>pri-</strong></span> 
     </span>
    </p>
   </div>
   <div class='ocr_carea' id='block_1_103' title="bbox 496 5309 877 5380">
    <p class='ocr_par' dir='ltr' id='par_1_103' title="bbox 496 5309 877 5380">
     <span class='ocr_line' id='line_1_103' title="bbox 496 5309 877 5380; baseline 0 -16"><span class='ocrx_word' id='word_1_727' title='bbox 496 5309 588 5364; x_wconf 88' lang='lat' dir='ltr'><strong>die</strong></span> <span class='ocrx_word' id='word_1_728' title='bbox 620 5326 796 5380; x_wconf 90' lang='lat' dir='ltr'><strong>quam</strong></span> <span class='ocrx_word' id='word_1_729' title='bbox 823 5327 877 5380; x_wconf 94' lang='lat' dir='ltr'><strong>p.</strong></span> 
     </span>
    </p>
   </div>
   <div class='ocr_carea' id='block_1_104' title="bbox 491 5435 2120 5492">
    <p class='ocr_par' dir='ltr' id='par_1_104' title="bbox 491 5435 2120 5492">
     <span class='ocr_line' id='line_1_104' title="bbox 491 5435 2120 5492; baseline 0.001 -4"><span class='ocrx_word' id='word_1_730' title='bbox 491 5435 747 5488; x_wconf 82' lang='lat' dir='ltr'><strong>XXXVIII.</strong></span> <span class='ocrx_word' id='word_1_731' title='bbox 788 5448 946 5490; x_wconf 75' lang='lat' dir='ltr'><strong>MISSA</strong></span> <span class='ocrx_word' id='word_1_732' title='bbox 997 5451 1350 5492; x_wconf 80' lang='lat' dir='ltr'><strong>MATUTINALIS</strong></span> <span class='ocrx_word' id='word_1_733' title='bbox 1403 5453 1504 5491; x_wconf 78' lang='lat' dir='ltr'><strong>PER</strong></span> <span class='ocrx_word' id='word_1_734' title='bbox 1541 5451 1720 5491; x_wconf 69' lang='lat' dir='ltr'><strong>roruu</strong></span> <span class='ocrx_word' id='word_1_735' title='bbox 1771 5449 1976 5490; x_wconf 67' lang='lat' dir='ltr'><strong>usan</strong></span> <span class='ocrx_word' id='word_1_736' title='bbox 2017 5449 2120 5490; x_wconf 75' lang='lat' dir='ltr'><strong>pno</strong></span> 
     </span>
    </p>
   </div>
   <div class='ocr_carea' id='block_1_105' title="bbox 655 5521 1965 5569">
    <p class='ocr_par' dir='ltr' id='par_1_105' title="bbox 655 5521 1965 5569">
     <span class='ocr_line' id='line_1_105' title="bbox 655 5521 1965 5569; baseline 0.001 -10"><span class='ocrx_word' id='word_1_737' title='bbox 655 5521 914 5561; x_wconf 70' lang='lat' dir='ltr'><strong>PARVULIS</strong></span> <span class='ocrx_word' id='word_1_738' title='bbox 952 5522 1044 5568; x_wconf 82' lang='lat' dir='ltr'><strong>QL&#39;I</strong></span> <span class='ocrx_word' id='word_1_739' title='bbox 1082 5523 1272 5562; x_wconf 79' lang='lat' dir='ltr'><strong>RENATI</strong></span> <span class='ocrx_word' id='word_1_740' title='bbox 1313 5522 1468 5569; x_wconf 74' lang='lat' dir='ltr'><strong>SUNT,</strong></span> <span class='ocrx_word' id='word_1_741' title='bbox 1510 5521 1752 5561; x_wconf 75' lang='lat' dir='ltr'><strong>SECUNDA</strong></span> <span class='ocrx_word' id='word_1_742' title='bbox 1791 5523 1965 5561; x_wconf 76' lang='lat' dir='ltr'><strong>FERIA.</strong></span> 
     </span>
    </p>
   </div>
   <div class='ocr_carea' id='block_1_106' title="bbox 563 5610 2123 5684">
    <p class='ocr_par' dir='ltr' id='par_1_106' title="bbox 563 5610 2123 5684">
     <span class='ocr_line' id='line_1_106' title="bbox 563 5610 2123 5684; baseline -0.002 -19"><span class='ocrx_word' id='word_1_743' title='bbox 563 5612 727 5679; x_wconf 89' lang='lat' dir='ltr'><strong>Deus,</strong></span> <span class='ocrx_word' id='word_1_744' title='bbox 753 5611 850 5684; x_wconf 90' lang='lat' dir='ltr'><strong>qui</strong></span> <span class='ocrx_word' id='word_1_745' title='bbox 880 5612 1182 5667; x_wconf 89' lang='lat' dir='ltr'><strong>credentes</strong></span> <span class='ocrx_word' id='word_1_746' title='bbox 1203 5612 1262 5665; x_wconf 90' lang='lat' dir='ltr'><strong>in</strong></span> <span class='ocrx_word' id='word_1_747' title='bbox 1287 5615 1343 5667; x_wconf 89' lang='lat' dir='ltr'><strong>te</strong></span> <span class='ocrx_word' id='word_1_748' title='bbox 1370 5613 1612 5683; x_wconf 90' lang='lat' dir='ltr'><strong>populos</strong></span> <span class='ocrx_word' id='word_1_749' title='bbox 1641 5610 1840 5681; x_wconf 67' lang='lat' dir='ltr'><strong>gratiae</strong></span> <span class='ocrx_word' id='word_1_750' title='bbox 1865 5613 1978 5665; x_wconf 58' lang='lat' dir='ltr'><strong>tua}</strong></span> <span class='ocrx_word' id='word_1_751' title='bbox 2019 5612 2123 5664; x_wconf 85' lang='lat' dir='ltr'><strong>lar-</strong></span> 
     </span>
    </p>
   </div>
   <div class='ocr_carea' id='block_1_107' title="bbox 494 5703 2120 5777">
    <p class='ocr_par' dir='ltr' id='par_1_107' title="bbox 494 5703 2120 5777">
     <span class='ocr_line' id='line_1_107' title="bbox 494 5703 2120 5777; baseline -0.002 -18"><span class='ocrx_word' id='word_1_752' title='bbox 494 5705 667 5776; x_wconf 86' lang='lat' dir='ltr'><strong>gitate</strong></span> <span class='ocrx_word' id='word_1_753' title='bbox 697 5705 1060 5777; x_wconf 78' lang='lat' dir='ltr'><strong>multiplices,</strong></span> <span class='ocrx_word' id='word_1_754' title='bbox 1099 5705 1318 5774; x_wconf 87' lang='lat' dir='ltr'><strong>respice</strong></span> <span class='ocrx_word' id='word_1_755' title='bbox 1362 5703 1642 5777; x_wconf 89' lang='lat' dir='ltr'><strong>propitius</strong></span> <span class='ocrx_word' id='word_1_756' title='bbox 1671 5703 1745 5757; x_wconf 89' lang='lat' dir='ltr'><strong>ad</strong></span> <span class='ocrx_word' id='word_1_757' title='bbox 1781 5704 2120 5758; x_wconf 90' lang='lat' dir='ltr'><strong>electionem</strong></span> 
     </span>
    </p>
   </div>
   <div class='ocr_carea' id='block_1_108' title="bbox 493 5796 2122 5868">
    <p class='ocr_par' dir='ltr' id='par_1_108' title="bbox 493 5796 2122 5868">
     <span class='ocr_line' id='line_1_108' title="bbox 493 5796 2122 5868; baseline 0.002 -19"><span class='ocrx_word' id='word_1_758' title='bbox 493 5803 670 5864; x_wconf 83' lang='lat' dir='ltr'><strong>tuam,</strong></span> <span class='ocrx_word' id='word_1_759' title='bbox 714 5801 775 5852; x_wconf 92' lang='lat' dir='ltr'><strong>ut</strong></span> <span class='ocrx_word' id='word_1_760' title='bbox 814 5797 910 5868; x_wconf 89' lang='lat' dir='ltr'><strong>qui</strong></span> <span class='ocrx_word' id='word_1_761' title='bbox 949 5813 1110 5852; x_wconf 90' lang='lat' dir='ltr'><strong>sacro</strong></span> <span class='ocrx_word' id='word_1_762' title='bbox 1159 5797 1508 5868; x_wconf 88' lang='lat' dir='ltr'><strong>baptismate</strong></span> <span class='ocrx_word' id='word_1_763' title='bbox 1552 5799 1684 5852; x_wconf 90' lang='lat' dir='ltr'><strong>sunt</strong></span> <span class='ocrx_word' id='word_1_764' title='bbox 1721 5796 1926 5864; x_wconf 88' lang='lat' dir='ltr'><strong>renati,</strong></span> <span class='ocrx_word' id='word_1_765' title='bbox 1957 5796 2122 5868; x_wconf 82' lang='lat' dir='ltr'><strong>regni</strong></span> 
     </span>
    </p>
   </div>
   <div class='ocr_carea' id='block_1_109' title="bbox 495 5889 1938 5948">
    <p class='ocr_par' dir='ltr' id='par_1_109' title="bbox 495 5889 1938 5948">
     <span class='ocr_line' id='line_1_109' title="bbox 495 5889 1938 5948; baseline 0.001 -6"><span class='ocrx_word' id='word_1_766' title='bbox 495 5889 734 5946; x_wconf 80' lang='lat' dir='ltr'><strong>caelestis</strong></span> <span class='ocrx_word' id='word_1_767' title='bbox 760 5893 1098 5947; x_wconf 88' lang='lat' dir='ltr'><strong>mereantur</strong></span> <span class='ocrx_word' id='word_1_768' title='bbox 1127 5890 1449 5948; x_wconf 89' lang='lat' dir='ltr'><strong>introitum.</strong></span> <span class='ocrx_word' id='word_1_769' title='bbox 1481 5892 1588 5947; x_wconf 90' lang='lat' dir='ltr'><strong>Per</strong></span> <span class='ocrx_word' id='word_1_770' title='bbox 1613 5889 1938 5947; x_wconf 88' lang='lat' dir='ltr'><strong>Dominum.</strong></span> 
     </span>
    </p>
   </div>
  </div>
