3976 6430
192 406 279 460 281
1313 418 1398 473 DE
1435 420 1743 478 LITURGIA
1781 424 2148 480 GALLICANA
2186 426 2380 482 LIBER
2418 428 2504 483 ΙΙΙ.

390 513 500 570 XL.
536 531 677 575 neu
705 535 872 577 mssa
899 536 1213 588 “scmus,
1245 539 1454 588 eum
1480 544 1654 585 vanu.

263 617 436 687 Deus,
466 619 574 691 qui
591 624 883 693 populum
909 629 1074 680 tuum
1096 642 1337 694 sacrum,
1364 629 1601 685 Iordane
1616 629 1850 687 ﬂumine

192 714 506 781 transacto,
538 717 767 770 terram
792 721 908 771 tuae
934 718 1114 773 fecisti
1141 721 1592 791 repromissionis
1617 723 1848 794 intrare,

191 804 466 871 concede,
516 822 883 877 qumsumus,
922 815 988 865 ut
1023 815 1079 866 et
1113 827 1216 866 nos
1261 829 1506 884 quoque,
1558 816 1851 886 Majestatis

190 899 308 950 tua:
332 897 592 954 revelato
614 901 916 972 mysterio,
950 903 1139 958 divina
1167 920 1391 976 semper
1413 906 1678 963 beneﬁcia
1721 924 1848 964 sen-

191 988 435 1045 tiamus.
470 992 603 1047 Per.

3470 438 3571 490 282

2615 535 2692 586 Ad
2717 550 2918 600 pacem.

2022 616 2246 687 Tribue,
2276 618 2535 688 Domine,
2561 623 2622 674 ut
2646 621 2723 676 ita
2750 623 2896 692 apud
2926 622 3207 678 universos
3235 623 3572 696 redemptio-

1948 708 2034 763 nis
2058 713 2171 764 tuaa
2199 710 2440 766 famulos
2477 712 2728 768 infractae
2776 715 3018 770 caritatis
3045 717 3291 771 exundet
3314 716 3566 786 affectus,

1948 805 2014 855 ut
2031 803 2172 856 nihil
2200 804 2458 858 odiorum
2488 805 2864 877 interpellatio
2893 807 3079 880 257
3131 810 3432 878 praevaleat
3468 809 3568 862 ad-

1949 895 2190 964 petitus;
2231 897 2325 950 sed
2355 897 2740 953 testimonium
2786 901 2978 967 osculi,
3022 901 3171 970 quod
3206 917 3309 971 pro
3350 901 3566 972 perfec-

1950 986 2102 1041 tione
2130 1004 2409 1042 mansurae
2434 990 2586 1060 pacis
2611 991 2980 1062 impenditur,
3019 992 3172 1047 nulla
3205 993 3463 1064 deinceps
3499 991 3568 1047 εἰς

1950 1079 2199 1132 multatis
2224 1080 2418 1136 fraude
2443 1082 2762 1138 frustretur.
2794 1083 2903 1138 Sal.

2606 1180 2910 1230 Immolatio.

2019 1261 2155 1314 Vere
2198 1260 2434 1332 dignum
2463 1266 2518 1317 et
2533 1264 2751 1334 justum
2777 1269 2880 1331 est,
2905 1266 3221 1322 unianimes
3249 1269 3306 1321 et
3341 1283 3569 1321 concor-

1949 1352 2046 1406 des
2089 1353 2534 1424 omnipotentem
2577 1357 2755 1411 Deum
2791 1358 3072 1427 profusius
3109 1358 3392 1429 deprecari
3438 1375 3566 1414 cum

1951 1444 2114 1499 unico
2141 1445 2278 1499 Filio
2306 1447 2426 1516 ejus
2465 1448 2704 1502 Domino
2736 1450 2865 1504 Iesu
2906 1450 3122 1505 Christo
3156 1451 3432 1506 Salvatore
3471 1468 3568 1506 no-

1951 1539 2090 1606 stro,
2123 1537 2219 1608 qui
2243 1539 2544 1593 Ecclesiam
2576 1557 2733 1594 suam
2762 1542 3000 1597 secunda
3022 1543 3273 1598 liberavit
3295 1559 3328 1596 a
3361 1547 3562 1612 morte,

909 1065 1176 1115 Collectio.

264 1142 480 1197 Annue
507 1142 698 1212 nobis,
727 1159 1075 1214 quaesumus,
1104 1147 1357 1214 Domine,
1387 1153 1452 1203 ut
1484 1151 1848 1220 quemadmo-

191 1230 337 1287 dum
393 1235 680 1305 mysteria
732 1237 1177 1294 Resurrectionis
1234 1240 1456 1295 Domini
1506 1243 1683 1297 nostri
1723 1245 1850 1300 Jesu

189 1324 410 1380 Christi
456 1327 762 1386 sollemnia
805 1330 1064 1399 colimus,
1113 1331 1190 1386 ita
1233 1337 1290 1387 et
1331 1333 1391 1387 in
1436 1334 1680 1389 adventu
1732 1337 1852 1406 ejus

192 1417 458 1488 gaudere
485 1436 624 1474 cum
652 1422 861 1476 sanctis
888 1422 1148 1476 omnibus
1179 1440 1518 1480 mereamur.
1545 1427 1669 1482 Per.

854 1514 972 1564 Post
1000 1514 1228 1563 nomina.

263 1591 502 1645 Auditis
528 1592 863 1646 nominibus
890 1594 1248 1663 offerentum,
1283 1594 1472 1650 debita
1511 1612 1639 1651 cum
1679 1613 1846 1653 vene-

191 1681 424 1737 ratione
477 1682 944 1739 beatissimorum
983 1687 1364 1756 apostolorum
1408 1692 1464 1742 et
1511 1693 1845 1760 martyrum,

189 1775 588 1846 omniumque
631 1779 957 1831 sanctorum
1003 1777 1542 1833 commemoratione
1594 1781 1846 1847 decursa,

1951 1629 2176 1700 quando
2202 1631 2430 1701 sanguis
2464 1631 2638 1701 ipsius
2676 1633 2883 1688 effusus
2915 1639 3000 1690 est
3035 1651 3204 1706 super
3240 1651 3423 1690 cruce.
3463 1637 3566 1690 Per

1948 1721 2134 1790 ipsum
2165 1725 2219 1776 te
2245 1739 2532 1794 rogamus,
2563 1726 2918 1796 omnipotens
2961 1728 3124 1796 Deus,
3163 1730 3226 1780 ut
3264 1727 3565 1782 Ecclesiam

1948 1815 2100 1866 tuam
2129 1829 2332 1884 augeas
2356 1815 2416 1869 in
2458 1816 2587 1883 fide,
2637 1819 2915 1873 custodias
2948 1819 3007 1873 in
3048 1836 3167 1890 spe,
3205 1824 3462 1890 protegas
3505 1819 3564 1874 in

1044 1869 1053 1878 .
2017 1865 2098 1866 νηί
2134 1865 2326 1884 “"6"”
2356 1865 2416 1869 -—
2459 1865 2587 1883 --'v
2641 1865 2913 1873 ν---ηη--ν
2948 1865 3007 1873 ·-
3048 1865 3167 1890 -ιννι
3205 1865 3461 1890 [ην-νιγη
3505 1865 3562 1874 ⁵·-

189 1865 1713 1982 :t:_o.ﬂ‘eren-tur:fitP-@512???ﬁng?§?féfn“5
1752 1890 1922 1982 ῙξΫΒ
1947 1905 2192 1972 caritate,
2239 1912 2294 1960 et
2332 1907 2596 1963 sacriﬁcia
2638 1915 2826 1964 nostra
2861 1911 3040 1966 libens
3067 1912 3343 1982 suscipere
3373 1911 3562 1982 digne-

191 1957 378 2026 mina,
414 1963 480 2012 ut
506 1960 876 2014 aeternalibus
902 1961 1081 2016 indita
1110 1961 1350 2032 paginis,
1390 1967 1709 2018 sanctorum
1734 1981 1844 2020 cce-

193 2049 353 2104 tibus
382 2049 807 2122 adgregentur.
840 2054 964 2107 Per.

926 2143 959 2193 d
987 2157 1190 2193 pacem.

881 2146 959 2194 Ad
1023 2157 1190 2193 acem.

262 2223 442 2288 Deus,
473 2237 584 2292 per
611 2223 774 2292 cujus
793 2239 854 2277 os
882 2157 1167 2294 prolatum
1190 2226 1292 2291 est,
1320 2225 1469 2296 quod
1498 2241 1695 2296 pacem
1721 2243 1844 2281 om-

191 2313 367 2369 nibus
395 2313 590 2382 dares,
627 2312 822 2386 256
852 2319 908 2369 et
933 2315 1086 2386 pacis
1125 2319 1329 2370 statuta
1363 2317 1727 2388 relinqueres,
1766 2318 1848 2373 in-

192 2406 376 2460 funde
432 2407 497 2460 in
554 2406 819 2461 cordibus
866 2407 1073 2461 nostris
1121 2408 1272 2478 pacis
1310 2409 1590 2479 studium,
1640 2414 1697 2464 et
1736 2411 1847 2482 piae

192 2498 512 2552 voluntatis
538 2497 830 2568 affectum,
861 2502 926 2553 ut
952 2499 1216 2554 vitiorum
1256 2501 1510 2554 omnium
1550 2501 1673 2556 labe
1708 2519 1845 2572 pur-

195 2591 338 2662 gati,
371 2606 601 2661 pacem,
630 2607 807 2661 quam
843 2591 1003 2645 labiis
1043 2608 1139 2646 ore
1184 2592 1602 2664 prosequimur,
1641 2593 1842 2648 imma-

192 2682 403 2737 culatis
431 2682 705 2736 cordibus
732 2687 1049 2738 teneamus.
1077 2685 1202 2738 Per.

869 2775 1202 2825 Contestatio.

267 2857 528 2927 Dignum
567 2859 626 2910 et
653 2855 876 2926 justum
912 2860 995 2910 est
1033 2872 1136 2910 nos
1168 2855 1271 2910 tibi
1310 2872 1532 2926 semper
1565 2856 1753 2911 laudes
1792 2859 1848 2910 et

194 2948 414 3020 gratias
442 2963 640 3018 agere,
675 2947 1037 3018 omnipotens
1062 2948 1403 3018 sempiterne
1433 2949 1597 3014 Deus,
1628 2964 1730 3018 per
1755 2949 1844 3003 Je-

1945 2001 2024 2055 ris
2049 2018 2179 2055 cum
2202 2003 2377 2073 gloria
2406 2007 2462 2057 et
2486 2006 2719 2060 honore.
2749 2008 2816 2060 Et
2842 2007 2968 2062 ideo
2997 2025 3125 2062 cum
3149 2009 3365 2080 angelis
3395 2012 3452 2064 et
3478 2025 3562 2062 ar-

1946 2093 2233 2165 changelis
2262 2095 2574 2164 laudamus,
2605 2098 2869 2152 dicentes.

2135 2201 2284 2255 XLII.
2318 2217 2442 2257 ITEM
2470 2219 2629 2259 MISSA
2657 2219 2970 2268 PASCHALIS,
3000 2221 3164 2261 sexu
3189 2222 3365 2262 vanu.

2017 2298 2163 2351 Deus
2199 2298 2295 2368 qui
2331 2299 2402 2354 ad
2453 2303 2724 2354 aeternam
2766 2302 2936 2356 vitam
2976 2302 3035 2356 in
3073 2303 3275 2357 Christi
3305 2304 3564 2358 Resurre-

1945 2390 2130 2445 ctione
2167 2406 2269 2444 nos
2307 2407 2553 2462 reparas,
2593 2393 2662 2446 da
2701 2393 2865 2447 nobis
2906 2394 3149 2450 caelestia
3183 2411 3397 2466 sapere,
3440 2397 3496 2449 et
3529 2412 3563 2448 a

1946 2485 2180 2540 terrenis
2205 2485 2598 2555 cupiditatibus
2625 2485 2921 2540 abstinere.
2949 2488 3072 2541 Per.

2621 2577 2886 2626 Collectio.

2016 2658 2161 2712 Deus
2189 2655 2398 2727 gloriae,
2429 2657 2519 2710 cui
2546 2657 2880 2726 complacuit
2906 2657 2965 2710 in
2986 2657 3283 2728 Unigenito
3313 2660 3408 2712 tuo
3433 2675 3556 2712 om-

1945 2766 2076 2804 nem
2126 2748 2536 2820 plenitudinem
2575 2748 2837 2817 habitari,
2884 2765 3079 2803 omnes
3123 2749 3464 2820 principatus
3505 2753 3562 2804 et

1945 2844 2243 2913 potestates
2264 2857 2487 2909 exuere,
2511 2844 2676 2912 atque
2704 2841 2762 2895 in
2787 2858 2852 2895 eo
2878 2841 3234 2896 reconciliare
3265 2841 3470 2910 omnia,
3501 2843 3562 2896 in

1946 2950 2056 3006 quo
2081 2933 2406 2988 condideras
2431 2933 2707 3002 universa,
2727 2933 2909 3004 aspice
2934 2934 3160 2988 festivas
3187 2933 3421 2988 subditae
3435 2950 3562 2989 con-

193 3058 326 3095 sum
347 3041 648 3095 Christum
674 3039 859 3094 Filum
892 3043 1055 3094 tuum
1081 3040 1385 3094 Dominum
1426 3043 1703 3094 nostrum.
1743 3040 1848 3104 Qui
1949 3026 2290 3097 ετθεειιίοηίε
2316 3025 2595 3094 excubias:
2617 3026 2803 3096 aCCiPe
2832 3041 3026 3096 Preces
3054 3026 3408 3080 P33011313)“
3427 3043 3558 3097 δυΡ·

193 3134 343 3188 sicut
369 3132 496 3186 ovis
531 3132 606 3187 ad
632 3132 970 3186 occisionem
995 3148 1099 3202 pro
1126 3131 1287 3186 nobis
1324 3131 1522 3186 ductus
1548 3135 1651 3198 est,
1691 3135 1746 3185 et
1785 3134 1837 3184 ut

1957 3118 2337 3189 plicationibus
2365 3117 2602 3186 votivas;
2632 3121 2688 3172 et
2716 3117 2812 3188 qui
2843 3117 3040 3171 dedisti
3068 3118 3227 3172 nobis
3267 3118 3562 3172 dominicas

190 3241 381 3296 agnus
408 3241 606 3279 coram
637 3224 912 3279 tondente
937 3240 994 3278 se
1021 3223 1141 3278 sine
1167 3239 1319 3288 voce,
1342 3224 1422 3276 sic
1469 3239 1583 3276 non
1623 3223 1848 3293 aperuit
1866 3251 1920 3325 Ο
1947 3210 2388 3325 Βθῗιιπθείίοηὲε
2431 3212 2749 3280 temporum
2774 3209 3454 3325 TeVOIUtionejictOI‘iam‘,
3487 3210 3562 3264 ἀει

507 3315 569 3325 --ο
713 3315 723 3325 ο
894 3319 902 3325 .
951 3317 960 3325 .
1153 3316 1188 3325 -ι
1235 3316 1246 3325 ο
1304 3317 1347 3325 -υ
1393 3315 1403 3325 ι
1529 3315 1559 3325 ο.
1674 3314 1774 3325 ἰι-ιο
1945 3318 2013 3325 ..μ
2059 3302 2101 3325 ζ-
2128 3302 2296 3325 ἓΑ-ξ---
2351 3301 2633 3325 --ιζ..ει-ιε-
2680 3317 2906 3325 -..Α-.--η
2952 3303 3120 3325 --μιιιῖ
3145 3303 3382 3325 -Α-Ι.ξ-..-
3446 3301 3530 3325 ..ιζ

193 3334 252 3372 os
280 3333 480 3371 suum.
507 3315 606 3370 Hic
634 3315 790 3370 enim
828 3319 911 3370 est
935 3317 1128 3386 Agnus
1151 3316 1272 3384 Dei,
1304 3315 1635 3385 Unigenitus
1674 3314 1837 3369 Filius

1957 3302 2104 3356 nobis
2128 3302 2299 3373 ipsius
2323 3301 2634 3356 festivitatis
2675 3317 2912 3372 operum
2950 3302 3386 3358 sanctiﬁcatione
3421 3301 3556 3356 laeti-

192 3409 350 3474 tuus,
382 3404 484 3476 qui
518 3404 670 3458 tollit
695 3407 991 3474 peccatum
1040 3403 1266 3470 mundi;
1309 3403 1407 3472 qui
1448 3419 1506 3457 se
1543 3419 1645 3472 pro
1685 3403 1847 3457 nobis
1945 3394 2106 3448 tiam.
2135 3396 2260 3450 Per.

191 3497 493 3552 oﬂ'erendo
512 3513 632 3551 non
653 3496 883 3564 desinit,
911 3511 1123 3566 nosque
1143 3495 1290 3565 apud
1320 3498 1373 3549 te
1393 3497 1666 3565 perpetua
1685 3495 1846 3549 advoo

192 3591 423 3645 catione
445 3588 706 3644 defendit
764 3587 899 3658 quia
915 3603 1230 3658 numquam
1247 3586 1488 3640 moritur
1499 3586 1842 3655 immolatus,

192 3684 290 3738 sed
322 3698 560 3752 semper
585 3682 724 3735 vivit
752 3680 984 3735 occisus.
1005 3681 1216 3734 Pascha
1243 3679 1396 3733 enim
1434 3683 1690 3733 nostrum
1733 3679 1842 3732 im-

191 3776 448 3830 molatus
475 3777 565 3829 est
586 3773 878 3842 Christus;
910 3775 974 3826 ut
991 3773 1112 3843 jam
1138 3789 1252 3826 non
1270 3771 1330 3825 in
1350 3771 1628 3826 fermento
1647 3771 1841 3841 veteri,

191 3884 382 3939 neque
425 3867 492 3920 in
533 3865 851 3920 carnalium
897 3863 1173 3934 sanguine
1222 3863 1597 3932 victimarum,
1643 3863 1740 3916 sed
1783 3863 1844 3917 in

189 3960 408 4031 azymis
450 3957 816 4026 sinceritatis,
861 3958 919 4011 et
956 3955 1246 4025 corporis“
1285 3954 1535 4009 veritatis
1579 3954 1840 4010 immole-

191 4069 345 4107 mus.
370 4053 485 4106 Per
511 4049 801 4105 Christum
829 4048 1130 4102 Dominum
1159 4050 1440 4102 nostrum.

381 4157 517 4212 XLI.
553 4171 680 4210 ITEM
708 4169 870 4209 MISSA
899 4168 1213 4216 “scmus,
1245 4168 1439 4215 QUINTA
1468 4168 1644 4208 manu.

261 4257 439 4324 Deus,
457 4253 562 4324 qui
588 4251 975 4307 sollemnitate
990 4249 1242 4305 Paschali
1262 4249 1501 4304 caelestia
1529 4251 1742 4305 mundo
1758 4267 1841 4306 re-

191 4348 386 4404 media
432 4346 721 4417 benignus
765 4343 1035 4415 operaris,
1094 4359 1299 4397 annuae
1351 4342 1615 4396 festivatis
1672 4343 1841 4414 hujus

191 4442 345 4496 dona
379 4454 756 4512 prosequere,
797 4440 859 4490 ut
894 4452 995 4506 per
1033 4434 1445 4490 observantiam
1473 4436 1840 4506 temporalem

192 4534 262 4588 ad
288 4533 471 4587 vitam
500 4530 670 4585 nobis
698 4528 956 4601 proﬁciat
981 4527 1402 4598 sempiternam.
1433 4528 1555 4581 Per.

893 4619 1160 4669 Collectio.

265 4706 416 4759 Deus
447 4701 550 4774 qui
578 4706 634 4756 et
663 4699 942 4756 libertatis
960 4704 1168 4754 nostrae
1196 4701 1395 4753 auctor
1438 4715 1496 4752 es
1537 4701 1593 4752 et
1627 4698 1837 4767 salutis,

194 4797 400 4852 exaudi
433 4793 882 4865 supplicantium
906 4808 1097 4860 voces;
1127 4794 1296 4862 atque
1323 4807 1435 4858 eos,
1459 4806 1598 4862 quos
1618 4791 1842 4861 sangui-

193 4891 280 4945 nis
305 4889 394 4945 tui
421 4887 702 4944 effusione
729 4884 1040 4954 redemisti,
1070 4886 1297 4955 praesta,
1321 4886 1384 4936 ut
1408 4899 1510 4953 per
1547 4886 1600 4937 te
1635 4883 1837 4949 vivere,

195 4987 246 5036 et
276 4984 566 5054 perpetua
591 4979 652 5034 in
683 4982 737 5034 te
762 4977 932 5032 facias
958 4976 1344 5032 incolumitate
1372 4974 1766 5046 gaudere.Sal.

847 5069 968 5118 Post
993 5068 1224 5118 nomina.

264 5154 491 5211 Auditis
516 5151 850 5208 nominibus
893 5149 1251 5218 offerentum,
1289 5148 1614 5203 aeternitatis
1651 5147 1838 5202 Domi-

200 5266 336 5304 num
356 5249 763 5319 deprecemur,
795 5248 856 5297 ut
875 5243 933 5298 in
957 5243 1118 5297 nobis
1148 5242 1236 5296 vel
1262 5242 1432 5296 timor
1452 5242 1592 5311 ejus,
1620 5241 1706 5295 vel
1727 5257 1843 5294 cor-

201 5342 278 5396 dis
306 5339 550 5413 puritas,
581 5337 670 5393 vel
698 5335 904 5391 caritas
928 5351 1057 5407 quae
1084 5349 1274 5388 casum
1288 5350 1402 5388 non
1428 5333 1618 5401 habet,
1638 5332 1835 5387 immo-

204 5433 324 5488 bilis
362 5433 714 5505 perseveret.
743 5427 886 5491 Quia
911 5427 1032 5482 haec
1060 5429 1145 5481 est
1172 5425 1432 5480 salutaris
1461 5424 1686 5491 oblatio,
1718 5425 1840 5479 haec

206 5542 342 5597 vera,
380 5525 508 5582 haec
540 5519 785 5596 pinguis
813 5519 1015 5574 hostia.
1062 5520 1169 5573 Ista
1206 5520 1335 5571 sunt
1370 5533 1512 5588 pura
1550 5516 1837 5586 libamina,

200 5635 316 5693 que
340 5623 397 5676 et
425 5634 536 5692 pro
565 5613 746 5672 nobis
773 5614 832 5666 et
855 5627 958 5682 pro
983 5610 1177 5682 requie
1203 5609 1616 5678 defunctorum,
1640 5608 1841 5663 contri-

199 5715 256 5771 tis
281 5719 333 5773 et
355 5707 694 5772 humiliatis
725 5703 1012 5774 cordibus,
1044 5703 1369 5758 offerentur.
1399 5703 1520 5756 Per.

2562 3465 2684 3512 Post
2705 3463 2932 3512 nomina.

2013 3547 2110 3615 Da,
2139 3547 2450 3602 misericors
2478 3549 2640 3615 Deus,
2670 3550 2736 3600 ut
2766 3547 2828 3600 in
2871 3548 3297 3601 Resurrectione
3341 3546 3562 3600 Domini

1943 3637 2118 3693 nostri
2144 3640 2270 3693 Iesu
2296 3639 2498 3694 Christi
2528 3639 2903 3710 percipiamus
2931 3639 3202 3694 veraciter
3218 3638 3558 3709 portionem.

1943 3732 2066 3786 Per.

2598 3799 2672 3849 Ad
2698 3813 2900 3863 pacem.

2013 3885 2176 3952 Deus,
2204 3885 2300 3955 qui
2324 3884 2598 3955 populum
2623 3887 2786 3938 tuum
2815 3889 2925 3938 tua:
2955 3882 3133 3938 fecisti
3158 3883 3560 3955 redemptionis

1944 3977 2294 4048 participem,
2339 3977 2580 4031 concede
2628 3977 2812 4043 nobis,
2848 3993 3187 4048 quaesumus,
3227 3982 3288 4031 ut
3322 3977 3390 4032 de
3431 3976 3559 4048 [die]

1943 4069 2379 4124 Resurrectionis
2432 4069 2734 4123 Dominicaa
2775 4069 2835 4122 in
2877 4073 3151 4140 perpetuo
3192 4069 3562 4140 gratulemur.

1941 4163 2064 4216 Per.

2586 4231 2894 4281 Immolatio.

2012 4312 2257 4383 Dignum
2282 4317 2339 4367 et
2349 4313 2566 4384 justum
2592 4315 2694 4378 est,
2723 4329 2825 4367 nos
2853 4312 2954 4367 tibi
2995 4312 3201 4384 gratias
3240 4328 3426 4383 agere,
3461 4313 3563 4366 Do-

1940 4405 2093 4460 mine
2131 4409 2338 4474 sancte,
2380 4407 2543 4460 Pater
2573 4405 2948 4475 omnipotens,
3001 4407 3210 4460 aeterne
3247 4406 3410 4471 Deus,
3458 4421 3560 4474 per

1938 4498 2126 4550 Iesum
2166 4497 2453 4551 Christum
2489 4497 2664 4551 ﬁlium
2711 4500 2870 4549 tuum
2916 4496 3217 4550 Dominum
3266 4499 3560 4563 nostrum,

1859 4605 1916 4675 D
1940 4605 2109 4659 quem
2143 4606 2245 4659 pro
2273 4589 2436 4643 nobis
2464 4589 2726 4642 omnibus
2765 4588 2908 4642 tradi
2946 4587 3186 4641 hostiam
3221 4587 3461 4641 voluisti.
3513 4588 3556 4642 0

1941 4681 2084 4735 mira
2109 4681 2253 4735 circa
2277 4697 2377 4734 nos
2400 4680 2622 4751 pietatis
2649 4685 2763 4734 tum
2793 4679 3077 4750 dignatio!
3109 4697 3141 4734 ο
3168 4679 3463 4734 ineffabilis
3483 4680 3563 4734 di-

1939 4773 2100 4828 lectio
2126 4772 2368 4827 caritatis
2396 4775 2456 4826 ut
2478 4789 2701 4827 servum
2726 4772 3051 4840 redimeres,
3079 4772 3280 4826 Filium
3300 4772 3557 4827 tradidis-

1944 4864 1983 4918 ti
2007 4864 2020 4918 l
2046 4865 2089 4919 0
2119 4868 2266 4920 certe
2287 4865 2660 4920 necessarium
2688 4864 2816 4919 Adae
2842 4867 3154 4933 peccatum,
3181 4863 3330 4934 quod
3358 4863 3562 4918 Christi

1941 4961 2123 5012 morte
2149 4958 2394 5012 deletum
2419 4961 2504 5012 est
2526 4957 2538 5011 l
2570 4957 2612 5011 0
2642 4957 2772 5011 felix
2797 4956 2984 5026 culpa,
3011 4973 3137 5026 quae
3164 4955 3337 5010 talem
3357 4971 3420 5009 ac
3441 4957 3562 5010 tan-

1943 5054 2064 5104 tum
2094 5051 2302 5105 meruit
2334 5050 2541 5105 habere
2569 5048 3033 5120 Redemptoreml
3074 5049 3370 5119 Nunquam
3406 5047 3560 5103 enim

1940 5146 2148 5213 quanta
2161 5143 2306 5197 circa
2325 5159 2428 5196 nos
2448 5143 2668 5213 pietatis
2689 5146 2800 5196 tuae
2826 5140 3046 5196 dilectio
3073 5143 3234 5208 esset,
3263 5155 3562 5211 cognosce-

1942 5251 2152 5302 remus,
2185 5235 2292 5289 nisi
2323 5250 2390 5288 ex
2416 5239 2600 5289 morte
2633 5234 2779 5288 unici
2811 5236 2866 5288 et
2888 5233 3151 5288 coaeterni
3178 5231 3296 5286 Filii
3325 5233 3426 5301 tui,
3457 5234 3563 5287 Do-

1941 5327 2081 5381 mini
2107 5343 2170 5380 ac
2195 5326 2292 5381 Dei
2318 5326 2495 5380 nostri
2520 5328 2648 5380 Iesu
2690 5324 2888 5398 258
2925 5325 3128 5379 Christi
3170 5325 3557 5395 probaremus.

1942 5419 2080 5474 Vicit
2106 5418 2378 5474 malitiam
2398 5417 2604 5472 diaboli
2629 5418 2850 5488 pietatis
2872 5421 2983 5471 tuae
3011 5417 3284 5489 dignatio,
3308 5417 3440 5488 quia
3466 5416 3560 5470 ubi

1939 5511 2242 5567 abundavit
2267 5513 2576 5582 peccatum,
2615 5510 3088 5580 superabundavit
3121 5512 3179 5564 et
3212 5509 3413 5581 gratia.
3455 5508 3558 5562 Sed

1939 5607 2066 5677 plus
2094 5605 2254 5660 nobis
2284 5610 2379 5659 tua
2420 5603 2799 5658 misericordia
2827 5601 3087 5671 reddidit,
3130 5617 3298 5672 quam
3340 5599 3560 5653 invidus

1939 5697 2198 5753 inimicus
2234 5697 2556 5753 abstulerat.
2588 5695 2685 5750 Ille
2715 5695 3037 5766 paradisum
3063 5693 3279 5758 invidit,
3310 5695 3369 5742 tu
3395 5689 3556 5740 caelos

242 5862 374 5920 ‘Sic
416 5851 682 5913 inferius
730 5846 795 5920 in
831 5845 1036 5920 Missali
1073 5844 1374 5913 Gallicana,
1421 5842 1514 5900 ubi
1554 5843 1742 5916 plures
1774 5841 2007 5910 eaedem,
2047 5856 2174 5913 qua:
2211 5838 2324 5910 hic,
2368 5837 2668 5907 orationes,
2717 5840 2773 5892 et
2813 5834 3070 5908 quaedam
3113 5827 3442 5900 supplentur
3481 5822 3551 5875 ad

178 5916 485 5997 mm
516 5916 962 5994 integritatem.
