3976 6418
471 437 574 492 283

1251 425 1582 482 APPENDIX
1619 425 1706 478 AD
1743 421 1962 476 OPERA
1999 414 2232 471 SANCTI
2269 409 2566 467 GERMANI
2605 407 3029 462 PARISIENSIS.

3739 397 3858 454 284

472 543 712 602 donasti.
755 543 848 598 llle
881 541 1120 596 mortem
1151 536 1524 608 temporalem
1565 533 1775 602 intulit,
1816 535 1880 584 tu
1913 529 2086 582 vitam
2110 537 2168 608 Α
2188 537 2376 590 suum,
2409 520 2768 588 adsumptam
2793 531 2862 570 ex
2907 529 3076 571 carne
3119 511 3368 585 Virginis
3413 510 3523 608 viri
3555 507 3863 608 hominis

469 641 800 710 perpetuam
821 631 1087 688 tribuisti.
1111 633 1410 702 Pr0pterea
1433 627 1674 700 profusis
1703 624 1918 697 gaudiis
1935 623 2086 676 totus

469 728 528 781 in
557 725 688 780 orbe
713 727 992 778 terrarum
1027 719 1276 774 mundus
1314 719 1562 772 exultat:
1601 715 1695 770 sed
1734 718 1790 768 et
1828 725 2084 784 supernas

467 822 769 878 concinunt
791 821 1096 892 potestates
1127 819 1408 889 hymnum
1439 813 1632 886 glorias
1657 818 1790 878 tute,
1825 811 1946 865 sine
1973 810 2086 864 ﬁne

467 913 734 970 dicentes.

607 1021 783 1077 XLlll.
819 1036 977 1076 MISSA
999 1036 1051 1074 IN
1079 1035 1168 1073 me
1193 1031 1428 1072 sanna-ro
1457 1029 1678 1070 ocrxvn
1702 1027 1943 1068 PASCHAE.

537 1116 831 1181 Conserva,
861 1111 1113 1180 Domine,
1141 1109 1410 1164 familiam
1445 1109 1619 1176 tuam,
1652 1122 1792 1177 quos
1831 1121 1900 1158 ex
1943 1120 2088 1175 aqua

468 1214 525 1266 et
561 1209 768 1280 Spiritu
815 1209 1001 1261 sancto
1042 1203 1320 1276 propitius
1363 1200 1684 1268 redemisti;
1734 1201 1798 1252 ut
1842 1201 2090 1251 veterem

467 1303 758 1359 hominem
802 1317 930 1354 cum
968 1298 1081 1352 suis
1120 1297 1335 1352 actibus
1381 1293 1774 1365 exspoliantes,
1817 1289 1880 1344 in
1915 1289 2089 1362 ipsius

466 1393 886 1452 conversatione
939 1393 1210 1460 vivamus,
1265 1389 1335 1443 ad
1386 1388 1544 1458 cujus
1577 1383 1945 1440 substantiam
1989 1398 2092 1453 per

465 1490 584 1544 haec
611 1485 892 1558 paschalia
911 1485 1132 1540 dierum
1157 1487 1480 1536 octavarum
1504 1483 1616 1534 tuae
1645 1476 2090 1534 Resurrectionis

466 1581 734 1654 mysteria
758 1577 1112 1633 transtulisti.
1142 1579 1266 1631 Per.

1145 1675 1410 1726 Collectio.

537 1767 660 1834 Fac,
689 1765 1046 1836 omnipotens
1074 1765 1130 1817 et
1154 1761 1470 1816 misericors
1497 1757 1660 1826 Deus,
1689 1760 1750 1811 ut
1775 1755 1924 1828 quod
1948 1757 2092 1809 octa-

465 1875 662 1914 varum
683 1859 903 1912 dierum
933 1854 1376 1912 Resurrectionis
1412 1858 1524 1907 tuae
1558 1847 1915 1921 paschalibus
1954 1849 2092 1901 cele-

462 1951 692 2006 bramus
710 1949 926 2019 ofﬁciis,
947 1947 1303 2003 fructiferum
1323 1945 1488 2000 nobis
1514 1943 1670 2000 omni
1689 1945 1944 2012 tempore
1971 1957 2092 1995 sen-

465 2044 689 2098 tiamus.
721 2043 829 2098 Sal.

1091 2110 1213 2158 Post
1231 2106 1462 2157 nomina.

535 2197 686 2251 Deus
709 2194 1108 2249 misericordias
1131 2193 1510 2263 sempiternae,
1533 2189 1630 2261 qui
1648 2189 1708 2244 in
1727 2191 1848 2260 ipso
1865 2190 2092 2245 Pascha-

465 2289 532 2344 lis
565 2288 694 2343 festi
731 2303 960 2342 recursu
998 2286 1170 2341 ﬁdem
1207 2289 1435 2339 sacratae
1467 2283 1570 2338 tibi
1607 2283 1784 2353 plebis
1816 2283 2088 2350 accendis,

465 2398 610 2453 auge
638 2380 898 2453 gratiam,
927 2395 1100 2452 quam
1127 2377 1347 2444 dedisti,
1375 2380 1440 2431 ut
1466 2376 1638 2448 digna
1667 2392 1863 2430 omnes
1891 2375 2092 2430 intelli-

466 2475 654 2547 gentia
680 2473 1162 2544 comprehendant
1193 2487 1306 2542 quo
1337 2471 1556 2524 lavacro
1583 2469 1780 2538 abluti,
1819 2485 1933 2540 quo
1973 2467 2092 2539 Spi-

462 2568 574 2623 ritu
601 2566 937 2638 regenerati,
969 2581 1080 2637 quo
1107 2563 1378 2634 sanguine
1399 2566 1530 2617 sunt
1565 2563 1825 2617 redemti.
1857 2563 1980 2616 Per.

1127 2667 1202 2716 Ad
1229 2679 1436 2730 pacem.

530 2756 693 2822 Deus,
717 2753 813 2824 qui
836 2769 938 2822 per
965 2752 1330 2822 Unigenitum
1361 2754 1523 2803 tuum
1555 2746 1885 2802 aeternitatis
1926 2746 2090 2800 nobis

460 2847 698 2913 aditum,
723 2845 936 2899 devicta
963 2847 1166 2912 morte,
1195 2841 1474 2910 reserasti,
1493 2841 1674 2896 deduc
1699 2855 1802 2894 nos
1827 2839 1898 2894 ad
1923 2839 2090 2893 socie-

399 2973 408 2976 η-
459 2941 635 2993 tatem
661 2937 966 2996 caelestium
995 2935 1352 3007 gaudiorum,
1382 2939 1444 2988 ut
1470 2933 1682 3004 Spiritu
1715 2935 1905 2986 sancto
1931 2947 2090 2987 rena-

461 3035 547 3086 tos
573 3045 818 3102 regnum
845 3032 1010 3084 tuum
1036 3028 1206 3082 facias
1225 3027 1476 3082 introire.
1508 3028 1616 3080 Per
1633 3039 1854 3095 resurg.

1107 3127 1439 3178 Contestatio.

529 3214 776 3290 Dignum
807 3217 862 3268 et
873 3214 1092 3284 justum
1109 3217 1211 3282 est,
1235 3212 1611 3267 necessarium
1637 3215 1694 3267 et
1718 3211 1957 3265 salutare
1979 3214 2064 3264 est

458 3311 526 3362 ut
561 3311 618 3362 te
661 3307 964 3361 Dominum
1006 3323 1070 3360 ac
1107 3308 1286 3360 Deum
1333 3305 1462 3359 totis
1499 3304 1802 3359 visceribus
1835 3305 2086 3358 humana

460 3399 704 3454 conditio
751 3403 1072 3468 veneretur,
1129 3401 1246 3453 Rex
1300 3397 1574 3451 mirabilis
1623 3397 1863 3452 Christe.
1915 3397 2086 3467 Cujus

459 3492 948 3562 condemnatione,
995 3491 1250 3545 tartareis
1277 3489 1510 3544 vinculis
1549 3490 1803 3544 absoluta
1849 3489 2082 3543 creden-

459 3585 602 3640 tium
629 3585 812 3651 turba,
841 3583 1115 3639 libertatis
1141 3583 1384 3653 insignia
1403 3584 1739 3653 gratulatur.
1757 3581 1862 3646 Qui
1879 3598 2006 3636 vere
2023 3587 2087 3635 ut

458 3679 562 3732 Leo
589 3679 656 3732 de
683 3677 835 3732 tribu
859 3677 997 3731 Juda
1023 3676 1237 3731 mundo
1267 3679 1540 3742 ostensus,
1575 3675 1894 3729 animarum
1924 3675 2087 3728 devo-

457 3775 700 3825 ratorem
742 3770 1053 3824 extinctum
1098 3770 1322 3824 leonem
1361 3769 1646 3824 diabolum
1697 3767 1880 3822 omnis
1937 3771 2086 3821 terra

455 3863 698 3918 laetatur.
732 3863 1016 3917 Permittis
1045 3865 1098 3916 te
1129 3863 1411 3916 clavorum
1433 3861 1671 3916 nexibus
1695 3860 1990 3930 alligatum
2015 3860 2086 3914 ad

457 3955 710 4026 stipitem
727 3955 906 4008 crucis
933 3953 1099 4008 tereri
1113 3965 1158 4024 α,
1179 3957 1250 4007 ut
1267 3970 1382 4008 non
1417 3954 1489 4007 sit
1505 3969 1673 4024 parva
1692 3969 1860 4023 quem
1879 3951 2086 4022 impius

457 4047 740 4118 quondam
767 4049 1097 4116 expavescat
1121 4045 1391 4116 potentia.
1419 4046 1502 4100 Ad
1518 4045 1680 4114 cujus
1697 4061 1893 4098 vocem
1919 4045 2084 4098 emit-

459 4143 582 4193 tens
629 4139 912 4208 spiritum,
953 4142 1104 4191 terra
1139 4139 1391 4206 tremuit,
1430 4138 1632 4191 cazlum
1686 4137 1930 4207 expavit,
1968 4137 2085 4191 dies

457 4230 622 4302 fugit,
652 4230 732 4283 sol
773 4229 1099 4284 obscuratus
1137 4234 1236 4298 est,
1281 4233 1431 4282 astra
1469 4229 1870 4283 abscondentes
1903 4229 2086 4283 radios

459 4337 606 4390 suos,
630 4321 798 4376 simul
834 4323 1024 4376 omnia
1058 4322 1466 4394 migraverunt.
1515 4319 1708 4393 259
1755 4321 1924 4391 Cujus
1965 4321 2086 4376 des-

458 4431 648 4481 censu,
680 4415 980 4470 confractis
1003 4415 1202 4486 portis,
1229 4413 1390 4485 luget
1413 4414 1721 4469 infernum.
1750 4413 1869 4478 Quo
1895 4430 2080 4469 resur-

459 4512 644 4578 gente,
675 4509 940 4562 laetantur
967 4507 1178 4579 angeli,
1210 4507 1420 4561 exultat
1455 4512 1604 4562 terra
1641 4523 1770 4561 cum
1811 4507 2084 4562 habitato-

2187 615 2447 679 formam,
2477 611 2700 666 mittere
2726 609 2992 680 dignatus
3019 611 3122 674 est,
3153 604 3680 672 fratres‘carissimi,
3715 617 3864 672 sup-

2187 707 2410 779 pliciter
2451 719 2774 770 exoremus;
2819 707 2884 757 ut
2937 701 3082 756 sicut
3131 700 3194 754 in
3239 700 3344 755 hac
3393 696 3862 754 Resurrectione

2190 801 2442 871 ejusdem
2469 815 2570 852 nos
2595 814 2630 850 a
2657 799 2842 851 morte
2869 798 3147 866 perpetua
3174 809 3306 848 cum
3335 792 3430 847 illo
3455 789 3857 856 resuscitavit,

2189 893 2268 947 ita
2302 891 2524 962 pietatis
2557 907 2674 944 suae
2705 890 2852 944 dono
2879 889 2950 942 ab
2977 887 3244 941 omnibus
3267 901 3370 940 nos
3397 883 3618 939 inimici
3643 887 3860 938 tutans

2191 985 2430 1053 insidiis,
2465 983 2685 1037 inlaesos
2714 982 2878 1036 faciat
2898 981 2957 1034 in
2983 980 3180 1034 matris
3207 978 3466 1034 Ecclesiae
3493 976 3721 1048 gremio
3747 990 3852 1029 re-

2191 1078 2418 1145 sedere;
2453 1081 2510 1130 et
2537 1076 2896 1130 conscientiae
2938 1073 3266 1143 integritate
3295 1072 3362 1125 de
3401 1069 3860 1140 regeneratione

2195 1171 2520 1242 gaudentes,
2555 1174 2768 1222 aeterna
2791 1167 3214 1240 primitivorum
3241 1163 3530 1231 Ecctesize,
3561 1161 3858 1233 quemad-

2193 1261 2425 1318 modum
2453 1261 2746 1316 devotione
2773 1261 2840 1314 ad
2873 1276 3144 1332 praesens,
3182 1259 3260 1313 ita
3288 1262 3344 1312 et
3368 1255 3854 1312 remuneratione

2191 1356 2434 1410 adsociet
2458 1355 2518 1409 in
2546 1359 2854 1421 aeternum;
2880 1359 2935 1408 et
2959 1353 3080 1407 haec
3109 1365 3351 1406 munera
3379 1349 3563 1422 plebis
3590 1363 3712 1404 suae
3735 1347 3848 1403 be-

2189 1449 2447 1504 nedicere
2478 1448 2770 1518 dignetur.
2801 1446 2910 1501 Sal.

2877 1531 3146 1581 Collectio.

2259 1609 2424 1677 Deus,
2457 1609 2625 1664 totius
2645 1607 2916 1663 claritatis
2942 1607 3202 1662 conditor
3216 1607 3272 1660 et
3291 1605 3638 1673 moderator,
3660 1617 3851 1676 quem

2191 1702 2436 1757 caelestia
2475 1703 2774 1771 mirantur,
2823 1707 2878 1756 et
2907 1707 3131 1755 terrena
3159 1700 3430 1770 pavitant,
3461 1697 3690 1752 inferna
3715 1701 3847 1752 tre-

2191 1795 2468 1864 miscunt;
2516 1795 2606 1849 cui
2643 1793 2976 1865 angelorum
3019 1799 3222 1847 turmae
3259 1795 3315 1848 et
3348 1791 3850 1862 archangelorum

2113 1895 2166 1967 Β
2191 1889 2468 1942 exercitus
2489 1888 2751 1956 militant,
2773 1903 2888 1942 non
2903 1887 2986 1941 uti
3003 1886 3286 1940 mundum
3313 1901 3631 1957 eXpugnes,
3657 1897 3850 1955 quem

2191 1981 2308 2052 ipse
2333 1981 2532 2048 fecisti,
2566 1981 2662 2036 sed
2693 1985 2758 2034 ut
2783 1980 3018 2034 subruas
3043 1979 3244 2034 mundi
3269 1981 3520 2048 peccata,
3548 1993 3680 2046 quae
3710 1977 3848 2030 dia-

2190 2074 2352 2129 bolus
2378 2074 2693 2141 adinvenit;
2723 2073 2854 2144 quia
2879 2074 2960 2126 ita
2999 2072 3262 2142 dignatus
3305 2087 3364 2126 es
3399 2071 3638 2141 diligere
3678 2070 3848 2124 hunc

2191 2167 2489 2235 mundum,
2525 2171 2590 2220 ut
2615 2165 2979 2236 Unigenitum
3003 2169 3166 2219 tuum
3195 2164 3445 2219 traderes
3493 2179 3598 2234 pro
3641 2167 3852 2216 nostra

2191 2261 2387 2328 salute,
2414 2259 2572 2329 cujus
2593 2275 2754 2313 cruce
2776 2257 3054 2328 redempti
3083 2273 3297 2324 sumus,
3327 2261 3510 2310 morte
3539 2254 3844 2322 viviﬁcati,

2189 2353 2444 2424 passione
2473 2351 2684 2420 salvati,
2717 2351 3128 2406 resurrectione
3167 2349 3480 2421 gloriﬁcati.
3509 2349 3616 2403 Per
3639 2347 3850 2418 ipsum

2188 2446 2379 2516 itaque
2405 2449 2459 2499 te
2488 2444 2762 2515 supplices
2791 2445 3138 2512 invocamus,
3179 2447 3246 2496 ut
3270 2442 3403 2496 huic
3431 2441 3667 2496 familiae
3712 2446 3840 2495 tuae

2187 2538 2248 2592 in
2276 2537 2537 2592 omnibus
2571 2537 2762 2592 adesse
2794 2537 3063 2608 digneris,
3109 2535 3254 2590 sicut
3297 2535 3528 2589 adfuisti
3568 2533 3843 2605 patribus

2189 2631 2392 2685 nostris
2425 2630 2777 2700 sperantibus
2817 2630 2878 2684 in
2915 2634 3012 2684 tua
3047 2628 3476 2682 misericordia:
3527 2625 3605 2680 sic
3651 2631 3710 2681 et
3749 2625 3846 2680 his

2189 2723 2448 2778 omnibus
2473 2723 2663 2777 adesse
2696 2722 2950 2792 dignare,
2992 2725 3058 2774 ut
3097 2721 3169 2774 sit
3210 2720 3272 2774 in
3321 2719 3580 2774 sensibus
3627 2734 3844 2774 eorum

2187 2817 2357 2871 timor
2385 2816 2693 2869 devotionis
2725 2820 2858 2881 tuae,
2891 2814 2952 2868 in
2977 2814 3143 2868 corde
3169 2813 3328 2880 fides,
3359 2813 3422 2867 in
3459 2827 3632 2883 opere
3665 2812 3844 2882 justi-

2187 2910 2283 2978 tia,
2315 2910 2375 2964 in
2401 2913 2528 2962 actu
2554 2909 2752 2980 pietas,
2785 2908 2848 2961 in
2885 2907 3082 2978 lingua
3109 2906 3334 2974 veritas,
3373 2905 3432 2960 in
3469 2905 3730 2960 moribus
3758 2905 3845 2960 di-

2189 3002 2441 3072 sciplina,
2470 3005 2535 3054 ut
2559 3001 2729 3070 digne
2758 2999 2978 3070 riteque
3003 2997 3442 3053 immortalitatis
3487 2995 3684 3070 260
3724 2997 3843 3052 sibi

2189 3094 2490 3166 przemium
2516 3093 2784 3165 consequi
2811 3097 3158 3146 mereantur.
3187 3093 3312 3146 Per.

2807 3187 2930 3233 Post
2963 3185 3194 3244 nomina,

2068 3253 2082 3331 ξ
2105 3253 2160 3327 C
2253 3260 2524 3327 Concede,
2549 3275 2895 3331 quaesumus,
2921 3259 3277 3330 omnipotens
3295 3259 3463 3326 Deus,
3493 3259 3558 3310 ut
3586 3255 3690 3327 qui
3721 3257 3832 3312 Re-

2184 3352 2542 3407 surrectionis
2565 3352 2860 3406 dominica:
2886 3352 3174 3406 sollemnia
3197 3351 3454 3419 colimus,
3471 3365 3574 3420 per
3593 3349 3838 3404 innova-

2183 3446 2396 3500 tionem
2423 3445 2506 3499 tui
2526 3445 2763 3517 Spiritus
2781 3463 2812 3499 a
2837 3447 3019 3498 morte
3039 3444 3244 3498 ammte
3269 3459 3658 3514 resurgamus.
3695 3441 3834 3496 Per.

2852 3537 2929 3586 Ad
2959 3550 3161 3599 pacem.

2255 3611 2468 3666 Exaudi
2505 3626 2627 3678 nos,
2670 3610 2927 3677 Domine,
2982 3615 3168 3664 sancte
3215 3611 3400 3677 Pater,
3457 3609 3836 3680 omnipotens

2185 3707 2327 3759 Deus
2341 3723 2356 3774 ;
2387 3707 2444 3759 et
2459 3703 2546 3758 his
2563 3703 2937 3757 oblationibus
2958 3703 3330 3774 precibusque
3359 3703 3656 3774 susceptis,
3682 3717 3838 3772 prm-

2185 3799 2378 3852 sentiae
2416 3801 2530 3851 tuae
2563 3795 2830 3850 virtutem
2877 3796 3170 3866 intersere,
3207 3802 3269 3850 ut
3309 3795 3462 3868 quod
3503 3795 3721 3866 singuli
3758 3795 3836 3849 ad

2184 3889 2477 3961 Majestatis
2505 3893 2617 3944 tua:
2635 3889 2964 3943 obtulerunt
2989 3889 3288 3960 honorem,
3318 3887 3536 3944 cunctis
3562 3886 3832 3960 proﬁciat

2183 3983 2254 4038 ad
2283 3983 2538 4038 salutem.
2567 3983 2673 4037 Per
2699 3997 2920 4052 resurg.

2849 4069 3140 4118 Immolatio

2255 4145 2504 4216 Dignum
2531 4147 2586 4199 et
2604 4143 2825 4214 justum
2842 4149 2940 4212 est,
2965 4143 3346 4198 necessarium
3371 4147 3430 4198 et
3452 4143 3700 4199 salutare
3717 4149 3831 4214 est,

2183 4254 2284 4293 nos
2309 4237 2410 4292 tibi
2436 4236 2644 4308 gratias
2669 4253 2860 4307 agere,
2891 4237 3250 4307 omnipotens
3276 4237 3444 4303 Dens,
3467 4236 3601 4291 licet
3625 4237 3832 4308 gloriae

2183 4334 2296 4386 tuae
2323 4329 2650 4384 mortalium
2673 4329 2934 4384 membra
2960 4345 3076 4384 non
3105 4333 3442 4400 congruant,
3461 4329 3834 4400 Redemptio-

2181 4423 2269 4478 nis
2293 4426 2502 4477 nostrae
2527 4422 2776 4493 perferre
2801 4422 3114 4492 praeconia:
3143 4422 3282 4476 dum
3310 4421 3614 4476 hominum
3637 4438 3832 4493 genus

2182 4516 2570 4586 mancipatum
2591 4517 2795 4584 morte,
2813 4514 3169 4569 infernarum
3194 4514 3420 4569 sedibus
3445 4514 3832 4570 tenebrarum

455 4601 608 4655 ribus
635 4602 766 4655 suis.
809 4602 870 4655 In
914 4617 1028 4672 quo
1069 4601 1362 4671 triumpho
1406 4597 1744 4671 conspicitur
1796 4600 2159 4684 comitatioD
2181 4607 2362 4662 vinela
2385 4607 2813 4678 restringerent,
2844 4607 3096 4678 spiritale
3125 4607 3392 4675 verbum,
3438 4621 3544 4676 per
3583 4608 3738 4678 quod
3763 4607 3832 4662 in

451 4693 546 4746 illa
586 4693 915 4764 prephetico
951 4709 1048 4747 ore
1081 4693 1355 4763 promissa
1385 4709 1398 4746 :
1435 4695 1542 4748 Ero
1581 4709 1736 4748 mors
1773 4697 1888 4762 tua,
1929 4709 1962 4746 ο
1999 4693 2084 4746 in-

451 4786 630 4840 ferne.
663 4785 764 4840 Ubi
793 4789 876 4838 est
902 4801 1037 4855 ergo
1077 4785 1309 4839 victoria
1347 4787 1478 4840 tua?
1514 4787 1624 4840 Nec
1660 4785 1814 4840 enim
1855 4785 1925 4839 ab
1969 4785 2081 4839 alio

455 4881 688 4948 poterat,
717 4878 824 4933 nisi
850 4896 882 4932 a
907 4879 1018 4932 vita
1046 4895 1203 4933 mors
1229 4879 1499 4933 devorari.
1528 4879 1634 4943 Qui
1671 4879 1940 4933 descensu
1979 4895 2080 4932 suo

453 4987 544 5025 eos
567 4972 666 5041 qui
687 4971 1030 5026 tenebantur
1073 4987 1106 5025 a
1139 4976 1320 5027 morte
1361 4972 1581 5043 superis
1621 4971 1862 5026 reddidit
1901 4986 2082 5026 resur-

453 5064 655 5133 gendo,
685 5069 747 5117 ut
769 5065 889 5134 ejus
933 5065 1268 5118 resurrectio
1307 5065 1566 5118 vivorum
1603 5063 1690 5117 vel
1725 5067 2079 5118 mortuorum

453 5156 770 5210 testimonio
794 5157 1154 5212 formaretur.
1183 5157 1340 5211 Unde
1371 5163 1558 5210 sancte
1599 5158 1784 5225 Pater,
1827 5157 2082 5226 omnipo-

451 5251 593 5315 tens,
617 5252 828 5304 aeterne
853 5251 1022 5314 Deus,
1049 5265 1153 5319 per
1174 5251 1365 5305 Jesum
1388 5249 1673 5304 Christum
1694 5248 1896 5304 Filium
1915 5253 2078 5304 tuum

453 5341 755 5395 Dominum
791 5345 1048 5396 nostrum
1075 5343 1253 5413 gloria
1280 5343 1382 5400 tibi
1409 5359 1653 5414 semper,
1686 5343 1785 5414 qui
1815 5343 1874 5396 in
1905 5347 1980 5410 te,
2023 5349 2079 5400 et

452 5450 520 5487 ex
545 5439 620 5502 te,
651 5439 706 5490 et
733 5439 921 5489 tecum
950 5451 1171 5506 semper
1191 5441 1293 5492 est.
1326 5439 1430 5492 Per
1454 5453 1625 5508 quem
1649 5440 1705 5491 te
1729 5435 1932 5490 laud).

803 5537 974 5592 XLIV.
1001 5554 1158 5594 MISSA
1193 5553 1438 5593 cuusun
1471 5553 1710 5593 PASCELE.

521 5629 719 5698 Deum,
751 5629 848 5700 qui
881 5647 982 5700 pro
1005 5631 1170 5686 ruina
1193 5631 1363 5686 totius
1387 5630 1589 5684 mundi
1617 5629 1846 5684 unicum
1871 5628 2072 5684 Filium

521 5751 545 5778 ⁸
576 5751 662 5806 Sic
691 5751 750 5807 in
775 5753 976 5808 Missali
1002 5753 1303 5808 Gallicana.
1331 5755 1417 5807 An
1444 5755 1628 5808 teneri.

529 5819 555 5900 ξ)
583 5821 732 5878 Nihil
769 5823 862 5902 hic
901 5823 970 5878 de
1019 5823 1238 5902 pascha
1261 5826 1542 5902 ali-uotiua,
1574 5823 1744 5902 quod_
1767 5823 2075 5902 baptizatus

453 5893 690 5964 quisque
701 5893 1168 5966 anniversarium,
1183 5893 1243 5951 id
1261 5893 1475 5967 estipso
1490 5893 1580 5952 die
1590 5893 1705 5970 quo
1727 5893 2074 5968 baptismum

2181 4700 2460 4772 principio
2485 4699 2682 4754 omnia
2705 4699 2931 4754 fuerant
2953 4699 3279 4767 constituta,
3303 4699 3596 4754 descendit
3625 4700 3688 4754 in
3717 4701 3834 4756 Ma-

2181 4795 2362 4860 riam;
2393 4809 2520 4864 qua
2540 4793 2678 4847 dum
2706 4797 2934 4864 partum
2963 4809 3131 4848 suum
3151 4793 3324 4864 Virgo
3349 4792 3612 4860 miratur,
3649 4794 3836 4848 inclu-

2179 4903 2304 4942 sum
2333 4885 2626 4940 hominem
2647 4885 2820 4940 edidit
2849 4886 3048 4940 Deum.
3077 4887 3256 4949 Quem
3283 4890 3478 4941 tamen
3493 4889 3666 4941 tuum
3687 4902 3835 4956 esse,

2181 4995 2398 5034 summe
2426 4978 2781 5049 omnipotens
2809 4979 2976 5048 Deus,
3005 4984 3312 5050 antequam
3349 4983 3708 5050 nasceretur,
3747 4997 3840 5036 co-

2180 5075 2466 5144 gnoverat,
2491 5071 2703 5142 quippe
2721 5086 2850 5142 qua:
2865 5071 3079 5126 sciebat
3097 5071 3294 5126 mundi
3315 5087 3436 5126 esse
3453 5071 3832 5143 principium.

2181 5167 2227 5219 [s
2263 5179 2510 5234 namque
2537 5179 2764 5218 crucem
2793 5167 3098 5234 spontanea
3119 5165 3431 5230 voluntate,
3465 5169 3708 5236 propter
3737 5183 3830 5222 re-

2179 5257 2562 5327 demptionem
2611 5256 2846 5311 humani
2896 5258 3138 5327 generis,
3187 5257 3256 5312 de
3307 5257 3539 5311 inimico
3581 5261 3832 5329 tyranno

2177 5349 2652 5419 triumphaturus,
2685 5349 2966 5419 ascendit;
2993 5353 3049 5405 et
3077 5350 3274 5406 relicto
3302 5351 3596 5422 paulisper
3621 5367 3832 5424 corpo-

2177 5443 2252 5497 ris
2275 5444 2508 5514 templo,
2530 5442 2846 5498 inferorum
2862 5444 3107 5498 claustra
3125 5443 3346 5498 confrin
3355 5459 3518 5514 gens,
3539 5445 3830 5515 pristinae,

2173 5540 2238 5590 ut
2264 5539 2394 5590 ante
2431 5535 2633 5604 fuerat,
2681 5535 2811 5590 vitae
2851 5536 3116 5591 restituit.
3149 5538 3260 5591 Nec
3297 5535 3602 5592 suffecerat
3647 5539 3834 5594 solum

2175 5627 2463 5686 hominem
2483 5629 2810 5685 emendasse
2837 5633 3131 5699 peccatum
3155 5646 3168 5683 :
3198 5629 3296 5684 sed
3319 5645 3426 5701 per
3470 5630 3832 5690 ablutionem

2175 5755 2860 5826 suscepisset,quotan_nis
2902 5755 3285 5826 rememorari,
3314 5754 3576 5822 debebat,
3619 5774 3692 5813 ex
3725 5761 3830 5814 He-

2174 5825 2339 5882 rardo
2377 5824 2654 5882 saeculi}:
2688 5824 2950 5898 episcopo
2981 5825 3314 5898 Turonensi,
3355 5826 3420 5884 in
3454 5827 3712 5900 capitulo
3737 5831 3826 5886 93.
