3976 6424
173 401 260 452 285

1209 396 1295 448 DE
1332 394 1640 450 LITURGIA
1674 395 2043 449 GALLICANA
2082 395 2277 448 LIBER
2315 396 2402 450 ιιι.

3373 399 3474 456 286

171 502 426 557 caelestem
447 503 683 554 renatus
703 499 960 554 redivivo
971 515 1035 554 ac
1048 516 1194 556 novo
1208 500 1518 556 nativitatis
1531 516 1763 571 genere,
1787 513 1846 586 Α
1867 503 1978 556 Eva
2002 500 2308 572 decipitur;
2333 518 2482 558 nunc
2507 519 2576 559 an
2585 506 2712 575 gelo
2729 503 3058 571 nunciante,
3075 503 3248 559 Maria
3277 505 3499 560 claritl-'

171 609 412 649 remeans
437 591 511 646 ad
543 592 834 662 originem
867 609 1049 660 suam,
1081 607 1185 648 nos
1209 595 1282 648 ad
1307 593 1554 648 cmlestia
1586 610 1766 663 regna

168 683 807 760 produxit.0consilium
832 684 1037 739 divinm
1065 685 1466 756 providentiae!
1499 705 1530 742 0
1557 686 1763 740 inaesti-

168 778 422 834 mandum
437 776 825 846 reparationis
846 777 1146 832 auxilium!
1168 779 1580 849 PerVirginem
1604 779 1767 833 nobis

167 871 390 942 gloriosa
414 868 530 922 vita
551 869 890 936 restituitur,
906 885 1032 939 qua:
1046 886 1148 940 per
1159 870 1765 940 ligniinobedientiam

166 962 479 1018 credebatur
507 961 761 1016 extincta
789 978 803 1016 :
837 978 940 1032 per
968 978 1178 1032 aquam
1205 964 1409 1017 mundi
1429 967 1660 1033 peccata
1680 962 1762 1016 di-

165 1058 390 1121 luuntur,
419 1070 525 1125 per
555 1069 736 1124 quam
766 1057 900 1108 ante
929 1058 1187 1110 senserat
1207 1056 1456 1110 mundus
1485 1057 1605 1126 ipse
1633 1069 1767 1108 nau-

164 1148 408 1218 fragium.
437 1145 563 1200 Tibi
589 1162 754 1216 ergo,
780 1163 984 1201 sumne
1007 1149 1262 1214 Genitor,
1291 1163 1434 1218 pura
1463 1148 1765 1202 devotione

163 1240 575 1296 immaculatum
607 1255 821 1292 munus
843 1238 1135 1294 offerimus
1164 1257 1177 1294 :
1211 1244 1269 1294 et
1298 1241 1616 1295 elevatione
1640 1256 1761 1293 mae

165 1348 319 1386 nuum
346 1335 697 1397 nostrarum,
727 1332 890 1400 juxta
916 1331 1039 1385 Filii
1070 1332 1156 1386 tui
1177 1335 1308 1387 Jesu
1333 1333 1538 1387 Christi
1571 1332 1761 1402 dispo-

164 1424 426 1489 sitionem,
453 1423 619 1494 pium
655 1422 997 1477 sacrificium
1030 1425 1402 1480 celebramus.
1433 1427 1540 1479 Per
1573 1423 1758 1478 Chris-

165 1520 267 1572 tum
293 1516 602 1572 Dominum
629 1518 912 1570 nostrum.

274 1623 411 1678 XLV.
454 1637 619 1677 mssa
659 1638 714 1676 IN
755 1637 1078 1676 INV‘EN’I’IONE
1104 1653 1128 1682 α
1166 1635 1379 1677 sanans
1417 1636 1626 1677 CRUCIS.

1865 599 2043 651 catur.
2065 598 2216 652 Tunc
2237 611 2339 666 per
2366 596 2638 650 invidiam
2665 598 2943 668 serpentis
2965 598 3140 652 homo
3166 597 3264 668 qui
3291 594 3478 652 fuerat

1867 692 2087 742 creatus
2099 689 2427 759 perimitur;
2453 705 2600 742 nunc
2614 705 2716 759 per
2726 689 3175 743 misericordiam
3188 689 3476 744 redimen-

1866 781 1938 834 tis
1957 783 2129 835 homo
2152 781 2248 852 qui
2271 781 2521 852 perierat
2549 782 2840 835 liberatur.
2864 783 3015 835 Tunc
3043 783 3216 836 homo
3245 782 3481 836 manda-

1866 877 1988 927 tum
2028 890 2144 928 non
2191 873 2563 929 custodiendo
2612 874 2682 927 de
2735 871 2999 943 paradiso
3049 875 3294 944 pellitur,
3327 887 3479 929 nunc

1865 967 2009 1020 latro
2024 966 2305 1020 Christum
2324 966 2625 1020 Dominum
2647 964 2973 1020 conﬁtendo
2999 966 3326 1036 paradisum
3353 980 3475 1020 me-

1864 1061 2038 1112 retur.
2058 1059 2216 1112 Unde
2229 1059 2507 1128 supplices
2523 1071 2812 1129 rogamus,
2828 1058 3271 1112 clementissime
3289 1059 3474 1124 Pater,

1863 1165 1966 1221 per
1994 1151 2215 1220 inclytae
2241 1149 2432 1222 262
2457 1151 2637 1205 crucis
2665 1151 3010 1205 innarrabi‘le
3023 1141 3476 1217 sacramentum,

1865 1245 1922 1296 et
1945 1257 2048 1313 per
2069 1242 2295 1296 Domini
2319 1243 2496 1296 nostri
2519 1240 2544 1296 J
2551 1259 2648 1296 esu
2669 1241 2874 1298 Christi
2889 1242 3008 1296 Filii
3033 1242 3115 1296 tui
3140 1241 3478 1297 admirabile

1861 1350 2125 1405 regnum,
2165 1339 2227 1388 ut
2264 1335 2385 1404 ejus
2420 1335 2784 1388 festivitatem
2828 1335 3204 1401 celebramus,
3255 1334 3480 1389 hodier-

1863 1443 2000 1481 num
2048 1427 2222 1492 diem,
2261 1426 2317 1480 in
2365 1442 2477 1502 quo
2508 1427 2686 1481 crucis
2725 1443 2828 1481 nos
2873 1441 3071 1482 omnes
3113 1441 3241 1482 cum
3282 1426 3477 1482 laetitia

1862 1518 2099 1589 spiritali
2123 1523 2178 1572 et
2189 1519 2450 1573 modesta
2464 1519 2808 1573 exultatione
2820 1535 3117 1589 peragere,
3141 1519 3360 1573 etinter
3379 1531 3477 1573 cas-

1860 1609 2087 1664 lestium
2108 1611 2378 1664 virtutum
2392 1611 2590 1664 laudes
2607 1611 2941 1665 humilitatis
2953 1615 3163 1665 nostris
3176 1625 3344 1665 voces
3354 1625 3476 1664 sus-

219 1719 526 1774 ριοτίεωυι-
568 1719 632 1772 in
670 1734 838 1772 cruce
876 1718 1106 1771 Domini
1143 1718 1323 1772 nostri
1362 1720 1491 1772 Jesu
1533 1718 1758 1785 Christi,
1861 1703 2055 1774 cipias,
2078 1703 2382 1773 multiplici
2411 1703 2768 1757 confessione
2789 1703 2871 1756 ita
2902 1701 3474 1758 dicentes:Sanctus.

160 1810 654 1878 fratrescarissimi,
670 1815 726 1864 et
737 1814 860 1864 tota
881 1811 1093 1864 mentis
1117 1810 1460 1864 exultatione
1484 1812 1758 1877 laetemur;

161 1908 206 1958 et
243 1904 399 1974 hujus
437 1903 553 1957 diei
586 1862 961 1956 festivitatem
997 1919 1127 1956 cum
1174 1901 1379 1972 grandi
1420 1862 1759 1969 reverentia,
1781 1862 1836 1932 Β

160 1994 316 2068 261
349 1999 405 2049 et
436 1995 684 2066 spiritali
715 1994 927 2065 gaudio
953 1995 1326 2060 celebremus,
1361 1995 1419 2047 in
1455 2010 1569 2064 qua
1598 2010 1762 2048 cruce
1932 1992 2308 2064 Omnipotens
2336 1993 2686 2064 sempiterne
2711 1993 2878 2058 Deus,
2910 1991 3005 2063 qui
3040 1991 3209 2062 hujus
3246 1990 3359 2046 diei
3400 1992 3480 2046 fe~

163 2090 262 2158 ipse
288 2087 556 2143 Dominus
588 2090 790 2141 noster
820 2090 878 2140 et
907 2087 1167 2142 Salvator
1206 2101 1310 2156 pro
1355 2089 1549 2139 nostra
1581 2087 1762 2140 salute
1860 2085 2166 2140 stivitatem
2187 2085 2371 2139 fecisti
2393 2086 2464 2139 ad
2489 2085 2750 2138 laetitiam
2769 2084 2924 2138 beati
2943 2083 3220 2138 Johannis
3240 2100 3480 2154 evange-

162 2180 424 2251 pependit,
459 2182 517 2233 et
547 2179 848 2233 diabolum
884 2178 1280 2249 triumphavit.
1310 2180 1418 2232 Per
1448 2177 1596 2233 hanc
1622 2194 1759 2248 ergo
1858 2177 2022 2244 listaa,
2053 2176 2128 2231 da
2153 2177 2418 2231 Ecclesiae
2444 2181 2555 2230 tuae
2587 2177 2762 2231 etiam
2796 2192 2992 2230 amare
3031 2174 3187 2246 quod
3217 2171 3476 2243 credidit,

1859 1818 2027 1871 XLVI.
2059 1833 2214 1872 mssa
2252 1832 2438 1873 SANCTI
2475 1833 2738 1873 IOHANNIS
2764 1817 2792 1857 δ
2837 1832 3098 1873 Αιδοετοιι
3137 1833 3200 1873 ετ
3239 1831 3475 1873 evmen-

2573 1903 2756 1942 LISTJE.

160 2287 381 2339 crucem,
408 2273 582 2326 malae
601 2271 1080 2342 concupiscentiae
1107 2270 1442 2340 adpetitum,
1460 2270 1612 2339 quod
1635 2271 1760 2324 dul-

1860 2273 1917 2323 et
1944 2268 2254 2340 praedicare
2275 2269 2430 2339 quod
2465 2269 2675 2322 docuit.
2726 2270 2834 2322 Per
2878 2267 3190 2323 Dominum
3222 2271 3477 2322 nostrum

161 2364 281 2418 cedo
315 2364 529 2418 arboris
565 2364 797 2431 inlexit,
831 2361 1154 2418 amaritudo
1191 2361 1339 2415 fellis
1381 2362 1662 2427 coercuit;
1703 2365 1764 2415 et
1855 2361 2048 2416 Iesum
2077 2361 2360 2415 Christum
2385 2360 2590 2415 Filium
2617 2363 2801 2414 tuum.

165 2457 290 2526 gula
316 2456 686 2521 desiderium,
708 2455 863 2526 quod
885 2454 1130 2509 suavitas
1156 2453 1315 2524 pomi
1341 2453 1583 2525 decepit,
1614 2453 1757 2508 aceti

163 2548 408 2618 asperitas
436 2548 774 2603 refrenavit.
800 2549 913 2602 Sal.

815 2633 1083 2682 Collectio.

217 2707 361 2761 Dona
397 2706 582 2771 nobis,
635 2705 1010 2774 omnipotens
1047 2705 1233 2769 Pater,
1283 2719 1387 2774 per
1420 2703 1760 2774 mysterium

160 2799 315 2853 crucis
349 2797 644 2868 Unigeniti
676 2796 783 2863 tui,
812 2800 875 2850 ut
897 2812 1186 2850 venenum
1217 2796 1499 2866 serpentis
1536 2795 1760 2865 antiqui

161 2889 312 2960 (quod
336 2890 598 2944 ﬁdelibus
625 2889 832 2942 nititur
850 2888 1180 2959 propinare)
1211 2904 1314 2958 per
1339 2887 1480 2941 illud
1505 2887 1754 2940 medica-

161 2985 413 3049 mentum,
437 2982 594 3052 quod
617 2980 830 3054 Christi
860 2980 1118 3034 manavit
1141 2981 1339 3046 latere,
1363 2979 1544 3049 possit
1566 2994 1599 3032 a
1623 2979 1759 3033 ﬁde-

160 3073 279 3127 lium
328 3075 654 3145 pectoribus
711 3074 1052 3142 expurgari;
1100 3087 1358 3142 quosque
1408 3071 1756 3141 trangressio

161 3167 398 3236 praecepti
441 3166 512 3219 de
556 3165 835 3220 Paradiso
893 3164 1125 3234 expulit,
1173 3162 1453 3217 confessio
1507 3163 1756 3218 nominis

162 3257 340 3311 Christi
361 3259 417 3311 in
441 3257 720 3312 Paradiso
741 3257 1037 3310 reformat.
1070 3257 1182 3311 Sal.

760 3347 885 3394 Post
913 3345 1143 3394 nomina.

218 3416 442 3470 Domine
484 3419 619 3472 Iesu
651 3417 896 3482 Christe,
931 3416 1030 3486 qui
1061 3416 1117 3469 in
1150 3416 1406 3485 patibulo
1433 3415 1613 3470 crucis
1643 3431 1760 3469 sus-

162 3521 362 3575 pensus,
402 3510 633 3563 Patrem
666 3524 737 3562 ex
783 3509 972 3562 forma
1016 3508 1166 3561 servi
1203 3524 1380 3578 quam
1416 3522 1764 3577 susceperas,

162 3601 211 3651 ut
235 3600 360 3668 quid
397 3604 454 3655 te
495 3600 893 3670 dereliquerit,
926 3599 1280 3666 adclamasti,
1310 3604 1368 3653 et
1402 3603 1462 3652 ut
1499 3615 1762 3668 persecu-

161 3689 352 3746 toribus
379 3692 610 3747 veniam
646 3692 928 3746 tribueret
955 3691 1274 3762 postulasti,
1302 3695 1462 3746 tuam
1486 3691 1766 3760 supplices

161 3780 508 3852 imploramus
529 3784 928 3850 clementiam,
953 3787 1016 3837 ut
1041 3783 1195 3853 quod
1213 3786 1348 3837 tunc
1376 3799 1478 3852 pro
1507 3785 1765 3852 suscepta

161 3875 326 3928 carnis
354 3877 678 3930 humilitate
710 3893 744 3929 a
773 3877 939 3930 Patre
967 3879 1232 3946 expetere
1279 3874 1582 3941 videbaris,
1612 3891 1763 3928 nunc

163 3982 275 4024 cum
304 3969 528 4036 eodem,
555 3985 821 4023 connexa
846 3984 1076 4038 semper
1105 3966 1423 4022 Divinitatis
1458 3969 1762 4038 potestate,

165 4059 450 4115 consistens
473 4063 754 4131 praestare
777 4060 1052 4130 digneris.
1079 4060 1192 4115 Sal.

220 4219 369 4287 Deus,
399 4221 496 4292 qui
525 4147 1429 4286 Ecclesiariidtlfszrflgatholicam,
1459 4235 1632 4291 quam
1667 4223 1762 4274 tuo

161 4315 332 4366 sancto
361 4315 646 4384 sanguine
683 4312 1002 4378 redemisti,
1039 4327 1356 4382 numquam
1393 4311 1762 4382 derelinquis,

163 4402 411 4476 nobisque
442 4405 701 4476 indignis
736 4404 795 4458 in
828 4405 1031 4459 eadem
1060 4403 1528 4458 concurrentibus
1571 4403 1761 4458 crimi-

164 4509 280 4548 num
308 4495 732 4569 indulgentiam
775 4497 1031 4567 placatus
1060 4495 1343 4562 concedis,
1375 4498 1432 4550 et
1465 4495 1563 4566 qui
1589 4496 1762 4550 latro-

164 4586 236 4638 nis
270 4592 449 4644 tecum
494 4590 556 4644 in
591 4606 761 4644 cruce
791 4589 1099 4660 pendentis
1125 4587 1545 4643 confessionem
1566 4587 1767 4658 justiﬁ-

162 4693 274 4732 care
303 4679 569 4752 dignatus
598 4698 680 4747 es,
711 4697 1060 4752 quaesumus,
1096 4683 1160 4734 ut
1190 4679 1452 4736 omnium
1477 4680 1535 4735 in
1554 4682 1613 4733 te
1643 4695 1762 4734 cre-

162 4767 394 4826 dentium
421 4773 600 4827 ﬁdem
623 4789 859 4842 augeas,
883 4773 1258 4844 multiplices;
1287 4775 1345 4827 et
1365 4772 1530 4828 solita
1554 4771 1764 4841 pietate

162 4875 360 4930 pacem,
392 4881 570 4934 quam
617 4864 904 4919 custodire
933 4865 1169 4936 jussisti,
1198 4864 1497 4918 inlibatam
1548 4864 1607 4917 in
1663 4880 1766 4918 nos

162 4968 471 5011 conservare
500 4957 779 5027 digneris.
809 4957 924 5012 Sal.

773 5043 1106 5093 Contestutio.

221 5111 454 5184 Dignum
481 5117 539 5170 et
555 5115 781 5188 justum
807 5117 910 5182 est,
936 5115 1305 5186 omnipotens
1344 5114 1510 5180 Deus,
1544 5113 1646 5168 tibi
1677 5130 1762 5168 sa-

160 5203 476 5262 criﬁciorum
520 5211 659 5263 vota
698 5209 1043 5279 persolvere,
1076 5210 1133 5260 te
1165 5207 1224 5260 in
1254 5206 1438 5260 laudis
1478 5206 1766 5276 prmeonio

163 5294 539 5353 indesinenter
562 5300 864 5365 adtollere,
886 5315 950 5353 ac
969 5298 1285 5369 utriusque,
1303 5302 1360 5352 et
1383 5298 1529 5352 illius
1555 5298 1770 5353 scilicet

162 5383 471 5444 habitatoris
499 5391 778 5464 paradisi,
815 5394 872 5446 et
897 5391 1056 5445 istius
1093 5391 1494 5461 Redemptoris
1530 5390 1767 5449 humani

165 5482 366 5546 generis
391 5486 659 5556 exempla
685 5499 1028 5556 proponere.
1061 5484 1158 5539 Ille
1190 5483 1424 5554 quidem
1459 5483 1634 5552 prior,
1667 5483 1768 5538 sed

165 5569 253 5625 iste
277 5578 503 5644 melior;
538 5579 639 5632 ille
671 5580 954 5643 terrenus,
985 5576 1088 5630 iste
1120 5575 1386 5641 caelestis;
1412 5575 1508 5629 ille
1534 5575 1604 5628 de
1625 5575 1768 5629 limo

163 5663 342 5734 factus,
366 5669 468 5726 iste
496 5669 678 5726 verba
706 5670 1200 5742 conceptus.Tunc
1215 5668 1443 5723 diabolo
1463 5667 1763 5736 suadente,

224 5793 245 5822 ι
285 5782 394 5855 Hoc
438 5785 652 5839 festum
699 5785 838 5839 item
877 5784 1273 5855 prescriptum
1319 5786 1402 5837 est
1449 5782 1508 5836 in
1552 5781 1766 5838 Ordine

167 5849 514 5922 Gregoriano.

2527 2465 2800 2515 Collectio.

1929 2553 2096 2617 Deus,
2117 2550 2212 2621 qui
2236 2566 2339 2621 per
2365 2566 2427 2604 os
2451 2549 2604 2603 beati
2627 2549 2903 2604 Johannis
2924 2547 3286 2620 evangelista
3307 2549 3477 2604 Verbi

1858 2643 1941 2697 tui
1969 2660 2176 2697 arcana
2200 2642 2485 2708 reserasti,
2513 2626 2738 2711 prmsta,
2763 2657 3102 2711 quaesumus,
3125 2644 3189 2696 ut
3210 2641 3364 2712 quod
3382 2641 3476 2696 ille

1859 2736 2065 2789 nostris
2112 2735 2341 2788 auribus
2395 2734 2734 2787 excellenter
2786 2732 3024 2799 infudit,
3075 2732 3476 2804 intelligentia

1858 2827 2210 2897 competenti
2240 2826 2558 2881 eruditione
2590 2825 2900 2896 capiamus.
2931 2826 3058 2878 Per.

2469 2931 2590 2981 Post
2624 2930 2855 2980 nomine.

1925 3018 2154 3082 Praesta,
2177 3015 2541 3086 omnipotens
2557 3017 2724 3082 Deus,
2750 3019 2811 3069 ut
2829 3014 3080 3070 Verbum
3095 3029 3225 3070 caro
3242 3014 3476 3079 factum,

1858 3109 2011 3180 quod
2031 3109 2233 3162 beatus
2245 3108 2536 3163 Iohannes
2553 3108 2900 3178 evangelista
2918 3106 3266 3178 praedicavit,
3283 3121 3386 3178 per
3400 3105 3481 3161 in-

1780 3208 1836 3282 C
1857 3201 2213 3255 tercessionis
2234 3217 2347 3255 suae
2374 3200 2704 3271 presidium
2725 3200 2942 3255 habitet
2964 3216 3192 3270 semper
3210 3199 3268 3253 in
3291 3197 3473 3253 nobis.

1861 3295 1984 3349 Per.

2508 3361 2584 3410 Ad
2625 3375 2830 3426 pacem.

1931 3449 2134 3501 Pacem
2161 3449 2338 3512 tuam,
2369 3444 2628 3512 Domine,
2658 3446 2727 3499 de
2759 3446 2892 3499 caelo
2930 3445 3003 3498 da
3029 3444 3225 3509 nobis;
3258 3447 3313 3497 et
3341 3459 3472 3514 pos-

1864 3539 1983 3593 side
2011 3555 2132 3605 nos,
2167 3541 2230 3591 ut
2266 3554 2382 3591 non
2410 3539 2624 3591 haereat
2659 3537 2720 3590 in
2752 3537 3060 3590 visceribus
3088 3535 3294 3590 nostris
3322 3535 3475 3589 frau-

1864 3631 2127 3685 dulentus
2154 3630 2375 3684 osculus
2399 3628 2736 3698 proditoris;
2760 3629 2862 3682 sed
2885 3643 2993 3698 pax
3017 3627 3132 3693 illa,
3162 3642 3336 3697 quam
3367 3625 3479 3680 tuis

1862 3721 2139 3792 reliquisti
2172 3721 2480 3790 discipulis,
2509 3734 2739 3790 semper
2771 3719 3013 3774 inlibata
3044 3721 3385 3790 permaneat
3417 3717 3477 3774 in

1863 3814 2126 3869 cordibus
2153 3812 2379 3867 nostris.
2410 3813 2536 3867 Per.

2523 3915 2829 3965 lmmolutio.

1931 4005 2072 4056 Vere
2092 4002 2332 4072 dignum
2352 4003 2410 4054 et
2418 4001 2636 4070 justum
2660 4002 2764 4066 est,
2788 4015 3017 4069 aequum
3037 4001 3095 4053 et
3113 3999 3363 4053 salutare
3374 4001 3482 4063 est,

1864 4112 1968 4151 nos
1995 4095 2117 4161 tibi,
2148 4093 2512 4163 omnipotens
2539 4093 2706 4158 Deus,
2737 4091 2948 4162 gratias
2983 4108 3174 4163 agere,
3205 4091 3362 4144 beati
3385 4091 3480 4145 Io-

1864 4188 2072 4243 hannis
2087 4186 2329 4257 apostoli
2345 4185 2428 4239 tui
2445 4189 2501 4240 et
2514 4201 2655 4239 evan
2663 4184 2878 4254 gelistse
2897 4183 3110 4238 natalia
3124 4183 3480 4236 venerantes.

1865 4280 1972 4344 Qui
2007 4279 2240 4334 Domini
2275 4278 2454 4333 nostri
2491 4279 2626 4332 Iesu
2660 4277 2867 4330 Christi
2905 4275 3032 4330 Filii
3068 4275 3149 4329 tui
3184 4274 3482 4330 vocatione

1865 4375 2142 4442 suscepta,
2156 4375 2451 4424 terrenum
2466 4369 2684 4439 respuit
2698 4371 2924 4438 patrem
2939 4370 3002 4421 ut
3020 4369 3212 4437 posset
3225 4366 3484 4420 invenire
3571 4377 3574 4380 ‘

1865 4465 2166 4518 caelestem.
2193 4461 2356 4516 Retia
2382 4461 2569 4514 saeculi
2595 4460 2798 4530 quibus
2827 4459 3231 4528 implicabatur
3254 4457 3482 4526 abjecit,

1785 4560 1845 4634 Β
1867 4559 1929 4610 ut
1955 4554 2290 4610 aeternitatis
2318 4553 2471 4608 dona
2495 4556 2690 4606 mente
2718 4551 2898 4605 libera
2925 4553 3254 4604 sectaretur.
3279 4550 3484 4604 Natan-

1863 4653 1982 4703 tem
2005 4649 2064 4702 in
2093 4646 2356 4702 ﬂuctibus
2378 4661 2582 4699 navem
2600 4643 2854 4714 reliquit,
2877 4645 2940 4697 ut
2960 4642 3352 4698 ecclesiasticae
3379 4658 3480 4712 gu-

1865 4739 2216 4796 bernationis
2241 4737 2652 4808 tranquillitate
2686 4736 3042 4792 consisteret.
3063 4737 3109 4788 A
3127 4735 3368 4805 piscium
3397 4750 3485 4789 ca-

1865 4834 2060 4905 ptione
2087 4831 2342 4897 cessavit,
2366 4833 2430 4884 ut
2459 4829 2679 4884 animas
2707 4827 3016 4883 mundanis
3041 4826 3359 4897 gurgitibus
3381 4827 3487 4879 im-

1869 4942 2087 4980 mersae
2114 4926 2338 4979 calamo
2371 4922 2645 4977 doctrinm
2676 4921 2937 4976 salutaris
2961 4919 3334 4974 abstraheret.
3356 4919 3490 4972 Des-

1868 5019 1984 5072 titit
2021 5017 2210 5088 pelagi
2243 5015 2528 5086 profunda
2562 5013 2783 5078 rimari,
2820 5015 3170 5066 secretorum
3206 5013 3487 5064 scrutator

1867 5111 2127 5164 redditur
2163 5108 2514 5172 divino-rum;
2553 5123 2622 5160 eo
2659 5122 2836 5176 usque
2872 5103 3209 5174 procedens,
3238 5106 3301 5157 ut
3342 5106 3400 5158 et
3427 5103 3486 5157 in

1869 5219 2044 5257 cmnm
2076 5201 2330 5272 mysticus
2364 5201 2726 5252 sacrosancto
2765 5195 3020 5250 convivio
3054 5195 3228 5266 ipsius
3260 5211 3490 5250 recum-

1868 5295 2029 5348 beret
2057 5295 2288 5364 pectore
2321 5291 2644 5355 Salvatoris,
2680 5292 2737 5342 et
2767 5305 2899 5342 eum
2927 5289 2986 5342 in
3020 5305 3182 5341 cruce
3212 5288 3488 5342 Dominus

1869 5386 2206 5440 constitutus
2252 5383 2526 5437 vicarium
2571 5381 2656 5436 sui
2701 5378 2968 5452 Magistri,
3015 5379 3260 5450 Virginis
3309 5380 3487 5434 ﬁlium

1869 5479 2236 5550 subrogaret;
2264 5480 2319 5530 et
2339 5476 2397 5530 in
2428 5474 2706 5546 principio
2732 5474 2999 5540 Verbum,
3025 5473 3179 5544 quod
3200 5474 3346 5528 Deus
3366 5474 3489 5526 erat

1869 5572 2022 5642 apud
2071 5573 2272 5639 Deum,
2328 5570 2447 5640 ipse
2500 5585 2616 5639 pra:
2669 5566 2861 5639 263
2915 5565 3118 5621 ceteris
3162 5565 3487 5620 ostenderet

1868 5664 2258 5735 praedicando,
2287 5679 2389 5735 per
2417 5660 2702 5716 Christum
2728 5659 3040 5715 Dominum
3066 5661 3341 5713 nostrum.

1940 5780 1968 5823 δ
1995 5779 2082 5834 Ad
2111 5782 2339 5850 portam
2367 5776 2628 5832 Latinam
2653 5777 3025 5848 appellamus.
