3976 6420
169 372 263 426 289

1241 373 1327 429 DE
1365 373 1674 430 LITURGIA
1709 375 2076 431 GALLICANA
2113 376 2309 431 LIBER
2346 373 2432 432 III.

3415 379 3516 435 290

165 479 441 537 inlecebra
476 487 894 555 pragravatus,
933 482 1043 538 nisi
1086 501 1118 536 a
1155 489 1209 538 te
1239 485 1440 555 jejunii
1485 486 1799 556 expiatione
1819 500 1877 570 Α
1900 487 2180 555 omnibus,
2219 505 2558 559 quasumus,
2586 487 2958 560 benedictam,
2986 481 3304 560 ascriptam.
3333 491 3402 546 Et
3429 507 3513 544 re-

165 574 327 628 fuerit
351 573 722 644 inlustratus,
745 577 1023 648 agnoscit,
1052 577 1196 648 pelle
1213 578 1281 632 de
1311 578 1573 632 cordibus
1598 580 1801 636 nostris

164 683 285 722 cum
313 667 671 723 abstinentia
692 670 921 724 turbam
946 669 1211 724 vitiorum
1227 671 1294 724 de
1313 671 1580 740 ingluvia
1607 674 1802 727 saturi-

165 765 268 813 tate
305 759 702 830 gignentium,
731 767 800 816 ut
824 779 967 832 pura
993 762 1094 816 tibi
1120 763 1322 816 serviat
1346 763 1514 817 etiam
1544 770 1673 834 post
1699 781 1797 819 ex-

163 857 340 905 actum
358 852 692 922 jujunium,
721 870 893 925 quam
911 859 975 908 tu
1003 854 1281 925 propitius
1304 855 1618 924 donaveris,
1641 857 1800 911 devo-

163 945 235 998 tio
259 944 546 999 novitatis.
578 948 708 1000 Per.

850 1016 1119 1065 Collectio.

225 1093 344 1146 Jam
369 1092 429 1146 in
455 1092 720 1148 triduani
737 1094 946 1164 jejunii
971 1095 1083 1150 ﬁne
1111 1096 1389 1163 conclusa,
1420 1096 1797 1154 sinceritatem

163 1190 327 1251 tuam,
387 1185 668 1254 Domine,
717 1185 1090 1257 deprecamur
1125 1188 1185 1241 in
1230 1188 1530 1243 visceribus
1571 1191 1794 1258 nostris,

162 1277 534 1332 maceratione
549 1278 634 1348 jej
646 1278 763 1331 unii
798 1279 1054 1347 adﬂictis,
1075 1280 1370 1350 advenire;
1402 1286 1456 1335 et
1474 1286 1539 1336 ut
1564 1283 1631 1336 de
1658 1283 1796 1336 atria

162 1378 251 1428 tua
276 1379 468 1427 sancta
497 1374 776 1428 exaudias
805 1381 1122 1446 peccatores
1151 1376 1209 1430 in
1239 1377 1496 1448 squalore
1535 1378 1792 1432 miseria-

164 1482 284 1521 rum
321 1465 584 1537 jacentes
630 1484 930 1538 rogamus;
970 1472 1032 1521 ut
1069 1467 1164 1522 des
1202 1469 1363 1522 nobis
1404 1469 1621 1523 fontem
1664 1487 1791 1540 gra-

163 1559 359 1612 tiarum
405 1564 682 1628 tuarum,
726 1565 782 1614 et
809 1559 1022 1630 pandas
1061 1559 1168 1614 iter
1201 1578 1312 1631 quo
1350 1566 1474 1632 post
1512 1562 1793 1632 jejunium

163 1666 409 1705 escarum
429 1651 755 1705 carnalium
783 1651 898 1705 itur
923 1651 993 1705 ad
1019 1650 1380 1707 refectionem
1405 1669 1624 1723 pascua
1653 1671 1794 1708 sem-

162 1743 456 1812 piternam.
486 1745 625 1797 Per.

787 1813 910 1861 Post
932 1811 1161 1862 nomina.

224 1892 643 1962 Jejunantium,
666 1891 921 1960 Domine,
951 1901 1295 1962 quasumus,
1327 1893 1645 1964 supplicum
1664 1899 1790 1949 vota
1812 1852 1867 1922 B

162 1985 426 2055 propitius
452 1985 722 2052 intuere;
754 1988 810 2038 et
836 2000 1072 2038 munera
1097 1985 1395 2055 prasentia
1421 1987 1787 2056 sanctiﬁcans,

162 2093 256 2146 per
280 2076 717 2147 perceptionem
747 2093 945 2131 eorum
973 2077 1186 2130 occulta
1215 2077 1394 2131 cordis
1422 2078 1599 2132 nostri
1618 2095 1792 2132 reme-

162 2167 247 2220 dia
293 2174 402 2222 tua
443 2168 696 2223 clariﬁca
739 2168 966 2238 pietatis
1009 2185 1021 2222 :
1067 2173 1132 2222 ut
1181 2185 1349 2238 opera
1390 2170 1634 2224 carnalia
1690 2187 1792 2224 nec

163 2261 303 2314 ﬂuxa
343 2278 447 2314 nos
485 2265 747 2329 teneant,
791 2277 931 2331 quos
973 2260 1261 2315 institutor
1289 2261 1489 2331 jejunii
1543 2262 1791 2317 Christus

162 2354 427 2424 reparavit
456 2352 816 2424 redemptor.
845 2355 969 2408 Per.

829 2444 904 2494 Ad
931 2457 1132 2506 pacem.

232 2525 389 2593 Deus,
445 2523 548 2596 qui
602 2525 1104 2595 intemperantiam
1142 2521 1443 2578 saturitatis
1476 2528 1587 2577 tua
1629 2522 1792 2577 absti-

167 2617 361 2670 nentia
411 2616 772 2670 dedicatione
802 2616 1098 2686 superasti,
1121 2620 1177 2669 et
1201 2615 1509 2686 puritatem
1535 2614 1789 2668 castimo-

167 2707 283 2774 nia,
310 2713 373 2762 ut
398 2707 788 2779 cognoscaris,
818 2707 1046 2774 dedisti;
1095 2722 1324 2761 serenus
1363 2722 1466 2759 nos
1499 2711 1596 2760 tuo
1637 2706 1792 2760 vultu

169 2800 539 2871 circumspice,
570 2805 633 2854 et
651 2799 1040 2869 jejunantibus
1065 2815 1260 2869 pacem
1286 2799 1528 2868 proximi
1554 2803 1609 2852 et
1636 2802 1792 2852 tuam

167 2889 406 2964 largiaris
421 2912 437 2962 ;
480 2909 667 2963 quam
706 2892 776 2946 ad
802 2894 1026 2946 Patrem
1052 2891 1374 2961 ascendens,
1409 2887 1600 2963 266
1629 2891 1789 2945 nobis

169 2983 430 3057 reliquisti
459 2984 814 3040 sectandam.
843 2985 967 3038 Per.

813 3073 1122 3123 Immolatio.

231 3155 359 3210 Vere
394 3156 644 3226 dignum
678 3159 733 3208 et
759 3154 980 3225 justum
1027 3159 1127 3223 est,
1157 3155 1400 3225 satisque
1431 3159 1515 3208 est
1551 3153 1787 3224 dignum

1903 581 2072 649 liqua.

1898 686 1958 740 L.
2003 703 2393 743 COLLECTIONES
2431 705 2486 742 IN
2536 704 2923 744 ROGATIONIBUS
2975 705 3074 743 PER
3119 704 3339 743 DIVERSA
3383 703 3517 744 LOCA

2543 775 2881 814 SANCTORUM.

2371 848 2427 895 In
2454 850 2633 895 sancto
2663 847 2814 894 Petro
2840 859 2978 894 nunc
2993 847 3038 892 ⁸.

1969 917 2111 971 Deus
2131 919 2413 990 refugium
2427 936 2760 990 pauperum,
2777 936 2901 990 spes
2917 918 3238 988 humilium,
3253 920 3512 992 salusque

1897 1008 2250 1078 miserorum,
2291 1011 2696 1066 interveniente
2721 1028 2824 1082 pro
2852 1011 3015 1065 nobis
3039 1011 3358 1065 beatissimo
3387 1012 3511 1066 fun-

1896 1100 2088 1155 datore
2116 1102 2369 1156 Ecclesia
2395 1109 2504 1158 tua
2527 1106 2710 1170 Petro,
2738 1103 3168 1174 supplicationes
3196 1104 3511 1174 supplicum

1895 1197 2123 1246 tuorum
2141 1193 2199 1247 in
2227 1195 2314 1248 die
2338 1196 2584 1249 triduani
2605 1197 2776 1266 hujus
2795 1195 2998 1266 jejunii
3018 1197 3324 1251 clementer
3350 1213 3511 1251 exau-

1896 1284 1982 1352 di;
2024 1288 2080 1338 et
2117 1287 2578 1357 tranquillitatem
2617 1305 2650 1341 a
2691 1287 2839 1341 vitiis
2878 1289 3089 1358 pariter
3151 1293 3207 1343 et
3258 1289 3511 1343 hostibus

1893 1377 2099 1430 nostris
2119 1379 2358 1432 concede
2384 1380 2750 1450 temporibus,
2781 1385 2845 1433 ut
2881 1397 3021 1451 quos
3051 1379 3273 1450 justitia
3312 1381 3507 1450 ﬂagel-

1893 1467 2076 1522 lorum
2103 1475 2328 1524 tuorum
2341 1472 2492 1541 juste
2507 1472 2689 1526 facere
2710 1476 2891 1542 potest
2906 1488 3022 1526 esse
3049 1472 3316 1541 adﬂictos,
3338 1473 3512 1527 abun-

1894 1560 2079 1615 dantia
2107 1563 2499 1618 misericordiae
2527 1569 2654 1633 tua,
2683 1565 2803 1635 ipso
2822 1564 2984 1620 beato
3013 1566 3174 1620 Petro
3201 1565 3505 1633 obtinente,

1891 1652 2056 1707 faciat
2084 1655 2411 1711 consolatos.
2433 1659 2555 1712 Per.

1961 1820 2321 1890 Omnipotens
2364 1749 2920 1892 sempitgglizalcl’eus,
2976 1823 3074 1893 qui
3131 1823 3290 1877 beato
3346 1825 3509 1878 Petro

1888 1913 2155 1981 apostolo,
2199 1914 2431 1967 conlatis
2473 1914 2717 1968 clavibus
2754 1914 2916 1985 regni
2945 1915 3196 1984 calestis,
3230 1916 3444 1970 animas
3484 1916 3510 1955 ι)

1888 2003 2102 2073 ligandi
2127 2009 2294 2075 atque
2323 2006 2571 2060 solvendi
2599 2005 2786 2077 267
2819 2007 3167 2076 pontiﬁcium
3212 2008 3507 2074 tradidisti,

1891 2097 2092 2149 exaudi
2116 2097 2393 2167 propitius
2415 2113 2609 2168 preces
2636 2102 2852 2150 nostras
2877 2098 2936 2151 in
2967 2098 3055 2151 die
3076 2098 3279 2168 jejunii
3316 2099 3507 2169 hujus,

1892 2192 1948 2241 et
1988 2187 2382 2243 intercessione
2426 2189 2566 2258 ejus,
2603 2205 2945 2259 quasumus,
2986 2194 3052 2244 ut
3088 2206 3121 2243 a
3153 2195 3508 2259 peccatorum

1889 2284 2210 2334 nostrorum
2234 2281 2470 2334 nexibus
2495 2280 2820 2336 liberemur.
2852 2283 2976 2335 Per.

2342 2372 2589 2421 Collectio
2609 2373 2663 2421 in
2686 2376 2864 2422 sancto
2889 2373 3064 2421 Paulo.

1961 2446 2112 2512 Vide,
2143 2446 2394 2511 Domine,
2435 2462 2777 2516 quasumus,
2807 2446 3192 2500 inﬁrmitatem
3221 2450 3505 2517 nostram;

1890 2541 1946 2592 et
1974 2537 2030 2591 in
2047 2537 2241 2592 diebus
2260 2537 2609 2608 jejuniorum
2649 2538 2904 2604 istorum,
2948 2555 3088 2608 quos
3126 2538 3274 2592 trina
3308 2556 3503 2594 conse-

1890 2630 2060 2685 cratio
2103 2629 2250 2683 trino
2296 2646 2532 2684 numero
2591 2630 2722 2684 facit
2766 2635 3037 2698 extensos,
3101 2631 3506 2686 interveniente

1888 2722 2049 2776 beato
2085 2723 2330 2792 apostolo
2366 2729 2462 2776 tuo
2495 2723 2684 2789 Paulo,
2720 2723 2898 2777 celere
2932 2723 3092 2776 nobis
3128 2724 3336 2793 pietate
3375 2739 3501 2778 suc-

1889 2831 2052 2869 curre
2075 2833 2088 2868 :
2129 2820 2192 2869 ut
2219 2831 2358 2885 quos
2375 2815 2595 2885 justitia
2622 2814 2873 2886 corripis,
2903 2815 3280 2870 misericordia
3303 2832 3499 2871 conso-

1888 2907 2037 2962 leris.
2065 2909 2188 2962 Per.

2491 2976 2618 3026 Item
2645 2976 2901 3040 cpllectio.

1958 3050 2190 3120 Exaudi,
2224 3050 2454 3106 Domine
2479 3068 2822 3122 quaesumus,
2854 3049 3128 3122 gemitum
3152 3054 3411 3107 nostrum
3443 3053 3504 3108 in

1888 3143 2083 3197 diebus
2113 3143 2462 3214 jejuniorum
2499 3144 2648 3198 trino
2684 3160 2924 3198 numero
2962 3145 3218 3198 Trinitati
3255 3151 3495 3199 sacrato-

248 3201 359 3210 ""'"
397 3201 644 3226 “Ὀ⁸⁶““““’
680 3201 733 3208 *⁷
759 3201 980 3225 δ“““”“““’“
1030 3201 1127 3223 *⁷⁷1
1157 3201 1400 3225 '“""1""
1435 3201 1515 3208 "'
1555 3201 1787 3224 “”“Ο““““-
2113 3201 2134 3213 ν
2168 3201 2189 3214 ν

168 3252 217 3302 te
265 3249 443 3303 solum
472 3266 504 3302 a
527 3247 927 3320 jejunantibus,
965 3263 1241 3318 quaerere,
1284 3246 1382 3317 qui
1425 3262 1482 3300 es
1517 3201 1861 3316 magisterc
1886 3252 2044 3304 rum;
2075 3242 2130 3290 et
2170 3236 2548 3291 intercedente
2581 3237 2743 3291 beato
2784 3237 2955 3291 Paulo
2997 3237 3267 3308 magistro
3311 3243 3502 3293 nostro

169 3339 528 3408 abstinentia,
578 3345 640 3394 et
686 3339 1047 3394 continentia
1092 3343 1483 3393 remunerator
1532 3343 1780 3392 aeterne:

171 3433 362 3504 quique
387 3451 418 3487 a
429 3433 849 3504 jejunantibus,
868 3431 1032 3486 ﬁdele
1046 3436 1266 3485 tantum
1285 3430 1450 3485 corde
1464 3433 1782 3501 exposcunt,

171 3525 425 3597 abstergis
452 3541 691 3580 omnem
707 3524 1010 3593 maculam,
1040 3541 1210 3594 quam
1236 3524 1493 3578 saturitas
1510 3523 1788 3578 contrahit

171 3616 437 3673 indecens.
469 3619 583 3673 Hoc
616 3617 811 3688 itaque
838 3621 1092 3671 sanctum
1123 3617 1408 3686 jejunium
1439 3615 1502 3669 in
1535 3615 1787 3669 Leviticis

169 3711 400 3780 apicibus
430 3728 534 3783 per
557 3711 845 3765 famulum
869 3713 1033 3763 tuum
1074 3710 1297 3779 Moysen
1339 3707 1648 3762 evidentius
1686 3708 1783 3762 de-

172 3801 373 3858 clarasti
413 3821 425 3858 :
476 3803 538 3858 in
579 3819 698 3874 quo
729 3801 944 3872 jussisti
985 3806 1046 3855 ut
1091 3801 1520 3854 humiliaremus
1571 3800 1786 3854 animas

172 3899 388 3963 nostras,
417 3913 488 3950 ne
520 3895 1060 3961 exterminaremur,
1089 3894 1232 3947 sicut
1269 3909 1364 3946 esu
1393 3893 1537 3962 gula
1567 3892 1786 3946 deditus

172 3989 394 4058 populus
423 3984 861 4043 exterminatur.
899 3986 1056 4050 Quod
1085 3986 1253 4040 etiam
1277 3985 1437 4038 nobis
1457 3984 1787 4054 Unigenitus

171 4083 287 4133 tuus
313 4079 391 4135 ita
415 4079 792 4135 sanctiﬁcavit
825 4078 1135 4149 implendo,
1165 4082 1219 4132 et
1237 4081 1300 4131 ut
1324 4093 1566 4148 regnum
1592 4077 1784 4147 perdi-

172 4175 277 4225 tum
294 4189 392 4243 per
398 4173 693 4244 jejunium
718 4171 1008 4242 panderet,
1028 4176 1084 4224 et
1100 4170 1339 4240 peccatis
1361 4170 1583 4224 veniam
1605 4169 1782 4224 daret.

174 4263 232 4318 Et
253 4264 370 4319 ideo
414 4283 542 4336 qua
584 4263 883 4319 instituisti
921 4261 1141 4333 jejunia
1189 4261 1404 4332 suscipe
1439 4261 1640 4328 libens,
1685 4277 1788 4331 per

175 4371 231 4410 ea
256 4374 404 4412 nosa
447 4359 703 4412 reatibus
746 4355 960 4410 cunctis
1003 4354 1314 4424 absolvens,
1357 4370 1459 4426 per
1501 4353 1786 4409 Christum

176 4447 455 4506 Dominum
483 4454 768 4506 nostrum.

236 4545 348 4599 Post
370 4546 604 4600 Sanctus
623 4559 726 4614 per
756 4547 896 4597 totas
925 4546 1028 4596 tres
1053 4544 1241 4595 missas
1271 4541 1406 4594 dicis
1437 4558 1452 4593 :

238 4635 375 4690 Hanc
399 4637 578 4708 igitur
604 4635 948 4691 oblationem
973 4633 1203 4688 familia
1232 4637 1345 4686 tua
1367 4631 1468 4685 tibi
1496 4631 1783 4699 adstantis,

177 4742 400 4797 quorum
422 4731 528 4785 tibi
553 4730 691 4783 ﬁdes
721 4728 947 4798 cognita
971 4731 1073 4794 est,
1104 4730 1160 4780 et
1185 4729 1318 4780 nota
1344 4724 1582 4793 devotio,
1616 4739 1788 4794 quam

179 4820 267 4874 tibi
288 4823 526 4877 offerunt
561 4838 666 4893 pro
702 4821 995 4875 devotione
1029 4819 1351 4873 animorum
1387 4833 1639 4884 suorum,
1684 4833 1786 4887 pro

177 4928 401 4982 quorum
419 4916 522 4970 tibi
547 4913 766 4986 placitis
794 4911 1081 4968 desideriis
1121 4910 1524 4981 supplicamus,
1570 4924 1788 4964 memor

179 5019 282 5059 esse
318 5008 574 5078 dignare,
629 5006 884 5074 Domine,
931 5010 1116 5059 sancte
1153 5006 1334 5069 Pater,
1373 5007 1580 5056 aeterne
1621 5002 1782 5070 Deus,

182 5097 232 5150 in
255 5099 441 5154 diebus
461 5101 816 5172 jejuniorum
844 5098 1116 5168 ipsorum,
1148 5101 1212 5150 ut
1236 5112 1268 5149 a
1292 5095 1504 5149 cunctis
1533 5109 1625 5148 eos
1653 5109 1784 5164 pec-

180 5191 301 5244 catis
322 5193 624 5264 abstergas,
655 5197 711 5246 et
734 5191 1024 5245 residuum
1042 5188 1331 5260 temporis,
1361 5203 1472 5258 quo
1492 5187 1572 5240 eis
1597 5186 1787 5239 alimo‘

181 5283 390 5340 niorum
415 5286 701 5357 perceptio
730 5283 1084 5351 concedetur,
1121 5282 1198 5336 ita
1223 5297 1316 5335 eos
1344 5294 1671 5335 conservare
1700 5278 1784 5332 di-

184 5379 372 5448 gneris,
402 5385 462 5433 ut
490 5379 736 5434 sobriam
763 5377 936 5430 vitam
962 5374 1248 5444 habentes,
1285 5389 1401 5427 non
1437 5372 1788 5426 involvantur

183 5475 515 5537 peccatorum
543 5471 757 5542 laqueis
782 5470 851 5524 ab
873 5467 1052 5538 epulis
1077 5465 1346 5532 excitatis,
1371 5481 1472 5534 per
1503 5463 1787 5518 Christum

185 5558 466 5620 Dominum
517 5569 799 5620 nostrum.
841 5562 1022 5626 Quam
1059 5559 1399 5613 oblationem
1444 5561 1507 5610 tu
1549 5557 1695 5610 Deus
1727 5555 1787 5609 in

246 5703 269 5780 ξ
301 5708 421 5762 Hac
460 5707 739 5780 particula
773 5717 912 5760 nunc
957 5701 1164 5775 passim
1205 5697 1446 5754 occurrit
1482 5696 1542 5751 iu
1586 5695 1789 5751 Missali

187 5773 676 5905 illiovetustis
701 5846 826 5902 aliis
854 5846 978 5901 Mss.
1016 5844 1077 5898 in
1113 5842 1351 5898 Collecta
1397 5855 1496 5894 seu
1539 5836 1786 5892 oratione

1883 3334 2051 3400 atque
2088 3328 2329 3398 doctore,
2378 3345 2719 3399 quasumus,
2762 3346 2834 3384 ne
2872 3331 3022 3400 apud
3066 3335 3120 3384 te
3164 3331 3288 3401 plus
3328 3331 3505 3385 valeat

1887 3420 2116 3475 offensio
2143 3420 2614 3491 delinquentium,
2646 3437 2817 3492 quam
2842 3421 3124 3477 miseratio
3145 3425 3260 3492 tua,
3285 3438 3506 3492 semper

1885 3513 2102 3568 indulta
2119 3513 2341 3569 ﬂetibus
2361 3512 2815 3582 supplicantium.
2843 3514 2968 3568 Per.

2319 3600 2488 3650 Oratio
2513 3601 2565 3649 in
2590 3605 2766 3650 sancto
2791 3602 3068 3664 Stephano.

1952 3677 2177 3744 Prasta,
2196 3691 2538 3746 quasumus,
2559 3675 2911 3744 omnipotens
2936 3680 2992 3729 et
3009 3675 3322 3730 misericors
3333 3675 3498 3748 Deus,

1885 3773 1948 3823 ut
1965 3767 2249 3838 fragilitati
2276 3773 2479 3822 nostra
2503 3767 2737 3821 adﬂicta
2762 3767 2822 3821 in
2850 3767 3044 3822 diebus
3078 3769 3314 3823 istorum
3343 3769 3497 3841 jeju-

1883 3861 2107 3915 niorum
2143 3861 2475 3931 magniﬁcus
2500 3861 2665 3915 levita
2685 3877 2747 3914 ac
2775 3860 2970 3914 beatus
2994 3861 3310 3931 Stephanus
3336 3864 3498 3917 auxi-

1884 3954 2021 4008 lium
2042 3954 2464 4009 interventionis
2491 3953 2783 4008 exhibeat:
2811 3953 2909 4024 qui
2932 3953 3180 4009 imitator
3206 3955 3499 4010 dominica

1883 4047 2152 4118 passionis
2187 4051 2243 4102 et
2265 4047 2506 4117 pietatis,
2539 4046 2757 4117 primus
2783 4046 2843 4100 in
2869 4062 3066 4102 cruore
3094 4049 3347 4119 martyrii
3375 4049 3495 4104 eni-

1884 4140 2023 4209 tuit;
2068 4146 2124 4195 et
2157 4157 2379 4211 semper
2423 4140 2492 4194 sit
2528 4141 2808 4211 perfectus
2841 4139 3194 4212 suffragator,
3226 4146 3413 4213 atque,
3444 4147 3498 4197 te

1884 4233 2240 4303 concedente,
2271 4237 2563 4304 promptus
2590 4233 2830 4303 adjutor.
2860 4233 2981 4288 Per.

2484 4325 2611 4373 Item
2637 4324 2895 4373 collectio.

1955 4400 2149 4454 Preces
2186 4402 2403 4454 nostras
2447 4398 2508 4452 in
2551 4398 2656 4451 hoc
2683 4397 2902 4467 jejunio
2940 4402 3245 4467 protentas,
3275 4415 3498 4470 quasu—

1885 4509 2031 4558 mus,
2061 4491 2313 4558 Domine,
2341 4489 2487 4544 beati
2513 4489 2692 4543 levita
2718 4494 2774 4542 et
2811 4489 3073 4558 martyris
3112 4489 3195 4543 tui
3234 4490 3500 4561 Stephani

1885 4589 2256 4656 prosequatur
2291 4582 2495 4650 oratio;
2529 4586 2584 4634 et
2606 4585 2670 4634 ut
2687 4580 2831 4634 adsit
2867 4580 3028 4634 nobis
3066 4582 3300 4637 adﬂictis
3335 4584 3497 4640 mise-

1885 4677 2125 4732 ricordia
2147 4681 2263 4745 tua,
2296 4675 2416 4744 ejus
2440 4673 2696 4744 precibus
2723 4673 3075 4743 adjuvemur.
3104 4676 3228 4730 Per.

2334 4766 2503 4816 Oratio
2530 4765 2584 4815 in
2608 4769 2786 4815 sancto
2814 4766 3049 4816 Martino.

1955 4843 2182 4914 Porrige
2238 4842 2522 4896 dexteram
2572 4845 2759 4910 tuam,
2822 4856 3172 4911 quasumus,
3226 4841 3492 4912 Domine,

1884 4937 2034 5008 plebi
2060 4943 2194 5003 tua,
2224 4936 2283 4990 in
2311 4935 2399 4989 die
2418 4934 2768 5004 jejuniorum
2796 4949 3026 4987 suorum
3059 4933 3498 4988 misericordiam

1884 5029 2220 5100 postulanti;
2261 5033 2344 5093 ut,
2388 5027 2766 5082 intercedente
2795 5025 2955 5080 beato
2981 5026 3233 5096 Martino,
3257 5031 3498 5082 terrores

1884 5122 2242 5176 imminentes
2274 5120 2636 5188 declinemus,
2666 5123 2722 5174 et
2766 5119 2959 5173 solatia
3001 5118 3127 5172 vita
3164 5119 3495 5173 immortali-

1884 5215 2013 5268 tatis
2037 5214 2390 5283 accipiamus,
2421 5217 2476 5268 et
2509 5211 2849 5283 sempiterna
2889 5211 3093 5282 gaudia
3136 5213 3499 5284 comprehen-

1885 5307 2102 5362 damus.
2135 5307 2257 5361 Per.

2559 5375 2684 5424 Item
2711 5375 2827 5424 alia.

1956 5455 2101 5507 Deus
2127 5455 2320 5506 auctor
2337 5449 2562 5520 jejunii,
2592 5450 2879 5505 institutor
2903 5451 3276 5518 abstinentia,
3304 5451 3398 5522 qui
3417 5451 3499 5522 je‘

1878 5546 2029 5617 junii
2050 5546 2291 5600 formam
2316 5542 2710 5615 complectens,
2733 5543 3061 5598 submovisti
3086 5544 3393 5615 ingluviem
3418 5560 3497 5597 sa-

1886 5689 1952 5744 de
1985 5692 2177 5770 sancto
2210 5690 2391 5771 Petro,
2424 5684 2524 5740 ubi
2566 5686 2732 5741 modo
2765 5686 2975 5759 legitur
3018 5684 3264 5741 absolute
3289 5682 3497 5753 ligandi

1886 5776 2087 5816 omissa
2107 5775 2237 5815 V008
2268 5771 2478 5815 ammas
2485 5797 2498 5812 .
