3976 6424
435 351 532 412 291

1223 349 1554 406 ΑΡΡΕΝΒῘΧ
1589 349 1676 406 AD
1711 349 1932 408 OPERA
1965 349 2198 407 SANCTI
2233 349 2531 407 GERMANI
2567 349 2990 408 PARISIENSIS.

3695 349 3824 405 292

435 455 699 524 turitatis,
730 459 796 512 ut
821 455 880 512 in
907 453 1067 512 nobis
1097 456 1442 512 castimoniae
1462 457 1732 512 sobrietas
1757 463 2058 528 regnaret;
2085 473 2142 546 Α
2163 458 2356 529 gloriae
2381 463 2511 526 tum,
2541 457 2808 529 sedetque
2831 457 2900 512 ad
2927 458 3218 512 dexteram
3245 458 3426 524 tuam,
3447 454 3824 528 promissum

437 551 672 621 respice,
705 548 955 618 Domine,
993 549 1271 620 propitius
1306 566 1475 621 super
1499 551 1601 604 hos
1621 551 1894 622 supplices
1913 555 2059 620 tuos,

430 642 649 714 jejunio
695 641 969 696 triduana:
1008 641 1362 698 abstinentiae
1393 649 1683 712 vacantes;
1730 648 1786 697 et
1823 643 2064 698 interce-

437 735 602 789 dente
645 749 865 786 summo
905 733 1026 787 viro
1077 735 1241 790 beato
1293 735 1550 802 Martino,
1609 736 1844 806 gratiam
1909 741 2066 790 tuam

433 825 842 879 benedictionis
869 831 982 880 tuae
1009 827 1171 880 nobis
1201 828 1462 882 omnibus
1488 829 1558 882 ab
1581 845 1646 882 eo
1687 833 1946 882 exoratus
1985 829 2068 882 in-

434 918 638 988 funde;
667 923 733 972 ut
761 918 908 973 sicut
935 919 1042 973 hoc
1063 920 1344 990 jejunium
1377 920 1448 974 ad
1472 921 1654 974 cultus
1679 921 1766 975 tui
1804 921 2066 976 timorem

434 1012 802 1066 constitutum
833 1012 1004 1066 vincit
1043 1013 1352 1083 ingluviem
1397 1013 1562 1084 gulae,
1591 1013 1670 1067 ita
1705 1013 2067 1068 inluminatio

433 1107 533 1158 tua
571 1105 634 1158 in
663 1104 916 1159 sensibus
971 1105 1174 1160 nostris
1219 1111 1445 1177 superet
1475 1121 1704 1162 omnem
1745 1110 2066 1162 nostrorum

435 1197 694 1252 fomitem
719 1198 1006 1252 vitiorum.
1037 1199 1160 1254 Per.

883 1290 1054 1339 Oratio
1079 1290 1132 1340 in
1157 1293 1338 1340 sancto
1361 1291 1630 1355 Gregorio.

505 1375 874 1447 Omnipotens
918 1376 1258 1446 sempiterna
1303 1377 1468 1445 Deus,
1523 1374 1717 1448 268
1756 1375 1968 1445 jejuni,
2000 1377 2068 1429 de

435 1467 552 1522 tuis
585 1469 756 1522 etiam
793 1468 954 1522 donis
997 1469 1198 1538 satiati,
1253 1469 1339 1523 vel
1385 1469 1638 1540 qualibet
1695 1469 2068 1523 maceratione

440 1561 698 1630 confecti,
747 1561 1096 1631 majestatem
1131 1565 1288 1618 tuam
1329 1563 1607 1632 supplices
1641 1577 1957 1630 exoramus,
2003 1565 2071 1616 ut

437 1655 686 1726 expulsis
723 1655 792 1709 de
814 1655 1074 1710 cordidus
1099 1654 1302 1709 nostris
1329 1659 1688 1725 peccatorum
1715 1654 1982 1722 tenebris,
2009 1655 2068 1708 in

437 1748 526 1804 die
555 1749 659 1802 hac
676 1748 900 1819 jejunii,
931 1747 1312 1802 intercedente
1339 1763 1560 1802 summo
1589 1749 1837 1803 antistite
1879 1751 2069 1802 nostro

2163 556 2422 606 sanctum
2449 550 2722 620 Spiritum
2745 549 2808 604 in
2833 549 2976 604 ﬁlios
3013 549 3332 620 adoptionis
3375 548 3596 606 effudit.
3647 548 3824 606 Unde

2165 645 2418 698 laetantes
2443 644 2590 698 inter
2617 642 2812 696 altaria
2849 646 2961 712 tua,
3011 643 3243 698 Domine
3283 640 3478 714 269
3506 642 3824 710 virtutem,

2165 737 2373 791 hostias
2397 737 2498 790 tibi
2521 736 2702 790 laudis
2727 735 3015 790 offerimus
3039 753 3172 792 cum
3213 737 3430 807 angelis
3471 739 3528 790 et
3568 734 3828 790 archan-

2167 830 2323 900 gelis,
2357 846 2458 901 per
2481 830 2766 886 Christum
2795 830 3118 886 Dominum.

2395 937 2500 990 LII.
2533 953 2683 990 mssa
2713 953 2768 990 IN
2795 953 2882 990 DIE
2906 953 3102 990 suam
3123 935 3150 976 ι)
3175 951 3568 991 pemecosrsu.

2237 1035 2402 1102 Deus,
2431 1033 2786 1087 inluminatio
2813 1038 2870 1088 et
2905 1033 3016 1087 vita
3059 1033 3434 1099 credentium,
3471 1032 3634 1104 cujus
3675 1047 3820 1088 mu-

2167 1143 2370 1181 nerum
2399 1126 2696 1181 ineffabilis
2721 1127 3055 1197 magnitudo
3077 1126 3366 1180 hodiernae
3385 1125 3712 1180 festivitatis
3739 1128 3828 1180 te-

2167 1219 2428 1274 stimonio
2453 1217 2786 1288 celebratur,
2816 1219 2884 1274 da
2905 1219 3132 1290 populis
3151 1218 3264 1273 tuis
3283 1235 3485 1290 capere
3511 1217 3826 1274 intellectu

2168 1313 2316 1384 quod
2361 1313 2604 1368 didicere
2659 1312 2950 1382 miraculo,
2993 1317 3058 1366 ut
3101 1311 3349 1382 adoptio,
3397 1327 3572 1382 quam
3609 1311 3674 1364 in
3719 1325 3824 1365 eos

2169 1405 2407 1476 Spiritus
2434 1411 2655 1460 sanctus
2683 1405 2986 1472 advocavit,
3029 1403 3170 1458 nihil
3211 1405 3272 1458 in
3317 1403 3616 1460 dilectione
3657 1403 3822 1476 tepi-

2169 1497 2324 1566 dum,
2357 1497 2498 1552 nihil
2525 1497 2726 1552 habeat
2753 1498 2812 1551 in
2837 1495 3186 1552 confessione
3207 1495 3515 1552 diversum.
3541 1495 3674 1551 Per.

2850 1594 3118 1644 Collectio.

2239 1675 2444 1728 Mentes
2491 1678 2738 1744 nostras,
2793 1690 3119 1745 quaesumus
3163 1673 3432 1742 Domine,
3495 1672 3822 1728 Paraclitus

2168 1767 2425 1837 Spiritus,
2463 1767 2562 1838 qui
2604 1767 2671 1820 de
2697 1773 2750 1821 te
2781 1767 3054 1837 procedit,
3077 1766 3414 1836 inluminet;
3448 1771 3506 1820 et
3529 1765 3604 1820 ad
3637 1779 3826 1820 omne

435 1845 493 1895 et
520 1841 840 1895 divinorum
867 1840 1266 1910 mysteriorum
1303 1857 1504 1912 capacc
1525 1841 1816 1912 Gregorio,
1867 1839 1938 1894 ad
1977 1855 2067 1896 ve-

2205 1834 2307 1930 pus
2345 1834 2562 1914 bonum
2599 1834 2888 1932 perducat,
2941 1860 3086 1914 sicut
3125 1859 3288 1914 nobis
3324 1834 3592 1932 promisit
3633 1857 3824 1914 Filius

435 1948 559 1987 ram
605 1932 812 2002 lucem,
865 1948 993 2003 quas
1039 1933 1289 1987 Christus
1346 1940 1448 2004 est,
1497 1951 1598 1988 nos
1648 1933 1813 1988 facias
1865 1949 2064 2003 perve-

435 2025 580 2080 nire.

1124 2094 1392 2144 Collectio.

509 2177 877 2250 Omnipoteus
903 2179 1246 2250 sempiterna
1289 2179 1454 2248 Deus,
1497 2187 1654 2248 cujus
1681 2179 1846 2250 jussu
1879 2197 2008 2235 caro
2036 2197 2069 2234 a

439 2273 815 2343 voluptatibus
845 2272 1052 2343 jejunii
1073 2272 1450 2327 maceratione
1483 2273 1864 2343 restringitur,
1894 2278 1950 2328 et
1979 2275 2069 2328 Sa-

438 2369 619 2420 torem
643 2381 808 2419 suum
837 2381 966 2420 caro
1001 2369 1216 2433 nostra,
1255 2381 1356 2436 per
1393 2365 1752 2420 sobrietatem
1793 2367 2064 2436 restricta,

439 2457 745 2529 cognoscit,
775 2474 880 2529 per
908 2457 1370 2512 intercessionem
1408 2459 1616 2512 summi
1651 2459 1937 2529 apostolici
1971 2459 2070 2512 Pa-

439 2551 540 2606 tris
562 2552 741 2605 nostri
767 2551 1040 2622 Gregorii,
1069 2550 1132 2604 in
1155 2551 1262 2604 hoc
1281 2551 1504 2621 jejunio
1525 2551 1711 2606 tribue
1733 2552 1947 2606 cunctis
1967 2552 2070 2605 im-

437 2649 778 2703 maculatum
809 2648 866 2702 in
899 2651 955 2702 te
999 2647 1357 2704 credentibus
1403 2664 1664 2703 exercere
1705 2649 1958 2717 cultum;
2007 2651 2071 2702 ut

439 2742 610 2796 etiam
634 2743 678 2794 si
716 2741 1108 2811 jejunantibus
1155 2742 1289 2795 vitia
1331 2743 1657 2809 succedunt,
1703 2746 1760 2795 et
1807 2741 2072 2795 deserunt

439 2834 690 2902 virtutes,
741 2839 838 2887 tua
881 2849 1014 2904 erga
1060 2849 1172 2900 eos,
1203 2835 1366 2889 Pater
1396 2833 1772 2904 omnipotens,
1823 2833 2072 2888 custodia

437 2931 775 2996 perseveret.
805 2927 930 2980 Per.

761 3018 841 3072 LI.
873 3033 1030 3074 mssa
1059 3033 1111 3074 IN
1141 3034 1474 3076 sscsxsrose
1493 3017 1516 3046 "
1541 3035 1755 3075 DOMINI.

511 3111 678 3181 Deus,
719 3111 820 3184 qui
871 3111 1176 3166 Ecclesiam
1223 3117 1380 3166 tuam
1425 3113 1762 3184 evangelicae
1801 3112 2064 3168 exhorta-

2165 1952 2433 2008 veritatis.
2464 1954 2588 2008 Per.

2795 2023 2918 2071 Post
2941 2021 3170 2072 nomina.

2239 2103 2464 2157 Munera
2481 2107 2691 2170 nostra,
2715 2117 3040 2172 quaesumus
3065 2101 3325 2170 Domine,
3355 2101 3535 2156 sancti
3561 2101 3824 2172 Spiritus

2167 2195 2250 2250 tui
2277 2195 2600 2266 dignatione
2627 2199 2934 2262 sacrentur,
2962 2211 3066 2266 per
3093 2211 3220 2266 quae
3263 2211 3296 2248 a
3333 2195 3575 2265 peccatis
3617 2193 3818 2249 omni-

2167 2287 2272 2342 bus
2297 2287 2610 2358 adoptionis
2639 2293 2750 2342 tuse
2771 2287 2870 2341 ﬁlii
2897 2303 3279 2342 renascamur.
3313 2288 3437 2341 Per.

2823 2381 2902 2430 Ad
2931 2395 3135 2445 pacem.

2239 2463 2472 2516 Domine
2508 2466 2715 2531 sancte,
2763 2464 2926 2516 Pater
2959 2461 3339 2534 omnipotens,
3381 2467 3594 2517 aeterne
3635 2463 3823 2532 Deus,

2169 2555 2326 2626 cujus
2353 2555 2565 2626 Spiritu
2593 2559 2776 2608 totum
2803 2571 3008 2626 corpus
3033 2555 3290 2609 Ecclesiae
3315 2555 3741 2626 multiplicatur
3767 2561 3826 2611 et

2169 2647 2406 2718 regitur,
2435 2664 2700 2702 conserva
2725 2649 2784 2702 in
2811 2665 3014 2702 novam
3049 2647 3276 2702 familias
3315 2653 3428 2702 tuae
3461 2649 3822 2722 progeniem

2171 2739 2620 2794 sanctiﬁcationis
2647 2741 2907 2811 gratiam,
2941 2757 3115 2812 quam
3135 2741 3367 2810 dedisti;
3393 2746 3460 2795 ut
3483 2757 3730 2812 corpore
3765 2747 3824 2798 et

2169 2837 2358 2886 mente
2377 2832 2646 2902 renovati,
2687 2849 2888 2903 puram
2913 2833 3016 2886 tibi
3051 2833 3300 2886 animam
3334 2849 3464 2886 cum
3505 2833 3826 2888 securitate

2105 2963 2108 2966 ς
2169 2924 2318 2996 pacis
2344 2930 2400 2980 et
2420 2941 2629 2996 purum
2653 2931 2846 2996 pectus
2877 2941 3100 2996 semper
3125 2925 3452 2980 exhibeant.
3479 2927 3604 2982 Per.

2831 3022 3140 3071 lmmolatio.

2241 3105 2377 3157 Vere
2403 3104 2642 3175 dignum
2667 3109 2722 3158 et
2752 3103 2972 3174 justum
2999 3109 3103 3174 est,
3133 3121 3237 3158 nos
3261 3105 3362 3159 tibi
3388 3122 3616 3178 semper
3634 3107 3738 3164 hic
3767 3113 3828 3165 et

439 3203 590 3260 tione
621 3203 890 3258 doctrinm
919 3220 1045 3276 qua;
1072 3221 1296 3260 sursum
1325 3209 1458 3260 sunt
1479 3205 1644 3276 jubes
1673 3222 1887 3278 sapere,
1920 3211 1975 3260 et
2000 3205 2070 3260 ad
2091 3192 2144 3268 C
2171 3195 2377 3267 ubique
2419 3197 2624 3268 gratias
2665 3212 2853 3266 agere,
2896 3203 2952 3251 8t
2992 3197 3220 3268 gloriari
3257 3198 3320 3252 in
3363 3199 3632 3271 Operibus
3671 3201 3824 3274 tuis,

439 3313 566 3354 eam
591 3313 650 3352 se
688 3297 1042 3352 altitudinem
1089 3298 1160 3351 ad
1194 3313 1366 3368 quam
1407 3298 1652 3353 Salvator
1693 3299 1894 3354 mundi
1931 3315 2066 3354 con-

441 3390 658 3446 scendit
682 3390 918 3462 erigere,
951 3391 1021 3444 da
1059 3390 1405 3461 supplicibus
1443 3391 1555 3446 tuis
1599 3391 1866 3464 subsequi
1907 3393 2069 3447 intel-

440 3483 588 3537 lectu
617 3483 768 3553 quod
792 3483 955 3538 multi
981 3484 1241 3540 viderunt
1271 3489 1605 3556 conspectu;
1634 3487 1697 3538 ut
1731 3485 1790 3538 in
1821 3485 2068 3540 secundo

439 3576 751 3630 Mediatoris
787 3576 1029 3632 adventu
1074 3577 1324 3632 ditentur
1349 3577 1528 3646 donis,
1553 3577 1652 3648 qui
1677 3577 1787 3633 tuis
1815 3579 2064 3634 credide-

439 3675 573 3724 runt
597 3669 904 3740 promissis.
933 3671 1056 3726 Per.

507 3763 714 3818 Prassta
740 3763 920 3832 nobis,
951 3763 1309 3834 omnipotens
1351 3767 1409 3820 et
1443 3763 1764 3820 misericors
1801 3765 1964 3834 Deus,
2005 3771 2070 3820 ut

440 3854 584 3910 sicut
622 3855 860 3912 humani
901 3857 1126 3926 generis
1167 3857 1514 3912 Salvatorcm
1539 3857 1842 3914 consedere
1881 3862 2068 3914 tecum

439 3948 499 4004 in
531 3953 630 4002 tua
657 3949 948 4018 majestate
968 3949 1325 4017 conﬁdimus,
1375 3949 1454 4002 ita
1489 3963 1671 4019 usque
1708 3949 1780 4004 ad
1815 3965 2070 4006 consum-

439 4042 748 4098 mationem
777 4037 966 4096 saeculi
995 4057 1226 4098 manere
1251 4041 1566 4110 nobiscum,
1590 4042 2068 4112 quemadmodum

442 4139 527 4190 est
545 4134 844 4204 pollicitus,
879 4134 1209 4190 sentiamus.
1237 4136 1363 4190 Per.

1063 4227 1181 4276 Post
1203 4227 1452 4276 nomina.‘

513 4307 878 4377 Sacriﬁcium,
911 4311 1164 4382 Domine,
1193 4329 1296 4383 pro
1333 4311 1458 4366 Filii
1485 4313 1568 4368 tui
1603 4313 1672 4368 in
1714 4314 1860 4369 caelis
1903 4315 2068 4370 hodie

443 4405 776 4460 Ascensione
813 4404 1154 4474 deferimus;
1203 4411 1429 4476 praesta,
1487 4423 1833 4478 quaesumus,
1889 4413 1954 4462 ut
1997 4409 2069 4462 ad

441 4503 600 4554 tuam
625 4497 860 4569 gloriam
885 4514 986 4569 per
1008 4497 1198 4570 ipsum
1225 4500 1317 4554 his
1350 4501 1698 4558 commerciis
1738 4502 2070 4558 venerandis

441 4607 760 4664 surgamus.
787 4593 910 4647 Per.

1105 4663 1182 4714 Ad
1209 4677 1414 4728 pacem.

512 4745 678 4816 Deus,
711 4745 811 4817 qui
837 4747 976 4802 dum
1001 4747 1265 4802 subsellia
1309 4747 1540 4804 Deitatis
1571 4749 1848 4818 ascendis,
1887 4749 2070 4805 obser-

439 4855 569 4896 vare
595 4855 698 4894 nos
733 4855 932 4911 pacem
971 4841 1292 4912 evangelica
1327 4842 1660 4898 auctoritate
1702 4859 1818 4898 non
1861 4843 2069 4898 desinis

437 4935 654 5003 docere,
685 4933 756 4988 da
777 4933 940 4990 nobis
973 4935 1224 5004 placidus
1251 4950 1446 5004 pacem
1483 4939 1662 5005 tuam,
1690 4940 1755 4990 ut
1781 4936 1920 4992 dum
1949 4937 2066 4992 dis-

438 5027 643 5084 cordias
677 5043 857 5098 prona
893 5027 1230 5098 refugimus,
1267 5027 1384 5082 caeli
1425 5028 1600 5084 ardua
1633 5045 2064 5102 consequamur.

439 5121 564 5176 Per.

1103 5191 1407 5241 lmmolalio.

511 5275 650 5330 Vere
681 5275 920 5346 dignum
945 5279 1000 5328 et
1028 5275 1248 5345 justum
1273 5283 1373 5346 est,
1414 5295 1515 5349 per
1550 5279 1832 5336 Christum
1873 5281 2064 5335 Domi-

437 5383 580 5423 num
609 5373 886 5421 nostrum.
913 5367 1020 5430 Qui
1053 5374 1308 5424 mortuus
1334 5377 1416 5426 est
1441 5378 1672 5443 propter
1705 5379 1931 5444 peccata
1961 5391 2064 5428 no-

437 5463 572 5528 stra,
605 5463 660 5514 et
695 5460 1004 5516 resurrexit
1041 5467 1269 5534 prepter
1297 5465 1756 5534 justiﬁcationem
1795 5472 2064 5524 nostram.

432 5551 698 5634 Αεοεηάξξ
747 5567 918 5628 super
969 5571 1163 5612 omnes
1196 5558 1360 5614 caelos
1381 5577 1399 5629 ;
1447 5565 1502 5615 et
1553 5559 1828 5614 exaltatus
1865 5561 2068 5618 throno

505 5711 530 5740 ⁸
567 5711 716 5766 Inter
746 5707 946 5764 Alcimi
975 5689 1119 5776 Aviti
1162 5693 1484 5776 fragmenta
1519 5707 1702 5748 unum
1727 5698 1812 5750 est
1847 5711 1916 5750 ex
1945 5712 2065 5752 ser-

433 5799 601 5841 mone
628 5783 696 5837 de
729 5779 1064 5836 Ascensione
1093 5775 1338 5828 Donum.

505 5833 1028 5910 iv—Eltvde—h—o'c‘fasto
1052 5844 1336 5900 habentur
1363 5835 1474 5892 duo
1499 5833 1814 5906 fragmenta
1841 5853 1910 5894 ex
1947 5855 2064 5894 ser-

2167 3289 2401 3344 Domine
2435 3295 2640 3358 sancte,
2681 3291 2843 3342 Pater
2884 3291 3262 3361 omnipotens,
3295 3296 3506 3347 aeterne
3547 3293 3723 3362 Deus,
3763 3295 3826 3350 in

2169 3382 2274 3436 hoc
2297 3381 2579 3453 praecipue
2601 3381 2708 3452 die,
2733 3383 2790 3436 in
2817 3399 2930 3456 quo
2951 3384 3392 3439 sacratissimum
3409 3386 3626 3440 Pascha
3647 3387 3828 3459 quin-

2168 3475 2440 3546 quaginta
2479 3475 2700 3530 dierum
2725 3475 3006 3548 mysteriis
3027 3477 3270 3548 tegitur;
3311 3483 3368 3533 et
3393 3495 3498 3550 per
3521 3495 3624 3534 sua
3649 3481 3828 3536 vesti-

2170 3569 2281 3639 gia,
2327 3569 2739 3622 recursantibus
2786 3569 3008 3624 dierum
3048 3569 3262 3640 spatiis,
3319 3572 3702 3644 colleguntur,
3769 3581 3829 3632 et

2169 3661 2436 3732 dispersio
2463 3663 2811 3734 linguarum,
2839 3679 2966 3734 quae
2993 3664 3052 3716 in
3082 3663 3410 3719 confusione
3437 3666 3588 3720 facta
3600 3667 3824 3738 fuerat,

2167 3771 2268 3826 per
2316 3755 2588 3826 Spiritum
2633 3761 2890 3810 sanctum
2939 3756 3240 3812 adunatur.
3295 3759 3470 3813 Hodie
3533 3760 3698 3814 enim
3753 3763 3826 3818 de

2168 3849 2318 3901 caelis
2347 3853 2577 3918 repente
2603 3865 2806 3902 sonum
2843 3849 3134 3904 audientes
3171 3851 3428 3922 apostoli,
3469 3852 3642 3906 unius
3681 3853 3828 3910 ﬁdei

2167 3941 2502 4012 Symbulum
2548 3947 2910 4012 exceperunt,
2963 3947 3018 3997 et
3067 3943 3276 4016 linguis
3311 3945 3480 3998 variis
3517 3947 3826 4020 Evangelii

2167 4035 2250 4089 tui
2281 4035 2518 4106 gloriam
2547 4035 2808 4106 gentibus
2841 4036 3217 4108 tradiderunt,
3247 4053 3351 4110 per
3373 4037 3668 4096 Christum
3713 4041 3826 4097 Do-

2167 4127 2390 4182 minum
2415 4131 2692 4184 nostrum.

2273 4245 2408 4298 Llll.
2439 4260 2590 4298 mssa
2615 4260 2924 4302 sucronem
2955 4261 3213 4302 FERREOLI
3239 4261 3302 4302 ετ
3331 4262 3706 4306 ranaucmms.

2242 4345 2540 4402 Dominum
2559 4347 2736 4402 Deum
2751 4351 3032 4418 nostrum,
3053 4348 3254 4404 fratres
3279 4349 3576 4418 carissimi,
3599 4353 3824 4423 suppli-

2169 4455 2259 4493 ces
2284 4455 2603 4507 exoremus,
2633 4441 2732 4511 qui
2758 4441 2960 4496 sanctis
3003 4442 3350 4513 martyribus
3395 4443 3512 4498 suis
3547 4444 3824 4508 Ferreolo

2087 4553 2147 4626 D
2170 4536 2225 4586 et
2281 4533 2603 4626 Ferrucioui
2653 4533 2914 4604 quaedam
2965 4534 3167 4590 tribuit
3207 4535 3533 4592 futurorum
3569 4541 3820 4609 prasmia

2172 4625 2506 4696 gaudiorum
2537 4626 2596 4680 in
2615 4627 2738 4698 ipsa
2763 4628 3130 4698 praesentium
3175 4629 3498 4686 conditione
3541 4633 3818 4688 certami-

2167 4735 2308 4774 num
2334 4717 2525 4791 270
2547 4721 2704 4789 (dum
2729 4737 2830 4791 per
2847 4721 3342 4792 inextinguibilem
3367 4723 3456 4778 sui
3479 4726 3700 4780 amoris
3727 4743 3824 4786 ar-

2167 4813 2364 4867 dorem
2391 4813 2717 4884 intelligunt
2739 4816 3072 4870 suavitatem
3085 4816 3216 4870 vitae
3239 4817 3464 4872 damnis
3480 4818 3818 4892 adquirere,

2167 4911 2224 4962 et
2249 4911 2490 4960 mortem
2515 4907 2806 4964 moriendo
2835 4909 3046 4964 calcare
3071 4926 3086 4964 :
3117 4909 3324 4980 quibus
3343 4910 3484 4966 dum
3501 4919 3820 4982 praetervo-

2169 4999 2290 5054 lans
2315 5000 2404 5056 hic
2431 5001 2548 5055 dies
2589 5017 2692 5072 per
2735 5002 3063 5072 urgentium
3099 5019 3399 5074 pcenarum
3435 5006 3820 5066 acerbitatem

2168 5094 2537 5163 concluditur,
2563 5095 2750 5150 aditus
2776 5099 3004 5150 teter-nee
3023 5096 3164 5152 lucis
3187 5097 3482 5168 aperitur),
3518 5099 3618 5155 det
3645 5101 3820 5162 nobis

2165 5185 2391 5240 famulis
2411 5186 2546 5254 suis,
2567 5191 2631 5242 ut
2653 5187 2800 5242 sicut
2815 5188 2942 5242 illos
2959 5190 3114 5244 nulla
3139 5194 3558 5248 tormentorum
3573 5209 3816 5266 genera,

2167 5295 2400 5349 corpore
2451 5279 2580 5336 licet
2620 5281 2932 5350 deserente,
2984 5283 3300 5354 fregerunt,
3351 5286 3434 5342 ita
3486 5303 3594 5344 nos
3637 5291 3818 5350 nulla

2169 5373 2367 5428 mundi
2403 5373 2572 5444 hujus
2616 5373 2914 5432 inlecebras
2965 5393 3000 5432 a
3039 5394 3156 5434 sum
3197 5380 3488 5450 proposito
3523 5385 3820 5446 servitutis

2167 5465 2480 5536 perniciosa
2518 5469 2813 5526 securitate
2845 5471 3146 5528 deﬂectunt
3165 5489 3183 5540 ί
3239 5478 3304 5528 ut
3357 5473 3632 5532 virtutem
3683 5478 3818 5536 ﬁdei

2167 5563 2374 5616 nostra;
2401 5560 2622 5616 divinus
2639 5561 2786 5633 ignis
2811 5579 2926 5620 suae
2941 5565 3190 5622 caritatis
3207 5568 3500 5640 accendat,
3533 5577 3594 5628 et.
3621 5575 3818 5634 omnis

2167 5711 2336 5778 mone
2359 5699 2525 5768 Aviti,
2553 5699 2615 5778 in
2645 5715 2888 5778 quorum
2913 5702 3102 5774 primo
3129 5705 3398 5778 egregius
3422 5708 3586 5768 locus
3613 5719 3704 5770 est
3745 5715 3814 5770 de

2169 5767 2405 5839 Spiritus
2424 5767 2600 5827 sancti
2629 5767 2937 5829 divinitate:
