3976 6424
124 343 218 400 293

1241 342 1327 401 DE
1363 343 1673 402 LITURGIA
1708 341 2075 402 GALLICANA
2113 341 2308 401 LIBER
2347 344 2433 400 III.

3388 349 3492 404 294

124 450 177 502 in
197 447 355 502 nobis
380 448 783 521 corporalium
798 449 1063 506 vitiorum
1078 450 1443 510 fundamenta
1462 459 1772 509 consumat.
1796 465 1856 536 Α
1873 454 2127 508 animum
2155 455 2224 509 ad
2264 453 2518 523 martyrii
2543 457 2671 510 vota
2697 454 3044 526 componat?
3080 456 3180 511 aut
3220 456 3345 527 quis
3379 473 3494 514 non

131 543 246 596 Per.

829 613 1098 664 Collectio.

187 684 351 752 Deus,
382 683 557 755 cujus
590 703 846 742 amorem
873 687 1108 758 piissimi
1147 689 1487 744 confessores
1529 694 1583 745 et
1617 707 1768 744 mar-

126 783 263 846 tyres
305 777 390 830 tui
441 778 749 834 Ferreolus
783 785 839 835 et
881 781 1136 834 Ferrucio
1177 799 1371 837 cruore
1395 783 1679 852 adserunt,
1717 786 1772 837 et

126 874 294 923 morte
309 869 668 926 conﬁrmant
686 889 702 941 ;
721 873 818 943 qui
834 873 970 927 dum
984 873 1085 927 tibi
1099 878 1214 927 tam
1228 875 1466 929 libenter
1481 880 1769 946 sumptum

127 978 155 1015 ει
179 967 228 1015 te
254 962 380 1015 vitm
407 979 631 1017 munus
655 965 1015 1036 impendunt,
1053 966 1342 1022 neminem
1366 984 1480 1021 non
1507 985 1608 1038 pro
1649 968 1768 1021 Vita

126 1055 258 1108 mori
304 1057 630 1125 testantur;
666 1059 911 1112 concede
964 1063 1027 1113 ut
1079 1059 1249 1114 fidem
1287 1077 1456 1132 quam
1506 1061 1766 1115 cordibus

127 1147 318 1201 nostris
335 1149 576 1219 proprio
599 1149 932 1221 inscriptam
951 1151 1224 1224 sanguine
1242 1153 1612 1224 reliquerunt,
1639 1155 1765 1209 vitae

126 1240 328 1294 meritis
356 1241 730 1312 excolamus;
762 1249 817 1296 et
841 1245 991 1314 quod
1017 1244 1077 1298 in
1103 1245 1181 1298 eis
1209 1245 1556 1300 admiramur
1574 1246 1761 1302 imite-

128 1349 262 1400 mur,
285 1333 439 1403 quod
472 1333 722 1388 colimus
749 1335 1074 1406 diligamus,
1106 1337 1256 1408 quod
1280 1337 1444 1392 laude
1469 1340 1762 1410 prosequi-

127 1440 243 1478 mur
261 1427 700 1481 conversatione
732 1433 1032 1483 sectemur.
1066 1430 1189 1483 Per.

755 1521 877 1569 Post
900 1520 1130 1569 nomina.

187 1590 493 1645 Recensitis
521 1593 858 1648 nominibus
884 1594 1123 1648 fratrum
1149 1610 1519 1666 carorumque
1546 1597 1758 1648 nostro-

127 1699 262 1752 rum,
289 1700 524 1739 oremus
556 1686 916 1740 Dominicam
942 1687 1402 1751 misericordiam,
1425 1687 1554 1741 utin
1572 1687 1757 1741 medio

128 1777 456 1831 Hierusalem
487 1778 549 1831 in
578 1779 1026 1849 congregatione
1051 1784 1370 1834 sanctorum
1390 1779 1510 1833 hinc
1528 1780 1757 1834 nomina

128 1868 218 1922 sibi
243 1869 405 1924 faciat
428 1870 501 1924 ab
525 1886 601 1923 an
615 1871 744 1941 gelo
777 1871 1229 1925 sanctificationis
1257 1871 1316 1925 in
1355 1871 1757 1926 beatitudinem

128 1962 308 2015 sterni
334 1963 531 2032 gaudii
553 1964 872 2016 recenseri:
907 1964 1357 2033 sacrificiumque
1375 1964 1481 2018 hoc
1506 1968 1759 2018 nostrum

129 2054 255 2106 sicut
286 2054 345 2108 in
397 2055 932 2125 praeformationem
973 2056 1392 2124 Melchisedech,
1457 2056 1515 2110 in
1555 2057 1758 2111 virtute

128 2146 442 2214 sanctiticet;
487 2164 693 2218 preces
713 2163 937 2219 quoque
963 2147 1319 2202 offerentium
1346 2149 1490 2202 hanc
1520 2148 1753 2202 oblatio-

127 2255 245 2292 nem
294 2240 649 2310 propitiatus
717 2241 980 2294 exaudiat
1041 2241 1101 2295 in
1162 2242 1756 2296 commemorationem

129 2329 565 2387 beatissimorum
629 2338 947 2404 martyrum
996 2333 1245 2388 Ferreoli
1285 2339 1342 2388 et
1384 2334 1752 2401 Ferrucionis,

131 2409 476 2496 omniumque
504 2431 878 2490 sanctorum;
919 2430 984 2479 ut
1023 2442 1225 2480 eorum
1262 2427 1520 2496 precibus
1557 2427 1752 2496 adjuti,

130 2532 227 2570 non
249 2519 423 2572 solum
454 2519 782 2572 viventibus
805 2518 1086 2588 praesidia,
1116 2535 1315 2572 verum
1358 2519 1524 2572 etiam
1562 2519 1755 2572 defun-

131 2611 216 2663 ctis
243 2613 378 2665 caris
409 2611 631 2666 nostris
656 2611 914 2680 requiem
957 2611 1206 2665 obtinere
1247 2616 1589 2666 mereantur.
1628 2613 1751 2666 Per.

657 2702 906 2751 Collectio
932 2703 994 2751 ad
1025 2717 1226 2765 pacem.

189 2773 438 2830 Mirabilis
463 2776 526 2830 in
557 2777 773 2830 sanctis
802 2777 938 2843 tuis,
970 2777 1202 2830 Domine
1231 2776 1523 2846 virtutum,
1557 2781 1612 2831 et
1629 2793 1753 2846 pec—

130 2868 382 2922 catoribus
430 2869 600 2922 nobis
650 2868 1108 2922 beatissimorum
1160 2874 1474 2939 martyrum
1522 2873 1752 2923 tuorum

132 2952 349 3008 Ferreoli
379 2962 434 3010 et
471 2957 837 3011 Fcrrucionis
863 2958 1174 3026 patrocinio
1209 2958 1434 3027 largire.
1479 2957 1562 3010 llli
1603 2973 1752 3010 coro-

131 3057 216 3095 nas
248 3044 492 3115 insignes
523 3045 874 3116 gemmibus,
904 3045 1188 3114 lapidibus
1212 3045 1468 3114 pretiosis
1497 3045 1753 3114 martyrii

130 3136 310 3190 virtute
338 3143 717 3207 meruerunt;
748 3154 848 3192 nos
874 3153 1071 3193 eorum
1100 3137 1399 3208 suffragiis,
1422 3142 1478 3192 te
1508 3138 1750 3192 donante
1772 3167 1826 3241 Ο

133 3227 438 3285 delictorum
463 3233 694 3285 veniam
731 3247 1174 3301 consequamur;
1213 3236 1268 3284 et
1314 3230 1553 3284 concede
1586 3231 1746 3284 nobis

134 3323 184 3373 ut
209 3324 517 3393 conjunctio
546 3324 838 3377 labiorum
876 3323 1077 3393 copula
1105 3323 1374 3377 efﬁciatur
1405 3323 1742 3389 animarum,

133 3419 180 3468 et
223 3415 600 3472 ministerium
658 3416 836 3470 osculi
873 3419 1165 3487 perpetuas
1211 3416 1463 3486 proﬁciat
1508 3416 1743 3471 caritati.

133 3505 239 3561 Per.

751 3577 1083 3627 Contestatio.

194 3650 425 3724 Dignum
451 3657 507 3710 et
525 3653 755 3724 justum
783 3658 883 3707 est.
902 3653 1041 3708 Vere
1062 3651 1300 3722 dignum
1317 3655 1373 3706 et
1391 3651 1610 3722 justum
1626 3656 1741 3707 est:

135 3745 617 3816 quotienscumque
663 3761 886 3816 pugnas
941 3749 1266 3798 sanctorum
1321 3744 1638 3810 recolimus,
1689 3749 1746 3799 te

135 3835 436 3904 laudamus;
495 3844 553 3894 et
590 3839 655 3892 in
689 3854 804 3909 quo
853 3842 1128 3908 martyres
1168 3842 1295 3892 tuos
1332 3837 1656 3891 Ferreolum
1693 3839 1748 3891 et

137 3926 509 3988 Ferrucionem
546 3930 914 4003 proferimus,
948 3930 1060 3984 tuis
1089 3929 1386 3984 virtutibus
1423 3927 1604 4002 271
1645 3929 1744 3983 ad~

138 4022 459 4093 scribamur;
490 4025 630 4096 quia
659 4024 886 4078 illorum
917 4039 1121 4078 corona
1145 4027 1242 4078 tua
1281 4027 1362 4076 est
1409 4022 1604 4093 gloria,
1647 4023 1746 4094 qui

138 4127 222 4183 per
243 4117 466 4172 unicum
498 4117 707 4172 Filium
736 4121 900 4172 tuum
928 4118 1115 4171 Jesum
1141 4115 1425 4170 Christum
1446 4115 1746 4170 Dominum

137 4221 188 4264 ac
233 4207 567 4265 Salvatorem
618 4214 880 4266 nostrum
920 4209 1178 4264 mortalia
1223 4225 1453 4279 corpora
1509 4208 1748 4263 docuisti

136 4301 340 4370 pretiosi
365 4304 618 4373 palmam
647 4307 873 4373 portare
912 4301 1188 4372 martyrii.
1221 4303 1373 4356 Juste
1413 4305 1603 4355 autem
1637 4301 1746 4355 tuis

136 4395 326 4452 meritis
371 4396 732 4465 exhibemus,
793 4413 904 4468 quo
944 4395 1379 4450 fortissimorum
1433 4397 1747 4464 martyrum

138 4483 261 4542 facta
282 4504 639 4556 veneramur,
671 4489 772 4560 qui
803 4489 1080 4544 humanas
1107 4492 1324 4542 mentes
1359 4487 1429 4541 ad
1465 4492 1746 4541 certamen

143 4580 354 4635 celestis
395 4584 593 4653 glorias
639 4598 835 4637 amore
875 4586 989 4636 tuae
1033 4582 1252 4652 pietatis
1301 4580 1577 4634 accendis.
1615 4583 1747 4635 Tuae

141 4684 358 4744 namque
377 4676 603 4730 virtutis
631 4680 716 4730 est
734 4675 1039 4745 praemium
1061 4690 1224 4744 pcena
1243 4679 1584 4728 sanctorum.
1608 4674 1746 4727 Nam

145 4763 194 4820 in
241 4783 344 4835 qua
397 4769 808 4838 subjacuerunt
846 4768 979 4824 saevi
1019 4767 1276 4822 membra
1317 4767 1609 4835 carniﬁcis,
1644 4766 1748 4820 tibi

143 4859 289 4913 servit
311 4867 628 4932 martyrum
653 4860 863 4914 effusus
883 4861 1132 4930 sanguis,
1162 4859 1265 4913 tibi
1286 4859 1639 4929 triumphum
1664 4874 1750 4914 re-

143 4955 307 5016 portat
329 4969 529 5008 manus
557 4959 794 5008 cruenta
823 4953 1068 5021 lictoris;
1098 4952 1308 5022 quique
1336 4952 1521 5023 gladio
1556 4951 1748 5005 volun-

146 5043 270 5096 taria
297 5045 435 5100 colla
455 5047 772 5116 subposuit,
802 5045 901 5100 tibi
923 5045 1092 5113 vicit;
1119 5045 1328 5116 quique
1349 5045 1575 5116 ungulis
1595 5045 1747 5098 ﬂam-

148 5134 340 5206 misque
376 5140 694 5210 subjacuit,
731 5139 814 5192 tui
853 5138 1104 5209 palmam
1141 5137 1386 5193 nominis
1426 5138 1744 5209 reportavit.

149 5224 300 5284 Habes
333 5248 490 5304 ergo,
523 5231 781 5299 Domine,
811 5231 870 5286 in
897 5247 1009 5302 quo
1049 5231 1280 5299 exultes,
1329 5231 1745 5302 quotienscum-

150 5334 242 5388 que
267 5328 428 5379 tanta:
455 5326 680 5384 virtutis
704 5324 1039 5382 memoriam
1063 5324 1392 5392 recolimus;
1433 5341 1535 5380 nec
1563 5324 1744 5378 inme-

151 5412 244 5470 rito
267 5416 497 5488 singulis
522 5419 844 5490 quibusque
889 5417 1132 5471 caelestia
1171 5417 1319 5471 dona
1349 5416 1618 5488 disponis,
1651 5416 1748 5488 qui

153 5508 346 5564 tantum
370 5528 469 5581 per
503 5517 724 5570 sanctos
752 5517 878 5565 tuos
906 5510 1156 5581 undique
1187 5526 1438 5564 amorem
1478 5509 1745 5580 adquiris.

153 5595 265 5660 Quis
291 5618 399 5659 non
423 5610 550 5675 post
572 5610 792 5664 tantam
834 5599 1056 5675 pietatis
1099 5608 1210 5660 tua:
1248 5601 1745 5674 magniﬁcentiam,

216 5721 237 5750 '
263 5724 380 5781 Haec
403 5727 671 5784 Collectio
697 5728 898 5783 eadem
923 5727 983 5781 in
1012 5726 1216 5784 Ordine
1243 5727 1603 5800 Gregoriano.

1873 551 2208 617 provocetur
2237 548 2308 601 ad
2350 563 2621 618 pugnam,
2654 565 2784 604 cum
2821 548 3005 604 videat
3044 565 3252 618 magno
3289 548 3495 604 laboris

1871 639 2056 694 fructu
2084 646 2503 695 remuneratam
2521 646 2833 711 martyrum
2851 642 3019 695 fuisse
3047 641 3332 695 victoriam
3345 642 3372 696 ?
3389 643 3495 697 Ro-

1872 749 2068 803 gamus
2091 749 2246 804 ergo,
2281 733 2536 801 Domine,
2570 739 2632 788 ut
2658 733 2717 787 in
2746 734 3336 788 commemorationem
3361 752 3488 790 san-

1868 829 2085 879 ctorum
2113 829 2344 880 tuorum
2371 826 2612 880 Ferreoli
2640 831 2695 880 et
2717 826 3082 894 Ferrucionis,
3112 827 3340 882 illorum
3370 843 3492 897 pre-

1869 918 2024 972 tiosae
2051 919 2272 972 virtutis
2301 919 2636 973 memoriam
2658 919 2984 985 recolentes,
3004 925 3219 988 partem
3237 935 3491 978 remune-

1864 1009 2094 1062 rationis
2107 1010 2364 1064 admittas
2380 1028 2394 1078 ;
2415 1027 2476 1064 ac
2490 1016 2719 1082 praestes
2736 1016 2794 1064 ut
2804 1011 3019 1064 familia
3030 1017 3125 1065 tua
3138 1028 3488 1081 perseverare

1865 1117 2093 1154 cursum
2121 1102 2282 1172 ccepti
2309 1103 2517 1156 laboris
2548 1103 2809 1174 expediat
2839 1121 2852 1157 :
2900 1109 3179 1174 quatenus
3206 1103 3301 1174 qui
3343 1104 3401 1158 in
3433 1109 3486 1159 te

1863 1193 2117 1262 credunt,
2148 1199 2202 1247 et
2228 1195 2331 1247 tibi
2362 1196 2630 1263 serviunt,
2672 1196 2775 1249 etsi
2818 1212 2931 1249 non
2972 1195 3028 1248 in
3065 1196 3267 1266 prima,
3306 1196 3393 1250 vel
3427 1196 3486 1249 in

1863 1286 2107 1340 secunda
2134 1288 2602 1340 remunerationis
2642 1292 2809 1356 sorte,
2853 1289 3042 1342 locum
3083 1288 3233 1358 apud
3275 1292 3328 1341 te
3367 1303 3483 1342 me-

1861 1382 2092 1432 reantur
2121 1378 2373 1433 obtinere
2393 1379 2647 1449 justitiaz.
2683 1381 2747 1433 Et
2767 1379 2893 1434 ideo
2921 1396 3048 1434 cum
3073 1378 3289 1452 angelis
3315 1383 3482 1451 atque

1860 1471 2064 1524 archan
2074 1471 2212 1541 gelis
2231 1471 2474 1525 clamant
2498 1471 2763 1526 dicentes.

1891 1576 2020 1629 LIV.
2059 1593 2208 1630 mssa
2238 1594 2293 1631 ΙΝ
2319 1594 2635 1632 ΝΑτιγιτΑτε
2663 1594 2844 1631 SANCTI
2875 1594 3132 1632 JOHANNIS
3167 1594 3442 1634 ΒΑρτιετε.

1926 1669 2089 1736 Deus,
2138 1669 2234 1738 qui
2269 1669 2497 1724 beatum
2539 1671 2850 1724 Johannem
2889 1671 3192 1740 Baptistam
3234 1671 3480 1727 veritatis

1854 1759 2174 1814 testimonio
2204 1761 2491 1830 decorasti,
2516 1763 2584 1816 da
2612 1763 2773 1816 nobis
2785 1779 3127 1833 quaesumus,
3146 1763 3480 1818 humilitatis

1857 1851 1978 1922 ejus
2017 1853 2339 1922 exemplum
2382 1853 2597 1920 audire,
2647 1859 2711 1908 ut
2749 1855 3128 1908 desideremus
3168 1855 3478 1926 intelligere

1857 1944 2009 2014 quod
2038 1946 2306 2013 exercuit,
2341 1949 2394 1998 et
2419 1946 2647 2017 adsequi
2673 1951 2792 2001 toto
2830 1963 3019 2001 amore
3059 1947 3212 2018 quod
3248 1947 3474 2004 meruit.

1856 2037 1962 2091 Per
1984 2038 2172 2092 Jesum
2202 2037 2506 2092 Christum.

2404 2136 2650 2186 Collectio
2680 2138 2927 2201 sequitur.

1927 2217 2296 2286 Omnipotens
2340 2217 2676 2286 sempiterne
2720 2219 2882 2283 Deus,
2938 2217 3034 2288 qui
3085 2217 3475 2275 beatissimum

1853 2325 2261 2381 praecursorem
2289 2313 2451 2363 tuum
2477 2310 2792 2364 Johannem
2831 2311 3132 2381 Baptistam
3162 2312 3231 2366 ad
3257 2328 3472 2384 praepa-

1856 2402 2053 2455 randas
2103 2401 2387 2474 Unigeniti
2444 2402 2526 2455 tui
2567 2402 2681 2456 vias
2739 2403 2890 2457 nasci
2926 2403 3172 2472 jussisti,
3222 2410 3429 2474 praesta
3459 2447 3472 2474 ,

1852 2509 2174 2566 quaesumus
2219 2498 2284 2548 ut
2328 2494 2741 2547 intercessionis
2778 2494 2896 2564 ejus
2927 2495 3200 2550 auxilium
3238 2495 3469 2564 tribuas,

1853 2590 1907 2638 et
1930 2586 2001 2640 ad
2031 2585 2313 2656 implenda
2358 2585 2619 2640 mandata
2667 2602 2952 2657 prmpares
3003 2587 3335 2643 voluntates.
3367 2590 3473 2646 Per

1851 2677 2151 2732 Dominum
2171 2682 2444 2731 nostrum.

2475 2756 2594 2804 Post
2613 2754 2838 2805 nomina.

1920 2839 2285 2910 Omnipotens
2310 2839 2646 2909 sempiterne
2663 2841 2824 2908 Deus,
2840 2839 2937 2910 qui
2952 2840 3101 2894 hunc
3123 2840 3271 2896 diem
3289 2840 3467 2898 hono-

1849 2932 2086 2986 rabilem
2114 2932 2276 2986 nobis
2303 2932 2362 2984 in
2386 2931 2536 2986 beati
2565 2932 2835 2986 Johannis
2875 2933 3136 3003 Baptistae
3178 2934 3465 2990 nativitate

1847 3023 2025 3078 fecisti
2048 3024 2346 3094 insignem,
2377 3040 2716 3094 quaesumus,
2747 3028 2811 3078 ut
2836 3028 2965 3078 tuus
2994 3026 3314 3081 Praecursor
3342 3027 3470 3098 (quo

1851 3114 2042 3188 272
2068 3117 2214 3170 inter
2238 3121 2397 3170 natos
2425 3117 2727 3170 mulierum
2749 3116 3010 3172 omnibus
3028 3118 3210 3188 major
3227 3135 3340 3174 non
3354 3137 3470 3175 sur—

1851 3211 2011 3279 rexit)
2039 3215 2286 3264 nostram
2314 3209 2673 3279 fragilitatem
2702 3215 2813 3265 tuae
2844 3210 3038 3280 pietati
3069 3213 3422 3269 commendet
3451 3231 3468 3281 ;

1846 3306 1902 3356 et
1931 3302 2070 3356 caris
2107 3302 2334 3369 nostris,
2374 3318 2621 3372 quorum
2664 3307 2794 3356 sunt
2829 3302 3060 3356 nomina
3094 3303 3341 3368 recitata,
3391 3305 3469 3359 ita

1845 3394 2202 3464 refrigerium
2231 3393 2449 3464 pietatis
2476 3393 2760 3463 impetret,
2806 3398 2872 3447 ut
2912 3395 2992 3449 ibi
3016 3395 3357 3465 recipiantur
3383 3397 3467 3451 vel

1844 3487 2052 3555 ultimi,
2094 3487 2194 3540 ubi
2233 3502 2486 3539 summus
2535 3486 2830 3556 praeminet
2871 3487 2933 3541 in
2972 3503 3148 3557 regno
3197 3489 3466 3544 caelorum

1846 3579 2110 3650 Baptista.
2141 3579 2295 3642 Quod
2323 3579 2462 3648 ipse.

2367 3676 2614 3726 Collectio
2637 3678 2701 3726 ad
2726 3691 2928 3740 pacem.

1918 3759 2060 3812 Deus
2085 3756 2109 3784 ⁸
2137 3757 2234 3828 qui
2263 3763 2600 3827 praesentem
2625 3757 2775 3811 diem
2801 3757 3190 3811 honorabilem
3216 3759 3380 3814 nobis
3404 3757 3463 3817 in

1845 3850 1995 3906 beati
2018 3849 2284 3904 Johannis
2306 3850 2590 3904 nativitate
2616 3849 2814 3916 fecisti,
2848 3850 2918 3904 da
2945 3850 3170 3920 populis
3195 3851 3308 3906 tuis
3348 3853 3462 3923 spi-

1846 3943 2094 3998 ritalium
2127 3943 2362 4014 gratiam
2393 3943 2746 4013 gaudiorum,
2799 3947 2855 3997 et
2907 3943 3162 3998 omnium
3212 3943 3464 4001 ﬁdelituu

1846 4041 2062 4092 mentes
2087 4037 2267 4107 dirige
2293 4036 2352 4091 in
2376 4036 2523 4091 viam
2553 4036 2744 4092 salutis
2768 4040 2824 4091 et
2851 4036 3021 4106 pacis.
3041 4037 3166 4092 Per.

2504 4131 2815 4181 lmmolatio.

1916 4213 2054 4268 Vere
2095 4212 2333 4283 dignum
2370 4216 2454 4266 est
2489 4228 2590 4266 nos
2625 4212 2727 4266 tibi
2764 4228 2985 4283 semper
3017 4212 3110 4267 hic
3152 4218 3208 4269 et
3259 4213 3464 4288 ubique

1848 4305 2053 4377 gratias
2108 4321 2297 4374 agere,
2347 4304 2580 4359 Domine
2624 4309 2830 4373 sancte,
2882 4307 3041 4359 Pater
3090 4306 3464 4378 omnipotens,

1845 4404 2052 4454 aeterne
2081 4398 2244 4451 Deus.
2272 4397 2376 4460 Qui
2398 4397 2455 4450 in
2486 4397 2742 4450 omnium
2781 4402 3101 4451 sanctorum
3140 4403 3365 4453 tuorum
3406 4417 3464 4455 es

1846 4491 2141 4561 splendore
2167 4489 2466 4556 mirabilis;
2499 4489 2593 4559 qui
2616 4493 2947 4559 prmscntem
2984 4489 3134 4544 diem
3162 4490 3461 4546 honorabi-

1847 4584 1960 4638 lem
2003 4583 2164 4637 nobis
2200 4582 2260 4636 in
2301 4580 2448 4635 beati
2483 4580 2748 4635 Johannis
2789 4581 3077 4636 nativitate
3111 4582 3325 4652 fecisti;
3377 4588 3460 4656 ut,

1849 4677 2042 4748 gratiae
2080 4681 2189 4730 tuac
2232 4677 2499 4746 operante
2530 4673 2756 4742 virtute,
2807 4673 2898 4728 ille
2937 4678 3066 4745 (quo
3109 4675 3258 4729 inter
3301 4680 3462 4732 natos

1847 4770 2147 4826 mulierum
2183 4767 2371 4820 nullus
2407 4767 2604 4837 major)
2649 4766 2920 4835 oriretur;
2968 4768 3036 4821 da
3076 4763 3298 4840 populis
3350 4769 3461 4825 tuis

1847 4862 2220 4918 eruditionem
2242 4859 2580 4930 spiritalium
2599 4859 2952 4930 gaudiorum,
2972 4865 3026 4914 et
3044 4861 3299 4915 omnium
3325 4861 3458 4917 ﬁde-

1846 4956 1985 5010 lium
2013 4959 2229 5010 mentes
2246 4953 2422 5023 dirige
2449 4952 2507 5006 in
2522 4952 2672 5006 viam
2694 4952 2888 5006 salutis
2908 4957 2964 5006 et
2986 4953 3171 5023 pacis;
3204 4957 3267 5006 ut
3291 4969 3462 5024 quem

1846 5047 2221 5102 manifestavit
2255 5045 2568 5100 testiﬁcatio
2607 5045 2812 5113 nuntii,
2877 5045 3108 5114 impleat
3168 5047 3463 5117 praesentia

1847 5139 2108 5209 nuntiati,
2129 5155 2228 5211 per
2245 5139 2529 5194 Christum
2555 5138 2856 5194 Dominum
2871 5142 3145 5194 nostrum.
3168 5140 3273 5196 Per
3292 5156 3462 5213 quem

1846 5235 2185 5305 Majestatem
2207 5236 2385 5287 tuam.

2359 5332 2655 5384 Benedictio
2679 5333 2708 5374 b
2731 5330 2926 5398 pOpuli.

1918 5415 2081 5485 Deus,
2111 5413 2208 5486 qui
2232 5429 2334 5486 per
2361 5413 2637 5468 Zachariae
2663 5413 2949 5486 loquelam
2975 5412 3343 5477 manifestasti
3359 5435 3458 5478 na-

1847 5509 2118 5565 tivitatem
2159 5506 2330 5563 sancti
2367 5506 2655 5575 Johannis,
2693 5507 2732 5574 1-
2768 5513 2992 5579 praesta,
3027 5526 3367 5583 quaesumus,
3399 5514 3463 5572 ut

1847 5602 1947 5674 qui
1972 5600 2226 5658 natalitia
2252 5601 2375 5674 ejus
2407 5597 2759 5656 devotissime
2787 5596 3042 5674 colimus,
3067 5601 3458 5665 intercessione

215 5812 238 5851 δ
259 5813 382 5870 Tres
406 5834 597 5878 cruces
625 5818 717 5878 hic
744 5818 1015 5877 denotant
1039 5819 1248 5876 trinam
1272 5819 1465 5892 populi
1491 5819 1960 5876 benedictionem.
