  <div class='ocr_page' id='page_1' title='image "/cluster/home/n/w/nwhite01/storage/ocr_20150623/72/umn.31951002477365o/155.png"; bbox 0 0 3976 6426; ppageno 0'>
   <div class='ocr_carea' id='block_1_1' title="bbox 477 343 579 396">
    <p class='ocr_par' dir='ltr' id='par_1_1' title="bbox 477 343 579 396">
     <span class='ocr_line' id='line_1_1' title="bbox 477 343 579 396; baseline -0.02 0"><span class='ocrx_word' id='word_1_1' title='bbox 477 343 579 396; x_wconf 77' lang='lat'>295</span> 
     </span>
    </p>
   </div>
   <div class='ocr_carea' id='block_1_2' title="bbox 1255 323 3036 390">
    <p class='ocr_par' dir='ltr' id='par_1_2' title="bbox 1255 323 3036 390">
     <span class='ocr_line' id='line_1_2' title="bbox 1255 323 3036 390; baseline -0.005 0"><span class='ocrx_word' id='word_1_2' title='bbox 1255 333 1588 390; x_wconf 80' lang='lat' dir='ltr'>APPENDIX</span> <span class='ocrx_word' id='word_1_3' title='bbox 1625 333 1712 390; x_wconf 82' lang='lat' dir='ltr'>AD</span> <span class='ocrx_word' id='word_1_4' title='bbox 1749 331 1969 390; x_wconf 78' lang='lat' dir='ltr'>OPERA</span> <span class='ocrx_word' id='word_1_5' title='bbox 2006 329 2238 388; x_wconf 81' lang='lat' dir='ltr'>SANCTI</span> <span class='ocrx_word' id='word_1_6' title='bbox 2275 329 2574 388; x_wconf 83' lang='lat' dir='ltr'>GERMANI</span> <span class='ocrx_word' id='word_1_7' title='bbox 2611 323 3036 386; x_wconf 80' lang='lat' dir='ltr'>PARISIENSIS.</span> 
     </span>
    </p>
   </div>
   <div class='ocr_carea' id='block_1_3' title="bbox 3743 321 3854 378">
    <p class='ocr_par' dir='ltr' id='par_1_3' title="bbox 3743 321 3854 378">
     <span class='ocr_line' id='line_1_3' title="bbox 3743 321 3854 378; baseline 0 0"><span class='ocrx_word' id='word_1_8' title='bbox 3743 321 3854 378; x_wconf 78' lang='lat'>296</span> 
     </span>
    </p>
   </div>
   <div class='ocr_carea' id='block_1_4' title="bbox 476 433 3855 526">
    <p class='ocr_par' dir='ltr' id='par_1_4' title="bbox 476 433 3855 526">
     <span class='ocr_line' id='line_1_4' title="bbox 476 433 3855 526; baseline -0.005 -23"><span class='ocrx_word' id='word_1_9' title='bbox 476 449 630 503; x_wconf 89' lang='lat' dir='ltr'>illius</span> <span class='ocrx_word' id='word_1_10' title='bbox 661 441 1021 520; x_wconf 82' lang='lat' dir='ltr'>gaudeamus.</span> <span class='ocrx_word' id='word_1_11' title='bbox 1049 446 1086 510; x_wconf 76' lang='grc' dir='ltr'>-ι-</span> <span class='ocrx_word' id='word_1_12' title='bbox 1111 443 1180 496; x_wconf 89' lang='lat' dir='ltr'>Ut</span> <span class='ocrx_word' id='word_1_13' title='bbox 1204 441 1450 514; x_wconf 86' lang='lat' dir='ltr'>populus</span> <span class='ocrx_word' id='word_1_14' title='bbox 1475 447 1625 512; x_wconf 89' lang='lat' dir='ltr'>tuus,</span> <span class='ocrx_word' id='word_1_15' title='bbox 1657 443 1756 513; x_wconf 86' lang='lat' dir='ltr'>qui</span> <span class='ocrx_word' id='word_1_16' title='bbox 1784 442 1852 496; x_wconf 87' lang='lat' dir='ltr'>ad</span> <span class='ocrx_word' id='word_1_17' title='bbox 1894 441 2096 495; x_wconf 88' lang='lat' dir='ltr'>nativi-</span> <span class='ocrx_word' id='word_1_18' title='bbox 2123 455 2181 526; x_wconf 74' lang='grc' dir='ltr'><strong>Α</strong></span> <span class='ocrx_word' id='word_1_19' title='bbox 2201 441 2453 512; x_wconf 79' lang='lat' dir='ltr'>vestigiis</span> <span class='ocrx_word' id='word_1_20' title='bbox 2483 441 2662 510; x_wconf 86' lang='lat' dir='ltr'><strong>Caput</strong></span> <span class='ocrx_word' id='word_1_21' title='bbox 2686 437 2944 492; x_wconf 89' lang='lat' dir='ltr'>omnium</span> <span class='ocrx_word' id='word_1_22' title='bbox 2981 433 3242 490; x_wconf 89' lang='lat' dir='ltr'>nostrum</span> <span class='ocrx_word' id='word_1_23' title='bbox 3285 435 3510 490; x_wconf 86' lang='lat' dir='ltr'>secutus</span> <span class='ocrx_word' id='word_1_24' title='bbox 3547 435 3637 490; x_wconf 90' lang='lat' dir='ltr'>est</span> <span class='ocrx_word' id='word_1_25' title='bbox 3673 433 3855 488; x_wconf 84' lang='lat' dir='ltr'>Chri-</span> 
     </span>
    </p>
   </div>
   <div class='ocr_carea' id='block_1_5' title="bbox 475 534 2099 610">
    <p class='ocr_par' dir='ltr' id='par_1_5' title="bbox 475 534 2099 610">
     <span class='ocr_line' id='line_1_5' title="bbox 475 534 2099 610; baseline -0.005 -15"><span class='ocrx_word' id='word_1_26' title='bbox 475 545 652 596; x_wconf 88' lang='lat' dir='ltr'>tatem</span> <span class='ocrx_word' id='word_1_27' title='bbox 691 541 810 610; x_wconf 86' lang='lat' dir='ltr'>ejus</span> <span class='ocrx_word' id='word_1_28' title='bbox 847 540 1248 604; x_wconf 88' lang='lat' dir='ltr'>convenerunt,</span> <span class='ocrx_word' id='word_1_29' title='bbox 1294 537 1580 590; x_wconf 88' lang='lat' dir='ltr'>salventur</span> <span class='ocrx_word' id='word_1_30' title='bbox 1623 535 1835 590; x_wconf 90' lang='lat' dir='ltr'>meritis</span> <span class='ocrx_word' id='word_1_31' title='bbox 1873 550 1974 605; x_wconf 88' lang='lat' dir='ltr'>per</span> <span class='ocrx_word' id='word_1_32' title='bbox 2010 534 2099 588; x_wconf 90' lang='lat' dir='ltr'>in-</span> 
     </span>
    </p>
   </div>
   <div class='ocr_carea' id='block_1_6' title="bbox 475 628 2099 700">
    <p class='ocr_par' dir='ltr' id='par_1_6' title="bbox 475 628 2099 700">
     <span class='ocr_line' id='line_1_6' title="bbox 475 628 2099 700; baseline -0.005 -12"><span class='ocrx_word' id='word_1_33' title='bbox 475 637 792 689; x_wconf 88' lang='lat' dir='ltr'>terventum</span> <span class='ocrx_word' id='word_1_34' title='bbox 831 630 1084 684; x_wconf 89' lang='lat' dir='ltr'>omnium</span> <span class='ocrx_word' id='word_1_35' title='bbox 1123 633 1448 684; x_wconf 89' lang='lat' dir='ltr'>sanctorum</span> <span class='ocrx_word' id='word_1_36' title='bbox 1471 635 1527 684; x_wconf 91' lang='lat' dir='ltr'>et</span> <span class='ocrx_word' id='word_1_37' title='bbox 1555 628 2005 700; x_wconf 82' lang='lat' dir='ltr'>deprecationem</span> <span class='ocrx_word' id='word_1_38' title='bbox 2031 628 2099 681; x_wconf 92' lang='lat' dir='ltr'>il-</span> 
     </span>
    </p>
   </div>
   <div class='ocr_carea' id='block_1_7' title="bbox 475 721 2098 793">
    <p class='ocr_par' dir='ltr' id='par_1_7' title="bbox 475 721 2098 793">
     <span class='ocr_line' id='line_1_7' title="bbox 475 721 2098 793; baseline -0.004 -13"><span class='ocrx_word' id='word_1_39' title='bbox 475 727 585 780; x_wconf 90' lang='lat' dir='ltr'>lius</span> <span class='ocrx_word' id='word_1_40' title='bbox 611 723 824 778; x_wconf 89' lang='lat' dir='ltr'>meritis</span> <span class='ocrx_word' id='word_1_41' title='bbox 853 724 1208 793; x_wconf 80' lang='lat' dir='ltr'>adjuvantur.</span> <span class='ocrx_word' id='word_1_42' title='bbox 1239 729 1278 790; x_wconf 65' lang='grc' dir='ltr'>οῖ’</span> <span class='ocrx_word' id='word_1_43' title='bbox 1314 723 1410 792; x_wconf 91' lang='lat' dir='ltr'>Da,</span> <span class='ocrx_word' id='word_1_44' title='bbox 1451 723 1709 790; x_wconf 86' lang='lat' dir='ltr'>Domine,</span> <span class='ocrx_word' id='word_1_45' title='bbox 1753 726 1818 776; x_wconf 91' lang='lat' dir='ltr'>ut</span> <span class='ocrx_word' id='word_1_46' title='bbox 1859 721 1967 775; x_wconf 87' lang='lat' dir='ltr'>illis</span> <span class='ocrx_word' id='word_1_47' title='bbox 1997 737 2098 775; x_wconf 88' lang='lat' dir='ltr'>an-</span> 
     </span>
    </p>
   </div>
   <div class='ocr_carea' id='block_1_8' title="bbox 477 815 2100 889">
    <p class='ocr_par' dir='ltr' id='par_1_8' title="bbox 477 815 2100 889">
     <span class='ocr_line' id='line_1_8' title="bbox 477 815 2100 889; baseline -0.003 -17"><span class='ocrx_word' id='word_1_48' title='bbox 477 818 633 889; x_wconf 90' lang='lat' dir='ltr'>gelus</span> <span class='ocrx_word' id='word_1_49' title='bbox 685 816 904 870; x_wconf 83' lang='lat' dir='ltr'>Gabriel</span> <span class='ocrx_word' id='word_1_50' title='bbox 947 817 1096 887; x_wconf 89' lang='lat' dir='ltr'>(quo</span> <span class='ocrx_word' id='word_1_51' title='bbox 1141 815 1429 870; x_wconf 81' lang='lat' dir='ltr'>Zacharias</span> <span class='ocrx_word' id='word_1_52' title='bbox 1475 816 1737 886; x_wconf 85' lang='lat' dir='ltr'>loquente</span> <span class='ocrx_word' id='word_1_53' title='bbox 1801 815 2100 884; x_wconf 81' lang='lat' dir='ltr'>obmutuit)</span> 
     </span>
    </p>
   </div>
   <div class='ocr_carea' id='block_1_9' title="bbox 473 907 2104 978">
    <p class='ocr_par' dir='ltr' id='par_1_9' title="bbox 473 907 2104 978">
     <span class='ocr_line' id='line_1_9' title="bbox 473 907 2104 978; baseline -0.002 -14"><span class='ocrx_word' id='word_1_54' title='bbox 473 911 808 966; x_wconf 84' lang='lat' dir='ltr'>intercessor</span> <span class='ocrx_word' id='word_1_55' title='bbox 851 909 1095 978; x_wconf 73' lang='lat' dir='ltr'>adsistat,</span> <span class='ocrx_word' id='word_1_56' title='bbox 1131 913 1188 963; x_wconf 90' lang='lat' dir='ltr'>et</span> <span class='ocrx_word' id='word_1_57' title='bbox 1235 908 1446 962; x_wconf 89' lang='lat' dir='ltr'>meritis</span> <span class='ocrx_word' id='word_1_58' title='bbox 1485 908 1634 961; x_wconf 91' lang='lat' dir='ltr'>illius</span> <span class='ocrx_word' id='word_1_59' title='bbox 1677 907 2104 978; x_wconf 63' lang='lat' dir='ltr'>adjuventurzet</span> 
     </span>
    </p>
   </div>
   <div class='ocr_carea' id='block_1_10' title="bbox 475 1003 744 1058">
    <p class='ocr_par' dir='ltr' id='par_1_10' title="bbox 475 1003 744 1058">
     <span class='ocr_line' id='line_1_10' title="bbox 475 1003 744 1058; baseline -0.007 0"><span class='ocrx_word' id='word_1_60' title='bbox 475 1003 744 1058; x_wconf 90' lang='lat' dir='ltr'>moribus.</span> 
     </span>
    </p>
   </div>
   <div class='ocr_carea' id='block_1_11' title="bbox 725 1111 1846 1165">
    <p class='ocr_par' dir='ltr' id='par_1_11' title="bbox 725 1111 1846 1165">
     <span class='ocr_line' id='line_1_11' title="bbox 725 1111 1846 1165; baseline -0.002 -1"><span class='ocrx_word' id='word_1_61' title='bbox 725 1111 830 1165; x_wconf 90' lang='lat' dir='ltr'>LV.</span> <span class='ocrx_word' id='word_1_62' title='bbox 861 1125 1018 1165; x_wconf 59' lang='lat' dir='ltr'>mssa</span> <span class='ocrx_word' id='word_1_63' title='bbox 1048 1122 1366 1163; x_wconf 78' lang='lat' dir='ltr'>SANCTORUM</span> <span class='ocrx_word' id='word_1_64' title='bbox 1395 1123 1548 1162; x_wconf 76' lang='lat' dir='ltr'>PETRI</span> <span class='ocrx_word' id='word_1_65' title='bbox 1577 1123 1640 1162; x_wconf 75' lang='lat' dir='ltr'>ar</span> <span class='ocrx_word' id='word_1_66' title='bbox 1667 1123 1846 1162; x_wconf 67' lang='lat' dir='ltr'>psum.</span> 
     </span>
    </p>
   </div>
   <div class='ocr_carea' id='block_1_12' title="bbox 551 1215 2102 1292">
    <p class='ocr_par' dir='ltr' id='par_1_12' title="bbox 551 1215 2102 1292">
     <span class='ocr_line' id='line_1_12' title="bbox 551 1215 2102 1292; baseline -0.005 -17"><span class='ocrx_word' id='word_1_67' title='bbox 551 1219 916 1292; x_wconf 83' lang='lat' dir='ltr'>Omnipotens</span> <span class='ocrx_word' id='word_1_68' title='bbox 955 1231 980 1258; x_wconf 69' lang='grc' dir='ltr'>ε</span> <span class='ocrx_word' id='word_1_69' title='bbox 1027 1217 1368 1287; x_wconf 91' lang='lat' dir='ltr'>sempiterne</span> <span class='ocrx_word' id='word_1_70' title='bbox 1405 1217 1572 1282; x_wconf 88' lang='lat' dir='ltr'>Deus,</span> <span class='ocrx_word' id='word_1_71' title='bbox 1616 1215 1712 1287; x_wconf 88' lang='lat' dir='ltr'>qui</span> <span class='ocrx_word' id='word_1_72' title='bbox 1753 1216 1905 1271; x_wconf 90' lang='lat' dir='ltr'>hunc</span> <span class='ocrx_word' id='word_1_73' title='bbox 1953 1215 2102 1269; x_wconf 92' lang='lat' dir='ltr'>diem</span> 
     </span>
    </p>
   </div>
   <div class='ocr_carea' id='block_1_13' title="bbox 479 1307 2103 1382">
    <p class='ocr_par' dir='ltr' id='par_1_13' title="bbox 479 1307 2103 1382">
     <span class='ocr_line' id='line_1_13' title="bbox 479 1307 2103 1382; baseline -0.004 -14"><span class='ocrx_word' id='word_1_74' title='bbox 479 1311 932 1370; x_wconf 83' lang='lat' dir='ltr'>beatissimorum</span> <span class='ocrx_word' id='word_1_75' title='bbox 962 1311 1344 1382; x_wconf 85' lang='lat' dir='ltr'>apostolorum</span> <span class='ocrx_word' id='word_1_76' title='bbox 1371 1308 1520 1363; x_wconf 87' lang='lat' dir='ltr'>Petri</span> <span class='ocrx_word' id='word_1_77' title='bbox 1547 1313 1602 1362; x_wconf 93' lang='lat' dir='ltr'>et</span> <span class='ocrx_word' id='word_1_78' title='bbox 1639 1308 1798 1364; x_wconf 83' lang='lat' dir='ltr'>Pauli</span> <span class='ocrx_word' id='word_1_79' title='bbox 1833 1307 2103 1378; x_wconf 84' lang='lat' dir='ltr'>martyrio</span> 
     </span>
    </p>
   </div>
   <div class='ocr_carea' id='block_1_14' title="bbox 480 1401 2103 1473">
    <p class='ocr_par' dir='ltr' id='par_1_14' title="bbox 480 1401 2103 1473">
     <span class='ocr_line' id='line_1_14' title="bbox 480 1401 2103 1473; baseline -0.004 -11"><span class='ocrx_word' id='word_1_80' title='bbox 480 1407 833 1473; x_wconf 90' lang='lat' dir='ltr'>consecrasti,</span> <span class='ocrx_word' id='word_1_81' title='bbox 900 1407 969 1460; x_wconf 90' lang='lat' dir='ltr'>da</span> <span class='ocrx_word' id='word_1_82' title='bbox 1017 1403 1280 1458; x_wconf 73' lang='lat' dir='ltr'>Ecclesia:</span> <span class='ocrx_word' id='word_1_83' title='bbox 1321 1407 1432 1456; x_wconf 69' lang='lat' dir='ltr'>tuae</span> <span class='ocrx_word' id='word_1_84' title='bbox 1477 1405 1596 1456; x_wconf 88' lang='lat' dir='ltr'>toto</span> <span class='ocrx_word' id='word_1_85' title='bbox 1641 1407 1920 1456; x_wconf 89' lang='lat' dir='ltr'>terrarum</span> <span class='ocrx_word' id='word_1_86' title='bbox 1969 1401 2103 1455; x_wconf 87' lang='lat' dir='ltr'>orbe</span> 
     </span>
    </p>
   </div>
   <div class='ocr_carea' id='block_1_15' title="bbox 480 1494 2105 1570">
    <p class='ocr_par' dir='ltr' id='par_1_15' title="bbox 480 1494 2105 1570">
     <span class='ocr_line' id='line_1_15' title="bbox 480 1494 2105 1570; baseline -0.006 -14"><span class='ocrx_word' id='word_1_87' title='bbox 480 1501 716 1570; x_wconf 55' lang='lat' dir='ltr'>diffusa,</span> <span class='ocrx_word' id='word_1_88' title='bbox 769 1515 964 1553; x_wconf 90' lang='lat' dir='ltr'>eorum</span> <span class='ocrx_word' id='word_1_89' title='bbox 999 1513 1222 1566; x_wconf 88' lang='lat' dir='ltr'>semper</span> <span class='ocrx_word' id='word_1_90' title='bbox 1273 1495 1601 1564; x_wconf 89' lang='lat' dir='ltr'>magisterio</span> <span class='ocrx_word' id='word_1_91' title='bbox 1639 1494 1961 1565; x_wconf 82' lang='lat' dir='ltr'>gubernari,</span> <span class='ocrx_word' id='word_1_92' title='bbox 2003 1510 2105 1562; x_wconf 91' lang='lat' dir='ltr'>per</span> 
     </span>
    </p>
   </div>
   <div class='ocr_carea' id='block_1_16' title="bbox 479 1587 2100 1666">
    <p class='ocr_par' dir='ltr' id='par_1_16' title="bbox 479 1587 2100 1666">
     <span class='ocr_line' id='line_1_16' title="bbox 479 1587 2100 1666; baseline -0.006 -17"><span class='ocrx_word' id='word_1_93' title='bbox 479 1611 619 1666; x_wconf 90' lang='lat' dir='ltr'>quos</span> <span class='ocrx_word' id='word_1_94' title='bbox 658 1592 897 1663; x_wconf 91' lang='lat' dir='ltr'>sumpsit</span> <span class='ocrx_word' id='word_1_95' title='bbox 933 1587 1221 1660; x_wconf 83' lang='lat' dir='ltr'>religionis</span> <span class='ocrx_word' id='word_1_96' title='bbox 1271 1587 1592 1642; x_wconf 84' lang='lat' dir='ltr'>exordium.</span> <span class='ocrx_word' id='word_1_97' title='bbox 1645 1589 1750 1641; x_wconf 91' lang='lat' dir='ltr'>Per</span> <span class='ocrx_word' id='word_1_98' title='bbox 1795 1587 2100 1641; x_wconf 90' lang='lat' dir='ltr'>Dominum</span> 
     </span>
    </p>
   </div>
   <div class='ocr_carea' id='block_1_17' title="bbox 479 1680 1702 1742">
    <p class='ocr_par' dir='ltr' id='par_1_17' title="bbox 479 1680 1702 1742">
     <span class='ocr_line' id='line_1_17' title="bbox 479 1680 1702 1742; baseline -0.008 0"><span class='ocrx_word' id='word_1_99' title='bbox 479 1692 740 1742; x_wconf 90' lang='lat' dir='ltr'>nostrum</span> <span class='ocrx_word' id='word_1_100' title='bbox 764 1687 952 1740; x_wconf 88' lang='lat' dir='ltr'>Jesum</span> <span class='ocrx_word' id='word_1_101' title='bbox 979 1682 1264 1737; x_wconf 86' lang='lat' dir='ltr'>Christum</span> <span class='ocrx_word' id='word_1_102' title='bbox 1293 1680 1494 1734; x_wconf 87' lang='lat' dir='ltr'>Filium</span> <span class='ocrx_word' id='word_1_103' title='bbox 1520 1685 1702 1734; x_wconf 88' lang='lat' dir='ltr'>tuum.</span> 
     </span>
    </p>
   </div>
   <div class='ocr_carea' id='block_1_18' title="bbox 1033 1777 1553 1840">
    <p class='ocr_par' dir='ltr' id='par_1_18' title="bbox 1033 1777 1553 1840">
     <span class='ocr_line' id='line_1_18' title="bbox 1033 1777 1553 1840; baseline -0.006 -13"><span class='ocrx_word' id='word_1_104' title='bbox 1033 1778 1281 1827; x_wconf 88' lang='lat' dir='ltr'>Collectio</span> <span class='ocrx_word' id='word_1_105' title='bbox 1301 1777 1553 1840; x_wconf 82' lang='lat' dir='ltr'>sequitur.</span> 
     </span>
    </p>
   </div>
   <div class='ocr_carea' id='block_1_19' title="bbox 2202 532 2874 588">
    <p class='ocr_par' dir='ltr' id='par_1_19' title="bbox 2202 532 2874 588">
     <span class='ocr_line' id='line_1_19' title="bbox 2202 532 2874 588; baseline -0.004 1"><span class='ocrx_word' id='word_1_106' title='bbox 2202 539 2371 588; x_wconf 91' lang='lat' dir='ltr'>stum.</span> <span class='ocrx_word' id='word_1_107' title='bbox 2399 533 2501 588; x_wconf 88' lang='lat' dir='ltr'>Cui</span> <span class='ocrx_word' id='word_1_108' title='bbox 2527 532 2729 586; x_wconf 87' lang='lat' dir='ltr'>merito</span> <span class='ocrx_word' id='word_1_109' title='bbox 2761 547 2874 586; x_wconf 90' lang='lat' dir='ltr'>om.</span> 
     </span>
    </p>
   </div>
   <div class='ocr_carea' id='block_1_20' title="bbox 2203 617 3860 688">
    <p class='ocr_par' dir='ltr' id='par_1_20' title="bbox 2203 617 3860 688">
     <span class='ocr_line' id='line_1_20' title="bbox 2203 617 3860 688; baseline -0.005 -13"><span class='ocrx_word' id='word_1_110' title='bbox 2203 624 2502 676; x_wconf 87' lang='lat' dir='ltr'>Benedictio</span> <span class='ocrx_word' id='word_1_111' title='bbox 2528 623 2706 688; x_wconf 88' lang='lat' dir='ltr'>populi</span> <span class='ocrx_word' id='word_1_112' title='bbox 2733 624 2786 672; x_wconf 89' lang='lat' dir='ltr'>in</span> <span class='ocrx_word' id='word_1_113' title='bbox 2809 623 2979 672; x_wconf 83' lang='lat' dir='ltr'>natale</span> <span class='ocrx_word' id='word_1_114' title='bbox 3020 621 3376 686; x_wconf 87' lang='lat' dir='ltr'>apostolorum</span> <span class='ocrx_word' id='word_1_115' title='bbox 3407 618 3544 669; x_wconf 85' lang='lat' dir='ltr'>Petri</span> <span class='ocrx_word' id='word_1_116' title='bbox 3588 622 3644 669; x_wconf 88' lang='lat' dir='ltr'>et</span> <span class='ocrx_word' id='word_1_117' title='bbox 3679 617 3860 668; x_wconf 81' lang='lat' dir='ltr'>Pauli.</span> 
     </span>
    </p>
   </div>
   <div class='ocr_carea' id='block_1_21' title="bbox 2273 703 3862 780">
    <p class='ocr_par' dir='ltr' id='par_1_21' title="bbox 2273 703 3862 780">
     <span class='ocr_line' id='line_1_21' title="bbox 2273 703 3862 780; baseline -0.004 -17"><span class='ocrx_word' id='word_1_118' title='bbox 2273 712 2434 778; x_wconf 89' lang='lat' dir='ltr'>Deus,</span> <span class='ocrx_word' id='word_1_119' title='bbox 2457 709 2554 780; x_wconf 93' lang='lat' dir='ltr'>qui</span> <span class='ocrx_word' id='word_1_120' title='bbox 2573 708 2843 762; x_wconf 88' lang='lat' dir='ltr'>membris</span> <span class='ocrx_word' id='word_1_121' title='bbox 2855 707 3134 774; x_wconf 72' lang='lat' dir='ltr'>Ecclesiae,</span> <span class='ocrx_word' id='word_1_122' title='bbox 3149 707 3302 760; x_wconf 88' lang='lat' dir='ltr'>velut</span> <span class='ocrx_word' id='word_1_123' title='bbox 3320 705 3630 776; x_wconf 88' lang='lat' dir='ltr'>gemellum</span> <span class='ocrx_word' id='word_1_124' title='bbox 3645 703 3862 758; x_wconf 91' lang='lat' dir='ltr'>lumen</span> 
     </span>
    </p>
   </div>
   <div class='ocr_carea' id='block_1_22' title="bbox 2201 795 3864 874">
    <p class='ocr_par' dir='ltr' id='par_1_22' title="bbox 2201 795 3864 874">
     <span class='ocr_line' id='line_1_22' title="bbox 2201 795 3864 874; baseline -0.005 -16"><span class='ocrx_word' id='word_1_125' title='bbox 2201 819 2313 874; x_wconf 88' lang='lat' dir='ltr'>quo</span> <span class='ocrx_word' id='word_1_126' title='bbox 2343 805 2643 857; x_wconf 84' lang='lat' dir='ltr'>caveantur</span> <span class='ocrx_word' id='word_1_127' title='bbox 2667 801 2935 870; x_wconf 61' lang='lat' dir='ltr'>tenebrae,</span> <span class='ocrx_word' id='word_1_128' title='bbox 2967 799 3148 854; x_wconf 89' lang='lat' dir='ltr'>fecisti</span> <span class='ocrx_word' id='word_1_129' title='bbox 3177 797 3326 853; x_wconf 90' lang='lat' dir='ltr'>Petri</span> <span class='ocrx_word' id='word_1_130' title='bbox 3351 798 3654 868; x_wconf 83' lang='lat' dir='ltr'>lacrymas,</span> <span class='ocrx_word' id='word_1_131' title='bbox 3685 795 3864 850; x_wconf 87' lang='lat' dir='ltr'>Pauli</span> 
     </span>
    </p>
   </div>
   <div class='ocr_carea' id='block_1_23' title="bbox 2201 889 3862 962">
    <p class='ocr_par' dir='ltr' id='par_1_23' title="bbox 2201 889 3862 962">
     <span class='ocr_line' id='line_1_23' title="bbox 2201 889 3862 962; baseline -0.005 -12"><span class='ocrx_word' id='word_1_132' title='bbox 2201 897 2416 952; x_wconf 87' lang='lat' dir='ltr'>litteras</span> <span class='ocrx_word' id='word_1_133' title='bbox 2469 911 2778 949; x_wconf 88' lang='lat' dir='ltr'>coruscare.</span> <span class='ocrx_word' id='word_1_134' title='bbox 2839 897 3040 948; x_wconf 84' lang='lat' dir='ltr'>Amen.</span> <span class='ocrx_word' id='word_1_135' title='bbox 3109 893 3258 945; x_wconf 80' lang='lat' dir='ltr'>lianc</span> <span class='ocrx_word' id='word_1_136' title='bbox 3315 891 3542 962; x_wconf 83' lang='lat' dir='ltr'>plebem</span> <span class='ocrx_word' id='word_1_137' title='bbox 3599 889 3862 960; x_wconf 88' lang='lat' dir='ltr'>placitus</span> 
     </span>
    </p>
   </div>
   <div class='ocr_carea' id='block_1_24' title="bbox 2201 982 3862 1061">
    <p class='ocr_par' dir='ltr' id='par_1_24' title="bbox 2201 982 3862 1061">
     <span class='ocr_line' id='line_1_24' title="bbox 2201 982 3862 1061; baseline -0.006 -17"><span class='ocrx_word' id='word_1_138' title='bbox 2201 990 2410 1061; x_wconf 90' lang='lat' dir='ltr'>inspice</span> <span class='ocrx_word' id='word_1_139' title='bbox 2438 1005 2450 1042; x_wconf 90' lang='lat'><strong>:</strong></span> <span class='ocrx_word' id='word_1_140' title='bbox 2483 989 2756 1060; x_wconf 73' lang='lat' dir='ltr'>quicaelos</span> <span class='ocrx_word' id='word_1_141' title='bbox 2781 988 2914 1040; x_wconf 84' lang='lat' dir='ltr'>facis</span> <span class='ocrx_word' id='word_1_142' title='bbox 2941 985 3160 1056; x_wconf 90' lang='lat' dir='ltr'>aperire</span> <span class='ocrx_word' id='word_1_143' title='bbox 3181 987 3347 1039; x_wconf 90' lang='lat' dir='ltr'>Petro</span> <span class='ocrx_word' id='word_1_144' title='bbox 3372 983 3430 1037; x_wconf 90' lang='lat' dir='ltr'>in</span> <span class='ocrx_word' id='word_1_145' title='bbox 3460 983 3637 1050; x_wconf 87' lang='lat' dir='ltr'>clave,</span> <span class='ocrx_word' id='word_1_146' title='bbox 3673 982 3862 1036; x_wconf 88' lang='lat' dir='ltr'>Paulo</span> 
     </span>
    </p>
   </div>
   <div class='ocr_carea' id='block_1_25' title="bbox 2201 1075 3864 1152">
    <p class='ocr_par' dir='ltr' id='par_1_25' title="bbox 2201 1075 3864 1152">
     <span class='ocr_line' id='line_1_25' title="bbox 2201 1075 3864 1152; baseline -0.007 -14"><span class='ocrx_word' id='word_1_147' title='bbox 2201 1083 2260 1138; x_wconf 92' lang='lat' dir='ltr'>in</span> <span class='ocrx_word' id='word_1_148' title='bbox 2300 1083 2584 1152; x_wconf 81' lang='lat' dir='ltr'>dogmate.</span> <span class='ocrx_word' id='word_1_149' title='bbox 2623 1083 2822 1135; x_wconf 92' lang='lat' dir='ltr'>Amen.</span> <span class='ocrx_word' id='word_1_150' title='bbox 2853 1078 3045 1152; x_wconf 82' lang='grc'>2³74</span> <span class='ocrx_word' id='word_1_151' title='bbox 3071 1079 3140 1132; x_wconf 95' lang='lat' dir='ltr'>Ut</span> <span class='ocrx_word' id='word_1_152' title='bbox 3165 1075 3571 1148; x_wconf 70' lang='lat' dir='ltr'>praeviantibus</span> <span class='ocrx_word' id='word_1_153' title='bbox 3601 1075 3864 1129; x_wconf 88' lang='lat' dir='ltr'>ducibus</span> 
     </span>
    </p>
   </div>
   <div class='ocr_carea' id='block_1_26' title="bbox 2201 1168 3866 1246">
    <p class='ocr_par' dir='ltr' id='par_1_26' title="bbox 2201 1168 3866 1246">
     <span class='ocr_line' id='line_1_26' title="bbox 2201 1168 3866 1246; baseline -0.005 -16"><span class='ocrx_word' id='word_1_154' title='bbox 2201 1176 2316 1230; x_wconf 89' lang='lat' dir='ltr'>illic</span> <span class='ocrx_word' id='word_1_155' title='bbox 2354 1192 2490 1246; x_wconf 85' lang='lat' dir='ltr'>grex</span> <span class='ocrx_word' id='word_1_156' title='bbox 2521 1174 2694 1244; x_wconf 88' lang='lat' dir='ltr'>possit</span> <span class='ocrx_word' id='word_1_157' title='bbox 2731 1173 3013 1238; x_wconf 86' lang='lat' dir='ltr'>accedere,</span> <span class='ocrx_word' id='word_1_158' title='bbox 3058 1187 3170 1242; x_wconf 90' lang='lat' dir='ltr'>quo</span> <span class='ocrx_word' id='word_1_159' title='bbox 3207 1173 3594 1242; x_wconf 88' lang='lat' dir='ltr'>pervenerunt</span> <span class='ocrx_word' id='word_1_160' title='bbox 3627 1168 3866 1240; x_wconf 84' lang='lat' dir='ltr'>pariter</span> 
     </span>
    </p>
   </div>
   <div class='ocr_carea' id='block_1_27' title="bbox 2201 1260 3860 1336">
    <p class='ocr_par' dir='ltr' id='par_1_27' title="bbox 2201 1260 3860 1336">
     <span class='ocr_line' id='line_1_27' title="bbox 2201 1260 3860 1336; baseline -0.005 -13"><span class='ocrx_word' id='word_1_161' title='bbox 2201 1273 2318 1323; x_wconf 90' lang='lat' dir='ltr'>tam</span> <span class='ocrx_word' id='word_1_162' title='bbox 2345 1267 2436 1322; x_wconf 92' lang='lat' dir='ltr'>ille</span> <span class='ocrx_word' id='word_1_163' title='bbox 2463 1269 2654 1321; x_wconf 89' lang='lat' dir='ltr'>Pastor</span> <span class='ocrx_word' id='word_1_164' title='bbox 2679 1265 3005 1336; x_wconf 86' lang='lat' dir='ltr'>suspendio,</span> <span class='ocrx_word' id='word_1_165' title='bbox 3034 1279 3203 1334; x_wconf 90' lang='lat' dir='ltr'>quam</span> <span class='ocrx_word' id='word_1_166' title='bbox 3235 1262 3337 1317; x_wconf 90' lang='lat' dir='ltr'>iste</span> <span class='ocrx_word' id='word_1_167' title='bbox 3369 1263 3566 1316; x_wconf 90' lang='lat' dir='ltr'>doctor</span> <span class='ocrx_word' id='word_1_168' title='bbox 3590 1277 3701 1332; x_wconf 88' lang='lat' dir='ltr'>per</span> <span class='ocrx_word' id='word_1_169' title='bbox 3735 1260 3860 1331; x_wconf 87' lang='lat' dir='ltr'>gla-</span> 
     </span>
    </p>
   </div>
   <div class='ocr_carea' id='block_1_28' title="bbox 2203 1357 3562 1430">
    <p class='ocr_par' dir='ltr' id='par_1_28' title="bbox 2203 1357 3562 1430">
     <span class='ocr_line' id='line_1_28' title="bbox 2203 1357 3562 1430; baseline -0.005 -14"><span class='ocrx_word' id='word_1_170' title='bbox 2203 1361 2360 1416; x_wconf 92' lang='lat' dir='ltr'>dium</span> <span class='ocrx_word' id='word_1_171' title='bbox 2389 1361 2447 1415; x_wconf 92' lang='lat' dir='ltr'>in</span> <span class='ocrx_word' id='word_1_172' title='bbox 2475 1375 2794 1430; x_wconf 87' lang='lat' dir='ltr'>congresso.</span> <span class='ocrx_word' id='word_1_173' title='bbox 2823 1359 2927 1412; x_wconf 90' lang='lat' dir='ltr'>Per</span> <span class='ocrx_word' id='word_1_174' title='bbox 2953 1357 3252 1411; x_wconf 89' lang='lat' dir='ltr'>Dominum</span> <span class='ocrx_word' id='word_1_175' title='bbox 3282 1360 3562 1410; x_wconf 86' lang='lat' dir='ltr'>nostrum.</span> 
     </span>
    </p>
   </div>
   <div class='ocr_carea' id='block_1_29' title="bbox 2253 1469 3826 1526">
    <p class='ocr_par' dir='ltr' id='par_1_29' title="bbox 2253 1469 3826 1526">
     <span class='ocr_line' id='line_1_29' title="bbox 2253 1469 3826 1526; baseline -0.004 0"><span class='ocrx_word' id='word_1_176' title='bbox 2253 1473 2378 1526; x_wconf 88' lang='lat' dir='ltr'><strong>LVI.</strong></span> <span class='ocrx_word' id='word_1_177' title='bbox 2404 1487 2558 1526; x_wconf 73' lang='lat' dir='ltr'>MISSA</span> <span class='ocrx_word' id='word_1_178' title='bbox 2583 1487 2636 1525; x_wconf 84' lang='lat' dir='ltr'>IN</span> <span class='ocrx_word' id='word_1_179' title='bbox 2665 1485 2868 1525; x_wconf 64' lang='lat' dir='ltr'>manu;</span> <span class='ocrx_word' id='word_1_180' title='bbox 2889 1469 2917 1509; x_wconf 68' lang='grc' dir='ltr'><strong>ι)</strong></span> <span class='ocrx_word' id='word_1_181' title='bbox 2945 1484 3102 1524; x_wconf 70' lang='lat' dir='ltr'>UNIUS</span> <span class='ocrx_word' id='word_1_182' title='bbox 3123 1483 3380 1522; x_wconf 77' lang='lat' dir='ltr'>APOSTOLI</span> <span class='ocrx_word' id='word_1_183' title='bbox 3403 1483 3468 1521; x_wconf 79' lang='grc' dir='ltr'>ετ</span> <span class='ocrx_word' id='word_1_184' title='bbox 3497 1481 3784 1522; x_wconf 68' lang='lat' dir='ltr'>murram</span> <span class='ocrx_word' id='word_1_185' title='bbox 3811 1506 3826 1520; x_wconf 92' lang='lat'>.</span> 
     </span>
    </p>
   </div>
   <div class='ocr_carea' id='block_1_30' title="bbox 2277 1563 3862 1636">
    <p class='ocr_par' dir='ltr' id='par_1_30' title="bbox 2277 1563 3862 1636">
     <span class='ocr_line' id='line_1_30' title="bbox 2277 1563 3862 1636; baseline -0.004 -14"><span class='ocrx_word' id='word_1_186' title='bbox 2277 1568 2510 1623; x_wconf 88' lang='lat' dir='ltr'>Domine</span> <span class='ocrx_word' id='word_1_187' title='bbox 2543 1569 2706 1636; x_wconf 88' lang='lat' dir='ltr'>Deus,</span> <span class='ocrx_word' id='word_1_188' title='bbox 2735 1567 2991 1622; x_wconf 90' lang='lat' dir='ltr'>omnium</span> <span class='ocrx_word' id='word_1_189' title='bbox 3016 1567 3350 1621; x_wconf 84' lang='lat' dir='ltr'>Sanctorum</span> <span class='ocrx_word' id='word_1_190' title='bbox 3376 1563 3646 1635; x_wconf 89' lang='lat' dir='ltr'>splendor</span> <span class='ocrx_word' id='word_1_191' title='bbox 3671 1563 3862 1618; x_wconf 89' lang='lat' dir='ltr'>mira-</span> 
     </span>
    </p>
   </div>
   <div class='ocr_carea' id='block_1_31' title="bbox 2205 1656 3865 1732">
    <p class='ocr_par' dir='ltr' id='par_1_31' title="bbox 2205 1656 3865 1732">
     <span class='ocr_line' id='line_1_31' title="bbox 2205 1656 3865 1732; baseline -0.005 -14"><span class='ocrx_word' id='word_1_192' title='bbox 2205 1662 2352 1730; x_wconf 88' lang='lat' dir='ltr'>bilis,</span> <span class='ocrx_word' id='word_1_193' title='bbox 2383 1661 2478 1732; x_wconf 89' lang='lat' dir='ltr'>qui</span> <span class='ocrx_word' id='word_1_194' title='bbox 2507 1661 2659 1716; x_wconf 89' lang='lat' dir='ltr'>hunc</span> <span class='ocrx_word' id='word_1_195' title='bbox 2685 1661 2836 1715; x_wconf 89' lang='lat' dir='ltr'>diem</span> <span class='ocrx_word' id='word_1_196' title='bbox 2867 1659 3016 1714; x_wconf 87' lang='lat' dir='ltr'>beati</span> <span class='ocrx_word' id='word_1_197' title='bbox 3052 1659 3288 1730; x_wconf 86' lang='lat' dir='ltr'>apostoli</span> <span class='ocrx_word' id='word_1_198' title='bbox 3326 1658 3412 1712; x_wconf 90' lang='lat' dir='ltr'>tui</span> <span class='ocrx_word' id='word_1_199' title='bbox 3445 1657 3528 1712; x_wconf 89' lang='lat' dir='ltr'>ill.</span> <span class='ocrx_word' id='word_1_200' title='bbox 3571 1656 3865 1728; x_wconf 84' lang='lat' dir='ltr'>martyrio</span> 
     </span>
    </p>
   </div>
   <div class='ocr_carea' id='block_1_32' title="bbox 2205 1751 3864 1823">
    <p class='ocr_par' dir='ltr' id='par_1_32' title="bbox 2205 1751 3864 1823">
     <span class='ocr_line' id='line_1_32' title="bbox 2205 1751 3864 1823; baseline -0.004 -13"><span class='ocrx_word' id='word_1_201' title='bbox 2205 1755 2556 1823; x_wconf 90' lang='lat' dir='ltr'>consecrasti,</span> <span class='ocrx_word' id='word_1_202' title='bbox 2586 1755 2658 1808; x_wconf 90' lang='lat' dir='ltr'>da</span> <span class='ocrx_word' id='word_1_203' title='bbox 2695 1753 2949 1808; x_wconf 85' lang='lat' dir='ltr'>Ecclesiae</span> <span class='ocrx_word' id='word_1_204' title='bbox 2975 1757 3089 1806; x_wconf 69' lang='lat' dir='ltr'>tuae</span> <span class='ocrx_word' id='word_1_205' title='bbox 3117 1752 3286 1822; x_wconf 81' lang='lat' dir='ltr'>digne</span> <span class='ocrx_word' id='word_1_206' title='bbox 3313 1753 3382 1806; x_wconf 91' lang='lat' dir='ltr'>de</span> <span class='ocrx_word' id='word_1_207' title='bbox 3409 1755 3568 1806; x_wconf 79' lang='lat' dir='ltr'>tanto</span> <span class='ocrx_word' id='word_1_208' title='bbox 3597 1751 3864 1822; x_wconf 87' lang='lat' dir='ltr'>gaudere</span> 
     </span>
    </p>
   </div>
   <div class='ocr_carea' id='block_1_33' title="bbox 549 1815 3866 1936">
    <p class='ocr_par' dir='ltr' id='par_1_33' title="bbox 549 1815 3866 1936">
     <span class='ocr_line' id='line_1_33' title="bbox 1035 1815 3629 1840; baseline -0.003 -13"><span class='ocrx_word' id='word_1_209' title='bbox 1035 1815 1280 1827; x_wconf 62' lang='lat'>......-......</span> <span class='ocrx_word' id='word_1_210' title='bbox 1301 1815 1524 1840; x_wconf 53' lang='grc' dir='ltr'>νην.-.</span> <span class='ocrx_word' id='word_1_211' title='bbox 1539 1815 1553 1824; x_wconf 94' lang='grc'>.</span> <span class='ocrx_word' id='word_1_212' title='bbox 2545 1815 2554 1823; x_wconf 92' lang='grc'>,</span> <span class='ocrx_word' id='word_1_213' title='bbox 3180 1815 3209 1822; x_wconf 76' lang='lat'>-</span> <span class='ocrx_word' id='word_1_214' title='bbox 3598 1815 3629 1822; x_wconf 74' lang='lat'>_</span> 
     </span>
     <span class='ocr_line' id='line_1_34' title="bbox 549 1815 3866 1936; baseline -0.008 -14"><span class='ocrx_word' id='word_1_215' title='bbox 549 1867 780 1935; x_wconf 88' lang='lat' dir='ltr'>Exaudi,</span> <span class='ocrx_word' id='word_1_216' title='bbox 820 1881 1161 1936; x_wconf 67' lang='lat' dir='ltr'>quaesumus,</span> <span class='ocrx_word' id='word_1_217' title='bbox 1193 1863 1450 1930; x_wconf 91' lang='lat' dir='ltr'>Domine,</span> <span class='ocrx_word' id='word_1_218' title='bbox 1481 1861 1760 1932; x_wconf 88' lang='lat' dir='ltr'>populum</span> <span class='ocrx_word' id='word_1_219' title='bbox 1785 1865 1950 1913; x_wconf 89' lang='lat' dir='ltr'>tuum</span> <span class='ocrx_word' id='word_1_220' title='bbox 1975 1875 2106 1912; x_wconf 88' lang='lat' dir='ltr'>cum</span> <span class='ocrx_word' id='word_1_221' title='bbox 2125 1815 2181 1887; x_wconf 83' lang='lat' dir='ltr'><strong>B</strong></span> <span class='ocrx_word' id='word_1_222' title='bbox 2207 1848 2476 1920; x_wconf 85' lang='lat' dir='ltr'>apostolo,</span> <span class='ocrx_word' id='word_1_223' title='bbox 2505 1851 2572 1900; x_wconf 90' lang='lat' dir='ltr'>ut</span> <span class='ocrx_word' id='word_1_224' title='bbox 2611 1847 2762 1918; x_wconf 90' lang='lat' dir='ltr'>apud</span> <span class='ocrx_word' id='word_1_225' title='bbox 2801 1845 3242 1900; x_wconf 89' lang='lat' dir='ltr'>misericordiam</span> <span class='ocrx_word' id='word_1_226' title='bbox 3275 1849 3456 1910; x_wconf 90' lang='lat' dir='ltr'>tuam,</span> <span class='ocrx_word' id='word_1_227' title='bbox 3483 1847 3542 1898; x_wconf 93' lang='lat' dir='ltr'>et</span> <span class='ocrx_word' id='word_1_228' title='bbox 3583 1843 3866 1914; x_wconf 86' lang='lat' dir='ltr'>exemplo</span> 
     </span>
    </p>
   </div>
   <div class='ocr_carea' id='block_1_34' title="bbox 478 1951 2104 2028">
    <p class='ocr_par' dir='ltr' id='par_1_34' title="bbox 478 1951 2104 2028">
     <span class='ocr_line' id='line_1_35' title="bbox 478 1951 2104 2028; baseline -0.008 -12"><span class='ocrx_word' id='word_1_229' title='bbox 478 1967 798 2016; x_wconf 88' lang='lat' dir='ltr'>sanctorum</span> <span class='ocrx_word' id='word_1_230' title='bbox 825 1957 1206 2028; x_wconf 85' lang='lat' dir='ltr'>apostolorum</span> <span class='ocrx_word' id='word_1_231' title='bbox 1231 1961 1460 2010; x_wconf 90' lang='lat' dir='ltr'>tuorum</span> <span class='ocrx_word' id='word_1_232' title='bbox 1479 1953 1626 2008; x_wconf 91' lang='lat' dir='ltr'>Petri</span> <span class='ocrx_word' id='word_1_233' title='bbox 1657 1957 1712 2007; x_wconf 93' lang='lat' dir='ltr'>et</span> <span class='ocrx_word' id='word_1_234' title='bbox 1735 1951 1890 2006; x_wconf 86' lang='lat' dir='ltr'>Pauli</span> <span class='ocrx_word' id='word_1_235' title='bbox 1915 1957 2104 2022; x_wconf 89' lang='lat' dir='ltr'>patro-</span> 
     </span>
    </p>
   </div>
   <div class='ocr_carea' id='block_1_35' title="bbox 481 2043 2102 2122">
    <p class='ocr_par' dir='ltr' id='par_1_35' title="bbox 481 2043 2102 2122">
     <span class='ocr_line' id='line_1_36' title="bbox 481 2043 2102 2122; baseline -0.006 -15"><span class='ocrx_word' id='word_1_236' title='bbox 481 2054 628 2108; x_wconf 92' lang='lat' dir='ltr'>cinio</span> <span class='ocrx_word' id='word_1_237' title='bbox 655 2051 1097 2122; x_wconf 85' lang='lat' dir='ltr'>supplicantem;</span> <span class='ocrx_word' id='word_1_238' title='bbox 1129 2045 1322 2120; x_wconf 82' lang='lat'>273</span> <span class='ocrx_word' id='word_1_239' title='bbox 1347 2051 1413 2100; x_wconf 91' lang='lat' dir='ltr'>ut</span> <span class='ocrx_word' id='word_1_240' title='bbox 1437 2052 1534 2100; x_wconf 90' lang='lat' dir='ltr'>tuo</span> <span class='ocrx_word' id='word_1_241' title='bbox 1559 2043 2000 2112; x_wconf 61' lang='lat' dir='ltr'>auxilio;servati,</span> <span class='ocrx_word' id='word_1_242' title='bbox 2020 2059 2102 2098; x_wconf 91' lang='lat' dir='ltr'>se-</span> 
     </span>
    </p>
   </div>
   <div class='ocr_carea' id='block_1_36' title="bbox 483 2139 1890 2214">
    <p class='ocr_par' dir='ltr' id='par_1_36' title="bbox 483 2139 1890 2214">
     <span class='ocr_line' id='line_1_37' title="bbox 483 2139 1890 2214; baseline -0.007 -14"><span class='ocrx_word' id='word_1_243' title='bbox 483 2161 614 2200; x_wconf 91' lang='lat' dir='ltr'>cura</span> <span class='ocrx_word' id='word_1_244' title='bbox 638 2145 742 2199; x_wconf 89' lang='lat' dir='ltr'>tibi</span> <span class='ocrx_word' id='word_1_245' title='bbox 765 2143 940 2214; x_wconf 91' lang='lat' dir='ltr'>possit</span> <span class='ocrx_word' id='word_1_246' title='bbox 970 2141 1259 2196; x_wconf 83' lang='lat' dir='ltr'>devotione</span> <span class='ocrx_word' id='word_1_247' title='bbox 1289 2139 1516 2194; x_wconf 85' lang='lat' dir='ltr'>servire.</span> <span class='ocrx_word' id='word_1_248' title='bbox 1547 2139 1653 2192; x_wconf 90' lang='lat' dir='ltr'>Per</span> <span class='ocrx_word' id='word_1_249' title='bbox 1681 2139 1890 2193; x_wconf 82' lang='lat' dir='ltr'>Jesum.</span> 
     </span>
    </p>
   </div>
   <div class='ocr_carea' id='block_1_37' title="bbox 969 2235 1614 2301">
    <p class='ocr_par' dir='ltr' id='par_1_37' title="bbox 969 2235 1614 2301">
     <span class='ocr_line' id='line_1_38' title="bbox 969 2235 1614 2301; baseline -0.005 -14"><span class='ocrx_word' id='word_1_250' title='bbox 969 2238 1217 2287; x_wconf 87' lang='lat' dir='ltr'>Collectio</span> <span class='ocrx_word' id='word_1_251' title='bbox 1243 2240 1360 2301; x_wconf 89' lang='lat' dir='ltr'>post</span> <span class='ocrx_word' id='word_1_252' title='bbox 1385 2235 1614 2285; x_wconf 86' lang='lat' dir='ltr'>nomina.</span> 
     </span>
    </p>
   </div>
   <div class='ocr_carea' id='block_1_38' title="bbox 553 2317 2108 2396">
    <p class='ocr_par' dir='ltr' id='par_1_38' title="bbox 553 2317 2108 2396">
     <span class='ocr_line' id='line_1_39' title="bbox 553 2317 2108 2396; baseline -0.006 -16"><span class='ocrx_word' id='word_1_253' title='bbox 553 2324 942 2396; x_wconf 83' lang='lat' dir='ltr'>Apostolorum</span> <span class='ocrx_word' id='word_1_254' title='bbox 967 2327 1216 2392; x_wconf 91' lang='lat' dir='ltr'>tuorum,</span> <span class='ocrx_word' id='word_1_255' title='bbox 1250 2321 1500 2389; x_wconf 90' lang='lat' dir='ltr'>Domine,</span> <span class='ocrx_word' id='word_1_256' title='bbox 1531 2321 1825 2374; x_wconf 85' lang='lat' dir='ltr'>beatorum</span> <span class='ocrx_word' id='word_1_257' title='bbox 1867 2317 2016 2372; x_wconf 91' lang='lat' dir='ltr'>Petri</span> <span class='ocrx_word' id='word_1_258' title='bbox 2052 2321 2108 2372; x_wconf 91' lang='lat' dir='ltr'>et</span> 
     </span>
    </p>
   </div>
   <div class='ocr_carea' id='block_1_39' title="bbox 484 2415 2104 2484">
    <p class='ocr_par' dir='ltr' id='par_1_39' title="bbox 484 2415 2104 2484">
     <span class='ocr_line' id='line_1_40' title="bbox 484 2415 2104 2484; baseline -0.006 -10"><span class='ocrx_word' id='word_1_259' title='bbox 484 2419 640 2474; x_wconf 88' lang='lat' dir='ltr'>Pauli</span> <span class='ocrx_word' id='word_1_260' title='bbox 661 2417 972 2473; x_wconf 88' lang='lat' dir='ltr'>desiderata</span> <span class='ocrx_word' id='word_1_261' title='bbox 996 2415 1288 2470; x_wconf 89' lang='lat' dir='ltr'>sollemnia</span> <span class='ocrx_word' id='word_1_262' title='bbox 1309 2431 1683 2482; x_wconf 88' lang='lat' dir='ltr'>recensemus,</span> <span class='ocrx_word' id='word_1_263' title='bbox 1707 2417 1928 2484; x_wconf 81' lang='lat' dir='ltr'>praesta,</span> <span class='ocrx_word' id='word_1_264' title='bbox 1945 2427 2104 2482; x_wconf 67' lang='lat' dir='ltr'>quae-</span> 
     </span>
    </p>
   </div>
   <div class='ocr_carea' id='block_1_40' title="bbox 483 2503 2108 2579">
    <p class='ocr_par' dir='ltr' id='par_1_40' title="bbox 483 2503 2108 2579">
     <span class='ocr_line' id='line_1_41' title="bbox 483 2503 2108 2579; baseline -0.006 -12"><span class='ocrx_word' id='word_1_265' title='bbox 483 2528 696 2578; x_wconf 90' lang='lat' dir='ltr'>sumus,</span> <span class='ocrx_word' id='word_1_266' title='bbox 744 2515 808 2564; x_wconf 89' lang='lat' dir='ltr'>ut</span> <span class='ocrx_word' id='word_1_267' title='bbox 831 2509 1045 2564; x_wconf 88' lang='lat' dir='ltr'>honora</span> <span class='ocrx_word' id='word_1_268' title='bbox 1073 2509 1246 2579; x_wconf 88' lang='lat' dir='ltr'>gloria</span> <span class='ocrx_word' id='word_1_269' title='bbox 1268 2507 1562 2578; x_wconf 89' lang='lat' dir='ltr'>passionis,</span> <span class='ocrx_word' id='word_1_270' title='bbox 1591 2507 1735 2560; x_wconf 90' lang='lat' dir='ltr'>sicut</span> <span class='ocrx_word' id='word_1_271' title='bbox 1759 2505 1866 2558; x_wconf 89' lang='lat' dir='ltr'>illis</span> <span class='ocrx_word' id='word_1_272' title='bbox 1891 2503 2108 2575; x_wconf 87' lang='lat' dir='ltr'>magni-</span> 
     </span>
    </p>
   </div>
   <div class='ocr_carea' id='block_1_41' title="bbox 481 2598 2108 2672">
    <p class='ocr_par' dir='ltr' id='par_1_41' title="bbox 481 2598 2108 2672">
     <span class='ocr_line' id='line_1_42' title="bbox 481 2598 2108 2672; baseline -0.006 -12"><span class='ocrx_word' id='word_1_273' title='bbox 481 2605 766 2660; x_wconf 89' lang='lat' dir='ltr'>ﬁcentiam</span> <span class='ocrx_word' id='word_1_274' title='bbox 793 2603 991 2658; x_wconf 85' lang='lat' dir='ltr'>tribuit</span> <span class='ocrx_word' id='word_1_275' title='bbox 1015 2601 1439 2672; x_wconf 90' lang='lat' dir='ltr'>sempiternam,</span> <span class='ocrx_word' id='word_1_276' title='bbox 1467 2600 1543 2654; x_wconf 88' lang='lat' dir='ltr'>ita</span> <span class='ocrx_word' id='word_1_277' title='bbox 1569 2599 1730 2652; x_wconf 90' lang='lat' dir='ltr'>nobis</span> <span class='ocrx_word' id='word_1_278' title='bbox 1755 2598 1978 2652; x_wconf 88' lang='lat' dir='ltr'>veniam</span> <span class='ocrx_word' id='word_1_279' title='bbox 2004 2598 2108 2650; x_wconf 87' lang='lat' dir='ltr'>lar-</span> 
     </span>
    </p>
   </div>
   <div class='ocr_carea' id='block_1_42' title="bbox 485 2691 2111 2770">
    <p class='ocr_par' dir='ltr' id='par_1_42' title="bbox 485 2691 2111 2770">
     <span class='ocr_line' id='line_1_43' title="bbox 485 2691 2111 2770; baseline -0.007 -17"><span class='ocrx_word' id='word_1_280' title='bbox 485 2699 670 2770; x_wconf 89' lang='lat' dir='ltr'>giatur</span> <span class='ocrx_word' id='word_1_281' title='bbox 705 2701 986 2767; x_wconf 86' lang='lat' dir='ltr'>optatam;</span> <span class='ocrx_word' id='word_1_282' title='bbox 1025 2700 1080 2748; x_wconf 90' lang='lat' dir='ltr'>et</span> <span class='ocrx_word' id='word_1_283' title='bbox 1111 2695 1342 2747; x_wconf 91' lang='lat' dir='ltr'>nomina</span> <span class='ocrx_word' id='word_1_284' title='bbox 1361 2709 1556 2746; x_wconf 88' lang='lat' dir='ltr'>eorum</span> <span class='ocrx_word' id='word_1_285' title='bbox 1583 2708 1708 2762; x_wconf 53' lang='lat' dir='ltr'>quas</span> <span class='ocrx_word' id='word_1_286' title='bbox 1729 2691 1954 2744; x_wconf 87' lang='lat' dir='ltr'>recitata</span> <span class='ocrx_word' id='word_1_287' title='bbox 1979 2693 2111 2743; x_wconf 89' lang='lat' dir='ltr'>sunt</span> 
     </span>
    </p>
   </div>
   <div class='ocr_carea' id='block_1_43' title="bbox 481 2783 2109 2857">
    <p class='ocr_par' dir='ltr' id='par_1_43' title="bbox 481 2783 2109 2857">
     <span class='ocr_line' id='line_1_44' title="bbox 481 2783 2109 2857; baseline -0.005 -13"><span class='ocrx_word' id='word_1_288' title='bbox 481 2791 542 2844; x_wconf 92' lang='lat' dir='ltr'>in</span> <span class='ocrx_word' id='word_1_289' title='bbox 565 2791 708 2844; x_wconf 87' lang='lat' dir='ltr'>libro</span> <span class='ocrx_word' id='word_1_290' title='bbox 733 2789 858 2842; x_wconf 67' lang='lat' dir='ltr'>vita:</span> <span class='ocrx_word' id='word_1_291' title='bbox 884 2803 1110 2842; x_wconf 90' lang='lat' dir='ltr'>censeas</span> <span class='ocrx_word' id='word_1_292' title='bbox 1135 2785 1412 2857; x_wconf 90' lang='lat' dir='ltr'>deputari.</span> <span class='ocrx_word' id='word_1_293' title='bbox 1439 2785 1546 2838; x_wconf 89' lang='lat' dir='ltr'>Per</span> <span class='ocrx_word' id='word_1_294' title='bbox 1582 2801 1734 2850; x_wconf 90' lang='lat' dir='ltr'>eum,</span> <span class='ocrx_word' id='word_1_295' title='bbox 1787 2783 1886 2854; x_wconf 91' lang='lat' dir='ltr'>qui</span> <span class='ocrx_word' id='word_1_296' title='bbox 1921 2786 2109 2837; x_wconf 85' lang='lat' dir='ltr'>tecum</span> 
     </span>
    </p>
   </div>
   <div class='ocr_carea' id='block_1_44' title="bbox 479 2883 1204 2939">
    <p class='ocr_par' dir='ltr' id='par_1_44' title="bbox 479 2883 1204 2939">
     <span class='ocr_line' id='line_1_45' title="bbox 479 2883 1204 2939; baseline -0.008 -1"><span class='ocrx_word' id='word_1_297' title='bbox 479 2883 633 2939; x_wconf 88' lang='lat' dir='ltr'>vivit.</span> <span class='ocrx_word' id='word_1_298' title='bbox 1199 2925 1204 2932; x_wconf 91' lang='lat'>.</span> 
     </span>
    </p>
   </div>
   <div class='ocr_carea' id='block_1_45' title="bbox 1014 2947 1580 3010">
    <p class='ocr_par' dir='ltr' id='par_1_45' title="bbox 1014 2947 1580 3010">
     <span class='ocr_line' id='line_1_46' title="bbox 1014 2947 1580 3010; baseline -0.004 -13"><span class='ocrx_word' id='word_1_299' title='bbox 1014 2947 1262 2998; x_wconf 86' lang='lat' dir='ltr'>Collectio</span> <span class='ocrx_word' id='word_1_300' title='bbox 1281 2947 1345 2997; x_wconf 88' lang='lat' dir='ltr'>ad</span> <span class='ocrx_word' id='word_1_301' title='bbox 1377 2960 1580 3010; x_wconf 87' lang='lat' dir='ltr'>pacem.</span> 
     </span>
    </p>
   </div>
   <div class='ocr_carea' id='block_1_46' title="bbox 554 3027 2110 3102">
    <p class='ocr_par' dir='ltr' id='par_1_46' title="bbox 554 3027 2110 3102">
     <span class='ocr_line' id='line_1_47' title="bbox 554 3027 2110 3102; baseline -0.006 -14"><span class='ocrx_word' id='word_1_302' title='bbox 554 3036 698 3088; x_wconf 89' lang='lat' dir='ltr'>Deus</span> <span class='ocrx_word' id='word_1_303' title='bbox 737 3031 890 3102; x_wconf 89' lang='lat' dir='ltr'>pacis</span> <span class='ocrx_word' id='word_1_304' title='bbox 934 3029 1212 3098; x_wconf 89' lang='lat' dir='ltr'>conditor,</span> <span class='ocrx_word' id='word_1_305' title='bbox 1257 3029 1403 3082; x_wconf 90' lang='lat' dir='ltr'>Deus</span> <span class='ocrx_word' id='word_1_306' title='bbox 1447 3027 1691 3082; x_wconf 86' lang='lat' dir='ltr'>caritatis</span> <span class='ocrx_word' id='word_1_307' title='bbox 1729 3027 1998 3094; x_wconf 90' lang='lat' dir='ltr'>indultor,</span> <span class='ocrx_word' id='word_1_308' title='bbox 2037 3027 2110 3080; x_wconf 92' lang='lat' dir='ltr'>da</span> 
     </span>
    </p>
   </div>
   <div class='ocr_carea' id='block_1_47' title="bbox 483 3120 2107 3196">
    <p class='ocr_par' dir='ltr' id='par_1_47' title="bbox 483 3120 2107 3196">
     <span class='ocr_line' id='line_1_48' title="bbox 483 3120 2107 3196; baseline -0.006 -13"><span class='ocrx_word' id='word_1_309' title='bbox 483 3127 643 3183; x_wconf 90' lang='lat' dir='ltr'>nobis</span> <span class='ocrx_word' id='word_1_310' title='bbox 671 3124 922 3196; x_wconf 89' lang='lat' dir='ltr'>placidus</span> <span class='ocrx_word' id='word_1_311' title='bbox 939 3138 1136 3194; x_wconf 86' lang='lat' dir='ltr'>pacem</span> <span class='ocrx_word' id='word_1_312' title='bbox 1153 3127 1329 3190; x_wconf 91' lang='lat' dir='ltr'>tuam,</span> <span class='ocrx_word' id='word_1_313' title='bbox 1353 3125 1408 3175; x_wconf 93' lang='lat' dir='ltr'>et</span> <span class='ocrx_word' id='word_1_314' title='bbox 1433 3125 1637 3191; x_wconf 67' lang='lat' dir='ltr'>priesta</span> <span class='ocrx_word' id='word_1_315' title='bbox 1653 3123 1717 3174; x_wconf 90' lang='lat' dir='ltr'>ut</span> <span class='ocrx_word' id='word_1_316' title='bbox 1733 3120 1871 3174; x_wconf 90' lang='lat' dir='ltr'>dum</span> <span class='ocrx_word' id='word_1_317' title='bbox 1899 3125 2107 3174; x_wconf 88' lang='lat' dir='ltr'>sancto-</span> 
     </span>
    </p>
   </div>
   <div class='ocr_carea' id='block_1_48' title="bbox 483 3213 2104 3286">
    <p class='ocr_par' dir='ltr' id='par_1_48' title="bbox 483 3213 2104 3286">
     <span class='ocr_line' id='line_1_49' title="bbox 483 3213 2104 3286; baseline -0.006 -10"><span class='ocrx_word' id='word_1_318' title='bbox 483 3237 614 3276; x_wconf 89' lang='lat' dir='ltr'>rum</span> <span class='ocrx_word' id='word_1_319' title='bbox 649 3223 878 3272; x_wconf 90' lang='lat' dir='ltr'>tuorum</span> <span class='ocrx_word' id='word_1_320' title='bbox 920 3215 1306 3286; x_wconf 87' lang='lat' dir='ltr'>apostolorum</span> <span class='ocrx_word' id='word_1_321' title='bbox 1343 3213 1490 3267; x_wconf 87' lang='lat' dir='ltr'>Petri</span> <span class='ocrx_word' id='word_1_322' title='bbox 1531 3218 1585 3267; x_wconf 91' lang='lat' dir='ltr'>et</span> <span class='ocrx_word' id='word_1_323' title='bbox 1613 3213 1768 3268; x_wconf 89' lang='lat' dir='ltr'>Pauli</span> <span class='ocrx_word' id='word_1_324' title='bbox 1793 3215 1932 3268; x_wconf 87' lang='lat' dir='ltr'>festa</span> <span class='ocrx_word' id='word_1_325' title='bbox 1958 3215 2104 3268; x_wconf 94' lang='lat' dir='ltr'>cele-</span> 
     </span>
    </p>
   </div>
   <div class='ocr_carea' id='block_1_49' title="bbox 483 3306 2106 3379">
    <p class='ocr_par' dir='ltr' id='par_1_49' title="bbox 483 3306 2106 3379">
     <span class='ocr_line' id='line_1_50' title="bbox 483 3306 2106 3379; baseline -0.006 -11"><span class='ocrx_word' id='word_1_326' title='bbox 483 3313 733 3378; x_wconf 87' lang='lat' dir='ltr'>bramus,</span> <span class='ocrx_word' id='word_1_327' title='bbox 761 3325 863 3379; x_wconf 89' lang='lat' dir='ltr'>per</span> <span class='ocrx_word' id='word_1_328' title='bbox 878 3325 1075 3362; x_wconf 90' lang='lat' dir='ltr'>eorum</span> <span class='ocrx_word' id='word_1_329' title='bbox 1097 3306 1552 3361; x_wconf 87' lang='lat' dir='ltr'>intercessionem</span> <span class='ocrx_word' id='word_1_330' title='bbox 1571 3307 1722 3376; x_wconf 88' lang='lat' dir='ltr'>pacis</span> <span class='ocrx_word' id='word_1_331' title='bbox 1751 3306 2106 3361; x_wconf 87' lang='lat' dir='ltr'>securitatem</span> 
     </span>
    </p>
   </div>
   <div class='ocr_carea' id='block_1_50' title="bbox 485 3400 2102 3476">
    <p class='ocr_par' dir='ltr' id='par_1_50' title="bbox 485 3400 2102 3476">
     <span class='ocr_line' id='line_1_51' title="bbox 485 3400 2102 3476; baseline -0.005 -16"><span class='ocrx_word' id='word_1_332' title='bbox 485 3423 614 3460; x_wconf 91' lang='lat' dir='ltr'>cum</span> <span class='ocrx_word' id='word_1_333' title='bbox 637 3409 994 3476; x_wconf 90' lang='lat' dir='ltr'>peccatorum</span> <span class='ocrx_word' id='word_1_334' title='bbox 1019 3402 1180 3456; x_wconf 89' lang='lat' dir='ltr'>venia</span> <span class='ocrx_word' id='word_1_335' title='bbox 1209 3400 1472 3470; x_wconf 88' lang='lat' dir='ltr'>consequi</span> <span class='ocrx_word' id='word_1_336' title='bbox 1493 3415 1831 3455; x_wconf 89' lang='lat' dir='ltr'>mereamur.</span> <span class='ocrx_word' id='word_1_337' title='bbox 1863 3401 1968 3454; x_wconf 90' lang='lat' dir='ltr'>Per</span> <span class='ocrx_word' id='word_1_338' title='bbox 1995 3400 2102 3452; x_wconf 87' lang='lat' dir='ltr'>Do-</span> 
     </span>
    </p>
   </div>
   <div class='ocr_carea' id='block_1_51' title="bbox 483 3497 1216 3554">
    <p class='ocr_par' dir='ltr' id='par_1_51' title="bbox 483 3497 1216 3554">
     <span class='ocr_line' id='line_1_52' title="bbox 483 3497 1216 3554; baseline -0.01 1"><span class='ocrx_word' id='word_1_339' title='bbox 483 3501 704 3554; x_wconf 88' lang='lat' dir='ltr'>minum</span> <span class='ocrx_word' id='word_1_340' title='bbox 727 3503 986 3552; x_wconf 88' lang='lat' dir='ltr'>nostrum</span> <span class='ocrx_word' id='word_1_341' title='bbox 1009 3497 1216 3550; x_wconf 84' lang='lat' dir='ltr'>Jesum.</span> 
     </span>
    </p>
   </div>
   <div class='ocr_carea' id='block_1_52' title="bbox 1045 3589 1546 3641">
    <p class='ocr_par' dir='ltr' id='par_1_52' title="bbox 1045 3589 1546 3641">
     <span class='ocr_line' id='line_1_53' title="bbox 1045 3589 1546 3641; baseline -0.004 0"><span class='ocrx_word' id='word_1_342' title='bbox 1045 3591 1334 3641; x_wconf 87' lang='lat' dir='ltr'>Immolatio</span> <span class='ocrx_word' id='word_1_343' title='bbox 1361 3589 1546 3640; x_wconf 60' lang='lat' dir='ltr'>missas.</span> 
     </span>
    </p>
   </div>
   <div class='ocr_carea' id='block_1_53' title="bbox 551 3669 2104 3748">
    <p class='ocr_par' dir='ltr' id='par_1_53' title="bbox 551 3669 2104 3748">
     <span class='ocr_line' id='line_1_54' title="bbox 551 3669 2104 3748; baseline -0.006 -15"><span class='ocrx_word' id='word_1_344' title='bbox 551 3679 686 3732; x_wconf 86' lang='lat' dir='ltr'>Vere</span> <span class='ocrx_word' id='word_1_345' title='bbox 715 3677 952 3748; x_wconf 90' lang='lat' dir='ltr'>dignum</span> <span class='ocrx_word' id='word_1_346' title='bbox 975 3679 1030 3729; x_wconf 92' lang='lat' dir='ltr'>et</span> <span class='ocrx_word' id='word_1_347' title='bbox 1044 3675 1266 3745; x_wconf 90' lang='lat' dir='ltr'>justum</span> <span class='ocrx_word' id='word_1_348' title='bbox 1291 3677 1375 3726; x_wconf 90' lang='lat' dir='ltr'>est</span> <span class='ocrx_word' id='word_1_349' title='bbox 1397 3687 1500 3725; x_wconf 90' lang='lat' dir='ltr'>nos</span> <span class='ocrx_word' id='word_1_350' title='bbox 1520 3670 1622 3725; x_wconf 86' lang='lat' dir='ltr'>tibi</span> <span class='ocrx_word' id='word_1_351' title='bbox 1649 3686 1873 3741; x_wconf 89' lang='lat' dir='ltr'>semper</span> <span class='ocrx_word' id='word_1_352' title='bbox 1894 3674 1950 3724; x_wconf 89' lang='lat' dir='ltr'>et</span> <span class='ocrx_word' id='word_1_353' title='bbox 1979 3669 2104 3723; x_wconf 89' lang='lat' dir='ltr'>ubi-</span> 
     </span>
    </p>
   </div>
   <div class='ocr_carea' id='block_1_54' title="bbox 479 3763 2102 3844">
    <p class='ocr_par' dir='ltr' id='par_1_54' title="bbox 479 3763 2102 3844">
     <span class='ocr_line' id='line_1_55' title="bbox 479 3763 2102 3844; baseline -0.007 -17"><span class='ocrx_word' id='word_1_354' title='bbox 479 3787 588 3844; x_wconf 85' lang='lat' dir='ltr'>que</span> <span class='ocrx_word' id='word_1_355' title='bbox 610 3772 817 3842; x_wconf 88' lang='lat' dir='ltr'>gratias</span> <span class='ocrx_word' id='word_1_356' title='bbox 843 3785 1030 3840; x_wconf 88' lang='lat' dir='ltr'>agere,</span> <span class='ocrx_word' id='word_1_357' title='bbox 1051 3765 1282 3820; x_wconf 90' lang='lat' dir='ltr'>Domine</span> <span class='ocrx_word' id='word_1_358' title='bbox 1303 3769 1510 3834; x_wconf 88' lang='lat' dir='ltr'>sancte,</span> <span class='ocrx_word' id='word_1_359' title='bbox 1539 3765 1700 3817; x_wconf 88' lang='lat' dir='ltr'>Pater</span> <span class='ocrx_word' id='word_1_360' title='bbox 1729 3763 2102 3833; x_wconf 89' lang='lat' dir='ltr'>omnipotens,</span> 
     </span>
    </p>
   </div>
   <div class='ocr_carea' id='block_1_55' title="bbox 480 3855 2108 3931">
    <p class='ocr_par' dir='ltr' id='par_1_55' title="bbox 480 3855 2108 3931">
     <span class='ocr_line' id='line_1_56' title="bbox 480 3855 2108 3931; baseline -0.009 -9"><span class='ocrx_word' id='word_1_361' title='bbox 480 3872 685 3921; x_wconf 66' lang='lat' dir='ltr'>aeterne</span> <span class='ocrx_word' id='word_1_362' title='bbox 714 3865 860 3918; x_wconf 90' lang='lat' dir='ltr'>Deus</span> <span class='ocrx_word' id='word_1_363' title='bbox 887 3881 902 3915; x_wconf 91' lang='lat'><strong><em>:</em></strong></span> <span class='ocrx_word' id='word_1_364' title='bbox 933 3861 1216 3931; x_wconf 65' lang='lat' dir='ltr'>praecipue</span> <span class='ocrx_word' id='word_1_365' title='bbox 1241 3857 1408 3912; x_wconf 86' lang='lat' dir='ltr'>hodie</span> <span class='ocrx_word' id='word_1_366' title='bbox 1455 3857 1515 3910; x_wconf 91' lang='lat' dir='ltr'>in</span> <span class='ocrx_word' id='word_1_367' title='bbox 1561 3856 1836 3910; x_wconf 89' lang='lat' dir='ltr'>honorem</span> <span class='ocrx_word' id='word_1_368' title='bbox 1861 3855 2108 3909; x_wconf 90' lang='lat' dir='ltr'>beatissi-</span> 
     </span>
    </p>
   </div>
   <div class='ocr_carea' id='block_1_56' title="bbox 479 3948 2108 4026">
    <p class='ocr_par' dir='ltr' id='par_1_56' title="bbox 479 3948 2108 4026">
     <span class='ocr_line' id='line_1_57' title="bbox 479 3948 2108 4026; baseline -0.008 -12"><span class='ocrx_word' id='word_1_369' title='bbox 479 3974 704 4014; x_wconf 88' lang='lat' dir='ltr'>morum</span> <span class='ocrx_word' id='word_1_370' title='bbox 742 3955 1122 4026; x_wconf 90' lang='lat' dir='ltr'>apostolorum</span> <span class='ocrx_word' id='word_1_371' title='bbox 1151 3955 1208 4006; x_wconf 90' lang='lat' dir='ltr'>et</span> <span class='ocrx_word' id='word_1_372' title='bbox 1247 3955 1561 4020; x_wconf 88' lang='lat' dir='ltr'>martyrum</span> <span class='ocrx_word' id='word_1_373' title='bbox 1599 3953 1826 4002; x_wconf 88' lang='lat' dir='ltr'>tuorum</span> <span class='ocrx_word' id='word_1_374' title='bbox 1867 3948 2016 4002; x_wconf 89' lang='lat' dir='ltr'>Petri</span> <span class='ocrx_word' id='word_1_375' title='bbox 2052 3952 2108 4002; x_wconf 89' lang='lat' dir='ltr'>et</span> 
     </span>
    </p>
   </div>
   <div class='ocr_carea' id='block_1_57' title="bbox 479 4041 2107 4120">
    <p class='ocr_par' dir='ltr' id='par_1_57' title="bbox 479 4041 2107 4120">
     <span class='ocr_line' id='line_1_58' title="bbox 479 4041 2107 4120; baseline -0.007 -13"><span class='ocrx_word' id='word_1_376' title='bbox 479 4051 675 4107; x_wconf 87' lang='lat' dir='ltr'>Pauli:</span> <span class='ocrx_word' id='word_1_377' title='bbox 719 4063 859 4120; x_wconf 87' lang='lat' dir='ltr'>quos</span> <span class='ocrx_word' id='word_1_378' title='bbox 895 4047 976 4100; x_wconf 87' lang='lat' dir='ltr'>ita</span> <span class='ocrx_word' id='word_1_379' title='bbox 1009 4044 1204 4099; x_wconf 90' lang='lat' dir='ltr'>electio</span> <span class='ocrx_word' id='word_1_380' title='bbox 1242 4047 1342 4098; x_wconf 89' lang='lat' dir='ltr'>tua</span> <span class='ocrx_word' id='word_1_381' title='bbox 1377 4043 1478 4096; x_wconf 90' lang='lat' dir='ltr'>tibi</span> <span class='ocrx_word' id='word_1_382' title='bbox 1525 4057 1849 4095; x_wconf 88' lang='lat' dir='ltr'>consecrare</span> <span class='ocrx_word' id='word_1_383' title='bbox 1879 4041 2107 4110; x_wconf 80' lang='lat' dir='ltr'>dignata</span> 
     </span>
    </p>
   </div>
   <div class='ocr_carea' id='block_1_58' title="bbox 481 4133 2103 4210">
    <p class='ocr_par' dir='ltr' id='par_1_58' title="bbox 481 4133 2103 4210">
     <span class='ocr_line' id='line_1_59' title="bbox 481 4133 2103 4210; baseline -0.008 -11"><span class='ocrx_word' id='word_1_384' title='bbox 481 4149 584 4210; x_wconf 88' lang='lat' dir='ltr'>est,</span> <span class='ocrx_word' id='word_1_385' title='bbox 611 4147 676 4196; x_wconf 92' lang='lat' dir='ltr'>ut</span> <span class='ocrx_word' id='word_1_386' title='bbox 697 4141 846 4194; x_wconf 90' lang='lat' dir='ltr'>beati</span> <span class='ocrx_word' id='word_1_387' title='bbox 871 4137 1020 4193; x_wconf 89' lang='lat' dir='ltr'>Petri</span> <span class='ocrx_word' id='word_1_388' title='bbox 1051 4137 1376 4191; x_wconf 66' lang='lat' dir='ltr'>saecularem</span> <span class='ocrx_word' id='word_1_389' title='bbox 1399 4134 1650 4205; x_wconf 90' lang='lat' dir='ltr'>piscandi</span> <span class='ocrx_word' id='word_1_390' title='bbox 1674 4139 1852 4188; x_wconf 87' lang='lat' dir='ltr'>artem</span> <span class='ocrx_word' id='word_1_391' title='bbox 1877 4133 1936 4188; x_wconf 91' lang='lat' dir='ltr'>in</span> <span class='ocrx_word' id='word_1_392' title='bbox 1964 4133 2103 4188; x_wconf 90' lang='lat' dir='ltr'>divi-</span> 
     </span>
    </p>
   </div>
   <div class='ocr_carea' id='block_1_59' title="bbox 481 4227 2104 4304">
    <p class='ocr_par' dir='ltr' id='par_1_59' title="bbox 481 4227 2104 4304">
     <span class='ocr_line' id='line_1_60' title="bbox 481 4227 2104 4304; baseline -0.007 -13"><span class='ocrx_word' id='word_1_393' title='bbox 481 4251 622 4292; x_wconf 90' lang='lat' dir='ltr'>num</span> <span class='ocrx_word' id='word_1_394' title='bbox 647 4231 855 4304; x_wconf 88' lang='lat' dir='ltr'>dogma</span> <span class='ocrx_word' id='word_1_395' title='bbox 881 4233 1246 4298; x_wconf 85' lang='lat' dir='ltr'>converteret,</span> <span class='ocrx_word' id='word_1_396' title='bbox 1279 4232 1554 4299; x_wconf 88' lang='lat' dir='ltr'>quatenus</span> <span class='ocrx_word' id='word_1_397' title='bbox 1580 4227 1896 4280; x_wconf 89' lang='lat' dir='ltr'>humanum</span> <span class='ocrx_word' id='word_1_398' title='bbox 1927 4241 2104 4297; x_wconf 89' lang='lat' dir='ltr'>genus</span> 
     </span>
    </p>
   </div>
   <div class='ocr_carea' id='block_1_60' title="bbox 482 4321 2108 4400">
    <p class='ocr_par' dir='ltr' id='par_1_60' title="bbox 482 4321 2108 4400">
     <span class='ocr_line' id='line_1_61' title="bbox 482 4321 2108 4400; baseline -0.006 -16"><span class='ocrx_word' id='word_1_399' title='bbox 482 4329 550 4384; x_wconf 91' lang='lat' dir='ltr'>de</span> <span class='ocrx_word' id='word_1_400' title='bbox 577 4325 856 4400; x_wconf 88' lang='lat' dir='ltr'>profundo</span> <span class='ocrx_word' id='word_1_401' title='bbox 879 4324 1038 4378; x_wconf 90' lang='lat' dir='ltr'>istius</span> <span class='ocrx_word' id='word_1_402' title='bbox 1063 4321 1262 4377; x_wconf 89' lang='lat' dir='ltr'>mundi</span> <span class='ocrx_word' id='word_1_403' title='bbox 1286 4325 1698 4393; x_wconf 56' lang='lat' dir='ltr'>praceptorum</span> <span class='ocrx_word' id='word_1_404' title='bbox 1722 4325 1950 4375; x_wconf 92' lang='lat' dir='ltr'>tuorum</span> <span class='ocrx_word' id='word_1_405' title='bbox 1978 4321 2108 4375; x_wconf 81' lang='lat' dir='ltr'>reti-</span> 
     </span>
    </p>
   </div>
   <div class='ocr_carea' id='block_1_61' title="bbox 479 4414 2104 4486">
    <p class='ocr_par' dir='ltr' id='par_1_61' title="bbox 479 4414 2104 4486">
     <span class='ocr_line' id='line_1_62' title="bbox 479 4414 2104 4486; baseline -0.007 -8"><span class='ocrx_word' id='word_1_406' title='bbox 479 4421 585 4478; x_wconf 88' lang='lat' dir='ltr'>bus</span> <span class='ocrx_word' id='word_1_407' title='bbox 617 4421 901 4475; x_wconf 89' lang='lat' dir='ltr'>liberarcs.</span> <span class='ocrx_word' id='word_1_408' title='bbox 949 4418 1088 4470; x_wconf 90' lang='lat' dir='ltr'>Nam</span> <span class='ocrx_word' id='word_1_409' title='bbox 1127 4416 1444 4486; x_wconf 89' lang='lat' dir='ltr'>coapostolo</span> <span class='ocrx_word' id='word_1_410' title='bbox 1484 4415 1603 4485; x_wconf 91' lang='lat' dir='ltr'>ejus</span> <span class='ocrx_word' id='word_1_411' title='bbox 1643 4414 1815 4468; x_wconf 91' lang='lat' dir='ltr'>Paulo</span> <span class='ocrx_word' id='word_1_412' title='bbox 1855 4418 2104 4469; x_wconf 91' lang='lat' dir='ltr'>mentem</span> 
     </span>
    </p>
   </div>
   <div class='ocr_carea' id='block_1_62' title="bbox 481 4508 2106 4580">
    <p class='ocr_par' dir='ltr' id='par_1_62' title="bbox 481 4508 2106 4580">
     <span class='ocr_line' id='line_1_63' title="bbox 481 4508 2106 4580; baseline -0.007 -8"><span class='ocrx_word' id='word_1_413' title='bbox 481 4531 610 4572; x_wconf 88' lang='lat' dir='ltr'>cum</span> <span class='ocrx_word' id='word_1_414' title='bbox 633 4513 862 4570; x_wconf 90' lang='lat' dir='ltr'>nomine</span> <span class='ocrx_word' id='word_1_415' title='bbox 888 4510 1242 4566; x_wconf 87' lang='lat' dir='ltr'>commutasti</span> <span class='ocrx_word' id='word_1_416' title='bbox 1259 4527 1276 4578; x_wconf 89' lang='lat'><strong>;</strong></span> <span class='ocrx_word' id='word_1_417' title='bbox 1317 4513 1373 4564; x_wconf 90' lang='lat' dir='ltr'>et</span> <span class='ocrx_word' id='word_1_418' title='bbox 1404 4525 1572 4580; x_wconf 90' lang='lat' dir='ltr'>quem</span> <span class='ocrx_word' id='word_1_419' title='bbox 1601 4508 1756 4579; x_wconf 89' lang='lat' dir='ltr'>prius</span> <span class='ocrx_word' id='word_1_420' title='bbox 1793 4513 2106 4578; x_wconf 89' lang='lat' dir='ltr'>persecuto-</span> 
     </span>
    </p>
   </div>
   <div class='ocr_carea' id='block_1_63' title="bbox 477 4601 2105 4670">
    <p class='ocr_par' dir='ltr' id='par_1_63' title="bbox 477 4601 2105 4670">
     <span class='ocr_line' id='line_1_64' title="bbox 477 4601 2105 4670; baseline -0.007 -4"><span class='ocrx_word' id='word_1_421' title='bbox 477 4625 602 4667; x_wconf 88' lang='lat' dir='ltr'>rem</span> <span class='ocrx_word' id='word_1_422' title='bbox 621 4608 908 4663; x_wconf 87' lang='lat' dir='ltr'>metuebat</span> <span class='ocrx_word' id='word_1_423' title='bbox 929 4605 1192 4670; x_wconf 90' lang='lat' dir='ltr'>Ecclesia,</span> <span class='ocrx_word' id='word_1_424' title='bbox 1211 4620 1363 4658; x_wconf 93' lang='lat' dir='ltr'>nunc</span> <span class='ocrx_word' id='word_1_425' title='bbox 1384 4603 1694 4658; x_wconf 70' lang='lat' dir='ltr'>caalestium</span> <span class='ocrx_word' id='word_1_426' title='bbox 1711 4601 2105 4657; x_wconf 87' lang='lat' dir='ltr'>mandatorum</span> 
     </span>
    </p>
   </div>
   <div class='ocr_carea' id='block_1_64' title="bbox 479 4696 2108 4758">
    <p class='ocr_par' dir='ltr' id='par_1_64' title="bbox 479 4696 2108 4758">
     <span class='ocr_line' id='line_1_65' title="bbox 479 4696 2108 4758; baseline -0.006 -1"><span class='ocrx_word' id='word_1_427' title='bbox 479 4702 702 4758; x_wconf 83' lang='lat' dir='ltr'>laetatur</span> <span class='ocrx_word' id='word_1_428' title='bbox 733 4717 792 4756; x_wconf 92' lang='lat' dir='ltr'>se</span> <span class='ocrx_word' id='word_1_429' title='bbox 826 4700 1031 4753; x_wconf 89' lang='lat' dir='ltr'>habere</span> <span class='ocrx_word' id='word_1_430' title='bbox 1075 4698 1377 4752; x_wconf 89' lang='lat' dir='ltr'>doctorem.</span> <span class='ocrx_word' id='word_1_431' title='bbox 1421 4696 1621 4750; x_wconf 88' lang='lat' dir='ltr'>Paulus</span> <span class='ocrx_word' id='word_1_432' title='bbox 1656 4699 1892 4750; x_wconf 74' lang='lat' dir='ltr'>caecatus</span> <span class='ocrx_word' id='word_1_433' title='bbox 1935 4699 2018 4749; x_wconf 91' lang='lat' dir='ltr'>est</span> <span class='ocrx_word' id='word_1_434' title='bbox 2043 4698 2108 4748; x_wconf 89' lang='lat' dir='ltr'>ut</span> 
     </span>
    </p>
   </div>
   <div class='ocr_carea' id='block_1_65' title="bbox 479 4788 2104 4864">
    <p class='ocr_par' dir='ltr' id='par_1_65' title="bbox 479 4788 2104 4864">
     <span class='ocr_line' id='line_1_66' title="bbox 479 4788 2104 4864; baseline -0.006 -14"><span class='ocrx_word' id='word_1_435' title='bbox 479 4795 711 4864; x_wconf 89' lang='lat' dir='ltr'>videret,</span> <span class='ocrx_word' id='word_1_436' title='bbox 779 4795 974 4848; x_wconf 88' lang='lat' dir='ltr'>Petrus</span> <span class='ocrx_word' id='word_1_437' title='bbox 1018 4792 1242 4863; x_wconf 87' lang='lat' dir='ltr'>negavit</span> <span class='ocrx_word' id='word_1_438' title='bbox 1293 4795 1354 4844; x_wconf 91' lang='lat' dir='ltr'>ut</span> <span class='ocrx_word' id='word_1_439' title='bbox 1405 4789 1676 4844; x_wconf 90' lang='lat' dir='ltr'>crederet.</span> <span class='ocrx_word' id='word_1_440' title='bbox 1732 4788 1870 4842; x_wconf 86' lang='lat' dir='ltr'>Huic</span> <span class='ocrx_word' id='word_1_441' title='bbox 1926 4788 2104 4842; x_wconf 86' lang='lat' dir='ltr'>claves</span> 
     </span>
    </p>
   </div>
   <div class='ocr_carea' id='block_1_66' title="bbox 481 4881 2104 4957">
    <p class='ocr_par' dir='ltr' id='par_1_66' title="bbox 481 4881 2104 4957">
     <span class='ocr_line' id='line_1_67' title="bbox 481 4881 2104 4957; baseline -0.006 -13"><span class='ocrx_word' id='word_1_442' title='bbox 481 4889 712 4944; x_wconf 67' lang='lat' dir='ltr'>caelestis</span> <span class='ocrx_word' id='word_1_443' title='bbox 751 4885 974 4957; x_wconf 90' lang='lat' dir='ltr'>imperii</span> <span class='ocrx_word' id='word_1_444' title='bbox 1018 4884 1314 4953; x_wconf 87' lang='lat' dir='ltr'>tradidisti,</span> <span class='ocrx_word' id='word_1_445' title='bbox 1349 4883 1433 4936; x_wconf 91' lang='lat' dir='ltr'>illi</span> <span class='ocrx_word' id='word_1_446' title='bbox 1469 4883 1539 4937; x_wconf 88' lang='lat' dir='ltr'>ad</span> <span class='ocrx_word' id='word_1_447' title='bbox 1573 4881 1879 4936; x_wconf 88' lang='lat' dir='ltr'>evocandas</span> <span class='ocrx_word' id='word_1_448' title='bbox 1909 4886 2104 4951; x_wconf 89' lang='lat' dir='ltr'>gentes</span> 
     </span>
    </p>
   </div>
   <div class='ocr_carea' id='block_1_67' title="bbox 479 4974 2100 5052">
    <p class='ocr_par' dir='ltr' id='par_1_67' title="bbox 479 4974 2100 5052">
     <span class='ocr_line' id='line_1_68' title="bbox 479 4974 2100 5052; baseline -0.006 -14"><span class='ocrx_word' id='word_1_449' title='bbox 479 4983 680 5038; x_wconf 72' lang='lat' dir='ltr'>divinae</span> <span class='ocrx_word' id='word_1_450' title='bbox 707 4981 849 5052; x_wconf 86' lang='lat' dir='ltr'>legis</span> <span class='ocrx_word' id='word_1_451' title='bbox 875 4980 1164 5036; x_wconf 89' lang='lat' dir='ltr'>scientiam</span> <span class='ocrx_word' id='word_1_452' title='bbox 1193 4975 1493 5032; x_wconf 85' lang='lat' dir='ltr'>contulisti.</span> <span class='ocrx_word' id='word_1_453' title='bbox 1539 4975 1678 5028; x_wconf 87' lang='lat' dir='ltr'>Nam</span> <span class='ocrx_word' id='word_1_454' title='bbox 1715 4975 1808 5029; x_wconf 90' lang='lat' dir='ltr'>ille</span> <span class='ocrx_word' id='word_1_455' title='bbox 1844 4974 2100 5028; x_wconf 89' lang='lat' dir='ltr'>introdu-</span> 
     </span>
    </p>
   </div>
   <div class='ocr_carea' id='block_1_68' title="bbox 478 5068 2104 5146">
    <p class='ocr_par' dir='ltr' id='par_1_68' title="bbox 478 5068 2104 5146">
     <span class='ocr_line' id='line_1_69' title="bbox 478 5068 2104 5146; baseline -0.007 -14"><span class='ocrx_word' id='word_1_456' title='bbox 478 5076 570 5145; x_wconf 90' lang='lat' dir='ltr'>cit,</span> <span class='ocrx_word' id='word_1_457' title='bbox 610 5077 702 5131; x_wconf 89' lang='lat' dir='ltr'>hic</span> <span class='ocrx_word' id='word_1_458' title='bbox 728 5075 926 5146; x_wconf 89' lang='lat' dir='ltr'>aperit.</span> <span class='ocrx_word' id='word_1_459' title='bbox 958 5073 1136 5129; x_wconf 89' lang='lat' dir='ltr'>Ambo</span> <span class='ocrx_word' id='word_1_460' title='bbox 1161 5071 1336 5142; x_wconf 87' lang='lat' dir='ltr'>igitur</span> <span class='ocrx_word' id='word_1_461' title='bbox 1363 5069 1584 5123; x_wconf 89' lang='lat' dir='ltr'>virtutis</span> <span class='ocrx_word' id='word_1_462' title='bbox 1608 5073 1832 5122; x_wconf 70' lang='lat' dir='ltr'>aeternae</span> <span class='ocrx_word' id='word_1_463' title='bbox 1869 5068 2104 5139; x_wconf 59' lang='lat' dir='ltr'>praemia</span> 
     </span>
    </p>
   </div>
   <div class='ocr_carea' id='block_1_69' title="bbox 479 5161 2100 5241">
    <p class='ocr_par' dir='ltr' id='par_1_69' title="bbox 479 5161 2100 5241">
     <span class='ocr_line' id='line_1_70' title="bbox 479 5161 2100 5241; baseline -0.006 -16"><span class='ocrx_word' id='word_1_464' title='bbox 479 5175 610 5226; x_wconf 90' lang='lat' dir='ltr'>sunt</span> <span class='ocrx_word' id='word_1_465' title='bbox 649 5169 854 5241; x_wconf 89' lang='lat' dir='ltr'>adepti.</span> <span class='ocrx_word' id='word_1_466' title='bbox 895 5169 1051 5222; x_wconf 88' lang='lat' dir='ltr'>Hunc</span> <span class='ocrx_word' id='word_1_467' title='bbox 1085 5167 1314 5221; x_wconf 87' lang='lat' dir='ltr'>dextera</span> <span class='ocrx_word' id='word_1_468' title='bbox 1357 5167 1454 5217; x_wconf 89' lang='lat' dir='ltr'>tua</span> <span class='ocrx_word' id='word_1_469' title='bbox 1493 5161 1842 5233; x_wconf 88' lang='lat' dir='ltr'>gradientem</span> <span class='ocrx_word' id='word_1_470' title='bbox 1881 5161 1942 5216; x_wconf 91' lang='lat' dir='ltr'>in</span> <span class='ocrx_word' id='word_1_471' title='bbox 1987 5162 2100 5216; x_wconf 82' lang='lat' dir='ltr'>ele-</span> 
     </span>
    </p>
   </div>
   <div class='ocr_carea' id='block_1_70' title="bbox 477 5255 2102 5334">
    <p class='ocr_par' dir='ltr' id='par_1_70' title="bbox 477 5255 2102 5334">
     <span class='ocr_line' id='line_1_71' title="bbox 477 5255 2102 5334; baseline -0.006 -15"><span class='ocrx_word' id='word_1_472' title='bbox 477 5269 666 5320; x_wconf 88' lang='lat' dir='ltr'>mento</span> <span class='ocrx_word' id='word_1_473' title='bbox 689 5263 922 5334; x_wconf 84' lang='lat' dir='ltr'>liquido,</span> <span class='ocrx_word' id='word_1_474' title='bbox 955 5278 1026 5315; x_wconf 87' lang='lat' dir='ltr'>ne</span> <span class='ocrx_word' id='word_1_475' title='bbox 1052 5261 1428 5328; x_wconf 79' lang='lat' dir='ltr'>mergeretur,</span> <span class='ocrx_word' id='word_1_476' title='bbox 1456 5257 1670 5324; x_wconf 86' lang='lat' dir='ltr'>erexit;</span> <span class='ocrx_word' id='word_1_477' title='bbox 1713 5255 1876 5310; x_wconf 91' lang='lat' dir='ltr'>illum</span> <span class='ocrx_word' id='word_1_478' title='bbox 1911 5260 2102 5310; x_wconf 90' lang='lat' dir='ltr'>autem</span> 
     </span>
    </p>
   </div>
   <div class='ocr_carea' id='block_1_71' title="bbox 477 5347 2101 5422">
    <p class='ocr_par' dir='ltr' id='par_1_71' title="bbox 477 5347 2101 5422">
     <span class='ocr_line' id='line_1_72' title="bbox 477 5347 2101 5422; baseline -0.007 -9"><span class='ocrx_word' id='word_1_479' title='bbox 477 5357 641 5413; x_wconf 86' lang='lat' dir='ltr'>tertio</span> <span class='ocrx_word' id='word_1_480' title='bbox 697 5355 1128 5422; x_wconf 86' lang='lat' dir='ltr'>naufragantem</span> <span class='ocrx_word' id='word_1_481' title='bbox 1171 5349 1448 5421; x_wconf 88' lang='lat' dir='ltr'>profunda</span> <span class='ocrx_word' id='word_1_482' title='bbox 1499 5347 1684 5419; x_wconf 90' lang='lat' dir='ltr'>pelagi</span> <span class='ocrx_word' id='word_1_483' title='bbox 1742 5348 1875 5402; x_wconf 87' lang='lat' dir='ltr'>fecit</span> <span class='ocrx_word' id='word_1_484' title='bbox 1927 5349 2101 5402; x_wconf 86' lang='lat' dir='ltr'>vitare</span> 
     </span>
    </p>
   </div>
   <div class='ocr_carea' id='block_1_72' title="bbox 477 5441 2098 5514">
    <p class='ocr_par' dir='ltr' id='par_1_72' title="bbox 477 5441 2098 5514">
     <span class='ocr_line' id='line_1_73' title="bbox 477 5441 2098 5514; baseline -0.006 -8"><span class='ocrx_word' id='word_1_485' title='bbox 477 5449 820 5505; x_wconf 89' lang='lat' dir='ltr'>discrimina.</span> <span class='ocrx_word' id='word_1_486' title='bbox 855 5445 952 5498; x_wconf 84' lang='lat' dir='ltr'>Hic</span> <span class='ocrx_word' id='word_1_487' title='bbox 977 5449 1164 5514; x_wconf 86' lang='lat' dir='ltr'>portas</span> <span class='ocrx_word' id='word_1_488' title='bbox 1193 5442 1418 5508; x_wconf 86' lang='lat' dir='ltr'>inferni,</span> <span class='ocrx_word' id='word_1_489' title='bbox 1447 5442 1538 5496; x_wconf 90' lang='lat' dir='ltr'>ille</span> <span class='ocrx_word' id='word_1_490' title='bbox 1563 5441 1759 5495; x_wconf 87' lang='lat' dir='ltr'>mortis</span> <span class='ocrx_word' id='word_1_491' title='bbox 1785 5441 1920 5496; x_wconf 86' lang='lat' dir='ltr'>vicit</span> <span class='ocrx_word' id='word_1_492' title='bbox 1965 5458 2098 5496; x_wconf 83' lang='lat' dir='ltr'>acu—</span> 
     </span>
    </p>
   </div>
   <div class='ocr_carea' id='block_1_73' title="bbox 475 5533 2104 5606">
    <p class='ocr_par' dir='ltr' id='par_1_73' title="bbox 475 5533 2104 5606">
     <span class='ocr_line' id='line_1_74' title="bbox 475 5533 2104 5606; baseline -0.007 -6"><span class='ocrx_word' id='word_1_493' title='bbox 475 5544 650 5600; x_wconf 87' lang='lat' dir='ltr'>leum.</span> <span class='ocrx_word' id='word_1_494' title='bbox 687 5539 890 5594; x_wconf 88' lang='lat' dir='ltr'>Paulus</span> <span class='ocrx_word' id='word_1_495' title='bbox 917 5536 1098 5606; x_wconf 88' lang='lat' dir='ltr'>capite</span> <span class='ocrx_word' id='word_1_496' title='bbox 1141 5535 1422 5605; x_wconf 88' lang='lat' dir='ltr'>plectitur,</span> <span class='ocrx_word' id='word_1_497' title='bbox 1465 5533 1598 5604; x_wconf 86' lang='lat' dir='ltr'>quia</span> <span class='ocrx_word' id='word_1_498' title='bbox 1643 5534 1900 5602; x_wconf 84' lang='lat' dir='ltr'>gentibus</span> <span class='ocrx_word' id='word_1_499' title='bbox 1936 5539 2104 5606; x_wconf 87' lang='lat' dir='ltr'>caput</span> 
     </span>
    </p>
   </div>
   <div class='ocr_carea' id='block_1_74' title="bbox 475 5627 2101 5704">
    <p class='ocr_par' dir='ltr' id='par_1_74' title="bbox 475 5627 2101 5704">
     <span class='ocr_line' id='line_1_75' title="bbox 475 5627 2101 5704; baseline -0.006 -11"><span class='ocrx_word' id='word_1_500' title='bbox 475 5635 609 5695; x_wconf 80' lang='lat' dir='ltr'>ﬁdei</span> <span class='ocrx_word' id='word_1_501' title='bbox 635 5629 1062 5704; x_wconf 80' lang='lat' dir='ltr'>comprobatur;</span> <span class='ocrx_word' id='word_1_502' title='bbox 1085 5630 1282 5683; x_wconf 90' lang='lat' dir='ltr'>Petrus</span> <span class='ocrx_word' id='word_1_503' title='bbox 1305 5631 1494 5682; x_wconf 88' lang='lat' dir='ltr'>autem</span> <span class='ocrx_word' id='word_1_504' title='bbox 1521 5627 1824 5698; x_wconf 76' lang='lat' dir='ltr'>praemissis</span> <span class='ocrx_word' id='word_1_505' title='bbox 1850 5627 1910 5683; x_wconf 90' lang='lat' dir='ltr'>in</span> <span class='ocrx_word' id='word_1_506' title='bbox 1937 5645 2101 5684; x_wconf 90' lang='lat' dir='ltr'>cruce</span> 
     </span>
    </p>
   </div>
   <div class='ocr_carea' id='block_1_75' title="bbox 549 5781 1655 5854">
    <p class='ocr_par' dir='ltr' id='par_1_75' title="bbox 549 5781 1655 5854">
     <span class='ocr_line' id='line_1_76' title="bbox 549 5781 1655 5854; baseline -0.005 -12"><span class='ocrx_word' id='word_1_507' title='bbox 549 5787 574 5818; x_wconf 81' lang='grc'><strong><em>⁸</em></strong></span> <span class='ocrx_word' id='word_1_508' title='bbox 601 5785 796 5842; x_wconf 84' lang='lat' dir='ltr'>Afﬁnis</span> <span class='ocrx_word' id='word_1_509' title='bbox 823 5789 907 5840; x_wconf 90' lang='lat' dir='ltr'>est</span> <span class='ocrx_word' id='word_1_510' title='bbox 937 5784 1056 5838; x_wconf 74' lang='lat' dir='ltr'>haec</span> <span class='ocrx_word' id='word_1_511' title='bbox 1077 5781 1254 5836; x_wconf 90' lang='lat' dir='ltr'>oratio</span> <span class='ocrx_word' id='word_1_512' title='bbox 1282 5781 1655 5854; x_wconf 71' lang='lat' dir='ltr'>Gregorianae.</span> 
     </span>
    </p>
   </div>
   <div class='ocr_carea' id='block_1_76' title="bbox 2203 1937 3864 2013">
    <p class='ocr_par' dir='ltr' id='par_1_76' title="bbox 2203 1937 3864 2013">
     <span class='ocr_line' id='line_1_77' title="bbox 2203 1937 3864 2013; baseline -0.004 -17"><span class='ocrx_word' id='word_1_513' title='bbox 2203 1943 2322 2013; x_wconf 88' lang='lat' dir='ltr'>ejus</span> <span class='ocrx_word' id='word_1_514' title='bbox 2350 1943 2635 2012; x_wconf 88' lang='lat' dir='ltr'>juvemur,</span> <span class='ocrx_word' id='word_1_515' title='bbox 2679 1943 2734 1994; x_wconf 93' lang='lat' dir='ltr'>et</span> <span class='ocrx_word' id='word_1_516' title='bbox 2779 1939 3016 1994; x_wconf 90' lang='lat' dir='ltr'>meritis.</span> <span class='ocrx_word' id='word_1_517' title='bbox 3073 1941 3175 1993; x_wconf 91' lang='lat' dir='ltr'>Per</span> <span class='ocrx_word' id='word_1_518' title='bbox 3218 1937 3524 1993; x_wconf 88' lang='lat' dir='ltr'>Dominum</span> <span class='ocrx_word' id='word_1_519' title='bbox 3581 1941 3864 1992; x_wconf 88' lang='lat' dir='ltr'>nostrum</span> 
     </span>
    </p>
   </div>
   <div class='ocr_carea' id='block_1_77' title="bbox 2205 2035 2617 2090">
    <p class='ocr_par' dir='ltr' id='par_1_77' title="bbox 2205 2035 2617 2090">
     <span class='ocr_line' id='line_1_78' title="bbox 2205 2035 2617 2090; baseline -0.01 0"><span class='ocrx_word' id='word_1_520' title='bbox 2205 2035 2410 2090; x_wconf 86' lang='lat' dir='ltr'>Filium</span> <span class='ocrx_word' id='word_1_521' title='bbox 2435 2039 2617 2090; x_wconf 91' lang='lat' dir='ltr'>tuum.</span> 
     </span>
    </p>
   </div>
   <div class='ocr_carea' id='block_1_78' title="bbox 2761 2100 3278 2163">
    <p class='ocr_par' dir='ltr' id='par_1_78' title="bbox 2761 2100 3278 2163">
     <span class='ocr_line' id='line_1_79' title="bbox 2761 2100 3278 2163; baseline -0.002 -12"><span class='ocrx_word' id='word_1_522' title='bbox 2761 2101 3010 2152; x_wconf 90' lang='lat' dir='ltr'>Collectio</span> <span class='ocrx_word' id='word_1_523' title='bbox 3026 2100 3278 2163; x_wconf 81' lang='lat' dir='ltr'>sequitur.</span> 
     </span>
    </p>
   </div>
   <div class='ocr_carea' id='block_1_79' title="bbox 2275 2185 3859 2260">
    <p class='ocr_par' dir='ltr' id='par_1_79' title="bbox 2275 2185 3859 2260">
     <span class='ocr_line' id='line_1_80' title="bbox 2275 2185 3859 2260; baseline -0.002 -16"><span class='ocrx_word' id='word_1_524' title='bbox 2275 2190 2614 2260; x_wconf 85' lang='lat' dir='ltr'>Majestatem</span> <span class='ocrx_word' id='word_1_525' title='bbox 2641 2193 2818 2254; x_wconf 88' lang='lat' dir='ltr'>tuam,</span> <span class='ocrx_word' id='word_1_526' title='bbox 2850 2186 3106 2255; x_wconf 91' lang='lat' dir='ltr'>Domine,</span> <span class='ocrx_word' id='word_1_527' title='bbox 3139 2185 3473 2256; x_wconf 89' lang='lat' dir='ltr'>suppliciter</span> <span class='ocrx_word' id='word_1_528' title='bbox 3501 2201 3820 2242; x_wconf 89' lang='lat' dir='ltr'>exoramus</span> <span class='ocrx_word' id='word_1_529' title='bbox 3843 2205 3859 2255; x_wconf 86' lang='lat'><strong>;</strong></span> 
     </span>
    </p>
   </div>
   <div class='ocr_carea' id='block_1_80' title="bbox 2205 2279 3862 2351">
    <p class='ocr_par' dir='ltr' id='par_1_80' title="bbox 2205 2279 3862 2351">
     <span class='ocr_line' id='line_1_81' title="bbox 2205 2279 3862 2351; baseline -0.001 -15"><span class='ocrx_word' id='word_1_530' title='bbox 2205 2287 2271 2336; x_wconf 90' lang='lat' dir='ltr'>ut</span> <span class='ocrx_word' id='word_1_531' title='bbox 2304 2283 2446 2336; x_wconf 91' lang='lat' dir='ltr'>sicut</span> <span class='ocrx_word' id='word_1_532' title='bbox 2483 2281 2740 2335; x_wconf 62' lang='lat' dir='ltr'>Ecclesia:</span> <span class='ocrx_word' id='word_1_533' title='bbox 2779 2285 2892 2334; x_wconf 57' lang='lat' dir='ltr'>tuas</span> <span class='ocrx_word' id='word_1_534' title='bbox 2917 2280 3116 2334; x_wconf 90' lang='lat' dir='ltr'>beatus</span> <span class='ocrx_word' id='word_1_535' title='bbox 3143 2279 3224 2332; x_wconf 88' lang='lat' dir='ltr'>ill.</span> <span class='ocrx_word' id='word_1_536' title='bbox 3255 2279 3545 2350; x_wconf 87' lang='lat' dir='ltr'>apostolus</span> <span class='ocrx_word' id='word_1_537' title='bbox 3566 2279 3862 2351; x_wconf 52' lang='lat' dir='ltr'>pradica-</span> 
     </span>
    </p>
   </div>
   <div class='ocr_carea' id='block_1_81' title="bbox 2205 2371 3864 2444">
    <p class='ocr_par' dir='ltr' id='par_1_81' title="bbox 2205 2371 3864 2444">
     <span class='ocr_line' id='line_1_82' title="bbox 2205 2371 3864 2444; baseline -0.002 -14"><span class='ocrx_word' id='word_1_538' title='bbox 2205 2381 2295 2430; x_wconf 91' lang='lat' dir='ltr'>tor</span> <span class='ocrx_word' id='word_1_539' title='bbox 2333 2379 2390 2430; x_wconf 89' lang='lat' dir='ltr'>et</span> <span class='ocrx_word' id='word_1_540' title='bbox 2430 2375 2625 2429; x_wconf 92' lang='lat' dir='ltr'>doctor</span> <span class='ocrx_word' id='word_1_541' title='bbox 2665 2373 2896 2440; x_wconf 88' lang='lat' dir='ltr'>exstitit,</span> <span class='ocrx_word' id='word_1_542' title='bbox 2937 2372 3020 2426; x_wconf 88' lang='lat' dir='ltr'>ita</span> <span class='ocrx_word' id='word_1_543' title='bbox 3057 2372 3129 2426; x_wconf 88' lang='lat' dir='ltr'>sit</span> <span class='ocrx_word' id='word_1_544' title='bbox 3185 2389 3288 2443; x_wconf 91' lang='lat' dir='ltr'>pro</span> <span class='ocrx_word' id='word_1_545' title='bbox 3327 2371 3490 2426; x_wconf 88' lang='lat' dir='ltr'>nobis</span> <span class='ocrx_word' id='word_1_546' title='bbox 3533 2377 3864 2444; x_wconf 88' lang='lat' dir='ltr'>perpetuus</span> 
     </span>
    </p>
   </div>
   <div class='ocr_carea' id='block_1_82' title="bbox 2207 2466 3551 2539">
    <p class='ocr_par' dir='ltr' id='par_1_82' title="bbox 2207 2466 3551 2539">
     <span class='ocr_line' id='line_1_83' title="bbox 2207 2466 3551 2539; baseline -0.002 -16"><span class='ocrx_word' id='word_1_547' title='bbox 2207 2469 2556 2539; x_wconf 73' lang='lat' dir='ltr'>suffragator.</span> <span class='ocrx_word' id='word_1_548' title='bbox 2589 2468 2693 2522; x_wconf 90' lang='lat' dir='ltr'>Per</span> <span class='ocrx_word' id='word_1_549' title='bbox 2721 2466 3024 2520; x_wconf 91' lang='lat' dir='ltr'>Dominum</span> <span class='ocrx_word' id='word_1_550' title='bbox 3051 2469 3312 2520; x_wconf 91' lang='lat' dir='ltr'>nostrum</span> <span class='ocrx_word' id='word_1_551' title='bbox 3339 2467 3551 2522; x_wconf 85' lang='lat' dir='ltr'>Jesum.</span> 
     </span>
    </p>
   </div>
   <div class='ocr_carea' id='block_1_83' title="bbox 2701 2563 3339 2628">
    <p class='ocr_par' dir='ltr' id='par_1_83' title="bbox 2701 2563 3339 2628">
     <span class='ocr_line' id='line_1_84' title="bbox 2701 2563 3339 2628; baseline -0.003 -14"><span class='ocrx_word' id='word_1_552' title='bbox 2701 2563 2950 2615; x_wconf 89' lang='lat' dir='ltr'>Collectio</span> <span class='ocrx_word' id='word_1_553' title='bbox 2967 2567 3086 2628; x_wconf 88' lang='lat' dir='ltr'>post</span> <span class='ocrx_word' id='word_1_554' title='bbox 3107 2563 3339 2612; x_wconf 87' lang='lat' dir='ltr'>nomina.</span> 
     </span>
    </p>
   </div>
   <div class='ocr_carea' id='block_1_84' title="bbox 2276 2649 3860 2720">
    <p class='ocr_par' dir='ltr' id='par_1_84' title="bbox 2276 2649 3860 2720">
     <span class='ocr_line' id='line_1_85' title="bbox 2276 2649 3860 2720; baseline -0.001 -15"><span class='ocrx_word' id='word_1_555' title='bbox 2276 2649 2540 2705; x_wconf 70' lang='lat' dir='ltr'>Laztiﬁcet</span> <span class='ocrx_word' id='word_1_556' title='bbox 2583 2667 2703 2716; x_wconf 90' lang='lat' dir='ltr'>nos,</span> <span class='ocrx_word' id='word_1_557' title='bbox 2743 2666 3089 2720; x_wconf 71' lang='lat' dir='ltr'>quzesumus,</span> <span class='ocrx_word' id='word_1_558' title='bbox 3129 2649 3386 2716; x_wconf 90' lang='lat' dir='ltr'>Domine,</span> <span class='ocrx_word' id='word_1_559' title='bbox 3431 2665 3650 2703; x_wconf 90' lang='lat' dir='ltr'>munus</span> <span class='ocrx_word' id='word_1_560' title='bbox 3692 2649 3860 2704; x_wconf 90' lang='lat' dir='ltr'>obla-</span> 
     </span>
    </p>
   </div>
   <div class='ocr_carea' id='block_1_85' title="bbox 2207 2741 3862 2814">
    <p class='ocr_par' dir='ltr' id='par_1_85' title="bbox 2207 2741 3862 2814">
     <span class='ocr_line' id='line_1_86' title="bbox 2207 2741 3862 2814; baseline -0.002 -15"><span class='ocrx_word' id='word_1_561' title='bbox 2207 2749 2364 2812; x_wconf 85' lang='lat' dir='ltr'>tum;</span> <span class='ocrx_word' id='word_1_562' title='bbox 2395 2749 2459 2798; x_wconf 89' lang='lat' dir='ltr'>ut</span> <span class='ocrx_word' id='word_1_563' title='bbox 2481 2744 2625 2798; x_wconf 91' lang='lat' dir='ltr'>sicut</span> <span class='ocrx_word' id='word_1_564' title='bbox 2649 2744 2709 2797; x_wconf 92' lang='lat' dir='ltr'>in</span> <span class='ocrx_word' id='word_1_565' title='bbox 2733 2743 2982 2814; x_wconf 87' lang='lat' dir='ltr'>apostolo</span> <span class='ocrx_word' id='word_1_566' title='bbox 3011 2747 3108 2796; x_wconf 90' lang='lat' dir='ltr'>tuo</span> <span class='ocrx_word' id='word_1_567' title='bbox 3137 2747 3193 2796; x_wconf 91' lang='lat' dir='ltr'>te</span> <span class='ocrx_word' id='word_1_568' title='bbox 3221 2741 3544 2796; x_wconf 89' lang='lat' dir='ltr'>mirabilem</span> <span class='ocrx_word' id='word_1_569' title='bbox 3563 2742 3862 2812; x_wconf 78' lang='lat' dir='ltr'>praedica-</span> 
     </span>
    </p>
   </div>
   <div class='ocr_carea' id='block_1_86' title="bbox 2207 2835 3866 2907">
    <p class='ocr_par' dir='ltr' id='par_1_86' title="bbox 2207 2835 3866 2907">
     <span class='ocr_line' id='line_1_87' title="bbox 2207 2835 3866 2907; baseline -0.001 -16"><span class='ocrx_word' id='word_1_570' title='bbox 2207 2854 2355 2906; x_wconf 90' lang='lat' dir='ltr'>mus,</span> <span class='ocrx_word' id='word_1_571' title='bbox 2377 2837 2454 2890; x_wconf 89' lang='lat' dir='ltr'>sic</span> <span class='ocrx_word' id='word_1_572' title='bbox 2479 2853 2580 2907; x_wconf 89' lang='lat' dir='ltr'>per</span> <span class='ocrx_word' id='word_1_573' title='bbox 2597 2836 2760 2890; x_wconf 90' lang='lat' dir='ltr'>illum</span> <span class='ocrx_word' id='word_1_574' title='bbox 2787 2851 3195 2907; x_wconf 71' lang='lat' dir='ltr'>praesumamus</span> <span class='ocrx_word' id='word_1_575' title='bbox 3215 2835 3588 2906; x_wconf 67' lang='lat' dir='ltr'>indulgentiae</span> <span class='ocrx_word' id='word_1_576' title='bbox 3621 2835 3866 2907; x_wconf 86' lang='lat' dir='ltr'>largita-</span> 
     </span>
    </p>
   </div>
   <div class='ocr_carea' id='block_1_87' title="bbox 2207 2928 3866 2999">
    <p class='ocr_par' dir='ltr' id='par_1_87' title="bbox 2207 2928 3866 2999">
     <span class='ocr_line' id='line_1_88' title="bbox 2207 2928 3866 2999; baseline -0.002 -14"><span class='ocrx_word' id='word_1_577' title='bbox 2207 2935 2344 2985; x_wconf 91' lang='lat' dir='ltr'>tem.</span> <span class='ocrx_word' id='word_1_578' title='bbox 2387 2933 2592 2984; x_wconf 70' lang='lat' dir='ltr'>Praasta</span> <span class='ocrx_word' id='word_1_579' title='bbox 2636 2929 2798 2983; x_wconf 91' lang='lat' dir='ltr'>nobis</span> <span class='ocrx_word' id='word_1_580' title='bbox 2845 2929 2964 2999; x_wconf 87' lang='lat' dir='ltr'>ejus</span> <span class='ocrx_word' id='word_1_581' title='bbox 2999 2929 3312 2983; x_wconf 88' lang='lat' dir='ltr'>desiderata</span> <span class='ocrx_word' id='word_1_582' title='bbox 3358 2928 3746 2998; x_wconf 87' lang='lat' dir='ltr'>commercia;</span> <span class='ocrx_word' id='word_1_583' title='bbox 3799 2933 3866 2982; x_wconf 89' lang='lat' dir='ltr'>ut</span> 
     </span>
    </p>
   </div>
   <div class='ocr_carea' id='block_1_88' title="bbox 2209 3022 3866 3094">
    <p class='ocr_par' dir='ltr' id='par_1_88' title="bbox 2209 3022 3866 3094">
     <span class='ocr_line' id='line_1_89' title="bbox 2209 3022 3866 3094; baseline -0.001 -16"><span class='ocrx_word' id='word_1_584' title='bbox 2209 3025 2368 3094; x_wconf 90' lang='lat' dir='ltr'>cujus</span> <span class='ocrx_word' id='word_1_585' title='bbox 2414 3027 2747 3094; x_wconf 89' lang='lat' dir='ltr'>perpetuam</span> <span class='ocrx_word' id='word_1_586' title='bbox 2789 3022 3122 3092; x_wconf 86' lang='lat' dir='ltr'>dignitatem</span> <span class='ocrx_word' id='word_1_587' title='bbox 3171 3025 3522 3076; x_wconf 87' lang='lat' dir='ltr'>sacrosancto</span> <span class='ocrx_word' id='word_1_588' title='bbox 3575 3023 3866 3092; x_wconf 86' lang='lat' dir='ltr'>mysterio</span> 
     </span>
    </p>
   </div>
   <div class='ocr_carea' id='block_1_89' title="bbox 2207 3113 3866 3187">
    <p class='ocr_par' dir='ltr' id='par_1_89' title="bbox 2207 3113 3866 3187">
     <span class='ocr_line' id='line_1_90' title="bbox 2207 3113 3866 3187; baseline -0.001 -17"><span class='ocrx_word' id='word_1_589' title='bbox 2207 3117 2629 3187; x_wconf 86' lang='lat' dir='ltr'>frequentamus</span> <span class='ocrx_word' id='word_1_590' title='bbox 2651 3116 2712 3169; x_wconf 91' lang='lat' dir='ltr'>in</span> <span class='ocrx_word' id='word_1_591' title='bbox 2737 3115 2922 3182; x_wconf 84' lang='lat' dir='ltr'>terris,</span> <span class='ocrx_word' id='word_1_592' title='bbox 2953 3119 3009 3169; x_wconf 90' lang='lat' dir='ltr'>et</span> <span class='ocrx_word' id='word_1_593' title='bbox 3051 3115 3352 3185; x_wconf 75' lang='lat' dir='ltr'>praesentia</span> <span class='ocrx_word' id='word_1_594' title='bbox 3393 3113 3558 3168; x_wconf 89' lang='lat' dir='ltr'>nobis</span> <span class='ocrx_word' id='word_1_595' title='bbox 3597 3113 3866 3170; x_wconf 86' lang='lat' dir='ltr'>subsidia</span> 
     </span>
    </p>
   </div>
   <div class='ocr_carea' id='block_1_90' title="bbox 2207 3207 3564 3281">
    <p class='ocr_par' dir='ltr' id='par_1_90' title="bbox 2207 3207 3564 3281">
     <span class='ocr_line' id='line_1_91' title="bbox 2207 3207 3564 3281; baseline -0.001 -17"><span class='ocrx_word' id='word_1_596' title='bbox 2207 3210 2452 3281; x_wconf 88' lang='lat' dir='ltr'>postulet</span> <span class='ocrx_word' id='word_1_597' title='bbox 2478 3213 2534 3263; x_wconf 93' lang='lat' dir='ltr'>et</span> <span class='ocrx_word' id='word_1_598' title='bbox 2559 3213 2788 3264; x_wconf 80' lang='lat' dir='ltr'>aeterna.</span> <span class='ocrx_word' id='word_1_599' title='bbox 2817 3209 2923 3262; x_wconf 92' lang='lat' dir='ltr'>Per</span> <span class='ocrx_word' id='word_1_600' title='bbox 2951 3207 3256 3262; x_wconf 90' lang='lat' dir='ltr'>Dominum</span> <span class='ocrx_word' id='word_1_601' title='bbox 3281 3211 3564 3264; x_wconf 88' lang='lat' dir='ltr'>nostrum.</span> 
     </span>
    </p>
   </div>
   <div class='ocr_carea' id='block_1_91' title="bbox 2856 3304 3188 3354">
    <p class='ocr_par' dir='ltr' id='par_1_91' title="bbox 2856 3304 3188 3354">
     <span class='ocr_line' id='line_1_92' title="bbox 2856 3304 3188 3354; baseline 0.003 -1"><span class='ocrx_word' id='word_1_602' title='bbox 2856 3304 3188 3354; x_wconf 84' lang='lat' dir='ltr'>Conteslatio.</span> 
     </span>
    </p>
   </div>
   <div class='ocr_carea' id='block_1_92' title="bbox 2277 3389 3864 3462">
    <p class='ocr_par' dir='ltr' id='par_1_92' title="bbox 2277 3389 3864 3462">
     <span class='ocr_line' id='line_1_93' title="bbox 2277 3389 3864 3462; baseline 0.001 -18"><span class='ocrx_word' id='word_1_603' title='bbox 2277 3393 2414 3446; x_wconf 89' lang='lat' dir='ltr'>Vere</span> <span class='ocrx_word' id='word_1_604' title='bbox 2435 3391 2674 3461; x_wconf 90' lang='lat' dir='ltr'>dignum</span> <span class='ocrx_word' id='word_1_605' title='bbox 2699 3395 2756 3444; x_wconf 90' lang='lat' dir='ltr'>et</span> <span class='ocrx_word' id='word_1_606' title='bbox 2773 3390 2996 3460; x_wconf 90' lang='lat' dir='ltr'>justum</span> <span class='ocrx_word' id='word_1_607' title='bbox 3021 3395 3105 3444; x_wconf 91' lang='lat' dir='ltr'>est</span> <span class='ocrx_word' id='word_1_608' title='bbox 3129 3394 3184 3444; x_wconf 87' lang='lat' dir='ltr'>te</span> <span class='ocrx_word' id='word_1_609' title='bbox 3211 3389 3464 3458; x_wconf 89' lang='lat' dir='ltr'>laudare,</span> <span class='ocrx_word' id='word_1_610' title='bbox 3485 3390 3864 3462; x_wconf 89' lang='lat' dir='ltr'>omnipotens</span> 
     </span>
    </p>
   </div>
   <div class='ocr_carea' id='block_1_93' title="bbox 2205 3483 3862 3556">
    <p class='ocr_par' dir='ltr' id='par_1_93' title="bbox 2205 3483 3862 3556">
     <span class='ocr_line' id='line_1_94' title="bbox 2205 3483 3862 3556; baseline 0.002 -18"><span class='ocrx_word' id='word_1_611' title='bbox 2205 3486 2369 3553; x_wconf 89' lang='lat' dir='ltr'>Deus,</span> <span class='ocrx_word' id='word_1_612' title='bbox 2397 3484 2678 3554; x_wconf 63' lang='lat' dir='ltr'>praecipue</span> <span class='ocrx_word' id='word_1_613' title='bbox 2707 3483 2766 3537; x_wconf 93' lang='lat' dir='ltr'>in</span> <span class='ocrx_word' id='word_1_614' title='bbox 2791 3483 2940 3537; x_wconf 88' lang='lat' dir='ltr'>beati</span> <span class='ocrx_word' id='word_1_615' title='bbox 2969 3483 3204 3554; x_wconf 86' lang='lat' dir='ltr'>apostoli</span> <span class='ocrx_word' id='word_1_616' title='bbox 3219 3483 3304 3536; x_wconf 90' lang='lat' dir='ltr'>tui</span> <span class='ocrx_word' id='word_1_617' title='bbox 3330 3483 3410 3538; x_wconf 90' lang='lat' dir='ltr'>ill.</span> <span class='ocrx_word' id='word_1_618' title='bbox 3437 3483 3778 3556; x_wconf 85' lang='lat' dir='ltr'>festivitate,</span> <span class='ocrx_word' id='word_1_619' title='bbox 3801 3488 3862 3542; x_wconf 89' lang='lat' dir='ltr'>in</span> 
     </span>
    </p>
   </div>
   <div class='ocr_carea' id='block_1_94' title="bbox 2205 3575 3860 3650">
    <p class='ocr_par' dir='ltr' id='par_1_94' title="bbox 2205 3575 3860 3650">
     <span class='ocr_line' id='line_1_95' title="bbox 2205 3575 3860 3650; baseline 0.002 -19"><span class='ocrx_word' id='word_1_620' title='bbox 2205 3595 2316 3650; x_wconf 86' lang='lat' dir='ltr'>qua</span> <span class='ocrx_word' id='word_1_621' title='bbox 2351 3577 2627 3648; x_wconf 90' lang='lat' dir='ltr'>gloriosus</span> <span class='ocrx_word' id='word_1_622' title='bbox 2669 3577 2790 3648; x_wconf 90' lang='lat' dir='ltr'>ejus</span> <span class='ocrx_word' id='word_1_623' title='bbox 2828 3576 3058 3648; x_wconf 89' lang='lat' dir='ltr'>sanguis</span> <span class='ocrx_word' id='word_1_624' title='bbox 3097 3592 3202 3646; x_wconf 93' lang='lat' dir='ltr'>pro</span> <span class='ocrx_word' id='word_1_625' title='bbox 3238 3575 3460 3631; x_wconf 89' lang='lat' dir='ltr'>Christo</span> <span class='ocrx_word' id='word_1_626' title='bbox 3499 3577 3721 3632; x_wconf 75' lang='lat' dir='ltr'>effusus</span> <span class='ocrx_word' id='word_1_627' title='bbox 3751 3585 3860 3635; x_wconf 89' lang='lat' dir='ltr'>est.</span> 
     </span>
    </p>
   </div>
   <div class='ocr_carea' id='block_1_95' title="bbox 2205 3667 3864 3741">
    <p class='ocr_par' dir='ltr' id='par_1_95' title="bbox 2205 3667 3864 3741">
     <span class='ocr_line' id='line_1_96' title="bbox 2205 3667 3864 3741; baseline 0.001 -15"><span class='ocrx_word' id='word_1_628' title='bbox 2205 3671 2376 3741; x_wconf 91' lang='lat' dir='ltr'>Cujus</span> <span class='ocrx_word' id='word_1_629' title='bbox 2401 3669 2734 3726; x_wconf 90' lang='lat' dir='ltr'>venerabilis</span> <span class='ocrx_word' id='word_1_630' title='bbox 2769 3685 2974 3724; x_wconf 62' lang='lat' dir='ltr'>annuae</span> <span class='ocrx_word' id='word_1_631' title='bbox 3015 3667 3352 3724; x_wconf 89' lang='lat' dir='ltr'>recursionis</span> <span class='ocrx_word' id='word_1_632' title='bbox 3397 3669 3764 3726; x_wconf 84' lang='lat' dir='ltr'>sollemnitas</span> <span class='ocrx_word' id='word_1_633' title='bbox 3809 3677 3864 3728; x_wconf 87' lang='lat' dir='ltr'>et</span> 
     </span>
    </p>
   </div>
   <div class='ocr_carea' id='block_1_96' title="bbox 2205 3763 3862 3836">
    <p class='ocr_par' dir='ltr' id='par_1_96' title="bbox 2205 3763 3862 3836">
     <span class='ocr_line' id='line_1_97' title="bbox 2205 3763 3862 3836; baseline 0.002 -18"><span class='ocrx_word' id='word_1_634' title='bbox 2205 3769 2480 3834; x_wconf 90' lang='lat' dir='ltr'>perpetua</span> <span class='ocrx_word' id='word_1_635' title='bbox 2507 3779 2748 3833; x_wconf 87' lang='lat' dir='ltr'>semper,</span> <span class='ocrx_word' id='word_1_636' title='bbox 2775 3767 2832 3818; x_wconf 91' lang='lat' dir='ltr'>et</span> <span class='ocrx_word' id='word_1_637' title='bbox 2851 3779 2992 3816; x_wconf 91' lang='lat' dir='ltr'>nova</span> <span class='ocrx_word' id='word_1_638' title='bbox 3020 3767 3136 3831; x_wconf 86' lang='lat' dir='ltr'>est;</span> <span class='ocrx_word' id='word_1_639' title='bbox 3179 3763 3314 3834; x_wconf 87' lang='lat' dir='ltr'>quia</span> <span class='ocrx_word' id='word_1_640' title='bbox 3344 3767 3402 3818; x_wconf 89' lang='lat' dir='ltr'>et</span> <span class='ocrx_word' id='word_1_641' title='bbox 3441 3763 3504 3818; x_wconf 90' lang='lat' dir='ltr'>in</span> <span class='ocrx_word' id='word_1_642' title='bbox 3535 3771 3862 3836; x_wconf 87' lang='lat' dir='ltr'>conspectu</span> 
     </span>
    </p>
   </div>
   <div class='ocr_carea' id='block_1_97' title="bbox 2205 3857 3864 3928">
    <p class='ocr_par' dir='ltr' id='par_1_97' title="bbox 2205 3857 3864 3928">
     <span class='ocr_line' id='line_1_98' title="bbox 2205 3857 3864 3928; baseline 0.002 -18"><span class='ocrx_word' id='word_1_643' title='bbox 2205 3861 2316 3910; x_wconf 63' lang='lat' dir='ltr'>tuae</span> <span class='ocrx_word' id='word_1_644' title='bbox 2341 3857 2636 3927; x_wconf 84' lang='lat' dir='ltr'>Majestatis</span> <span class='ocrx_word' id='word_1_645' title='bbox 2657 3861 2951 3926; x_wconf 89' lang='lat' dir='ltr'>permanet</span> <span class='ocrx_word' id='word_1_646' title='bbox 2971 3873 3124 3910; x_wconf 90' lang='lat' dir='ltr'>mors</span> <span class='ocrx_word' id='word_1_647' title='bbox 3151 3859 3380 3910; x_wconf 90' lang='lat' dir='ltr'>tuorum</span> <span class='ocrx_word' id='word_1_648' title='bbox 3399 3857 3650 3926; x_wconf 88' lang='lat' dir='ltr'>pretiosa</span> <span class='ocrx_word' id='word_1_649' title='bbox 3669 3858 3864 3928; x_wconf 88' lang='lat' dir='ltr'>justo-</span> 
     </span>
    </p>
   </div>
   <div class='ocr_carea' id='block_1_98' title="bbox 2204 3949 3859 4018">
    <p class='ocr_par' dir='ltr' id='par_1_98' title="bbox 2204 3949 3859 4018">
     <span class='ocr_line' id='line_1_99' title="bbox 2204 3949 3859 4018; baseline 0.002 -14"><span class='ocrx_word' id='word_1_650' title='bbox 2204 3966 2365 4017; x_wconf 85' lang='lat' dir='ltr'>rum;</span> <span class='ocrx_word' id='word_1_651' title='bbox 2394 3954 2451 4003; x_wconf 92' lang='lat' dir='ltr'>et</span> <span class='ocrx_word' id='word_1_652' title='bbox 2477 3953 2863 4003; x_wconf 88' lang='lat' dir='ltr'>restaurantur</span> <span class='ocrx_word' id='word_1_653' title='bbox 2891 3949 3240 4004; x_wconf 88' lang='lat' dir='ltr'>incrementa</span> <span class='ocrx_word' id='word_1_654' title='bbox 3267 3949 3498 4018; x_wconf 61' lang='lat' dir='ltr'>laetitia,</span> <span class='ocrx_word' id='word_1_655' title='bbox 3545 3965 3682 4004; x_wconf 90' lang='lat' dir='ltr'>cum</span> <span class='ocrx_word' id='word_1_656' title='bbox 3721 3951 3859 4007; x_wconf 88' lang='lat' dir='ltr'>feli-</span> 
     </span>
    </p>
   </div>
   <div class='ocr_carea' id='block_1_99' title="bbox 2205 4043 3862 4116">
    <p class='ocr_par' dir='ltr' id='par_1_99' title="bbox 2205 4043 3862 4116">
     <span class='ocr_line' id='line_1_100' title="bbox 2205 4043 3862 4116; baseline 0.001 -19"><span class='ocrx_word' id='word_1_657' title='bbox 2205 4043 2384 4097; x_wconf 89' lang='lat' dir='ltr'>citatis</span> <span class='ocrx_word' id='word_1_658' title='bbox 2409 4047 2632 4096; x_wconf 64' lang='lat' dir='ltr'>aeternte</span> <span class='ocrx_word' id='word_1_659' title='bbox 2661 4043 2986 4096; x_wconf 89' lang='lat' dir='ltr'>recoluntur</span> <span class='ocrx_word' id='word_1_660' title='bbox 3003 4043 3250 4096; x_wconf 86' lang='lat' dir='ltr'>exordia.</span> <span class='ocrx_word' id='word_1_661' title='bbox 3279 4043 3569 4114; x_wconf 88' lang='lat' dir='ltr'>Supplices</span> <span class='ocrx_word' id='word_1_662' title='bbox 3593 4047 3652 4098; x_wconf 87' lang='lat' dir='ltr'>te</span> <span class='ocrx_word' id='word_1_663' title='bbox 3679 4061 3862 4116; x_wconf 82' lang='lat' dir='ltr'>roga-</span> 
     </span>
    </p>
   </div>
   <div class='ocr_carea' id='block_1_100' title="bbox 2203 4135 3865 4209">
    <p class='ocr_par' dir='ltr' id='par_1_100' title="bbox 2203 4135 3865 4209">
     <span class='ocr_line' id='line_1_101' title="bbox 2203 4135 3865 4209; baseline 0.001 -19"><span class='ocrx_word' id='word_1_664' title='bbox 2203 4153 2352 4204; x_wconf 89' lang='lat' dir='ltr'>mus,</span> <span class='ocrx_word' id='word_1_665' title='bbox 2405 4135 2761 4206; x_wconf 90' lang='lat' dir='ltr'>omnipotens</span> <span class='ocrx_word' id='word_1_666' title='bbox 2810 4135 2974 4204; x_wconf 90' lang='lat' dir='ltr'>Deus,</span> <span class='ocrx_word' id='word_1_667' title='bbox 3018 4141 3084 4190; x_wconf 92' lang='lat' dir='ltr'>ut</span> <span class='ocrx_word' id='word_1_668' title='bbox 3135 4135 3299 4190; x_wconf 91' lang='lat' dir='ltr'>nobis</span> <span class='ocrx_word' id='word_1_669' title='bbox 3335 4135 3548 4190; x_wconf 89' lang='lat' dir='ltr'>donare</span> <span class='ocrx_word' id='word_1_670' title='bbox 3589 4135 3865 4209; x_wconf 86' lang='lat' dir='ltr'>digneris</span> 
     </span>
    </p>
   </div>
   <div class='ocr_carea' id='block_1_101' title="bbox 2204 4229 3862 4300">
    <p class='ocr_par' dir='ltr' id='par_1_101' title="bbox 2204 4229 3862 4300">
     <span class='ocr_line' id='line_1_102' title="bbox 2204 4229 3862 4300; baseline 0.003 -18"><span class='ocrx_word' id='word_1_671' title='bbox 2204 4229 2517 4300; x_wconf 89' lang='lat' dir='ltr'>apostolum</span> <span class='ocrx_word' id='word_1_672' title='bbox 2545 4233 2709 4282; x_wconf 91' lang='lat' dir='ltr'>tuum</span> <span class='ocrx_word' id='word_1_673' title='bbox 2747 4229 2826 4283; x_wconf 89' lang='lat' dir='ltr'>ill.</span> <span class='ocrx_word' id='word_1_674' title='bbox 2855 4246 2958 4300; x_wconf 89' lang='lat' dir='ltr'>pro</span> <span class='ocrx_word' id='word_1_675' title='bbox 2985 4229 3228 4300; x_wconf 89' lang='lat' dir='ltr'>peccatis</span> <span class='ocrx_word' id='word_1_676' title='bbox 3267 4229 3475 4284; x_wconf 88' lang='lat' dir='ltr'>nostris</span> <span class='ocrx_word' id='word_1_677' title='bbox 3503 4229 3862 4287; x_wconf 85' lang='lat' dir='ltr'>intercesso-</span> 
     </span>
    </p>
   </div>
   <div class='ocr_carea' id='block_1_102' title="bbox 2203 4322 3864 4394">
    <p class='ocr_par' dir='ltr' id='par_1_102' title="bbox 2203 4322 3864 4394">
     <span class='ocr_line' id='line_1_103' title="bbox 2203 4322 3864 4394; baseline 0.004 -18"><span class='ocrx_word' id='word_1_678' title='bbox 2203 4337 2346 4392; x_wconf 92' lang='lat' dir='ltr'>rem,</span> <span class='ocrx_word' id='word_1_679' title='bbox 2389 4322 2814 4376; x_wconf 87' lang='lat' dir='ltr'>necessitatibus</span> <span class='ocrx_word' id='word_1_680' title='bbox 2847 4327 3183 4392; x_wconf 84' lang='lat' dir='ltr'>patronum;</span> <span class='ocrx_word' id='word_1_681' title='bbox 3225 4327 3290 4377; x_wconf 90' lang='lat' dir='ltr'>ut</span> <span class='ocrx_word' id='word_1_682' title='bbox 3331 4322 3430 4394; x_wconf 90' lang='lat' dir='ltr'>qui</span> <span class='ocrx_word' id='word_1_683' title='bbox 3465 4339 3570 4394; x_wconf 90' lang='lat' dir='ltr'>pro</span> <span class='ocrx_word' id='word_1_684' title='bbox 3609 4325 3864 4382; x_wconf 84' lang='lat' dir='ltr'>veritate</span> 
     </span>
    </p>
   </div>
   <div class='ocr_carea' id='block_1_103' title="bbox 2203 4415 3862 4487">
    <p class='ocr_par' dir='ltr' id='par_1_103' title="bbox 2203 4415 3862 4487">
     <span class='ocr_line' id='line_1_104' title="bbox 2203 4415 3862 4487; baseline 0.003 -17"><span class='ocrx_word' id='word_1_685' title='bbox 2203 4431 2426 4470; x_wconf 90' lang='lat' dir='ltr'>sacrum</span> <span class='ocrx_word' id='word_1_686' title='bbox 2466 4415 2800 4486; x_wconf 88' lang='lat' dir='ltr'>sanguinem</span> <span class='ocrx_word' id='word_1_687' title='bbox 2835 4415 3001 4486; x_wconf 88' lang='lat' dir='ltr'>fudit,</span> <span class='ocrx_word' id='word_1_688' title='bbox 3029 4416 3149 4487; x_wconf 92' lang='lat' dir='ltr'>ipse</span> <span class='ocrx_word' id='word_1_689' title='bbox 3174 4419 3304 4470; x_wconf 89' lang='lat' dir='ltr'>ante</span> <span class='ocrx_word' id='word_1_690' title='bbox 3334 4421 3706 4487; x_wconf 88' lang='lat' dir='ltr'>conspectum</span> <span class='ocrx_word' id='word_1_691' title='bbox 3737 4419 3862 4475; x_wconf 85' lang='lat' dir='ltr'>Ma-</span> 
     </span>
    </p>
   </div>
   <div class='ocr_carea' id='block_1_104' title="bbox 2197 4509 3858 4584">
    <p class='ocr_par' dir='ltr' id='par_1_104' title="bbox 2197 4509 3858 4584">
     <span class='ocr_line' id='line_1_105' title="bbox 2197 4509 3858 4584; baseline 0.001 -20"><span class='ocrx_word' id='word_1_692' title='bbox 2197 4509 2417 4580; x_wconf 89' lang='lat' dir='ltr'>jestatis</span> <span class='ocrx_word' id='word_1_693' title='bbox 2443 4513 2554 4564; x_wconf 79' lang='lat' dir='ltr'>tuae</span> <span class='ocrx_word' id='word_1_694' title='bbox 2583 4513 2708 4562; x_wconf 86' lang='lat' dir='ltr'>vota</span> <span class='ocrx_word' id='word_1_695' title='bbox 2731 4513 2922 4564; x_wconf 88' lang='lat' dir='ltr'>nostra</span> <span class='ocrx_word' id='word_1_696' title='bbox 2949 4509 3234 4580; x_wconf 90' lang='lat' dir='ltr'>suscipiat.</span> <span class='ocrx_word' id='word_1_697' title='bbox 3267 4511 3335 4564; x_wconf 90' lang='lat' dir='ltr'>Et</span> <span class='ocrx_word' id='word_1_698' title='bbox 3360 4509 3440 4564; x_wconf 86' lang='lat' dir='ltr'>ita</span> <span class='ocrx_word' id='word_1_699' title='bbox 3465 4510 3516 4564; x_wconf 88' lang='lat' dir='ltr'>ei</span> <span class='ocrx_word' id='word_1_700' title='bbox 3538 4510 3858 4584; x_wconf 84' lang='lat' dir='ltr'>obsequio-</span> 
     </span>
    </p>
   </div>
   <div class='ocr_carea' id='block_1_105' title="bbox 2205 4601 3860 4674">
    <p class='ocr_par' dir='ltr' id='par_1_105' title="bbox 2205 4601 3860 4674">
     <span class='ocr_line' id='line_1_106' title="bbox 2205 4601 3860 4674; baseline 0.002 -17"><span class='ocrx_word' id='word_1_701' title='bbox 2205 4619 2334 4658; x_wconf 90' lang='lat' dir='ltr'>rum</span> <span class='ocrx_word' id='word_1_702' title='bbox 2359 4607 2682 4657; x_wconf 88' lang='lat' dir='ltr'>nostrorum</span> <span class='ocrx_word' id='word_1_703' title='bbox 2709 4601 3054 4657; x_wconf 83' lang='lat' dir='ltr'>ofﬁciositate</span> <span class='ocrx_word' id='word_1_704' title='bbox 3083 4603 3424 4674; x_wconf 89' lang='lat' dir='ltr'>placeamus,</span> <span class='ocrx_word' id='word_1_705' title='bbox 3457 4609 3522 4658; x_wconf 91' lang='lat' dir='ltr'>ut</span> <span class='ocrx_word' id='word_1_706' title='bbox 3559 4604 3707 4659; x_wconf 88' lang='lat' dir='ltr'>dum</span> <span class='ocrx_word' id='word_1_707' title='bbox 3749 4621 3860 4660; x_wconf 88' lang='lat' dir='ltr'>nos</span> 
     </span>
    </p>
   </div>
   <div class='ocr_carea' id='block_1_106' title="bbox 2205 4691 3860 4764">
    <p class='ocr_par' dir='ltr' id='par_1_106' title="bbox 2205 4691 3860 4764">
     <span class='ocr_line' id='line_1_107' title="bbox 2205 4691 3860 4764; baseline 0.002 -17"><span class='ocrx_word' id='word_1_708' title='bbox 2205 4693 2258 4748; x_wconf 89' lang='lat' dir='ltr'>ei</span> <span class='ocrx_word' id='word_1_709' title='bbox 2283 4693 2667 4764; x_wconf 91' lang='lat' dir='ltr'>supplicamus</span> <span class='ocrx_word' id='word_1_710' title='bbox 2693 4693 2752 4746; x_wconf 92' lang='lat' dir='ltr'>in</span> <span class='ocrx_word' id='word_1_711' title='bbox 2781 4692 2964 4760; x_wconf 87' lang='lat' dir='ltr'>terris,</span> <span class='ocrx_word' id='word_1_712' title='bbox 2987 4691 3080 4746; x_wconf 90' lang='lat' dir='ltr'>ille</span> <span class='ocrx_word' id='word_1_713' title='bbox 3100 4709 3205 4746; x_wconf 90' lang='lat' dir='ltr'>nos</span> <span class='ocrx_word' id='word_1_714' title='bbox 3219 4691 3626 4747; x_wconf 88' lang='lat' dir='ltr'>commendare</span> <span class='ocrx_word' id='word_1_715' title='bbox 3649 4693 3860 4764; x_wconf 84' lang='lat' dir='ltr'>digne-</span> 
     </span>
    </p>
   </div>
   <div class='ocr_carea' id='block_1_107' title="bbox 2205 4785 3858 4843">
    <p class='ocr_par' dir='ltr' id='par_1_107' title="bbox 2205 4785 3858 4843">
     <span class='ocr_line' id='line_1_108' title="bbox 2205 4785 3858 4843; baseline 0.002 -4"><span class='ocrx_word' id='word_1_716' title='bbox 2205 4789 2298 4840; x_wconf 89' lang='lat' dir='ltr'>tur</span> <span class='ocrx_word' id='word_1_717' title='bbox 2325 4785 2386 4840; x_wconf 92' lang='lat' dir='ltr'>in</span> <span class='ocrx_word' id='word_1_718' title='bbox 2405 4786 2551 4841; x_wconf 65' lang='lat' dir='ltr'>caelis</span> <span class='ocrx_word' id='word_1_719' title='bbox 2577 4785 2814 4840; x_wconf 90' lang='lat' dir='ltr'>Domino</span> <span class='ocrx_word' id='word_1_720' title='bbox 2844 4787 2974 4841; x_wconf 83' lang='lat' dir='ltr'>Jesu</span> <span class='ocrx_word' id='word_1_721' title='bbox 2997 4786 3239 4840; x_wconf 89' lang='lat' dir='ltr'>Christo.</span> <span class='ocrx_word' id='word_1_722' title='bbox 3273 4785 3373 4840; x_wconf 93' lang='lat' dir='ltr'>Cui</span> <span class='ocrx_word' id='word_1_723' title='bbox 3407 4785 3620 4840; x_wconf 90' lang='lat' dir='ltr'>merito</span> <span class='ocrx_word' id='word_1_724' title='bbox 3649 4803 3858 4843; x_wconf 88' lang='lat' dir='ltr'>omnes</span> 
     </span>
    </p>
   </div>
   <div class='ocr_carea' id='block_1_108' title="bbox 2205 4880 2390 4951">
    <p class='ocr_par' dir='ltr' id='par_1_108' title="bbox 2205 4880 2390 4951">
     <span class='ocr_line' id='line_1_109' title="bbox 2205 4880 2390 4951; baseline 0.005 -17"><span class='ocrx_word' id='word_1_725' title='bbox 2205 4880 2390 4951; x_wconf 82' lang='lat' dir='ltr'>anget.</span> 
     </span>
    </p>
   </div>
   <div class='ocr_carea' id='block_1_109' title="bbox 2299 4993 3755 5051">
    <p class='ocr_par' dir='ltr' id='par_1_109' title="bbox 2299 4993 3755 5051">
     <span class='ocr_line' id='line_1_110' title="bbox 2299 4993 3755 5051; baseline 0.003 -4"><span class='ocrx_word' id='word_1_726' title='bbox 2299 4993 2454 5048; x_wconf 83' lang='lat' dir='ltr'>LVII.</span> <span class='ocrx_word' id='word_1_727' title='bbox 2495 5009 2646 5046; x_wconf 77' lang='lat' dir='ltr'>MISSA</span> <span class='ocrx_word' id='word_1_728' title='bbox 2685 5009 2740 5046; x_wconf 85' lang='lat' dir='ltr'><strong>IN</strong></span> <span class='ocrx_word' id='word_1_729' title='bbox 2779 5009 2909 5046; x_wconf 72' lang='lat' dir='ltr'>mea</span> <span class='ocrx_word' id='word_1_730' title='bbox 2951 5003 3218 5047; x_wconf 79' lang='lat' dir='ltr'>PASSIONlS</span> <span class='ocrx_word' id='word_1_731' title='bbox 3255 5007 3442 5048; x_wconf 69' lang='lat' dir='ltr'>sauc&#39;rr</span> <span class='ocrx_word' id='word_1_732' title='bbox 3479 5009 3755 5051; x_wconf 68' lang='lat' dir='ltr'>IOHANNIS</span> 
     </span>
    </p>
   </div>
   <div class='ocr_carea' id='block_1_110' title="bbox 2667 5079 3347 5120">
    <p class='ocr_par' dir='ltr' id='par_1_110' title="bbox 2667 5079 3347 5120">
     <span class='ocr_line' id='line_1_111' title="bbox 2667 5079 3347 5120; baseline 0.001 -2"><span class='ocrx_word' id='word_1_733' title='bbox 2667 5079 2926 5118; x_wconf 63' lang='lat' dir='ltr'>BAPTISTAB</span> <span class='ocrx_word' id='word_1_734' title='bbox 2961 5079 3026 5117; x_wconf 84' lang='lat' dir='ltr'>ET</span> <span class='ocrx_word' id='word_1_735' title='bbox 3063 5079 3347 5120; x_wconf 73' lang='lat' dir='ltr'>MARTYRIS.</span> 
     </span>
    </p>
   </div>
   <div class='ocr_carea' id='block_1_111' title="bbox 2274 5159 3854 5234">
    <p class='ocr_par' dir='ltr' id='par_1_111' title="bbox 2274 5159 3854 5234">
     <span class='ocr_line' id='line_1_112' title="bbox 2274 5159 3854 5234; baseline -0.001 -14"><span class='ocrx_word' id='word_1_736' title='bbox 2274 5159 2464 5234; x_wconf 85' lang='grc'>275</span> <span class='ocrx_word' id='word_1_737' title='bbox 2499 5162 2676 5216; x_wconf 89' lang='lat' dir='ltr'>Deum</span> <span class='ocrx_word' id='word_1_738' title='bbox 2717 5163 2960 5228; x_wconf 88' lang='lat' dir='ltr'>Patrem,</span> <span class='ocrx_word' id='word_1_739' title='bbox 2990 5167 3046 5216; x_wconf 89' lang='lat' dir='ltr'>et</span> <span class='ocrx_word' id='word_1_740' title='bbox 3073 5162 3296 5233; x_wconf 87' lang='lat' dir='ltr'>Filium,</span> <span class='ocrx_word' id='word_1_741' title='bbox 3325 5167 3382 5217; x_wconf 90' lang='lat' dir='ltr'>et</span> <span class='ocrx_word' id='word_1_742' title='bbox 3407 5163 3690 5234; x_wconf 86' lang='lat' dir='ltr'>Spiritum</span> <span class='ocrx_word' id='word_1_743' title='bbox 3721 5182 3854 5220; x_wconf 87' lang='lat' dir='ltr'>san-</span> 
     </span>
    </p>
   </div>
   <div class='ocr_carea' id='block_1_112' title="bbox 2203 5254 3856 5327">
    <p class='ocr_par' dir='ltr' id='par_1_112' title="bbox 2203 5254 3856 5327">
     <span class='ocr_line' id='line_1_113' title="bbox 2203 5254 3856 5327; baseline 0.003 -20"><span class='ocrx_word' id='word_1_744' title='bbox 2203 5258 2354 5310; x_wconf 91' lang='lat' dir='ltr'>ctum</span> <span class='ocrx_word' id='word_1_745' title='bbox 2377 5254 2578 5308; x_wconf 91' lang='lat' dir='ltr'>humili</span> <span class='ocrx_word' id='word_1_746' title='bbox 2598 5255 2942 5310; x_wconf 88' lang='lat' dir='ltr'>confessione</span> <span class='ocrx_word' id='word_1_747' title='bbox 2963 5259 3016 5310; x_wconf 92' lang='lat' dir='ltr'>et</span> <span class='ocrx_word' id='word_1_748' title='bbox 3041 5255 3280 5327; x_wconf 90' lang='lat' dir='ltr'>supplici</span> <span class='ocrx_word' id='word_1_749' title='bbox 3306 5255 3630 5324; x_wconf 89' lang='lat' dir='ltr'>devotione,</span> <span class='ocrx_word' id='word_1_750' title='bbox 3647 5258 3856 5314; x_wconf 88' lang='lat' dir='ltr'>fratres</span> 
     </span>
    </p>
   </div>
   <div class='ocr_carea' id='block_1_113' title="bbox 2203 5347 3852 5420">
    <p class='ocr_par' dir='ltr' id='par_1_113' title="bbox 2203 5347 3852 5420">
     <span class='ocr_line' id='line_1_114' title="bbox 2203 5347 3852 5420; baseline 0.002 -18"><span class='ocrx_word' id='word_1_751' title='bbox 2203 5347 2495 5416; x_wconf 89' lang='lat' dir='ltr'>carissimi,</span> <span class='ocrx_word' id='word_1_752' title='bbox 2531 5349 2849 5404; x_wconf 90' lang='lat' dir='ltr'>unianimes</span> <span class='ocrx_word' id='word_1_753' title='bbox 2889 5349 3275 5420; x_wconf 82' lang='lat' dir='ltr'>Obsecremus;</span> <span class='ocrx_word' id='word_1_754' title='bbox 3317 5355 3381 5404; x_wconf 92' lang='lat' dir='ltr'>ut</span> <span class='ocrx_word' id='word_1_755' title='bbox 3419 5367 3524 5404; x_wconf 91' lang='lat' dir='ltr'>nos</span> <span class='ocrx_word' id='word_1_756' title='bbox 3551 5351 3729 5408; x_wconf 90' lang='lat' dir='ltr'>hodie</span> <span class='ocrx_word' id='word_1_757' title='bbox 3753 5369 3852 5406; x_wconf 84' lang='lat' dir='ltr'>va-</span> 
     </span>
    </p>
   </div>
   <div class='ocr_carea' id='block_1_114' title="bbox 2201 5441 3852 5516">
    <p class='ocr_par' dir='ltr' id='par_1_114' title="bbox 2201 5441 3852 5516">
     <span class='ocr_line' id='line_1_115' title="bbox 2201 5441 3852 5516; baseline 0.002 -20"><span class='ocrx_word' id='word_1_758' title='bbox 2201 5441 2450 5496; x_wconf 81' lang='lat' dir='ltr'>ticinatae</span> <span class='ocrx_word' id='word_1_759' title='bbox 2499 5443 2678 5510; x_wconf 92' lang='lat' dir='ltr'>Vocis,</span> <span class='ocrx_word' id='word_1_760' title='bbox 2727 5441 2892 5496; x_wconf 87' lang='lat' dir='ltr'>Verbi</span> <span class='ocrx_word' id='word_1_761' title='bbox 2926 5443 3314 5513; x_wconf 82' lang='lat' dir='ltr'>Praecursoris,</span> <span class='ocrx_word' id='word_1_762' title='bbox 3355 5443 3556 5515; x_wconf 89' lang='lat' dir='ltr'>legum</span> <span class='ocrx_word' id='word_1_763' title='bbox 3603 5446 3852 5516; x_wconf 87' lang='lat' dir='ltr'>Limitis,</span> 
     </span>
    </p>
   </div>
   <div class='ocr_carea' id='block_1_115' title="bbox 2201 5535 3856 5608">
    <p class='ocr_par' dir='ltr' id='par_1_115' title="bbox 2201 5535 3856 5608">
     <span class='ocr_line' id='line_1_116' title="bbox 2201 5535 3856 5608; baseline 0.004 -20"><span class='ocrx_word' id='word_1_764' title='bbox 2201 5535 2748 5605; x_wconf 65' lang='lat' dir='ltr'>Luccrnae11ucentis,</span> <span class='ocrx_word' id='word_1_765' title='bbox 2777 5535 2952 5590; x_wconf 90' lang='lat' dir='ltr'>sancti</span> <span class='ocrx_word' id='word_1_766' title='bbox 2977 5537 3244 5608; x_wconf 82' lang='lat' dir='ltr'>martyris</span> <span class='ocrx_word' id='word_1_767' title='bbox 3271 5537 3540 5608; x_wconf 69' lang='lat' dir='ltr'>Baptistae</span> <span class='ocrx_word' id='word_1_768' title='bbox 3571 5540 3856 5596; x_wconf 85' lang='lat' dir='ltr'>Johannis</span> 
     </span>
    </p>
   </div>
   <div class='ocr_carea' id='block_1_116' title="bbox 2201 5629 3852 5701">
    <p class='ocr_par' dir='ltr' id='par_1_116' title="bbox 2201 5629 3852 5701">
     <span class='ocr_line' id='line_1_117' title="bbox 2201 5629 3852 5701; baseline 0.005 -19"><span class='ocrx_word' id='word_1_769' title='bbox 2201 5629 2518 5701; x_wconf 85' lang='lat' dir='ltr'>passionem</span> <span class='ocrx_word' id='word_1_770' title='bbox 2547 5629 2973 5697; x_wconf 87' lang='lat' dir='ltr'>celebrantibus,</span> <span class='ocrx_word' id='word_1_771' title='bbox 3003 5629 3260 5701; x_wconf 90' lang='lat' dir='ltr'>ejusdem</span> <span class='ocrx_word' id='word_1_772' title='bbox 3302 5629 3722 5690; x_wconf 88' lang='lat' dir='ltr'>intercessione</span> <span class='ocrx_word' id='word_1_773' title='bbox 3763 5635 3852 5690; x_wconf 86' lang='lat' dir='ltr'>in-</span> 
     </span>
    </p>
   </div>
   <div class='ocr_carea' id='block_1_117' title="bbox 556 5853 3516 5928">
    <p class='ocr_par' dir='ltr' id='par_1_117' title="bbox 556 5853 3516 5928">
     <span class='ocr_line' id='line_1_118' title="bbox 556 5853 3516 5928; baseline 0.001 -14"><span class='ocrx_word' id='word_1_774' title='bbox 556 5861 583 5904; x_wconf 75' lang='lat' dir='ltr'>b</span> <span class='ocrx_word' id='word_1_775' title='bbox 605 5861 764 5914; x_wconf 89' lang='lat' dir='ltr'>Deest</span> <span class='ocrx_word' id='word_1_776' title='bbox 789 5859 911 5914; x_wconf 77' lang='lat' dir='ltr'>haec</span> <span class='ocrx_word' id='word_1_777' title='bbox 931 5855 1102 5910; x_wconf 87' lang='lat' dir='ltr'>missa</span> <span class='ocrx_word' id='word_1_778' title='bbox 1126 5853 1441 5910; x_wconf 86' lang='lat' dir='ltr'>communis</span> <span class='ocrx_word' id='word_1_779' title='bbox 1465 5855 1524 5908; x_wconf 86' lang='lat' dir='ltr'>in</span> <span class='ocrx_word' id='word_1_780' title='bbox 1545 5853 1892 5910; x_wconf 90' lang='lat' dir='ltr'>Lectionario</span> <span class='ocrx_word' id='word_1_781' title='bbox 1913 5857 2124 5924; x_wconf 86' lang='lat' dir='ltr'>nostro,</span> <span class='ocrx_word' id='word_1_782' title='bbox 2155 5853 2214 5910; x_wconf 92' lang='lat' dir='ltr'>in</span> <span class='ocrx_word' id='word_1_783' title='bbox 2241 5871 2354 5928; x_wconf 85' lang='lat' dir='ltr'>quo</span> <span class='ocrx_word' id='word_1_784' title='bbox 2383 5857 2608 5912; x_wconf 89' lang='lat' dir='ltr'>nullum</span> <span class='ocrx_word' id='word_1_785' title='bbox 2633 5860 2718 5911; x_wconf 91' lang='lat' dir='ltr'>est</span> <span class='ocrx_word' id='word_1_786' title='bbox 2741 5853 3056 5912; x_wconf 88' lang='lat' dir='ltr'>Commune</span> <span class='ocrx_word' id='word_1_787' title='bbox 3083 5855 3516 5928; x_wconf 84' lang='lat' dir='ltr'>Apostolorum.</span> 
     </span>
    </p>
   </div>
  </div>
