3976 6466
174 347 262 400 297
1237 344 1324 401 DE
1358 345 1667 403 LITURGIA
1703 347 2070 406 GALLICANA
2109 349 2304 407 LIBER
2340 353 2429 407 Ill.
3377 359 3479 412 298

174 449 406 515 luminet,
439 446 734 515 defendat,
765 449 823 502 et
848 448 1187 518 sanctificet;
1213 455 1274 505 ut
1295 453 1389 522 qui
1411 469 1514 523 pro
1531 453 1766 508 veritate
1789 468 1846 540 Α
2389 457 2635 507 Collectio
2661 454 2725 506 ad
2749 470 2950 521 pacem.

174 558 370 596 sacrum
401 540 742 610 sanguinem
774 541 942 606 fudit,
984 559 1087 612 pro
1121 544 1283 598 nobis
1313 544 1387 598 ad
1427 547 1606 600 Deum
1637 563 1763 616 pre-
1935 541 2158 611 Accipe,
2194 557 2533 611 quaesumus,
2582 542 2843 608 Domine,
2889 559 3133 597 munera
3176 542 3483 614 dignanter

173 651 250 688 ces
270 633 506 688 fundere
543 633 833 703 dignetur.
868 634 975 688 Per
1014 635 1343 691 Dominum.
1869 633 2078 702 oblata,
2105 637 2161 686 et
2181 634 2330 687 beati
2359 634 2494 688 Sixti
2526 633 2771 704 episcopi
2805 638 2862 688 et
2881 635 3145 705 martyris
3172 636 3484 708 suifragan-

690 730 939 780 Collectio
969 731 1217 794 sequitur.
1866 726 2016 778 tibus
2047 725 2282 792 meritis,
2318 726 2390 779 ad
2421 730 2628 780 nostrae
2656 727 2850 779 salutis
2876 730 3249 797 augmentum
3278 745 3479 799 prove-

229 817 282 867 In
319 814 597 866 honorem
629 812 944 868 beatissimi
966 816 1233 885 martyris
1260 816 1341 870 tui
1384 817 1646 888 Baptistae
1673 820 1764 873 ,Ιο-
1868 817 1992 870 nire
2023 818 2299 883 concede;
2335 821 2391 871 et
2432 819 2608 885 illam,
2653 834 2778 888 qua)
2808 817 2866 871 in
2908 834 2974 872 eo
3017 819 3276 889 ﬂagravit
3320 821 3482 874 fortis

171 905 369 972 hannis,
402 905 560 974 cujus
587 905 761 959 hodie
795 907 1122 977 passionem
1153 910 1525 976 celebramus,
1550 910 1638 964 his
1655 911 1764 965 Ma-
1869 908 2113 977 dilectio,
2142 910 2200 963 in
2238 910 2402 964 nobis
2428 909 2656 980 adspira
2673 909 2985 980 benignus.
3017 912 3126 964 Per
3156 928 3284 965 eum
3318 928 3372 982 q.

163 998 336 1067 jestati
360 1001 489 1064 tua,
521 998 896 1068 omnipotens
937 1001 1105 1066 Deus,
1139 1001 1401 1056 laudibus
1438 1003 1764 1066 servientes,
2419 1005 2707 1054 Immolatio
2742 1005 2926 1055 missae.

169 1090 439 1144 sollemnia
460 1090 610 1144 festa
628 1091 1008 1159 concinimus,
1033 1093 1361 1164 suppliciter
1374 1095 1764 1166 deprecantes,
1936 1091 2076 1142 Vere
2099 1089 2336 1159 dignum
2355 1090 2640 1159 etjustum
2665 1092 2766 1155 est,
2792 1106 3019 1160 aequum
3039 1093 3095 1143 εἴ
3114 1092 3358 1146 salutare
3376 1095 3478 1160 θείην

169 1187 220 1235 ut
241 1182 387 1252 cujus
413 1182 636 1236 meritis
665 1183 1054 1254 obsequimur,
1090 1186 1300 1255 ejus,te
1333 1187 1604 1254 donante,
1633 1192 1769 1258 aput
1867 1180 1970 1235 tibi
1998 1181 2251 1235 assiduas
2289 1181 2486 1235 laudes
2533 1197 2758 1248 canere,
2789 1182 3031 1235 Domine
3075 1187 3289 1250 sancte,
3316 1185 3483 1238 Pater

170 1274 505 1328 clementiam
539 1279 704 1329 tuam
735 1277 1000 1347 precibus
1023 1277 1376 1348 adjuvemur.
1407 1280 1529 1333 Per.
1869 1274 2253 1343 omnipotens,
2283 1276 2494 1326 aeterne
2528 1274 2694 1339 Deus,
2726 1289 2829 1343 per
2856 1274 3142 1328 Christum
3175 1275 3482 1330 Dominum

765 1371 884 1421 Post
910 1373 1140 1422 nomina.
1869 1370 2147 1420 nostrum.
2182 1365 2290 1429 Qui
2321 1382 2423 1435 per
2455 1365 2764 1420 adventum
2801 1383 2966 1419 suum
3009 1367 3305 1421 credentes
3339 1368 3395 1420 in
3423 1384 3480 1421 se

224 1455 437 1509 Munera
467 1456 670 1526 populi
704 1456 807 1523 tui,
838 1457 1206 1527 omnipotens
1229 1460 1394 1525 Deus,
1425 1476 1548 1530 qum
1577 1461 1678 1515 tibi
1710 1463 1765 1516 in
1868 1458 2130 1512 homines
2162 1457 2234 1511 ad
2265 1457 2510 1511 caelestia
2538 1474 2717 1528 regna
2747 1459 2988 1512 transire
3017 1459 3274 1528 permisit
3301 1477 3313 1514 :
3349 1476 3484 1530 quo—

167 1548 255 1601 hac
281 1547 588 1601 beatissimi
617 1548 876 1618 Martyris
905 1549 984 1602 tui
1017 1551 1281 1620 Baptistae
1309 1553 1586 1607 Johannis
1612 1555 1764 1608 festi-
1869 1550 2021 1603 niam
2047 1550 2126 1604 hii
2152 1550 2245 1619 qui
2279 1567 2334 1603 se
2365 1553 2475 1603 tuae
2512 1553 2686 1603 testes
2719 1550 2965 1604 offerunt
2989 1551 3256 1618 veritatis,
3291 1551 3479 1606 inimi—

166 1637 314 1693 vitate
354 1639 690 1707 deferimus,
735 1657 1079 1710 quasumus,
1113 1643 1450 1713 propitiatus
1494 1645 1764 1713 intende;
1867 1659 2015 1710 cum,
2049 1642 2184 1695 dum
2219 1643 2569 1708 occiduntur,
2598 1641 2878 1696 occidunt.
2898 1644 2972 1696 Ex
3005 1643 3207 1713 quibus
3237 1646 3321 1697 est
3351 1660 3479 1697 san-

167 1735 216 1782 ut
248 1731 475 1801 perfecti
518 1733 696 1802 hujus
731 1732 989 1786 sacriﬁcii
1032 1735 1481 1790 sanctiﬁcatione
1520 1738 1765 1809 purgati,
1867 1737 1985 1788 ctus
2025 1750 2088 1788 ac
2117 1734 2456 1788 venerabilis
2504 1734 2688 1788 Sixtus
2719 1738 2955 1805 martyr,
2991 1735 3150 1805 cujus
3172 1735 3341 1789 hodie
3367 1736 3477 1790 sol-

165 1825 462 1877 nostrorum
494 1841 527 1878 a
557 1828 614 1877 te
650 1840 984 1878 mereamur
999 1827 1273 1898 consequi
1294 1829 1518 1883 veniam
1541 1829 1770 1884 delicto-
1787 1821 1844 1894 B
1869 1826 2132 1880 lemnitas
2151 1827 2469 1880 celebratur
2493 1843 2505 1881 :
2537 1827 2634 1896 qui
2655 1827 2791 1880 dum
2814 1827 3140 1896 apostolicae
3158 1828 3306 1881 sedis
3328 1843 3482 1884 exce-

164 1930 290 1968 rum.
319 1917 438 1970 Per.
683 1987 694 1989 Α
746 1987 775 1989 η
873 1987 882 1989 _
997 1987 1007 1989 _
1867 1918 2042 1989 pisset
2069 1918 2336 1987 insignia,
2367 1923 2422 1971 et
2463 1935 2520 1972 se
2550 1919 2802 1988 primum
2838 1935 2959 1972 esse
3002 1919 3355 1989 conspiceret
3392 1936 3477 1974 sa-

669 1987 920 2036 Collectio
947 1987 1012 2036 ad
1040 2001 1244 2050 pacem.

1891 2011 2183 2077 :erdotum,
2213 2011 2570 2065 occasionem
2597 2011 2856 2065 salutaris
2876 2011 3155 2081 passionis
3177 2013 3480 2082 excipiens,

165 2160 175 2170 ,
219 2068 457 2174 ἓυδθῳῗν
492 2085 847 2174 Ἶυωδυξηυῗν
875 2073 1155 2174 βξπξωξῖν
1184 2089 1395 2174 ,ΡΓῗθῗδ
1437 2077 1676 2174 Πίξδίνδδν
1713 2079 1770 2128 et
1868 2121 1984 2158 non
2016 2107 2238 2156 tantum
2267 2103 2550 2156 saecularis
2582 2102 2734 2156 exuit
2772 2103 2966 2156 sordes
2995 2103 3264 2173 contagii,
3288 2120 3483 2157 verum

164 2165 542 2267 ξηιθτθθῗδίοηθ
574 2165 851 2233 martyris
872 2165 953 2217 mi
986 2165 1250 2267 prt‘ist‘?
1267 2166 1562 2234 JOhanniS’
1596 2183 1766 2237 quem
1869 2196 2040 2249 etiam
2070 2197 2392 2266 exemplum
2413 2195 2522 2249 fuit
2541 2194 2762 2248 ceteris.
2795 2196 2938 2248 Nam
2958 2211 3089 2249 mox
3107 2165 3236 2249 suus
3251 2165 3483 2267 quoque

163 2269 210 2355 in
238 2256 326 2307 tuo
355 2254 581 2355 bon-or?
611 2271 980 2355 νθηῗῗδωωδ
1012 2257 1276 2355 ΕῨΟῙῩΨΒ
1309 2261 1418 2355 mm
1443 2262 1594 2355 ,νβίῆ
1630 2275 1764 2355 009’
1867 2288 2126 2342 minister
2161 2287 2397 2342 eximius
2439 2287 2778 2341 venerabilis
2820 2288 3184 2355 Laurentius,
3240 2288 3484 2343 victoriae

164 2345 308 2450 ﬁrm,“
335 2363 346 2399 ³
379 2346 476 2415 qni
507 2346 691 2450 aia-ﬂ}
720 2347 928 2450 (Pigrius
954 2353 1038 2450 es:
1063 2349 1382 2450 habitujm’
1405 2351 1454 2403 ei
1494 2354 1550 2404 te
1576 2351 1764 2450 ‘bapfi'
1867 2381 2116 2450 palmam
2149 2380 2421 2445 imitatus,
2447 2380 2667 2449 accepit
2690 2383 3093 2434 ornamentum
3137 2345 3250 2450 quo
3289 2367 3485 2434 debuit

161 2437 398 2543 fandum’
422 2438 632 2540 “Tundi
655 2439 934 2507 salvator’
953 2440 1207 2498 θίῐθντθδ·
1238 2442 1485 2511 Dignum
1507 2446 1593 2496 est
1613 2444 1766 2497 enim
1866 2437 2094 2543 poenam
2124 2472 2330 2538 subire,
2353 2475 2416 2524 ut
2440 2437 2684 2541 gloriam
2703 2475 3024 2526 mereretur
3049 2437 3324 2526 aeternam
3346 2488 3479 2526 con-

163 2527 254 2583 hoc
277 2531 500 2597 mereri,
535 2534 600 2584 ut
655 2547 857 2586 omnes
903 2549 1008 2587 nos
1050 2533 1409 2604 baptismatis
1452 2535 1535 2588 tui
1584 2536 1768 2605 gratia
1867 2527 2124 2636 gequere.
2151 2567 2256 2619 Per
2290 2527 2595 2619 C'hris‘ium.

161 2626 485 2689 consecutos,
518 2623 870 2678 meritorum
901 2641 1134 2679 suorum
1175 2625 1602 2695 intercessione,
1631 2643 1763 2681 con-

163 2713 295 2768 ciliet
319 2715 577 2771 Salvator
600 2716 828 2770 mundi.

703 2813 992 2862 Immolatio
1026 2814 1212 2864 missae.

222 2894 452 2964 Dignum
470 2896 768 2966 etjustum
791 2901 894 2964 est,
925 2914 1152 2968 aequum
1179 2902 1236 2952 et
1262 2900 1506 2954 salutare
1537 2905 1640 2967 est,
1665 2918 1768 2956 nos

160 2985 248 3039 tibi
270 3002 490 3058 semper
505 3004 686 3058 agere
713 2989 950 3058 gratias,
980 2991 1346 3061 omnipotens
1372 2996 1429 3045 et
1448 2993 1766 3048 misericors

158 3077 304 3144 Deus,
344 3079 494 3133 inter
531 3081 641 3134 has
691 3085 1185 3136 sacramentorum
1240 3085 1454 3153 epulas,
1502 3086 1767 3156 martyris

160 3170 225 3222 tui
255 3176 417 3242 caput
456 3189 589 3226 cum
640 3173 976 3244 evangelica
1007 3174 1407 3229 recordatione
1436 3177 1680 3244 misceri,
1716 3183 1772 3232 et
1792 3175 1846 3248 ί]
1872 3152 2079 3254 Pignus
2103 3151 2329 3254 fidSpiPa
2359 3168 2371 3204 ε
2405 3154 2976 3254 a‘ug‘ea-tur‘ommum
2996 3151 3139 3254 fides
3171 3155 3343 3254 tantae
3374 3151 3480 3206 vir-

157 3263 288 3316 velut
312 3264 369 3317 in
401 3264 558 3319 disco
587 3242 813 3318 metalli
849 3265 1148 3333 radiantis,
1179 3268 1256 3321 ita
1301 3285 1469 3338 super
1507 3242 1768 3324 mensam
1806 3242 1844 3248 v
1871 3244 2004 3338 tu“?
2032 3247 2178 3311 ortu'
2211 3247 2269 3297 et
2309 3242 2483 3338 cordf"
2507 3243 2829 3338 tlieta'lﬁu’?
2861 3244 3134 3315 supplicio
3162 3247 3485 3338 ,marti’mm

158 3357 253 3408 tua:
292 3357 718 3427 propitiationis
751 3357 962 3412 offerri.
1007 3359 1091 3413 Sit
1122 3376 1258 3429 ergo
1300 3335 1482 3428 nobis,
1507 3362 1766 3430 Domine,
1870 3336 2189 3439 ίὲηίδηίωξξ
2218 3340 2277 3389 “t
2305 3335 2455 3438 aPud
2481 3335 2933 3439 misﬁricordiam
2971 3339 3128 3439 tu?!“
3150 3337 3484 3439 ἓίίυδρυνίξ·

151 3447 380 3515 jocunda
409 3450 694 3516 laudatio,
731 3450 802 3502 sit
827 3450 884 3504 in
908 3451 1191 3506 honorem
1216 3453 1470 3524 Martyris
1503 3455 1766 3510 recorda-
1869 3445 1999 3482 mur
2022 3431 2248 3495 mento,
2282 3428 2440 3498 cujus
2484 3428 2803 3481 exnimmus
2833 3429 3112 3499 exemplo“
3150 3430 3257 3484 Per
3299 3429 3487 3483 Dom“

157 3540 224 3592 tio
253 3541 448 3595 cantici
474 3541 867 3612 triumphalis.
891 3543 962 3595 Et
981 3559 1111 3597 cum
1129 3544 1216 3597 his
1233 3546 1548 3600 caelestibus
1574 3564 1765 3618 super-
1871 3537 2008 3574 num
2038 3524 2315 3574 Ποδίτυῐη·

157 3631 336 3703 nisque
357 3635 667 3689 virtutibus
688 3633 874 3688 fidelis
885 3637 1433 3708 populisymphonia
1445 3639 1767 3707 misceatur,

157 3738 266 3793 quae
295 3741 326 3778 a
353 3725 570 3780 dextris
598 3726 714 3779 tuis
744 3742 1000 3781 consona
1029 3744 1164 3796 voce
1196 3729 1298 3782 sub
1320 3730 1470 3784 trina
1485 3731 1770 3802 repetitio-

155 3831 217 3869 ne
245 3822 492 3886 cantant,
527 3819 809 3873 dicentes.
836 3820 1100 3887 Sanctus,
1134 3822 1394 3890 Sanctus,
1423 3824 1678 3878 Sanctus.

1918 2677 2042 2730 LIX.
2085 2691 2243 2730 mssa
2283 2691 2339 2729 XN
2378 2690 2580 2729 name
2621 2689 2812 2729 SANCTI
2853 2690 3117 2730 munem
3157 2691 3444 2731 MARTYRIS.

1937 2783 2102 2848 Deus,
2140 2780 2395 2834 fidelium
2442 2783 2671 2835 tuorum
2717 2782 2962 2836 salvator
3005 2786 3062 2836 et
3093 2786 3299 2849 rector,
3326 2782 3483 2837 omni

1866 2877 2070 2945 potens
2108 2873 2454 2944 sempiterne
2495 2874 2662 2940 Deus,
2693 2873 2887 2928 adesto
2917 2875 3060 2928 votis
3093 2874 3487 2928 sollemnitatis

1867 2966 2190 3031 hodierna};
2235 2969 2288 3019 et
2325 2964 2510 3037 277
2558 2965 2818 3019 Ecclesiae
2866 2966 3087 3036 gaudiis
3129 2966 3198 3020 de
3241 2967 3486 3037 gloriosa

1866 3059 2132 3129 martyris
2164 3059 2244 3112 tui
2266 3058 2527 3130 passione
2552 3058 2707 3111 beati
2739 3059 3008 3112 Laurenti
3041 3059 3352 3130 conceptis,
3386 3059 3483 3113 be-

2423 3588 2670 3638 Collcctio
2709 3588 2957 3650 sequitur.

1941 3675 2106 3740 Deus,
2125 3672 2323 3726 mundi
2360 3675 2583 3726 creator
2609 3675 2666 3724 et
2695 3674 2904 3739 rector,
2933 3672 3026 3742 qui
3059 3671 3209 3726 hunc
3245 3673 3397 3727 diem
3427 3673 3486 3728 in

1869 3765 2049 3820 levita:
2069 3766 2147 3819 tui
2165 3765 2431 3819 Laurenti
2458 3763 2733 3835 martyrio
2762 3765 3124 3831 consecrasti,
3141 3763 3342 3820 exaudi
3363 3783 3490 3836 pro-

1870 3859 2038 3930 pitius
2065 3857 2341 3929 supplices
2358 3859 2502 3923 tuos,
2534 3860 2590 3910 et
2619 3856 2869 3910 concede
2891 3859 2952 3910 ut
2979 3873 3178 3910 omnes
3215 3858 3309 3928 qui
3343 3874 3491 3913 mar-

156 3931 308 3988 LVIll.
334 3951 490 3990 mssa
513 3953 573 3990 IN
602 3951 814 3991 NATALE
844 3953 1027 3991 SANCTI
1056 3954 1190 3992 sum
1222 3955 1364 3994 rane
1403 3956 1554 3996 URBIS
1589 3957 1766 3998 norm.
1869 3951 2133 4022 tyriiejus
2153 3950 2357 4004 merita
2374 3965 2734 4016 veneramur,
2756 3949 3254 4004 intercessionibus
3275 3950 3396 4021 ejus
3418 3948 3488 4005 ab

215 4035 396 4113 276
418 4042 669 4096 Domine
684 4042 853 4110 Deus,
869 4043 1123 4098 ﬁdelium
1137 4046 1532 4118 insuperabilis
1552 4049 1770 4104 fortitu-
1869 4047 2096 4102 internis
2109 4047 2387 4117 gehennae
2402 4044 2680 4099 incendiis
2695 4044 3022 4101 liberemur.
3038 4047 3146 4099 Per
3158 4044 3482 4100 Dominum.

157 4125 236 4196 do,
259 4132 348 4202 qui
379 4133 535 4188 inter
566 4134 886 4189 mundame
909 4138 1355 4193 conversationis
1383 4140 1617 4195 adversa
1639 4159 1765 4196 san-
2353 4144 2599 4193 Collectio
2628 4147 2744 4206 post
2764 4143 2992 4192 nomina.

154 4224 472 4281 ctorumnos
494 4227 754 4282 maxime
778 4228 1194 4297 gloriﬁcatione
1211 4232 1770 4300 solaris,...tuiinde-
1939 4232 2199 4287 Concede
2243 4231 2424 4297 nobis,
2469 4227 2730 4296 Domine,
2764 4229 3008 4300 gratiam
3049 4233 3206 4284 tuam
3238 4229 3294 4283 in
3335 4229 3488 4285 beati

153 4313 387 4372 sinenter
424 4320 721 4386 accendis,
762 4321 962 4388 excita,
997 4319 1258 4391 Domine,
1290 4325 1346 4378 in
1381 4327 1629 4381 Ecclesia
1673 4331 1769 4382 tua
1869 4325 2134 4380 Laurenti
2181 4308 2449 4394 martyris
2498 4322 2830 4377 celebritate
2871 4323 3243 4393 multiplicem
3272 4339 3284 4389 ;
3314 4325 3376 4375 ut
3417 4323 3487 4376 de

152 4406 425 4478 Spiritum,
455 4413 546 4466 cui
596 4413 693 4466 ille
739 4413 992 4481 servivit;
1045 4419 1105 4469 ut
1148 4417 1480 4472 studeamus
1532 4419 1766 4491 diligere
1869 4419 2012 4472 tanti
2043 4433 2226 4487 agone
2272 4415 2600 4470 certaminis
2632 4415 2810 4469 discat
2844 4416 3085 4485 populus
3116 4413 3485 4480 Christianus,

153 4502 290 4570 quod
317 4505 551 4571 amavit,
588 4509 648 4558 et
692 4523 865 4576 opere
914 4523 1175 4563 exercere
1219 4511 1371 4580 quod
1426 4511 1634 4567 docuit.
1663 4515 1845 4604 PerD
1869 4515 1928 4565 et
1955 4511 2120 4564 ﬁrma
2142 4509 2371 4564 solidari
2393 4507 2690 4580 patientia,
2724 4510 2780 4560 et
2809 4507 2902 4576 pia
2934 4507 3185 4560 exultare
3231 4505 3483 4560 victoria.

149 4593 438 4652 Dominum
463 4602 735 4653 nostrum
759 4600 952 4653 Jesum
980 4600 1180 4655 Filium
1210 4605 1392 4658 tuum.
1788 4593 1838 4604 ”
2383 4603 2629 4653 Collectio
2660 4602 2724 4651 ad
2755 4615 2956 4664 pacem.

695 4696 949 4747 Collectio
976 4697 1224 4760 sequitur.
1937 4691 2128 4747 Sancti
2159 4688 2424 4744 Laurenti
2458 4705 2580 4755 nos,
2615 4687 2876 4753 Domine,
2919 4703 3262 4757 quaesumus,
3285 4703 3482 4758 preca-

205 4778 406 4834 Presta
435 4781 631 4846 nobis,
672 4780 1040 4852 omnipotens
1073 4785 1128 4836 et
1153 4780 1476 4839 misericors
1505 4786 1670 4854 Deus,
1706 4791 1767 4841 ut
1867 4787 1943 4842 tio
1968 4786 2122 4856 justa
2153 4785 2415 4847 tueatur;
2449 4784 2507 4835 et
2549 4779 2703 4851 quod
2735 4782 2932 4834 nostra
2972 4779 3320 4834 conscientia
3363 4796 3478 4835 non

142 4864 278 4924 beati
300 4870 435 4926 Sixti
459 4873 740 4943 martyris
768 4874 846 4927 tui
874 4875 1118 4945 repetita
1147 4877 1518 4945 sollemnitas,
1550 4883 1606 4933 et
1631 4880 1766 4934 libe-
1865 4877 2175 4950 praesumit,
2210 4876 2331 4946 ejus
2364 4873 2547 4940 nobis,
2581 4873 2677 4944 qui
2708 4873 2807 4926 tibi
2832 4872 3063 4943 placuit,
3096 4871 3353 4927 oratione
3387 4870 3483 4926 do-

142 4960 409 5018 rationem
455 4961 632 5020 nobis
674 4966 995 5037 perfectam
1027 4967 1259 5035 tribuat,
1290 4973 1345 5023 et
1372 4971 1629 5026 salutem.
1660 4974 1765 5027 Per
1865 4974 2048 5025 netur.
2081 4971 2188 5024 Per
2211 4967 2519 5022 Dominum
2546 4967 2804 5022 nostrum
2837 4965 3036 5019 Filium
3063 4968 3242 5019 tuum.

144 5050 434 5112 Dominum
470 5062 762 5113 nostrum.
2418 5063 2704 5114 Immolatio
2737 5061 2919 5111 missae.

630 5155 879 5205 Collectio
902 5160 1020 5219 post
1041 5157 1268 5209 nomina.
1932 5155 2073 5207 Vere
2093 5151 2331 5222 dignum
2354 5153 2412 5203 et
2420 5150 2638 5219 justum
2667 5150 2768 5213 est,
2803 5146 3166 5216 omnipotens
3195 5147 3488 5218 sempiter—

201 5237 426 5307 Adesto,
444 5239 722 5306 Domine,
739 5241 1250 5312 supplicationibus
1264 5244 1491 5312 nostris,
1517 5249 1574 5300 et
1594 5246 1763 5300 inter-
1864 5263 1934 5301 ne
1965 5243 2248 5311 Deus,tibi
2270 5243 2328 5295 in
2351 5241 2491 5295 tanti
2506 5240 2772 5311 martyris
2789 5239 3126 5293 Laurenti...
3150 5239 3334 5294 laudis
3347 5239 3478 5296 hos-

141 5331 376 5386 cessione
408 5333 690 5403 martyris
716 5333 798 5387 tui
825 5333 962 5388 Sixti
993 5339 1331 5406 perpetuam
1355 5338 1519 5393 nobis
1541 5339 1758 5394 miseri-
1861 5339 1968 5393 tias
1985 5337 2305 5401 immolare,
2326 5334 2422 5404 qui
2443 5333 2690 5388 hostiam
2715 5332 3000 5386 viventem
3026 5332 3196 5386 hodie
3224 5332 3281 5387 in
3308 5333 3481 5405 ipsius

142 5421 383 5479 cordiam
413 5425 715 5496 benignus
742 5426 1046 5498 impende;
1073 5432 1129 5482 et
1155 5431 1391 5484 nomina
1413 5447 1540 5502 quae
1565 5433 1764 5485 recita-
1863 5431 2045 5486 levita).
2093 5428 2174 5483 tui
2217 5427 2370 5482 beati
2415 5425 2684 5480 Laurenti
2732 5425 2998 5496 martyris
3033 5425 3350 5480 ministerio
3381 5441 3484 5497 per

142 5516 192 5567 ta
219 5522 344 5572 sunt
366 5522 710 5574 nostrorum
735 5536 1002 5574 carorum
1025 5521 1082 5574 in
1102 5523 1307 5578 celesti
1328 5522 1541 5594 pagina
1557 5523 1763 5593 jubeas
1861 5524 2063 5578 ﬂorem
2079 5521 2216 5577 casti
2230 5519 2482 5591 corporis
2506 5517 2790 5588 accepisti.
2807 5519 2977 5588 Cujus
2993 5534 3191 5576 vocem
3203 5534 3306 5589 per
3325 5517 3485 5588 hym-

140 5604 396 5665 intimari.
430 5613 546 5666 Per
573 5611 885 5667 Dominum
912 5617 1192 5669 nostrum.
1862 5615 2112 5670 nidicum
2141 5611 2516 5670 modolamiui
2541 5609 2566 5638 "
2605 5609 2809 5682 psalmi
2851 5611 3188 5678 audivimus,
3228 5608 3484 5665 canentis

202 5746 225 5776 ‘
256 5751 405 5823 Lege
435 5753 750 5818 modulum,
781 5754 868 5810 vel
895 5756 1182 5812 modulati.
1219 5756 1315 5814 Hic
1339 5773 1476 5828 ergo
1500 5757 1807 5814 versiculus
1832 5763 1965 5814 tunc
1989 5759 2048 5812 in
2079 5759 2222 5814 festo
2244 5756 2421 5813 sancti
2448 5753 2757 5822 Laurentii,
2781 5751 2860 5809 uti
2893 5769 3062 5821 nunc,
3086 5751 3396 5808 cauebatur
3424 5746 3479 5798 in

154 5835 351 5890 Ordine
372 5842 700 5890 Gallicana.

194 5836 351 5896 rdine
372 5842 700 5898 Gallicana.

453 5939 742 6002 ΡΑΤειοι.
791 5938 1030 6005 LXXII.

3096 5942 3168 5998 10
