3976 6412
525 295 628 350 299

1305 285 1637 344 APPENDIX
1673 287 1760 342 AD
1795 285 2016 342 OPERA
2053 282 2286 342 SANCTI
2321 283 2620 342 GERMANI
2654 281 3082 340 PARISIENSIS.

3774 283 3872 337 300

524 405 698 472 atque
729 395 968 454 dicentis
993 412 1006 452 :
1037 383 1296 451 Probasti
1324 410 1424 450 cor
1449 410 1668 462 meum,
1687 394 1856 462 Deus,
1878 397 1936 448 et
1961 391 2146 448 visita-
2165 407 2227 479 Α
2247 393 2457 448 nostris
2488 393 2587 464 qui
2617 392 2678 446 in
2705 392 2930 448 Christo
2975 387 3275 445 dormiunt
3313 384 3627 460 refrigeria
3665 389 3879 443 aeterna

523 493 594 548 sti
624 495 811 558 nocte,
836 491 894 544 id
919 488 1083 544 estin
1112 487 1367 542 tenebris
1398 487 1622 554 saeculi;
1657 486 1791 558 igne
1818 503 1910 540 me
1939 485 2148 540 exami-

523 585 691 650 nasti,
716 587 774 637 et
797 599 912 636 non
939 585 1025 635 est
1049 581 1281 635 inventa
1306 579 1365 634 in
1390 597 1484 635 me
1513 579 1804 650 iniquitas.
1835 578 1878 633 Ο
1900 578 2150 648 gloriosa

521 674 850 732 certaminis
874 673 1051 728 virtus
1071 673 1084 728 l
1119 690 1152 729 o
1181 673 1518 728 inconcussa
1535 671 1856 726 constantia
1877 671 2150 726 conﬁten-

519 768 618 823 tis!
653 767 915 824 Stridunt
942 766 1205 821 membra
1232 765 1478 820 viventia
1501 782 1672 836 super
1687 764 2019 818 craticulam
2038 763 2145 818 im-

518 860 734 931 posita;
759 863 817 913 et
839 859 1037 930 prunis
1057 857 1437 925 saevientibus,
1460 857 1816 924 anhelantes,
1850 857 2148 910 incensum

519 973 686 1011 suum
717 957 777 1010 in
808 956 1048 1010 modum
1078 955 1470 1027 thymiamatis
1500 953 1704 1008 divinis
1730 953 1962 1007 naribus
1992 953 2146 1007 exhi-

518 1049 662 1104 bent
703 1048 963 1106 odorem.
999 1048 1147 1102 Dicit
1189 1047 1346 1101 enim
1375 1047 1588 1118 Martyr
1611 1047 1732 1116 ipse
1764 1062 1894 1101 cum
1925 1047 2102 1100 Paulo
2131 1062 2144 1102 :

521 1141 728 1198 Christi
757 1141 942 1196 bonus
973 1141 1118 1196 odor
1143 1156 1336 1194 sumus
1356 1141 1495 1194 Deo.
1523 1140 1647 1194 Non
1675 1139 1831 1194 enim
1860 1139 2152 1210 cogitabat

521 1233 814 1306 quomodo
841 1235 900 1288 in
920 1237 1074 1288 terra
1103 1233 1338 1304 positus,
1365 1249 1399 1287 a
1427 1231 1710 1304 passionis
1734 1231 1989 1304 periculo
2015 1231 2149 1286 libe-

520 1330 766 1395 raretur,
790 1327 890 1381 sed
918 1327 1210 1398 quomodo
1234 1326 1386 1380 inter
1410 1329 1692 1396 martyres
1723 1325 1780 1379 in
1807 1325 1958 1379 caelis
1983 1341 2144 1380 coro-

523 1423 778 1476 naretur.
791 1421 900 1475 Per
913 1419 1200 1476 Christum
1211 1419 1521 1474 Dominum
1535 1421 1814 1474 nostrum.
1833 1419 1942 1472 Per
1951 1435 2143 1490 quem.

763 1525 865 1580 LX.
906 1539 1067 1580 mssa
1105 1539 1292 1580 SANCTI
1331 1540 1579 1580 YPPOLITI
1620 1541 1909 1600 mannis.

594 1621 788 1696 2'78
813 1623 898 1676 Da
922 1621 1106 1689 nobis,
1136 1621 1504 1693 omnipotens
1525 1625 1583 1676 et
1611 1622 1933 1677 misericors
1977 1621 2146 1690 Deus,

522 1719 586 1772 ut
608 1715 763 1770 beati
785 1713 1030 1785 Yppoliti
1058 1715 1326 1785 martyris
1342 1715 1424 1770 tui
1439 1715 1771 1770 veneranda
1790 1713 2144 1782 solemnitas,

2249 486 2549 543 concedas.
2577 487 2726 540 Per.‘

2774 551 3022 604 Collectio
3045 551 3111 602 ad
3137 564 3343 616 pacem.

2318 640 2616 696 Praetende
2666 639 2830 694 nobis
2873 636 3335 692 misericordiam
3366 633 3561 709 279
3609 637 3792 700 tuam,
3824 639 3878 690 et

2249 736 2370 788 esto
2411 733 2608 804 populi
2645 732 2728 786 tui
2778 731 3050 786 defensor
3092 733 3151 784 et
3193 733 3402 797 custos,
3447 732 3512 783 ut
3552 731 3876 784 sanctorum

2247 830 2480 882 tuorum
2507 823 2721 882 Cornili
2743 829 2800 879 et
2816 823 3086 896 Cypriani
3109 821 3446 878 veneranda
3468 820 3778 877 sollemnia
3805 837 3879 875 se-

2247 936 2384 976 curo
2414 919 2633 992 possint
2653 920 3020 990 frequentare
3052 918 3354 972 conventu.
3383 917 3511 971 Per.

2814 1014 3104 1065 Immolatio
3132 1013 3322 1063 missae.

2318 1102 2565 1174 Dignum
2598 1105 2656 1156 et
2676 1101 2896 1171 justum
2927 1102 3014 1153 est
3043 1115 3273 1170 semper
3299 1101 3358 1152 et
3385 1097 3602 1169 ubique
3630 1096 3738 1152 tibi
3755 1113 3876 1169 gra-

2247 1196 2356 1250 tias
2377 1211 2570 1267 agere,
2604 1193 2970 1264 omnipotens
3007 1195 3222 1246 aeterne
3259 1193 3427 1258 Deus,
3456 1193 3631 1261 teque
3667 1190 3724 1245 in
3761 1207 3879 1245 san-

2247 1292 2470 1344 ctorum
2491 1291 2810 1358 martyrum
2840 1285 3154 1357 praedicare
3179 1284 3415 1348 virtute:
3449 1300 3596 1354 quos
3626 1283 3880 1338 discretis

2247 1385 2532 1436 terrarum
2562 1380 2819 1452 partibus
2849 1395 3058 1450 greges
3082 1395 3272 1433 sacros
3293 1381 3620 1449 pascentes,
3645 1393 3763 1432 una
3792 1393 3877 1430 ea-

2248 1474 2496 1544 demque
2542 1472 2676 1540 fide,
2705 1472 2776 1526 de
2823 1471 3059 1526 diversis
3102 1471 3238 1526 licet
3281 1469 3665 1542 temporibus,
3693 1486 3883 1525 conso-

2247 1569 2444 1634 nante,
2473 1566 2711 1638 parique
2748 1564 3000 1620 nominis
3041 1563 3127 1618 tui
3168 1563 3532 1618 confessione
3576 1563 3880 1629 coronasti,

2245 1661 2354 1714 Per
2371 1659 2681 1715 Dominum
2700 1661 2981 1714 nostrum.
3015 1659 3126 1712 Per
3151 1673 3348 1728 quem.

519 1811 580 1864 et
599 1807 965 1863 devotionem
996 1807 1160 1862 nobis
1191 1811 1404 1878 augeat
1428 1811 1487 1862 et
1515 1809 1778 1864 salutem.
1827 1809 1935 1863 Per
1957 1806 2144 1863 Domi-
2166 1777 2224 1850 B
2246 1775 2396 1832 LXH’
2427 1790 2587 1832 mss“
2615 1791 2668 1831 IN
2703 1787 3255 1878 "unﬁfﬁcﬁﬁﬂ‘
3283 1786 3657 1829 cumam"
3686 1787 3880 1828 wn‘m'

519 1917 661 1957 num
681 1903 944 1956 nostrum
969 1899 1172 1954 Filium
1204 1903 1387 1955 tuum.

1065 1995 1314 2046 Collectio
1342 1995 1593 2060 sequitur.

589 2081 804 2134 Praesta
841 2076 1026 2145 nobis,
1055 2077 1423 2149 omnipotens
1449 2081 1508 2132 et
1537 2076 1862 2133 misericors
1886 2079 2057 2146 Deus,
2085 2080 2149 2132 ut

518 2170 676 2227 beati
697 2169 947 2242 Yppoliti
966 2171 1236 2242 martyris
1265 2171 1346 2225 tui
1358 2171 1603 2243 repetita
1629 2170 1982 2238 solemnitas,
2010 2174 2068 2224 et
2086 2170 2147 2225 li-

517 2263 880 2322 berationem
925 2263 1091 2319 nobis
1134 2265 1452 2336 perfectam
1501 2265 1732 2334 tribuat,
1777 2267 1834 2318 et
1880 2265 2142 2319 salutem.

517 2358 626 2414 Per
651 2358 962 2414 Dominum
989 2361 1270 2414 nostrum.

1003 2455 1254 2506 Collectio
1282 2459 1400 2519 post
1417 2454 1648 2506 nomina.

586 2538 755 2603 Deus,
778 2539 1009 2591 tuorum
1035 2537 1239 2607 gloria,
1268 2537 1507 2608 martyri
1547 2540 1647 2593 tuo
1677 2537 1963 2610 Yppolito,
1988 2555 2142 2610 qum-

513 2649 730 2702 sumus,
759 2637 822 2688 ut
858 2650 962 2705 pro
1001 2633 1166 2689 nobis
1192 2635 1702 2706 supplicantem...,
1737 2634 1934 2690 omnia
1982 2635 2146 2689 nobis

511 2747 791 2805 prospera
823 2731 1096 2786 concede.
1148 2732 1257 2785 Per
1305 2731 1619 2786 Dominum
1649 2735 1910 2788 nostrum
1941 2731 2144 2787 Filium

515 2827 698 2880 tuum.

1045 2889 1297 2942 Collectio
1322 2891 1388 2942 ad
1411 2905 1615 2956 pacem.

583 2974 658 3028 Ut
708 2971 874 3028 nobis
929 2974 1046 3040 tua,
1081 2972 1346 3039 Domine,
1387 2973 1650 3028 remedia
1696 2973 1837 3028 dent
1879 2975 2141 3042 salutem,

510 3063 716 3122 beatus
739 3063 1035 3136 Yppolitus
1052 3067 1290 3135 martyr,
1321 3081 1666 3135 quaesumus,
1690 3083 1794 3137 pro
1827 3067 1990 3122 nobis
2019 3085 2146 3138 sup-

2867 1861 2955 1898 NIS
2983 1860 3045 1899 ΕΤ
3073 1859 3251 1899 PAULI.

2315 1941 2653 2005 Quaesumus
2675 1938 2724 2006 ι),
2766 1936 3134 2008 omnipotens
3171 1940 3231 1991 et
3259 1934 3589 1991 misericors
3625 1938 3794 2002 Deus,
3827 1937 3885 1988 ut

2244 2049 2350 2088 nos
2384 2033 2677 2104 geminata
2705 2029 2904 2085 laetitia
2931 2029 3230 2084 hodierne
3257 2027 3588 2084 festivitatis
3617 2027 3881 2099 excipiat,

2245 2141 2374 2196 quas
2404 2125 2475 2180 de
2504 2125 2811 2180 beatorum
2850 2124 3173 2193 martyrum
3223 2125 3457 2177 tuorum
3503 2120 3794 2178 Johannis
3835 2124 3887 2174 et

2241 2218 2403 2274 Pauli
2435 2217 2853 2289 gloriﬁcatione
2898 2215 3179 2286 procedit,
3227 2232 3373 2287 quos
3415 2215 3634 2270 eadem
3660 2213 3807 2269 fides
3837 2216 3888 2266 et

2245 2311 2432 2384 passio
2461 2311 2598 2366 fecit
2626 2328 2748 2366 esse
2787 2325 3116 2382 germanos.
3140 2310 3266 2364 Per.

2798 2406 3050 2456 Collectio
3074 2405 3328 2469 sequitur.

2315 2491 2689 2564 Omnipotens
2725 2491 3076 2562 sempiterna
3102 2493 3270 2558 Deus,
3303 2506 3376 2544 ne
3415 2492 3557 2561 aput
3599 2490 3882 2562 justitiam

2244 2589 2403 2642 tuam
2431 2587 2667 2658 peccata
2707 2588 2904 2639 nostra
2948 2601 3052 2640 nos
3095 2583 3434 2654 adgravent,
3467 2599 3885 2655 germanorum

2243 2683 2564 2750 martyrum
2587 2677 2873 2747 suffragiis
2905 2677 3264 2747 adjuvemur,
3289 2693 3434 2748 quos
3454 2679 3513 2731 et
3531 2681 3760 2748 partus,
3780 2694 3886 2732 una

2244 2775 2302 2827 et
2330 2789 2436 2844 par
2465 2771 2728 2842 martyrii
2753 2771 2950 2842 palma
2979 2769 3295 2840 conjunxit.
3323 2768 3452 2824 Per.

2731 2865 2984 2917 Collectio
3013 2870 3131 2930 post
3153 2867 3388 2918 nomina.

2314 2953 2568 3024 Suscipe,
2585 2951 2844 3019 Domine,
2865 2951 3146 3022 propitius
3167 2968 3367 3023 preces
3395 2954 3650 3020 nostras,
3679 2955 3742 3008 et
3774 2955 3887 3008 tuo-

2241 3063 2372 3102 rum
2401 3045 2805 3117 deprecatione
2835 3044 3125 3115 justorum
3158 3045 3439 3100 Johannis
3469 3048 3528 3100 et
3552 3045 3743 3114 Pauli,
3772 3045 3884 3117 pie-

513 3157 734 3229 plicans
762 3157 1025 3229 copiosus
1057 3157 1342 3212 audiatur.
1375 3159 1484 3212 Per
1522 3158 1830 3213 Dominum
1866 3137 2142 3214 nostrum.
2165 3140 2221 3216 C
2246 3140 2350 3195 tati
2381 3143 2491 3194 ωδε
2513 3139 2721 3211 Perﬁce
2744 3137 3031 3208 benignus
3063 3141 3362 3211 acceptas;
3397 3142 3456 3194 θῐ
3482 3155 3636 3210 quos
3665 3139 3887 3211 εαηειιί·

1071 3253 1360 3304 Immolatio
1395 3253 1583 3307 missae.

584 3337 728 3395 Vere
773 3335 1015 3407 dignum
1046 3338 1104 3389 et
1123 3335 1344 3406 justum
1376 3339 1480 3404 est,
1514 3335 1886 3406 omnipotens
1929 3341 2144 3392 aeterne

512 3429 683 3484 Deus.
713 3428 820 3494 Qui
847 3428 1082 3483 beatum
1111 3428 1459 3500 Yppolitum,
1480 3429 1792 3500 tyrannicis
1823 3431 2009 3484 adhuc
2040 3432 2141 3485 ob-

513 3522 725 3595 sequiis
751 3525 1114 3593 occupatum,
1148 3521 1333 3576 subito
1368 3521 1555 3576 fecisti
1584 3522 1854 3576 Laurenti
1902 3524 2140 3578 socium.

514 3616 620 3682 Qui
647 3614 885 3688 spiritali
911 3613 1119 3670 ardore
1149 3630 1470 3682 succensus,
1501 3614 1638 3669 dum
1656 3614 2019 3686 unigenitum
2051 3615 2140 3671 Fi-

511 3709 653 3764 lium
669 3713 832 3764 tuum
849 3707 1160 3763 Dominum
1177 3710 1437 3762 nostrum
1451 3724 1644 3764 coram
1657 3709 2036 3780 potestatibus
2055 3726 2144 3764 ve-

512 3802 723 3857 raciter
752 3801 1078 3869 confitetur,
1107 3801 1291 3871 poenis
1317 3800 1632 3871 subjicitur,
1669 3801 1905 3856 vinculis
1935 3802 2139 3873 inliga-

511 3898 626 3962 tur,
660 3894 846 3949 cardis
873 3893 1200 3964 configitur,
1231 3909 1514 3964 equorum
1539 3894 1837 3949 ferocitate
1871 3895 2145 3966 disjungi—

513 3991 636 4054 tur;
669 3989 729 4041 et
758 3987 970 4056 adepta
999 3985 1193 4056 palma
1235 3986 1512 4057 martyrii,
1546 3987 1662 4042 vita
1702 3991 1982 4058 perpetua
2011 4003 2142 4042 cum

514 4082 800 4135 lucratore
856 4082 914 4131 et
964 4077 1239 4148 magistro
1293 4079 1600 4134 Laurentio
1659 4083 1986 4135 coronatur.
2036 4082 2145 4135 Per

517 4172 804 4229 Christum
833 4170 1141 4226 Dominum
1164 4175 1443 4227 nostrum.

518 4280 642 4336 LXI.
677 4296 836 4336 MISSA
863 4297 916 4336 IN
945 4296 1145 4336 NATALE
1171 4295 1492 4380 SANCTORU‘I
1522 4295 1817 4336 MARTYRUM
1844 4294 2057 4334 CORNILI
2081 4296 2143 4336 ET

1167 4367 1420 4407 CYPRIANI
1447 4367 1492 4404 “.

589 4443 797 4498 Sancte
832 4439 1074 4496 Domine
1123 4439 1514 4510 omnipotens,
1547 4454 1720 4508 quem
1756 4437 2037 4494 Cornilius
2087 4443 2146 4495 et

2244 3233 2334 3288 nis
2359 3232 2758 3305 propinquitas
2773 3231 3072 3302 conjunxit
3092 3235 3149 3286 et
3173 3231 3337 3299 ﬁdes,
3366 3233 3768 3304 patrocinium
3796 3249 3886 3287 no-

2241 3326 2328 3380 bis
2361 3325 2629 3380 deferant
2653 3323 2968 3379 solaminis.
2996 3326 3122 3379 Per.

2766 3422 3016 3473 Collectio
3046 3421 3110 3471 ad
3139 3435 3346 3486 pacem.

2313 3507 2574 3575 Intende,
2609 3507 2872 3576 Domine,
2917 3523 3184 3574 munera,
3223 3523 3580 3578 quaesumus,
3617 3509 3889 3565 altaribus

2242 3602 2353 3658 tuis
2383 3618 2488 3674 pro
2527 3601 2833 3656 beatorum
2863 3603 3187 3671 martyrum
3224 3586 3459 3656 tuorum
3505 3601 3804 3658 Johannis
3839 3604 3890 3656 et

2241 3694 2402 3750 Pauli
2428 3692 2986 3749 commemoratione
3010 3692 3338 3764 proposita;
3369 3696 3433 3748 ut
3463 3693 3619 3750 sicut
3649 3711 3759 3767 per
3777 3695 3888 3749 haec

2242 3787 2412 3842 beata
2441 3787 2717 3859 mysteria
2746 3786 2856 3841 illis
2885 3785 3130 3857 gloriam
3152 3786 3465 3855 contulisti,
3493 3788 3675 3844 nobis
3706 3788 3887 3843 indul-

2243 3880 2501 3952 gentiam
2525 3879 2805 3962 largiaris.
2833 3880 2940 3933 Per
2970 3879 3298 3934 Dominum.

2798 3976 3088 4026 Immolatio
3130 3976 3318 4026 missae.

2313 4057 2454 4111 Vere
2474 4055 2610 4110 satis
2638 4059 2725 4110 est
2739 4055 2982 4128 dignum
3005 4060 3178 4128 atque
3191 4057 3414 4128 justum
3432 4057 3493 4111 in
3509 4057 3738 4114 horum
3751 4073 3891 4114 mar-

2241 4152 2433 4221 tyrum
2446 4149 2722 4204 Johannis
2749 4152 2806 4204 et
2819 4151 2998 4218 Pauli,
3026 4151 3414 4222 germanitate
3436 4152 3672 4222 pariter
3688 4156 3750 4208 et
3761 4153 3890 4208 bea-

2240 4241 2488 4297 titudine
2535 4245 2850 4311 consortes,
2883 4243 3007 4312 tibi,
3055 4243 3426 4316 omnipotens
3465 4246 3646 4314 Deus,
3708 4245 3892 4301 dicere

2243 4335 2441 4390 laudes
2465 4353 2478 4390 :
2503 4353 2646 4408 quos
2677 4344 2734 4391 et
2766 4338 2973 4391 fratres
2999 4341 3150 4392 sorte
3177 4337 3473 4408 nascendi,
3503 4342 3563 4393 et
3581 4340 3896 4411 magniﬁca

2241 4429 2556 4500 prmstitisti
2580 4430 2847 4502 passione
2877 4447 3207 4501 germanos,
3231 4434 3295 4485 ut
3319 4431 3490 4486 simul
3514 4437 3722 4488 essent
3737 4449 3896 4488 vene-

518 4535 854 4609 Cyprianus,
883 4533 1218 4605 triumphali
1259 4509 1540 4602 sanguine
1581 4531 1932 4599 confitendo,
1968 4548 2139 4586 vene-
2159 4509 2220 4581 Ῑ)
2241 4523 2439 4578 randae
2470 4523 2655 4594 gloria
2687 4523 2999 4594 genitricis,
3030 4527 3089 4578 et
3121 4525 3536 4580 ﬂorentissima
3565 4529 3774 4598 proles
3799 4528 3892 4580 Ec-

519 4629 730 4684 rabiles
779 4627 1108 4694 extiterunt,
1142 4627 1372 4697 prmsta,
1406 4640 1750 4694 quaesumus,
1802 4628 1864 4680 ut
1904 4629 2144 4699 uterque

521 4721 686 4777 nobis
705 4719 923 4791 jugiter
947 4719 1354 4790 suii'ragentur.
1384 4717 1509 4770 Per.

1076 4813 1326 4864 Collectio
1348 4813 1597 4876 sequitur.

592 4901 834 4958 Sanctus
870 4893 1154 4952 Cornilius
1198 4897 1257 4948 et
1289 4893 1604 4965 Cyprianus
1647 4895 1920 4968 suffragia
1960 4895 2145 4964 nobis,

521 4993 786 5060 Domine,
813 4991 1087 5046 consueta
1105 4987 1457 5058 dependant,
1489 4991 1546 5042 et
1563 4989 1688 5060 pari
1713 5007 1944 5062 semper
1967 4989 2145 5045 inter-

522 5087 779 5143 cessione
805 5100 911 5138 nos
939 5083 1188 5136 foveant.
1211 5081 1320 5134 Per
1344 5080 1674 5137 Dominum.

1008 5177 1257 5228 Collectio
1285 5181 1402 5242 post
1426 5177 1656 5230 nomina.

598 5265 907 5320 Beatorum
936 5261 1252 5330 martyrum
1286 5259 1617 5332 pariterque
1643 5259 1982 5331 pontiﬁcum
2010 5261 2146 5317 Cor-

527 5357 626 5415 nili
649 5359 708 5411 et
735 5351 1001 5426 Cypriani
1029 5369 1152 5421 nos,
1173 5370 1518 5424 quaesumus,
1545 5354 1695 5408 festa
1723 5355 2028 5423 tueantur;
2061 5371 2152 5411 eo~

527 5468 656 5508 rum
694 5465 798 5504 nos
830 5446 950 5515 tibi,
982 5447 1243 5515 Domine,
1272 5445 1643 5502 commendet
1674 5446 1878 5514 oratio,
1909 5451 1973 5502 ut
2005 5447 2152 5502 caris

595 5585 621 5614 ⁸
641 5587 778 5640 Tam
797 5582 1018 5640 celebre
1036 5581 1330 5654 quondam
1352 5583 1476 5635 erat
1502 5579 1590 5632 his
1611 5578 1669 5654 in
1696 5581 1950 5654 partibus
1971 5583 2150 5639 sancti

527 5655 795 5730 Cypriani
822 5650 1075 5730 festum,~
1093 5655 1154 5705 ut
1194 5650 1265 5703 ab
1295 5667 1362 5730 eo
1392 5652 1698 5730 sequentes
1723 5650 1796 5730 _in
1824 5653 2149 5709 Adventum

527 5720 857 5849 D'oinipicte,
889 5723 1099 5793 prima,
1133 5720 1404 5786 secunda,
1443 5723 1500 5772 et
1531 5720 1611 5773 sic
1646 5720 1914 5794 deinceps
1945 5741 2146 5781 nume-

527 5812 688 5849 raren
721 5813 806 5849 ur.

523 5811 806 5853 rarentur.

2245 4617 2449 4670 clesiaa.
2472 4618 2534 4670 In
2557 4633 2803 4688 quorum
2816 4617 3102 4672 memoria
3119 4618 3401 4689 passionis
3427 4619 3704 4676 oblatum
3727 4620 3892 4676 sacri-

2245 4709 2439 4766 ﬁcium
2469 4710 2660 4781 accipe
2689 4709 2894 4777 libens,
2922 4711 3186 4779 Domine,
3215 4715 3272 4766 et
3305 4728 3410 4782 per
3440 4729 3582 4767 eum
3618 4731 3734 4770 nos
3772 4729 3894 4769 cum

2245 4802 2504 4873 ipsorum
2528 4803 2838 4874 Martyrum
2859 4803 3269 4860 intercessione
3301 4805 3585 4874 emunda,
3618 4811 3690 4862 ut
3709 4808 3895 4863 liberis

2247 4895 2480 4951 vocibus
2511 4898 2569 4950 et
2587 4897 2855 4952 consonis
2891 4897 3186 4953 mentibus
3218 4896 3322 4952 tibi
3361 4899 3662 4970 hymnum
3713 4901 3895 4956 dicere

2248 4989 2434 5044 laudis
2461 5006 2814 5059 mereamur,
2848 5006 2979 5045 cum
3009 4990 3232 5062 angelis
3254 4994 3312 5046 et
3347 4989 3546 5065 280
3581 4995 3900 5065 archange-

2249 5083 2318 5137 lis
2349 5084 2665 5138 clamantes
2693 5101 2706 5139 :
2737 5084 2997 5149 Sanctus.

2249 5191 2423 5246 LXIII.
2466 5207 2623 5246 MISSA
2674 5207 2728 5246 IN
2779 5193 2984 5248 multis
3036 5207 3340 5248 BEATISSIM!
3393 5207 3727 5252 emensum
3780 5210 3900 5251 uin-

2972 5279 3152 5318 TYRlS.

2323 5354 2620 5410 Sacratam
2651 5355 2938 5428 mysteriis
2969 5355 3290 5410 caelestibus
3337 5354 3492 5409 diem
3520 5355 3606 5412 ad
3649 5359 3899 5414 oiﬁcium

2251 5447 2571 5503 devotionis
2599 5453 2808 5505 nostra:
2840 5449 3241 5504 sollemnitatis
3275 5448 3548 5520 ingressi,
3587 5452 3809 5509 fratres
3833 5450 3900 5506 di-

2322 5583 2350 5624 b
2376 5584 2594 5638 Eadem
2625 5600 2777 5638 nunc
2808 5583 2868 5636 in
2895 5583 3107 5639 Ordine
3135 5582 3515 5644 Gregoriano.
3561 5586 3706 5642 Haec
3737 5589 3898 5644 missa

2252 5657 2411 5728 extra
2434 5654 2720 5728 ordinem,
2752 5653 2833 5708 uti
2865 5657 2922 5708 et
2953 5669 3217 5728 sequens.
3240 5653 3317 5728 De
3346 5654 3437 5708 his
3463 5655 3760 5728 fratribus
3785 5661 3898 5728 lege

2252 5726 2616 5799 epigramma
2651 5725 2710 5780 in
2753 5728 2915 5780 torno
2960 5724 3482 5794 lV’Analectorum,
3515 5727 3786 5786 Damaso
3827 5724 3900 5799 (ut

2251 5795 2411 5866 puto)
2435 5799 2688 5888 auctore.
