  <div class='ocr_page' id='page_1' title='image "/cluster/home/n/w/nwhite01/storage/ocr_20150623/72/umn.31951002477365o/158.png"; bbox 0 0 3976 6414; ppageno 0'>
   <div class='ocr_carea' id='block_1_1' title="bbox 133 351 214 406">
    <p class='ocr_par' dir='ltr' id='par_1_1' title="bbox 133 351 214 406">
     <span class='ocr_line' id='line_1_1' title="bbox 133 351 214 406; baseline -0.037 0"><span class='ocrx_word' id='word_1_1' title='bbox 133 351 214 406; x_wconf 78' lang='grc'>301</span> 
     </span>
    </p>
   </div>
   <div class='ocr_carea' id='block_1_2' title="bbox 1202 361 2397 436">
    <p class='ocr_par' dir='ltr' id='par_1_2' title="bbox 1202 361 2397 436">
     <span class='ocr_line' id='line_1_2' title="bbox 1202 361 2397 436; baseline 0.017 -19"><span class='ocrx_word' id='word_1_2' title='bbox 1202 361 1287 418; x_wconf 91' lang='lat' dir='ltr'>DE</span> <span class='ocrx_word' id='word_1_3' title='bbox 1324 365 1633 424; x_wconf 83' lang='lat' dir='ltr'>LITURGIA</span> <span class='ocrx_word' id='word_1_4' title='bbox 1669 370 2037 432; x_wconf 79' lang='lat' dir='ltr'>GALLICANA</span> <span class='ocrx_word' id='word_1_5' title='bbox 2075 377 2272 435; x_wconf 78' lang='lat' dir='ltr'>LIBER</span> <span class='ocrx_word' id='word_1_6' title='bbox 2310 382 2397 436; x_wconf 87' lang='lat' dir='ltr'>Ill.</span> 
     </span>
    </p>
   </div>
   <div class='ocr_carea' id='block_1_3' title="bbox 3357 400 3459 453">
    <p class='ocr_par' dir='ltr' id='par_1_3' title="bbox 3357 400 3459 453">
     <span class='ocr_line' id='line_1_3' title="bbox 3357 400 3459 453; baseline 0 0"><span class='ocrx_word' id='word_1_7' title='bbox 3357 400 3459 453; x_wconf 81' lang='lat'>302</span> 
     </span>
    </p>
   </div>
   <div class='ocr_carea' id='block_1_4' title="bbox 129 454 3462 567">
    <p class='ocr_par' dir='ltr' id='par_1_4' title="bbox 129 454 3462 567">
     <span class='ocr_line' id='line_1_4' title="bbox 129 454 3462 567; baseline 0.015 -60"><span class='ocrx_word' id='word_1_8' title='bbox 129 454 428 526; x_wconf 74' lang='lat' dir='ltr'>lectissimi,</span> <span class='ocrx_word' id='word_1_9' title='bbox 491 457 793 518; x_wconf 85' lang='lat' dir='ltr'>laudemus</span> <span class='ocrx_word' id='word_1_10' title='bbox 847 465 1152 522; x_wconf 88' lang='lat' dir='ltr'>Dominum</span> <span class='ocrx_word' id='word_1_11' title='bbox 1205 471 1266 524; x_wconf 91' lang='lat' dir='ltr'>in</span> <span class='ocrx_word' id='word_1_12' title='bbox 1327 475 1531 528; x_wconf 81' lang='lat' dir='ltr'>sanctis</span> <span class='ocrx_word' id='word_1_13' title='bbox 1585 476 1698 531; x_wconf 86' lang='lat' dir='ltr'>suis</span> <span class='ocrx_word' id='word_1_14' title='bbox 1731 494 1744 532; x_wconf 90' lang='lat'>:</span> <span class='ocrx_word' id='word_1_15' title='bbox 1768 481 2052 567; x_wconf 76' lang='lat' dir='ltr'>Apietate</span> <span class='ocrx_word' id='word_1_16' title='bbox 2078 487 2414 543; x_wconf 84' lang='lat' dir='ltr'>transfertur</span> <span class='ocrx_word' id='word_1_17' title='bbox 2436 489 2506 544; x_wconf 90' lang='lat' dir='ltr'>ad</span> <span class='ocrx_word' id='word_1_18' title='bbox 2530 493 2846 563; x_wconf 62' lang='lat' dir='ltr'>praemium,</span> <span class='ocrx_word' id='word_1_19' title='bbox 2887 511 3016 552; x_wconf 88' lang='lat' dir='ltr'>cum</span> <span class='ocrx_word' id='word_1_20' title='bbox 3055 497 3106 553; x_wconf 90' lang='lat' dir='ltr'>ei</span> <span class='ocrx_word' id='word_1_21' title='bbox 3139 498 3462 558; x_wconf 87' lang='lat' dir='ltr'>insinuatur</span> 
     </span>
    </p>
   </div>
   <div class='ocr_carea' id='block_1_5' title="bbox 129 550 3460 662">
    <p class='ocr_par' dir='ltr' id='par_1_5' title="bbox 129 550 3460 662">
     <span class='ocr_line' id='line_1_5' title="bbox 129 550 3460 662; baseline 0.015 -62"><span class='ocrx_word' id='word_1_22' title='bbox 129 564 349 618; x_wconf 89' lang='lat' dir='ltr'>eumque</span> <span class='ocrx_word' id='word_1_23' title='bbox 397 550 460 604; x_wconf 88' lang='lat' dir='ltr'>in</span> <span class='ocrx_word' id='word_1_24' title='bbox 513 551 827 610; x_wconf 86' lang='lat' dir='ltr'>beatissimi</span> <span class='ocrx_word' id='word_1_25' title='bbox 872 558 1174 614; x_wconf 89' lang='lat' dir='ltr'>Sinfuriani</span> <span class='ocrx_word' id='word_1_26' title='bbox 1217 566 1478 636; x_wconf 81' lang='lat' dir='ltr'>martyris</span> <span class='ocrx_word' id='word_1_27' title='bbox 1533 568 1746 625; x_wconf 88' lang='lat' dir='ltr'>honore</span> <span class='ocrx_word' id='word_1_28' title='bbox 1768 550 1958 629; x_wconf 57' lang='lat' dir='ltr'>“non</span> <span class='ocrx_word' id='word_1_29' title='bbox 1985 576 2189 633; x_wconf 88' lang='lat' dir='ltr'>debere</span> <span class='ocrx_word' id='word_1_30' title='bbox 2211 586 2452 636; x_wconf 91' lang='lat' dir='ltr'>mortem</span> <span class='ocrx_word' id='word_1_31' title='bbox 2483 588 2754 655; x_wconf 87' lang='lat' dir='ltr'>metuere,</span> <span class='ocrx_word' id='word_1_32' title='bbox 2803 588 2934 658; x_wconf 85' lang='lat' dir='ltr'>quia</span> <span class='ocrx_word' id='word_1_33' title='bbox 2970 593 3312 662; x_wconf 80' lang='lat' dir='ltr'>martyribus</span> <span class='ocrx_word' id='word_1_34' title='bbox 3348 595 3460 650; x_wconf 84' lang='lat' dir='ltr'>vita</span> 
     </span>
    </p>
   </div>
   <div class='ocr_carea' id='block_1_6' title="bbox 128 648 1747 732">
    <p class='ocr_par' dir='ltr' id='par_1_6' title="bbox 128 648 1747 732">
     <span class='ocr_line' id='line_1_6' title="bbox 128 648 1747 732; baseline 0.017 -42"><span class='ocrx_word' id='word_1_35' title='bbox 128 655 461 708; x_wconf 79' lang='lat' dir='ltr'>veneremur,</span> <span class='ocrx_word' id='word_1_36' title='bbox 495 651 735 714; x_wconf 81' lang='lat' dir='ltr'>agentes</span> <span class='ocrx_word' id='word_1_37' title='bbox 763 648 814 702; x_wconf 93' lang='lat' dir='ltr'>ei</span> <span class='ocrx_word' id='word_1_38' title='bbox 839 651 1048 720; x_wconf 82' lang='lat' dir='ltr'>gratias</span> <span class='ocrx_word' id='word_1_39' title='bbox 1077 670 1182 722; x_wconf 90' lang='lat' dir='ltr'>pro</span> <span class='ocrx_word' id='word_1_40' title='bbox 1211 655 1510 728; x_wconf 82' lang='lat' dir='ltr'>triumphis</span> <span class='ocrx_word' id='word_1_41' title='bbox 1541 661 1662 732; x_wconf 84' lang='lat' dir='ltr'>ejus</span> <span class='ocrx_word' id='word_1_42' title='bbox 1691 669 1747 719; x_wconf 93' lang='lat' dir='ltr'>et</span> 
     </span>
    </p>
   </div>
   <div class='ocr_carea' id='block_1_7' title="bbox 126 736 1741 829">
    <p class='ocr_par' dir='ltr' id='par_1_7' title="bbox 126 736 1741 829">
     <span class='ocr_line' id='line_1_7' title="bbox 126 736 1741 829; baseline 0.017 -41"><span class='ocrx_word' id='word_1_43' title='bbox 126 736 317 806; x_wconf 83' lang='lat' dir='ltr'>gloria;</span> <span class='ocrx_word' id='word_1_44' title='bbox 359 755 540 809; x_wconf 89' lang='lat' dir='ltr'>quem</span> <span class='ocrx_word' id='word_1_45' title='bbox 565 743 834 801; x_wconf 88' lang='lat' dir='ltr'>adversus</span> <span class='ocrx_word' id='word_1_46' title='bbox 861 750 1111 819; x_wconf 87' lang='lat' dir='ltr'>corporis</span> <span class='ocrx_word' id='word_1_47' title='bbox 1137 751 1523 811; x_wconf 87' lang='lat' dir='ltr'>inﬁrmitatem</span> <span class='ocrx_word' id='word_1_48' title='bbox 1550 776 1741 829; x_wconf 87' lang='lat' dir='ltr'>poena-</span> 
     </span>
    </p>
   </div>
   <div class='ocr_carea' id='block_1_8' title="bbox 125 833 1738 921">
    <p class='ocr_par' dir='ltr' id='par_1_8' title="bbox 125 833 1738 921">
     <span class='ocr_line' id='line_1_8' title="bbox 125 833 1738 921; baseline 0.017 -41"><span class='ocrx_word' id='word_1_49' title='bbox 125 845 342 899; x_wconf 81' lang='lat' dir='ltr'>rumque</span> <span class='ocrx_word' id='word_1_50' title='bbox 369 833 674 905; x_wconf 69' lang='lat' dir='ltr'>saevitiam,</span> <span class='ocrx_word' id='word_1_51' title='bbox 714 838 946 907; x_wconf 81' lang='lat' dir='ltr'>spiritus</span> <span class='ocrx_word' id='word_1_52' title='bbox 981 842 1310 900; x_wconf 86' lang='lat' dir='ltr'>fortitudine</span> <span class='ocrx_word' id='word_1_53' title='bbox 1346 847 1738 921; x_wconf 89' lang='lat' dir='ltr'>demicantem,</span> 
     </span>
    </p>
   </div>
   <div class='ocr_carea' id='block_1_9' title="bbox 123 921 1737 1012">
    <p class='ocr_par' dir='ltr' id='par_1_9' title="bbox 123 921 1737 1012">
     <span class='ocr_line' id='line_1_9' title="bbox 123 921 1737 1012; baseline 0.017 -40"><span class='ocrx_word' id='word_1_54' title='bbox 123 921 224 992; x_wconf 83' lang='lat' dir='ltr'>spei</span> <span class='ocrx_word' id='word_1_55' title='bbox 265 922 476 978; x_wconf 88' lang='lat' dir='ltr'>viribus</span> <span class='ocrx_word' id='word_1_56' title='bbox 520 927 837 998; x_wconf 84' lang='lat' dir='ltr'>roboravit,</span> <span class='ocrx_word' id='word_1_57' title='bbox 893 949 1056 988; x_wconf 90' lang='lat' dir='ltr'>muro</span> <span class='ocrx_word' id='word_1_58' title='bbox 1100 937 1444 994; x_wconf 81' lang='lat' dir='ltr'>credulitatis</span> <span class='ocrx_word' id='word_1_59' title='bbox 1483 941 1737 1012; x_wconf 88' lang='lat' dir='ltr'>inclusit,</span> 
     </span>
    </p>
   </div>
   <div class='ocr_carea' id='block_1_10' title="bbox 122 1018 1734 1095">
    <p class='ocr_par' dir='ltr' id='par_1_10' title="bbox 122 1018 1734 1095">
     <span class='ocr_line' id='line_1_10' title="bbox 122 1018 1734 1095; baseline 0.017 -30"><span class='ocrx_word' id='word_1_60' title='bbox 122 1029 469 1086; x_wconf 87' lang='lat' dir='ltr'>successuque</span> <span class='ocrx_word' id='word_1_61' title='bbox 505 1018 762 1075; x_wconf 61' lang='lat' dir='ltr'>victoriae</span> <span class='ocrx_word' id='word_1_62' title='bbox 799 1024 869 1077; x_wconf 88' lang='lat' dir='ltr'>ad</span> <span class='ocrx_word' id='word_1_63' title='bbox 901 1027 1136 1095; x_wconf 79' lang='lat' dir='ltr'>praemia</span> <span class='ocrx_word' id='word_1_64' title='bbox 1171 1028 1609 1089; x_wconf 85' lang='lat' dir='ltr'>immortalitatis</span> <span class='ocrx_word' id='word_1_65' title='bbox 1645 1037 1734 1091; x_wconf 90' lang='lat' dir='ltr'>in-</span> 
     </span>
    </p>
   </div>
   <div class='ocr_carea' id='block_1_11' title="bbox 122 1106 1735 1195">
    <p class='ocr_par' dir='ltr' id='par_1_11' title="bbox 122 1106 1735 1195">
     <span class='ocr_line' id='line_1_11' title="bbox 122 1106 1735 1195; baseline 0.015 -36"><span class='ocrx_word' id='word_1_66' title='bbox 122 1106 266 1161; x_wconf 83' lang='lat' dir='ltr'>vexit.</span> <span class='ocrx_word' id='word_1_67' title='bbox 289 1107 531 1164; x_wconf 87' lang='lat' dir='ltr'>Oremus</span> <span class='ocrx_word' id='word_1_68' title='bbox 554 1129 784 1185; x_wconf 89' lang='lat' dir='ltr'>quoque</span> <span class='ocrx_word' id='word_1_69' title='bbox 811 1120 876 1170; x_wconf 90' lang='lat' dir='ltr'>ut</span> <span class='ocrx_word' id='word_1_70' title='bbox 897 1134 1001 1172; x_wconf 89' lang='lat' dir='ltr'>nos</span> <span class='ocrx_word' id='word_1_71' title='bbox 1026 1119 1088 1172; x_wconf 91' lang='lat' dir='ltr'>in</span> <span class='ocrx_word' id='word_1_72' title='bbox 1115 1121 1220 1176; x_wconf 93' lang='lat' dir='ltr'>hoc</span> <span class='ocrx_word' id='word_1_73' title='bbox 1240 1126 1464 1195; x_wconf 74' lang='lat' dir='ltr'>saeculo,</span> <span class='ocrx_word' id='word_1_74' title='bbox 1494 1128 1597 1181; x_wconf 90' lang='lat' dir='ltr'>etsi</span> <span class='ocrx_word' id='word_1_75' title='bbox 1623 1145 1735 1184; x_wconf 89' lang='lat' dir='ltr'>non</span> 
     </span>
    </p>
   </div>
   <div class='ocr_carea' id='block_1_12' title="bbox 119 1200 1730 1292">
    <p class='ocr_par' dir='ltr' id='par_1_12' title="bbox 119 1200 1730 1292">
     <span class='ocr_line' id='line_1_12' title="bbox 119 1200 1730 1292; baseline 0.017 -42"><span class='ocrx_word' id='word_1_76' title='bbox 119 1200 226 1267; x_wconf 83' lang='lat' dir='ltr'>pari</span> <span class='ocrx_word' id='word_1_77' title='bbox 243 1216 420 1270; x_wconf 82' lang='lat' dir='ltr'>agone</span> <span class='ocrx_word' id='word_1_78' title='bbox 449 1205 826 1277; x_wconf 86' lang='lat' dir='ltr'>certantibus,</span> <span class='ocrx_word' id='word_1_79' title='bbox 851 1209 1328 1270; x_wconf 89' lang='lat' dir='ltr'>similisfortitudo</span> <span class='ocrx_word' id='word_1_80' title='bbox 1344 1233 1457 1272; x_wconf 89' lang='lat' dir='ltr'>non</span> <span class='ocrx_word' id='word_1_81' title='bbox 1476 1219 1693 1276; x_wconf 88' lang='lat' dir='ltr'>desinat</span> <span class='ocrx_word' id='word_1_82' title='bbox 1712 1241 1730 1292; x_wconf 83' lang='lat'><strong>;</strong></span> 
     </span>
    </p>
   </div>
   <div class='ocr_carea' id='block_1_13' title="bbox 121 1291 1728 1383">
    <p class='ocr_par' dir='ltr' id='par_1_13' title="bbox 121 1291 1728 1383">
     <span class='ocr_line' id='line_1_13' title="bbox 121 1291 1728 1383; baseline 0.016 -40"><span class='ocrx_word' id='word_1_83' title='bbox 121 1295 164 1344; x_wconf 89' lang='lat' dir='ltr'>et</span> <span class='ocrx_word' id='word_1_84' title='bbox 181 1291 309 1346; x_wconf 90' lang='lat' dir='ltr'>sicut</span> <span class='ocrx_word' id='word_1_85' title='bbox 331 1293 497 1348; x_wconf 91' lang='lat' dir='ltr'>illum</span> <span class='ocrx_word' id='word_1_86' title='bbox 528 1297 852 1354; x_wconf 84' lang='lat' dir='ltr'>exhortatio</span> <span class='ocrx_word' id='word_1_87' title='bbox 882 1301 994 1372; x_wconf 75' lang='lat' dir='ltr'>pias</span> <span class='ocrx_word' id='word_1_88' title='bbox 1027 1306 1226 1360; x_wconf 86' lang='lat' dir='ltr'>matris</span> <span class='ocrx_word' id='word_1_89' title='bbox 1252 1310 1454 1365; x_wconf 80' lang='lat' dir='ltr'>extulit</span> <span class='ocrx_word' id='word_1_90' title='bbox 1487 1312 1559 1366; x_wconf 89' lang='lat' dir='ltr'>ad</span> <span class='ocrx_word' id='word_1_91' title='bbox 1599 1291 1728 1383; x_wconf 35' lang='lat' dir='ltr'>per;</span> 
     </span>
    </p>
   </div>
   <div class='ocr_carea' id='block_1_14' title="bbox 119 1384 1726 1470">
    <p class='ocr_par' dir='ltr' id='par_1_14' title="bbox 119 1384 1726 1470">
     <span class='ocr_line' id='line_1_14' title="bbox 119 1384 1726 1470; baseline 0.016 -35"><span class='ocrx_word' id='word_1_92' title='bbox 119 1384 372 1452; x_wconf 79' lang='lat' dir='ltr'>agendam</span> <span class='ocrx_word' id='word_1_93' title='bbox 399 1390 736 1444; x_wconf 85' lang='lat' dir='ltr'>certaminis</span> <span class='ocrx_word' id='word_1_94' title='bbox 764 1392 936 1462; x_wconf 89' lang='lat' dir='ltr'>hujus</span> <span class='ocrx_word' id='word_1_95' title='bbox 965 1395 1274 1470; x_wconf 84' lang='lat' dir='ltr'>victoriam,</span> <span class='ocrx_word' id='word_1_96' title='bbox 1301 1400 1378 1455; x_wconf 90' lang='lat' dir='ltr'>ita</span> <span class='ocrx_word' id='word_1_97' title='bbox 1403 1419 1508 1457; x_wconf 91' lang='lat' dir='ltr'>nos</span> <span class='ocrx_word' id='word_1_98' title='bbox 1537 1405 1726 1460; x_wconf 90' lang='lat' dir='ltr'>catho-</span> 
     </span>
    </p>
   </div>
   <div class='ocr_carea' id='block_1_15' title="bbox 117 1473 1730 1568">
    <p class='ocr_par' dir='ltr' id='par_1_15' title="bbox 117 1473 1730 1568">
     <span class='ocr_line' id='line_1_15' title="bbox 117 1473 1730 1568; baseline 0.016 -41"><span class='ocrx_word' id='word_1_99' title='bbox 117 1473 218 1528; x_wconf 65' lang='lat' dir='ltr'>licae</span> <span class='ocrx_word' id='word_1_100' title='bbox 236 1474 366 1531; x_wconf 89' lang='lat' dir='ltr'>tides</span> <span class='ocrx_word' id='word_1_101' title='bbox 395 1479 662 1535; x_wconf 68' lang='lat' dir='ltr'>Ecclesiae</span> <span class='ocrx_word' id='word_1_102' title='bbox 700 1483 1283 1556; x_wconf 88' lang='lat' dir='ltr'>inreprehensibiliter</span> <span class='ocrx_word' id='word_1_103' title='bbox 1309 1495 1582 1550; x_wconf 88' lang='lat' dir='ltr'>custodita</span> <span class='ocrx_word' id='word_1_104' title='bbox 1606 1514 1730 1568; x_wconf 91' lang='lat' dir='ltr'>per-</span> 
     </span>
    </p>
   </div>
   <div class='ocr_carea' id='block_1_16' title="bbox 117 1566 1724 1660">
    <p class='ocr_par' dir='ltr' id='par_1_16' title="bbox 117 1566 1724 1660">
     <span class='ocr_line' id='line_1_16' title="bbox 117 1566 1724 1660; baseline 0.017 -42"><span class='ocrx_word' id='word_1_105' title='bbox 117 1566 260 1621; x_wconf 87' lang='lat' dir='ltr'>ducat</span> <span class='ocrx_word' id='word_1_106' title='bbox 282 1569 352 1623; x_wconf 91' lang='lat' dir='ltr'>ad</span> <span class='ocrx_word' id='word_1_107' title='bbox 375 1571 629 1643; x_wconf 83' lang='lat' dir='ltr'>veniam,</span> <span class='ocrx_word' id='word_1_108' title='bbox 670 1578 945 1645; x_wconf 83' lang='lat' dir='ltr'>provehat</span> <span class='ocrx_word' id='word_1_109' title='bbox 972 1580 1041 1635; x_wconf 91' lang='lat' dir='ltr'>ad</span> <span class='ocrx_word' id='word_1_110' title='bbox 1071 1599 1353 1641; x_wconf 90' lang='lat' dir='ltr'>coronam.</span> <span class='ocrx_word' id='word_1_111' title='bbox 1393 1588 1497 1643; x_wconf 91' lang='lat' dir='ltr'>Per</span> <span class='ocrx_word' id='word_1_112' title='bbox 1522 1566 1724 1660; x_wconf 65' lang='lat' dir='ltr'>,Domi-</span> 
     </span>
    </p>
   </div>
   <div class='ocr_carea' id='block_1_17' title="bbox 114 1666 1067 1728">
    <p class='ocr_par' dir='ltr' id='par_1_17' title="bbox 114 1666 1067 1728">
     <span class='ocr_line' id='line_1_17' title="bbox 114 1666 1067 1728; baseline 0.016 -15"><span class='ocrx_word' id='word_1_113' title='bbox 114 1674 232 1714; x_wconf 88' lang='lat' dir='ltr'>num</span> <span class='ocrx_word' id='word_1_114' title='bbox 259 1667 515 1718; x_wconf 88' lang='lat' dir='ltr'>nostrum</span> <span class='ocrx_word' id='word_1_115' title='bbox 544 1666 738 1722; x_wconf 85' lang='lat' dir='ltr'>Jesum</span> <span class='ocrx_word' id='word_1_116' title='bbox 764 1669 1067 1728; x_wconf 87' lang='lat' dir='ltr'>Christum.</span> 
     </span>
    </p>
   </div>
   <div class='ocr_carea' id='block_1_18' title="bbox 649 1760 1173 1827">
    <p class='ocr_par' dir='ltr' id='par_1_18' title="bbox 649 1760 1173 1827">
     <span class='ocr_line' id='line_1_18' title="bbox 649 1760 1173 1827; baseline 0.015 -20"><span class='ocrx_word' id='word_1_117' title='bbox 649 1760 899 1811; x_wconf 89' lang='lat' dir='ltr'>Collectio</span> <span class='ocrx_word' id='word_1_118' title='bbox 925 1765 1173 1827; x_wconf 88' lang='lat' dir='ltr'>sequitur.</span> 
     </span>
    </p>
   </div>
   <div class='ocr_carea' id='block_1_19' title="bbox 170 1825 1381 1913">
    <p class='ocr_par' dir='ltr' id='par_1_19' title="bbox 170 1825 1381 1913">
     <span class='ocr_line' id='line_1_19' title="bbox 170 1825 1381 1913; baseline 0.014 -32"><span class='ocrx_word' id='word_1_119' title='bbox 170 1825 488 1884; x_wconf 86' lang='lat' dir='ltr'>Sanctorum</span> <span class='ocrx_word' id='word_1_120' title='bbox 518 1833 786 1889; x_wconf 87' lang='lat' dir='ltr'>omnium</span> <span class='ocrx_word' id='word_1_121' title='bbox 816 1825 1060 1906; x_wconf 79' lang='lat' dir='ltr'>gloriosa</span> <span class='ocrx_word' id='word_1_122' title='bbox 1085 1843 1381 1913; x_wconf 88' lang='lat' dir='ltr'>protectio,</span> 
     </span>
    </p>
   </div>
   <div class='ocr_carea' id='block_1_20' title="bbox 113 1922 1717 2014">
    <p class='ocr_par' dir='ltr' id='par_1_20' title="bbox 113 1922 1717 2014">
     <span class='ocr_line' id='line_1_20' title="bbox 113 1922 1717 2014; baseline 0.014 -38"><span class='ocrx_word' id='word_1_123' title='bbox 113 1922 253 1977; x_wconf 87' lang='lat' dir='ltr'>beato</span> <span class='ocrx_word' id='word_1_124' title='bbox 278 1927 516 1998; x_wconf 85' lang='lat' dir='ltr'>martyri</span> <span class='ocrx_word' id='word_1_125' title='bbox 549 1933 652 1984; x_wconf 92' lang='lat' dir='ltr'>tuo</span> <span class='ocrx_word' id='word_1_126' title='bbox 678 1931 1001 1989; x_wconf 88' lang='lat' dir='ltr'>Sinfuriano</span> <span class='ocrx_word' id='word_1_127' title='bbox 1023 1937 1298 1993; x_wconf 82' lang='lat' dir='ltr'>auxilium</span> <span class='ocrx_word' id='word_1_128' title='bbox 1331 1956 1446 1994; x_wconf 91' lang='lat' dir='ltr'>non</span> <span class='ocrx_word' id='word_1_129' title='bbox 1481 1945 1717 2014; x_wconf 86' lang='lat' dir='ltr'>negasti,</span> 
     </span>
    </p>
   </div>
   <div class='ocr_carea' id='block_1_21' title="bbox 114 2017 1719 2103">
    <p class='ocr_par' dir='ltr' id='par_1_21' title="bbox 114 2017 1719 2103">
     <span class='ocr_line' id='line_1_21' title="bbox 114 2017 1719 2103; baseline 0.014 -35"><span class='ocrx_word' id='word_1_130' title='bbox 114 2020 157 2068; x_wconf 91' lang='lat' dir='ltr'>et</span> <span class='ocrx_word' id='word_1_131' title='bbox 172 2031 264 2085; x_wconf 89' lang='lat' dir='ltr'>per</span> <span class='ocrx_word' id='word_1_132' title='bbox 287 2017 481 2091; x_wconf 90' lang='lat' dir='ltr'>iniqua</span> <span class='ocrx_word' id='word_1_133' title='bbox 501 2023 707 2077; x_wconf 83' lang='lat' dir='ltr'>mortis</span> <span class='ocrx_word' id='word_1_134' title='bbox 732 2019 979 2082; x_wconf 74' lang='lat' dir='ltr'>ludibria</span> <span class='ocrx_word' id='word_1_135' title='bbox 997 2029 1069 2083; x_wconf 92' lang='lat' dir='ltr'>ad</span> <span class='ocrx_word' id='word_1_136' title='bbox 1087 2030 1234 2084; x_wconf 88' lang='lat' dir='ltr'>hanc</span> <span class='ocrx_word' id='word_1_137' title='bbox 1255 2032 1493 2103; x_wconf 84' lang='lat' dir='ltr'>gloriam</span> <span class='ocrx_word' id='word_1_138' title='bbox 1521 2051 1719 2092; x_wconf 90' lang='lat' dir='ltr'>vocare</span> 
     </span>
    </p>
   </div>
   <div class='ocr_carea' id='block_1_22' title="bbox 112 2107 1719 2198">
    <p class='ocr_par' dir='ltr' id='par_1_22' title="bbox 112 2107 1719 2198">
     <span class='ocr_line' id='line_1_22' title="bbox 112 2107 1719 2198; baseline 0.014 -37"><span class='ocrx_word' id='word_1_139' title='bbox 112 2107 349 2178; x_wconf 88' lang='lat' dir='ltr'>dignatus</span> <span class='ocrx_word' id='word_1_140' title='bbox 375 2127 454 2180; x_wconf 89' lang='lat' dir='ltr'>es,</span> <span class='ocrx_word' id='word_1_141' title='bbox 487 2119 706 2184; x_wconf 72' lang='lat' dir='ltr'>praesta</span> <span class='ocrx_word' id='word_1_142' title='bbox 731 2121 797 2171; x_wconf 90' lang='lat' dir='ltr'>ut</span> <span class='ocrx_word' id='word_1_143' title='bbox 817 2118 1028 2175; x_wconf 89' lang='lat' dir='ltr'>similes</span> <span class='ocrx_word' id='word_1_144' title='bbox 1045 2138 1147 2176; x_wconf 91' lang='lat' dir='ltr'>nos</span> <span class='ocrx_word' id='word_1_145' title='bbox 1165 2123 1303 2179; x_wconf 87' lang='lat' dir='ltr'>ﬁdes</span> <span class='ocrx_word' id='word_1_146' title='bbox 1330 2128 1602 2198; x_wconf 83' lang='lat' dir='ltr'>martyrio</span> <span class='ocrx_word' id='word_1_147' title='bbox 1631 2145 1719 2184; x_wconf 88' lang='lat' dir='ltr'>co-</span> 
     </span>
    </p>
   </div>
   <div class='ocr_carea' id='block_1_23' title="bbox 110 2201 1714 2292">
    <p class='ocr_par' dir='ltr' id='par_1_23' title="bbox 110 2201 1714 2292">
     <span class='ocr_line' id='line_1_23' title="bbox 110 2201 1714 2292; baseline 0.015 -39"><span class='ocrx_word' id='word_1_148' title='bbox 110 2201 260 2269; x_wconf 89' lang='lat' dir='ltr'>pulet,</span> <span class='ocrx_word' id='word_1_149' title='bbox 290 2219 428 2274; x_wconf 88' lang='lat' dir='ltr'>quos</span> <span class='ocrx_word' id='word_1_150' title='bbox 457 2209 690 2278; x_wconf 88' lang='lat' dir='ltr'>tempus</span> <span class='ocrx_word' id='word_1_151' title='bbox 715 2211 990 2281; x_wconf 90' lang='lat' dir='ltr'>passionis</span> <span class='ocrx_word' id='word_1_152' title='bbox 1016 2213 1078 2268; x_wconf 89' lang='lat' dir='ltr'>in</span> <span class='ocrx_word' id='word_1_153' title='bbox 1104 2217 1283 2271; x_wconf 89' lang='lat' dir='ltr'>stadio</span> <span class='ocrx_word' id='word_1_154' title='bbox 1308 2235 1423 2273; x_wconf 92' lang='lat' dir='ltr'>non</span> <span class='ocrx_word' id='word_1_155' title='bbox 1446 2220 1675 2292; x_wconf 90' lang='lat' dir='ltr'>reliquit</span> <span class='ocrx_word' id='word_1_156' title='bbox 1697 2241 1714 2290; x_wconf 86' lang='lat'><strong>;</strong></span> 
     </span>
    </p>
   </div>
   <div class='ocr_carea' id='block_1_24' title="bbox 111 2294 1714 2382">
    <p class='ocr_par' dir='ltr' id='par_1_24' title="bbox 111 2294 1714 2382">
     <span class='ocr_line' id='line_1_24' title="bbox 111 2294 1714 2382; baseline 0.015 -37"><span class='ocrx_word' id='word_1_157' title='bbox 111 2308 163 2345; x_wconf 85' lang='lat' dir='ltr'>ac</span> <span class='ocrx_word' id='word_1_158' title='bbox 185 2294 314 2349; x_wconf 89' lang='lat' dir='ltr'>sicut</span> <span class='ocrx_word' id='word_1_159' title='bbox 341 2296 504 2352; x_wconf 88' lang='lat' dir='ltr'>illum</span> <span class='ocrx_word' id='word_1_160' title='bbox 531 2299 647 2354; x_wconf 86' lang='lat' dir='ltr'>iter</span> <span class='ocrx_word' id='word_1_161' title='bbox 675 2301 885 2357; x_wconf 91' lang='lat' dir='ltr'>durum</span> <span class='ocrx_word' id='word_1_162' title='bbox 915 2310 972 2360; x_wconf 89' lang='lat' dir='ltr'>et</span> <span class='ocrx_word' id='word_1_163' title='bbox 995 2309 1350 2378; x_wconf 90' lang='lat' dir='ltr'>scopulosum</span> <span class='ocrx_word' id='word_1_164' title='bbox 1380 2328 1483 2382; x_wconf 92' lang='lat' dir='ltr'>per</span> <span class='ocrx_word' id='word_1_165' title='bbox 1506 2329 1714 2368; x_wconf 69' lang='lat' dir='ltr'>terum-</span> 
     </span>
    </p>
   </div>
   <div class='ocr_carea' id='block_1_25' title="bbox 109 2389 1713 2475">
    <p class='ocr_par' dir='ltr' id='par_1_25' title="bbox 109 2389 1713 2475">
     <span class='ocr_line' id='line_1_25' title="bbox 109 2389 1713 2475; baseline 0.015 -37"><span class='ocrx_word' id='word_1_166' title='bbox 109 2399 194 2438; x_wconf 84' lang='lat' dir='ltr'>nas</span> <span class='ocrx_word' id='word_1_167' title='bbox 214 2389 533 2458; x_wconf 87' lang='lat' dir='ltr'>passionum</span> <span class='ocrx_word' id='word_1_168' title='bbox 565 2395 830 2464; x_wconf 90' lang='lat' dir='ltr'>paradiso</span> <span class='ocrx_word' id='word_1_169' title='bbox 857 2398 1192 2469; x_wconf 85' lang='lat' dir='ltr'>conlocavit,</span> <span class='ocrx_word' id='word_1_170' title='bbox 1219 2401 1300 2456; x_wconf 90' lang='lat' dir='ltr'>ita</span> <span class='ocrx_word' id='word_1_171' title='bbox 1335 2419 1440 2457; x_wconf 91' lang='lat' dir='ltr'>nos</span> <span class='ocrx_word' id='word_1_172' title='bbox 1469 2421 1713 2475; x_wconf 67' lang='lat' dir='ltr'>praesen-</span> 
     </span>
    </p>
   </div>
   <div class='ocr_carea' id='block_1_26' title="bbox 107 2477 1712 2562">
    <p class='ocr_par' dir='ltr' id='par_1_26' title="bbox 107 2477 1712 2562">
     <span class='ocr_line' id='line_1_26' title="bbox 107 2477 1712 2562; baseline 0.016 -33"><span class='ocrx_word' id='word_1_173' title='bbox 107 2477 230 2532; x_wconf 88' lang='lat' dir='ltr'>tium</span> <span class='ocrx_word' id='word_1_174' title='bbox 261 2482 622 2553; x_wconf 83' lang='lat' dir='ltr'>voluptatum</span> <span class='ocrx_word' id='word_1_175' title='bbox 666 2493 1089 2562; x_wconf 89' lang='lat' dir='ltr'>contemptus...</span> <span class='ocrx_word' id='word_1_176' title='bbox 1131 2495 1236 2549; x_wconf 90' lang='lat' dir='ltr'>Per</span> <span class='ocrx_word' id='word_1_177' title='bbox 1274 2495 1574 2552; x_wconf 91' lang='lat' dir='ltr'>Dominum</span> <span class='ocrx_word' id='word_1_178' title='bbox 1609 2515 1712 2554; x_wconf 91' lang='lat' dir='ltr'>no-</span> 
     </span>
    </p>
   </div>
   <div class='ocr_carea' id='block_1_27' title="bbox 108 2574 278 2628">
    <p class='ocr_par' dir='ltr' id='par_1_27' title="bbox 108 2574 278 2628">
     <span class='ocr_line' id='line_1_27' title="bbox 108 2574 278 2628; baseline 0.035 -6"><span class='ocrx_word' id='word_1_179' title='bbox 108 2574 278 2628; x_wconf 88' lang='lat' dir='ltr'>strum.</span> 
     </span>
    </p>
   </div>
   <div class='ocr_carea' id='block_1_28' title="bbox 640 2651 1162 2716">
    <p class='ocr_par' dir='ltr' id='par_1_28' title="bbox 640 2651 1162 2716">
     <span class='ocr_line' id='line_1_28' title="bbox 640 2651 1162 2716; baseline 0.011 -17"><span class='ocrx_word' id='word_1_180' title='bbox 640 2651 889 2701; x_wconf 89' lang='lat' dir='ltr'>Collectio</span> <span class='ocrx_word' id='word_1_181' title='bbox 914 2654 1162 2716; x_wconf 85' lang='lat' dir='ltr'>sequitur.</span> 
     </span>
    </p>
   </div>
   <div class='ocr_carea' id='block_1_29' title="bbox 163 2715 1709 2806">
    <p class='ocr_par' dir='ltr' id='par_1_29' title="bbox 163 2715 1709 2806">
     <span class='ocr_line' id='line_1_29' title="bbox 163 2715 1709 2806; baseline 0.013 -37"><span class='ocrx_word' id='word_1_182' title='bbox 163 2715 409 2774; x_wconf 83' lang='lat' dir='ltr'>Recitatis</span> <span class='ocrx_word' id='word_1_183' title='bbox 450 2723 785 2779; x_wconf 84' lang='lat' dir='ltr'>nominibus</span> <span class='ocrx_word' id='word_1_184' title='bbox 805 2715 1164 2797; x_wconf 81' lang='lat' dir='ltr'>oﬁ&#39;erentum,</span> <span class='ocrx_word' id='word_1_185' title='bbox 1190 2730 1390 2787; x_wconf 87' lang='lat' dir='ltr'>fratres</span> <span class='ocrx_word' id='word_1_186' title='bbox 1415 2733 1709 2806; x_wconf 88' lang='lat' dir='ltr'>carissimi,</span> 
     </span>
    </p>
   </div>
   <div class='ocr_carea' id='block_1_30' title="bbox 106 2809 1712 2898">
    <p class='ocr_par' dir='ltr' id='par_1_30' title="bbox 106 2809 1712 2898">
     <span class='ocr_line' id='line_1_30' title="bbox 106 2809 1712 2898; baseline 0.013 -36"><span class='ocrx_word' id='word_1_187' title='bbox 106 2809 474 2882; x_wconf 88' lang='lat' dir='ltr'>omnipotentis</span> <span class='ocrx_word' id='word_1_188' title='bbox 493 2817 596 2870; x_wconf 92' lang='lat' dir='ltr'>Dei</span> <span class='ocrx_word' id='word_1_189' title='bbox 611 2817 1056 2875; x_wconf 90' lang='lat' dir='ltr'>misericordiam</span> <span class='ocrx_word' id='word_1_190' title='bbox 1077 2823 1463 2896; x_wconf 90' lang='lat' dir='ltr'>deprecemur,</span> <span class='ocrx_word' id='word_1_191' title='bbox 1485 2833 1550 2882; x_wconf 90' lang='lat' dir='ltr'>ut</span> <span class='ocrx_word' id='word_1_192' title='bbox 1563 2828 1712 2898; x_wconf 88' lang='lat' dir='ltr'>plebi</span> 
     </span>
    </p>
   </div>
   <div class='ocr_carea' id='block_1_31' title="bbox 104 2903 1712 2987">
    <p class='ocr_par' dir='ltr' id='par_1_31' title="bbox 104 2903 1712 2987">
     <span class='ocr_line' id='line_1_31' title="bbox 104 2903 1712 2987; baseline 0.014 -35"><span class='ocrx_word' id='word_1_193' title='bbox 104 2916 207 2969; x_wconf 64' lang='lat' dir='ltr'>quae</span> <span class='ocrx_word' id='word_1_194' title='bbox 233 2903 287 2958; x_wconf 89' lang='lat' dir='ltr'>in</span> <span class='ocrx_word' id='word_1_195' title='bbox 310 2905 530 2962; x_wconf 90' lang='lat' dir='ltr'>honore</span> <span class='ocrx_word' id='word_1_196' title='bbox 568 2909 722 2964; x_wconf 89' lang='lat' dir='ltr'>beati</span> <span class='ocrx_word' id='word_1_197' title='bbox 752 2912 1064 2968; x_wconf 85' lang='lat' dir='ltr'>Sinfuriani</span> <span class='ocrx_word' id='word_1_198' title='bbox 1091 2917 1354 2987; x_wconf 86' lang='lat' dir='ltr'>martyris</span> <span class='ocrx_word' id='word_1_199' title='bbox 1379 2923 1504 2973; x_wconf 87' lang='lat' dir='ltr'>vota</span> <span class='ocrx_word' id='word_1_200' title='bbox 1529 2920 1712 2975; x_wconf 87' lang='lat' dir='ltr'>reddit</span> 
     </span>
    </p>
   </div>
   <div class='ocr_carea' id='block_1_32' title="bbox 103 2992 1706 3082">
    <p class='ocr_par' dir='ltr' id='par_1_32' title="bbox 103 2992 1706 3082">
     <span class='ocr_line' id='line_1_32' title="bbox 103 2992 1706 3082; baseline 0.012 -35"><span class='ocrx_word' id='word_1_201' title='bbox 103 2992 358 3066; x_wconf 85' lang='lat' dir='ltr'>altaribus,</span> <span class='ocrx_word' id='word_1_202' title='bbox 419 3000 633 3056; x_wconf 68' lang='lat' dir='ltr'>divina:</span> <span class='ocrx_word' id='word_1_203' title='bbox 679 3004 1030 3060; x_wconf 88' lang='lat' dir='ltr'>credulitatis</span> <span class='ocrx_word' id='word_1_204' title='bbox 1064 3007 1400 3065; x_wconf 87' lang='lat' dir='ltr'>infundatur</span> <span class='ocrx_word' id='word_1_205' title='bbox 1439 3012 1706 3082; x_wconf 75' lang='lat' dir='ltr'>affectus;</span> 
     </span>
    </p>
   </div>
   <div class='ocr_carea' id='block_1_33' title="bbox 102 3089 1706 3176">
    <p class='ocr_par' dir='ltr' id='par_1_33' title="bbox 102 3089 1706 3176">
     <span class='ocr_line' id='line_1_33' title="bbox 102 3089 1706 3176; baseline 0.014 -38"><span class='ocrx_word' id='word_1_206' title='bbox 102 3091 151 3138; x_wconf 89' lang='lat' dir='ltr'>ut</span> <span class='ocrx_word' id='word_1_207' title='bbox 175 3089 284 3157; x_wconf 87' lang='lat' dir='ltr'>ejus</span> <span class='ocrx_word' id='word_1_208' title='bbox 310 3092 808 3152; x_wconf 85' lang='lat' dir='ltr'>administratione</span> <span class='ocrx_word' id='word_1_209' title='bbox 833 3098 1153 3170; x_wconf 90' lang='lat' dir='ltr'>ﬁrmentur,</span> <span class='ocrx_word' id='word_1_210' title='bbox 1177 3102 1276 3172; x_wconf 91' lang='lat' dir='ltr'>qui</span> <span class='ocrx_word' id='word_1_211' title='bbox 1303 3103 1555 3176; x_wconf 81' lang='lat' dir='ltr'>Martyris</span> <span class='ocrx_word' id='word_1_212' title='bbox 1583 3122 1706 3160; x_wconf 89' lang='lat' dir='ltr'>me-</span> 
     </span>
    </p>
   </div>
   <div class='ocr_carea' id='block_1_34' title="bbox 1843 670 3456 754">
    <p class='ocr_par' dir='ltr' id='par_1_34' title="bbox 1843 670 3456 754">
     <span class='ocr_line' id='line_1_34' title="bbox 1843 670 3456 754; baseline 0.014 -34"><span class='ocrx_word' id='word_1_213' title='bbox 1843 682 1956 722; x_wconf 93' lang='lat' dir='ltr'>non</span> <span class='ocrx_word' id='word_1_214' title='bbox 1981 670 2216 739; x_wconf 88' lang='lat' dir='ltr'>tollitur,</span> <span class='ocrx_word' id='word_1_215' title='bbox 2246 673 2341 727; x_wconf 93' lang='lat' dir='ltr'>sed</span> <span class='ocrx_word' id='word_1_216' title='bbox 2369 678 2641 731; x_wconf 88' lang='lat' dir='ltr'>mutatur.</span> <span class='ocrx_word' id='word_1_217' title='bbox 2691 678 2733 731; x_wconf 89' lang='grc' dir='ltr'><strong>Ο</strong></span> <span class='ocrx_word' id='word_1_218' title='bbox 2775 679 3105 737; x_wconf 88' lang='lat' dir='ltr'>admiranda</span> <span class='ocrx_word' id='word_1_219' title='bbox 3145 685 3456 754; x_wconf 83' lang='lat' dir='ltr'>gratiarum</span> 
     </span>
    </p>
   </div>
   <div class='ocr_carea' id='block_1_35' title="bbox 1841 758 3453 842">
    <p class='ocr_par' dir='ltr' id='par_1_35' title="bbox 1841 758 3453 842">
     <span class='ocr_line' id='line_1_35' title="bbox 1841 758 3453 842; baseline 0.014 -30"><span class='ocrx_word' id='word_1_220' title='bbox 1841 758 2005 814; x_wconf 89' lang='lat' dir='ltr'>ﬁdes!</span> <span class='ocrx_word' id='word_1_221' title='bbox 2037 778 2163 833; x_wconf 57' lang='lat' dir='ltr'>quas</span> <span class='ocrx_word' id='word_1_222' title='bbox 2189 764 2256 818; x_wconf 92' lang='lat' dir='ltr'>de</span> <span class='ocrx_word' id='word_1_223' title='bbox 2273 763 2435 820; x_wconf 89' lang='lat' dir='ltr'>beato</span> <span class='ocrx_word' id='word_1_224' title='bbox 2459 767 2571 822; x_wconf 92' lang='lat' dir='ltr'>ﬁlio</span> <span class='ocrx_word' id='word_1_225' title='bbox 2593 768 2767 823; x_wconf 91' lang='lat' dir='ltr'>vitam</span> <span class='ocrx_word' id='word_1_226' title='bbox 2793 771 3032 842; x_wconf 89' lang='lat' dir='ltr'>glorioso</span> <span class='ocrx_word' id='word_1_227' title='bbox 3063 776 3278 832; x_wconf 81' lang='lat' dir='ltr'>exultat</span> <span class='ocrx_word' id='word_1_228' title='bbox 3316 777 3453 834; x_wconf 78' lang='lat' dir='ltr'>aﬂ&#39;e-</span> 
     </span>
    </p>
   </div>
   <div class='ocr_carea' id='block_1_36' title="bbox 1841 855 3449 939">
    <p class='ocr_par' dir='ltr' id='par_1_36' title="bbox 1841 855 3449 939">
     <span class='ocr_line' id='line_1_36' title="bbox 1841 855 3449 939; baseline 0.013 -34"><span class='ocrx_word' id='word_1_229' title='bbox 1841 855 1963 921; x_wconf 83' lang='lat' dir='ltr'>ctu;</span> <span class='ocrx_word' id='word_1_230' title='bbox 1987 859 2041 908; x_wconf 92' lang='lat' dir='ltr'>et</span> <span class='ocrx_word' id='word_1_231' title='bbox 2059 871 2185 925; x_wconf 83' lang='lat' dir='ltr'>quae</span> <span class='ocrx_word' id='word_1_232' title='bbox 2203 857 2396 928; x_wconf 90' lang='lat' dir='ltr'>lugere</span> <span class='ocrx_word' id='word_1_233' title='bbox 2423 860 2770 931; x_wconf 89' lang='lat' dir='ltr'>credebatur,</span> <span class='ocrx_word' id='word_1_234' title='bbox 2795 865 3040 934; x_wconf 91' lang='lat' dir='ltr'>gaudere</span> <span class='ocrx_word' id='word_1_235' title='bbox 3067 870 3449 939; x_wconf 88' lang='lat' dir='ltr'>cognoscitur:</span> 
     </span>
    </p>
   </div>
   <div class='ocr_carea' id='block_1_37' title="bbox 1839 947 3450 1022">
    <p class='ocr_par' dir='ltr' id='par_1_37' title="bbox 1839 947 3450 1022">
     <span class='ocr_line' id='line_1_37' title="bbox 1839 947 3450 1022; baseline 0.013 -25"><span class='ocrx_word' id='word_1_236' title='bbox 1839 960 2035 999; x_wconf 92' lang='lat' dir='ltr'>secura</span> <span class='ocrx_word' id='word_1_237' title='bbox 2060 947 2127 1001; x_wconf 93' lang='lat' dir='ltr'>de</span> <span class='ocrx_word' id='word_1_238' title='bbox 2153 950 2313 1019; x_wconf 91' lang='lat' dir='ltr'>regni</span> <span class='ocrx_word' id='word_1_239' title='bbox 2341 950 2421 1004; x_wconf 91' lang='lat' dir='ltr'>tui</span> <span class='ocrx_word' id='word_1_240' title='bbox 2448 953 2712 1022; x_wconf 65' lang='lat' dir='ltr'>praemiis,</span> <span class='ocrx_word' id='word_1_241' title='bbox 2745 954 2925 1009; x_wconf 87' lang='lat' dir='ltr'>ﬁlium</span> <span class='ocrx_word' id='word_1_242' title='bbox 2959 957 3288 1015; x_wconf 79' lang='lat' dir='ltr'>exhortatur</span> <span class='ocrx_word' id='word_1_243' title='bbox 3322 978 3450 1017; x_wconf 91' lang='lat' dir='ltr'>cum</span> 
     </span>
    </p>
   </div>
   <div class='ocr_carea' id='block_1_38' title="bbox 1837 1035 3446 1122">
    <p class='ocr_par' dir='ltr' id='par_1_38' title="bbox 1837 1035 3446 1122">
     <span class='ocr_line' id='line_1_38' title="bbox 1837 1035 3446 1122; baseline 0.012 -34"><span class='ocrx_word' id='word_1_244' title='bbox 1837 1035 2055 1108; x_wconf 87' lang='lat' dir='ltr'>ingenti</span> <span class='ocrx_word' id='word_1_245' title='bbox 2079 1039 2286 1110; x_wconf 67' lang='lat' dir='ltr'>laetitia,</span> <span class='ocrx_word' id='word_1_246' title='bbox 2315 1044 2549 1100; x_wconf 91' lang='lat' dir='ltr'>scientes</span> <span class='ocrx_word' id='word_1_247' title='bbox 2565 1046 2868 1102; x_wconf 89' lang='lat' dir='ltr'>morientes</span> <span class='ocrx_word' id='word_1_248' title='bbox 2894 1049 2952 1103; x_wconf 91' lang='lat' dir='ltr'>in</span> <span class='ocrx_word' id='word_1_249' title='bbox 2977 1050 3214 1122; x_wconf 89' lang='lat' dir='ltr'>Christo,</span> <span class='ocrx_word' id='word_1_250' title='bbox 3246 1053 3446 1122; x_wconf 87' lang='lat' dir='ltr'>vivere,</span> 
     </span>
    </p>
   </div>
   <div class='ocr_carea' id='block_1_39' title="bbox 1835 1130 3449 1216">
    <p class='ocr_par' dir='ltr' id='par_1_39' title="bbox 1835 1130 3449 1216">
     <span class='ocr_line' id='line_1_39' title="bbox 1835 1130 3449 1216; baseline 0.011 -34"><span class='ocrx_word' id='word_1_251' title='bbox 1835 1133 1891 1183; x_wconf 91' lang='lat' dir='ltr'>et</span> <span class='ocrx_word' id='word_1_252' title='bbox 1915 1130 2176 1184; x_wconf 88' lang='lat' dir='ltr'>amissam</span> <span class='ocrx_word' id='word_1_253' title='bbox 2218 1133 2407 1204; x_wconf 90' lang='lat' dir='ltr'>vitam,</span> <span class='ocrx_word' id='word_1_254' title='bbox 2452 1152 2516 1190; x_wconf 92' lang='lat' dir='ltr'>eo</span> <span class='ocrx_word' id='word_1_255' title='bbox 2554 1141 2928 1208; x_wconf 89' lang='lat' dir='ltr'>restaurante,</span> <span class='ocrx_word' id='word_1_256' title='bbox 2966 1141 3234 1214; x_wconf 90' lang='lat' dir='ltr'>recipere.</span> <span class='ocrx_word' id='word_1_257' title='bbox 3274 1145 3449 1216; x_wconf 91' lang='lat' dir='ltr'>Digne</span> 
     </span>
    </p>
   </div>
   <div class='ocr_carea' id='block_1_40' title="bbox 1833 1222 3450 1304">
    <p class='ocr_par' dir='ltr' id='par_1_40' title="bbox 1833 1222 3450 1304">
     <span class='ocr_line' id='line_1_40' title="bbox 1833 1222 3450 1304; baseline 0.012 -31"><span class='ocrx_word' id='word_1_258' title='bbox 1833 1235 1968 1291; x_wconf 88' lang='lat' dir='ltr'>ergo</span> <span class='ocrx_word' id='word_1_259' title='bbox 1991 1222 2081 1276; x_wconf 90' lang='lat' dir='ltr'>hic</span> <span class='ocrx_word' id='word_1_260' title='bbox 2110 1223 2417 1280; x_wconf 89' lang='lat' dir='ltr'>honoratur</span> <span class='ocrx_word' id='word_1_261' title='bbox 2439 1227 2499 1282; x_wconf 92' lang='lat' dir='ltr'>in</span> <span class='ocrx_word' id='word_1_262' title='bbox 2523 1230 2750 1284; x_wconf 90' lang='lat' dir='ltr'>nomine</span> <span class='ocrx_word' id='word_1_263' title='bbox 2775 1235 2890 1300; x_wconf 90' lang='lat' dir='ltr'>tuo,</span> <span class='ocrx_word' id='word_1_264' title='bbox 2933 1233 3028 1304; x_wconf 88' lang='lat' dir='ltr'>qui</span> <span class='ocrx_word' id='word_1_265' title='bbox 3069 1238 3124 1289; x_wconf 91' lang='lat' dir='ltr'>te</span> <span class='ocrx_word' id='word_1_266' title='bbox 3157 1235 3450 1292; x_wconf 87' lang='lat' dir='ltr'>honoravit</span> 
     </span>
    </p>
   </div>
   <div class='ocr_carea' id='block_1_41' title="bbox 1829 1311 3447 1400">
    <p class='ocr_par' dir='ltr' id='par_1_41' title="bbox 1829 1311 3447 1400">
     <span class='ocr_line' id='line_1_41' title="bbox 1829 1311 3447 1400; baseline 0.011 -34"><span class='ocrx_word' id='word_1_267' title='bbox 1829 1311 1888 1366; x_wconf 91' lang='lat' dir='ltr'>in</span> <span class='ocrx_word' id='word_1_268' title='bbox 1913 1314 2186 1385; x_wconf 89' lang='lat' dir='ltr'>sanguine</span> <span class='ocrx_word' id='word_1_269' title='bbox 2215 1333 2345 1387; x_wconf 82' lang='lat' dir='ltr'>suo;</span> <span class='ocrx_word' id='word_1_270' title='bbox 2389 1319 2484 1390; x_wconf 90' lang='lat' dir='ltr'>qui</span> <span class='ocrx_word' id='word_1_271' title='bbox 2525 1337 2627 1390; x_wconf 81' lang='lat' dir='ltr'>pro</span> <span class='ocrx_word' id='word_1_272' title='bbox 2664 1327 2720 1376; x_wconf 92' lang='lat' dir='ltr'>te</span> <span class='ocrx_word' id='word_1_273' title='bbox 2753 1323 2992 1379; x_wconf 87' lang='lat' dir='ltr'>afﬂictus</span> <span class='ocrx_word' id='word_1_274' title='bbox 3024 1331 3107 1380; x_wconf 90' lang='lat' dir='ltr'>est</span> <span class='ocrx_word' id='word_1_275' title='bbox 3145 1327 3204 1381; x_wconf 87' lang='lat' dir='ltr'>in</span> <span class='ocrx_word' id='word_1_276' title='bbox 3240 1329 3447 1400; x_wconf 90' lang='lat' dir='ltr'>suppli-</span> 
     </span>
    </p>
   </div>
   <div class='ocr_carea' id='block_1_42' title="bbox 1830 1404 3445 1490">
    <p class='ocr_par' dir='ltr' id='par_1_42' title="bbox 1830 1404 3445 1490">
     <span class='ocr_line' id='line_1_42' title="bbox 1830 1404 3445 1490; baseline 0.012 -32"><span class='ocrx_word' id='word_1_277' title='bbox 1830 1404 1935 1475; x_wconf 91' lang='lat' dir='ltr'>cio,</span> <span class='ocrx_word' id='word_1_278' title='bbox 1964 1423 2068 1478; x_wconf 91' lang='lat' dir='ltr'>per</span> <span class='ocrx_word' id='word_1_279' title='bbox 2094 1413 2148 1462; x_wconf 90' lang='lat' dir='ltr'>te</span> <span class='ocrx_word' id='word_1_280' title='bbox 2186 1409 2524 1480; x_wconf 89' lang='lat' dir='ltr'>gloriﬁcatus</span> <span class='ocrx_word' id='word_1_281' title='bbox 2550 1418 2632 1468; x_wconf 89' lang='lat' dir='ltr'>est</span> <span class='ocrx_word' id='word_1_282' title='bbox 2657 1413 2714 1468; x_wconf 92' lang='lat' dir='ltr'>in</span> <span class='ocrx_word' id='word_1_283' title='bbox 2743 1416 3031 1486; x_wconf 83' lang='lat' dir='ltr'>sepulcro;</span> <span class='ocrx_word' id='word_1_284' title='bbox 3062 1419 3159 1490; x_wconf 91' lang='lat' dir='ltr'>qui</span> <span class='ocrx_word' id='word_1_285' title='bbox 3183 1424 3237 1474; x_wconf 91' lang='lat' dir='ltr'>te</span> <span class='ocrx_word' id='word_1_286' title='bbox 3271 1421 3445 1477; x_wconf 86' lang='lat' dir='ltr'>hono-</span> 
     </span>
    </p>
   </div>
   <div class='ocr_carea' id='block_1_43' title="bbox 1827 1499 3446 1585">
    <p class='ocr_par' dir='ltr' id='par_1_43' title="bbox 1827 1499 3446 1585">
     <span class='ocr_line' id='line_1_43' title="bbox 1827 1499 3446 1585; baseline 0.011 -33"><span class='ocrx_word' id='word_1_287' title='bbox 1827 1499 1969 1553; x_wconf 87' lang='lat' dir='ltr'>ravit</span> <span class='ocrx_word' id='word_1_288' title='bbox 1992 1499 2052 1553; x_wconf 92' lang='lat' dir='ltr'>in</span> <span class='ocrx_word' id='word_1_289' title='bbox 2083 1501 2287 1570; x_wconf 90' lang='lat' dir='ltr'>gladio,</span> <span class='ocrx_word' id='word_1_290' title='bbox 2312 1507 2498 1558; x_wconf 91' lang='lat' dir='ltr'>tecum</span> <span class='ocrx_word' id='word_1_291' title='bbox 2518 1510 2717 1576; x_wconf 89' lang='lat' dir='ltr'>regnat</span> <span class='ocrx_word' id='word_1_292' title='bbox 2740 1506 2799 1561; x_wconf 91' lang='lat' dir='ltr'>in</span> <span class='ocrx_word' id='word_1_293' title='bbox 2825 1509 2997 1578; x_wconf 66' lang='lat' dir='ltr'>caelo;</span> <span class='ocrx_word' id='word_1_294' title='bbox 3024 1510 3120 1582; x_wconf 91' lang='lat' dir='ltr'>qui</span> <span class='ocrx_word' id='word_1_295' title='bbox 3137 1527 3241 1582; x_wconf 91' lang='lat' dir='ltr'>per</span> <span class='ocrx_word' id='word_1_296' title='bbox 3266 1528 3446 1585; x_wconf 87' lang='lat' dir='ltr'>angu-</span> 
     </span>
    </p>
   </div>
   <div class='ocr_carea' id='block_1_44' title="bbox 1825 1591 3444 1673">
    <p class='ocr_par' dir='ltr' id='par_1_44' title="bbox 1825 1591 3444 1673">
     <span class='ocr_line' id='line_1_44' title="bbox 1825 1591 3444 1673; baseline 0.011 -29"><span class='ocrx_word' id='word_1_297' title='bbox 1825 1591 1988 1645; x_wconf 87' lang='lat' dir='ltr'>stiam</span> <span class='ocrx_word' id='word_1_298' title='bbox 2027 1595 2390 1662; x_wconf 58' lang='lat' dir='ltr'>praesentium</span> <span class='ocrx_word' id='word_1_299' title='bbox 2429 1597 2858 1655; x_wconf 86' lang='lat' dir='ltr'>tribulationum</span> <span class='ocrx_word' id='word_1_300' title='bbox 2898 1603 3189 1673; x_wconf 90' lang='lat' dir='ltr'>pervenire</span> <span class='ocrx_word' id='word_1_301' title='bbox 3233 1607 3444 1661; x_wconf 89' lang='lat' dir='ltr'>meruit</span> 
     </span>
    </p>
   </div>
   <div class='ocr_carea' id='block_1_45' title="bbox 1821 1683 3435 1768">
    <p class='ocr_par' dir='ltr' id='par_1_45' title="bbox 1821 1683 3435 1768">
     <span class='ocr_line' id='line_1_45' title="bbox 1821 1683 3435 1768; baseline 0.011 -32"><span class='ocrx_word' id='word_1_302' title='bbox 1821 1683 1891 1737; x_wconf 88' lang='lat' dir='ltr'>ad</span> <span class='ocrx_word' id='word_1_303' title='bbox 1913 1685 2346 1755; x_wconf 90' lang='lat' dir='ltr'>amplitudinem</span> <span class='ocrx_word' id='word_1_304' title='bbox 2391 1689 2694 1746; x_wconf 78' lang='lat' dir='ltr'>caelestium</span> <span class='ocrx_word' id='word_1_305' title='bbox 2732 1693 3089 1766; x_wconf 85' lang='lat' dir='ltr'>gaudiorum,</span> <span class='ocrx_word' id='word_1_306' title='bbox 3136 1713 3240 1768; x_wconf 90' lang='lat' dir='ltr'>per</span> <span class='ocrx_word' id='word_1_307' title='bbox 3275 1697 3435 1753; x_wconf 89' lang='lat' dir='ltr'>Chri-</span> 
     </span>
    </p>
   </div>
   <div class='ocr_carea' id='block_1_46' title="bbox 1826 1778 2809 1856">
    <p class='ocr_par' dir='ltr' id='par_1_46' title="bbox 1826 1778 2809 1856">
     <span class='ocr_line' id='line_1_46' title="bbox 1826 1778 2809 1856; baseline 0.011 -27"><span class='ocrx_word' id='word_1_308' title='bbox 1826 1780 1974 1830; x_wconf 91' lang='lat' dir='ltr'>stum</span> <span class='ocrx_word' id='word_1_309' title='bbox 1995 1778 2291 1834; x_wconf 88' lang='lat' dir='ltr'>Dominum</span> <span class='ocrx_word' id='word_1_310' title='bbox 2317 1785 2593 1838; x_wconf 90' lang='lat' dir='ltr'>nostrum.</span> <span class='ocrx_word' id='word_1_311' title='bbox 2623 1785 2729 1839; x_wconf 89' lang='lat' dir='ltr'>Per</span> <span class='ocrx_word' id='word_1_312' title='bbox 2752 1803 2809 1856; x_wconf 94' lang='lat' dir='ltr'>q.</span> 
     </span>
    </p>
   </div>
   <div class='ocr_carea' id='block_1_47' title="bbox 1425 1845 3346 1942">
    <p class='ocr_par' dir='ltr' id='par_1_47' title="bbox 1425 1845 3346 1942">
     <span class='ocr_line' id='line_1_47' title="bbox 1425 1845 3346 1942; baseline 0.012 -23"><span class='ocrx_word' id='word_1_313' title='bbox 1425 1845 1588 1915; x_wconf 67' lang='lat' dir='ltr'>Deus:</span> <span class='ocrx_word' id='word_1_314' title='bbox 1629 1846 1801 1918; x_wconf 68' lang='lat' dir='ltr'>quiB</span> <span class='ocrx_word' id='word_1_315' title='bbox 1909 1872 2080 1928; x_wconf 80' lang='lat' dir='ltr'>LXIV.</span> <span class='ocrx_word' id='word_1_316' title='bbox 2121 1892 2272 1930; x_wconf 74' lang='lat' dir='ltr'>lllSSA</span> <span class='ocrx_word' id='word_1_317' title='bbox 2309 1895 2490 1933; x_wconf 76' lang='lat' dir='ltr'>SANCTI</span> <span class='ocrx_word' id='word_1_318' title='bbox 2528 1897 2594 1934; x_wconf 59' lang='lat' dir='ltr'>ac</span> <span class='ocrx_word' id='word_1_319' title='bbox 2628 1897 2924 1937; x_wconf 70' lang='lat' dir='ltr'>BEATISSIHI</span> <span class='ocrx_word' id='word_1_320' title='bbox 2964 1900 3201 1940; x_wconf 69' lang='lat' dir='ltr'>nomen</span> <span class='ocrx_word' id='word_1_321' title='bbox 3240 1902 3346 1942; x_wconf 75' lang='lat' dir='ltr'>cun</span> 
     </span>
    </p>
   </div>
   <div class='ocr_carea' id='block_1_48' title="bbox 2455 1966 2786 2006">
    <p class='ocr_par' dir='ltr' id='par_1_48' title="bbox 2455 1966 2786 2006">
     <span class='ocr_line' id='line_1_48' title="bbox 2455 1966 2786 2006; baseline 0.009 -3"><span class='ocrx_word' id='word_1_322' title='bbox 2455 1966 2616 2003; x_wconf 82' lang='lat' dir='ltr'>SOCllS</span> <span class='ocrx_word' id='word_1_323' title='bbox 2654 1968 2786 2006; x_wconf 86' lang='lat' dir='ltr'>SUIS.</span> 
     </span>
    </p>
   </div>
   <div class='ocr_carea' id='block_1_49' title="bbox 1891 2031 3436 2114">
    <p class='ocr_par' dir='ltr' id='par_1_49' title="bbox 1891 2031 3436 2114">
     <span class='ocr_line' id='line_1_49' title="bbox 1891 2031 3436 2114; baseline 0.01 -30"><span class='ocrx_word' id='word_1_324' title='bbox 1891 2031 2296 2102; x_wconf 88' lang='lat' dir='ltr'>Omnipotentis</span> <span class='ocrx_word' id='word_1_325' title='bbox 2325 2037 2547 2091; x_wconf 89' lang='lat' dir='ltr'>Domini</span> <span class='ocrx_word' id='word_1_326' title='bbox 2579 2039 3019 2096; x_wconf 90' lang='lat' dir='ltr'>misericordiam</span> <span class='ocrx_word' id='word_1_327' title='bbox 3043 2043 3102 2097; x_wconf 89' lang='lat' dir='ltr'>in</span> <span class='ocrx_word' id='word_1_328' title='bbox 3132 2044 3300 2114; x_wconf 91' lang='lat' dir='ltr'>hujus</span> <span class='ocrx_word' id='word_1_329' title='bbox 3328 2046 3436 2102; x_wconf 90' lang='lat' dir='ltr'>diei</span> 
     </span>
    </p>
   </div>
   <div class='ocr_carea' id='block_1_50' title="bbox 1818 2123 3435 2208">
    <p class='ocr_par' dir='ltr' id='par_1_50' title="bbox 1818 2123 3435 2208">
     <span class='ocr_line' id='line_1_50' title="bbox 1818 2123 3435 2208; baseline 0.011 -34"><span class='ocrx_word' id='word_1_330' title='bbox 1818 2137 1913 2175; x_wconf 85' lang='lat' dir='ltr'>sex</span> <span class='ocrx_word' id='word_1_331' title='bbox 1959 2123 2203 2178; x_wconf 88' lang='lat' dir='ltr'>millium</span> <span class='ocrx_word' id='word_1_332' title='bbox 2248 2134 2641 2182; x_wconf 87' lang='lat' dir='ltr'>sexcentorum</span> <span class='ocrx_word' id='word_1_333' title='bbox 2683 2136 2997 2203; x_wconf 89' lang='lat' dir='ltr'>martyrum</span> <span class='ocrx_word' id='word_1_334' title='bbox 3047 2133 3435 2208; x_wconf 90' lang='lat' dir='ltr'>sollemnitate,</span> 
     </span>
    </p>
   </div>
   <div class='ocr_carea' id='block_1_51' title="bbox 1817 2213 3438 2300">
    <p class='ocr_par' dir='ltr' id='par_1_51' title="bbox 1817 2213 3438 2300">
     <span class='ocr_line' id='line_1_51' title="bbox 1817 2213 3438 2300; baseline 0.01 -33"><span class='ocrx_word' id='word_1_335' title='bbox 1817 2213 2017 2269; x_wconf 90' lang='lat' dir='ltr'>fratres</span> <span class='ocrx_word' id='word_1_336' title='bbox 2070 2217 2361 2286; x_wconf 90' lang='lat' dir='ltr'>carissimi,</span> <span class='ocrx_word' id='word_1_337' title='bbox 2404 2219 2793 2292; x_wconf 88' lang='lat' dir='ltr'>deprecemur,</span> <span class='ocrx_word' id='word_1_338' title='bbox 2837 2229 2901 2278; x_wconf 88' lang='lat' dir='ltr'>ut</span> <span class='ocrx_word' id='word_1_339' title='bbox 2934 2224 3032 2296; x_wconf 91' lang='lat' dir='ltr'>qui</span> <span class='ocrx_word' id='word_1_340' title='bbox 3067 2230 3236 2282; x_wconf 70' lang='lat' dir='ltr'>tanta:</span> <span class='ocrx_word' id='word_1_341' title='bbox 3287 2229 3438 2300; x_wconf 88' lang='lat' dir='ltr'>plebi</span> 
     </span>
    </p>
   </div>
   <div class='ocr_carea' id='block_1_52' title="bbox 1819 2305 3436 2382">
    <p class='ocr_par' dir='ltr' id='par_1_52' title="bbox 1819 2305 3436 2382">
     <span class='ocr_line' id='line_1_52' title="bbox 1819 2305 3436 2382; baseline 0.011 -24"><span class='ocrx_word' id='word_1_342' title='bbox 1819 2305 2052 2376; x_wconf 89' lang='lat' dir='ltr'>gloriam</span> <span class='ocrx_word' id='word_1_343' title='bbox 2094 2310 2347 2380; x_wconf 88' lang='lat' dir='ltr'>martyrii</span> <span class='ocrx_word' id='word_1_344' title='bbox 2396 2314 2650 2382; x_wconf 89' lang='lat' dir='ltr'>contulit,</span> <span class='ocrx_word' id='word_1_345' title='bbox 2695 2314 2772 2369; x_wconf 87' lang='lat' dir='ltr'>ita</span> <span class='ocrx_word' id='word_1_346' title='bbox 2815 2316 2974 2371; x_wconf 89' lang='lat' dir='ltr'>nobis</span> <span class='ocrx_word' id='word_1_347' title='bbox 3023 2317 3134 2371; x_wconf 92' lang='lat' dir='ltr'>diei</span> <span class='ocrx_word' id='word_1_348' title='bbox 3184 2318 3436 2376; x_wconf 90' lang='lat' dir='ltr'>inmensa</span> 
     </span>
    </p>
   </div>
   <div class='ocr_carea' id='block_1_53' title="bbox 1814 2399 3430 2479">
    <p class='ocr_par' dir='ltr' id='par_1_53' title="bbox 1814 2399 3430 2479">
     <span class='ocr_line' id='line_1_53' title="bbox 1814 2399 3430 2479; baseline 0.011 -29"><span class='ocrx_word' id='word_1_349' title='bbox 1814 2399 2203 2468; x_wconf 86' lang='lat' dir='ltr'>peccaminum</span> <span class='ocrx_word' id='word_1_350' title='bbox 2255 2403 2654 2459; x_wconf 66' lang='lat' dir='ltr'>misericordiae</span> <span class='ocrx_word' id='word_1_351' title='bbox 2697 2423 2813 2461; x_wconf 74' lang='lat' dir='ltr'>suae</span> <span class='ocrx_word' id='word_1_352' title='bbox 2863 2407 3125 2479; x_wconf 86' lang='lat' dir='ltr'>largitate</span> <span class='ocrx_word' id='word_1_353' title='bbox 3172 2410 3430 2468; x_wconf 71' lang='lat' dir='ltr'>lastiﬁcet.</span> 
     </span>
    </p>
   </div>
   <div class='ocr_carea' id='block_1_54' title="bbox 1813 2489 2758 2553">
    <p class='ocr_par' dir='ltr' id='par_1_54' title="bbox 1813 2489 2758 2553">
     <span class='ocr_line' id='line_1_54' title="bbox 1813 2489 2758 2553; baseline 0.011 -10"><span class='ocrx_word' id='word_1_354' title='bbox 1813 2489 1920 2545; x_wconf 89' lang='lat' dir='ltr'>Per</span> <span class='ocrx_word' id='word_1_355' title='bbox 1943 2491 2244 2547; x_wconf 90' lang='lat' dir='ltr'>Dominum</span> <span class='ocrx_word' id='word_1_356' title='bbox 2271 2498 2526 2550; x_wconf 89' lang='lat' dir='ltr'>nostrum</span> <span class='ocrx_word' id='word_1_357' title='bbox 2550 2498 2758 2553; x_wconf 87' lang='lat' dir='ltr'>Jesum.</span> 
     </span>
    </p>
   </div>
   <div class='ocr_carea' id='block_1_55' title="bbox 2358 2587 2873 2652">
    <p class='ocr_par' dir='ltr' id='par_1_55' title="bbox 2358 2587 2873 2652">
     <span class='ocr_line' id='line_1_55' title="bbox 2358 2587 2873 2652; baseline 0.008 -17"><span class='ocrx_word' id='word_1_358' title='bbox 2358 2587 2604 2637; x_wconf 91' lang='lat' dir='ltr'>Collectio</span> <span class='ocrx_word' id='word_1_359' title='bbox 2629 2589 2873 2652; x_wconf 88' lang='lat' dir='ltr'>sequitur.</span> 
     </span>
    </p>
   </div>
   <div class='ocr_carea' id='block_1_56' title="bbox 1886 2658 3429 2738">
    <p class='ocr_par' dir='ltr' id='par_1_56' title="bbox 1886 2658 3429 2738">
     <span class='ocr_line' id='line_1_56' title="bbox 1886 2658 3429 2738; baseline 0.01 -28"><span class='ocrx_word' id='word_1_360' title='bbox 1886 2658 2048 2728; x_wconf 92' lang='lat' dir='ltr'>Deus,</span> <span class='ocrx_word' id='word_1_361' title='bbox 2079 2659 2177 2729; x_wconf 92' lang='lat' dir='ltr'>qui</span> <span class='ocrx_word' id='word_1_362' title='bbox 2203 2660 2406 2715; x_wconf 90' lang='lat' dir='ltr'>sanctis</span> <span class='ocrx_word' id='word_1_363' title='bbox 2430 2663 2540 2716; x_wconf 87' lang='lat' dir='ltr'>tuis</span> <span class='ocrx_word' id='word_1_364' title='bbox 2585 2664 3006 2719; x_wconf 83' lang='lat' dir='ltr'>Acauninsebus</span> <span class='ocrx_word' id='word_1_365' title='bbox 3048 2683 3153 2738; x_wconf 91' lang='lat' dir='ltr'>pro</span> <span class='ocrx_word' id='word_1_366' title='bbox 3191 2669 3429 2725; x_wconf 88' lang='lat' dir='ltr'>tuitione</span> 
     </span>
    </p>
   </div>
   <div class='ocr_carea' id='block_1_57' title="bbox 1813 2749 3426 2831">
    <p class='ocr_par' dir='ltr' id='par_1_57' title="bbox 1813 2749 3426 2831">
     <span class='ocr_line' id='line_1_57' title="bbox 1813 2749 3426 2831; baseline 0.009 -28"><span class='ocrx_word' id='word_1_367' title='bbox 1813 2749 2113 2804; x_wconf 87' lang='lat' dir='ltr'>Christiani</span> <span class='ocrx_word' id='word_1_368' title='bbox 2136 2753 2381 2807; x_wconf 91' lang='lat' dir='ltr'>nominis</span> <span class='ocrx_word' id='word_1_369' title='bbox 2400 2756 2802 2823; x_wconf 88' lang='lat' dir='ltr'>persecutionis</span> <span class='ocrx_word' id='word_1_370' title='bbox 2828 2756 3117 2812; x_wconf 87' lang='lat' dir='ltr'>audaciam</span> <span class='ocrx_word' id='word_1_371' title='bbox 3136 2763 3426 2831; x_wconf 90' lang='lat' dir='ltr'>sustulisti,</span> 
     </span>
    </p>
   </div>
   <div class='ocr_carea' id='block_1_58' title="bbox 1811 2845 3430 2921">
    <p class='ocr_par' dir='ltr' id='par_1_58' title="bbox 1811 2845 3430 2921">
     <span class='ocr_line' id='line_1_58' title="bbox 1811 2845 3430 2921; baseline 0.009 -27"><span class='ocrx_word' id='word_1_372' title='bbox 1811 2857 2121 2914; x_wconf 92' lang='lat' dir='ltr'>eorumque</span> <span class='ocrx_word' id='word_1_373' title='bbox 2145 2845 2400 2898; x_wconf 91' lang='lat' dir='ltr'>animum</span> <span class='ocrx_word' id='word_1_374' title='bbox 2430 2846 2499 2900; x_wconf 88' lang='lat' dir='ltr'>ad</span> <span class='ocrx_word' id='word_1_375' title='bbox 2529 2847 2958 2918; x_wconf 89' lang='lat' dir='ltr'>adepiscendam</span> <span class='ocrx_word' id='word_1_376' title='bbox 2991 2850 3281 2921; x_wconf 89' lang='lat' dir='ltr'>dignitatis</span> <span class='ocrx_word' id='word_1_377' title='bbox 3317 2859 3430 2909; x_wconf 67' lang='lat' dir='ltr'>tute</span> 
     </span>
    </p>
   </div>
   <div class='ocr_carea' id='block_1_59' title="bbox 1810 2934 3431 3018">
    <p class='ocr_par' dir='ltr' id='par_1_59' title="bbox 1810 2934 3431 3018">
     <span class='ocr_line' id='line_1_59' title="bbox 1810 2934 3431 3018; baseline 0.009 -33"><span class='ocrx_word' id='word_1_378' title='bbox 1810 2934 2080 3005; x_wconf 90' lang='lat' dir='ltr'>martyrio</span> <span class='ocrx_word' id='word_1_379' title='bbox 2099 2936 2534 3008; x_wconf 58' lang='lat' dir='ltr'>praefulgentem</span> <span class='ocrx_word' id='word_1_380' title='bbox 2551 2940 2785 3009; x_wconf 88' lang='lat' dir='ltr'>gratiam</span> <span class='ocrx_word' id='word_1_381' title='bbox 2801 2940 3065 3008; x_wconf 88' lang='lat' dir='ltr'>incitasti,</span> <span class='ocrx_word' id='word_1_382' title='bbox 3089 2945 3289 2998; x_wconf 89' lang='lat' dir='ltr'>exaudi</span> <span class='ocrx_word' id='word_1_383' title='bbox 3304 2963 3366 2999; x_wconf 91' lang='lat' dir='ltr'>su</span> <span class='ocrx_word' id='word_1_384' title='bbox 3372 2963 3431 3018; x_wconf 90' lang='lat' dir='ltr'>p-</span> 
     </span>
    </p>
   </div>
   <div class='ocr_carea' id='block_1_60' title="bbox 1807 3023 3426 3112">
    <p class='ocr_par' dir='ltr' id='par_1_60' title="bbox 1807 3023 3426 3112">
     <span class='ocr_line' id='line_1_60' title="bbox 1807 3023 3426 3112; baseline 0.011 -35"><span class='ocrx_word' id='word_1_385' title='bbox 1807 3023 1981 3095; x_wconf 89' lang='lat' dir='ltr'>plices</span> <span class='ocrx_word' id='word_1_386' title='bbox 2005 3032 2149 3095; x_wconf 89' lang='lat' dir='ltr'>tuos,</span> <span class='ocrx_word' id='word_1_387' title='bbox 2180 3033 2234 3084; x_wconf 91' lang='lat' dir='ltr'>et</span> <span class='ocrx_word' id='word_1_388' title='bbox 2261 3035 2466 3100; x_wconf 64' lang='lat' dir='ltr'>praesta</span> <span class='ocrx_word' id='word_1_389' title='bbox 2485 3035 2549 3084; x_wconf 86' lang='lat' dir='ltr'>ut</span> <span class='ocrx_word' id='word_1_390' title='bbox 2573 3031 2715 3086; x_wconf 90' lang='lat' dir='ltr'>sicut</span> <span class='ocrx_word' id='word_1_391' title='bbox 2742 3033 2822 3086; x_wconf 90' lang='lat' dir='ltr'>illi</span> <span class='ocrx_word' id='word_1_392' title='bbox 2848 3036 2945 3087; x_wconf 93' lang='lat' dir='ltr'>tuo</span> <span class='ocrx_word' id='word_1_393' title='bbox 2971 3050 3208 3090; x_wconf 91' lang='lat' dir='ltr'>munere</span> <span class='ocrx_word' id='word_1_394' title='bbox 3235 3035 3426 3112; x_wconf 82' lang='lat'>283</span> 
     </span>
    </p>
   </div>
   <div class='ocr_carea' id='block_1_61' title="bbox 1807 3121 3426 3199">
    <p class='ocr_par' dir='ltr' id='par_1_61' title="bbox 1807 3121 3426 3199">
     <span class='ocr_line' id='line_1_61' title="bbox 1807 3121 3426 3199; baseline 0.008 -29"><span class='ocrx_word' id='word_1_395' title='bbox 1807 3124 2138 3174; x_wconf 89' lang='lat' dir='ltr'>meruerunt</span> <span class='ocrx_word' id='word_1_396' title='bbox 2156 3121 2408 3176; x_wconf 86' lang='lat' dir='ltr'>beatifice</span> <span class='ocrx_word' id='word_1_397' title='bbox 2428 3124 2705 3190; x_wconf 90' lang='lat' dir='ltr'>coronari,</span> <span class='ocrx_word' id='word_1_398' title='bbox 2732 3123 2809 3178; x_wconf 89' lang='lat' dir='ltr'>ita</span> <span class='ocrx_word' id='word_1_399' title='bbox 2829 3141 3025 3180; x_wconf 91' lang='lat' dir='ltr'>eorum</span> <span class='ocrx_word' id='word_1_400' title='bbox 3051 3126 3330 3199; x_wconf 76' lang='lat' dir='ltr'>suffragiis</span> <span class='ocrx_word' id='word_1_401' title='bbox 3357 3130 3426 3184; x_wconf 89' lang='lat' dir='ltr'>ab</span> 
     </span>
    </p>
   </div>
   <div class='ocr_carea' id='block_1_62' title="bbox 101 3178 3424 3286">
    <p class='ocr_par' dir='ltr' id='par_1_62' title="bbox 101 3178 3424 3286">
     <span class='ocr_line' id='line_1_62' title="bbox 2690 3178 3422 3199; baseline 0.007 -20"><span class='ocrx_word' id='word_1_402' title='bbox 2690 3178 2704 3190; x_wconf 89' lang='grc'><strong><em>,</em></strong></span> <span class='ocrx_word' id='word_1_403' title='bbox 2899 3178 2908 3179; x_wconf 58' lang='lat'><strong><em>,</em></strong></span> <span class='ocrx_word' id='word_1_404' title='bbox 2969 3178 3025 3180; x_wconf 28' lang='lat' dir='ltr'>is</span> <span class='ocrx_word' id='word_1_405' title='bbox 3053 3178 3327 3199; x_wconf 30' lang='lat' dir='ltr'>“v-0---</span> <span class='ocrx_word' id='word_1_406' title='bbox 3360 3178 3422 3184; x_wconf 78' lang='lat'>__</span> 
     </span>
     <span class='ocr_line' id='line_1_63' title="bbox 101 3178 3424 3286; baseline 0.013 -52"><span class='ocrx_word' id='word_1_407' title='bbox 101 3178 196 3234; x_wconf 82' lang='lat' dir='ltr'>ritis</span> <span class='ocrx_word' id='word_1_408' title='bbox 219 3198 324 3237; x_wconf 91' lang='lat' dir='ltr'>non</span> <span class='ocrx_word' id='word_1_409' title='bbox 343 3185 712 3259; x_wconf 81' lang='lat' dir='ltr'>junguntur;</span> <span class='ocrx_word' id='word_1_410' title='bbox 742 3207 805 3244; x_wconf 91' lang='lat' dir='ltr'>ac</span> <span class='ocrx_word' id='word_1_411' title='bbox 834 3191 978 3246; x_wconf 90' lang='lat' dir='ltr'>sicut</span> <span class='ocrx_word' id='word_1_412' title='bbox 1000 3193 1093 3247; x_wconf 91' lang='lat' dir='ltr'>ille</span> <span class='ocrx_word' id='word_1_413' title='bbox 1115 3197 1240 3264; x_wconf 88' lang='lat' dir='ltr'>post</span> <span class='ocrx_word' id='word_1_414' title='bbox 1265 3197 1502 3251; x_wconf 89' lang='lat' dir='ltr'>carceris</span> <span class='ocrx_word' id='word_1_415' title='bbox 1521 3202 1700 3269; x_wconf 88' lang='lat' dir='ltr'>septa,</span> <span class='ocrx_word' id='word_1_416' title='bbox 1725 3200 1778 3273; x_wconf 72' lang='grc' dir='ltr'><strong>ρ</strong></span> <span class='ocrx_word' id='word_1_417' title='bbox 1804 3211 1960 3264; x_wconf 81' lang='lat' dir='ltr'>omni</span> <span class='ocrx_word' id='word_1_418' title='bbox 2007 3212 2337 3268; x_wconf 79' lang='lat' dir='ltr'>conluvione</span> <span class='ocrx_word' id='word_1_419' title='bbox 2373 3215 2604 3285; x_wconf 84' lang='lat' dir='ltr'>peccati,</span> <span class='ocrx_word' id='word_1_420' title='bbox 2650 3220 2705 3271; x_wconf 89' lang='lat' dir='ltr'>te</span> <span class='ocrx_word' id='word_1_421' title='bbox 2749 3217 3070 3286; x_wconf 85' lang='lat' dir='ltr'>auxiliante,</span> <span class='ocrx_word' id='word_1_422' title='bbox 3119 3220 3424 3277; x_wconf 87' lang='lat' dir='ltr'>reddamur</span> 
     </span>
    </p>
   </div>
   <div class='ocr_carea' id='block_1_63' title="bbox 99 3279 1704 3358">
    <p class='ocr_par' dir='ltr' id='par_1_63' title="bbox 99 3279 1704 3358">
     <span class='ocr_line' id='line_1_64' title="bbox 99 3279 1704 3358; baseline 0.012 -32"><span class='ocrx_word' id='word_1_423' title='bbox 99 3279 201 3340; x_wconf 83' lang='lat' dir='ltr'>post</span> <span class='ocrx_word' id='word_1_424' title='bbox 211 3291 498 3344; x_wconf 71' lang='lat' dir='ltr'>pcenarum</span> <span class='ocrx_word' id='word_1_425' title='bbox 513 3281 810 3353; x_wconf 88' lang='lat' dir='ltr'>ligamina,</span> <span class='ocrx_word' id='word_1_426' title='bbox 827 3290 1066 3356; x_wconf 89' lang='lat' dir='ltr'>postque</span> <span class='ocrx_word' id='word_1_427' title='bbox 1086 3287 1250 3341; x_wconf 88' lang='lat' dir='ltr'>famis</span> <span class='ocrx_word' id='word_1_428' title='bbox 1265 3288 1530 3358; x_wconf 89' lang='lat' dir='ltr'>inediam,</span> <span class='ocrx_word' id='word_1_429' title='bbox 1547 3296 1704 3345; x_wconf 57' lang='lat' dir='ltr'>ater-</span> 
     </span>
    </p>
   </div>
   <div class='ocr_carea' id='block_1_64' title="bbox 96 3363 1699 3450">
    <p class='ocr_par' dir='ltr' id='par_1_64' title="bbox 96 3363 1699 3450">
     <span class='ocr_line' id='line_1_65' title="bbox 96 3363 1699 3450; baseline 0.014 -33"><span class='ocrx_word' id='word_1_430' title='bbox 96 3363 262 3421; x_wconf 86' lang='lat' dir='ltr'>nitatis</span> <span class='ocrx_word' id='word_1_431' title='bbox 298 3373 510 3441; x_wconf 88' lang='lat' dir='ltr'>gaudia</span> <span class='ocrx_word' id='word_1_432' title='bbox 555 3375 787 3430; x_wconf 86' lang='lat' dir='ltr'>inﬁnita</span> <span class='ocrx_word' id='word_1_433' title='bbox 815 3377 1146 3450; x_wconf 86' lang='lat' dir='ltr'>perfruitur,</span> <span class='ocrx_word' id='word_1_434' title='bbox 1191 3382 1268 3435; x_wconf 80' lang='lat' dir='ltr'>ita</span> <span class='ocrx_word' id='word_1_435' title='bbox 1307 3382 1699 3440; x_wconf 90' lang='lat' dir='ltr'>defunctorum</span> 
     </span>
    </p>
   </div>
   <div class='ocr_carea' id='block_1_65' title="bbox 99 3458 1699 3549">
    <p class='ocr_par' dir='ltr' id='par_1_65' title="bbox 99 3458 1699 3549">
     <span class='ocr_line' id='line_1_66' title="bbox 99 3458 1699 3549; baseline 0.013 -37"><span class='ocrx_word' id='word_1_436' title='bbox 99 3458 292 3530; x_wconf 63' lang='lat' dir='ltr'>anima,</span> <span class='ocrx_word' id='word_1_437' title='bbox 319 3464 519 3521; x_wconf 85' lang='lat' dir='ltr'>laxatis</span> <span class='ocrx_word' id='word_1_438' title='bbox 544 3467 759 3523; x_wconf 88' lang='lat' dir='ltr'>inferni</span> <span class='ocrx_word' id='word_1_439' title='bbox 777 3471 1074 3542; x_wconf 80' lang='lat' dir='ltr'>pressaris,</span> <span class='ocrx_word' id='word_1_440' title='bbox 1101 3473 1341 3528; x_wconf 60' lang='lat' dir='ltr'>Abrahae</span> <span class='ocrx_word' id='word_1_441' title='bbox 1366 3477 1541 3547; x_wconf 89' lang='lat' dir='ltr'>patris</span> <span class='ocrx_word' id='word_1_442' title='bbox 1570 3493 1699 3549; x_wconf 88' lang='lat' dir='ltr'>gre-</span> 
     </span>
    </p>
   </div>
   <div class='ocr_carea' id='block_1_66' title="bbox 98 3551 1524 3640">
    <p class='ocr_par' dir='ltr' id='par_1_66' title="bbox 98 3551 1524 3640">
     <span class='ocr_line' id='line_1_67' title="bbox 98 3551 1524 3640; baseline 0.014 -36"><span class='ocrx_word' id='word_1_443' title='bbox 98 3551 192 3606; x_wconf 89' lang='lat' dir='ltr'>mio</span> <span class='ocrx_word' id='word_1_444' title='bbox 209 3557 587 3616; x_wconf 87' lang='lat' dir='ltr'>conlocentur.</span> <span class='ocrx_word' id='word_1_445' title='bbox 620 3562 780 3625; x_wconf 88' lang='lat' dir='ltr'>Quod</span> <span class='ocrx_word' id='word_1_446' title='bbox 803 3562 923 3634; x_wconf 88' lang='lat' dir='ltr'>ipse</span> <span class='ocrx_word' id='word_1_447' title='bbox 950 3571 1142 3635; x_wconf 79' lang='lat' dir='ltr'>praest.</span> <span class='ocrx_word' id='word_1_448' title='bbox 1174 3566 1440 3637; x_wconf 87' lang='lat' dir='ltr'>dignetur</span> <span class='ocrx_word' id='word_1_449' title='bbox 1467 3587 1524 3640; x_wconf 90' lang='lat' dir='ltr'>q.</span> 
     </span>
    </p>
   </div>
   <div class='ocr_carea' id='block_1_67' title="bbox 321 3654 1162 3720">
    <p class='ocr_par' dir='ltr' id='par_1_67' title="bbox 321 3654 1162 3720">
     <span class='ocr_line' id='line_1_68' title="bbox 321 3654 1162 3720; baseline 0.004 -16"><span class='ocrx_word' id='word_1_450' title='bbox 321 3699 329 3704; x_wconf 86' lang='lat'>.</span> <span class='ocrx_word' id='word_1_451' title='bbox 593 3654 844 3704; x_wconf 86' lang='lat' dir='ltr'>Collectio</span> <span class='ocrx_word' id='word_1_452' title='bbox 867 3655 933 3704; x_wconf 87' lang='lat' dir='ltr'>ad</span> <span class='ocrx_word' id='word_1_453' title='bbox 959 3671 1162 3720; x_wconf 91' lang='lat' dir='ltr'>pacem.</span> 
     </span>
    </p>
   </div>
   <div class='ocr_carea' id='block_1_68' title="bbox 153 3719 1698 3805">
    <p class='ocr_par' dir='ltr' id='par_1_68' title="bbox 153 3719 1698 3805">
     <span class='ocr_line' id='line_1_69' title="bbox 153 3719 1698 3805; baseline 0.011 -31"><span class='ocrx_word' id='word_1_454' title='bbox 153 3719 393 3795; x_wconf 87' lang='lat' dir='ltr'>Largitor</span> <span class='ocrx_word' id='word_1_455' title='bbox 418 3727 712 3783; x_wconf 90' lang='lat' dir='ltr'>bonorum</span> <span class='ocrx_word' id='word_1_456' title='bbox 750 3719 1027 3801; x_wconf 85' lang='lat' dir='ltr'>omnium,</span> <span class='ocrx_word' id='word_1_457' title='bbox 1060 3735 1224 3803; x_wconf 90' lang='lat' dir='ltr'>Deus,</span> <span class='ocrx_word' id='word_1_458' title='bbox 1265 3735 1363 3805; x_wconf 93' lang='lat' dir='ltr'>qui</span> <span class='ocrx_word' id='word_1_459' title='bbox 1399 3734 1548 3791; x_wconf 90' lang='lat' dir='ltr'>inter</span> <span class='ocrx_word' id='word_1_460' title='bbox 1577 3736 1698 3791; x_wconf 90' lang='lat' dir='ltr'>illas</span> 
     </span>
    </p>
   </div>
   <div class='ocr_carea' id='block_1_69' title="bbox 96 3821 1696 3898">
    <p class='ocr_par' dir='ltr' id='par_1_69' title="bbox 96 3821 1696 3898">
     <span class='ocr_line' id='line_1_70' title="bbox 96 3821 1696 3898; baseline 0.012 -32"><span class='ocrx_word' id='word_1_461' title='bbox 96 3821 375 3886; x_wconf 83' lang='lat' dir='ltr'>martyrum</span> <span class='ocrx_word' id='word_1_462' title='bbox 389 3822 818 3892; x_wconf 91' lang='lat' dir='ltr'>splendentium</span> <span class='ocrx_word' id='word_1_463' title='bbox 834 3824 998 3880; x_wconf 88' lang='lat' dir='ltr'>nivea</span> <span class='ocrx_word' id='word_1_464' title='bbox 1018 3826 1127 3880; x_wconf 87' lang='lat' dir='ltr'>ﬁde</span> <span class='ocrx_word' id='word_1_465' title='bbox 1149 3832 1416 3898; x_wconf 88' lang='lat' dir='ltr'>catervas,</span> <span class='ocrx_word' id='word_1_466' title='bbox 1429 3833 1545 3884; x_wconf 93' lang='lat' dir='ltr'>toto</span> <span class='ocrx_word' id='word_1_467' title='bbox 1564 3830 1696 3885; x_wconf 90' lang='lat' dir='ltr'>orbe</span> 
     </span>
    </p>
   </div>
   <div class='ocr_carea' id='block_1_70' title="bbox 95 3909 1694 3993">
    <p class='ocr_par' dir='ltr' id='par_1_70' title="bbox 95 3909 1694 3993">
     <span class='ocr_line' id='line_1_71' title="bbox 95 3909 1694 3993; baseline 0.012 -36"><span class='ocrx_word' id='word_1_468' title='bbox 95 3909 339 3965; x_wconf 85' lang='lat' dir='ltr'>terrarum</span> <span class='ocrx_word' id='word_1_469' title='bbox 361 3915 544 3985; x_wconf 86' lang='lat' dir='ltr'>gratia</span> <span class='ocrx_word' id='word_1_470' title='bbox 565 3922 899 3971; x_wconf 90' lang='lat' dir='ltr'>coruscante</span> <span class='ocrx_word' id='word_1_471' title='bbox 921 3918 1167 3986; x_wconf 78' lang='lat' dir='ltr'>diffusas,</span> <span class='ocrx_word' id='word_1_472' title='bbox 1191 3921 1499 3990; x_wconf 87' lang='lat' dir='ltr'>pretiosum</span> <span class='ocrx_word' id='word_1_473' title='bbox 1525 3939 1694 3993; x_wconf 85' lang='lat' dir='ltr'>pecu-</span> 
     </span>
    </p>
   </div>
   <div class='ocr_carea' id='block_1_71' title="bbox 97 3995 1691 4085">
    <p class='ocr_par' dir='ltr' id='par_1_71' title="bbox 97 3995 1691 4085">
     <span class='ocr_line' id='line_1_72' title="bbox 97 3995 1691 4085; baseline 0.011 -31"><span class='ocrx_word' id='word_1_474' title='bbox 97 3995 369 4074; x_wconf 82' lang='lat' dir='ltr'>liaremque</span> <span class='ocrx_word' id='word_1_475' title='bbox 406 4007 573 4061; x_wconf 92' lang='lat' dir='ltr'>nobis</span> <span class='ocrx_word' id='word_1_476' title='bbox 591 4009 824 4064; x_wconf 89' lang='lat' dir='ltr'>beatum</span> <span class='ocrx_word' id='word_1_477' title='bbox 850 4010 1236 4067; x_wconf 84' lang='lat' dir='ltr'>Sinfurianum</span> <span class='ocrx_word' id='word_1_478' title='bbox 1261 4017 1566 4085; x_wconf 89' lang='lat' dir='ltr'>martyrem</span> <span class='ocrx_word' id='word_1_479' title='bbox 1605 4015 1691 4071; x_wconf 93' lang='lat' dir='ltr'>in-</span> 
     </span>
    </p>
   </div>
   <div class='ocr_carea' id='block_1_72' title="bbox 96 4088 1693 4178">
    <p class='ocr_par' dir='ltr' id='par_1_72' title="bbox 96 4088 1693 4178">
     <span class='ocr_line' id='line_1_73' title="bbox 96 4088 1693 4178; baseline 0.013 -35"><span class='ocrx_word' id='word_1_480' title='bbox 96 4088 300 4165; x_wconf 88' lang='lat' dir='ltr'>dulsisti,</span> <span class='ocrx_word' id='word_1_481' title='bbox 327 4098 538 4169; x_wconf 88' lang='lat' dir='ltr'>largire</span> <span class='ocrx_word' id='word_1_482' title='bbox 565 4101 860 4157; x_wconf 88' lang='lat' dir='ltr'>cotidianis</span> <span class='ocrx_word' id='word_1_483' title='bbox 888 4104 1206 4175; x_wconf 89' lang='lat' dir='ltr'>supplicum</span> <span class='ocrx_word' id='word_1_484' title='bbox 1245 4105 1424 4178; x_wconf 76' lang='grc'>281</span> <span class='ocrx_word' id='word_1_485' title='bbox 1463 4113 1693 4163; x_wconf 91' lang='lat' dir='ltr'>tuorum</span> 
     </span>
    </p>
   </div>
   <div class='ocr_carea' id='block_1_73' title="bbox 96 4185 1690 4272">
    <p class='ocr_par' dir='ltr' id='par_1_73' title="bbox 96 4185 1690 4272">
     <span class='ocr_line' id='line_1_74' title="bbox 96 4185 1690 4272; baseline 0.013 -36"><span class='ocrx_word' id='word_1_486' title='bbox 96 4185 228 4255; x_wconf 80' lang='lat' dir='ltr'>votis,</span> <span class='ocrx_word' id='word_1_487' title='bbox 255 4194 318 4243; x_wconf 88' lang='lat' dir='ltr'>ut</span> <span class='ocrx_word' id='word_1_488' title='bbox 345 4190 406 4246; x_wconf 89' lang='lat' dir='ltr'>in</span> <span class='ocrx_word' id='word_1_489' title='bbox 441 4192 608 4264; x_wconf 90' lang='lat' dir='ltr'>cujus</span> <span class='ocrx_word' id='word_1_490' title='bbox 644 4195 784 4249; x_wconf 89' lang='lat' dir='ltr'>festa</span> <span class='ocrx_word' id='word_1_491' title='bbox 811 4195 1012 4252; x_wconf 87' lang='lat' dir='ltr'>devoto</span> <span class='ocrx_word' id='word_1_492' title='bbox 1044 4199 1361 4253; x_wconf 81' lang='lat' dir='ltr'>exultamus</span> <span class='ocrx_word' id='word_1_493' title='bbox 1401 4201 1690 4272; x_wconf 89' lang='lat' dir='ltr'>trepudio,</span> 
     </span>
    </p>
   </div>
   <div class='ocr_carea' id='block_1_74' title="bbox 92 4275 1693 4362">
    <p class='ocr_par' dir='ltr' id='par_1_74' title="bbox 92 4275 1693 4362">
     <span class='ocr_line' id='line_1_75' title="bbox 92 4275 1693 4362; baseline 0.014 -34"><span class='ocrx_word' id='word_1_494' title='bbox 92 4275 191 4345; x_wconf 86' lang='lat' dir='ltr'>ejus</span> <span class='ocrx_word' id='word_1_495' title='bbox 214 4279 266 4334; x_wconf 90' lang='lat' dir='ltr'>in</span> <span class='ocrx_word' id='word_1_496' title='bbox 283 4290 578 4353; x_wconf 89' lang='lat' dir='ltr'>posterum</span> <span class='ocrx_word' id='word_1_497' title='bbox 602 4288 886 4343; x_wconf 89' lang='lat' dir='ltr'>consortio</span> <span class='ocrx_word' id='word_1_498' title='bbox 912 4290 1035 4361; x_wconf 90' lang='lat' dir='ltr'>conj</span> <span class='ocrx_word' id='word_1_499' title='bbox 1045 4307 1360 4362; x_wconf 80' lang='lat' dir='ltr'>ungamur;</span> <span class='ocrx_word' id='word_1_500' title='bbox 1393 4293 1693 4349; x_wconf 88' lang='lat' dir='ltr'>hominum</span> 
     </span>
    </p>
   </div>
   <div class='ocr_carea' id='block_1_75' title="bbox 90 4371 1693 4455">
    <p class='ocr_par' dir='ltr' id='par_1_75' title="bbox 90 4371 1693 4455">
     <span class='ocr_line' id='line_1_76' title="bbox 90 4371 1693 4455; baseline 0.012 -32"><span class='ocrx_word' id='word_1_501' title='bbox 90 4371 265 4427; x_wconf 88' lang='lat' dir='ltr'>osculis</span> <span class='ocrx_word' id='word_1_502' title='bbox 297 4379 708 4450; x_wconf 89' lang='lat' dir='ltr'>corporalibus,</span> <span class='ocrx_word' id='word_1_503' title='bbox 736 4380 1081 4452; x_wconf 89' lang='lat' dir='ltr'>spiritalibus</span> <span class='ocrx_word' id='word_1_504' title='bbox 1119 4383 1340 4455; x_wconf 91' lang='lat' dir='ltr'>alligari</span> <span class='ocrx_word' id='word_1_505' title='bbox 1374 4401 1693 4442; x_wconf 88' lang='lat' dir='ltr'>mereamur</span> 
     </span>
    </p>
   </div>
   <div class='ocr_carea' id='block_1_76' title="bbox 91 4459 518 4528">
    <p class='ocr_par' dir='ltr' id='par_1_76' title="bbox 91 4459 518 4528">
     <span class='ocr_line' id='line_1_77' title="bbox 91 4459 518 4528; baseline 0.028 -13"><span class='ocrx_word' id='word_1_506' title='bbox 91 4459 366 4523; x_wconf 73' lang='lat' dir='ltr'>affectibus.</span> <span class='ocrx_word' id='word_1_507' title='bbox 389 4471 518 4528; x_wconf 86' lang='lat' dir='ltr'>Per.</span> 
     </span>
    </p>
   </div>
   <div class='ocr_carea' id='block_1_77' title="bbox 616 4543 1124 4596">
    <p class='ocr_par' dir='ltr' id='par_1_77' title="bbox 616 4543 1124 4596">
     <span class='ocr_line' id='line_1_78' title="bbox 616 4543 1124 4596; baseline 0.012 -6"><span class='ocrx_word' id='word_1_508' title='bbox 616 4543 907 4594; x_wconf 88' lang='lat' dir='ltr'>Immolatio</span> <span class='ocrx_word' id='word_1_509' title='bbox 935 4546 1124 4596; x_wconf 67' lang='lat' dir='ltr'>missas.</span> 
     </span>
    </p>
   </div>
   <div class='ocr_carea' id='block_1_78' title="bbox 144 4607 1686 4696">
    <p class='ocr_par' dir='ltr' id='par_1_78' title="bbox 144 4607 1686 4696">
     <span class='ocr_line' id='line_1_79' title="bbox 144 4607 1686 4696; baseline 0.013 -34"><span class='ocrx_word' id='word_1_510' title='bbox 144 4607 369 4680; x_wconf 89' lang='lat' dir='ltr'>Dignum</span> <span class='ocrx_word' id='word_1_511' title='bbox 394 4620 450 4670; x_wconf 91' lang='lat' dir='ltr'>et</span> <span class='ocrx_word' id='word_1_512' title='bbox 455 4617 688 4687; x_wconf 89' lang='lat' dir='ltr'>justum</span> <span class='ocrx_word' id='word_1_513' title='bbox 716 4624 819 4688; x_wconf 89' lang='lat' dir='ltr'>est,</span> <span class='ocrx_word' id='word_1_514' title='bbox 849 4636 1080 4694; x_wconf 66' lang='lat' dir='ltr'>aequum</span> <span class='ocrx_word' id='word_1_515' title='bbox 1105 4626 1161 4677; x_wconf 88' lang='lat' dir='ltr'>et</span> <span class='ocrx_word' id='word_1_516' title='bbox 1185 4622 1425 4679; x_wconf 89' lang='lat' dir='ltr'>salutare</span> <span class='ocrx_word' id='word_1_517' title='bbox 1455 4631 1556 4696; x_wconf 86' lang='lat' dir='ltr'>est,</span> <span class='ocrx_word' id='word_1_518' title='bbox 1587 4644 1686 4682; x_wconf 89' lang='lat' dir='ltr'>nos</span> 
     </span>
    </p>
   </div>
   <div class='ocr_carea' id='block_1_79' title="bbox 88 4697 1684 4783">
    <p class='ocr_par' dir='ltr' id='par_1_79' title="bbox 88 4697 1684 4783">
     <span class='ocr_line' id='line_1_80' title="bbox 88 4697 1684 4783; baseline 0.013 -30"><span class='ocrx_word' id='word_1_519' title='bbox 88 4697 171 4752; x_wconf 73' lang='lat' dir='ltr'>tibi</span> <span class='ocrx_word' id='word_1_520' title='bbox 198 4701 250 4757; x_wconf 93' lang='lat' dir='ltr'>in</span> <span class='ocrx_word' id='word_1_521' title='bbox 281 4704 498 4763; x_wconf 89' lang='lat' dir='ltr'>honore</span> <span class='ocrx_word' id='word_1_522' title='bbox 523 4709 674 4765; x_wconf 87' lang='lat' dir='ltr'>beati</span> <span class='ocrx_word' id='word_1_523' title='bbox 709 4713 974 4783; x_wconf 85' lang='lat' dir='ltr'>martyris</span> <span class='ocrx_word' id='word_1_524' title='bbox 1012 4714 1094 4768; x_wconf 89' lang='lat' dir='ltr'>tui</span> <span class='ocrx_word' id='word_1_525' title='bbox 1120 4715 1425 4771; x_wconf 79' lang='lat' dir='ltr'>Sinfuriani</span> <span class='ocrx_word' id='word_1_526' title='bbox 1453 4717 1684 4774; x_wconf 89' lang='lat' dir='ltr'>laudum</span> 
     </span>
    </p>
   </div>
   <div class='ocr_carea' id='block_1_80' title="bbox 87 4789 1685 4882">
    <p class='ocr_par' dir='ltr' id='par_1_80' title="bbox 87 4789 1685 4882">
     <span class='ocr_line' id='line_1_81' title="bbox 87 4789 1685 4882; baseline 0.015 -39"><span class='ocrx_word' id='word_1_527' title='bbox 87 4789 267 4849; x_wconf 86' lang='lat' dir='ltr'>hostias</span> <span class='ocrx_word' id='word_1_528' title='bbox 291 4799 606 4872; x_wconf 88' lang='lat' dir='ltr'>immolare,</span> <span class='ocrx_word' id='word_1_529' title='bbox 641 4803 874 4861; x_wconf 90' lang='lat' dir='ltr'>Domine</span> <span class='ocrx_word' id='word_1_530' title='bbox 901 4807 1043 4861; x_wconf 90' lang='lat' dir='ltr'>Deus</span> <span class='ocrx_word' id='word_1_531' title='bbox 1063 4812 1293 4864; x_wconf 68' lang='lat' dir='ltr'>ceterae.</span> <span class='ocrx_word' id='word_1_532' title='bbox 1322 4812 1384 4864; x_wconf 88' lang='lat' dir='ltr'>In</span> <span class='ocrx_word' id='word_1_533' title='bbox 1403 4812 1561 4882; x_wconf 90' lang='lat' dir='ltr'>cujus</span> <span class='ocrx_word' id='word_1_534' title='bbox 1585 4829 1685 4867; x_wconf 92' lang='lat' dir='ltr'>nos</span> 
     </span>
    </p>
   </div>
   <div class='ocr_carea' id='block_1_81' title="bbox 87 4885 1685 4975">
    <p class='ocr_par' dir='ltr' id='par_1_81' title="bbox 87 4885 1685 4975">
     <span class='ocr_line' id='line_1_82' title="bbox 87 4885 1685 4975; baseline 0.014 -37"><span class='ocrx_word' id='word_1_535' title='bbox 87 4885 428 4950; x_wconf 85' lang='lat' dir='ltr'>sollemnitate</span> <span class='ocrx_word' id='word_1_536' title='bbox 456 4895 742 4951; x_wconf 85' lang='lat' dir='ltr'>confortat</span> <span class='ocrx_word' id='word_1_537' title='bbox 760 4898 847 4952; x_wconf 92' lang='lat' dir='ltr'>vel</span> <span class='ocrx_word' id='word_1_538' title='bbox 879 4900 1019 4954; x_wconf 89' lang='lat' dir='ltr'>ratio</span> <span class='ocrx_word' id='word_1_539' title='bbox 1045 4901 1339 4957; x_wconf 84' lang='lat' dir='ltr'>manifesta</span> <span class='ocrx_word' id='word_1_540' title='bbox 1363 4920 1574 4975; x_wconf 86' lang='lat' dir='ltr'>rerum,</span> <span class='ocrx_word' id='word_1_541' title='bbox 1598 4905 1685 4961; x_wconf 87' lang='lat' dir='ltr'>vel</span> 
     </span>
    </p>
   </div>
   <div class='ocr_carea' id='block_1_82' title="bbox 86 4981 1684 5065">
    <p class='ocr_par' dir='ltr' id='par_1_82' title="bbox 86 4981 1684 5065">
     <span class='ocr_line' id='line_1_83' title="bbox 86 4981 1684 5065; baseline 0.014 -34"><span class='ocrx_word' id='word_1_542' title='bbox 86 4981 295 5038; x_wconf 88' lang='lat' dir='ltr'>eruditio</span> <span class='ocrx_word' id='word_1_543' title='bbox 313 4988 566 5055; x_wconf 83' lang='lat' dir='ltr'>perfecta</span> <span class='ocrx_word' id='word_1_544' title='bbox 583 4990 861 5045; x_wconf 90' lang='lat' dir='ltr'>virtutum</span> <span class='ocrx_word' id='word_1_545' title='bbox 880 5009 894 5046; x_wconf 90' lang='lat'><strong>:</strong></span> <span class='ocrx_word' id='word_1_546' title='bbox 917 4993 1016 5064; x_wconf 89' lang='lat' dir='ltr'>qui</span> <span class='ocrx_word' id='word_1_547' title='bbox 1035 4994 1327 5065; x_wconf 91' lang='lat' dir='ltr'>splendere</span> <span class='ocrx_word' id='word_1_548' title='bbox 1343 4998 1552 5053; x_wconf 87' lang='lat' dir='ltr'>meruit</span> <span class='ocrx_word' id='word_1_549' title='bbox 1571 5015 1684 5054; x_wconf 90' lang='lat' dir='ltr'>non</span> 
     </span>
    </p>
   </div>
   <div class='ocr_carea' id='block_1_83' title="bbox 87 5071 1683 5159">
    <p class='ocr_par' dir='ltr' id='par_1_83' title="bbox 87 5071 1683 5159">
     <span class='ocr_line' id='line_1_84' title="bbox 87 5071 1683 5159; baseline 0.016 -36"><span class='ocrx_word' id='word_1_550' title='bbox 87 5071 241 5130; x_wconf 87' lang='lat' dir='ltr'>solum</span> <span class='ocrx_word' id='word_1_551' title='bbox 274 5080 636 5138; x_wconf 76' lang='lat' dir='ltr'>terrenarum</span> <span class='ocrx_word' id='word_1_552' title='bbox 665 5084 915 5140; x_wconf 88' lang='lat' dir='ltr'>claritate</span> <span class='ocrx_word' id='word_1_553' title='bbox 956 5088 1248 5159; x_wconf 86' lang='lat' dir='ltr'>natalium,</span> <span class='ocrx_word' id='word_1_554' title='bbox 1283 5106 1480 5144; x_wconf 89' lang='lat' dir='ltr'>verum</span> <span class='ocrx_word' id='word_1_555' title='bbox 1515 5092 1683 5148; x_wconf 87' lang='lat' dir='ltr'>etiam</span> 
     </span>
    </p>
   </div>
   <div class='ocr_carea' id='block_1_84' title="bbox 87 5164 1682 5256">
    <p class='ocr_par' dir='ltr' id='par_1_84' title="bbox 87 5164 1682 5256">
     <span class='ocr_line' id='line_1_85' title="bbox 87 5164 1682 5256; baseline 0.014 -38"><span class='ocrx_word' id='word_1_556' title='bbox 87 5164 389 5227; x_wconf 84' lang='lat' dir='ltr'>sublimitate</span> <span class='ocrx_word' id='word_1_557' title='bbox 416 5177 734 5231; x_wconf 64' lang='lat' dir='ltr'>caelestium</span> <span class='ocrx_word' id='word_1_558' title='bbox 762 5178 1073 5250; x_wconf 76' lang='lat' dir='ltr'>virtutum;</span> <span class='ocrx_word' id='word_1_559' title='bbox 1107 5186 1162 5236; x_wconf 88' lang='lat' dir='ltr'>et</span> <span class='ocrx_word' id='word_1_560' title='bbox 1185 5181 1408 5237; x_wconf 72' lang='lat' dir='ltr'>Faustia</span> <span class='ocrx_word' id='word_1_561' title='bbox 1434 5184 1682 5256; x_wconf 89' lang='lat' dir='ltr'>fulgidus</span> 
     </span>
    </p>
   </div>
   <div class='ocr_carea' id='block_1_85' title="bbox 89 5264 1680 5341">
    <p class='ocr_par' dir='ltr' id='par_1_85' title="bbox 89 5264 1680 5341">
     <span class='ocr_line' id='line_1_86' title="bbox 89 5264 1680 5341; baseline 0.013 -29"><span class='ocrx_word' id='word_1_562' title='bbox 89 5271 280 5332; x_wconf 82' lang='lat' dir='ltr'>genere,</span> <span class='ocrx_word' id='word_1_563' title='bbox 308 5264 474 5322; x_wconf 82' lang='lat' dir='ltr'>fausti</span> <span class='ocrx_word' id='word_1_564' title='bbox 503 5270 770 5340; x_wconf 87' lang='lat' dir='ltr'>martyrii</span> <span class='ocrx_word' id='word_1_565' title='bbox 792 5271 1014 5327; x_wconf 89' lang='lat' dir='ltr'>levatur</span> <span class='ocrx_word' id='word_1_566' title='bbox 1035 5273 1095 5327; x_wconf 90' lang='lat' dir='ltr'>in</span> <span class='ocrx_word' id='word_1_567' title='bbox 1122 5274 1385 5330; x_wconf 89' lang='lat' dir='ltr'>culmine.</span> <span class='ocrx_word' id='word_1_568' title='bbox 1414 5277 1518 5341; x_wconf 85' lang='lat' dir='ltr'>Qui</span> <span class='ocrx_word' id='word_1_569' title='bbox 1544 5278 1680 5333; x_wconf 85' lang='lat' dir='ltr'>bea-</span> 
     </span>
    </p>
   </div>
   <div class='ocr_carea' id='block_1_86' title="bbox 88 5353 1684 5442">
    <p class='ocr_par' dir='ltr' id='par_1_86' title="bbox 88 5353 1684 5442">
     <span class='ocr_line' id='line_1_87' title="bbox 88 5353 1684 5442; baseline 0.015 -40"><span class='ocrx_word' id='word_1_570' title='bbox 88 5353 153 5402; x_wconf 87' lang='lat' dir='ltr'>tos</span> <span class='ocrx_word' id='word_1_571' title='bbox 180 5362 352 5423; x_wconf 84' lang='lat' dir='ltr'>patres</span> <span class='ocrx_word' id='word_1_572' title='bbox 394 5362 760 5418; x_wconf 84' lang='lat' dir='ltr'>Andochium</span> <span class='ocrx_word' id='word_1_573' title='bbox 803 5366 1232 5439; x_wconf 86' lang='lat' dir='ltr'>Benignumque</span> <span class='ocrx_word' id='word_1_574' title='bbox 1277 5374 1534 5436; x_wconf 86' lang='lat' dir='ltr'>secutus,</span> <span class='ocrx_word' id='word_1_575' title='bbox 1579 5387 1684 5442; x_wconf 91' lang='lat' dir='ltr'>per</span> 
     </span>
    </p>
   </div>
   <div class='ocr_carea' id='block_1_87' title="bbox 86 5450 1677 5533">
    <p class='ocr_par' dir='ltr' id='par_1_87' title="bbox 86 5450 1677 5533">
     <span class='ocr_line' id='line_1_88' title="bbox 86 5450 1677 5533; baseline 0.016 -39"><span class='ocrx_word' id='word_1_576' title='bbox 86 5450 305 5517; x_wconf 85' lang='lat' dir='ltr'>martyrii</span> <span class='ocrx_word' id='word_1_577' title='bbox 345 5452 712 5524; x_wconf 72' lang='lat' dir='ltr'>ﬂagrantiam</span> <span class='ocrx_word' id='word_1_578' title='bbox 751 5457 960 5514; x_wconf 89' lang='lat' dir='ltr'>electus</span> <span class='ocrx_word' id='word_1_579' title='bbox 999 5461 1253 5530; x_wconf 88' lang='lat' dir='ltr'>pervenit</span> <span class='ocrx_word' id='word_1_580' title='bbox 1291 5462 1361 5516; x_wconf 91' lang='lat' dir='ltr'>ad</span> <span class='ocrx_word' id='word_1_581' title='bbox 1385 5463 1677 5533; x_wconf 82' lang='lat' dir='ltr'>palmam;</span> 
     </span>
    </p>
   </div>
   <div class='ocr_carea' id='block_1_88' title="bbox 85 5537 1678 5626">
    <p class='ocr_par' dir='ltr' id='par_1_88' title="bbox 85 5537 1678 5626">
     <span class='ocr_line' id='line_1_89' title="bbox 85 5537 1678 5626; baseline 0.011 -32"><span class='ocrx_word' id='word_1_582' title='bbox 85 5537 165 5604; x_wconf 85' lang='lat' dir='ltr'>qui</span> <span class='ocrx_word' id='word_1_583' title='bbox 189 5539 314 5598; x_wconf 91' lang='lat' dir='ltr'>dum</span> <span class='ocrx_word' id='word_1_584' title='bbox 346 5548 732 5604; x_wconf 85' lang='lat' dir='ltr'>adﬂictionem</span> <span class='ocrx_word' id='word_1_585' title='bbox 759 5552 1013 5623; x_wconf 87' lang='lat' dir='ltr'>sequitur</span> <span class='ocrx_word' id='word_1_586' title='bbox 1039 5555 1428 5626; x_wconf 63' lang='lat' dir='ltr'>praesentium,</span> <span class='ocrx_word' id='word_1_587' title='bbox 1468 5555 1678 5611; x_wconf 88' lang='lat' dir='ltr'>instru-</span> 
     </span>
    </p>
   </div>
   <div class='ocr_carea' id='block_1_89' title="bbox 86 5628 1681 5721">
    <p class='ocr_par' dir='ltr' id='par_1_89' title="bbox 86 5628 1681 5721">
     <span class='ocr_line' id='line_1_90' title="bbox 86 5628 1681 5721; baseline 0.014 -39"><span class='ocrx_word' id='word_1_588' title='bbox 86 5628 294 5692; x_wconf 86' lang='lat' dir='ltr'>ctionem</span> <span class='ocrx_word' id='word_1_589' title='bbox 325 5640 510 5696; x_wconf 80' lang='lat' dir='ltr'>eﬂ‘ecit</span> <span class='ocrx_word' id='word_1_590' title='bbox 552 5646 937 5713; x_wconf 88' lang='lat' dir='ltr'>posterorum.</span> <span class='ocrx_word' id='word_1_591' title='bbox 975 5646 1042 5701; x_wconf 85' lang='lat' dir='ltr'>Et</span> <span class='ocrx_word' id='word_1_592' title='bbox 1071 5652 1332 5703; x_wconf 88' lang='lat' dir='ltr'>materno</span> <span class='ocrx_word' id='word_1_593' title='bbox 1381 5649 1681 5721; x_wconf 87' lang='lat' dir='ltr'>conloquio</span> 
     </span>
    </p>
   </div>
   <div class='ocr_carea' id='block_1_90' title="bbox 149 5759 1682 5848">
    <p class='ocr_par' dir='ltr' id='par_1_90' title="bbox 149 5759 1682 5848">
     <span class='ocr_line' id='line_1_91' title="bbox 149 5759 1682 5848; baseline -0.007 -3"><span class='ocrx_word' id='word_1_594' title='bbox 149 5759 420 5848; x_wconf 52' lang='grc' dir='ltr'>ζξωέδιυδε</span> <span class='ocrx_word' id='word_1_595' title='bbox 447 5771 851 5848; x_wconf 60' lang='lat' dir='ltr'>Symphoriani</span> <span class='ocrx_word' id='word_1_596' title='bbox 881 5779 1061 5847; x_wconf 88' lang='lat' dir='ltr'>pater,</span> <span class='ocrx_word' id='word_1_597' title='bbox 1090 5793 1296 5847; x_wconf 85' lang='lat' dir='ltr'>genere</span> <span class='ocrx_word' id='word_1_598' title='bbox 1319 5778 1570 5848; x_wconf 85' lang='lat' dir='ltr'>illustris,</span> <span class='ocrx_word' id='word_1_599' title='bbox 1613 5795 1682 5835; x_wconf 85' lang='lat' dir='ltr'>ex</span> 
     </span>
    </p>
   </div>
   <div class='ocr_carea' id='block_1_91' title="bbox 91 5827 693 5898">
    <p class='ocr_par' dir='ltr' id='par_1_91' title="bbox 91 5827 693 5898">
     <span class='ocr_line' id='line_1_92' title="bbox 91 5827 693 5898; baseline 0.04 -24"><span class='ocrx_word' id='word_1_600' title='bbox 91 5827 210 5883; x_wconf 73' lang='lat' dir='ltr'>Actis</span> <span class='ocrx_word' id='word_1_601' title='bbox 240 5841 292 5892; x_wconf 90' lang='lat' dir='ltr'>et</span> <span class='ocrx_word' id='word_1_602' title='bbox 317 5855 384 5893; x_wconf 87' lang='lat' dir='ltr'>ex</span> <span class='ocrx_word' id='word_1_603' title='bbox 404 5827 513 5897; x_wconf 69' lang='lat' dir='ltr'>hoc</span> <span class='ocrx_word' id='word_1_604' title='bbox 541 5827 693 5898; x_wconf 47' lang='lat' dir='ltr'>lo‘co.</span> 
     </span>
    </p>
   </div>
   <div class='ocr_carea' id='block_1_92' title="bbox 1800 3301 2509 3359">
    <p class='ocr_par' dir='ltr' id='par_1_92' title="bbox 1800 3301 2509 3359">
     <span class='ocr_line' id='line_1_93' title="bbox 1800 3301 2509 3359; baseline 0.006 -4"><span class='ocrx_word' id='word_1_605' title='bbox 1800 3301 2034 3357; x_wconf 90' lang='lat' dir='ltr'>innoxii.</span> <span class='ocrx_word' id='word_1_606' title='bbox 2067 3305 2172 3358; x_wconf 91' lang='lat' dir='ltr'>Per</span> <span class='ocrx_word' id='word_1_607' title='bbox 2189 3305 2509 3359; x_wconf 89' lang='lat' dir='ltr'>Dominum.</span> 
     </span>
    </p>
   </div>
   <div class='ocr_carea' id='block_1_93' title="bbox 2294 3393 2926 3456">
    <p class='ocr_par' dir='ltr' id='par_1_93' title="bbox 2294 3393 2926 3456">
     <span class='ocr_line' id='line_1_94' title="bbox 2294 3393 2926 3456; baseline 0.006 -15"><span class='ocrx_word' id='word_1_608' title='bbox 2294 3393 2536 3442; x_wconf 87' lang='lat' dir='ltr'>Collectio</span> <span class='ocrx_word' id='word_1_609' title='bbox 2559 3397 2677 3456; x_wconf 89' lang='lat' dir='ltr'>post</span> <span class='ocrx_word' id='word_1_610' title='bbox 2697 3395 2926 3446; x_wconf 87' lang='lat' dir='ltr'>nomina.</span> 
     </span>
    </p>
   </div>
   <div class='ocr_carea' id='block_1_94' title="bbox 1867 3465 3420 3542">
    <p class='ocr_par' dir='ltr' id='par_1_94' title="bbox 1867 3465 3420 3542">
     <span class='ocr_line' id='line_1_95' title="bbox 1867 3465 3420 3542; baseline 0.006 -22"><span class='ocrx_word' id='word_1_611' title='bbox 1867 3465 2085 3521; x_wconf 87' lang='lat' dir='ltr'>Auditis</span> <span class='ocrx_word' id='word_1_612' title='bbox 2102 3466 2426 3522; x_wconf 89' lang='lat' dir='ltr'>nominibus</span> <span class='ocrx_word' id='word_1_613' title='bbox 2441 3484 2699 3522; x_wconf 88' lang='lat' dir='ltr'>carorum</span> <span class='ocrx_word' id='word_1_614' title='bbox 2716 3474 3056 3540; x_wconf 88' lang='lat' dir='ltr'>nostrorum,</span> <span class='ocrx_word' id='word_1_615' title='bbox 3075 3473 3420 3542; x_wconf 88' lang='lat' dir='ltr'>omnipoten-</span> 
     </span>
    </p>
   </div>
   <div class='ocr_carea' id='block_1_95' title="bbox 1798 3559 3418 3631">
    <p class='ocr_par' dir='ltr' id='par_1_95' title="bbox 1798 3559 3418 3631">
     <span class='ocr_line' id='line_1_96' title="bbox 1798 3559 3418 3631; baseline 0.006 -20"><span class='ocrx_word' id='word_1_616' title='bbox 1798 3561 1914 3612; x_wconf 88' lang='lat' dir='ltr'>tem</span> <span class='ocrx_word' id='word_1_617' title='bbox 1958 3559 2261 3613; x_wconf 90' lang='lat' dir='ltr'>Dominum</span> <span class='ocrx_word' id='word_1_618' title='bbox 2287 3560 2674 3631; x_wconf 86' lang='lat' dir='ltr'>deprecemur,</span> <span class='ocrx_word' id='word_1_619' title='bbox 2703 3566 2764 3615; x_wconf 91' lang='lat' dir='ltr'>ut</span> <span class='ocrx_word' id='word_1_620' title='bbox 2785 3561 2964 3631; x_wconf 86' lang='lat' dir='ltr'>plebis</span> <span class='ocrx_word' id='word_1_621' title='bbox 2992 3579 3108 3616; x_wconf 69' lang='lat' dir='ltr'>suae</span> <span class='ocrx_word' id='word_1_622' title='bbox 3137 3565 3418 3620; x_wconf 88' lang='lat' dir='ltr'>ministro-</span> 
     </span>
    </p>
   </div>
   <div class='ocr_carea' id='block_1_96' title="bbox 1797 3651 3415 3727">
    <p class='ocr_par' dir='ltr' id='par_1_96' title="bbox 1797 3651 3415 3727">
     <span class='ocr_line' id='line_1_97' title="bbox 1797 3651 3415 3727; baseline 0.006 -24"><span class='ocrx_word' id='word_1_623' title='bbox 1797 3665 2037 3721; x_wconf 91' lang='lat' dir='ltr'>rumque</span> <span class='ocrx_word' id='word_1_624' title='bbox 2064 3655 2188 3706; x_wconf 88' lang='lat' dir='ltr'>vota</span> <span class='ocrx_word' id='word_1_625' title='bbox 2215 3651 2538 3722; x_wconf 89' lang='lat' dir='ltr'>suscipiens,</span> <span class='ocrx_word' id='word_1_626' title='bbox 2571 3651 2881 3707; x_wconf 87' lang='lat' dir='ltr'>oblationes</span> <span class='ocrx_word' id='word_1_627' title='bbox 2909 3659 3144 3724; x_wconf 89' lang='lat' dir='ltr'>nostras,</span> <span class='ocrx_word' id='word_1_628' title='bbox 3175 3672 3314 3727; x_wconf 90' lang='lat' dir='ltr'>quas</span> <span class='ocrx_word' id='word_1_629' title='bbox 3353 3656 3415 3712; x_wconf 85' lang='lat' dir='ltr'>in</span> 
     </span>
    </p>
   </div>
   <div class='ocr_carea' id='block_1_97' title="bbox 1797 3744 3412 3820">
    <p class='ocr_par' dir='ltr' id='par_1_97' title="bbox 1797 3744 3412 3820">
     <span class='ocr_line' id='line_1_98' title="bbox 1797 3744 3412 3820; baseline 0.004 -23"><span class='ocrx_word' id='word_1_630' title='bbox 1797 3744 2392 3798; x_wconf 89' lang='lat' dir='ltr'>commemorationem</span> <span class='ocrx_word' id='word_1_631' title='bbox 2420 3749 2741 3799; x_wconf 90' lang='lat' dir='ltr'>sanctorum</span> <span class='ocrx_word' id='word_1_632' title='bbox 2767 3745 3185 3817; x_wconf 84' lang='lat' dir='ltr'>Acauninsium,</span> <span class='ocrx_word' id='word_1_633' title='bbox 3219 3765 3284 3803; x_wconf 86' lang='lat' dir='ltr'>ac</span> <span class='ocrx_word' id='word_1_634' title='bbox 3306 3765 3412 3820; x_wconf 91' lang='lat' dir='ltr'>pro</span> 
     </span>
    </p>
   </div>
   <div class='ocr_carea' id='block_1_98' title="bbox 1796 3835 3412 3907">
    <p class='ocr_par' dir='ltr' id='par_1_98' title="bbox 1796 3835 3412 3907">
     <span class='ocr_line' id='line_1_99' title="bbox 1796 3835 3412 3907; baseline 0.004 -18"><span class='ocrx_word' id='word_1_635' title='bbox 1796 3835 2081 3905; x_wconf 88' lang='lat' dir='ltr'>spiritibus</span> <span class='ocrx_word' id='word_1_636' title='bbox 2118 3853 2379 3891; x_wconf 88' lang='lat' dir='ltr'>carorum</span> <span class='ocrx_word' id='word_1_637' title='bbox 2409 3841 2734 3892; x_wconf 89' lang='lat' dir='ltr'>nostrorum</span> <span class='ocrx_word' id='word_1_638' title='bbox 2758 3837 3063 3907; x_wconf 78' lang='lat' dir='ltr'>offerimus,</span> <span class='ocrx_word' id='word_1_639' title='bbox 3094 3839 3154 3894; x_wconf 91' lang='lat' dir='ltr'>in</span> <span class='ocrx_word' id='word_1_640' title='bbox 3181 3841 3412 3896; x_wconf 90' lang='lat' dir='ltr'>odorem</span> 
     </span>
    </p>
   </div>
   <div class='ocr_carea' id='block_1_99' title="bbox 1794 3927 3411 4001">
    <p class='ocr_par' dir='ltr' id='par_1_99' title="bbox 1794 3927 3411 4001">
     <span class='ocr_line' id='line_1_100' title="bbox 1794 3927 3411 4001; baseline 0.005 -19"><span class='ocrx_word' id='word_1_641' title='bbox 1794 3927 1957 3982; x_wconf 81' lang='lat' dir='ltr'>bonae</span> <span class='ocrx_word' id='word_1_642' title='bbox 1987 3929 2273 3984; x_wconf 88' lang='lat' dir='ltr'>suavitatis</span> <span class='ocrx_word' id='word_1_643' title='bbox 2314 3929 2567 4000; x_wconf 88' lang='lat' dir='ltr'>accipiat.</span> <span class='ocrx_word' id='word_1_644' title='bbox 2614 3931 2766 3984; x_wconf 91' lang='lat' dir='ltr'>Unde</span> <span class='ocrx_word' id='word_1_645' title='bbox 2802 3931 3079 4001; x_wconf 88' lang='lat' dir='ltr'>supplices</span> <span class='ocrx_word' id='word_1_646' title='bbox 3114 3932 3308 4000; x_wconf 89' lang='lat' dir='ltr'>simus,</span> <span class='ocrx_word' id='word_1_647' title='bbox 3347 3940 3411 3989; x_wconf 90' lang='lat' dir='ltr'>ut</span> 
     </span>
    </p>
   </div>
   <div class='ocr_carea' id='block_1_100' title="bbox 1793 4020 3407 4098">
    <p class='ocr_par' dir='ltr' id='par_1_100' title="bbox 1793 4020 3407 4098">
     <span class='ocr_line' id='line_1_101' title="bbox 1793 4020 3407 4098; baseline 0.005 -24"><span class='ocrx_word' id='word_1_648' title='bbox 1793 4020 2246 4076; x_wconf 89' lang='lat' dir='ltr'>beatissimorum</span> <span class='ocrx_word' id='word_1_649' title='bbox 2295 4023 2764 4094; x_wconf 88' lang='lat' dir='ltr'>patriarcharum,</span> <span class='ocrx_word' id='word_1_650' title='bbox 2801 4024 3231 4096; x_wconf 88' lang='lat' dir='ltr'>prophetarum,</span> <span class='ocrx_word' id='word_1_651' title='bbox 3271 4043 3407 4098; x_wconf 87' lang='lat' dir='ltr'>apo-</span> 
     </span>
    </p>
   </div>
   <div class='ocr_carea' id='block_1_101' title="bbox 1793 4115 3409 4191">
    <p class='ocr_par' dir='ltr' id='par_1_101' title="bbox 1793 4115 3409 4191">
     <span class='ocr_line' id='line_1_102' title="bbox 1793 4115 3409 4191; baseline 0.004 -23"><span class='ocrx_word' id='word_1_652' title='bbox 1793 4115 2080 4184; x_wconf 89' lang='lat' dir='ltr'>stolorum,</span> <span class='ocrx_word' id='word_1_653' title='bbox 2108 4120 2162 4170; x_wconf 90' lang='lat' dir='ltr'>et</span> <span class='ocrx_word' id='word_1_654' title='bbox 2180 4121 2512 4187; x_wconf 88' lang='lat' dir='ltr'>martyrum,</span> <span class='ocrx_word' id='word_1_655' title='bbox 2541 4115 2911 4188; x_wconf 90' lang='lat' dir='ltr'>omniumque</span> <span class='ocrx_word' id='word_1_656' title='bbox 2945 4122 3267 4174; x_wconf 90' lang='lat' dir='ltr'>sanctorum</span> <span class='ocrx_word' id='word_1_657' title='bbox 3301 4119 3409 4191; x_wconf 88' lang='lat' dir='ltr'>piis</span> 
     </span>
    </p>
   </div>
   <div class='ocr_carea' id='block_1_102' title="bbox 1791 4199 2574 4278">
    <p class='ocr_par' dir='ltr' id='par_1_102' title="bbox 1791 4199 2574 4278">
     <span class='ocr_line' id='line_1_103' title="bbox 1791 4199 2574 4278; baseline 0.001 -17"><span class='ocrx_word' id='word_1_658' title='bbox 1791 4207 2051 4278; x_wconf 88' lang='lat' dir='ltr'>precibus</span> <span class='ocrx_word' id='word_1_659' title='bbox 2076 4199 2426 4278; x_wconf 78' lang='lat' dir='ltr'>adjuvemur.</span> <span class='ocrx_word' id='word_1_660' title='bbox 2456 4210 2574 4263; x_wconf 89' lang='lat' dir='ltr'>Per.</span> 
     </span>
    </p>
   </div>
   <div class='ocr_carea' id='block_1_103' title="bbox 2312 4295 2879 4359">
    <p class='ocr_par' dir='ltr' id='par_1_103' title="bbox 2312 4295 2879 4359">
     <span class='ocr_line' id='line_1_104' title="bbox 2312 4295 2879 4359; baseline 0.004 -14"><span class='ocrx_word' id='word_1_661' title='bbox 2312 4296 2558 4345; x_wconf 88' lang='lat' dir='ltr'>Collectio</span> <span class='ocrx_word' id='word_1_662' title='bbox 2580 4295 2646 4345; x_wconf 88' lang='lat' dir='ltr'>ad</span> <span class='ocrx_word' id='word_1_663' title='bbox 2678 4309 2879 4359; x_wconf 86' lang='lat' dir='ltr'>pacem.</span> 
     </span>
    </p>
   </div>
   <div class='ocr_carea' id='block_1_104' title="bbox 1861 4370 3475 4442">
    <p class='ocr_par' dir='ltr' id='par_1_104' title="bbox 1861 4370 3475 4442">
     <span class='ocr_line' id='line_1_105' title="bbox 1861 4370 3475 4442; baseline 0.002 -18"><span class='ocrx_word' id='word_1_664' title='bbox 1861 4370 2024 4440; x_wconf 91' lang='lat' dir='ltr'>Deus,</span> <span class='ocrx_word' id='word_1_665' title='bbox 2057 4370 2146 4425; x_wconf 92' lang='lat' dir='ltr'>cui</span> <span class='ocrx_word' id='word_1_666' title='bbox 2172 4371 2620 4442; x_wconf 87' lang='lat' dir='ltr'>acceptissimum</span> <span class='ocrx_word' id='word_1_667' title='bbox 2646 4387 2711 4426; x_wconf 89' lang='lat' dir='ltr'>ac</span> <span class='ocrx_word' id='word_1_668' title='bbox 2728 4371 3204 4442; x_wconf 90' lang='lat' dir='ltr'>jucundissimum</span> <span class='ocrx_word' id='word_1_669' title='bbox 3228 4374 3401 4428; x_wconf 87' lang='lat' dir='ltr'>sacri-</span> <span class='ocrx_word' id='word_1_670' title='bbox 3471 4414 3475 4420; x_wconf 89' lang='lat'>.</span> 
     </span>
    </p>
   </div>
   <div class='ocr_carea' id='block_1_105' title="bbox 1789 4463 3399 4536">
    <p class='ocr_par' dir='ltr' id='par_1_105' title="bbox 1789 4463 3399 4536">
     <span class='ocr_line' id='line_1_106' title="bbox 1789 4463 3399 4536; baseline -0.001 -17"><span class='ocrx_word' id='word_1_671' title='bbox 1789 4463 1980 4519; x_wconf 88' lang='lat' dir='ltr'>ﬁcium</span> <span class='ocrx_word' id='word_1_672' title='bbox 2027 4468 2110 4518; x_wconf 91' lang='lat' dir='ltr'>est</span> <span class='ocrx_word' id='word_1_673' title='bbox 2152 4469 2472 4518; x_wconf 88' lang='lat' dir='ltr'>sanctorum</span> <span class='ocrx_word' id='word_1_674' title='bbox 2516 4469 2743 4518; x_wconf 87' lang='lat' dir='ltr'>tuorum</span> <span class='ocrx_word' id='word_1_675' title='bbox 2778 4463 2916 4518; x_wconf 91' lang='lat' dir='ltr'>ﬁdes</span> <span class='ocrx_word' id='word_1_676' title='bbox 2955 4469 3123 4536; x_wconf 91' lang='lat' dir='ltr'>atque</span> <span class='ocrx_word' id='word_1_677' title='bbox 3161 4465 3399 4531; x_wconf 89' lang='lat' dir='ltr'>devotio,</span> 
     </span>
    </p>
   </div>
   <div class='ocr_carea' id='block_1_106' title="bbox 1707 4555 3400 4630">
    <p class='ocr_par' dir='ltr' id='par_1_106' title="bbox 1707 4555 3400 4630">
     <span class='ocr_line' id='line_1_107' title="bbox 1707 4555 3400 4630; baseline -0.001 -17"><span class='ocrx_word' id='word_1_678' title='bbox 1707 4557 1766 4630; x_wconf 81' lang='grc' dir='ltr'><strong>Ι)</strong></span> <span class='ocrx_word' id='word_1_679' title='bbox 1791 4558 1978 4613; x_wconf 86' lang='lat' dir='ltr'>adesto</span> <span class='ocrx_word' id='word_1_680' title='bbox 1993 4556 2225 4612; x_wconf 69' lang='lat' dir='ltr'>familiae</span> <span class='ocrx_word' id='word_1_681' title='bbox 2246 4561 2357 4611; x_wconf 76' lang='lat' dir='ltr'>tuae</span> <span class='ocrx_word' id='word_1_682' title='bbox 2381 4556 2482 4610; x_wconf 92' lang='lat' dir='ltr'>tibi</span> <span class='ocrx_word' id='word_1_683' title='bbox 2497 4555 2753 4626; x_wconf 85' lang='lat' dir='ltr'>supplici,</span> <span class='ocrx_word' id='word_1_684' title='bbox 2783 4555 3220 4611; x_wconf 88' lang='lat' dir='ltr'>misericordiam</span> <span class='ocrx_word' id='word_1_685' title='bbox 3248 4560 3400 4611; x_wconf 88' lang='lat' dir='ltr'>tuam</span> 
     </span>
    </p>
   </div>
   <div class='ocr_carea' id='block_1_107' title="bbox 1783 4647 3399 4722">
    <p class='ocr_par' dir='ltr' id='par_1_107' title="bbox 1783 4647 3399 4722">
     <span class='ocr_line' id='line_1_108' title="bbox 1783 4647 3399 4722; baseline 0 -18"><span class='ocrx_word' id='word_1_686' title='bbox 1783 4667 1886 4722; x_wconf 93' lang='lat' dir='ltr'>per</span> <span class='ocrx_word' id='word_1_687' title='bbox 1928 4655 2252 4704; x_wconf 90' lang='lat' dir='ltr'>sanctorum</span> <span class='ocrx_word' id='word_1_688' title='bbox 2291 4655 2520 4704; x_wconf 87' lang='lat' dir='ltr'>tuorum</span> <span class='ocrx_word' id='word_1_689' title='bbox 2553 4647 2955 4703; x_wconf 86' lang='lat' dir='ltr'>Acauninsium</span> <span class='ocrx_word' id='word_1_690' title='bbox 2998 4649 3268 4721; x_wconf 72' lang='lat' dir='ltr'>suffragia</span> <span class='ocrx_word' id='word_1_691' title='bbox 3305 4667 3399 4720; x_wconf 76' lang='lat' dir='ltr'>po-</span> 
     </span>
    </p>
   </div>
   <div class='ocr_carea' id='block_1_108' title="bbox 1783 4741 3399 4813">
    <p class='ocr_par' dir='ltr' id='par_1_108' title="bbox 1783 4741 3399 4813">
     <span class='ocr_line' id='line_1_109' title="bbox 1783 4741 3399 4813; baseline 0 -17"><span class='ocrx_word' id='word_1_692' title='bbox 1783 4743 2038 4810; x_wconf 86' lang='lat' dir='ltr'>stulanti;</span> <span class='ocrx_word' id='word_1_693' title='bbox 2068 4747 2123 4797; x_wconf 90' lang='lat' dir='ltr'>et</span> <span class='ocrx_word' id='word_1_694' title='bbox 2147 4742 2220 4796; x_wconf 89' lang='lat' dir='ltr'>da</span> <span class='ocrx_word' id='word_1_695' title='bbox 2246 4745 2310 4796; x_wconf 92' lang='lat' dir='ltr'>ut</span> <span class='ocrx_word' id='word_1_696' title='bbox 2334 4741 2430 4813; x_wconf 90' lang='lat' dir='ltr'>qui</span> <span class='ocrx_word' id='word_1_697' title='bbox 2454 4746 2508 4796; x_wconf 91' lang='lat' dir='ltr'>te</span> <span class='ocrx_word' id='word_1_698' title='bbox 2534 4744 2895 4812; x_wconf 90' lang='lat' dir='ltr'>peccatorum</span> <span class='ocrx_word' id='word_1_699' title='bbox 2931 4757 3163 4797; x_wconf 90' lang='lat' dir='ltr'>suorum</span> <span class='ocrx_word' id='word_1_700' title='bbox 3208 4758 3399 4798; x_wconf 90' lang='lat' dir='ltr'>errore</span> 
     </span>
    </p>
   </div>
   <div class='ocr_carea' id='block_1_109' title="bbox 1781 4834 3399 4906">
    <p class='ocr_par' dir='ltr' id='par_1_109' title="bbox 1781 4834 3399 4906">
     <span class='ocr_line' id='line_1_110' title="bbox 1781 4834 3399 4906; baseline -0.001 -17"><span class='ocrx_word' id='word_1_701' title='bbox 1781 4836 2067 4904; x_wconf 65' lang='lat' dir='ltr'>laeserunt,</span> <span class='ocrx_word' id='word_1_702' title='bbox 2106 4835 2325 4906; x_wconf 92' lang='lat' dir='ltr'>placere</span> <span class='ocrx_word' id='word_1_703' title='bbox 2349 4834 2452 4888; x_wconf 90' lang='lat' dir='ltr'>tibi</span> <span class='ocrx_word' id='word_1_704' title='bbox 2479 4850 2582 4905; x_wconf 89' lang='lat' dir='ltr'>per</span> <span class='ocrx_word' id='word_1_705' title='bbox 2604 4839 2924 4890; x_wconf 89' lang='lat' dir='ltr'>sanctorum</span> <span class='ocrx_word' id='word_1_706' title='bbox 2965 4839 3192 4890; x_wconf 89' lang='lat' dir='ltr'>tuorum</span> <span class='ocrx_word' id='word_1_707' title='bbox 3232 4835 3399 4890; x_wconf 87' lang='lat' dir='ltr'>inter—</span> 
     </span>
    </p>
   </div>
   <div class='ocr_carea' id='block_1_110' title="bbox 1784 4929 2606 4984">
    <p class='ocr_par' dir='ltr' id='par_1_110' title="bbox 1784 4929 2606 4984">
     <span class='ocr_line' id='line_1_111' title="bbox 1784 4929 2606 4984; baseline -0.001 -1"><span class='ocrx_word' id='word_1_708' title='bbox 1784 4929 2084 4984; x_wconf 91' lang='lat' dir='ltr'>cessionem</span> <span class='ocrx_word' id='word_1_709' title='bbox 2111 4933 2454 4984; x_wconf 88' lang='lat' dir='ltr'>mereantur.</span> <span class='ocrx_word' id='word_1_710' title='bbox 2482 4929 2606 4983; x_wconf 90' lang='lat' dir='ltr'>Per.</span> 
     </span>
    </p>
   </div>
   <div class='ocr_carea' id='block_1_111' title="bbox 2349 5018 2840 5070">
    <p class='ocr_par' dir='ltr' id='par_1_111' title="bbox 2349 5018 2840 5070">
     <span class='ocr_line' id='line_1_112' title="bbox 2349 5018 2840 5070; baseline -0.004 0"><span class='ocrx_word' id='word_1_711' title='bbox 2349 5019 2634 5070; x_wconf 86' lang='lat' dir='ltr'>Immolatio</span> <span class='ocrx_word' id='word_1_712' title='bbox 2654 5018 2840 5069; x_wconf 62' lang='lat' dir='ltr'>missa.</span> 
     </span>
    </p>
   </div>
   <div class='ocr_carea' id='block_1_112' title="bbox 1851 5092 3401 5167">
    <p class='ocr_par' dir='ltr' id='par_1_112' title="bbox 1851 5092 3401 5167">
     <span class='ocr_line' id='line_1_113' title="bbox 1851 5092 3401 5167; baseline -0.001 -18"><span class='ocrx_word' id='word_1_713' title='bbox 1851 5096 2097 5167; x_wconf 91' lang='lat' dir='ltr'>Dignum</span> <span class='ocrx_word' id='word_1_714' title='bbox 2136 5100 2192 5149; x_wconf 93' lang='lat' dir='ltr'>et</span> <span class='ocrx_word' id='word_1_715' title='bbox 2212 5096 2432 5166; x_wconf 89' lang='lat' dir='ltr'>justum</span> <span class='ocrx_word' id='word_1_716' title='bbox 2456 5099 2558 5148; x_wconf 90' lang='lat' dir='ltr'>est.</span> <span class='ocrx_word' id='word_1_717' title='bbox 2587 5095 2724 5148; x_wconf 88' lang='lat' dir='ltr'>Vere</span> <span class='ocrx_word' id='word_1_718' title='bbox 2748 5107 2974 5163; x_wconf 65' lang='lat' dir='ltr'>(equum</span> <span class='ocrx_word' id='word_1_719' title='bbox 2999 5096 3056 5146; x_wconf 89' lang='lat' dir='ltr'>et</span> <span class='ocrx_word' id='word_1_720' title='bbox 3074 5092 3292 5161; x_wconf 89' lang='lat' dir='ltr'>justum</span> <span class='ocrx_word' id='word_1_721' title='bbox 3319 5100 3401 5148; x_wconf 89' lang='lat' dir='ltr'>est</span> 
     </span>
    </p>
   </div>
   <div class='ocr_carea' id='block_1_113' title="bbox 1763 5169 3399 5258">
    <p class='ocr_par' dir='ltr' id='par_1_113' title="bbox 1763 5169 3399 5258">
     <span class='ocr_line' id='line_1_114' title="bbox 1763 5169 3399 5258; baseline -0.001 -15"><span class='ocrx_word' id='word_1_722' title='bbox 1763 5169 1882 5243; x_wconf 82' lang='lat' dir='ltr'>nos</span> <span class='ocrx_word' id='word_1_723' title='bbox 1906 5187 2009 5242; x_wconf 85' lang='lat' dir='ltr'>tibi</span> <span class='ocrx_word' id='word_1_724' title='bbox 2045 5186 2252 5258; x_wconf 89' lang='lat' dir='ltr'>gratias</span> <span class='ocrx_word' id='word_1_725' title='bbox 2292 5201 2480 5257; x_wconf 87' lang='lat' dir='ltr'>agere,</span> <span class='ocrx_word' id='word_1_726' title='bbox 2516 5185 2750 5239; x_wconf 91' lang='lat' dir='ltr'>Domine</span> <span class='ocrx_word' id='word_1_727' title='bbox 2784 5188 2992 5252; x_wconf 86' lang='lat' dir='ltr'>sancte,</span> <span class='ocrx_word' id='word_1_728' title='bbox 3029 5185 3191 5240; x_wconf 88' lang='lat' dir='ltr'>Pater</span> <span class='ocrx_word' id='word_1_729' title='bbox 3221 5188 3399 5241; x_wconf 88' lang='lat' dir='ltr'>omni-</span> 
     </span>
    </p>
   </div>
   <div class='ocr_carea' id='block_1_114' title="bbox 1781 5277 3395 5352">
    <p class='ocr_par' dir='ltr' id='par_1_114' title="bbox 1781 5277 3395 5352">
     <span class='ocr_line' id='line_1_115' title="bbox 1781 5277 3395 5352; baseline 0 -17"><span class='ocrx_word' id='word_1_730' title='bbox 1781 5284 1998 5352; x_wconf 90' lang='lat' dir='ltr'>potens,</span> <span class='ocrx_word' id='word_1_731' title='bbox 2025 5285 2232 5334; x_wconf 79' lang='lat' dir='ltr'>aeterne</span> <span class='ocrx_word' id='word_1_732' title='bbox 2257 5279 2420 5332; x_wconf 91' lang='lat' dir='ltr'>Deus.</span> <span class='ocrx_word' id='word_1_733' title='bbox 2446 5279 2528 5332; x_wconf 88' lang='lat' dir='ltr'>Tu</span> <span class='ocrx_word' id='word_1_734' title='bbox 2554 5277 2726 5346; x_wconf 90' lang='lat' dir='ltr'>enim,</span> <span class='ocrx_word' id='word_1_735' title='bbox 2743 5277 2996 5344; x_wconf 87' lang='lat' dir='ltr'>Domine,</span> <span class='ocrx_word' id='word_1_736' title='bbox 3026 5277 3395 5335; x_wconf 67' lang='lat' dir='ltr'>Thebeeorum</span> 
     </span>
    </p>
   </div>
   <div class='ocr_carea' id='block_1_115' title="bbox 1782 5369 3394 5443">
    <p class='ocr_par' dir='ltr' id='par_1_115' title="bbox 1782 5369 3394 5443">
     <span class='ocr_line' id='line_1_116' title="bbox 1782 5369 3394 5443; baseline -0.002 -14"><span class='ocrx_word' id='word_1_737' title='bbox 1782 5372 2110 5440; x_wconf 86' lang='lat' dir='ltr'>exercitum,</span> <span class='ocrx_word' id='word_1_738' title='bbox 2142 5371 2213 5425; x_wconf 88' lang='lat' dir='ltr'>ad</span> <span class='ocrx_word' id='word_1_739' title='bbox 2241 5370 2435 5443; x_wconf 88' lang='lat' dir='ltr'>populi</span> <span class='ocrx_word' id='word_1_740' title='bbox 2461 5369 2545 5425; x_wconf 90' lang='lat' dir='ltr'>tui</span> <span class='ocrx_word' id='word_1_741' title='bbox 2569 5369 2908 5442; x_wconf 89' lang='lat' dir='ltr'>supplicium</span> <span class='ocrx_word' id='word_1_742' title='bbox 2933 5369 3297 5441; x_wconf 88' lang='lat' dir='ltr'>destinatum,</span> <span class='ocrx_word' id='word_1_743' title='bbox 3319 5373 3394 5427; x_wconf 85' lang='lat' dir='ltr'>ita</span> 
     </span>
    </p>
   </div>
   <div class='ocr_carea' id='block_1_116' title="bbox 1781 5463 3402 5536">
    <p class='ocr_par' dir='ltr' id='par_1_116' title="bbox 1781 5463 3402 5536">
     <span class='ocr_line' id='line_1_117' title="bbox 1781 5463 3402 5536; baseline -0.002 -15"><span class='ocrx_word' id='word_1_744' title='bbox 1781 5465 1956 5521; x_wconf 86' lang='lat' dir='ltr'>sabita</span> <span class='ocrx_word' id='word_1_745' title='bbox 1977 5464 2241 5535; x_wconf 89' lang='lat' dir='ltr'>jussionis</span> <span class='ocrx_word' id='word_1_746' title='bbox 2266 5469 2378 5520; x_wconf 66' lang='lat' dir='ltr'>tuae</span> <span class='ocrx_word' id='word_1_747' title='bbox 2407 5463 2589 5535; x_wconf 86' lang='lat' dir='ltr'>gratia</span> <span class='ocrx_word' id='word_1_748' title='bbox 2629 5463 2917 5532; x_wconf 89' lang='lat' dir='ltr'>revocasti,</span> <span class='ocrx_word' id='word_1_749' title='bbox 2966 5467 3026 5517; x_wconf 88' lang='lat' dir='ltr'>ut</span> <span class='ocrx_word' id='word_1_750' title='bbox 3067 5463 3195 5534; x_wconf 89' lang='lat' dir='ltr'>plus</span> <span class='ocrx_word' id='word_1_751' title='bbox 3233 5463 3402 5536; x_wconf 87' lang='lat' dir='ltr'>elige-</span> 
     </span>
    </p>
   </div>
   <div class='ocr_carea' id='block_1_117' title="bbox 1779 5556 3396 5628">
    <p class='ocr_par' dir='ltr' id='par_1_117' title="bbox 1779 5556 3396 5628">
     <span class='ocr_line' id='line_1_118' title="bbox 1779 5556 3396 5628; baseline -0.003 -14"><span class='ocrx_word' id='word_1_752' title='bbox 1779 5563 1906 5614; x_wconf 91' lang='lat' dir='ltr'>rent</span> <span class='ocrx_word' id='word_1_753' title='bbox 1932 5558 2125 5613; x_wconf 89' lang='lat' dir='ltr'>sedula</span> <span class='ocrx_word' id='word_1_754' title='bbox 2151 5557 2442 5613; x_wconf 91' lang='lat' dir='ltr'>devotione</span> <span class='ocrx_word' id='word_1_755' title='bbox 2466 5556 2722 5625; x_wconf 88' lang='lat' dir='ltr'>interﬁci,</span> <span class='ocrx_word' id='word_1_756' title='bbox 2753 5572 2927 5628; x_wconf 89' lang='lat' dir='ltr'>quam</span> <span class='ocrx_word' id='word_1_757' title='bbox 2953 5556 3022 5610; x_wconf 93' lang='lat' dir='ltr'>de</span> <span class='ocrx_word' id='word_1_758' title='bbox 3062 5557 3396 5612; x_wconf 90' lang='lat' dir='ltr'>Christiano-</span> 
     </span>
    </p>
   </div>
   <div class='ocr_carea' id='block_1_118' title="bbox 1781 5648 3394 5722">
    <p class='ocr_par' dir='ltr' id='par_1_118' title="bbox 1781 5648 3394 5722">
     <span class='ocr_line' id='line_1_119' title="bbox 1781 5648 3394 5722; baseline -0.005 -14"><span class='ocrx_word' id='word_1_759' title='bbox 1781 5668 1909 5708; x_wconf 89' lang='lat' dir='ltr'>rum</span> <span class='ocrx_word' id='word_1_760' title='bbox 1933 5650 2209 5722; x_wconf 89' lang='lat' dir='ltr'>sanguine</span> <span class='ocrx_word' id='word_1_761' title='bbox 2229 5651 2449 5720; x_wconf 85' lang='lat' dir='ltr'>satiari;</span> <span class='ocrx_word' id='word_1_762' title='bbox 2478 5666 2583 5705; x_wconf 92' lang='lat' dir='ltr'>nec</span> <span class='ocrx_word' id='word_1_763' title='bbox 2617 5665 2748 5704; x_wconf 91' lang='lat' dir='ltr'>cum</span> <span class='ocrx_word' id='word_1_764' title='bbox 2771 5648 2944 5704; x_wconf 88' lang='lat' dir='ltr'>tantis</span> <span class='ocrx_word' id='word_1_765' title='bbox 2968 5648 2996 5689; x_wconf 72' lang='grc' dir='ltr'>ι)</span> <span class='ocrx_word' id='word_1_766' title='bbox 3033 5654 3098 5703; x_wconf 90' lang='lat' dir='ltr'>ut</span> <span class='ocrx_word' id='word_1_767' title='bbox 3139 5655 3192 5704; x_wconf 90' lang='lat' dir='ltr'>te</span> <span class='ocrx_word' id='word_1_768' title='bbox 3233 5648 3394 5703; x_wconf 87' lang='lat' dir='ltr'>auxi-</span> 
     </span>
    </p>
   </div>
   <div class='ocr_carea' id='block_1_119' title="bbox 1851 5757 3392 5846">
    <p class='ocr_par' dir='ltr' id='par_1_119' title="bbox 1851 5757 3392 5846">
     <span class='ocr_line' id='line_1_120' title="bbox 1851 5757 3392 5846; baseline -0.007 -11"><span class='ocrx_word' id='word_1_769' title='bbox 1851 5779 1876 5819; x_wconf 71' lang='grc' dir='ltr'>δ</span> <span class='ocrx_word' id='word_1_770' title='bbox 1901 5780 1986 5835; x_wconf 82' lang='lat' dir='ltr'>An</span> <span class='ocrx_word' id='word_1_771' title='bbox 2007 5782 2350 5835; x_wconf 79' lang='lat' dir='ltr'>cunctantes?</span> <span class='ocrx_word' id='word_1_772' title='bbox 2385 5777 2642 5833; x_wconf 81' lang='lat' dir='ltr'>Mendosa</span> <span class='ocrx_word' id='word_1_773' title='bbox 2679 5775 2853 5832; x_wconf 87' lang='lat' dir='ltr'>etiam</span> <span class='ocrx_word' id='word_1_774' title='bbox 2888 5789 3018 5846; x_wconf 74' lang='lat' dir='ltr'>quas</span> <span class='ocrx_word' id='word_1_775' title='bbox 3065 5757 3392 5842; x_wconf 81' lang='lat' dir='ltr'>sequuntur.</span> 
     </span>
    </p>
   </div>
  </div>
