3976 6414
521 375 624 428 303

1309 363 1642 422 APPENDIX
1679 365 1765 420 AD
1801 363 2022 419 OPERA
2059 361 2290 418 SANCTI
2326 361 2622 416 GERMANI
2660 355 3084 414 PARISIENSIS.

3799 345 3904 402 304

523 487 672 551 ante,
733 476 1136 552 persecutionis
1182 489 1324 528 onus
1380 491 1672 546 excepere,
1727 473 1965 528 cervices
2015 488 2141 526 suas
2165 474 2564 556 Arecitatione
2619 471 2900 542 patefacta
2951 473 3115 540 sunt,
3169 468 3230 524 in
3282 467 3604 523 caelestibus
3663 465 3906 538 paginis

523 571 988 646 persequentibus
1015 569 1306 623 inclinare.
1336 569 1404 622 Et
1424 585 1554 622 cum
1573 568 1752 622 rabies
1797 565 2010 620 inimici
2055 566 2146 620 de-

525 669 795 731 cerneret,
841 669 904 718 ut
949 661 1045 718 Dei
1087 661 1329 732 populus
1371 659 1842 716 denumerationis
1877 659 2146 713 instantia

523 759 826 828 deperiret,
853 756 944 810 ille
971 759 1168 826 raptus
1195 759 1276 808 est
1313 755 1582 824 decimus,
1618 755 1716 825 qui
1754 753 2146 823 anticipatione

521 850 780 921 martyrii
815 849 976 904 fieret
1011 848 1356 920 primitivus.
1383 849 1602 902 Clamor
1631 847 1688 900 in
1715 845 1909 900 castris
1937 845 2143 913 oritur,

521 943 700 998 virtus
729 942 1038 998 dimicandi
1065 941 1478 1007 contemnitur;
1501 941 1570 994 de
1589 939 1980 994 adsumatione
2005 953 2150 992 mar-

523 1036 655 1107 tyrii
673 1035 955 1090 contentio
969 1033 1141 1088 ardua
1161 1037 1545 1088 commovetur
1563 1049 1576 1086 :
1608 1032 1706 1086 Dei
1729 1032 1976 1104 populus
1999 1031 2148 1085 ferro

523 1129 860 1196 confoditur,
891 1127 1117 1198 sanguis
1145 1127 1511 1182 innocentum
1539 1125 1866 1192 effunditur,
1899 1125 2036 1178 fides
2061 1123 2146 1176 in-

523 1229 696 1284 libata
733 1233 1002 1284 servatur.
1035 1228 1141 1296 Sic,
1177 1229 1433 1294 Domine,
1473 1227 1678 1282 milites
1711 1226 1962 1298 protegis
1995 1229 2145 1294 tuos,

525 1327 591 1378 ut
613 1339 716 1378 nec
742 1321 980 1377 defuerit
1003 1321 1062 1375 in
1086 1322 1343 1392 passione
1377 1320 1670 1392 patientia,
1708 1336 1814 1374 nec
1840 1319 1901 1373 in
1939 1318 2150 1373 confes—

527 1416 683 1470 sione
709 1413 1038 1480 constantia,
1069 1413 1218 1469 inter
1239 1414 1537 1468 beatorum
1561 1413 1709 1468 bella
1747 1417 1802 1467 et
1841 1412 2004 1466 beata
2035 1427 2148 1465 cer-

526 1509 766 1574 tamina,
793 1508 920 1579 plus
946 1507 1150 1561 metuit
1167 1507 1413 1578 gloriosa
1440 1505 1707 1560 confessio
1731 1505 1798 1560 de
1824 1503 2150 1560 commilito-

525 1615 666 1653 num
693 1597 969 1652 consortio
991 1597 1160 1652 dividi
1181 1613 1352 1668 quam
1377 1613 1584 1651 manus
1597 1593 1875 1650 carnificis
1897 1592 2146 1666 gloriari.

524 1691 692 1745 Totus
719 1706 964 1760 namque
979 1689 1076 1743 Dei
1101 1690 1341 1761 populus
1365 1693 1522 1743 tanta
1542 1688 1757 1742 ardoris
1783 1687 1914 1740 ﬁdei
1945 1684 2147 1740 alacri-

521 1788 634 1838 tate
677 1783 973 1853 ﬂagrabat,
1013 1787 1079 1836 ut
1111 1783 1158 1836 si
1183 1781 1504 1836 tardaretur
1537 1781 1852 1852 persecutio
1881 1778 2147 1850 corporis,

521 1877 868 1948 praecederet
901 1875 1119 1930 devotio
1145 1875 1438 1946 passionis.
1470 1877 1647 1928 Tanta
1680 1874 1834 1928 enim
1869 1873 1976 1928 fuit
2015 1887 2148 1925 con-
2169 1841 2226 1912 B

523 1969 728 2024 stantia
759 1968 973 2038 populi,
1003 1972 1125 2022 et...
1153 1967 1390 2036 inimici,
1433 1971 1499 2020 ut
1537 1983 1640 2020 nec
1677 1967 1834 2020 furor
1875 1963 2152 2018 invenerit

519 2061 882 2132 postmodum
910 2060 1061 2130 quod
1087 2060 1384 2125 occideret,
1412 2075 1514 2113 nec
1539 2059 1847 2130 gloriosum
1872 2073 2152 2113 remanse-

521 2153 598 2209 rit
623 2151 816 2225 283
847 2153 998 2224 quod
1022 2153 1251 2223 periret.
1289 2153 1486 2206 Factus
1519 2157 1602 2206 est
1652 2169 1809 2206 sacer
1833 2151 1926 2206 ille
1961 2153 2149 2221 Agau-

523 2247 772 2302 ninsium
801 2245 957 2300 locus
987 2261 1087 2316 per
1113 2245 1379 2316 suffragia
1401 2247 1711 2316 Martyrum
1738 2247 1886 2299 salus
1907 2259 2154 2316 praesen-

521 2341 685 2408 tium,
717 2337 1044 2411 prmsidium
1067 2338 1388 2392 futurorum
1422 2356 1434 2392 :
1467 2355 1638 2409 quem
1681 2337 1968 2410 sanguinis
1997 2337 2152 2391 unda

522 2433 790 2505 perfudit,
819 2431 1194 2502 pretiosorum
1212 2447 1514 2502 corporum
1537 2431 1771 2486 societas
1788 2429 2149 2486 consecravit.

521 2527 676 2582 Unde
703 2525 904 2580 merito
931 2525 1056 2594 tibi,
1079 2525 1332 2594 Domine,
1361 2525 1511 2579 inter
1533 2525 1728 2579 choros
1746 2527 2068 2594 martyrum
2098 2525 2155 2576 et

521 2636 680 2674 voces
733 2619 1068 2690 angelorum
1115 2619 1306 2672 laudes
1345 2617 1446 2673 tibi
1499 2617 1712 2674 debitas
1755 2617 1976 2690 agimus
2023 2632 2152 2670 cum

520 2713 864 2770 exultatione
890 2712 1158 2766 dicentes.
1189 2712 1447 2766 Sanctus.

1012 2804 1258 2852 Collectio
1289 2807 1404 2865 post
1431 2803 1664 2852 Sanctus.

593 2887 851 2954 Oremus,
887 2885 1086 2938 fratres
1116 2882 1484 2949 dilectissimi,
1513 2886 1579 2936 ut
1605 2881 1877 2936 Dominus
1913 2897 1976 2935 ac
2011 2882 2155 2935 Deus

521 2983 714 3035 noster
738 2977 984 3049 speciem
1011 2976 1198 3042 istam,
1229 2993 1329 3029 suo
1357 2975 1668 3029 ministerio
1696 2974 2152 3043 consecrandam,

524 3071 757 3129 caelestis
785 3071 982 3141 gratiae
1009 3067 1376 3139 inspiratione
1406 3068 1736 3137 sanctificet,
1766 3073 1821 3122 et
1843 3069 2156 3121 humanam

524 3164 980 3222 benedictionem
1007 3161 1356 3233 plenitudine
1385 3161 1559 3216 divini
1585 3159 1788 3216 favoris
1813 3161 2152 3216 adcumulet.

523 3261 629 3314 Per
651 3257 956 3312 Dominum
979 3258 1238 3310 nostrum
1267 3255 1477 3308 Jesum.

2177 3203 2230 3276 C

719 3366 865 3420 LXV.
897 3381 1046 3418 MISSA
1073 3379 1257 3418 SANCTI
1283 3378 1601 3417 LEUDEGARII
1627 3374 1652 3402 ει
1681 3379 1961 3416 namus.

599 3466 850 3532 Summe,
902 3463 1286 3533 omnipotens,
1343 3466 1554 3515 {eterna
1613 3461 1776 3528 Deus,
1837 3461 1936 3531 qui
1985 3460 2158 3514 vitam

525 3559 678 3614 beati
706 3556 972 3612 antistitis
999 3555 1080 3610 tui
1103 3553 1436 3625 Leudegarii
1461 3553 1722 3624 martyris
1739 3569 1842 3624 per
1867 3553 2025 3608 istius
2051 3571 2156 3608 sa:-

527 3653 636 3707 culi
664 3667 946 3706 aerumnas
971 3649 1212 3704 transire
1229 3647 1466 3719 jussisti,
1493 3647 1653 3717 cujus
1678 3663 1866 3701 annua
1891 3647 2034 3701 festa
2057 3647 2158 3702 de-

525 3751 655 3802 vota
683 3748 875 3798 mente
913 3742 1278 3808 celebramus,
1305 3755 1654 3811 quassumus,
1685 3744 1751 3794 ut
1779 3756 1881 3810 per
1909 3740 1956 3810 ej
1967 3756 2030 3793 us
2067 3739 2158 3793 in-

527 3837 925 3894 tercessionem
969 3835 1200 3905 plebem
1247 3839 1363 3888 tua:
1413 3832 1724 3888 clementiae
1765 3831 2157 3903 famulantem,

527 3933 606 3987 ita
631 3931 692 3985 in
724 3927 990 4001 praesenti
1015 3928 1220 3997 foveas,
1249 3931 1314 3980 ut
1341 3926 1412 3980 ad
1440 3925 1681 3980 coelestia
1733 3941 1912 3996 regna
1950 3926 2158 3996 perdu-

533 4039 642 4078 cas.
673 4024 780 4077 Per
806 4021 1131 4075 Dominum.

1088 4110 1338 4160 Colleclio
1367 4111 1612 4173 sequitur.

603 4195 770 4262 Deus,
799 4191 898 4264 qui
945 4191 1175 4245 beatum
1212 4196 1520 4262 martyrem
1555 4196 1718 4244 tuum
1752 4191 2164 4262 Leudegarium

533 4289 594 4345 in
614 4303 794 4359 agone
819 4284 1090 4357 probasti,
1121 4287 1178 4338 et
1197 4283 1496 4354 probatum
1525 4275 1584 4338 in
1611 4285 1800 4339 dolore
1821 4285 2161 4353 sustentasti,

536 4397 706 4454 quem
749 4379 1024 4434 hodierna
1063 4377 1152 4430 die
1197 4375 1255 4430 in
1290 4377 1601 4431 cmlestibus
1649 4377 1866 4449 gaudiis
1915 4379 2164 4448 recipere

535 4475 800 4546 dignatus
837 4488 914 4540 es,
958 4475 1162 4541 praesta
1192 4471 1351 4523 nobis
1390 4471 1617 4525 famulis
1661 4471 1792 4540 tuis,
1835 4475 1902 4525 ut
1925 4471 2022 4542 qui
2051 4472 2164 4542 glo-

2248 566 2688 622 conscribantur.
2719 564 2876 628 Quod
2901 563 3020 634 ipse
3039 568 3230 634 pracst.

2771 655 3020 705 Collectio
3050 655 3114 706 ad
3143 670 3346 720 pacem.

2317 737 2520 788 Pacem
2559 738 2736 800 tuam,
2779 731 3038 797 Domine,
3085 731 3294 785 nostris
3338 728 3594 784 inlabere
3653 723 3910 798 pectori-

2247 827 2380 894 bus;
2412 831 2466 880 et
2493 842 2619 880 cum
2647 826 2876 879 beatum
2901 827 3210 894 martyrem
3239 828 3404 878 tuum
3432 819 3876 891 Leudegarium
3899 859 3912 887 ,

2247 921 2306 974 in
2335 921 2442 974 hoc
2472 918 2676 972 saeculo
2697 921 3164 983 commorantem,
3193 932 3296 988 per
3323 914 3478 986 pacis
3505 912 3778 969 studium
3815 911 3913 964 ho-

2248 1013 2336 1068 die
2367 1011 2600 1066 coelestis
2619 1011 2750 1065 aula
2776 1009 3038 1080 suscepit,
3057 1009 3221 1063 nobis
3241 1024 3466 1080 quoque
3495 1004 3912 1080 peccatoribus

2247 1107 2397 1178 pacis
2439 1105 2750 1173 vinculum,
2795 1108 2852 1158 et
2895 1103 3141 1158 caritatis
3180 1102 3460 1171 studium,
3503 1101 3630 1171 ejus
3679 1097 3914 1153 meritis

2249 1198 2441 1272 284
2469 1197 2953 1270 suifragrantibus,
2993 1195 3190 1267 largiri
3213 1195 3417 1266 jubeas
3447 1195 3509 1248 in
3543 1209 3776 1248 aevum.
3809 1192 3914 1245 Per

2249 1293 2578 1348 Dominum.

2808 1359 3100 1410 Immolatio
3125 1359 3316 1408 missas.

2320 1437 2566 1507 Dignum
2595 1439 2651 1490 et
2681 1433 2903 1504 justum
2929 1437 3032 1488 est.
3065 1434 3202 1488 Vere
3243 1447 3474 1503 mquum
3519 1436 3578 1486 et
3625 1431 3914 1503 pulcrum

2249 1535 2332 1586 est
2359 1547 2461 1584 nos
2501 1529 2600 1583 tibi
2637 1527 2728 1582 hic
2767 1531 2822 1581 et
2861 1527 3070 1598 ubique
3115 1542 3340 1596 semper
3373 1524 3571 1579 laudes
3601 1529 3664 1580 et
3695 1523 3918 1596 gratias

2248 1640 2445 1695 agere,
2479 1621 2785 1692 laudesque
2823 1619 3094 1676 adtollere
3119 1662 3132 1688 ,
3177 1618 3418 1674 Domine
3469 1623 3698 1688 sancte,
3749 1619 3920 1672 Pater

2251 1717 2625 1788 omnipotens,
2659 1719 2867 1769 aeterne
2889 1713 3056 1780 Deus,
3099 1728 3204 1783 per
3243 1713 3436 1766 Jesum
3481 1711 3800 1766 Christum
3837 1711 3920 1764 Fi-

2249 1810 2390 1864 lium
2426 1814 2590 1864 tuum
2617 1807 2922 1862 Dominum
2947 1811 3229 1874 nostrum,
3261 1805 3332 1860 ab
3357 1804 3520 1859 initio
3547 1805 3762 1859 saeculi
3793 1821 3920 1875 pro-

2251 1907 2524 1958 creatum.
2560 1901 2804 1956 Verbum
2836 1899 3050 1955 editum
3079 1899 3282 1966 Patris,
3329 1897 3616 1970 principia
3649 1897 3683 1937 h
3719 1899 3920 1952 saeculi

2249 1995 2408 2050 istius
2439 1995 2794 2049 conlocatum
2821 2009 2924 2064 per
2947 1997 3132 2046 totum
3159 1991 3358 2046 orbem
3384 1997 3688 2046 terrarum
3719 1995 3924 2046 contu-

2248 2089 2360 2144 listi
2391 2107 2402 2143 :
2434 2088 2532 2142 ubi
2549 2088 2748 2141 beatus
2774 2089 2994 2156 martyr
3019 2089 3150 2139 tuus
3177 2085 3564 2155 Leudegarius
3595 2085 3915 2156 episcopus

2251 2183 2320 2236 de
2342 2181 2636 2236 altitudine
2662 2179 2857 2233 saeculi
2881 2178 3052 2248 hujus
3073 2193 3175 2248 per
3218 2178 3466 2232 alternas
3511 2177 3922 2232 mutilationes

2255 2275 2580 2344 discerptus,
2627 2289 2864 2344 pompas
2908 2271 3100 2324 saeculi
3141 2270 3586 2342 fragilitatisqne
3647 2272 3920 2326 calcavit.

2253 2368 2356 2423 Cui
2381 2372 2463 2433 tu,
2485 2366 2739 2435 Domine,
2765 2363 3039 2419 auxilium
3073 2363 3221 2418 ferre
3258 2363 3529 2435 dignatus
3565 2369 3748 2434 es,ut
3779 2381 3924 2435 pI‘tB-

2252 2461 2420 2515 sentis
2453 2459 2640 2514 saeculi
2665 2474 2920 2513 amorem
2947 2457 3278 2527 despiceret,
3312 2461 3368 2512 et
3398 2457 3658 2512 coelestia
3687 2458 3920 2529 adepis-

2254 2569 2377 2608 cere
2405 2557 2773 2624 promereret.
2793 2551 3216 2605 Verumtamem
3237 2566 3464 2604 crucem
3485 2566 3662 2604 suam
3691 2551 3920 2618 tollens,

2253 2651 2307 2702 te
2337 2648 2620 2700 Pastorem
2657 2659 2919 2715 sequens,
2947 2648 3012 2697 ut
3037 2642 3282 2714 paradisi
3309 2643 3534 2698 delitias
3563 2644 3922 2714 possideret,

2253 2739 2554 2810 praesentia
2579 2738 2762 2792 omnia
2809 2735 3132 2807 dereliquit.
3179 2735 3222 2789 Ο
3267 2736 3502 2790 beatum
3541 2735 3754 2792 virum
3791 2739 3925 2792 Leu-

2255 2831 2548 2902 degarium
2591 2829 2926 2884 antistitem!
2967 2829 3087 2900 qui,
3117 2845 3223 2900 per
3251 2829 3640 2884 nefandorum
3683 2829 3924 2884 consilia

2255 2941 2456 2995 corpus
2483 2937 2505 2964 ο
2553 2924 2791 2978 nexibus
2835 2923 3180 2990 absolutum,
3235 2939 3295 2976 os
3337 2921 3501 2976 labiis
3552 2921 3922 2990 minuatum,

2255 3018 2538 3088 oculisque
2573 3016 2856 3084 orbatum,
2894 3015 3126 3070 exilium
3157 3019 3574 3086 perpetratum,
3611 3016 3922 3074 lubricita-

2253 3110 2326 3164 tis
2365 3109 2554 3164 saeculi
2596 3108 2991 3180 postpositum,
3031 3109 3263 3162 diversis
3313 3109 3620 3164 tormentis
3653 3127 3922 3182 passum,

2256 3203 2580 3274 exemplum
2595 3201 2824 3273 reliquit
2843 3201 3234 3273 episcoporum
3253 3218 3360 3273 per
3386 3219 3552 3257 suam
3583 3203 3926 3273 passionem

2255 3298 2340 3351 vel
2367 3295 2715 3368 patientiam,
2749 3299 2806 3349 et
2824 3295 2893 3349 ad
2915 3300 3232 3349 extremum
3259 3295 3390 3350 vitae
3419 3301 3740 3367 perpetuas
3772 3296 3928 3353 resti-

2255 3393 2432 3458 tutus,
2475 3389 2713 3443 caelestia
2755 3405 2932 3460 regna
2959 3388 3297 3460 penetravit,
3352 3389 3712 3460 angelorum
3751 3393 3926 3447 choro

2257 3481 2523 3552 sociatur,
2564 3497 2784 3536 coronae
2829 3481 3380 3536 immarciscibilibus
3424 3481 3676 3538 ﬂoribus
3727 3501 3926 3541 remu-

2257 3581 2518 3644 neratur;
2575 3575 2726 3629 unde
2779 3579 2906 3646 post
2953 3575 3146 3629 multas
3195 3575 3454 3646 reliquias
3495 3575 3850 3634 ﬂoruerunt
3877 3581 3928 3632 in

2259 3669 2478 3724 Galleis.
2507 3671 2811 3723 Precamur
2837 3685 2973 3739 ergo
3013 3673 3089 3736 te,
3123 3667 3383 3737 Domine,
3423 3673 3488 3724 ut
3521 3685 3634 3724 nos
3675 3671 3929 3727 famulos

2259 3767 2384 3817 tuos
2413 3777 2754 3832 omnemque
2779 3761 3006 3832 plebem
3037 3761 3467 3817 reminiscentes
3493 3762 3684 3818 talem
3727 3767 3928 3820 Pasto-

2259 3871 2402 3922 rem,
2431 3855 2550 3925 ejus
2577 3853 2795 3908 meritis
2823 3853 3312 3924 suffragrantibus,
3335 3855 3568 3909 veniam
3581 3871 3932 3914 mereamur

2260 3947 2514 4002 obtinere
2547 3947 2961 4018 peccaminum,
2993 3963 3097 4018 per
3121 3947 3408 4004 Christum
3449 3948 3794 4007 Dominum
3831 3968 3928 4008 no-

2261 4045 2460 4097 strum.
2491 4039 2590 4096 Cui
2619 4057 2815 4095 omnes
2843 4039 3051 4110 angeli.

2887 4134 3011 4182 Post
3031 4133 3269 4183 Sanctus.

2333 4207 2594 4262 Hosanna
2623 4208 2874 4263 excelsis.
2905 4207 3240 4263 Benedictus
3267 4207 3367 4280 qui
3395 4209 3554 4264 venit
3581 4209 3648 4266 in
3688 4215 3936 4270 nomine

2263 4299 2508 4356 Domini.
2539 4301 2582 4355 0
2611 4317 2738 4356 vere
2763 4301 2926 4356 beata
2950 4317 3078 4370 vox,
3115 4317 3292 4372 quam
3331 4302 3684 4374 angelorum
3737 4315 3806 4364 et
3849 4324 3937 4363 ar-

2264 4394 2670 4465 changelorum
2695 4394 3000 4448 concinunt
3027 4394 3304 4450 virtutes!
3338 4411 3466 4468 quas
3493 4413 3606 4452 nos
3645 4398 3840 4457 hodie
3889 4403 3938 4455 in

2265 4487 2522 4558 passione
2549 4487 2702 4542 beati
2739 4487 3001 4559 martyris
3025 4487 3112 4542 tui
3137 4488 3473 4560 Leudegarii
3501 4507 3614 4544 vox
3641 4509 3776 4549 una
3809 4512 3940 4567 pro-

534 4569 678 4624 riam
716 4583 832 4661 Πομ
858 4580 1166 4661 ηἹΘΓοῐξὶυῐ)
1195 4563 1610 4661 ίξιάυῙεζθῐιίίδῐη
1635 4571 2012 4661 Ρθεοίηοηιων
2047 4565 2245 4645 iPSOD
2269 4581 2485 4652 rumpit
2519 4581 2578 4635 in
2611 4581 2795 4636 laude.
2843 4583 2913 4636 Ut
2949 4585 3014 4635 tu
3063 4579 3212 4636 Deus
3261 4583 3428 4637 Pater
3479 4563 3940 4661 omnium,_qui

535 4659 960 4728 interveniente,
988 4657 1228 4727 adepisci
1259 4673 1603 4712 mereamur.
1633 4659 1757 4713 Per.

1027 4753 1274 4804 Collectio
1301 4758 1420 4817 post
1437 4755 1670 4805 nomina.

607 4835 826 4892 Auditis
869 4835 1193 4890 nominibus
1236 4835 1594 4904 offerentum,
1633 4835 1830 4890 fratres
1871 4833 2164 4902 carissimi,

537 4929 758 4988 Domini
781 4929 1130 5000 majestatem
1150 4929 1540 5001 deprecemur,
1563 4933 1628 4982 ut
1647 4927 1742 4999 qui
1769 4927 1940 4982 vitam
1961 4927 2169 4982 summi

540 5023 800 5079 antistitis
826 5023 910 5078 sui
949 5022 1287 5093 Leudegarii
1313 5021 1580 5092 martyris
1605 5021 1897 5076 transtulit
1925 5021 1996 5075 ad
2017 5037 2168 5075 coro-

539 5133 694 5186 nam,
747 5133 846 5188 per
897 5117 1280 5171 interventum
1328 5119 1652 5169 sanctorum
1694 5113 2166 5186 patriarcharum,

538 5211 964 5285 prophetarum,
1003 5209 1388 5280 apostolorum
1419 5213 1474 5262 et
1513 5213 1847 5279 martyrum,
1884 5207 2171 5263 anachori-

453 5375 458 5382 _
545 5311 730 5362 tarum
767 5306 823 5358 et
847 5301 1154 5372 virginum,
1210 5301 1578 5373 omniumque
1618 5307 1938 5356 sanctorum
1979 5318 2172 5356 conce-

541 5401 674 5456 dere
705 5398 970 5468 dignetur
997 5399 1060 5448 ut
1089 5409 1258 5447 sacrae
1299 5395 1592 5464 praesentis
1614 5395 1818 5450 oblatio
1846 5411 1971 5465 quas
2012 5395 2174 5449 offer-

539 5499 656 5558 tur,
697 5487 1013 5544 viventibus
1051 5485 1524 5554 emendationem,
1565 5490 1620 5540 et
1664 5487 1938 5542 defunctis
1973 5487 2168 5542 remis-

542 5585 759 5640 sionem
779 5580 1032 5635 obtineat
1057 5583 1448 5650 peccatorum;
1481 5583 1537 5634 et
1557 5595 1800 5650 quorum
1827 5581 2056 5636 nomina
2080 5581 2172 5638 hic

614 5741 638 5770 ι
667 5725 764 5782 Vel
795 5741 862 5780 ex
887 5721 994 5778 hoc
1017 5723 1136 5775 loco
1163 5725 1315 5791 patet
1360 5719 1570 5776 Missale
1607 5721 1711 5775 hoc
1747 5723 1913 5780 fuisse
1949 5725 2173 5780 Ordinis

544 5799 839 5866 Gallicani;
885 5801 1052 5866 atque
1078 5792 1222 5866 hinc
1267 5793 1554 5866 colligitur
1591 5793 1804 5866 Codicis
1841 5801 1992 5866 aetas,
2041 5813 2170 5851 cum

541 5863 920 5942 Leudegarius
948 5863 1254 5920 exstinctus
1279 5863 1348 5918 sit
1367 5880 1515 5917 anno
1543 5865 1662 5917 678.

2263 4673 2426 4728 nobis
2476 4673 2696 4729 veniam
2733 4673 2952 4730 tribuas
3001 4673 3069 4730 de
3115 4675 3378 4746 peccatis,
3433 4693 3816 4752 quaesumus,
3877 4682 3940 4736 da

2266 4767 2602 4822 oblivionem
2664 4768 3084 4839 praeteritorum
3139 4768 3478 4840 facinorum,
3545 4773 3654 4843 qui
3727 4775 3936 4832 dedisti

2267 4861 2611 4932 martyribus
2635 4865 2760 4933 post
2783 4861 3142 4934 triumphum
3166 4881 3455 4920 coronam.
3475 4865 3585 4920 Per
3607 4867 3936 4926 Dominum

2267 4959 2544 5011 nostrum.
2576 4956 2680 5020 Qui
2711 4955 2858 5027 prid.

2899 5037 3022 5086 Post
3051 5039 3270 5087 secreta.

2341 5113 2465 5166 Haec
2494 5109 2749 5178 facimus,
2791 5111 3053 5180 Domine,
3095 5113 3418 5182 passionem
3471 5117 3638 5169 tuam
3687 5133 3938 5174 comme-

2269 5209 2584 5272 morantes;
2607 5205 2728 5259 haec
2755 5205 3013 5274 facimus,
3043 5207 3206 5260 Pater
3235 5206 3366 5260 Jesu
3409 5206 3665 5280 Christe,
3699 5213 3808 5284 qui
3849 5229 3938 5266 n0-

2269 5297 2354 5353 bis
2399 5297 2468 5352 de
2507 5299 2632 5370 lege
2671 5299 2844 5354 veteri
2887 5315 3092 5354 novam
3145 5299 3451 5354 tradidisti.
3515 5301 3798 5361 Concede
3847 5321 3938 5359 no-

2269 5391 2375 5460 bis,
2404 5391 2786 5448 intercedente
2809 5391 3003 5465 285
3035 5393 3202 5448 beato
3229 5393 3482 5448 antistite
3509 5399 3618 5451 tuo
3637 5397 3934 5470 Leudega~

2271 5483 2355 5538 rio
2375 5489 2643 5556 martyre,
2665 5486 2824 5556 cujus
2843 5487 3010 5542 hodie
3029 5501 3280 5542 annuam
3301 5494 3932 5548 commemorationem

2273 5577 2637 5648 celebramus,
2681 5585 2746 5634 ut
2775 5579 3074 5636 descendat
3117 5580 3210 5635 hic
3247 5579 3580 5638 benedictio
3631 5591 3742 5642 tua
3771 5602 3938 5658 super

2345 5723 2370 5763 ι)
2399 5725 2482 5796 An
2507 5724 3172 5796 legendumgP-n'ncipium
3189 5727 3217 5778 ?

2305 5809 2362 5920 bc
2539 5795 2836 5850 accusandi
2877 5795 3038 5851 casus
3087 5795 3378 5866 ponebant
3417 5813 3528 5867 pro
3593 5809 3768 5858 sexto
3805 5817 3936 5856 casu

2271 5883 2300 5920 a
2345 5883 2403 5921 so
2429 5883 2463 5921 u
2493 5883 2545 5922 ο.
