3976 6420
117 393 200 445 305

112 592 176 647 tui
211 596 398 664 sancti,
429 599 519 654 uti
546 599 676 658 haec
702 604 1088 667 benedicendo
1117 614 1433 688 benedicas,
1475 592 1718 681 sanctiﬁ-

111 687 260 743 cando
287 691 630 764 sanctiﬁces;
669 702 734 752 ut
772 701 1116 776 quicumque
1157 724 1225 764 ex
1263 717 1501 786 utraque
1543 717 1716 774 bene-

110 779 320 836 dictione
346 789 790 862 sumpserimus,
807 797 1132 855 aeternitatis
1155 779 1452 874 praemium
1469 813 1524 864 et
1549 810 1718 869 vitam

110 875 346 945 consequi
375 892 716 941 mereamur
741 891 1031 946 aeternam.
1059 894 1184 950 Per.

452 991 631 1049 LXVI.
672 1012 827 1054 mssa
865 1017 1025 1058 omns
1053 1021 1332 1066 MARTYRIS.

164 1085 332 1141 Sancti
368 1090 632 1164 Martyris
672 1098 756 1152 tui
792 1099 873 1156 ill.
930 1121 1274 1177 qumsumus,
1321 1112 1577 1186 Domine,
1615 1133 1716 1173 nos

109 1179 256 1232 oratio
285 1189 474 1239 sancta
507 1191 795 1262 conciliet,
825 1210 953 1268 quae
992 1201 1162 1256 sacris
1203 1202 1502 1264 virtutibus
1543 1225 1712 1269 vene-

105 1272 252 1327 randa
275 1275 538 1349 refulget.
573 1283 705 1339 Per.

642 1385 894 1439 Collectio
914 1392 1162 1456 sequitur.

161 1459 342 1515 Beatus
385 1461 467 1520 ill.
515 1466 750 1540 Martyr,
794 1489 1137 1548 quaesumus,
1177 1481 1430 1554 Domine,
1475 1485 1573 1557 pia
1608 1504 1710 1543 nos

104 1549 465 1611 intercessione
493 1565 891 1636 commendet;
922 1573 978 1624 et
1007 1571 1108 1625 tibi
1133 1573 1336 1644 placito
1364 1549 1496 1632 fulti
1517 1580 1709 1636 suifra-

105 1643 198 1714 gio,
249 1663 416 1717 quam
465 1667 588 1707 non
633 1671 926 1714 meremur
953 1661 1365 1737 indulgentiam
1402 1687 1708 1745 consequa-

103 1750 227 1792 mur.
251 1739 352 1795 Per
369 1743 684 1802 Dominum
709 1754 988 1810 nostrum.

541 1847 812 1915 Collectio
847 1859 964 1916 post
994 1857 1224 1909 nomina.

1171 413 1256 470 DE
1293 417 1603 477 LITURGIA
1638 425 2006 486 GALLICANA
2041 433 2236 492 LIBER
2275 440 2363 494 III.

113 515 240 556 nunc
262 515 470 572 panem
511 509 572 563 et
599 507 829 568 calicem
863 512 924 572 in
960 519 1448 584 transformatione
1485 528 1720 602 Spiritus
1739 541 1799 617 Α

3339 460 3438 519 306

2380 547 2666 604 Immolatio
2700 555 2885 608 missa.

1889 621 2133 693 Dignum
2185 632 2242 683 et
2275 630 2495 700 justum
2535 641 2637 693 est.
2681 639 2819 696 Vere
2867 642 3104 716 dignum
3138 652 3196 704 et
3215 649 3435 723 justum

1818 719 1917 783 est,
1959 719 2312 790 omnipotens
2355 729 2411 779 et
2449 727 2760 786 misericors
2813 734 2976 807 Deus,
3010 742 3064 794 te
3107 719 3332 816 semper
3371 748 3432 803 in

1815 807 1978 863 laude
2003 815 2318 883 martyrum
2347 816 2648 890 honorare,
2681 828 2736 879 et
2760 824 2820 880 in
2851 833 3114 898 praesenti
3138 807 3433 896 festivitate

1816 901 1991 954 sancti
2018 904 2269 976 Martyris
2297 909 2378 964 tui
2417 915 2472 966 te
2508 915 2823 972 confitentis
2861 924 3066 991 gratias
3105 943 3292 998 agere.
3330 932 3432 987 Cui

1816 991 2016 1047 dedisti
2041 998 2268 1054 caelestis
2291 1002 2539 1072 palmam
2568 1007 2878 1081 triumphi;
2901 1015 3060 1070 nobis
3088 991 3330 1092 quoque,
3365 1039 3430 1079 eo

1814 1084 2174 1160 suffragante,
2213 1096 2668 1154 emundationem
2693 1118 2754 1157 ac
2781 1105 3002 1161 veniam
3028 1112 3268 1168 concede
3297 1130 3427 1186 pec-

1814 1178 1940 1247 cati,
1983 1184 2048 1235 ut
2091 1181 2151 1235 in
2184 1186 2238 1238 te
2271 1186 2438 1242 etiam
2475 1193 2790 1249 exultamus
2826 1197 2887 1252 in
2931 1200 3331 1275 misericordia,
3362 1209 3424 1264 in

1812 1285 1926 1340 quo
1953 1269 2049 1327 ille
2074 1272 2297 1331 laetatur
2319 1277 2378 1333 in
2398 1282 2594 1350 gloria.
2616 1287 2741 1341 Per.

2094 1381 2308 1440 LXVIII.
2341 1403 2463 1441 ITEM
2492 1405 2642 1445 MISSA
2669 1409 2829 1450 emus
2864 1413 3142 1457 MARTYRIS.

1879 1474 1974 1543 Da,
2005 1491 2357 1555 quaesumus,
2384 1484 2637 1555 Domine,
2662 1494 2728 1544 ut
2754 1493 2928 1547 sancti
2955 1496 3205 1568 Martyris
3231 1501 3314 1556 tui
3336 1503 3416 1558 ill.

1807 1580 1997 1620 annua
2017 1569 2391 1630 sollemnitate
2415 1575 2692 1650 laetemur,
2722 1587 2778 1638 et
2795 1589 2964 1641 tantae
2992 1588 3123 1645 ﬁdei
3157 1592 3418 1663 proﬁcia-

1805 1673 1931 1712 mus
1955 1663 2231 1733 exemplo.
2258 1667 2383 1724 Per.

2362 1759 2610 1812 Collectio
2634 1768 2882 1830 sequitur.

1874 1832 2107 1900 Exaudi,
2151 1836 2403 1908 Domine,
2446 1859 2640 1912 preces
2687 1852 2924 1918 nostras,
2969 1868 3312 1924 quaesumus,
3365 1860 3424 1913 et

2094 1897 2101 1900 _
2391 1897 2402 1908 ,
2446 1897 2466 1912 ι
2533 1897 2536 1898 ν
2687 1897 2924 1918 mm",
2970 1897 3312 1924 νην-...κη
3365 1897 3418 1913 ν.

157 1918 362 1987 Adesto,
391 1897 1434 2011 Domine,supplicatidnibuswnostris;
1458 1946 1514 1998 et
1541 1942 1708 2000 inter-
1726 1897 1782 1969 B
1805 1921 2212 1982 interveniente
2237 1934 2430 1987 εδηθίο
2455 1934 2692 2007 Ματιγινε
2722 1943 2822 1996 tuo
2849 1943 2931 1998 ίΠ·
2965 1960 3056 1998 835
3093 1952 3222 2003 ante
3257 1965 3418 2005 00115-

102 2010 314 2068 cessione
348 2013 673 2075 beatissimi
699 2023 953 2096 Martyris
972 2029 1054 2083 tui
1081 2030 1161 2086 ill.
1189 2037 1524 2104 perpetuam
1548 2037 1709 2092 nobis

102 2101 512 2164 misericordiam
537 2111 830 2186 benignus
854 2117 1140 2191 impende,
1170 2128 1226 2178 et
1249 2142 1489 2182 munera
1515 2145 1708 2200 super-

100 2191 325 2265 imposita
352 2199 665 2273 dignanter
691 2208 959 2281 adsume;
992 2218 1057 2268 ut
1081 2214 1358 2273 defunctis
1378 2219 1449 2275 ad
1473 2191 1702 2292 refrige-

101 2284 240 2357 rium,
267 2290 580 2351 viventibus
608 2299 869 2370 proﬁciat
897 2304 968 2359 ad
993 2307 1252 2364 salutem.
1283 2311 1408 2366 Per.

591 2399 847 2451 Collectio
873 2403 939 2452 ad
972 2419 1178 2468 pacem.

155 2469 281 2524 Deus
319 2474 468 2542 pacis
501 2478 787 2548 conditor,
846 2483 988 2539 Deus
1031 2487 1277 2542 caritatis
1319 2488 1585 2562 indultor,
1635 2494 1705 2548 da

99 2561 232 2616 nobis
254 2563 497 2634 placidus
525 2585 736 2642 pacem
765 2577 941 2642 tuam,
972 2581 1028 2632 et
1050 2583 1253 2648 praesta
1278 2585 1342 2636 ut
1365 2582 1501 2638 dum
1527 2561 1704 2641 sancti

99 2655 314 2726 Martyris
349 2659 428 2714 tui
466 2660 550 2716 ill.
579 2665 907 2733 passionem
937 2670 1300 2742 celebramus,
1334 2691 1436 2745 per
1464 2677 1584 2747 ejus
1610 2678 1699 2733 in-

98 2749 453 2807 tercessionem
484 2756 647 2825 pacis
673 2759 1033 2834 securitatem
1061 2779 1191 2819 cum
1221 2771 1577 2838 peccatorum
1603 2786 1700 2828 ve-

97 2839 171 2892 nia
187 2845 441 2916 consequi
470 2863 822 2906 mereamur.
854 2853 980 2908 Per.

634 2951 925 3002 Immolatio
958 2954 1146 3006 misse.

154 3021 382 3094 Dignum
422 3031 479 3083 et
505 3029 736 3100 justum
774 3037 877 3088 est.
918 3035 1054 3090 Vere
1105 3035 1344 3107 dignum
1395 3044 1451 3095 et
1481 3041 1701 3112 justum

96 3117 177 3181 est,
222 3132 317 3170 nos
364 3119 468 3174 tibi
508 3139 685 3194 agere
731 3126 959 3195 gratias,
1006 3128 1240 3184 Domine
1287 3137 1492 3202 sancte,
1536 3136 1701 3190 Pater

95 3207 430 3281 omnipotens,
460 3219 679 3270 aeterne
710 3217 871 3273 Deus.
900 3209 1033 3274 Tibi
1061 3220 1214 3276 enim
1241 3222 1381 3278 festa
1405 3226 1695 3282 sollemni-

94 3301 365 3372 tasagitur,
398 3305 503 3360 tibi
533 3307 657 3362 dies
685 3314 899 3364 sacrata
918 3312 1262 3369 celebratur:
1293 3332 1462 3386 quam
1489 3318 1694 3374 beatis-

92 3389 196 3445 simi
223 3394 466 3467 Martyris
491 3400 579 3454 tui
608 3400 694 3455 ill.
726 3403 958 3474 sanguis
985 3404 1043 3458 in
1081 3406 1330 3462 veritatis
1356 3412 1467 3463 tua
1493 3412 1689 3466 testiﬁ-

89 3483 272 3540 catione
317 3490 584 3558 profusus
607 3534 622 3560 ,
687 3495 990 3566 magniﬁco
1037 3498 1282 3553 nominis
1341 3501 1424 3555 tui
1478 3502 1691 3562 honore

88 3574 320 3647 signavit,
383 3599 488 3653 per
555 3584 846 3642 Christum
905 3589 1210 3645 Dominum
1261 3597 1537 3650 nostrum.
1587 3598 1692 3653 Per

88 3683 248 3736 quem.

323 3755 517 3813 LXVII.
559 3776 692 3815 nam
734 3777 887 3817 mssa
925 3780 1087 3820 emus
1127 3781 1408 3822 manners.

142 3848 304 3906 Sancti
341 3854 598 3927 Martyris
643 3857 747 3927 tui,
787 3860 1046 3932 Domine,
1073 3879 1195 3932 nos,
1225 3880 1569 3936 quaesumus,
1596 3868 1686 3924 in-

89 3943 323 3999 terventio
349 3946 605 4016 gloriosa
635 3954 1014 4024 commendet,
1037 3959 1102 4010 ut
1130 3957 1281 4027 quod
1306 3959 1516 4014 nostris
1541 3961 1682 4015 acti-

87 4030 168 4086 bus
192 4052 298 4091 non
328 4039 603 4109 valemus,
645 4043 768 4114 ejus
794 4046 1054 4116 precibus
1090 4064 1520 4122 consequamur.
1557 4054 1682 4110 Per.

607 4143 861 4195 Collectio
882 4147 1131 4211 sequitur.

138 4214 268 4271 Tuus
294 4224 515 4275 sanctus
545 4223 760 4295 Martyr
789 4225 869 4281 ill.
896 4243 1019 4297 nos,
1054 4244 1400 4299 quaesumus,
1429 4233 1682 4304 Domine,

86 4305 260 4378 ubique
298 4311 588 4369 laetiﬁcet:
633 4321 699 4370 ut
743 4318 865 4388 ejus
908 4320 1047 4374 dum
1096 4322 1302 4377 merita
1336 4323 1395 4378 in
1423 4327 1685 4395 praesenti

83 4397 342 4459 festivitate
371 4407 696 4474 recolimus,
731 4411 1045 4480 patrocinia
1075 4414 1133 4468 in
1162 4423 1534 4486 augmentum
1568 4419 1680 4474 vir-

86 4493 242 4548 tutum
265 4494 453 4571 286
479 4500 815 4558 sentiamus.
842 4505 970 4560 Per.

539 4601 790 4652 Collectio
811 4608 930 4667 post
952 4606 1181 4656 nomina.

136 4671 449 4734 Interveniat
487 4697 597 4752 pro
628 4682 814 4749 nobis,
846 4685 1106 4753 Domine,
1139 4687 1403 4758 petimus,
1451 4694 1673 4746 sanctus

77 4765 184 4818 tuus
201 4767 394 4840 Martyr
419 4771 501 4828 ill.
526 4774 627 4844 qui
653 4777 994 4846 sanguinem
1007 4795 1172 4834 suum
1188 4797 1291 4851 pro
1318 4785 1415 4836 tuo
1443 4783 1674 4840 nomine

82 4855 354 4924 gloriosum
381 4864 566 4934 fudit;
600 4871 656 4922 et
684 4867 809 4939 ipso
835 4869 1262 4943 interveniente,
1291 4875 1522 4930 nomina
1547 4892 1675 4946 quae

76 4951 273 5007 recitata
292 4961 421 5010 sunt
457 4964 792 5015 nostrorum
820 4978 1082 5018 carorum
1125 4965 1185 5020 in
1231 4965 1436 5023 caelesti
1466 4967 1676 5040 pagina

73 5039 240 5107 jubeas
259 5047 543 5106 intimare.
572 5053 699 5108 Per.

568 5150 822 5201 Collectio
847 5151 913 5201 ad
939 5165 1143 5215 pacem.

132 5222 297 5282 Sancti
333 5230 589 5303 Martyris
618 5235 724 5303 tui,
753 5236 1012 5304 Domine,
1041 5237 1122 5292 ill.
1162 5253 1283 5308 nos,
1326 5255 1670 5313 quaesumus,

77 5321 286 5381 precatio
311 5329 500 5379 sancta
528 5330 788 5395 tueatur;
829 5332 883 5383 et
923 5330 1074 5400 quod
1109 5334 1303 5386 nostra
1337 5333 1675 5390 conscientia

76 5420 168 5461 non
195 5417 494 5487 praesumit,
525 5419 650 5488 ejus
673 5419 855 5490 nobis,
889 5422 988 5493 qui
1022 5423 1124 5478 tibi
1159 5424 1390 5495 placuit,
1421 5427 1673 5483 oratione

76 5496 310 5576 donetur;
349 5514 405 5563 et
432 5512 735 5580 praesentia
759 5529 1000 5569 munera
1026 5515 1104 5570 ita
1124 5531 1319 5572 serena
1345 5517 1550 5588 pietate
1575 5519 1666 5573 in-

77 5592 225 5661 tuere,
254 5603 313 5652 ut
335 5602 513 5657 sancti
544 5603 783 5674 Spiritus
805 5607 1219 5677 perfundantur
1242 5608 1666 5680 benedictione;

79 5686 120 5735 et
143 5685 191 5739 in
217 5693 418 5748 nostris
456 5695 724 5751 cordibus
753 5713 876 5754 eam
915 5699 1273 5757 dilectionem
1303 5701 1544 5758 validam
1579 5703 1670 5759 in-

81 5773 301 5850 fundant,
321 5801 423 5856 per
449 5803 628 5859 quam
655 5795 874 5846 sanctus
913 5793 1119 5865 Martyr
1141 5794 1224 5851 ill.
1260 5794 1449 5852 omnia
1482 5811 1672 5869 corpo-

83 5867 141 5919 ris
163 5875 429 5935 tormenta
457 5879 687 5936 devicit.
729 5883 849 5940 Per.

1698 4617 1756 4689 D
1780 4586 2097 4642 Dominum.

1805 2019 2031 2085 pectum
2054 2019 2348 2089 Majestatis
2371 2027 2482 2078 tuae
2505 2027 2754 2096 placatus
2776 2033 3028 2090 admitte.
3055 2031 3181 2092 Per.

2348 2120 2596 2173 Collectio
2620 2127 2866 2189 sequitur.

1877 2195 2138 2266 Inpetret,
2166 2197 2418 2270 Domine,
2459 2219 2804 2275 quaesumus,
2841 2208 3096 2267 ﬁdelibus
3120 2214 3232 2270 tuis
3258 2216 3418 2273 auxi-

1803 2285 1942 2341 lium
1968 2288 2143 2342 oratio
2161 2289 2315 2359 justa
2338 2295 2514 2349 sancti
2537 2297 2790 2369 Martyris
2827 2301 2908 2357 ill.
2943 2308 3009 2359 ut
3033 2304 3092 2360 in
3131 2307 3289 2378 cujus
3323 2327 3417 2365 su-

1802 2393 1929 2432 mus
1955 2379 2275 2437 celebritate
2299 2383 2504 2453 devoti,
2531 2389 2711 2444 simus
2736 2391 2857 2462 ejus
2883 2399 3032 2451 sorte
3069 2399 3366 2472 participes
3397 2419 3412 2457 :

1802 2470 2098 2540 proficiant
2129 2473 2251 2529 haec
2279 2492 2404 2546 quas
2433 2478 2740 2552 offerimus,
2769 2501 2872 2554 pro
2911 2470 3293 2548 incolumitate
3333 2493 3414 2549 vi-

1801 2563 2071 2634 ventium,
2099 2568 2154 2619 et
2180 2582 2283 2637 pro
2308 2570 2500 2640 requie
2527 2572 2941 2633 defunctorum.
2971 2581 3094 2636 Per.

2317 2660 2564 2712 Collectio
2593 2664 2656 2712 ad
2686 2680 2888 2729 pacem.

1871 2733 2116 2807 Suscipe,
2149 2737 2414 2810 Domine,
2457 2743 2732 2814 propitius
2797 2747 3107 2806 orationem
3166 2758 3416 2813 nostram

1801 2841 1931 2880 cum
1958 2827 2330 2886 oblationibus
2352 2833 2662 2892 hostiarum
2688 2839 3133 2913 superimpositis
3146 2863 3163 2914 ;
3193 2851 3248 2902 et
3270 2849 3412 2903 Mar-

1799 2917 1937 2988 tyris
1947 2920 2030 2974 tui
2051 2921 2132 2976 ill.
2163 2923 2549 2994 deprecatione
2573 2929 2769 3000 pietati
2788 2935 2899 2988 tuae
2915 2935 3120 3005 perﬁce
3138 2938 3416 3012 benignus

1797 3015 2050 3082 acceptas
2073 3031 2091 3083 ;
2127 3019 2180 3069 et
2204 3015 2360 3072 illam
2383 3035 2508 3090 qua:
2529 3020 2588 3075 in
2609 3037 2673 3076 eo
2699 3023 2961 3095 ﬂagravit
2985 3027 3142 3084 fortis
3165 3031 3407 3101 dilectio,

1797 3101 1857 3156 in
1881 3104 2040 3159 nobis
2063 3107 2282 3179 adspira
2309 3110 2608 3183 benignus.
2637 3116 2762 3171 Per.

2347 3204 2633 3254 Immolatio
2661 3208 2845 3259 missas.

1716 3253 1770 3327 C
1867 3275 2004 3330 Vere
2051 3245 2289 3349 dignum
2329 3245 2630 3352 et"
2662 3245 3166 3362 estﬁimnipotens
3204 3299 3412 3354 aeterne

1793 3366 1956 3434 Deus,
1990 3371 2044 3423 te
2079 3370 2140 3424 in
2169 3373 2424 3428 omnium
2460 3381 2774 3447 martyrum
2811 3381 3113 3454 triumphis
3156 3386 3406 3459 laudare,

1793 3460 2062 3528 quoniam
2089 3463 2202 3517 tuis
2225 3464 2386 3519 donis
2411 3470 2580 3537 atque
2605 3471 2934 3527 muneribus
2969 3474 3116 3530 beati
3155 3479 3406 3550 Martyris

1792 3549 1978 3622 287
2012 3553 2096 3608 tui
2120 3555 2201 3610 ill.
2227 3557 2545 3626 passionem
2561 3560 2833 3617 hodierna
2858 3565 3230 3624 sollemnitate
3248 3549 3408 3627 vene-

1789 3657 2001 3698 ramur.
2029 3645 2133 3708 Qui
2160 3663 2266 3718 pro
2297 3649 2643 3706 confessione
2667 3655 2797 3708 Iesu
2823 3655 3026 3710 Christi
3055 3659 3179 3714 Filii
3203 3662 3286 3715 tui
3315 3663 3400 3718 di-

1789 3749 1947 3789 versa
1995 3738 2265 3808 supplicia
2305 3741 2601 3811 sustinuit;
2645 3748 2699 3799 et
2735 3761 2800 3800 ea
2833 3747 3147 3820 devincens,
3195 3755 3405 3810 meruit

1788 3843 2052 3883 coronam
2086 3833 2493 3903 perpetuitatis,
2535 3851 2638 3906 per
2662 3837 2943 3895 Christum
2971 3841 3269 3900 Dominum
3295 3863 3398 3901 no-

1786 3923 1984 3976 strum.
2013 3922 2113 3977 Cui
2138 3925 2340 3980 merito
2358 3943 2472 3982 om.

2090 4029 2257 4085 LXIX.
2300 4047 2451 4087 IISSA
2487 4051 2552 4089 ne
2589 4051 2772 4092 rLUms
2811 4055 3089 4098 usarrms.

1803 4117 1810 4128 ’
1857 4124 2020 4191 Deus,
2042 4126 2140 4197 qui
2164 4133 2419 4185 sanctum
2447 4131 2608 4187 nobis
2632 4134 2803 4206 hujus
2833 4137 2942 4192 diei
2967 4139 3398 4200 sollemnitatem

1783 4231 1887 4287 pro
1911 4222 2446 4278 commemoratione
2470 4224 2921 4284 beatissimorum
2948 4231 3252 4304 Martyrum
3275 4241 3397 4293 tuo-

1783 4324 1911 4362 rum
1937 4308 2016 4364 ill.
2047 4313 2102 4365 et
2131 4312 2211 4368 ill.
2257 4315 2509 4384 passione
2558 4318 2756 4386 fecisti,
2794 4321 2984 4377 adesto
3026 4324 3256 4382 familiae
3285 4333 3398 4384 tum

1783 4402 2068 4472 precibus;
2096 4408 2153 4458 et
2179 4405 2252 4460 da
2284 4412 2350 4462 ut
2377 4425 2619 4479 quorum
2661 4411 2828 4467 hodie
2859 4414 2997 4468 festa
3030 4417 3392 4488 celebramus,

1782 4509 1978 4549 eorum
2021 4497 2237 4552 meritis
2275 4503 2332 4553 et
2377 4499 2863 4558 intercessionibus
2898 4506 3249 4576 adjuvemur.
3290 4513 3395 4568 Per

2326 4660 2574 4711 Collectio
2599 4663 2846 4727 sequitur.

1845 4739 2042 4792 Annua
2098 4737 2290 4807 nobis,
2340 4757 2684 4813 quaesumus,
2741 4745 3007 4816 Domine,
3073 4753 3393 4808 sanctorum

1772 4829 2077 4900 Martyrum
2115 4833 2344 4887 tuorum
2368 4833 2450 4889 ill.
2479 4838 2535 4890 et
2557 4835 2662 4904 ill.,
2693 4841 2757 4892 ut
2784 4854 2950 4909 opem
2974 4839 3140 4896 nobis
3165 4847 3277 4898 tua:
3302 4844 3393 4901 de-

1773 4921 2108 4992 precationis
2148 4923 2496 4998 impendant,
2529 4933 2584 4984 et
2617 4929 2761 4985 iram
2785 4935 2962 5002 tuam,
2994 4950 3163 5005 quam
3189 4939 3393 4993 nostris

1773 5013 2138 5083 pravitatibus
2185 5034 2493 5092 meremur,
2541 5021 2620 5077 eis
2661 5022 3161 5082 intervenientibus
3201 5030 3393 5086 evada-

1774 5122 1921 5162 mus.
1951 5109 2074 5163 Per.

2401 5182 2522 5232 Post
2542 5183 2770 5234 nomina.

1843 5257 2070 5313 Munera
2079 5273 2207 5330 quas
2225 5259 2549 5333 deferimus,
2565 5265 2818 5336 Domine,
2833 5267 3112 5342 benignus
3126 5272 3360 5334 adsume
3374 5294 3390 5345 ;

1774 5352 1830 5404 et
1863 5350 1994 5420 quia
2033 5351 2102 5407 de
2146 5353 2352 5408 nostris
2378 5355 2767 5427 impediuntur
2804 5360 3046 5434 offensis,
3076 5372 3394 5425 sanctorum

1772 5446 1999 5497 tuorum
2028 5445 2332 5518 Martyrum
2346 5447 2427 5503 ill.
2455 5451 2716 5520 precibus
2739 5454 3090 5524 adjuvemur.

2296 5540 2540 5592 Collectio
2569 5543 2634 5592 ad
2660 5558 2862 5608 pacem.

1841 5615 2165 5688 Propitiare,
2205 5620 2458 5689 Domine,
2495 5625 2997 5696 supplicationibus
3043 5634 3281 5705 nostris;
3337 5643 3393 5692 et

1771 5704 1861 5761 his
1891 5708 2089 5778 populi
2123 5711 2207 5766 tui
2248 5713 2646 5784 oblationibus,
2685 5718 3093 5781 intercedentes
3124 5704 3390 5797 Martyres

1771 5801 1896 5853 tuos
1929 5799 2007 5856 ill.
2045 5804 2103 5857 et
2139 5803 2242 5872 ill.,
2281 5809 2580 5878 praesentia
2622 5815 2734 5867 tuae
2775 5813 2994 5872 virtutis
3030 5816 3264 5872 inlustre
3286 5833 3304 5884 ;
3330 5821 3390 5870 et

1773 5891 2181 5956 celebrantibus
2207 5901 2437 5958 tuorum
2471 5905 2824 5978 memoriam,
2863 5922 2988 5964 eam
3031 5908 3384 5967 dilectionem
