3976 6412
521 429 618 481 307

521 537 778 606 infunde,
809 549 911 607 per
946 547 1118 606 quam
1159 529 1244 584 illi
1275 529 1478 583 cuncta
1527 523 1699 580 inlata
1738 519 1988 592 corporis
2029 523 2140 608 tor-
2159 523 2220 596 Α

521 635 710 688 menta
729 627 1070 684 devicerunt.
1091 626 1198 679 Per
1222 637 1376 677 eum.

1085 714 1372 766 Immolatio
1391 711 1576 763 missae.

1299 413 1632 480 APPENDIX
1665 411 1752 466 AD
1788 407 2008 463 OPEBA
2043 400 2278 458 SANCTI
2314 361 2618 455 GERMANII
2649 389 3074 450 PAPJSIENSIS.

3769 384 3862 435 308

2607 509 2778 563 LXXI”.
2819 519 2946 560 man
2985 515 3140 556 mssa
3178 511 3492 554 narrans.

2311 607 2477 674 Deus,
2505 603 2605 676 qui
2631 617 2736 656 nos
2770 603 3090 654 sanctorum
3118 593 3426 664 Martyrum
3453 593 3690 644 tuorum
3727 588 3864 642 tem-

2241 699 2420 772 porali
2460 695 2666 752 tribuis
2705 687 3238 747 commemoratione
3292 683 3538 754 gaudere
3555 723 3570 748 ,
3627 681 3830 750 praesta
3853 719 3868 744 ,

591 802 842 875 Βίειιιιιπι
894 805 950 856 εἴ
974 799 1196 870 justum
1241 801 1342 858 est.
1396 793 1748 862 omnipotens
1803 784 2144 857 sempiterne
2243 805 2588 865 quaesumus,
2625 791 2692 842 ut
2731 787 2790 840 in
2826 801 2890 839 ea
2923 795 3296 837 numeremur
3341 779 3490 831 sorte
3543 771 3766 840 salvati,
3815 769 3870 824 in

525 900 688 964 Deus,
721 900 778 952 te
802 896 1076 950 victorem
1103 890 1320 958 mortis,
1351 891 1406 942 et
1439 883 1914 954 triumphatorem
1937 879 2142 948 Marty-

523 1006 656 1046 rum
693 987 1052 1052 conlaudare,
1096 989 1150 1040 et
1185 984 1246 1038 in
1287 979 1581 1036 festivitate
1618 974 1904 1048 praesenti,
1937 973 2006 1027 in
2035 986 2148 1042 qua

521 1085 830 1156 Martyrum
855 1085 1082 1137 tuorum
1127 1077 1204 1132 ill.
1233 1079 1290 1130 et
1316 1073 1399 1129 ill.
1441 1069 1778 1126 memoriam
1819 1067 2142 1138 frequenta-

523 1194 651 1234 mus
683 1193 696 1232 :
735 1189 978 1246 quorum
999 1188 1102 1226 nos
1129 1170 1364 1224 delectat
1399 1170 1456 1221 et
1499 1161 1821 1220 certaminis
1865 1156 2150 1214 recordari

525 1268 913 1334 constantiam,
957 1269 1014 1320 et
1051 1261 1294 1318 victorias
1334 1257 1700 1329 contemplari
1759 1252 2013 1325 praemia.
2081 1251 2150 1305 Et

525 1364 652 1418 ideo
677 1366 730 1416 te
753 1359 1018 1431 petimus,
1043 1361 1110 1412 ut
1132 1354 1310 1410 beatis
1336 1352 1454 1407 istis
1487 1348 1819 1420 Martyribus
1858 1345 1938 1400 ill.
1977 1347 2034 1397 et
2065 1343 2144 1396 ill.

527 1455 651 1510 fieri
677 1471 782 1509 nos
811 1451 1120 1508 imitatores
1155 1447 1452 1514 concedas;
1481 1447 1545 1499 ut
1569 1442 1656 1496 vel
1695 1439 1926 1494 ultimos
1957 1437 2018 1490 in
2055 1451 2146 1490 re-

527 1545 920 1604 muneratione
943 1558 1140 1600 eorum
1155 1536 1543 1612 participando
1569 1532 1892 1600 constituas,
1921 1528 2018 1599 qui
2044 1527 2151 1582 illis

531 1657 635 1714 pro
653 1637 975 1695 certaminis
994 1633 1304 1690 constantia
1313 1627 1726 1685 beatitudinem
1749 1621 1996 1678 tribuisti
2011 1636 2152 1675 sem-

529 1712 810 1806 piternam
842 1747 854 1783 :
900 1745 1003 1800 per
1043 1725 1329 1782 Christum
1365 1719 1664 1776 Dominum
1715 1719 1994 1772 nostrum.
2051 1712 2152 1767 Cui

528 1825 730 1884 merito
749 1837 966 1878 omnes.

932 1928 1076 1982 LXX.
1108 1941 1231 1979 rrsu
1259 1937 1412 1978 mssa
1439 1932 1748 1974 mamma
2173 1882 2230 1954 B

609 2031 829 2095 Adesto,
857 2026 1112 2094 Domine,
1149 2021 1412 2094 precibus
1449 2015 1678 2084 nostris,
1716 2028 1854 2085 quas
1893 2012 1953 2066 in
1993 2025 2152 2065 sanc-

535 2131 728 2181 torum
751 2127 979 2178 tuorum
999 2120 1304 2188 Martyrum
1327 2113 1408 2167 ill.
1440 2115 1497 2165 et
1521 2109 1603 2163 ill.
1625 2102 2157 2161 commemoratione

535 2216 859 2281 deferimus,
889 2217 955 2268 ut
977 2211 1076 2283 qui
1099 2211 1306 2264 nostra:
1317 2203 1550 2275 justitiaa
1573 2199 1838 2255 ﬁduciam
1853 2214 1972 2252 non
1989 2196 2158 2251 habe-

535 2327 682 2379 mus,
711 2323 906 2364 eorum
941 2305 1040 2376 qui
1069 2301 1172 2358 tibi
1203 2299 1537 2371 placuerunt
1561 2292 1778 2348 meritis
1804 2291 2154 2362 adjuvemur.

535 2407 640 2460 Per
663 2401 969 2457 Dominum
993 2399 1250 2451 nostrum
1274 2390 1480 2445 Filium
1500 2393 1685 2443 tuum.

1096 2482 1344 2534 Collectio
1366 2479 1614 2545 sequitur.

607 2571 800 2647 288
833 2567 1162 2640 Propitiare,
1203 2563 1460 2628 Domine,
1512 2555 2012 2630 supplicationibus
2051 2569 2160 2608 no-

537 2646 760 2734 stris,et
773 2662 1032 2732 exemplo
1056 2661 1377 2714 sanctorum
1403 2655 1713 2722 Martyrum
1737 2655 1969 2708 tuorum
1995 2646 2076 2701 ill.
2109 2649 2166 2701 et

537 2763 620 2816 ill.
647 2761 935 2815 ﬂammam
955 2754 1018 2808 in
1039 2749 1200 2807 nobis
1227 2753 1340 2804 tum
1367 2745 1611 2802 caritatis
1633 2742 1872 2797 accende
1885 2759 1902 2810 ;
1931 2744 1998 2795 ut
2021 2753 2162 2811 quo-

537 2869 668 2909 rum
703 2867 806 2907 nos
831 2846 1032 2904 feceris
1073 2845 1400 2908 imitatores,
1438 2839 1638 2910 jubeas
1689 2851 1808 2891 esse
1859 2835 2163 2888 consortes.

539 2949 662 3002 per.
1025 3004 1276 3058 Collectio
1301 3005 1420 3066 post
1445 2999 1675 3051 nomine.

613 3095 950 3150 Sanctorum
965 3090 1276 3158 Martyrum
1287 3087 1520 3138 tuorum
1535 3080 1616 3136 ill.
1636 3083 1692 3135 et
1701 3078 1806 3148 111.,
1820 3091 2165 3150 quaesumus,

543 3187 798 3254 Domine,
832 3181 1092 3254 precibus
1138 3178 1492 3249 adjuvemur,
1539 3179 1604 3228 ut
1629 3173 1778 3244 quod
1820 3174 2011 3254 npstra
2035 3185 2164 3240 pos-

2244 903 2356 959 qua
2375 885 2456 940 illi
2478 885 2611 938 sunt
2635 879 2976 935 confessione
3003 874 3088 930 tui
3109 870 3356 928 nominis
3381 865 3634 942 gloriosi.
3663 866 3788 920 Per.

2753 1017 2762 1024 .
2791 969 3038 1020 Collectio
3071 963 3317 1029 sequitur.

2317 1061 2482 1126 Deus,
2511 1055 2571 1110 in
2595 1055 2754 1124 cujus
2781 1053 3084 1122 conspectu
3110 1062 3262 1102 mors
3288 1047 3370 1100 est
3392 1040 3640 1115 pretiosa
3659 1041 3872 1094 sancto-

2245 1169 2397 1222 rum,
2424 1149 2608 1206 tribue
2631 1151 2698 1202 ut
2721 1144 2881 1201 nobis
2909 1141 3169 1198 ﬁdelibus
3195 1138 3306 1194 vita
3331 1135 3590 1192 conferat
3615 1131 3874 1205 quicquid

2244 1245 2353 1302 illis
2377 1259 2530 1299 mors
2556 1242 2756 1297 devota
2791 1235 3076 1292 concessit.

2741 1329 2988 1380 Collectio
3007 1329 3125 1392 post
3147 1324 3378 1375 nomina.

2319 1417 2552 1486 Exaudi,
2580 1401 2833 1481 Domine,
2869 1407 3226 1465 offerentium
3257 1401 3453 1478 289
3497 1416 3723 1473 preces,
3759 1403 3878 1454 vota

2250 1512 2489 1582 suscipe,
2525 1511 2751 1580 peccata
2780 1503 3019 1559 dimitte.
3048 1501 3253 1554 Tribue
3281 1511 3510 1570 quoque
3535 1499 3772 1549 tuorum
3797 1492 3878 1546 in-

2251 1603 2586 1661 tercessione
2615 1603 2933 1655 sanctorum
2961 1597 3272 1664 Martyrum
3302 1589 3444 1645 caris
3473 1586 3686 1642 nostris
3705 1585 3804 1657 qui
3829 1584 3884 1638 in

2252 1697 2470 1753 Christo
2505 1693 2816 1760 dormiunt,
2847 1686 3212 1758 refrigerium
3251 1684 3310 1738 in
3341 1681 3580 1754 regione
3607 1679 3882 1734 vivorum.

2255 1792 2359 1846 Per
2383 1787 2682 1844 Dominum
2706 1787 2986 1838 nostrum.

2779 1871 3030 1925 Collectio
3058 1869 3122 1919 ad
3148 1881 3352 1932 pacem.

2323 1960 2690 2031 Omnipotens
2711 1953 3050 2026 sempiterne
3073 1953 3238 2018 Deus,
3263 1948 3449 2003 tribue
3473 1944 3643 2000 nobis
3667 1940 3886 1998 famulis

2253 2054 2365 2110 tuis
2389 2057 2454 2108 ut
2473 2052 2614 2107 sicut
2636 2052 2902 2120 Martyres
2929 2046 3014 2102 tui
3040 2045 3108 2098 ad
3133 2041 3391 2096 brevium
3433 2053 3705 2109 supernae
3741 2051 3889 2089 voca-

2255 2146 2422 2203 tionis
2444 2144 2822 2210 tetenderunt,
2849 2141 2924 2194 ita
2949 2155 3068 2205 nos,
3100 2139 3361 2207 superato
3391 2133 3574 2200 hoste,
3603 2128 3890 2184 victoriam

2258 2253 2696 2310 consequamur;
2725 2239 2780 2290 et
2795 2249 2990 2305 pacem
3010 2246 3182 2302 quam
3210 2228 3270 2281 in
3297 2225 3461 2280 labiis
3479 2223 3596 2278 oris
3644 2221 3890 2292 exsequi-

2259 2349 2408 2402 mur,
2441 2328 2810 2386 immaculatis
2823 2324 3082 2380 cordibus
3098 2326 3412 2377 teneamus.
3441 2320 3547 2372 Per
3567 2315 3886 2372 Dominum.

2830 2415 3116 2467 lmmolatio
3148 2413 3338 2464 missas.

2331 2505 2576 2577 Dignum
2623 2507 2680 2557 et
2715 2501 2936 2572 justum
2977 2501 3078 2566 est,
3135 2493 3492 2564 omnipotens
3545 2488 3895 2562 sempiterne

2263 2603 2425 2656 Deus.
2453 2595 2728 2661 Quoniam
2756 2611 2788 2648 a
2813 2597 2868 2648 te
2895 2589 3270 2646 constantiam
3297 2585 3456 2654 ﬁdes,
3487 2601 3521 2638 a
3545 2589 3609 2638 te
3639 2582 3897 2636 virtutem

2264 2691 2438 2748 sumit
2465 2689 2762 2745 inﬁrmitas
2773 2705 2790 2757 ;
2821 2689 2877 2741 et
2902 2681 3175 2758 quicquid
3201 2681 3260 2736 in
3285 2675 3784 2752 persecutionibus
3809 2691 3898 2727 sae-

2265 2802 2417 2855 vum,
2448 2781 2716 2856 quicquid
2743 2781 2804 2835 in
2829 2781 3009 2833 morte
3034 2774 3288 2832 terribile
3314 2775 3418 2842 est,
3445 2769 3709 2826 nominis
3729 2769 3812 2824 tui
3832 2768 3898 2822 fa-

2265 2879 2344 2933 cis
2372 2875 2718 2933 confessione
2745 2887 3031 2944 superare.
3068 2868 3225 2923 Unde
3259 2863 3658 2921 benedicimus
3687 2867 3766 2931 te,
3801 2865 3894 2916 Do-

2266 2973 2440 3041 mine,
2468 2971 2530 3024 in
2567 2967 2831 3040 operibus
2879 2963 3030 3020 tuis:
3081 2967 3252 3033 teque
3289 2960 3351 3014 in
3389 2963 3728 3013 sanctorum
3767 2957 3896 3011 Mar-

2267 3071 2460 3137 tyrum
2483 3067 2714 3117 tuorum
2733 3059 2815 3114 ill.
2839 3061 2895 3114 et
2913 3057 2993 3112 ill.
3027 3053 3430 3128 gloriﬁcatione
3455 3051 3787 3120 laudamus,
3817 3047 3900 3102 ob-

2271 3161 2546 3215 secrantes
2567 3159 2634 3210 ut
2655 3151 2995 3208 intervenire
3019 3165 3123 3220 pro
3164 3164 3222 3204 se
3259 3143 3658 3202 excolentibus
3687 3143 3900 3214 jubeas,

545 3235 914 3336 sibilitas,an
942 3273 1177 3338 obtinet,
1203 3235 1412 3325 eorum
1555 3235 1686 3322 ante
1711 3267 1766 3318 te
1788 3235 1930 3334 justi
1953 3235 2168 3317 inventi
2189 3239 2244 3314 C
2267 3269 2409 3325 quos
2435 3251 2712 3323 perpetua
2737 3243 3196 3301 remuneratione
3223 3239 3454 3310 exaltas,
3485 3255 3600 3310 per
3624 3236 3904 3293 Christum

547 3375 680 3427 sunt
724 3367 885 3424 nobis
934 3364 1183 3420 oratione
1219 3362 1491 3428 donetur;
1541 3362 1597 3413 et
1644 3371 1892 3428 quorum
1936 3353 2174 3408 nomina

547 3467 676 3520 ante
703 3462 879 3516 altare
919 3461 1175 3514 sanctum
1213 3457 1347 3509 sunt
1371 3452 1616 3518 recitata,
1647 3463 1740 3505 eos
1773 3447 1932 3519 quies
1965 3449 2174 3500 aeterna

549 3553 836 3627 suscipiat.
858 3553 963 3607 Per
987 3548 1292 3604 Dominum
1317 3549 1594 3601 nostrum.

1075 3638 1326 3690 Collectio
1349 3637 1414 3688 ad
1442 3647 1646 3700 pacem.

619 3726 988 3797 Omnipotens
1025 3720 1366 3791 sempiterne
1413 3719 1577 3786 Deus,
1616 3713 1712 3786 qui
1744 3713 1804 3766 in
1845 3711 2174 3766 Sanctorum

548 3821 807 3877 cordibus
833 3817 1126 3872 ﬂammam
1141 3817 1254 3868 tua:
1280 3809 1596 3866 dilectionis
1621 3804 1897 3872 accendis,
1925 3803 1996 3858 da
2012 3819 2172 3858 men-

549 3915 699 3969 tibus
762 3908 1020 3966 eamdem
1081 3906 1284 3972 ﬁdem,
1350 3900 1712 3970 caritatisque
1759 3897 2053 3966 virtutem,
2113 3901 2180 3952 ut

551 4020 798 4078 quorum
817 3999 1130 4072 gaudemus
1150 3994 1478 4066 triumphis,
1505 3990 1862 4064 proﬁciamus
1886 3989 2174 4060 exemplis.

548 4099 677 4155 Per.
1124 4157 1412 4208 Immolatio
1431 4156 1617 4206 missae.

629 4247 768 4300 Vere
793 4244 1032 4315 dignum
1058 4245 1114 4295 et
1135 4241 1354 4311 justum
1383 4243 1466 4292 est
1489 4253 1594 4291 nos
1622 4233 1723 4290 tibi
1751 4233 1956 4305 gratias
1987 4247 2176 4304 agere,

559 4339 914 4410 omnipotens
958 4339 1166 4390 eteme
1208 4333 1372 4398 Deus,
1421 4345 1524 4400 per
1558 4328 1842 4384 Christum
1877 4326 2181 4380 Dominum

555 4437 834 4490 nostrum.
863 4428 968 4493 Qui
997 4425 1323 4500 gloriﬁcaris
1348 4423 1408 4478 in
1427 4422 1665 4477 concilio
1693 4423 2014 4475 sanctorum
2035 4419 2177 4472 Mar-

555 4533 767 4598 tyrum,
800 4538 1043 4592 magnus
1069 4525 1127 4575 et
1153 4517 1417 4574 terribilis
1443 4531 1613 4587 super
1639 4530 1834 4570 omnes
1854 4511 1954 4584 qui
1979 4512 2042 4565 in
2068 4511 2180 4564 cir-

2271 3345 2574 3402 Dominum
2597 3345 2876 3397 nostrum.
2905 3339 3011 3392 Per
3034 3352 3225 3408 quem.

2591 3451 2785 3508 LXXII.
2819 3464 2970 3503 mssa
3009 3463 3172 3502 omns
3212 3459 3590 3500 courassoms.

2345 3557 2487 3610 Deus
2523 3550 2778 3606 ﬁdelium
2821 3549 3214 3602 remunerator
3238 3543 3589 3610 animarum,
3621 3547 3830 3614 praesta
3859 3543 3912 3594 ut

2274 3647 2592 3702 celebritate
2619 3641 2886 3714 praesenti
2909 3639 3084 3694 sancti
3108 3635 3438 3693 confessoris
3457 3636 3546 3690 tui
3577 3641 3639 3690 et
3678 3632 3912 3707 episcopi

2275 3741 2357 3796 ill.
2394 3740 2466 3794 sit
2505 3738 2666 3793 nobis
2711 3734 3031 3790 veneranda
3075 3731 3423 3786 sollemnitas
3467 3731 3526 3784 et
3573 3729 3912 3802 placitorum

2273 3834 2378 3890 tibi
2412 3831 2670 3904 precibus
2697 3826 3110 3899 indulgentiam
3133 3825 3574 3896 consequamur.
3605 3825 3719 3878 Per
3741 3819 3912 3878 Domi-

2275 3944 2417 3984 num
2437 3929 2716 3982 nostrum.

2825 3988 3070 4041 Collectio
3097 3987 3348 4051 sequitur.

2347 4075 2582 4143 Exaudi,
2621 4073 2875 4139 Domine,
2919 4085 3112 4142 preces
3153 4071 3392 4138 nostras,
3447 4083 3596 4139 quas
3639 4067 3706 4122 in
3753 4065 3915 4122 sancti

2280 4169 2620 4226 Confessoris
2635 4167 2716 4222 tui
2743 4167 2824 4220 ill.
2850 4161 3384 4219 commemoratione
3409 4160 3758 4230 deferimus,
3779 4166 3844 4215 ut
3863 4160 3916 4213 in

2280 4266 2579 4335 conspectu
2609 4265 2708 4316 tuo
2735 4264 2791 4316 et
2815 4259 2912 4330 qui
2939 4256 3043 4312 tibi
3071 4255 3242 4326 digne
3269 4254 3484 4310 meruit
3506 4253 3790 4310 famulari
3811 4253 3912 4309 cla-

2279 4373 2376 4413 rus
2403 4371 2626 4426 semper
2671 4353 2889 4421 existat,
2931 4355 2987 4405 et
3028 4347 3362 4420 supplicatio
3395 4363 3502 4403 nos
3543 4349 3787 4421 adjuvet
3827 4347 3916 4404 tibi

2283 4455 2439 4522 grata
2453 4449 2756 4520 justorum.
2786 4447 2910 4500 Per.

2766 4537 3015 4588 Collectio
3042 4537 3160 4599 post
3185 4533 3416 4584 nomina.

555 4619 710 4674 cuitu
737 4621 834 4672 tuo
866 4619 1016 4669 sunt.
1041 4612 1165 4668 Tibi
1203 4611 1354 4666 enim
1396 4609 1648 4664 serviunt
1683 4621 1880 4662 omnes
1911 4607 2182 4658 creature
2201 4597 2259 4668 D
2351 4621 2618 4676 Lmtiﬁcet
2643 4636 2766 4684 nos,
2813 4597 3162 4689 quaesun‘ms,
3199 4614 3452 4683 nomine,
3495 4617 3686 4672 sancti
3713 4615 3920 4672 Confes_

557 4715 668 4764 tua:
696 4725 710 4764 :
740 4707 876 4779 quia
917 4711 974 4761 te
1018 4705 1204 4760 solum
1245 4706 1543 4756 Auctorem
1591 4704 1648 4754 et
1689 4697 1992 4752 Dominum
2031 4711 2183 4754 reco-

555 4805 832 4874 gnoscant
849 4817 866 4868 ;
897 4801 953 4856 et
977 4797 1038 4851 in
1077 4795 1234 4850 omni
1269 4795 1484 4849 factura
1521 4808 1720 4848 eorum
1753 4795 1810 4844 te
1848 4788 2184 4843 conlaudant

553 4899 610 4950 et
632 4893 976 4951 benedicunt
999 4905 1196 4944 omnes
1224 4888 1400 4942 sancti
1449 4887 1552 4942 tui.
1593 4884 1698 4950 Qui
1735 4898 2010 4954 magnum
2043 4881 2182 4936 illud

554 4985 842 5060 Unigeniti
866 4985 952 5040 tui
979 4998 1207 5050 nomen,
1235 4981 1386 5054 quod
1423 4984 1509 5036 est
1542 4993 1712 5049 super
1749 4992 1916 5030 omne
1948 4990 2178 5042 nomen,

551 5097 743 5136 coram
793 5077 1026 5147 regibus
1072 5079 1127 5129 et
1181 5073 1548 5146 potestatibus
1593 5069 1786 5125 saeculi
1831 5068 2002 5138 hujus
2050 5083 2181 5122 voce

553 5173 732 5228 libera
757 5169 1105 5237 conﬁtentes,
1137 5168 1205 5222 de
1241 5163 1692 5239 persecutoribus
1718 5161 1832 5217 tuis
1866 5165 1922 5216 et
1960 5159 2180 5214 diabolo

551 5263 1000 5333 triumpharunt,
1029 5265 1084 5316 et
1109 5261 1420 5332 pretiosum
1445 5257 1550 5314 tibi
1582 5255 1918 5328 sanguinem
1944 5253 2184 5324 gloriosa

555 5359 738 5410 morte
769 5354 1054 5410 fuderunt.
1095 5354 1250 5410 Unde
1281 5350 1666 5408 benedicimus
1703 5354 1780 5418 te,
1817 5346 2072 5416 Domine,
2121 5345 2181 5400 in

552 5447 817 5518 operibus
854 5447 1004 5518 tuis;
1061 5451 1229 5519 teque
1277 5445 1337 5500 in
1383 5449 1704 5500 sanctorum
1756 5446 1988 5496 tuorum
2045 5440 2182 5494 Mar-

553 5545 742 5611 tyrum
783 5541 864 5596 ill.
912 5545 968 5596 et
1023 5541 1104 5596 ill.
1149 5536 1686 5596 commemoratione
1725 5533 2019 5588 laudamus
2051 5548 2180 5586 cum

554 5633 788 5705 angelis,
843 5639 900 5690 et
945 5632 1320 5703 archangelis,
1393 5629 1634 5695 thronis,
1687 5629 1744 5679 et
1793 5625 2182 5680 dominationi-

553 5727 676 5796 bus,
725 5727 1000 5784 cherubin
1053 5739 1282 5796 quoque
1335 5727 1392 5777 et
1444 5719 1726 5791 seraphin,
1783 5718 1880 5790 qui
1939 5717 2178 5789 gloriam

551 5825 710 5876 tuam
763 5835 880 5878 non
943 5821 1162 5874 cessant
1219 5814 1458 5870 clamare
1477 5855 1492 5884 ,
1563 5812 1850 5868 dicentes:
1917 5811 2178 5880 Sanctus,

555 5913 806 5982 Sanetus,
837 5913 1090 5967 Sanctus.

2282 4716 2425 4771 soris
2463 4715 2546 4770 tui
2599 4717 2656 4768 et
2690 4712 2946 4783 Episcopi
2981 4710 3060 4764 ill.
3105 4725 3296 4763 annua
3328 4709 3642 4765 devotione
3693 4709 3920 4782 repetita

2283 4808 2644 4876 sollemnitas,
2675 4811 2740 4861 ut
2763 4821 2867 4876 per
2891 4805 3011 4859 haec
3039 4804 3132 4874 pie
3161 4801 3460 4857 oblationis
3507 4803 3732 4872 ofﬁcia,
3771 4809 3826 4858 et
3859 4802 3916 4856 il-

2279 4905 2400 4958 lum
2425 4899 2720 4956 retributio
2745 4899 2906 4954 beata
2929 4897 3249 4963 comitetur,
3291 4901 3347 4950 et
3381 4895 3550 4950 nobis
3593 4914 3780 4953 sacrae
3829 4896 3918 4950 tri-

2281 4996 2488 5051 buatur
2511 4991 2844 5048 sufﬁcientia
2868 4989 3169 5045 servitutis.
3197 4991 3322 5044 Per.

2809 5083 3056 5134 Collectio
3081 5081 3146 5131 ad
3171 5095 3378 5146 pacem.

2351 5170 2455 5222 Per
2481 5166 2730 5221 studium
2761 5163 3046 5219 charitatis
3071 5179 3186 5217 non
3215 5161 3378 5229 ﬁctae,
3421 5167 3478 5218 et
3515 5163 3921 5221 intercessione

2281 5259 2584 5316 beatissimi
2607 5255 2950 5314 Confessoris
2967 5256 3053 5310 tui
3075 5260 3134 5311 et
3161 5255 3422 5326 Episcopi
3445 5255 3528 5310 ill.
3557 5259 3757 5313 tuere.
3778 5273 3921 5329 quas-

2281 5369 2496 5422 sumus,
2529 5352 2782 5420 Domine,
2821 5349 3093 5406 familiam
3131 5353 3310 5418 tuam,
3361 5353 3418 5403 et
3452 5363 3562 5420 per
3611 5347 3924 5406 dilectionis

2279 5446 2568 5502 vinculum
2589 5443 2979 5516 spiritualibus
3003 5443 3218 5497 instrue
3245 5441 3587 5514 disciplinis.
3619 5445 3756 5500 Per.

2839 5535 3127 5586 Immolatio
3150 5535 3340 5585 missae.

2353 5617 2545 5692 290
2573 5621 2712 5674 Vere
2731 5617 2972 5690 dignum
2992 5621 3050 5672 et
3063 5617 3284 5687 justum
3309 5619 3414 5685 est,
3441 5632 3548 5671 nos
3565 5617 3684 5674 tibi
3715 5633 3926 5689 semper

2283 5719 2338 5770 et
2365 5714 2576 5786 ubique
2599 5711 2804 5783 gratias
2829 5727 3018 5783 agere,
3047 5709 3282 5766 Domine
3303 5714 3518 5778 sancte,
3550 5713 3737 5769 Pater
3757 5710 3924 5768 omni-

2281 5811 2500 5879 potens,
2531 5810 2739 5862 aaterne
2763 5807 2928 5860 Deus.
2957 5804 3064 5868 Qui
3103 5802 3433 5875 gloriﬁcaris
3473 5804 3536 5859 iu
3577 5807 3924 5864 confessione

2284 5905 2642 5970 sanctorum;
2677 5903 2732 5955 et
2761 5913 2876 5954 non
2911 5897 3094 5954 solum
3131 5896 3636 5955 excellentioribus
3679 5899 3924 5976 praemiis
