3976 6420
139 468 224 519 309
1186 468 1273 523 DE
1309 468 1619 524 LITURGIA
1655 471 2024 527 GALLICANA
2061 473 2257 528 LIBER
2294 472 2382 527 III.

3361 479 3466 530 310

135 573 429 641 martyrum
457 572 699 626 tuorum
729 571 935 626 merita
964 571 1216 642 gloriosa
1235 573 1614 645 prosequeris,
1649 576 1746 630 sed
1768 586 1827 660 Α
1850 579 1980 643 tuae,
2013 580 2070 631 et
2098 577 2170 632 da
2199 594 2421 649 pacem,
2451 594 2622 648 quam
2645 594 2985 649 permanere
3010 578 3228 650 jugiter
3260 595 3468 651 prace-

135 664 287 718 etiam
319 679 546 716 sacrum
588 663 976 718 ministerium
1015 667 1472 736 competentibus
1508 668 1748 722 servitiis

135 759 506 826 exsequentes,
537 756 819 826 gaudium
848 757 1074 810 Domini
1108 758 1192 811 sui
1225 759 1427 812 tribuis
1465 760 1748 830 benignus

135 850 474 913 intrare;.ut
510 847 613 918 qui
647 847 707 902 in
755 849 1002 915 modico,
1044 850 1153 904 hoc
1190 853 1272 903 est
1308 851 1366 904 in
1407 869 1580 922 parvo
1619 854 1747 907 vitae

135 940 406 1012 praesentis
443 957 722 1007 excursu,
772 942 956 995 ﬁdelis
1009 943 1300 1012 apparuit,
1351 960 1521 1014 supra
1569 947 1749 1000 multa

134 1035 283 1099 bona,
315 1032 511 1103 utique
543 1033 603 1086 in
637 1034 1053 1104 sempiternum
1076 1051 1366 1104 mansura,
1393 1037 1746 1093 beatitudine

136 1127 465 1197 disponatur.
493 1127 608 1180 Per
633 1127 923 1181 Christum
953 1127 1263 1182 Dominum
1290 1132 1566 1184 nostrum.

305 1233 518 1286 LXXIII.
564 1249 730 1289 mssa
769 1249 836 1288 DE
874 1249 1071 1287 PLURES
1112 1239 1536 1290 conrassonas'.

193 1332 418 1399 Protege
448 1347 578 1397 nos,
617 1347 964 1402 quaesumus,
996 1330 1258 1398 Domine,
1291 1335 1522 1386 tuorum
1541 1332 1744 1403 depre-

137 1421 336 1476 catione
354 1423 673 1492 justorum,
710 1426 774 1477 ut
803 1439 1048 1494 quorum
1081 1423 1504 1480 circumdamur
1544 1424 1744 1480 suffra-

138 1515 235 1584 gio,
265 1516 560 1570 foveamur
591 1516 824 1570 auxilio.
857 1518 981 1570 Per.

193 1676 337 1731 Adsit
366 1677 550 1744 nobis,
585 1608 1232 1748 Domingflqﬁzggumus,
1270 1678 1522 1748 precatio
1550 1682 1748 1734 sancta

131 1769 386 1837 justorum
414 1786 426 1822 :
460 1786 589 1840 qum
627 1787 732 1824 nos
764 1787 797 1823 a
828 1771 1074 1824 terrenis
1114 1769 1408 1824 affectibus
1435 1771 1744 1826 incessabi-

136 1861 244 1915 liter
267 1862 557 1932 expeditos
589 1864 823 1918 coelesta
846 1862 1174 1917 desiderare
1198 1863 1474 1934 perﬁciat.
1510 1866 1637 1918 Per.

735 1955 856 2003 Post
897 1954 1126 2003 nomine.

194 2023 529 2079 Sacriﬁcium
562 2024 690 2091 tibi,
729 2025 994 2094 Domine,
1026 2025 1210 2079 laudis
1241 2024 1533 2079 offerimus
1559 2026 1618 2080 in
1648 2043 1742 2080 ve-

139 2117 449 2171 nerabilium
486 2118 1049 2172 commemoratione
1093 2122 1424 2172 sanctorum
1465 2121 1694 2172 tuorum
1729 2135 1742 2172 :

138 2209 214 2274 da,
256 2225 597 2280 quaesumus,
649 2210 913 2277 Domine,
956 2213 1017 2264 ut
1061 2210 1215 2280 quod
1257 2209 1365 2264 illis
1409 2211 1648 2265 contulit
1672 2210 1744 2266 ad

138 2301 374 2370 gloriam,
401 2303 570 2356 nobis
604 2303 869 2378 proﬁciat
898 2303 970 2355 ad
1003 2303 1266 2356 salutem.
1306 2304 1431 2357 Per.

779 2390 855 2440 Ad
885 2404 1089 2453 pacem.

194 2464 506 2519 Oblationes
523 2464 764 2519 familiae
788 2469 923 2532 tuae,
944 2464 1201 2532 Domine,
1236 2481 1579 2535 quaesumus,
1606 2465 1740 2521 bea-

140 2557 454 2612 tissimorum
482 2561 820 2612 sanctorum
849 2560 1080 2612 tuorum
1109 2557 1390 2612 confessio
1420 2557 1589 2612 beata
1614 2574 1744 2612 con-

140 2650 290 2708 ciliet;
319 2654 373 2703 et
397 2667 522 2721 quae
557 2651 775 2704 nostris
799 2650 990 2704 minus
1021 2653 1154 2720 apta
1176 2653 1307 2703 sunt
1331 2649 1568 2716 meritis,
1602 2650 1744 2704 ﬁant

141 2741 220 2794 tibi
248 2743 459 2812 placitae
478 2746 722 2797 tuorum
755 2743 1159 2814 deprecatione
1180 2743 1486 2813 justorum.
1521 2743 1648 2796 Per.

778 2838 1085 2888 Immolatio.

196 2909 422 2979 Dignum
457 2913 515 2964 et
540 2911 769 2982 justum
815 2914 918 2963 est.
963 2911 1104 2963 Vere
1148 2909 1388 2980 dignum
1437 2911 1494 2962 et
1520 2909 1739 2978 justum

138 3004 223 3065 est,
249 3001 336 3073 qui
362 3019 476 3057 non
514 3004 708 3057 solum
740 3005 1080 3073 martyrum,
1115 3002 1213 3055 sed
1253 3001 1426 3056 etiam
1461 3001 1740 3055 confesso-

138 3109 244 3146 rum
285 3098 506 3150 tuorum
558 3113 623 3149 es
668 3094 875 3150 virtute
907 3093 1202 3148 mirabilis.
1260 3093 1414 3147 Licet
1462 3092 1615 3147 enim
1657 3093 1739 3147 illi

138 3185 368 3255 passione
395 3188 508 3242 sint
545 3187 710 3254 clari,
756 3186 852 3257 qui
893 3187 1196 3241 manifeste
1230 3187 1435 3240 acerba
1465 3185 1739 3257 supplicia

135 3280 494 3334 sustinuerunt
529 3284 589 3335 et
619 3282 934 3346 tormenta,
966 3278 1141 3332 etiam
1176 3278 1264 3332 isti
1293 3281 1488 3332 tamen
1518 3280 1736 3332 occulte
1757 3291 1811 3365 Ο

136 3372 395 3441 proposito
455 3371 856 3442 castigationis
896 3371 1110 3437 afflicti,
1156 3369 1408 3437 cruciati,
1468 3369 1739 3441 spiritalis

137 3462 476 3520 observantiaa
509 3464 829 3536 disciplinis
858 3464 1088 3518 illorum
1113 3467 1246 3517 sunt
1276 3462 1515 3533 vestigia
1542 3463 1732 3518 subse-

135 3555 246 3609 cuti.
273 3558 372 3611 Per
394 3558 687 3612 Christum
713 3557 1020 3612 Dominum
1052 3567 1094 3609 α.

317 3668 524 3722 LXXIV.
567 3684 729 3722 MISSA
771 3683 955 3722 SANCTI
1004 3681 1229 3720 nanum
1268 3681 1518 3720 muscam.

193 3761 393 3818 Summi
424 3764 743 3820 sacerdotis
767 3763 849 3817 tui
869 3763 1051 3817 Patris
1081 3761 1258 3816 nostri
1275 3761 1495 3816 Martini
1517 3759 1733 3832 episco-

136 3853 181 3921 pi
219 3855 374 3910 bodie
416 3857 845 3928 depositionem
881 3855 1303 3910 celebrantibus
1342 3853 1527 3907 tribue
1549 3854 1732 3920 nobis,

137 3946 360 4015 Domine,
390 3954 449 4004 ut
471 3951 618 4005 sicut
648 3949 1266 4004 commemorationem
1290 3946 1411 4015 ejus
1442 3945 1732 4000 devotissi-

137 4054 211 4092 me
226 4041 468 4110 colimus”,
485 4043 565 4098 ita
584 4046 646 4097 et
657 4059 801 4114 opus
815 4040 999 4114 291
1029 4038 1594 4094 ﬁdeliterimitemur.
1609 4041 1731 4093 Per.

193 4206 337 4272 Deus,
361 4207 453 4278 qui
479 4212 741 4262 sanctam
773 4135 1080 4262 ηξὲἒξῖἰῗὲἱ.
1094 4206 1262 4275 hujus
1290 4204 1734 4259 sollemnitatem

136 4298 451 4365 predicandi
485 4318 551 4356 ac
572 4300 920 4355 venerabilis
942 4299 1254 4354 sacerdotis
1276 4297 1358 4351 tui
1381 4297 1741 4367 depositione

135 4388 327 4446 Martini
355 4394 608 4465 episcopi
642 4396 914 4464 praestare
944 4393 1212 4462 dignatus
1239 4408 1316 4457 es,
1351 4390 1555 4456 tribue,
1581 4405 1734 4460 qua:-

138 4497 319 4550 snmus,
352 4489 412 4538 ut
437 4487 596 4556 quod
629 4485 840 4539 nostris
881 4485 1141 4539 obtinere
1173 4482 1435 4554 precibus
1462 4499 1578 4536 non
1605 4499 1733 4553 pos-

136 4589 316 4642 sumus,
341 4577 511 4648 ipsius
542 4594 879 4632 mereamur
908 4577 1169 4631 obtinere
1203 4574 1504 4646 suffragiis.
1535 4577 1659 4628 Per.

726 4670 846 4719 Post
893 4669 1122 4718 nomina.

191 4742 387 4797 Auditis
407 4743 742 4799 nominibus
763 4743 1128 4807 offerentum,
1159 4741 1366 4794 fratres
1391 4737 1729 4804 charissimi,

135 4833 512 4903 omnipotentis
533 4837 632 4892 Dei
659 4835 1108 4890 inenarrabilem
1131 4831 1583 4886 misericordiam
1607 4847 1733 4901 sup-

136 4924 282 4991 plices
300 4931 672 4998 postulemus,
699 4932 762 4982 ut
783 4927 1020 4982 nomina
1040 4929 1257 4992 nostra,
1283 4925 1378 4995 qui
1399 4924 1457 4978 in
1475 4924 1627 4977 hunc
1647 4939 1735 4977 ce-

136 5015 469 5075 leberrimum
489 5022 644 5076 diem
659 5022 717 5076 in
731 5022 1015 5076 honorem
1030 5018 1208 5073 sancti
1227 5016 1494 5071 antistitis
1506 5016 1736 5070 suiMar—

136 5107 220 5162 tini
239 5112 539 5182 offerimus,
564 5115 912 5169 benedicere
935 5117 991 5166 et
1011 5111 1386 5175 sanctiﬁcare,
1401 5109 1523 5180 ipso
1542 5108 1736 5163 suffra-

139 5206 301 5269 gante,
333 5206 604 5276 dignetur
641 5212 699 5262 et
728 5206 885 5278 quod
909 5205 990 5259 illi
1028 5204 1200 5258 hodie
1227 5204 1517 5257 conlatum
1549 5205 1634 5255 est
1663 5201 1736 5256 ad

140 5289 367 5360 gloriam,
397 5297 562 5350 nobis
593 5311 824 5367 quoque
850 5293 1112 5366 proﬁciat
1141 5291 1214 5346 ad
1243 5292 1506 5346 salutem.
1536 5291 1661 5344 Per.

763 5387 840 5437 Ad
883 5400 1086 5437 pacem.

763 5401 840 5437 AG
921 5401 1086 5436 acem.

199 5454 410 5526 lnclina,
443 5459 706 5527 Domine,
739 5401 939 5514 aurerpii
969 5461 1126 5511 tuam
1168 5455 1241 5510 ad
1275 5470 1472 5526 preces
1501 5453 1736 5509 familiae

198 5575 218 5602 ⁸
257 5577 444 5648 Mirum
473 5585 559 5635 est
586 5583 807 5636 nullum
830 5581 920 5635 hic
951 5597 1073 5634 esse
1089 5581 1407 5635 Commune
1427 5577 1736 5648 virginum,

147 5659 230 5722 nec
246 5647 381 5722 item
408 5652 467 5706 in
499 5652 860 5722 Legendario
897 5651 1208 5706 Gallicano.

200 5715 363 5802 bDHasc
404 5727 460 5775 et
499 5715 811 5802 sequentes
850 5722 1104 5802 quinque
1139 5721 1332 5802 missae-
1369 5716 1740 5802 dominicales

147 5785 415 5868 assignate:
447 5785 710 5868 sunt'pro
732 5785 1036 5868 Dominicis
1057 5795 1186 5868 post
1199 5791 1594 5868 Pentecosten,
1624 5805 1738 5842 non

149 5853 208 5932 de.
231 5853 496 5927 Adventu,
528 5853 743 5934 dequo
776 5863 961 5934 missm
991 5853 1117 5916 duae
1150 5861 1310 5917 initio
1337 5858 1568 5915 Missalis
1593 5875 1739 5930 prae-

150 5938 308 5984 missae
334 5936 514 6004 erant,
547 5932 660 5990 sed
693 5932 920 5989 avulsae.

1847 669 1977 739 pisti
2008 689 2024 724 :
2053 670 2192 724 illud
2230 671 2403 724 etiam
2435 671 2754 740 specialiter
2786 675 3056 742 praestare
3096 671 3366 742 digneris,
3407 676 3470 728 ut

1846 779 2045 832 parem
2086 763 2424 817 charitatem
2464 767 2784 829 teneamus,
2832 781 3006 834 quam
3047 765 3301 835 pontifex
3336 769 3464 820 tuus

1844 855 2112 909 Martinus
2143 856 2200 909 in
2229 856 2338 910 hoc
2360 857 2586 924 saeculo,
2624 859 2679 908 te
2712 856 3047 927 opitulante,
3080 857 3289 912 meruit
3318 858 3463 913 obti-

1848 963 2003 1001 nere.
2033 950 2154 1001 Per.

2497 1017 2802 1067 Immolatio.

1914 1088 2160 1160 Dignum
2179 1093 2235 1145 et
2239 1090 2457 1162 justum
2481 1095 2582 1158 est,
2605 1109 2709 1146 nos
2733 1095 2809 1158 te,
2830 1090 3068 1147 Domine
3089 1094 3235 1148 Deus
3248 1096 3461 1163 noster,

1847 1183 1904 1236 in
1937 1183 2198 1237 laudibus
2225 1184 2403 1237 sancti
2431 1184 2654 1238 Martini
2672 1185 2958 1239 honorare
2983 1201 2996 1240 :
3032 1185 3129 1256 qui
3149 1187 3329 1241 sancti
3349 1186 3487 1258 Spi;

1846 1275 1986 1328 ritus
2012 1275 2092 1328 tui
2134 1275 2282 1330 dono
2313 1293 2633 1344 succensus,
2669 1277 2748 1330 ita
2781 1277 2839 1331 in
2879 1277 3000 1348 ipso
3035 1278 3312 1348 tyrocinio
3352 1280 3468 1335 ﬁde

1846 1369 2150 1438 perfectus,
2170 1371 2231 1422 ut
2247 1368 2531 1423 Christum
2553 1368 2781 1422 texisset
2801 1369 2858 1423 in
2879 1386 3129 1440 paupere
3146 1387 3159 1437 ;
3175 1374 3232 1425 et
3249 1374 3466 1426 vestem

1847 1477 2020 1530 quam
2051 1477 2266 1530 egenus
2292 1464 2610 1531 acceperat,
2638 1461 2839 1515 mundi
2866 1463 3138 1517 Dominus
3166 1461 3462 1518 induisset.

1847 1560 1889 1614 Ο
1921 1559 2052 1613 felix
2083 1561 2336 1630 largitas,
2372 1577 2485 1630 qua
2507 1560 2770 1615 divinitas
2797 1563 3077 1632 operitur!
3107 1580 3139 1617 ο
3165 1563 3465 1618 chlamidis

1847 1651 2094 1721 gloriosa
2124 1652 2340 1720 divisio,
2367 1669 2492 1723 quae
2509 1653 2750 1708 militem
2772 1654 2909 1707 texit
2929 1658 2985 1708 et
3006 1656 3233 1724 regem!
3259 1656 3468 1710 Inaesti-

1846 1744 2053 1798 mabile
2070 1745 2284 1798 donum
2299 1749 2400 1811 est,
2419 1745 2573 1816 quod
2586 1747 2787 1801 vestire
2801 1749 2978 1800 Deum
2993 1747 3203 1801 meruit
3217 1749 3464 1804 Deitatis.

1846 1835 2023 1906 Digne
2065 1836 2195 1890 huic
2225 1837 2599 1891 confessionis
2631 1842 2741 1892 tuae
2776 1839 3077 1909 praemium
3113 1841 3460 1895 commisisti.

1767 1939 1822 2009 B
1846 1928 2022 1997 Digne
2036 1929 2407 1982 Arrianorum
2428 1945 2543 1983 non
2566 1931 2847 2000 subjacuit
2862 1931 3093 1984 feritati.
3109 1932 3286 2002 Digne
3307 1936 3466 1988 tanto

1847 2036 2041 2074 amore
2053 2019 2322 2073 Martinus
2335 2022 2712 2090 persecutoris
2727 2025 3014 2076 tormenta
3027 2040 3143 2077 non
3158 2023 3366 2091 timuit,
3385 2041 3467 2078 se-

1845 2129 2010 2166 curus
2033 2112 2164 2182 quia
2178 2115 2339 2166 tanta
2361 2116 2484 2166 erat
2497 2113 2759 2184 gloriatio
2773 2114 3070 2184 passionis,
3090 2117 3152 2168 ut
3171 2132 3274 2186 per
3293 2133 3468 2187 quan-

1843 2204 2066 2258 titatem
2099 2204 2266 2258 vestis
2300 2204 2516 2276 exiguae
2550 2209 2607 2259 et
2631 2206 2833 2260 vestire
2864 2209 3044 2261 Deum
3073 2208 3284 2262 meruit
3319 2211 3375 2262 et
3392 2209 3467 2263 vi-

1845 2296 2000 2350 dere.
2025 2295 2068 2349 O
2091 2295 2268 2350 animi
2289 2296 2569 2352 imitanda
2587 2297 2931 2368 benignitas,
2954 2317 2986 2353 ο
3009 2299 3282 2354 virtutum
3301 2317 3467 2356 vene-

1842 2388 2025 2443 randa
2068 2389 2353 2458 potentia!
2397 2390 2486 2444 Sic
2521 2390 2639 2460 egit
2679 2391 2922 2462 suscepti
2950 2392 3312 2462 pontiﬁcatus
3337 2393 3461 2448 ofﬁ-

1841 2480 2012 2548 cium,
2042 2483 2103 2534 ut
2123 2499 2226 2552 per
2255 2483 2500 2536 formam
2532 2483 2842 2552 probabilis
2862 2484 3008 2550 vitm,
3042 2485 3463 2540 observantiam

1843 2572 2096 2644 exegerit
2122 2573 2451 2644 disciplinae.
2490 2574 2580 2628 Sic
2611 2575 2923 2644 apostolica
2951 2575 3156 2630 virtute
3189 2577 3463 2647 speranti-

1840 2665 1944 2718 bus
1979 2666 2218 2720 contulit
2250 2665 2617 2734 medicinam,
2657 2669 2719 2720 ut
2757 2667 2896 2721 alios
2935 2669 3460 2739 supplicationibus,

1841 2757 1980 2811 alios
2000 2758 2119 2811 visu
2142 2760 2402 2812 salvaret.
2426 2760 2554 2812 Haec
2584 2763 2700 2827 tua,
2730 2760 2987 2828 Domine,
3010 2762 3338 2816 veneranda
3358 2779 3462 2833 po-

1840 2850 2020 2905 tentia
2050 2867 2062 2906 :
2087 2851 2175 2905 cui
2200 2869 2329 2906 cum
2357 2851 2552 2922 lingua
2574 2869 2692 2906 nun
2715 2855 2940 2924 supplet
2955 2854 3173 2909 meritis
3203 2871 3458 2922 exorare,

1842 2942 2107 3012 operibus
2146 2945 2323 2999 sancti
2365 2944 2608 3012 Martini,
2651 2948 2706 2999 te
2756 2946 3089 3016 opitulante,
3135 2963 3461 3002 mereamur

1839 3042 2069 3099 imitari.
2101 3047 2209 3100 Per
2226 3045 2510 3100 Christum
2541 3046 2844 3102 Dominum
2876 3050 3153 3104 nostrum.

2237 3143 2423 3198 LXXV.
2473 3161 2628 3198 mssa
2664 3144 2691 3184 δ
2738 3161 3097 3200 DOMINICALIS.

1908 3230 2098 3304 292
2126 3234 2290 3299 Deus,
2313 3232 2411 3303 qui
2437 3233 2601 3287 nobis
2629 3233 3107 3303 omnipotentiam
3135 3237 3293 3288 tuam
3326 3252 3452 3306 par-

1836 3325 2018 3379 cendo
2049 3325 2294 3378 maxime
2327 3327 2386 3378 et
2408 3325 2735 3379 miserando
2761 3326 3111 3394 manifestas,
3142 3327 3458 3398 multiplica

1835 3433 2006 3487 super
2032 3434 2136 3471 nos
2163 3416 2406 3488 gratiam
2429 3421 2608 3485 tuam,
2633 3421 2696 3472 ut
2715 3418 2789 3472 ad
2808 3421 2905 3473 tua
2925 3419 3204 3489 promissa
3223 3436 3456 3474 curren-

1835 3513 1940 3578 tes,
1968 3509 2277 3565 caalestium
2307 3509 2591 3564 bonorum
2617 3511 2788 3564 facias
2828 3527 2949 3566 esse
2976 3515 3286 3568 consortes.
3324 3513 3449 3567 Per.

2508 3597 2776 3646 Collectio.

1903 3669 2278 3741 Omnipotens
2299 3669 2642 3740 sempiterne
2660 3672 2823 3738 Deus,
2848 3671 2935 3725 cui
2956 3674 3204 3742 potestas
3226 3675 3311 3726 est
3329 3672 3453 3727 sine

1833 3763 1945 3818 ﬁne
1968 3762 2296 3830 miserendi,
2329 3763 2546 3833 respice
2576 3763 2853 3834 propitius
2874 3763 2948 3818 ad
2963 3764 3298 3819 humilitatis
3318 3781 3452 3820 nos-

1834 3859 1934 3909 trae
1978 3856 2288 3926 supplicem
2333 3855 2681 3923 servitutem,
2725 3859 2786 3910 ut
2824 3856 2928 3910 tibi
2976 3856 3200 3911 subdita
3254 3861 3450 3912 mente

1833 3951 2172 4020 perpetuum
2202 3948 2550 4003 defensionis
2580 3952 2692 4003 tua).
2723 3952 2908 4003 servet
2936 3949 3224 4004 auxilium.
3254 3953 3378 4005 Per.

2451 4040 2572 4088 Post
2593 4039 2822 4088 nomina.

1903 4112 2026 4166 Istis
2047 4115 2104 4166 et
2123 4111 2388 4167 omnibus
2409 4111 2466 4166 in
2489 4112 2710 4168 Christo
2730 4113 3170 4183 quiescentibus,
3189 4113 3450 4181 Domine,

1834 4207 2021 4260 locum
2040 4205 2342 4275 refrigerii,
2366 4205 2504 4258 lucis
2530 4209 2587 4258 et
2602 4205 2757 4275 pacis
2775 4209 2835 4258 ut
2849 4206 3168 4277 indulgeas,
3189 4207 3453 4277 depreca-

1835 4314 1982 4363 mur,
2006 4315 2070 4351 ac
2101 4297 2145 4350 si
2168 4297 2262 4368 qui
2284 4301 2651 4368 peccatorum
2675 4297 2895 4351 meritis
2917 4298 3124 4352 inferni
3151 4312 3174 4340 ο
3203 4300 3454 4354 tenebris

1837 4407 1900 4444 ac
1931 4389 2216 4460 suppliciis
2237 4390 2586 4456 detinentur,
2609 4389 3014 4444 misericordiae
3046 4394 3176 4456 tuae,
3201 4407 3451 4458 oramus,

1836 4482 2069 4551 indulge
2085 4482 2409 4548 clementia,
2425 4498 2636 4552 eosque
2651 4483 2721 4535 ad
2734 4481 2991 4552 requiem
3007 4482 3248 4536 transire
3261 4484 3454 4552 praeci-

1835 4574 1974 4645 pias,
2005 4576 2063 4627 et
2087 4573 2271 4644 prima
2302 4574 2548 4628 anastasi
2569 4591 2698 4627 cum
2723 4573 2932 4627 sanctis
2958 4576 3015 4627 et
3035 4573 3226 4628 electis
3241 4574 3351 4628 tuis
3367 4575 3454 4645 ju-

1752 4649 1812 4720 D
1833 4668 1968 4721 beas
1981 4665 2180 4721 sociari
2197 4683 2209 4732 ;
2226 4666 2483 4736 utportio
2502 4669 2597 4720 tua
2619 4665 2799 4720 sintin
2816 4669 2969 4720 terra
2980 4665 3308 4722 viventium.
3324 4669 3449 4722 Per.

2479 4753 2554 4803 Ad
2599 4767 2799 4804 necem.
3187 4797 3200 4804 -

2479 4769 2554 4803 Λα
2598 4769 2799 4816 pacem.
3187 4797 3200 4804 -

1899 4829 2064 4894 Deus,
2101 4827 2258 4898 cujus
2288 4843 2574 4882 summum
2613 4827 2950 4883 sacriﬁcium
2986 4831 3072 4882 est
3099 4829 3453 4884 concordans

1833 4919 2044 4987 anima,
2067 4921 2158 4974 cui
2183 4921 2578 4975 holocaustum
2607 4920 3044 4993 pinguissimum
3059 4923 3145 4974 est
3160 4922 3381 4992 placata
3397 4925 3456 4976 et

1835 5029 1976 5084 pura
2003 5013 2368 5080 conscientia,
2401 5015 2648 5069 concede
2677 5015 2858 5080 nobis,
2875 5030 3215 5085 qumsumus,
3235 5018 3298 5068 ut
3318 5031 3452 5070 con-

1828 5105 2052 5176 junctio
2094 5105 2378 5160 labiorum
2427 5109 2632 5178 copula
2683 5107 2962 5160 efﬁciatur
3004 5105 3348 5175 animarum,
3401 5112 3461 5163 et

1837 5196 2216 5252 ministerium
2239 5199 2411 5253 osculi
2435 5201 2724 5270 perpetum
2747 5198 3009 5269 proficiat
3025 5199 3305 5255 charitati.
3329 5203 3453 5258 Per.

2491 5285 2802 5336 Immolatio.

1908 5360 2153 5431 Dignum
2182 5363 2240 5414 et
2260 5360 2478 5431 justum
2511 5365 2614 5428 est,
2645 5378 2749 5416 nos
2769 5361 2872 5416 tibi
2893 5362 3108 5433 gratias
3134 5380 3327 5433 agere,
3350 5366 3458 5421 Do-

1839 5453 1994 5507 mine
2013 5457 2225 5520 sancte,
2244 5455 2412 5509 Pater
2433 5455 2820 5526 omnipotens,
2841 5459 3053 5510 aeterne
3065 5458 3228 5525 Deus,
3247 5457 3349 5512 tibi
3367 5457 3460 5513 de-

1907 5577 2023 5652 0_In
2046 5577 2427 5652 superioribus
2457 5577 2991 5652 missis_i2,g716,i20,
3018 5582 3076 5633 et
3108 5580 3165 5652 in
3197 5581 3456 5652 sequenti

1840 5650 1914 5721 80Δ
1937 5648 2001 5721 ﬁt
2025 5649 2242 5721 mentio
2271 5649 2342 5702 de
2369 5653 2596 5721 tartara.
2631 5649 2854 5721 Similes
2885 5651 3158 5721 loquendi
3197 5648 3356 5705 modi
3394 5651 3452 5704 in

1840 5717 2026 5771 missis
2052 5719 2260 5773 nostris
2285 5736 2388 5790 pro
2429 5719 2727 5774 defunctis.

1900 5813 1924 5839 ι’
1949 5812 2048 5883 Sic.
2071 5815 2220 5883 Forte
2233 5814 2404 5876 pluris
2421 5817 2727 5883 con/essetis
2748 5815 3060 5883 legendum,
3071 5816 3232 5883 forma
3249 5811 3457 5883 ablativi

1841 5878 2102 5990 gagupta,
2124 5880 2181 5927 ut
2196 5890 2351 5944 supra
2378 5876 2520 5927 num.
2551 5879 2714 5940 LXIX,
2735 5876 2886 5928 milva
2912 5877 2978 5925 de
2999 5877 3171 5942 pluris
3188 5876 3452 5938 martyris.
