3976 6424
441 425 534 478 311

1221 417 1554 474 APPENDIX
1591 418 1678 474 AD
1715 417 1934 473 ΟΡΕΒΑ
1971 411 2208 468 SANCTI
2245 415 2540 470 GERMANI
2579 413 3009 470 PARISIENSIS.

3699 413 3814 465 312

435 531 584 586 bitas
611 530 810 585 laudes
833 528 926 600 pio
957 529 1174 584 honore
1197 526 1442 592 deferre,
1477 529 1534 579 et
1564 523 1912 580 mirabilium
1939 525 2058 577 tuo-
2080 531 2330 604 Aquam
2379 521 2792 589 defunctorum,
2829 521 2915 576 vel
2955 519 3028 574 ad
3061 517 3266 575 merita
3312 517 3400 572 vel
3455 517 3528 572 ad
3570 519 3818 588 peccata

437 640 566 678 rum
591 621 1000 678 inenarrabilia
1023 619 1308 692 praeconia
1339 619 1558 674 devotae
1583 617 1792 672 mentis
1819 632 2054 671 venera-

439 717 595 772 tione
612 715 920 770 celebrare.
945 717 1018 770 Te
1033 715 1208 785 igitur
1225 712 1574 768 ineffabilem
1594 727 1786 765 rerum
1801 709 2060 764 omnium

439 809 798 864 conditorem
825 808 1144 874 laudamus,
1173 805 1583 872 benedicimus,
1608 804 1936 870 adOramus,
1959 819 2062 874 per

441 901 728 958 Christum
759 901 1064 956 Dominum
1093 904 1370 955 nostrum.

1063 995 1183 1043 Post
1210 993 1439 1042 Sanctus.

509 1079 650 1132 Vere
698 1080 943 1142 sanctus,
991 1092 1120 1129 vere
1173 1073 1506 1128 benedictus
1555 1071 1826 1127 Dominus
1871 1073 2065 1124 noster

437 1174 596 1230 Iesus
635 1170 887 1226 Christus
927 1169 1094 1223 Filius
1133 1171 1260 1220 tuus
1310 1183 1322 1220 :
1357 1167 1456 1236 qui
1487 1166 1644 1220 venit
1687 1165 1758 1219 de
1799 1164 1966 1230 caelis,
2005 1167 2066 1217 ut

440 1265 874 1322 conversaretur
907 1261 966 1316 in
1003 1261 1204 1327 terris;
1246 1261 1424 1314 homo
1457 1259 1656 1324 factus,
1691 1261 1752 1311 ut
1781 1257 2068 1311 habitaret

439 1357 498 1412 in
527 1356 718 1423 nobis;
753 1353 939 1410 hostia
967 1353 1223 1419 effectus,
1247 1357 1310 1408 ut
1341 1369 1444 1408 nos
1477 1352 1690 1406 faceret
1721 1349 2061 1404 sacerdotes.

439 1453 561 1520 Ipse
589 1447 746 1504 enim
774 1448 866 1518 qui
891 1447 1038 1518 prid.

1073 1519 1197 1566 Post
1221 1519 1438 1565 secreta.

511 1601 780 1666 Ostende,
844 1599 1210 1670 omnipotens
1261 1601 1426 1665 Deus,
1489 1595 1762 1668 gratiam;
1821 1609 2066 1665 agnosce

442 1694 782 1750 doctrinam.
807 1695 884 1748 Tu
907 1711 966 1746 es
988 1692 1322 1764 mysterium
1345 1707 1447 1762 pro
1471 1691 1672 1756 salute,
1699 1691 1758 1742 tu
1781 1687 2026 1758 pretium
2053 1703 2066 1740 :

443 1788 584 1844 doce
627 1787 1114 1858 perseverantiam
1143 1783 1334 1858 293
1372 1800 1500 1838 cum
1531 1781 1792 1836 docueris
1823 1778 2066 1850 discipli-

2161 615 2486 685 respiciens,
2517 614 2653 669 alios
2681 615 2879 685 jubeat
2913 614 2984 668 ad
3015 613 3275 684 gratiam,
3303 611 3442 667 alios
3466 611 3538 666 ad
3576 609 3818 666 veniam

2161 709 2464 780 pertinere.
2496 710 2621 764 Per.

2823 776 2902 826 Ad
2931 789 3135 840 pacem.

2235 858 2428 934 294
2443 859 2694 914 lnlahere
2709 857 2770 912 in
2779 857 2995 912 animas
3005 859 3244 926 nostras,
3261 855 3628 928 omnipotens
3647 857 3825 910 mter-

2163 971 2234 1008 ne
2259 955 2422 1022 Deus,
2452 955 2509 1007 et
2533 953 2764 1024 templa,
2794 968 2922 1023 qua:
2947 951 3088 1022 lapis
3117 950 3208 1005 ille
3235 949 3522 1021 angularis
3553 951 3693 1003 tuus
3721 963 3826 1003 ex-

2165 1046 2388 1116 struxit,
2417 1047 2746 1118 ingredere;
2793 1049 2856 1099 ut
2893 1044 3162 1116 Majestati
3203 1043 3417 1098 hostias
3457 1046 3824 1114 praeparatas

2165 1157 2266 1212 per
2289 1141 2480 1212 ipsum
2521 1139 2622 1194 tibi
2661 1138 2940 1210 possimus
2976 1137 3198 1204 offerre,
3228 1136 3328 1209 qui
3363 1139 3630 1192 sanctum
3669 1151 3824 1190 con-

2165 1233 2362 1302 stituit,
2392 1237 2447 1289 et
2471 1249 2667 1305 pacem
2699 1233 2863 1288 nobis
2893 1232 3232 1303 propitiatus
3257 1229 3512 1286 indulsit.
3545 1231 3682 1284 Per.

2827 1329 3134 1380 Immolatio.

2239 1412 2488 1484 Dignum
2523 1417 2578 1466 et
2607 1411 2826 1482 justum
2877 1414 2978 1480 est,
3008 1409 3276 1480 Majestati
3313 1413 3448 1478 ture,
3477 1410 3678 1468 sancte
3709 1408 3824 1461 Pa-

2171 1511 2273 1575 ter,
2315 1505 2692 1576 omnipotens,
2731 1507 2940 1558 aeterne
2985 1503 3152 1572 Deus,
3195 1503 3390 1557 laudes
3445 1502 3540 1573 pio
3589 1502 3828 1556 honore

2168 1599 2405 1666 deferre,
2434 1601 2489 1652 et
2519 1597 2866 1652 mirabilium
2893 1599 3126 1650 tuorum
3159 1594 3561 1650 inenarrabilia
3589 1610 3830 1666 praeco-

2169 1693 2262 1747 nia
2301 1692 2514 1745 devotae
2561 1690 2766 1744 mentis
2801 1689 3161 1744 veneratione
3199 1689 3504 1743 celebrare.
3537 1689 3614 1742 Te
3647 1703 3829 1741 nam-

2171 1801 2278 1856 que
2327 1783 2956 1854 incomprehensibilem
2997 1785 3166 1853 atque
3211 1781 3556 1836 ineffabilem
3613 1781 3828 1835 Domi-

443 1897 607 1946 nam;
643 1880 785 1934 utin
817 1879 922 1933 hac
955 1879 1245 1932 oblatione
1279 1893 1383 1931 nos
1413 1876 1642 1940 liberes,
1673 1874 1768 1944 qui
1796 1889 1900 1944 pro
1933 1871 2148 1966 occi—B
2171 1895 2331 1946 num,
2381 1881 2436 1931 et
2487 1881 2798 1930 creatorem
2845 1875 3102 1929 omnium
3153 1891 3376 1945 semper
3419 1875 3830 1942 tremendum,

443 1972 708 2028 dentibus
736 1975 794 2026 et
821 1971 1082 2026 moreris.
1112 1973 1237 2025 Per.

846 2065 976 2112 Ante
1005 2063 1293 2114 orationem
1331 2059 1673 2110 Dominicam.

513 2147 638 2200 Non
665 2143 980 2198 sufﬁcimus
1013 2143 1112 2197 tibi
1146 2142 1358 2212 gratias
1380 2157 1573 2212 agere,
1597 2137 1837 2194 Domine
1859 2140 2072 2202 sancte,

443 2241 614 2294 Pater
645 2237 1030 2306 omnipotens,
1060 2239 1273 2290 aztcrnc
1317 2237 1479 2300 Deus,
1517 2249 1620 2304 pro
1651 2231 1824 2286 tantis
1854 2229 2075 2284 miseri-

444 2331 655 2386 cordiae.
687 2333 798 2384 tum
829 2329 1012 2394 donis,
1047 2329 1252 2399 quibus
1297 2345 1400 2381 nos
1439 2327 1704 2392 vivificas,
1739 2323 2074 2388 sanctiﬁcas,

447 2423 798 2478 aeternitates
829 2438 1138 2493 prmparas,
1165 2425 1220 2474 et
1243 2419 1510 2474 institutis
1531 2417 1824 2488 Unigeniti
1845 2416 1928 2470 tui
1945 2417 2076 2471 Jesu

444 2515 652 2572 Christi
689 2515 915 2570 Domini
957 2531 1022 2568 ac
1071 2513 1378 2569 Salvatoris
1429 2513 1610 2566 nostri
1655 2509 2076 2580 indulgentiam

445 2609 670 2680 pietatis
691 2611 804 2662 tum
835 2623 964 2661 cum
985 2606 1278 2660 immerita
1299 2605 1573 2678 poscendi
1597 2620 1762 2658 orare
1792 2601 2074 2656 concedis.

445 2703 614 2773 Cujus
639 2703 926 2772 praecepta
953 2701 1293 2766 recolentes,
1324 2699 1562 2752 dicimus
1597 2713 1610 2751 ι
1641 2699 1830 2751 Pater.

859 2797 980 2846 Post
1004 2796 1292 2845 orationem
1321 2793 1663 2844 Dominicam.

517 2878 754 2932 Libera‘
787 2894 891 2931 nos
918 2876 988 2931 ab
1021 2875 1178 2930 omni
1207 2876 1380 2942 malo,
1412 2873 1780 2945 omnipotens
1806 2875 1949 2926 Deus
1978 2888 1990 2926 :
2025 2876 2082 2926 et

449 2971 584 3042 quia
611 2969 711 3024 tibi
745 2970 846 3024 soli
883 2972 969 3022 est
1003 2968 1314 3039 praestandi
1335 2970 1604 3038 potestas,
1641 2967 1843 3032 tribue,
1878 2967 1940 3019 ut
1968 2966 2076 3018 sol-

448 3065 640 3118 lemne
663 3063 772 3116 hoc
799 3061 1140 3115 sacrificium
1166 3059 1482 3114 sanctiﬁCet
1505 3059 1679 3114 corda
1705 3063 1918 3126 nostra,
1944 3059 2078 3112 dum

450 3155 730 3220 creditur;
766 3155 956 3208 deleat
984 3156 1238 3224 peccata,
1268 3153 1404 3206 dum
1433 3152 1692 3206 sumitur.
1723 3153 1847 3206 Per.

973 3252 1094 3300 Post
1123 3249 1560 3300 communionem.

522 3332 704 3387 Cibati
753 3347 900 3401 pane
947 3330 1094 3394 vitae,
1143 3333 1200 3384 et
1246 3329 1478 3383 salutari
1523 3331 1726 3400 poculo
1769 3327 2076 3399 propinati,

453 3427 658 3481 fratres
703 3423 1000 3490 carissimi,
1030 3439 1269 3492 agamus
1311 3423 1523 3492 gratias
1555 3421 1938 3493 omnipotenti
1967 3423 2080 3475 Deo

453 3517 623 3584 Patri,
655 3517 1020 3570 obsecrantes
1051 3514 1508 3570 misericordiam
1537 3515 1678 3585 ejus,
1709 3514 1788 3568 uti
1816 3515 1924 3569 hoc
1952 3530 2083 3567 san-

453 3613 608 3664 ctum
647 3608 1064 3664 benedictionis
1111 3625 1227 3661 suae
1277 3608 1514 3674 donum,
1546 3608 1700 3678 quod
1739 3607 1796 3661 in
1835 3606 2084 3662 nominis

455 3703 536 3757 sui
577 3703 796 3758 honore
825 3701 1209 3773 percepimus,
1243 3701 1502 3754 inlaesum
1537 3703 1706 3771 atque
1747 3701 2084 3756 inviolatum

453 3795 510 3850 in
539 3795 702 3850 nobis
731 3811 962 3866 semper
989 3811 1218 3848 servare
1251 3793 1540 3863 dignetur.
1569 3795 1692 3846 Per.

971 3885 1361 3936 Consummatio
1385 3885 1572 3934 missae.

525 3971 744 4027 Refecti
775 3971 1031 4040 corporis
1066 3973 1124 4023 et
1161 3969 1456 4040 sanguinis
1492 3969 1714 4025 Domini
1755 3968 1934 4025 nostri
1957 3970 2087 4024 Jesu

457 4065 680 4131 Christi,
715 4064 774 4118 in
810 4067 1091 4117 aeternum
1123 4063 1386 4130 restituti,
1417 4063 1626 4118 hilares
1661 4062 1888 4118 Domini
1918 4061 2086 4116 mise-

457 4156 766 4212 ricordiam
797 4155 1192 4226 deprecemur.
1219 4157 1344 4212 Per.
1429 4151 1432 4154 ’

784 4272 996 4326 LXXVI.
1041 4289 1162 4328 I'I'EM
1203 4288 1360 4328 MISSA
1401 4286 1764 4328 commeans.

535 4375 910 4447 Omnipotens
937 4377 1103 4442 Deus,
1135 4376 1318 4447 dirige
1351 4393 1456 4430 nos
1483 4375 1540 4430 in
1569 4375 1718 4429 viam
1743 4375 1998 4446 justitiaz,
2033 4379 2094 4429 ut

461 4474 582 4528 haec
609 4489 898 4544 geramus,
938 4475 996 4526 et
1029 4471 1124 4526 illa
1165 4472 1502 4543 cogitemus,
1533 4487 1660 4542 quas
1702 4470 1802 4524 tibi
1837 4470 1896 4524 in
1937 4469 2090 4525 diem

453 4565 652 4636 judicii
683 4581 949 4619 excusare
989 4565 1290 4636 possimus.
1325 4566 1450 4618 Per.

1138 4656 1408 4708 Collectio.

533 4739 878 4792 Immensam
915 4737 1392 4808 tremendamque
1429 4735 1656 4808 pietatis
1697 4739 1810 4790 tuae
1839 4737 2090 4790 clemen-

463 4833 622 4898 tiam,
657 4831 1025 4903 omnipotens
1046 4833 1214 4896 Deus,
1248 4831 1530 4901 supplices
1556 4845 1878 4896 exoramus,
1901 4831 1964 4883 ut
1993 4846 2090 4884 au-

459 4923 591 4980 xilio
621 4929 716 4980 tuo
749 4925 1014 4980 universa
1041 4941 1074 4978 a
1103 4923 1266 4978 nobis
1299 4927 1662 4977 terrenarum
1691 4922 1960 4976 vitiorum
1991 4939 2094 4978 sae-

460 5018 853 5089 culariumque
903 5017 1302 5072 discriminum
1359 5018 1724 5070 tentamenta
1777 5015 2091 5082 discedant,

461 5113 630 5180 atque
677 5110 734 5164 in
781 5110 1030 5164 Ecclesia
1073 5113 1169 5164 tua
1209 5109 1490 5164 catholica
1531 5107 1826 5179 religionis
1869 5124 2096 5178 semper

461 5205 696 5256 maneat
727 5202 962 5256 inlibata
989 5203 1234 5258 devotio.
1257 5205 1382 5257 Per.

1088 5301 1208 5350 Post
1241 5298 1470 5350 nomina.

531 5379 754 5434 Auditis
781 5379 1106 5436 nominibus
1143 5381 1457 5448 recensitis,
1481 5379 1832 5434 dilectissimi
1865 5379 2090 5444 fratres,

461 5474 644 5528 Deum
673 5473 898 5544 pietatis
927 5477 984 5528 et
1009 5475 1414 5530 misericordiae
1457 5473 1852 5542 deprecemur,
1881 5475 1942 5525 ut
1973 5473 2094 5528 haec

463 5583 590 5638 quae
635 5567 826 5622 oblata
869 5571 1000 5624 sunt
1045 5568 1332 5638 benignus
1375 5566 1683 5620 adsumat:
1719 5565 1936 5618 nullum
1965 5583 2092 5619 um-

463 5677 636 5730 quam
679 5677 746 5716 ex
791 5662 898 5728 his,
947 5678 1048 5733 pro
1097 5661 1301 5732 quibus
1349 5659 1680 5712 holocausta
1725 5657 2090 5728 franguntur,

461 5755 714 5810 muneris
745 5755 830 5810 sui
869 5759 1130 5810 extorum
1170 5769 1292 5807 esse
1333 5749 1600 5822 patiatur,
1629 5754 1748 5806 tam
1781 5750 2090 5805 viventium

533 5948 556 5976 ³
601 5933 818 5992 Eadem
859 5929 1040 5987 oratio
1077 5927 1134 5985 in
1172 5929 1345 5987 missa
1378 5933 1407 5987 5
1433 5927 1663 5987 Missalis
1698 5927 1990 6000 Gallicani,
2019 5927 2186 5986 infra.

2111 4624 2168 4696 D

2171 1988 2274 2042 per
2313 1971 2502 2024 Jesum
2544 1969 2830 2024 Christum
2872 1968 3076 2022 Filium
3107 1973 3274 2022 tuum
3312 1969 3495 2021 Deum
3523 1983 3588 2022 ac
3615 1967 3832 2022 Domi-

2173 2081 2312 2119 num
2357 2064 2812 2132 Salvatoremque
2855 2066 3114 2116 nostrum
3161 2061 3457 2130 sentimus,
3503 2059 3832 2128 credimus,

2175 2157 2485 2228 sequimur,
2515 2159 2569 2210 et
2590 2171 2837 2210 oramus.
2858 2153 3314 2225 Tibique'purum
3334 2153 3440 2208 hoc
3462 2151 3830 2208 sacriﬁcium

2175 2249 2460 2304 offerimus
2490 2249 2680 2320 gloria:
2709 2252 2821 2302 tuae
2850 2263 2980 2301 cum
3009 2247 3226 2318 angelis
3265 2251 3322 2302 et
3346 2245 3744 2317 archangelis,
3779 2251 3838 2302 et

2175 2343 2474 2398 innumera
2517 2341 2881 2396 multitudine
2919 2340 3258 2394 nunciorum
3297 2339 3510 2394 nostris
3551 2339 3838 2394 laudibus

2177 2440 2594 2508 prosequentes,
2629 2434 2726 2505 qui
2771 2433 2830 2488 in
2871 2439 3175 2504 conspectu
3211 2431 3508 2502 Majestatis
3537 2437 3660 2487 tuae
3709 2431 3838 2486 sine

2178 2529 2482 2584 cessatione
2507 2528 2884 2598 proclamant,
2913 2526 3182 2580 dicentes.

2799 2625 2922 2673 Post
2955 2624 3188 2674 Sanctus.

2249 2707 2388 2760 Vere
2414 2707 2656 2772 sanctus,
2687 2719 2817 2758 vere
2848 2703 2907 2758 in
2947 2703 3177 2758 excelsis
3217 2702 3494 2758 Dominus
3531 2703 3694 2760 Deus
3727 2722 3836 2760 no-

2179 2804 2293 2854 ster
2321 2798 2488 2853 Filius
2515 2801 2644 2852 tuus
2673 2797 2790 2851 Rex
2821 2796 3006 2851 Israel.
3034 2796 3140 2860 Qui
3169 2797 3370 2866 pridie.

2813 2889 2934 2937 Post
2959 2891 3178 2937 secreta.

2251 2973 2355 3026 Per
2379 2970 2531 3024 hunc
2547 2973 2623 3038 te,
2647 2969 2814 3038 Deus,
2837 2969 3001 3022 Pater
3019 2967 3398 3038 omnipotens,
3421 2969 3842 3040 deprecamur,

2179 3067 2244 3118 ut
2287 3063 2430 3118 sicut
2471 3061 2613 3116 sacri
2651 3061 2906 3132 mysterii
2951 3061 3334 3116 obeditionem
3369 3061 3722 3130 retinemus,
3765 3065 3846 3120 ita

2179 3157 2250 3212 ad
2276 3157 2510 3212 tutelam
2537 3159 2786 3210 nostram
2811 3153 3048 3208 cmlestis
3074 3153 3252 3209 virtus
3285 3159 3582 3226 operetur.
3613 3157 3756 3212 Per.

2585 3255 2712 3302 Ante
2741 3251 3030 3300 orationem
3067 3251 3412 3300 Dominicam.

2252 3333 2524 3398 Concede,
2579 3331 2837 3400 Domine,
2889 3331 3114 3388 famulis
3163 3331 3274 3387 tuis
3319 3335 3382 3386 ut
3419 3335 3656 3388 orantes
3707 3350 3846 3390 cum

2183 3425 2388 3482 fiducia
2427 3425 2701 3495 dicamus,
2731 3424 2876 3480 sicut
2915 3425 3037 3496 ipse
3075 3425 3277 3496 jubere
3323 3425 3595 3496 dignatus
3637 3443 3706 3482 es
3755 3427 3844 3482 di-

2185 3537 2310 3576 cere
2342 3536 2355 3573 :
2387 3521 2566 3574 Pater.

2605 3589 2724 3638 Post
2751 3589 3040 3639 orationem
3069 3588 3412 3638 Dominicam.

2255 3670 2451 3724 Libera
2475 3685 2576 3724 nos
2604 3685 2638 3722 a
2656 3669 2828 3738 malo,
2847 3669 3205 3740 omnipotens
3235 3670 3404 3738 Deus,
3429 3671 3487 3724 et
3511 3671 3758 3726 custodi
3787 3672 3844 3726 in

2187 3763 2356 3817 bono.
2385 3762 2488 3827 Qui
2516 3760 2652 3816 vivis
2677 3767 2734 3817 et
2755 3778 2977 3832 regnas.

2703 3860 2824 3909 Post
2855 3857 3302 3909 communionem.

2259 3943 2499 4012 Accepto
2541 3939 2746 3994 ccelesti
2795 3939 3048 4011 corporis
3093 3940 3478 4008 Sacramenta,
3529 3945 3590 3994 et
3643 3943 3852 3998 salutis

2189 4038 2414 4090 aeternae
2441 4033 2614 4088 calice
2649 4032 2904 4102 recreati,
2936 4033 3050 4087 Deo
3077 4033 3226 4088 Patri
3271 4031 3662 4104 omnipotenti
3711 4052 3848 4108 gra-

2189 4127 2295 4182 tias
2323 4141 2576 4198 agamus,
2605 4125 2911 4196 laudesque
2943 4125 3216 4180 dicamus.
3243 4127 3367 4181 Per.

2699 4223 3086 4273 Consummatio
3117 4223 3306 4273 missis.

2261 4307 2427 4374 Deus,
2481 4305 2687 4376 gratias
2734 4305 2839 4360 tibi
2888 4304 3132 4376 agimus,
3181 4321 3285 4375 per
3333 4319 3510 4376 quem
3563 4307 3856 4379 mysteria

2191 4401 2381 4453 sancta
2416 4397 2784 4464 celebramus,
2823 4415 2858 4452 a
2891 4399 2947 4451 te
2993 4396 3302 4453 sanctitatis
3335 4401 3392 4454 et
3427 4397 3856 4456 misericordias

2191 4491 2338 4546 dona
2363 4491 2738 4563 deposcimus.
2769 4491 2873 4544 Per
2903 4489 3228 4544 Dominum.

2501 4620 2736 4674 LXXVII.
2781 4635 2906 4674 ITEM
2945 4633 3106 4675 mssa
3145 4633 3516 4676 DOMINICALIS.

2263 4735 2674 4807 Sempiternam
2720 4735 2819 4790 Dei
2868 4735 3230 4805 Majestatem,
3281 4735 3484 4790 fratres
3537 4738 3852 4810 carissimi,

2192 4831 2582 4901 deprecemur,
2609 4833 2674 4884 ut
2697 4832 2950 4883 sanctam
2975 4843 3078 4898 per
3106 4827 3278 4882 totius
3303 4827 3460 4882 orbis
3479 4831 3674 4900 spatia
3697 4838 3855 4888 tuea-

2191 4929 2286 4978 tur
2321 4921 2655 4991 Ecclesiam;
2685 4920 3169 4976 conversationem
3205 4921 3598 4977 sacerdotibus
3641 4942 3854 4982 conce-

2192 5017 2287 5071 dat
2315 5015 2633 5082 honestam;
2666 5014 2840 5068 vitam
2875 5012 3100 5084 populis
3141 5012 3356 5068 tribuat
3393 5015 3852 5087 sempiternam;

2191 5108 2525 5180 virginibus,
2555 5107 2758 5176 viduis,
2791 5106 3080 5178 orphanis,
3111 5123 3175 5160 ac
3201 5106 3642 5178 paenitentibus,
3671 5111 3770 5166 vel
3797 5113 3854 5166 in

2193 5201 2642 5273 quibuscumque
2681 5199 3106 5255 necessitatibus
3155 5199 3497 5266 constitutis,
3557 5208 3854 5274 oportuna

2193 5293 2450 5366 praasidia
2475 5293 2714 5361 tribuat;
2743 5297 2799 5347 et
2828 5289 3018 5364 295
3061 5291 3168 5345 sibi
3211 5291 3417 5362 placita
3453 5299 3593 5349 vota
3635 5313 3846 5352 conce-

2191 5389 2286 5442 dat
2328 5403 2340 5441 :
2393 5387 2452 5441 in
2498 5385 3049 5458 peregrinationibus
3099 5384 3355 5454 praemia,
3417 5385 3480 5440 in
3533 5389 3843 5446 doloribus

2192 5480 2619 5548 medicamenta,
2649 5479 2708 5534 in
2733 5477 3023 5533 laboribus
3053 5479 3279 5548 praestet
3315 5477 3629 5537 auxilium.

2869 5573 3134 5624 Collectio.

2263 5657 2428 5723 Deus,
2457 5657 2553 5728 qui
2591 5655 2743 5711 dives
2785 5671 2843 5709 es
2883 5655 2956 5710 ad
2981 5654 3414 5726 ignoscendum,
3449 5659 3508 5712 et
3533 5665 3850 5731 prepterea

2191 5749 2414 5805 voluisti
2442 5749 2623 5805 carnis
2661 5747 3038 5806 humilitatem
3074 5747 3396 5820 adsumere,
3425 5753 3495 5805 ut
3527 5753 3700 5808 nobis
3736 5754 3850 5810 hu-
