3976 6428
127 404 212 456 313
1188 402 1275 457 DE
1313 403 1621 459 LITURGIA
1657 403 2024 462 GALLICANA
2062 405 2261 460 LIBER
2298 406 2385 461 III.

125 505 350 564 militatis
390 505 658 577 exempla
689 506 1059 579 relinqueres,
1091 511 1148 562 et
1186 507 1245 562 in
1287 509 1736 582 quibuscumque

124 599 453 674 passionibus
497 614 604 654 nos
643 599 854 656 faceres
889 616 1007 656 esse
1046 603 1382 671 constantes,
1422 606 1627 673 praesta
1670 607 1735 658 ut

125 709 323 764 semper
348 691 500 747 bona
524 709 654 764 quae
679 710 711 746 a
737 697 792 748 te
819 693 1163 764 percipimus
1188 698 1498 762 teneamus,
1518 699 1574 750 et
1600 712 1734 768 quo-

126 788 250 845 tiens
284 787 342 840 in
378 785 627 856 peccatis
671 785 939 855 labimur,
965 802 1069 858 per
1103 786 1489 858 paenitentiam
1519 788 1729 844 releve-

127 896 256 936 mur.
285 879 405 934 Per.

732 948 852 998 Post
874 947 1105 998 nomina.

188 1033 481 1089 Recensitis
512 1031 857 1088 offerentum
901 1032 1244 1102 nominibus,
1287 1033 1534 1089 divinam
1571 1035 1734 1090 mise-

128 1127 397 1183 ricordiam
417 1142 744 1196 exoremus,
773 1131 838 1181 ut
874 1125 1167 1182 offerentes
1196 1127 1300 1182 sibi
1338 1127 1572 1199 placitos
1617 1143 1735 1183 esse

126 1221 296 1275 faciat:
320 1224 527 1290 etquae
557 1218 807 1276 offerunt
840 1221 899 1274 in
939 1219 1171 1275 odorem
1209 1220 1419 1276 incensi
1455 1220 1596 1276 bene
1631 1221 1732 1276 ﬂa-

128 1313 315 1384 grantis
341 1313 604 1368 adsumat
633 1331 647 1368 :
680 1313 956 1368 defunctis
982 1330 1085 1384 pro
1106 1313 1310 1385 quibus
1349 1313 1470 1368 hazc
1497 1313 1736 1369 offerun-

128 1412 223 1474 tur,
249 1411 516 1460 teter-nam
543 1405 976 1473 beatitudinem,
1009 1407 1324 1461 viventibus
1353 1406 1594 1478 gratiam
1621 1424 1737 1462 suae

129 1499 325 1571 pietatis
349 1499 652 1567 concedat;
684 1503 740 1554 et
754 1499 887 1570 quia
906 1501 1078 1571 gratis
1104 1516 1220 1554 non
1245 1499 1589 1554 merentibus
1609 1517 1736 1572 quae

129 1596 240 1646 sunt
261 1596 534 1662 oportuna
560 1597 834 1662 praestare
861 1609 975 1648 non
1004 1593 1226 1663 desinit,
1257 1595 1313 1647 et
1339 1592 1448 1647 illis
1478 1609 1583 1663 pro
1607 1593 1734 1664 qui-

128 1684 215 1739 bus
251 1684 448 1739 oblatio
490 1701 616 1740 non
654 1685 909 1754 offertur,
944 1687 1326 1742 remuneratio
1378 1685 1738 1740 beatitudinis

129 1793 223 1832 non
247 1781 500 1848 negetur.
521 1780 656 1833 Per.

776 1855 852 1906 Ad
877 1871 1079 1920 pacem.

187 1944 316 1996 Deus
335 1944 496 1996 Pater
524 1940 910 2013 omnipotens,
940 1946 1052 1997 tuae
1076 1941 1319 2014 pietatis,
1349 1957 1413 1998 ac
1432 1943 1478 1997 si
1497 1941 1735 2013 indigni,

130 2035 542 2090 misericordiam
591 2033 987 2104 deprecamur,
1037 2039 1104 2089 ut
1159 2035 1449 2090 universos
1484 2035 1740 2106 paciﬁcos

130 2145 228 2183 esse
251 2128 426 2195 facias,
459 2143 609 2199 quos
633 2127 693 2180 in
733 2132 921 2182 sancta
961 2125 1202 2182 Ecclesia
1241 2133 1308 2182 ut
1347 2131 1403 2182 te
1442 2128 1740 2198 deprecen-

132 2227 224 2290 tur,
268 2220 493 2288 invitas;
539 2219 846 2275 concordia
886 2219 946 2273 in
989 2236 1046 2274 se
1071 2219 1338 2275 alimenta
1360 2219 1613 2275 nutriant
1640 2237 1655 2288 ;
1685 2223 1740 2274 et

126 2314 421 2386 jurgiorum
462 2314 822 2367 incrementa
865 2312 1194 2367 succidant:
1244 2312 1332 2367 vel
1381 2312 1478 2383 qui
1514 2328 1572 2366 se
1601 2311 1737 2366 affe-

132 2413 258 2461 ctant
283 2406 497 2474 osculis,
527 2422 681 2476 puro
709 2421 933 2476 semper
949 2405 1118 2459 corde
1144 2405 1544 2476 complectant;
1572 2408 1740 2476 atque

3346 413 3447 468 3M

2235 512 2355 562 Post
2385 512 2669 564 orationem
2695 513 3035 566 Dominicam.

1901 594 2098 651 Libera
2144 612 2246 651 nos
2287 614 2321 651 a
2371 597 2553 668 malis,
2605 603 2797 655 auctor
2837 599 3115 656 bonorum
3165 601 3441 671 omnium,

1833 688 1974 742 Deus
2007 707 2021 744 :
2053 688 2228 744 libera
2253 706 2354 745 nos
2379 690 2449 745 ab
2477 691 2631 746 omni
2657 693 2978 762 tentatione,
3005 694 3074 748 ab
3101 694 3254 748 omni
3282 711 3442 750 scan-

1831 780 1977 849 dalo,
2009 781 2077 836 ab
2104 783 2258 838 omni
2281 783 2505 854 haeresi,
2533 784 2602 838 ab
2629 784 2784 839 omni
2807 802 2975 856 opere
2993 787 3372 853 tenebrarum,
3389 790 3448 842 et

1833 874 2106 930 constitue
2133 892 2234 930 nos
2261 876 2321 930 in
2347 876 2504 931 omni
2528 893 2697 948 opere
2739 877 2916 947 bono;
2959 883 3014 934 et
3052 879 3121 932 da
3156 895 3355 950 pacem
3384 879 3444 934 in

1833 966 2028 1022 diebus
2051 969 2274 1040 nostris,
2305 975 2499 1026 auctor
2521 971 2672 1041 pacis
2691 975 2747 1025 et
2770 971 2991 1040 veritas,
3025 973 3192 1027 Deus.
3219 973 3340 1039 Per,

2351 1072 2472 1124 Post
2492 1075 2929 1125 communionem.

1904 1156 2248 1228 Spiritalibus
2274 1159 2416 1229 pasti
2457 1159 2655 1230 epulis,
2715 1175 2939 1216 oremus
2984 1162 3226 1229 Patrem,
3263 1165 3318 1216 et
3362 1161 3448 1216 Fi-

1834 1248 1994 1318 lium,
2025 1254 2081 1304 et
2110 1249 2379 1322 Spiritum
2403 1257 2675 1322 sanctum,
2704 1257 2770 1308 ut
2794 1252 3136 1308 mortiﬁcatis
3161 1253 3450 1311 desideriis

1835 1341 2034 1412 carnis,
2069 1342 2130 1397 in
2166 1342 2425 1398 omnibus
2459 1344 2531 1398 sit
2565 1348 2756 1401 nostra
2789 1345 3132 1402 conversatio
3159 1345 3440 1418 spiritalis.

1835 1435 1957 1489 Per.
2347 1505 2726 1555 Consummatio
2748 1505 2932 1558 misere.

1904 1588 2129 1643 Custodi
2157 1588 2307 1644 intra
2332 1605 2452 1657 nos,
2482 1590 2735 1659 Domine,
2765 1591 2955 1662 gloriae
2979 1594 3091 1647 tuae
3114 1606 3343 1658 munus,
3382 1594 3449 1645 ut

1836 1684 2033 1735 contra
2057 1680 2248 1736 omnia
2283 1682 2577 1753 praesentis
2614 1683 2800 1738 saeculi
2840 1685 3056 1739 macula
3091 1682 3447 1739 Eucharistim

1836 1773 2064 1840 viribus,
2110 1790 2280 1844 quam
2325 1773 2680 1846 percipimus,
2734 1775 3076 1832 muniamur.
3121 1775 3280 1840 Quod
3326 1775 3446 1847 ipse

1757 1875 1814 1947 B
1837 1869 2024 1936 praest.

2151 1935 2410 1990 LXXVIII.
2442 1951 2562 1990 neu
2592 1952 2743 1991 mssa
2769 1953 3125 1994 DOMINICALIS.

1908 2034 1989 2088 Ad
2014 2050 2176 2089 aures
2209 2035 2519 2090 clementiae
2543 2041 2675 2104 tum,
2727 2039 2889 2108 Deus,
2929 2053 3034 2093 vox
3071 2043 3277 2093 nostra
3313 2055 3445 2110 sup-

1837 2124 2156 2196 plicationis
2183 2127 2461 2196 ascendat,
2504 2131 2559 2182 et
2583 2134 2679 2182 tua
2708 2146 2810 2184 nos
2846 2129 3225 2184 misericordia
3264 2145 3450 2184 conse-

1836 2220 2062 2289 quatur.
2093 2219 2213 2273 Per.

2517 2289 2781 2340 Collectio.

1909 2373 2145 2442 Accepta
2168 2371 2269 2426 tibi
2298 2373 2388 2441 sit,
2413 2372 2664 2443 Domine,
2691 2377 2896 2430 nostra
2919 2376 3200 2431 servitutis
3224 2373 3448 2445 oblatio,

133 2500 277 2553 etiam
306 2499 387 2554 illi
412 2465 684 2553 studeant
709 2465 1091 2569 esse-paciﬁci,
1124 2497 1222 2568 qui
1250 2465 1309 2552 se
1335 2513 1449 2552 non
1478 2465 1742 2553 videntur
1839 2478 2091 2569 (Ῑυίέοξλοδ
2120 2468 2174 2518 et
2200 2465 2513 2569 ire“???
2540 2466 2745 2569 {ostris
2771 2467 3036 2537 abSOIVat’
3063 2471 3118 2524 et
3156 2467 3225 2522 ab
3260 2466 3449 2522 im‘

135 2591 269 2646 labiis
288 2591 544 2646 osculari.
577 2592 711 2645 Per.

766 2667 1071 2718 Immolatio.

192 2755 419 2825 Dignum
444 2758 500 2809 et
515 2754 749 2825 justum
779 2757 882 2808 est.
909 2754 1040 2808 Vere
1069 2768 1295 2824 aequum
1325 2755 1380 2806 et
1390 2752 1609 2823 justum
1636 2755 1736 2818 est,

1838 2555 2100 2610 nentibus
2126 2556 2288 2610 malis
2313 2557 2528 2628 eripiat.
2552 2559 2674 2613 Per.

2464 2658 2583 2707 Post
2607 2657 2832 2708 nomina.

1907 2739 2160 2795 Offerunt
2185 2741 2306 2810 tibi,
2335 2741 2586 2808 Domine,
2633 2743 2925 2812 virtutum,
2968 2758 3202 2798 munera
3239 2747 3296 2798 et
3327 2746 3453 2798 vota

134 2846 416 2916 ineffabilis,
448 2845 1070 2918 incomprehensibilis,
1091 2846 1429 2916 sempiterno
1451 2846 1615 2913 Deus,
1638 2861 1740 2899 nos
1838 2833 2143 2888 credentes.
2193 2833 2420 2905 suseipe
2447 2835 2674 2890 nomine
2700 2839 2799 2890 tuo
2826 2835 3011 2891 debita
3035 2835 3263 2890 honoris
3291 2835 3450 2892 obse-

133 2939 218 2994 tibi
240 2955 452 3010 semper
478 2939 696 3010 gratias
727 2953 916 3009 agere,
948 2954 1091 3009 quos
1117 2937 1389 2992 immensa
1405 2953 1519 2992 non
1538 2936 1740 2992 desinis
1837 2925 1970 2997 (Ιιιίει
2014 2942 2118 2996 Ι)Γο
2160 2941 2296 2998 Ρειοθ
2329 2926 2583 2982 Bede-Sile
2620 2931 2750 2998 tua?»
2793 2944 2897 2999 Ι)Γο
2925 2928 3456 2984 commemoratione

133 3032 458 3087 miseratione
508 3031 728 3086 fovere.
785 3031 923 3084 Nam
970 3031 1096 3102 quis
1141 3034 1296 3084 tuam
1344 3029 1518 3100 possit
1571 3029 1740 3099 digne
1836 3019 2092 3072 omnium
2143 3019 2492 3088 δωείοηιων
2531 3037 2634 3092 PFO
2673 3021 3022 3076 sacerdotum
3065 3025 3122 3076 et
3169 3020 3453 3075 ministro-

133 3125 330 3180 Iaudare
356 3124 694 3195 potentiam,
714 3123 874 3193 cujus
893 3138 994 3178 nec
1011 3122 1269 3177 divinitas
1282 3121 1504 3176 mortali
1514 3125 1738 3192 aspectu

1872 3126 1964 3164 um
1997 3110 2261 3180 puritate,
2291 3128 2392 3182 pro
2423 3128 2625 3184 regum
2650 3113 3021 3184 pacabilitate,
3061 3129 3163 3184 pro
3182 3112 3456 3168 sufficien-

135 3217 372 3286 cernitur,
422 3233 527 3272 nec
589 3216 929 3270 inmensitas
983 3214 1333 3270 sermonibus
1379 3214 1690 3285 explicatur
1713 3215 1740 3268 ?
1759 3231 1814 3306 ρ
1838 3202 1916 3256 tia
1941 3219 2151 3305 mrum.
2183 3207 2237 3306 ei
2262 3207 2583 3276 temporum
2607 3205 3030 3306 tranquillitate,
3041 3221 3161 3306 .pro
3195 3221 3453 3276 perseve-

136 3308 323 3363 Sufﬁcit
357 3325 491 3380 ergo
523 3307 683 3379 quod
717 3311 771 3362 te
815 3309 1042 3362 Patrem
1084 3306 1391 3378 diligimus,
1441 3305 1738 3360 Dominum

1872 3295 2020 3350 antia
2075 3295 2382 3366 virginum,
2461 3301 2518 3352 et
2575 3297 2915 3352 continentia
2971 3297 3283 3364 viduarum,
3355 3314 3456 3369 pro

136 3417 468 3470 veneramur,
526 3403 859 3456 Creatorem
920 3398 1284 3469 suscipimus,
1351 3398 1742 3469 amplectimur
1839 3388 2221 3459 orphanorum
2253 3389 2509 3456 tuitione,
2552 3395 2608 3444 et
2631 3389 3024 3460 paenitentium
3056 3391 3454 3459 sublevatione,

136 3494 521 3549 Redemtorem.
579 3495 814 3558 Praesta,
886 3490 1319 3546 clementissime
1380 3491 1702 3546 Dominator
1725 3533 1738 3559 ,
1839 3497 1942 3552 Ι)Γο
1967 3481 2143 3536 salute
2169 3482 2424 3536 omnium
2452 3482 2759 3538 Viventium
2797 3488 2852 3538 et
2879 3499 2983 3554 pro
3021 3483 3214 3555 requie
3254 3481 3452 3538 defun-

136 3590 186 3639 nt
210 3587 420 3655 angusti
449 3585 627 3654 callis,
659 3600 831 3655 quam
869 3583 1129 3655 praecipis
1173 3583 1430 3637 semitam
1467 3583 1742 3653 possimus
1841 3577 2078 3628 domm.
2102 3574 2225 3628 Per.

136 3679 422 3745 ascendere,
453 3695 556 3750 per
584 3693 763 3749 quam
791 3676 862 3730 ad
891 3679 1160 3731 aeternam
1184 3675 1467 3729 valeamus
1500 3675 1738 3731 beatitu-

136 3769 299 3826 dinem
337 3771 666 3843 pervenire;
722 3784 827 3823 nec
860 3768 990 3823 ullis
1037 3767 1294 3839 impediti
1329 3767 1624 3822 obstaculis
1654 3772 1744 3822 te-

136 3878 330 3929 nemur,
368 3865 463 3919 sed
501 3863 572 3918 sit
596 3860 767 3917 nobis
802 3877 997 3916 cursus
1022 3860 1198 3932 ipsius
1228 3859 1442 3916 itineris
1467 3859 1745 3916 aeternitas

138 3955 382 4012 salutaris.
413 3959 519 4012 Per
543 3955 836 4011 Christum
863 3951 1161 4008 Dominum
1183 3956 1460 4008 nostrum.

741 4059 860 4108 Post
885 4058 1124 4107 Sanctus.

2494 3642 2571 3692 Ad
2594 3656 2796 3692 necem.

2494 3657 2571 3692 AG
2594 3657 2796 3706 pacem.

1912 3730 1954 3780 A
1984 3725 2196 3782 cunctis
2218 3725 2608 3798 iniquitatibus
2639 3725 2843 3781 nostris
2871 3741 3014 3782 exue
3045 3741 3165 3796 nos,
3194 3726 3454 3799 omnipo-

1843 3822 1963 3874 tens
1988 3820 2130 3875 Deus
2159 3835 2173 3873 :
2223 3816 2408 3891 297
2445 3822 2500 3875 et
2519 3818 2577 3874 in
2611 3823 2708 3874 tua
2752 3834 2852 3874 nos
2888 3819 2974 3874 fac
3011 3835 3148 3892 pace
3191 3818 3456 3891 gaudere.

1842 3912 1964 3966 Per.

2483 3981 2814 4031 Contestatio.

195 4145 318 4200 Vere
351 4149 595 4214 sanctus:
642 4159 772 4199 vere
809 4141 1138 4198 benedictus
1175 4142 1235 4196 in
1277 4141 1506 4196 exceISiS
1558 4140 1743 4196 ΠοΠιί·
1846 4158 2117 4213 immense
2144 4159 2305 4223 Deus,
2335 4162 2391 4213 et
2415 4160 2579 4214 Pater
2603 4157 3074 4214 Dominininostri
3093 4159 3220 4215 Jesu
3234 4157 3458 4214 Christi.

139 4250 226 4289 ηαδ
274 4238 412 4292 Deus
464 4241 666 4292 noster
703 4236 860 4290 185115
904 4232 1156 4290 Christus
1201 4233 1368 4287 Filius
1417 4237 1568 4302 tuus.
1629 4234 1745 4288 Rex
1844 4250 1948 4314 Qui
1973 4250 2212 4304 formam
2238 4250 2490 4306 sacriﬁcii
2524 4251 2789 4322 perennis
2823 4250 3139 4319 instituens,
3169 4251 3410 4307 hostiam
3434 4250 3462 4290 δ

136 4327 330 4385 Israhel.
358 4330 462 4396 Qui
493 4330 643 4384 sicut
671 4327 788 4382 ovis
815 4327 886 4382 ad
926 4325 1260 4381 occisionem
1303 4327 1522 4394 ductus,
1570 4329 1626 4380 et
1669 4325 1745 4379 si-
1847 4358 1904 4397 se
1929 4342 2028 4397 tibi
2055 4343 2306 4413 primum
2328 4344 2548 4412 Obtulit,
2578 4348 2633 4398 et
2658 4343 2875 4414 primus
2897 4343 3088 4399 docuit
3138 4343 3344 4399 offerri.
3387 4344 3462 4398 Te

138 4426 215 4474 cut
235 4437 405 4493 agnus
434 4439 631 4478 coram
671 4420 938 4475 tondente
965 4435 1043 4486 se,
1074 4418 1194 4473 sine
1233 4434 1383 4487 voce,
1433 4415 1622 4490 296
1671 4417 1748 4472 sic
1846 4434 2019 4503 enim,
2050 4435 2404 4507 omnipotens
2427 4436 2593 4500 Deus,
2624 4451 2817 4490 omnes
2844 4435 3064 4506 Auge“.

139 4527 233 4568 non
257 4517 472 4586 aperuit
497 4533 560 4571 os
579 4530 770 4571 suum.
794 4515 916 4584 Ipse
943 4510 1096 4566 enim
1122 4511 1220 4583 qui
1244 4510 1390 4581 prid.
1767 4585 1799 4586 η
2465 4537 2583 4585 post
2611 4535 2843 4584 εαηοιαε,

491 4689 494 4691 Α
695 4624 816 4674 Post
838 4621 1158 4686 mysterium.
1765 4585 1824 4658 D
1915 4619 2148 4674 Sanctus
2171 4619 2230 4674 in
2255 4619 2477 4686 sanctis,
2507 4619 2834 4674 benedictus
2877 4617 2936 4672 in
2969 4617 3153 4687 terris,
3191 4615 3461 4672 Dominus

197 4714 445 4787 Magnum
477 4715 587 4772 hoc
624 4731 836 4770 munus
877 4710 1280 4767 misericordiae
1313 4713 1415 4777 est,
1462 4708 1559 4780 qui
1584 4707 1746 4763 nobis
1844 4715 2031 4767 noster
2048 4713 2205 4768 Jesus
2232 4711 2505 4766 Christus.
2538 4711 2645 4774 Qui
2673 4710 2871 4782 pridie.

138 4805 303 4862 docuit
348 4806 774 4880 Redemptionis
833 4809 1040 4860 nostrae
1093 4801 1360 4858 sacrificia
1424 4800 1704 4856 celebrare
1727 4841 1742 4868 ,
2467 4813 2588 4863 Post
2619 4815 2836 4862 secl-em.

138 4897 260 4954 sicut
293 4900 492 4956 obtulit
518 4900 797 4955 Dominus
827 4901 1020 4954 noster
1055 4897 1213 4952 Iesus
1248 4893 1498 4949 Christus
1537 4893 1596 4947 in
1629 4897 1744 4947 ter-

138 4989 220 5044 ris.
255 4993 354 5047 Per
397 5009 575 5065 quem
611 4997 688 5061 te,
739 4993 902 5047 Pater
940 4989 1316 5060 omnipotens,
1357 4986 1744 5058 deprecamur,

138 5086 189 5136 ut
219 5085 562 5157 supraposita
605 5084 804 5140 altario
850 5087 948 5138 tuo
988 5097 1227 5137 munera
1278 5080 1441 5135 laetus
1469 5077 1742 5149 aspicias:

137 5179 282 5246 atque
305 5178 423 5233 haec
451 5178 649 5234 omnia
687 5176 994 5232 obumbres
1018 5187 1042 5215 ι
1074 5173 1249 5229 sancti
1286 5171 1407 5226 Filii
1442 5171 1526 5226 tui
1570 5169 1745 5242 Spiri-

139 5269 248 5336 tus;
277 5275 337 5325 ut
364 5271 518 5342 quod
544 5287 619 5326 ex
643 5269 751 5326 hac
775 5273 875 5324 tua
911 5266 1323 5335 benedictione,
1368 5262 1747 5335 acceperimus

139 5363 438 5419 teternitatis
471 5363 662 5436 gloria
689 5376 1122 5433 consequamur.
1153 5361 1276 5414 Per.

522 5476 656 5524 Ante
691 5472 978 5523 orationem
1005 5466 1346 5520 Dominicam.

200 5560 454 5618 Memores
490 5567 913 5635 praeceptorum
941 5565 1192 5624 tuorum,
1233 5554 1489 5622 Domine,
1528 5568 1752 5608 oramus

144 5653 188 5704 et
206 5651 450 5710 dicimus.
1121 5659 1134 5664 ’

1914 4897 2226 4967 Credimus,
2254 4897 2512 4967 Domine,
2540 4897 2821 4952 credimus
2850 4896 2910 4952 in
2943 4897 3051 4951 hac
3088 4894 3462 4951 confractione

1845 4991 2119 5063 corporis,
2149 4996 2203 5046 et
2227 4990 2496 5046 effusione
2519 4991 2602 5045 tui
2629 4989 2918 5062 sanguinis
2943 5005 3044 5043 nos
3072 5003 3191 5044 esse
3211 4987 3468 5060 redemp-

1846 5088 1930 5138 tos
1963 5099 1976 5137 :
2007 5082 2337 5138 conﬁdimus
2361 5083 2532 5138 etiam
2559 5083 2710 5154 quod
2735 5098 2832 5154 spe
2859 5081 2950 5137 hic
2988 5080 3212 5136 interim
3235 5080 3355 5153 jam
3382 5084 3467 5136 te-

1847 5191 2065 5242 nemus,
2097 5175 2156 5230 in
2181 5179 2457 5230 aeternum
2481 5175 2697 5246 perfrui
2721 5189 3060 5230 mereamur.
3087 5175 3212 5229 Per.

2239 5277 2369 5325 Ante
2398 5275 2684 5326 orationem
2708 5275 3068 5325 Dominicams

1920 5361 2112 5414 Divino
2168 5360 2493 5431 magisterio
2550 5360 2719 5429 docti,
2763 5363 2820 5415 et
2867 5358 3204 5415 salutaribus
3247 5358 3473 5414 monitis

1851 5453 2091 5510 instituti
2120 5452 2394 5508 audemus
2423 5453 2643 5508 dicere:
2675 5454 2855 5507 Pater.

2260 5545 2378 5594 Post
2401 5543 2686 5594 orationem
2709 5543 3053 5595 Dominicam.

1925 5629 2118 5684 Libera
2143 5645 2265 5699 nos,
2293 5629 2650 5700 omnipotens
2677 5629 2840 5696 Deus,
2869 5645 2902 5682 a
2947 5627 3132 5694 malis,
3173 5631 3229 5682 et
3265 5623 3466 5680 consti-

202 5805 223 5868 ξ
249 5795 572 5868 Legendum
597 5795 894 5868 obumbret,
925 5792 1012 5868 v_el
1037 5792 1238 5868 spirit};
1258 5787 1426 5868 infra.
1463 5856 1496 5868 ﬂ
1851 5785 2134 5868 Christum
2163 5786 2223 5843 in
2265 5787 2613 5844 institutione
2656 5787 3039 5855 Eucharistiae,
3059 5789 3121 5841 ut
3144 5785 3202 5840 in
3229 5778 3459 5838 concilio

203 5864 226 5903 δ
259 5858 507 5924 Νονωιὰει
551 5868 676 5925 haec
716 5858 891 5922 verba
937 5863 1006 5919 de
1038 5858 1295 5917 sacriﬁcii
1331 5858 1610 5914 oblatione
1650 5873 1753 5933 per
1851 5858 2193 5915 Tridentino.

1914 4064 2158 4137 Dignum
2197 4069 2254 4121 et
2277 4065 2496 4136 justum
2539 4069 2641 4134 est,
2687 4064 2998 4135 invisibilis,
3029 4065 3457 4130 inaestimabilis,
3557 4077 3562 4080 ’
