3976 6414
453 411 553 466 315
1229 405 1560 462 APPENDIX
1599 405 1685 460 AD
1720 405 1940 460 OPERA
1976 401 2212 456 SANCTI
2255 401 2554 458 GERMANI
2593 401 3019 458 PARISIENSIS.
3727 405 3832 456 316

451 521 548 574 tue
569 532 676 574 nos
695 515 755 572 in
778 513 940 572 bonis
965 529 980 570 :
1012 529 1218 571 evacua
1242 529 1344 570 nos
1369 531 1401 568 a
1427 513 1596 585 vitiis,
1629 517 1684 570 et
1710 513 1863 586 reple
1891 511 2072 568 virtu-
2095 519 2155 596 Α
2175 515 2456 581 sanctum,
2497 509 2790 566 edentibus
2825 510 3004 578 nobis,
3029 508 3202 566 vitam
3238 511 3514 566 aeternam
3541 517 3860 580 regnum-‘

453 611 603 667 tibus
633 611 764 666 tuis.
793 612 916 665 Per.
2176 622 2286 678 que
2313 609 2652 678 perpetuum
2677 604 2970 660 conlatura
2993 605 3340 676 potantibus.
3367 605 3496 660 Per.

973 681 1094 776 poft
1118 691 1560 776 cummmmfm'
1679 763 1690 774 ,
1932 765 1942 776 ⁸
2585 707 2715 756 Ante
2737 705 3024 755 orationem
3059 704 3406 756 Dominicam.

523 769 738 837 corpus
765 779 790 807 ³
817 770 1003 837 tuum:
1032 767 1286 861 Domum!
1315 765 1466 861 quid
1507 778 1842 861 accepimus]
1895 765 2080 861 etum"
2249 793 2370 847 Non
2409 795 2601 847 nostro
2645 791 2870 859 merito,
2917 791 3276 861 omnipotens
3325 791 3492 860 Deus,
3548 791 3652 846 sed
3697 791 3837 846 Jesu

451 861 798 956 licem_tuum
825 876 998 956 queui
1041 859 1375 956 mmini“,
1416 859 1628 956 ἣωτθέί
1675 856 1738 909 in
1777 854 2080 956 visceribus?
2177 884 2384 940 Christi
2411 885 2534 940 Filii
2563 885 2646 940 tui
2672 854 2994 940 obedientes
3023 854 3330 956 praecepto,
3359 854 3644 939 audemus
3673 883 3862 938 dice-‘

449 953 687 1022 nostris;
717 957 939 1025 praesta,
968 954 1114 1008 Deus
1141 951 1516 1022 omnipotens,
1545 954 1612 1003 ut
1639 965 1756 1003 non
1788 951 2082 1003 remaneat
2179 995 2240 1035 re
2271 995 2285 1034 ε
2313 981 2496 1034 Pater.

449 1046 690 1116 macula,
723 1046 819 1101 ubi
847 1063 988 1117 pura
1015 1049 1070 1100 et
1107 1047 1294 1100 sancta
1317 1043 1673 1098 intraverunt
1699 1042 2076 1098 Sacramenta.
2599 1047 2720 1098 Post
2743 1047 3033 1100 orationem
3057 1045 3400 1096 Dominicam.

453 1141 578 1196 Per.
968 1207 998 1216 _
1280 1205 1311 1216 η
1431 1204 1443 1216 ⁸
2249 1132 2448 1188 Libera
2473 1149 2575 1187 nos
2599 1150 2630 1186 a
2667 1133 2828 1186 malis
2857 1131 3232 1203 praesentibus
3275 1135 3331 1186 et
3366 1131 3599 1202 futuris,
3650 1129 3844 1185 omni-

963 1207 1350 1256 Consummatio
1374 1207 1562 1255 missa).

2257 1231 2380 1281 tens
2409 1227 2586 1295 Deus;
2631 1226 2808 1280 libera
2827 1243 2929 1280 nos
2955 1241 2986 1279 a
3023 1225 3312 1297 periculis,
3359 1225 3429 1278 ab
3471 1223 3838 1278 inﬁrmitati-

522 1294 735 1350 Exaudi
761 1309 952 1364 preces
979 1291 1214 1347 familia:
1248 1297 1382 1358 tuae,
1420 1290 1780 1362 omnipotens
1825 1291 1992 1358 Deus,
2028 1292 2084 1344 et

451 1391 655 1458 praesta
679 1393 744 1442 ut
767 1389 956 1440 sancta
985 1386 1128 1454 haec,
1156 1401 1282 1456 quae
1307 1388 1362 1438 te
1408 1385 1670 1452 donante,
1717 1382 2080 1454 sumpsimus,

451 1479 776 1552 incorrupta
799 1479 860 1534 in
877 1478 1060 1546 nobis,
1090 1482 1146 1532 te
1171 1477 1433 1544 donante,
1465 1491 1769 1531 servemus.
1799 1477 1922 1530 Per.

2181 1321 2307 1388 bus,
2336 1319 2405 1374 ab
2425 1319 2698 1374 scandalis
2727 1337 2745 1388 ;
2785 1323 2840 1373 et
2867 1335 3124 1390 praepara
3149 1335 3255 1372 nos
3279 1318 3349 1372 ad
3391 1333 3566 1372 omne
3605 1318 3841 1372 bonum

2181 1427 2286 1484 per
2311 1412 2526 1468 bonum
2552 1416 2607 1468 et
2630 1413 2989 1468 benedictum
3017 1411 3324 1466 Dominum
3347 1415 3636 1466 nostrum.

2711 1515 2832 1563 Post
2853 1511 3296 1562 communionem.

777 1599 988 1653 LXXIX.
1033 1615 1156 1652 ITEM
1198 1613 1348 1652 HlSSA
1387 1611 1748 1651 DOMINICALIS.
2252 1597 2506 1652 Divinam
2547 1597 2988 1652 misericordiam
3027 1597 3290 1652 concordi
3333 1596 3592 1652 oratione
3635 1611 3840 1668 posca-

519 1709 684 1778 Deus,
715 1709 812 1782 qui
835 1725 937 1763 nos
965 1709 1213 1779 regendo
1241 1723 1552 1776 conservas,
1591 1707 1871 1778 parcendo
1911 1705 2081 1778 justi-

2257 1707 2343 1758 us,
2410 1697 2476 1745 ut
2527 1691 2650 1745 haec
2699 1691 2980 1746 salutifera
3035 1692 3418 1758 Sacramenta,
3469 1689 3687 1744 nostris
3757 1705 3846 1744 re-

449 1801 599 1869 ﬂcas,
632 1807 742 1856 eta
773 1803 1069 1873 temporali
1093 1801 1455 1856 tribulatione
1479 1817 1580 1856 nos
1629 1799 1803 1871 eripe,
1851 1803 1906 1855 et
1944 1816 2082 1872 gau-
2185 1787 2344 1853 cepta
2397 1784 2717 1849 Visceribus:
2806 1784 3106 1855 Puriﬁceut
3179 1783 3435 1838 animum
3507 1797 3846 1854 corpusque

451 1894 542 1950 dia
567 1895 728 1950 nobis
758 1899 966 1950 aeterna
991 1895 1220 1966 largire.
1247 1897 1370 1948 per.
2109 1882 2166 1953 Β
2191 1874 2555 1946 sanctiﬁcent,
2596 1881 2764 1947 atque
2801 1877 2870 1929 ad
2923 1893 3082 1947 spem
3126 1876 3430 1930 caelestium
3473 1875 3699 1930 viscera
3735 1891 3841 1947 pa-

1137 1997 1408 2048 Collectio.

2257 1985 2323 2024 ter
2341 1973 2396 2023 et
2424 1969 2592 2023 corda
2615 1968 2971 2024 conﬁrment.
2997 1971 3120 2024 Per.

527 2087 671 2140 Deus
713 2085 773 2138 in
827 2089 883 2139 te
939 2083 1288 2155 sperantium
1332 2082 1650 2138 misericors
1689 2081 1960 2151 eruditor,
2017 2081 2086 2136 ab
2347 2117 2364 2140 .
2547 2154 2550 2155 ν
2789 2072 2916 2120 “em
2941 2070 3202 2120 οοῖιοοίίο·

457 2179 610 2233 omni
635 2194 736 2232 nos
761 2179 1039 2232 consortio
1069 2178 1354 2248 pravitatis
1396 2177 1638 2244 absolve,
1681 2191 1782 2230 nec
1820 2175 1947 2228 ullis
1983 2190 2086 2228 nos
2214 2247 2217 2248 ν
2257 2157 2401 2209 Deus
2418 2154 2674 2248 iustitia:
2712 2157 2858 2210 Deus
2893 2155 3312 2248 misericordia:
3345 2153 3842 2248 DeuSAilnulul'tu‘

457 2269 818 2340 iniquitatum
842 2245 1088 2324 vinculis
1105 2270 1336 2341 patiaris
1361 2268 1633 2339 adstringi
1655 2285 1671 2336 ;
1715 2271 1776 2321 ut
1802 2267 1952 2321 unde
1980 2283 2084 2320 no-
2187 2247 2354 2303 litatis
2380 2252 2436 2303 et
2459 2247 2606 2316 Viue,
2629 2249 2770 2302 Deus
2795 2247 3108 2341 splendoris
3135 2253 3192 2341 ut
3213 2247 3435 2318 gloriae:
3685 2262 3844 2341 qua“?

455 2339 653 2418 malest
695 2367 810 2418 tota
855 2363 1051 2434 pietas,
1087 2339 1218 2418 ihde
1265 2363 1335 2416 sit
1372 2365 1492 2416 tum
1541 2361 1788 2416 libems_
1829 2361 1933 2414 per
1986 2360 2087 2413 Do.
2187 2357 2382 2434 sumus
2421 2345 2476 2395 te
2513 2345 2856 2434 etioramus,
2885 2345 2949 2395 ut
2974 2340 3176 2395 divinis
3204 2341 3542 2395 muneribus
3569 2339 3842 2409 recreati,

413 2468 416 2472 -
459 2455 701 2512 mimum.
867 2433 870 2434 ⁷
1139 2435 1144 2440 ’
2187 2433 2250 2488 in
2271 2433 2430 2488 illam
2454 2433 2861 2488 beatitudinem
2891 2450 3180 2488 servemur
3197 2451 3232 2487 a
3255 2439 3310 2488 te
3335 2433 3461 2502 tibi,
3491 2435 3626 2488 Per.

1075 2527 1194 2574 Post
1223 2523 1454 2574 nomina.

524 2611 756 2679 Exaudi,
798 2611 1050 2679 Domine,
1089 2609 1427 2664 oﬁ'erentum
1449 2624 1664 2680 preces,
1697 2612 1822 2662 vota
1847 2607 2083 2678 suscipe,

453 2709 678 2776 peccata
729 2703 966 2758 dimitte.
1020 2704 1224 2758 Tribue
1271 2707 1502 2758 tuorum
1544 2700 1942 2755 intercessione
1969 2717 2090 2754 san-

455 2800 676 2851 ctorum
703 2797 844 2850 caris
874 2811 1100 2868 quoque
1139 2795 1363 2864 nostris,
1392 2794 1492 2865 qui
1519 2793 1576 2847 in
1604 2793 1824 2848 Christo
1853 2792 2089 2847 dormie-

455 2893 610 2957 runt,
651 2888 1016 2960 refrigerium
1053 2889 1113 2942 in
1161 2887 1394 2958 regione
1433 2887 1710 2940 vivorum.
1757 2873 1862 2940 P‘er
1903 2885 2088 2940 Domi-

455 2997 619 3036 num.

2537 2554 2722 2608 LXXX.
2750 2571 2876 2608 mm
2906 2571 3056 2608 mssa
3083 2570 3447 2609 nommcsus.

2257 2663 2654 2735 Multiplicibus
2701 2664 2881 2719 innixi
2923 2665 3160 2720 vinculis
3212 2665 3577 2735 delictorum,
3631 2661 3848 2722 fratres

2188 2757 2477 2826 carissimi,
2523 2757 2592 2812 ad
2613 2757 2895 2828 singulare
2920 2759 3314 2830 confugiamus
3343 2759 3730 2814 absolutionis
3756 2761 3844 2815 di-

2185 2849 2331 2904 vinae
2359 2851 2712 2906 remedium!
2741 2857 2796 2907 et
2819 2851 3102 2906 humiliati
3141 2851 3200 2906 in
3247 2851 3594 2906 sacriﬁcium
3641 2855 3844 2908 Domi-

2185 2959 2326 2997 num
2363 2943 2732 3014 deprecemur
2773 2945 2964 3015 (quem
3003 2943 3206 3000 cotidie
3247 2945 3433 3015 pravis
3489 2945 3850 3002 inamarica-

1119 3047 1194 3098 Ad
1225 3061 1428 3112 pacem.
2185 3051 2313 3089 mus
2350 3037 2632 3108 Operihns)
2665 3037 2906 3108 qualiter
2943 3053 3046 3091 nos
3085 3055 3186 3092 sua
3225 3043 3564 3109 protegente
3597 3040 3848 3095 dextera

529 3133 1100 3208 2980mnipotens
1117 3134 1454 3204 sempiterne
1471 3132 2082 3204 Deus,1argitorpacis,
2185 3128 2254 3182 ab
2306 3130 2461 3183 omni
2503 3131 2835 3201 contagione
2878 3135 3119 3201 ereptos,
3159 3147 3472 3202 regnorum
3518 3133 3848 3189 caelestium

459 3234 516 3286 et
541 3227 764 3300 generis
801 3227 1036 3282 humani
1077 3227 1367 3296 formator,
1412 3227 1483 3280 da
1531 3227 1703 3280 servis
1746 3226 1858 3280 tuis
1895 3242 2086 3280 veram
2107 3238 2162 3314 ρ
2185 3221 2438 3277 haeredes
2465 3222 2686 3278 efficiat.
2715 3224 2839 3277 Per.

458 3323 807 3376 voluntatem
835 3320 1166 3387 concordiae,
1199 3325 1255 3375 et
1283 3319 1694 3389 indulgentiam
1725 3321 1838 3374 tuae
1862 3317 2083 3390 pietatis
2129 3312 2144 3314 ⁷
2859 3312 3129 3362 Collectio.

461 3415 716 3470 infunde_
742 3415 866 3469 per.
2255 3395 2462 3448 lnclina
2509 3411 2705 3450 aurem
2756 3399 2933 3466 tuam,
2983 3398 3345 3469 omnipotens
3392 3399 3564 3465 Deus,
3617 3403 3680 3454 et
3725 3407 3846 3456 esto

1111 3481 1414 3532 Immolatio.
2183 3487 2345 3541 nobis
2368 3488 2660 3558 praesentis
2686 3489 2814 3543 vitae
2841 3494 3042 3560 rector,
3071 3496 3138 3546 ut
3181 3491 3254 3544 sis
3289 3497 3709 3547 remunerator
3755 3495 3844 3549 fu-

529 3570 774 3640 Dignum
802 3573 856 3622 et
873 3567 1092 3638 justum
1121 3573 1220 3636 est,
1252 3583 1481 3639 aequum
1508 3571 1562 3621 et
1582 3567 1800 3638 justum
1839 3571 1940 3634 est,
1983 3583 2084 3624 nos
2183 3585 2346 3635 tum,
2379 3583 2503 3636 per.

461 3663 560 3717 tibi
599 3662 689 3716 hic
743 3666 798 3715 et
843 3661 1056 3732 ubique
1106 3677 1328 3731 semper
1372 3661 1575 3732 gratias
1615 3676 1802 3732 agere,
1852 3662 2084 3716 Domine
2803 3652 3176 3702 POStDOmina-

458 3759 663 3824 sancte,
695 3757 858 3809 pater
895 3755 1270 3825 omnipotens,
1321 3758 1529 3808 ερεειιηε
1567 3755 1732 3809 Deus.
1772 3753 1878 3818 Qui
1920 3755 2085 3808 nobis
2253 3735 2600 3792 Oﬁ'erentum
2623 3737 2950 3792 nominibus
2971 3738 3281 3810 recensitis,
3301 3739 3508 3795 fratres
3527 3741 3846 3814 carissimi,

457 3849 662 3920 pietate
689 3849 852 3902 Pater
875 3863 954 3914 es,
986 3863 1116 3901 cum
1131 3847 1404 3900 Dominus
1423 3851 1699 3917 potestate
1725 3863 2079 3918 permaneas:
2185 3829 2486 3884 Dominum
2512 3830 2900 3902 deprecemur:
2927 3835 2992 3886 ut
3037 3847 3238 3886 eorum
3279 3833 3638 3890 ouationem
3687 3837 3848 3894 inter

457 3942 724 4013 quoniam
761 3957 902 4010 quos
930 3939 1090 4010 origo
1121 3939 1326 3994 fecerat
1353 3955 1556 4008 servos,
1589 3941 1854 4012 adoptare
1881 3941 2082 4012 digna-
2185 3927 2506 3977 “ﬂeturum
2527 3923 2672 3978 dona
2699 3924 2986 3996 susuiPiutv
3012 3941 3258 3996 quorum
3285 3943 3320 3980 ἃ
3357 3926 3524 3982 nubis
3569 3929 3848 3986 faeienda

458 4043 550 4092 tus
577 4054 634 4092 es
659 4037 720 4091 in
745 4037 916 4104 ﬁlios;
955 4040 1011 4090 et
1053 4052 1193 4106 quos
1232 4036 1515 4107 generatio
1553 4041 1774 4092 terrena
1811 4037 2088 4092 demerse—
2184 4017 2641 4071 commemoratio
2686 4021 2787 4088 θεῖ»
2831 4022 2894 4072 ιη
2927 4023 2983 4074 et
3032 4019 3210 4074 nostri
3245 4035 3534 4075 memores
3574 4037 3704 4078 esse
3757 4025 3844 4080 di-

459 4135 546 4186 rat
564 4131 626 4184 in
649 4134 911 4198 mortem,
943 4130 1292 4200 regeneratio
1313 4130 1546 4186 ccnlestis
1574 4131 1752 4187 erexit
1784 4131 1854 4186 ad
1887 4131 2082 4187 vitam.
2187 4113 2452 4180 Sumtur-
2483 4112 2524 4164 Ρ
2529 4115 2744 4164 “amns
2779 4115 2834 4164 et
2859 4127 2962 4182 ΡῙὈ
2997 4111 3092 4166 his
3129 4113 3230 4184 (Ιυί
3274 4129 3377 4166 nos
3423 4113 3488 4168 iu
3534 4117 3850 4174 Dominica

459 4226 533 4279 Te
562 4223 734 4292 enim,
765 4223 1118 4295 omnipotens
1141 4224 1304 4292 Deus,
1338 4240 1530 4278 omnes
1553 4223 1778 4295 Auge“.
2185 4218 2320 4274 pace
2353 4207 2782 4273 praecesserunt,
2817 4209 2880 4258 ut
2917 4209 3160 4260 tartareo
3201 4206 3442 4261 horrore
3478 4217 3846 4282 segregatos,

1081 4330 1202 4379 post
1226 4330 1467 4379 Sanctus.
2184 4295 2246 4350 in
2273 4296 2400 4350 sinu
2439 4295 2674 4350 Abrahae
2714 4297 3049 4366 conlocatos,
3089 4298 3426 4354 resuscitare
3455 4301 3850 4374 Omnipotens

533 4416 668 4470 Vere
709 4417 952 4484 sanctus,
983 4430 1110 4470 vere
1135 4415 1194 4470 in
1219 4415 1448 4470 excelsis
1465 4413 1792 4469 benedictus
1818 4415 2086 4470 Dominus
2185 4389 2450 4484 digitum“
2491 4388 2552 4443 in
2575 4389 2760 4462 Prima
2785 4407 2886 4445 sua
2913 4391 3344 4462 Υθδωτθοίῖίοηθι
3375 4409 3554 4464 quam
3577 4395 3850 4453 facturus

463 4509 606 4563 Deus
652 4511 860 4563 noster.
899 4483 1004 4562 Per
1049 4525 1220 4580 quem
1263 4513 1319 4563 te
1371 4507 1650 4580 supplices
1696 4509 2083 4579 deprecamur,
2187 4487 2288 4536 est“
2319 4483 2442 4536 Per“
2851 4550 2929 4602 Ad
2953 4566 3046 4602 me

459 4601 542 4656 uti
567 4601 713 4656 hanc
747 4601 1104 4670 oblationem,
1137 4618 1310 4674 quam
1353 4601 1454 4656 tibi
1505 4601 1791 4656 offerimus
1836 4619 1940 4672 pro
1981 4604 2082 4658 Ec-
2104 4601 2165 4674 D
2258 4639 2420 4694 Deus.
2449 4653 2552 4694 Der
2579 4637 2739 4694 cuius
2767 4653 2827 4692 os
2851 4566 3251 4694 ἔξοῗξζὲῐῖἘεῐ
3279 4640 3431 4694 quod

567 4653 707 4705 ἴτ’
1144 4653 1310 4674 “““““
1362 4653 1454 4705 "fj
1512 4653 1785 4656 """—"'
1837 4653 1933 4705 τῖ’
1983 4653 2051 4658 —'
2104 4653 2163 4674 ν
2258 4653 2420 4705 Deus,
2449 4653 2552 4708 per
2579 4653 2739 4708 emus
2767 4653 2827 4692 os
2851 4653 3136 4709 promtum
3167 4653 3251 4692 est
3279 4653 3431 4710 quoa
3473 4657 3692 4712 pacem
3731 4663 3850 4700 om-

460 4695 640 4748 clesme
667 4697 778 4747 tuae
807 4695 1092 4748 catholicae
1111 4694 1242 4764 ﬁde,
1277 4694 1938 4764 stab111tate,concordia,
1981 4711 2086 4767 pro
2185 4730 2348 4767 “mm
2389 4731 2546 4767 Am.“
2607 4735 2660 4767 ο,
2701 4729 2852 4767 MM“
2903 4735 3103 4767 dum”
3151 4731 3503 4767 Μκηηηωω
3553 4751 3566 4764 ,
3595 4735 3846 4767 haud-

461 4786 863 4842 emundatione
909 4787 1192 4854 vitiorum,
1239 4793 1294 4842 et
1335 4787 1662 4842 remissione
1704 4793 2084 4858 peccatorum,

458 4897 561 4952 pro
589 4880 766 4952 gloria
789 4885 1126 4954 martyrum,
1153 4884 1209 4934 et
1235 4879 1427 4950 requie
1456 4880 1870 4948 defunctorum,
1903 4882 2090 4954 propi-

2185 4730 2349 4786 nibus
2389 4731 2567 4800 dares,
2607 4735 2662 4784 et
2701 4729 2852 4801 pacis
2903 4735 3108 4785 statuta
3151 4731 3505 4804 relinqueres
3549 4735 3848 4803 ;infunde

2189 4825 2246 4879 in
2277 4825 2482 4879 nostris
2509 4824 2760 4879 sensibus
2785 4824 2934 4894 pacis
2961 4823 3214 4878 studium
3250 4831 3307 4880 et
3343 4825 3455 4897 piae
3491 4828 3846 4900 voluntatis,

2189 4923 2252 4972 ut
2278 4917 2543 4972 vitiorum
2581 4917 2840 4971 omnium
2865 4917 2988 4971 labe
3014 4917 3263 4990 purgati,
3293 4935 3494 4990 pacem
3539 4937 3731 4993 quam
3765 4926 3850 4979 la-

457 4973 626 5028 tiatus
674 4973 926 5045 aspicias,
973 4971 1293 5043 aspiciendo
1341 4972 1668 5043 sanctiﬁces,
1695 4975 2089 5030 sanctilicando
2188 5013 2296 5068 hiis
2321 5013 2432 5067 oris
2473 5011 2889 5084 prosequimur,
2927 4971 3321 5067 ίωξηεεῖιλέιξξ
3340 4971 3850 5075 ῑξηεξξ-

457 5066 751 5122 benedicas
773 5083 876 5138 per
902 5069 1158 5121 sanctum
1197 5071 1252 5120 et
1291 5066 1648 5122 benedictum
1696 5069 1886 5123 Iesum
1923 5069 2086 5124 Chri-
2188 5052 2889 5162 ἔξεωῐςέΓΨπνῚωω⁸⁸⁸⁷

459 5165 610 5216 stum
635 5159 838 5214 Filium
857 5163 1022 5215 tuum
1047 5159 1350 5214 Dominum
1373 5165 1650 5217 nostrum.
1678 5161 1784 5226 Qui
1809 5161 2012 5234 pridie.
2189 5159 2335 5162 mw
2368 5159 2388 5160 ί
2421 5159 2486 5160 ψ
2852 5174 3158 5226 lmmolatio.

1097 5267 1214 5316 Post
1237 5270 1452 5318 secreta.
2261 5262 2506 5333 Dignum
2535 5264 2592 5316 et
2609 5259 2829 5330 justum
2857 5263 2959 5329 est,
2993 5276 3222 5332 aequum
3251 5265 3308 5316 et
3325 5261 3556 5333 justum
3585 5273 3696 5339 est,
3749 5285 3852 5325 nos

527 5351 799 5404 Memores
830 5349 1211 5421 gloriosissimi
1239 5354 1462 5408 Domini
1489 5353 1768 5426 passionis
1806 5357 1862 5408 et
1901 5353 1970 5408 ab
2008 5355 2089 5410 in-
2188 5355 2291 5410 tibi
2319 5355 2410 5408 hic
2435 5357 2490 5408 et
2513 5354 2724 5425 ubique
2751 5369 2973 5425 semper
3003 5355 3416 5427 gratiasagere,
3449 5360 3848 5418 Dominesan-

457 5441 592 5496 feris
613 5443 1055 5513 resurrectionis,
1082 5445 1371 5501 offerimus
1392 5447 1514 5516 tibi,
1543 5447 1796 5512 Domine,
1825 5447 1972 5502 hanc
1987 5448 2090 5503 im-
2192 5449 2298 5511 cte,
2328 5445 2491 5498 Pater
2515 5443 2890 5514 omnipotens,
2921 5447 3132 5498 aeterne
3161 5444 3328 5500 Deus.
3361 5447 3470 5510 Qui
3495 5463 3607 5503 nos
3639 5468 3675 5505 a
3701 5469 3852 5507 mor-

457 5535 794 5590 maculatam
821 5536 1428 5606 hostiam,rationalem
1445 5539 1710 5606 hostiam,
1737 5539 2089 5595 incruentam
2191 5541 2248 5592 te
2277 5542 2550 5608 perpetua
2576 5541 2744 5609 atque
2761 5537 2830 5591 ab
2847 5536 3064 5592 ultimis
3091 5537 3298 5592 inferni
3310 5538 3541 5596 sedibus
3563 5542 3848 5602 liberasti.

459 5628 714 5700 hostiam,
735 5631 885 5686 hunc
909 5647 1116 5701 panem
1141 5637 1418 5698 sanctum,
1438 5637 1492 5688 et
1511 5631 1740 5686 calicem
1765 5632 2085 5704 salutarem,
2194 5631 2432 5686 Venerat
2460 5630 2688 5700 quidem
2715 5646 2866 5684 mors
2889 5647 2993 5700 per
3017 5629 3318 5686 mulierem
3339 5650 3357 5700 ;
3390 5633 3490 5688 sed
3537 5639 3708 5696 venit
3741 5641 3852 5694 vita

459 5721 834 5792 observantes,
874 5729 939 5779 ut
973 5724 1272 5778 infundere
1320 5723 1569 5794 digneris
1613 5723 1882 5794 Spiritum
1925 5731 2090 5782 tuum
2192 5739 2296 5794 per
2336 5723 2646 5794 Virginem.
2693 5723 2954 5778 lnteritus
2989 5738 3091 5795 per
3115 5724 3371 5796 lignum;
3409 5728 3512 5782 sed
3567 5730 3636 5786 in
3693 5734 3848 5806 ligno

461 5857 549 5970 Ri
580 5846 734 5971 Haanc
779 5848 901 5900 fere
950 5845 1274 5900 orationem
1317 5845 1562 5899 recitant
1606 5847 1929 5904 sacerdotes
1971 5851 2042 5905 ad
2099 5849 2496 5916 ablutionem;
2537 5849 2596 5902 et
2641 5863 2768 5918 quae
2811 5845 3070 5918 sequitur
3115 5847 3259 5904 item
3299 5851 3488 5906 exstat
3527 5851 3592 5910 in
3643 5853 3848 5916 Missali

511 5933 606 5971 om
648 5933 742 5971 no.

511 5933 742 5972 omano.
