3976 6420
157 411 245 462 317

155 605 569 678 perennitatem
599 608 732 664 vitae
759 625 871 665 sure
893 611 1119 682 corpori
1148 612 1409 669 restituit.
1430 614 1529 669 Cui
1571 632 1771 670 omnes

155 700 414 754 caelorum
454 716 592 755 cum
639 702 942 773 multiplici
981 704 1187 761 virtute
1229 706 1446 762 militiae
1493 708 1772 778 hymnum

155 791 398 846 debitum
428 795 490 846 et
526 790 778 864 gloriam
826 800 987 850 tuam
1032 796 1152 852 sine
1196 800 1510 855 cessatione
1550 801 1768 873 procla-

156 887 320 949 mant,
344 884 629 941 dicentes.

770 967 889 1018 Post
907 967 1139 1019 Sanctus.

216 1058 483 1113 Hosanna
501 1058 564 1113 in
599 1060 852 1116 excelsis.
891 1062 1228 1118 Benedictus
1257 1063 1354 1135 qui
1380 1064 1535 1119 venit
1563 1065 1634 1120 de
1662 1081 1766 1119 cte-

156 1151 231 1217 lis,
262 1154 322 1204 ut
356 1156 805 1208 canversaretur
835 1154 893 1209 in
932 1156 1119 1223 terris,
1151 1172 1283 1211 caro
1318 1156 1520 1225 factus,
1564 1160 1627 1212 ut
1668 1174 1773 1229 per

153 1242 466 1313 passionem
521 1261 694 1301 suam
750 1245 926 1302 vitam
984 1248 1347 1304 credentibus
1407 1249 1588 1305 daret.
1647 1252 1770 1320 Ipse

156 1335 297 1391 enim
320 1336 417 1408 qui
443 1337 599 1408 prid.

779 1408 900 1460 Post
927 1412 1146 1460 secreta.
1617 1464 1631 1477 ,

215 1500 511 1570 Explentes
566 1507 935 1559 sacrosancta
969 1504 1431 1560 caerimoniarum
1472 1506 1772 1562 sollemnia

155 1590 252 1646 ritu
286 1593 710 1651 Melchisedech
741 1594 934 1669 300
970 1597 1178 1652 summi
1209 1596 1518 1652 sacerdotis
1556 1598 1767 1665 oblata,

151 1700 437 1755 precamur
488 1690 694 1742 mente
752 1688 957 1744 devota
1000 1691 1077 1756 te,
1115 1690 1376 1759 Majestas
1414 1693 1649 1757 aeterna,
1708 1694 1771 1744 ut

152 1780 408 1847 operante
437 1778 676 1848 virtute,
700 1797 913 1851 panem
934 1785 1220 1836 mutatum
1245 1782 1305 1836 in
1319 1793 1345 1822 ι
1380 1798 1571 1849 carne,
1593 1798 1764 1853 pocu-

1237 414 1324 469 DE
1361 414 1669 471 LITURGIA
1703 418 2072 474 GALLICANA
2113 419 2308 475 LIBER
2346 420 2432 475 ΙΙΙ.

156 514 308 568 salus.
427 513 564 570 Iesu
614 514 840 609 Christo
873 518 1025 572 facta
1052 522 1138 573 est
1168 519 1297 575 finis
1337 514 1643 590 moriendi,
1678 523 1773 595 qui
1794 536 1853 609 Α

3389 424 3489 477 318

2286 526 2407 576 Post
2422 523 2707 577 orationem
2730 525 3071 577 Dominicam.

1941 607 2143 664 Libera
2173 626 2277 665 nos
2307 627 2341 666 a
2370 612 2543 678 malo,
2567 611 2808 667 Domine
2834 611 3054 667 Christe
3088 611 3238 667 Jesu.
3273 610 3490 683 Carpus

1871 704 2033 756 tuum
2063 719 2165 773 pro
2200 703 2363 757 nobis
2394 704 2720 759 cruciﬁxum
2755 705 3005 771 edimus_;
3039 706 3097 759 et
3148 702 3489 774 sanguinem

1872 797 2131 849 sanctum
2186 799 2347 851 tuum
2398 813 2502 867 pro
2552 797 2716 851 nobis
2767 797 3007 851 effusum
3059 796 3307 851 bibimus
3341 813 3354 850 :
3388 795 3490 850 ﬂat

1873 886 2035 941 nobis
2062 904 2264 959 corpus
2289 893 2548 943 sanctum
2572 892 2735 944 tuum
2766 890 2838 943 ad
2870 891 3131 955 salutem,
3161 892 3219 943 et
3258 887 3489 959 sanguis

1872 982 2097 1033 sanctus
2137 983 2268 1035 tuus
2310 982 2368 1036 in
2411 981 2745 1037 remissione
2787 984 3154 1054 peccatorum
3196 981 3288 1035 hic
3334 983 3391 1034 et
3426 979 3486 1036 in

1869 1074 2085 1127 aeterna
2104 1074 2307 1128 szecula
2341 1076 2693 1129 saeculorum.

2380 1176 2498 1226 Post
2526 1174 2968 1226 communionem.

1939 1256 2192 1324 Agamus
2234 1253 2611 1326 omnipotenti
2647 1258 2764 1311 Deo
2818 1255 3050 1327 gratias,
3103 1254 3238 1327 quia
3288 1253 3490 1309 refecit

1872 1363 1976 1401 nos
1999 1364 2148 1418 pane
2186 1348 2414 1415 caelesti,
2452 1351 2509 1402 et
2544 1350 2746 1419 poculo
2778 1349 3035 1420 spiritali,
3077 1350 3375 1419 sperantes
3415 1346 3486 1401 ab

1871 1439 1992 1507 ejus
2028 1438 2281 1510 benigna
2328 1440 2633 1494 clementia
2662 1444 2725 1495 ut
2752 1458 2855 1512 per
2879 1441 3217 1496 effusionem
3247 1438 3489 1510 Spiritus

1870 1531 2047 1585 sancti
2078 1532 2183 1599 sui,
2216 1531 2273 1585 in
2321 1533 2524 1602 quibus
2571 1532 2680 1587 cibi
2719 1534 2957 1588 caelestis
2999 1533 3174 1588 virtus
3213 1529 3485 1603 introivit,

1869 1623 2206 1679 sinceritatis
2234 1624 2422 1695 gratia
2449 1630 2789 1695 perseveret.
2821 1628 2945 1681 Per.

2375 1717 2761 1789 Consummatio
2788 1717 2975 1768 missae.

1936 1794 2055 1849 Tibi
2090 1795 2304 1864 gratias
2342 1796 2584 1867 agimus,
2629 1814 2732 1867 per
2774 1814 2945 1868 quem
2985 1796 3257 1867 mysteria
3292 1797 3488 1851 sancta

152 1869 260 1925 lum
286 1887 512 1926 Versum
548 1872 615 1927 in
655 1873 959 1943 δᾶηϐυίηθν
998 1873 1159 1928 illum
1200 1890 1491 1929 sumamus
1518 1873 1576 1928 in
1604 1875 1776 1929 calice
1796 1892 1853 1963 B
1876 1887 2264 1954 celebramus;
2297 1893 2405 1943 ate
2432 1905 2659 1960 quoque
2687 1889 2999 1944 sanctitatis
3030 1892 3087 1944 et
3116 1888 3484 1944 sanitatis.....

122 1998 127 2003 ι
154 1964 238 2035 qui
262 1964 330 2019 de
362 1967 417 2019 te
448 1964 621 2019 ﬂuxit
650 1964 710 2018 in
732 1981 897 2019 cruce
927 1982 993 2020 ex
1018 1966 1218 2020 latere.
1243 1966 1357 2021 Sal.

565 2084 702 2132 Ante
725 2083 1014 2133 orationem
1040 2082 1383 2134 Dominicam.

211 2178 484 2246 Agnosce,
512 2176 788 2242 Domine,
818 2176 992 2231 verba
1017 2194 1145 2248 quae
1165 2176 1505 2249 praecepisti,
1539 2177 1772 2249 ignosce

155 2267 512 2337 presumtioni
544 2284 729 2339 quam
766 2268 1079 2339 imperasti.
1118 2270 1449 2339 Ignorantia
1485 2273 1573 2324 est
1617 2270 1772 2325 enim

155 2376 258 2415 non
283 2376 448 2415 nosse
472 2360 777 2427 meritum,
808 2362 1173 2417 contumacia
1202 2379 1318 2417 non
1357 2378 1584 2417 servare
1624 2379 1770 2433 pre-

155 2455 385 2523 ceptum,
412 2453 630 2524 quibus
650 2452 927 2523 jubemur
951 2453 1161 2509 dicere.

195 2609 240 2665 ,ι
264 2584 460 2667 sextus
494 2601 667 2667 casus
692 2602 981 2667 ‘pro‘casu
1022 2584 1345 2655 accusandi,
1378 2590 1439 2642 ut
1468 2585 1678 2659 passim
1714 2586 1773 2641 in

157 2654 234 2709 his
253 2656 489 2727 aliisque
512 2654 758 2710 vetustis
782 2656 958 2711 libris.

1963 1978 2044 2032 tui
2076 1980 2261 2049 gratia
2289 1980 2443 2035 dona
2471 1981 2875 2051 desposcimus.
2902 1984 3010 2036 Per
3038 1981 3365 2035 Dominum.

2130 2085 2334 2139 LXXXI.
2369 2101 2525 2141 mssa
2565 2101 2847 2142 COTIDIANA
2876 2086 2905 2127 δ
2940 2099 3225 2141 ROMENSIS.

1942 2180 2110 2247 Deus,
2145 2181 2242 2251 qui
2288 2183 2453 2253 culpa
2498 2182 2825 2250 offenderis,
2857 2181 3194 2253 paenitentia
3227 2179 3487 2252 placaris,

1872 2270 2215 2327 afﬂictarum
2244 2274 2491 2344 gemitus
2519 2275 2757 2346 respice,
2808 2277 2865 2328 et
2894 2275 3048 2330 mala
3073 2290 3199 2346 quin
3222 2273 3375 2344 justo
3400 2272 3488 2326 in-

1870 2380 2040 2434 rogas
2063 2365 2508 2421 misericorditer
2531 2371 2740 2421 averte.
2772 2369 2897 2421 Per.

1940 2456 2142 2511 Cetera
2174 2459 2386 2513 desunt.

1939 2587 1968 2628 δ
1998 2589 2059 2645 ld
2086 2592 2170 2644 est
2201 2606 2266 2644 ex
2295 2589 2506 2646 Ordine
2537 2591 2796 2647 Romano
2823 2608 2924 2648 seu
2950 2591 3320 2665 Gregoriano.

630 3000 1532 3139 MISSALE
1674 2930 3030 3142 FRANCOBUM.

492 3349 536 3401 ι.
567 3362 777 3403 INCIPIT
803 3362 871 3402 ne
895 3362 1083 3414 QACRIS
1108 3362 1417 3405 ouumnus.

217 3436 391 3512 301
434 3440 715 3496 Ostiarius
737 3456 856 3495 cum
882 3440 1189 3503 ordinatur,
1205 3447 1494 3511 postquam
1517 3441 1586 3497 ab
1605 3444 1780 3498 archi-

157 3530 364 3586 diacono
387 3534 694 3589 instructus
714 3534 886 3600 fuerit
908 3534 1148 3603 qualiter
1174 3536 1233 3587 in
1272 3535 1424 3589 domo
1460 3536 1561 3589 Dei
1592 3535 1779 3591 debeat

158 3628 468 3690 conversari,
520 3627 601 3681 ad
639 3627 1036 3694 suggestionem
1077 3627 1451 3681 archidiaconi
1495 3628 1681 3682 tradat
1731 3632 1783 3683 ei

159 3719 417 3788 episcopus
468 3720 656 3774 claves
702 3719 934 3773 ecclesiae
960 3719 1025 3773 de
1072 3720 1245 3774 altari
1277 3720 1459 3775 dicens
1487 3736 1501 3775 :
1532 3720 1623 3775 Sic
1670 3736 1779 3791 age

160 3811 305 3879 quasi
339 3811 679 3866 redditurus
714 3812 833 3866 Deo
874 3811 1157 3868 rationem
1188 3828 1292 3882 pro
1324 3811 1411 3866 his
1452 3812 1622 3867 rebus
1650 3829 1779 3885 quin

162 3901 266 3956 istis
293 3904 542 3959 clavibus
562 3905 964 3959 recluduntur.

222 3997 513 4067 Acolythus
546 4014 675 4053 cum
698 3999 1012 4060 ordinatur,
1042 3998 1112 4053 ab
1150 3997 1529 4053 archidiacono
1559 4000 1778 4067 quidem

162 4089 400 4145 doceatur
422 4092 670 4161 qualiter
695 4093 938 4160 ofﬁcium
964 4105 1125 4145 suum
1149 4106 1306 4158 agere
1340 4091 1561 4157 debeat;
1585 4092 1681 4146 sed
1708 4093 1778 4147 ab

161 4183 264 4251 ipso
281 4185 670 4240 archidiacono
693 4185 930 4254 accipiat
955 4186 1342 4251 ceroferarium
1368 4199 1487 4239 cum
1514 4200 1688 4252 cerea;
1718 4190 1779 4241 ut

162 4278 281 4332 sciat
306 4292 359 4332 se
373 4278 449 4333 ad
467 4276 821 4334 accendenda
837 4278 1090 4333 Ecclesiae
1112 4277 1413 4331 lwninaria
1428 4280 1734 4347 mancipari
1757 4294 1775 4331 :

161 4372 376 4439 accipiat
403 4376 454 4427 et
484 4370 751 4427 crciatum
776 4385 1009 4426 vacuum
1036 4370 1113 4425 ad
1152 4370 1547 4437 suggerendum
1591 4373 1778 4426 vinum

160 4461 500 4519 Eucharistise
518 4464 764 4533 corporis
793 4462 1012 4519 Christi.

222 4555 501 4612 Ezercista
529 4572 655 4612 cum
677 4556 990 4617 ordinatur,
1017 4556 1254 4625 accipiat
1272 4555 1339 4610 de
1361 4570 1529 4610 manu
1545 4557 1780 4627 episcopi

161 4646 400 4716 libellum,
432 4652 493 4705 in
530 4666 642 4720 quo
684 4651 877 4718 scripti
913 4653 1041 4704 sunt
1076 4649 1378 4712 exorcismi,
1417 4649 1626 4704 dicente
1672 4650 1779 4704 sibi

1790 3360 1850 3433 A

1938 3351 2235 3419 Episcopus
2272 3365 2392 3404 cum
2434 3349 2742 3412 ordinatur,
2780 3347 2887 3404 duo
2918 3346 3152 3417 episcopi
3179 3357 3373 3400 manus
3405 3350 3493 3398 eo-‘

1873 3456 1995 3497 rum
2023 3458 2187 3512 super
2217 3447 2379 3512 caput
2408 3442 2524 3509 ejus
2548 3445 2789 3511 ponant;
2831 3445 2882 3495 et
2911 3442 3127 3494 teneant
3168 3435 3489 3505 Evangelia-

1874 3550 1996 3589 rum
2019 3534 2247 3588 codicem
2280 3550 2449 3604 supra
2478 3535 2729 3587 cervicem
2759 3533 2907 3600 ejus;
2944 3536 2993 3585 et
3034 3545 3141 3584 uno
3178 3543 3341 3598 super
3371 3542 3492 3582 eum

1875 3628 2199 3695 infundente
2222 3626 2655 3688 benedictionem,
2682 3625 2883 3693 reliqui
2903 3637 3084 3678 omnes
3113 3620 3349 3691 episcopi
3396 3619 3493 3689 qui

1876 3718 2098 3783 adsunt,
2125 3718 2378 3773 manibus
2403 3719 2517 3772 suis
2547 3732 2710 3787 super
2737 3719 2902 3785 caput
2927 3715 3044 3783 ejus
3074 3716 3310 3768 teneant.

2307 3846 2372 3899 ll.
2399 3858 2714 3900 BENRDICTIO
2734 3854 2760 3883 ι
2787 3856 3053 3898 usruau.

1943 3957 2124 4010 Deum
2142 3957 2369 4010 Patrem
2399 3954 2855 4026 omnipotentem
2878 3950 3206 4023 suppliciter
3229 3948 3492 4019 deprece-

1876 4060 2023 4114 mur,
2057 4051 2119 4102 ut
2140 4049 2292 4102 hunc
2319 4047 2597 4102 famulum
2624 4062 2789 4101 suum
2812 4043 3153 4101 benedicere
3200 4040 3488 4111 dignetur.

1810 4156 1816 4161 ·
1877 4157 2048 4212 quem
2065 4140 2124 4195 in
2146 4140 2395 4195 ofﬁcium
2418 4138 2648 4194 ustearii
2669 4138 2881 4209 eligere
2921 4136 3188 4209 dignatus
3210 4136 3313 4201 est,
3337 4134 3400 4187 ut
3423 4131 3496 4186 sit

1877 4233 1926 4287 ei
1954 4233 2282 4288 fidelissima
2306 4249 2441 4287 cura
2467 4231 2526 4286 in
2553 4232 2753 4286 diebus
2783 4247 2847 4285 ac
2873 4228 3135 4284 noctibus
3159 4227 3231 4282 ad
3262 4224 3491 4280 distinc-

1876 4325 2094 4380 tionem
2140 4326 2415 4380 horarum
2458 4324 2716 4379 certatim
2752 4323 2826 4378 ad
2851 4319 3253 4376 invocandum
3280 4308 3493 4373 nomen

1877 4417 2123 4473 Domini.
2150 4420 2275 4473 Per.

2611 4486 2745 4537 Alia.

1947 4582 2139 4657 302
2168 4583 2410 4638 Domine
2434 4584 2629 4637 sancte
2666 4583 2835 4636 Pater
2863 4578 3245 4649 omnipotens,
3279 4578 3491 4630 eeteme

1880 4679 2047 4743 Deus,
2077 4675 2419 4731 benedicere
2446 4673 2700 4745 digneris
2729 4673 3011 4727 famulum
3040 4673 3203 4725 tuum
3230 4669 3382 4723 hunc
3406 4682 3495 4721 us-

419 4742 672 4839 ‘Accit’f’
701 4744 760 4796 et
783 4740 1129 4797 commenda
1156 4758 1170 4807 ἶ
1203 4743 1261 4796 et
1288 4740 1499 4796 habeto
1529 4743 1776 4839 potest“
1800 4717 1856 4792 B
1878 4717 2665 4839 utvhite’ria‘nilt’or‘es
2688 4764 2945 4819 Ecclesise
2961 4760 3410 4835 paretobsequia
3437 4762 3498 4814 et

162 4835 267 4887 tem
309 4833 654 4905 imponendi
694 4849 904 4889 manus
942 4850 1114 4904 super
1148 4849 1625 4904 energumenum,
1667 4833 1782 4889 sive

164 4924 522 4997 baptizatum,
542 4926 664 4982 sive
690 4926 1187 4982 catechumenum.

226 5020 493 5075 Diaconus
517 5034 647 5075 cum
668 5019 985 5086 ordinatur,
1008 5020 1158 5075 solus
1185 5019 1464 5089 episcopus
1490 5020 1587 5089 qui
1622 5020 1672 5074 ei
1697 5019 1781 5074 be-

165 5110 367 5179 nedicit,
397 5128 630 5169 manum
655 5127 818 5183 super
843 5117 1007 5182 caput
1028 5113 1180 5168 illius
1203 5115 1396 5181 ponat.
1423 5113 1544 5167 Per.

225 5205 505 5274 Presbyter
538 5222 665 5262 cum
695 5206 1007 5269 ordinatur,
1061 5207 1342 5276 episcopus
1389 5206 1440 5259 ei
1485 5204 1782 5268 benedicat,

166 5311 367 5353 manum
405 5314 569 5355 suam
608 5314 775 5368 super
811 5303 974 5368 caput
1012 5299 1130 5366 ejus
1167 5302 1343 5353 teneat
1373 5316 1390 5352 :
1416 5300 1577 5353 etiam
1608 5313 1785 5354 omnes

160 5392 450 5461 presbyteri
473 5395 576 5463 qui
592 5397 892 5463 praesentes
920 5397 1070 5456 sunt,
1096 5408 1293 5448 manus
1318 5407 1448 5447 suas
1472 5393 1644 5461 juxta
1666 5408 1782 5448 ma-

168 5497 284 5538 num
304 5488 543 5556 episcopi
567 5500 738 5555 super
760 5490 924 5555 caput
952 5486 1103 5541 illius
1130 5489 1362 5540 teneant.

226 5635 249 5664 ι
275 5625 504 5682 Eaedem
536 5626 835 5683 orationes
862 5625 917 5680 in
945 5625 1155 5682 Ordine
1186 5626 1449 5679 Romano
1475 5641 1579 5696 pro
1610 5624 1704 5696 his
1728 5627 1785 5678 et

167 5698 524 5766 sequentibus
556 5696 859 5778 ordinibus
883 5710 1061 5777 usque
1091 5696 1165 5751 ad
1189 5697 1578 5819 episcopatum
1620 5695 1787 5775 editae

167 5769 287 5820 sunt
309 5769 462 5823 anud
485 5769 799 5823 Morinum.
822 5767 1067 5821 inlib.de
1097 5783 1269 5821 sacris
1298 5766 1374 5820 0r
1418 5766 1783 5823 Inationibus.

206 5839 318 5906 .361
334 5806 596 5893 ..ί-ἒωάἓῶ
610 5838 757 5892 item
775 5808 1060 5891 drationes
1079 5837 1366 5891 habentur
1383 5836 1441 5889 in
1462 5806 1785 5906 pervetustd

213 5905 354 5963 issali
391 5908 765 5964 Bibliothecae
814 5907 986 5978 regiae
1031 5923 1272 5963 numero
1316 5904 1479 5975 3865,
1516 5904 1589 5962 ad
1627 5905 1786 5977 cujus

1880 4862 2030 4917 inter
2046 4864 2270 4934 partem
2288 4863 2448 4914 tuam
2469 4863 2759 4914 mereatur
2769 4858 2980 4912 habere
3002 4854 3347 4911 mercedem.
3366 4854 3491 4908 Per.
3542 4846 3548 4861 ’

2328 4995 2414 5048 Ill.
2455 5007 2770 5050 assamcno
2808 5005 3053 5048 ACOLYI‘I.

1952 5109 2194 5166 Domine
2219 5113 2432 5177 sancte,
2464 5111 2632 5163 Pater
2656 5107 3037 5177 omnipotens,
3085 5106 3297 5159 aeterne
3329 5102 3496 5167 Deus,

1884 5202 1980 5274 qui
2005 5204 2232 5273 Moysen
2255 5204 2313 5255 et
2329 5205 2519 5255 Aaron
2544 5201 2764 5255 locutus
2791 5215 2870 5264 es,
2900 5200 2961 5250 ut
2979 5195 3389 5251 accenderetur
3409 5194 3496 5248 lu-

1884 5310 2057 5349 cerna
2093 5294 2153 5349 in
2184 5294 2552 5349 tabernacula
2591 5290 2923 5357 testimonii,
2954 5289 3032 5343 sic
3069 5287 3410 5344 benedicere
3442 5288 3502 5339 et

1884 5387 2238 5443 sanctificare
2282 5385 2535 5457 digneris
2583 5386 2736 5440 hunc
2779 5383 3061 5439 famulum
3103 5385 3286 5449 tuum,
3323 5383 3387 5434 ut
3428 5378 3498 5432 sit

1885 5482 2137 5552 acolytus
2168 5480 2227 5535 in
2253 5479 2502 5534 Ecclesia
2531 5482 2649 5533 tua.
2681 5480 2807 5533 Per.

1887 5640 2047 5677 oram
2074 5623 2185 5679 hoc
2220 5624 2344 5678 loco
2381 5623 2459 5677 ita
2494 5621 2703 5693 legitur
2731 5621 2952 5693 :Helias
2987 5619 3269 5693 Sqotigena
3301 5616 3376 5693 sic
3406 5616 3495 5680 Γα-

1885 5695 2088 5757 ciebat;
2118 5700 2181 5764 ret
2224 5696 2501 5764 episcopus
2553 5687 2662 5761 Ugo
2694 5692 2985 5748 secundum
3024 5690 3276 5764 ordinent
3306 5687 3495 5764 Ηρῖηα-

1885 5780 2033 5847 num.
2062 5750 2129 5819 lii
2149 5750 2584 5847 episcopierant
2597 5750 3029 5847 Ecolismenses,
3052 5750 3495 5847 Hjeliasﬂu‘i‘cli‘efl

1886 5838 2146 5905 tempore
2164 5820 2364 5905 Caroli
2388 5834 2571 5901 Calvi;
2599 5836 2760 5905 Huga
2800 5848 2932 5888 vero
2980 5820 3172 5905 Inedia
3206 5820 3408 5877 saeculo
3438 5834 3491 5872 ι.

1884 5899 2082 5979 Itaque
2119 5904 2210 5961 hic
2235 5906 2378 5961 ritus
2407 5906 2494 5961 est
2511 5899 2832 5961 Gallicanus
2860 5916 2977 5956 non
3008 5899 3311 5953 Romanus.
