3976 6414
425 362 524 424 310

883 468 966 526 IV.
997 485 1272 528 macrum
1309 488 1588 532 LECTORIS.

493 561 721 636 Eligunt
761 567 812 618 te
850 563 1055 618 fratres
1095 565 1198 633 tui,
1233 568 1296 620 ut
1327 566 1402 622 sis
1429 568 1609 624 lector
1654 567 1714 622 in
1743 568 1914 623 domo
1945 568 2045 622 Dei

421 657 535 724 tui;
568 661 624 712 et
669 673 943 728 agnosces
989 657 1242 714 ofﬁcium
1293 663 1475 730 tuum,
1509 664 1568 716 ut
1599 661 1835 733 impleas
1876 661 2044 728 illud;

419 753 622 822 potens
654 752 740 804 est
769 749 926 804 enim
953 751 1104 806 Deus
1133 755 1197 806 ut
1229 757 1438 824 augeat
1468 754 1570 808 tibi
1618 754 1886 825 gratiam.
1917 757 2042 810 Per.

967 849 1263 900 Benedictio
1291 851 1514 900 lectoris.

491 927 734 983 Domine
764 932 976 996 sancte,
1013 932 1185 984 Pater
1215 930 1602 1001 omnipotens,
1629 934 1843 986 aeterne
1875 933 2043 1000 Deus,

419 1017 763 1076 benedicere
819 1022 1071 1093 digneris
1123 1024 1405 1076 famulum
1461 1027 1624 1078 tuum
1671 1024 1824 1078 hunc
1885 1042 2042 1080 nom.

420 1111 583 1168 illum
610 1113 668 1167 in
710 1115 960 1169 ofﬁcium
1007 1116 1250 1182 lectoris,
1279 1119 1340 1170 ut
1369 1115 1700 1172 assiduitate
1735 1117 2045 1173 lectionum

419 1203 716 1262 distinctus
763 1211 931 1278 atque
980 1209 1274 1263 ordinatus
1313 1209 1460 1264 curis
1499 1210 1766 1278 modulis,
1809 1211 2044 1282 spiritali

421 1297 721 1354 devotione
742 1301 940 1371 lingua
965 1306 1198 1358 resonet
1217 1303 1500 1358 Ecclesiae.

846 1409 909 1462 V.
951 1424 1227 1464 ansarum
1267 1425 1592 1466 axoamsm.

491 1507 672 1560 Deum
703 1507 932 1560 Patrem
964 1506 1422 1577 omnipotentem
1459 1507 1740 1580 supplices
1771 1508 2044 1580 depreca-

421 1613 569 1665 mur,
595 1601 657 1652 ut
694 1599 846 1652 hunc
875 1599 1154 1655 famulum
1187 1617 1352 1654 suum
1378 1618 1536 1655 nom.
1573 1601 1650 1654 ill.
1701 1601 2042 1656 benedicere

423 1691 693 1760 dignetur
717 1691 774 1745 in
804 1692 990 1747 ofﬁcio
1023 1693 1333 1760 exorcistse,
1359 1697 1420 1748 ut
1450 1694 1522 1748 sit
1564 1694 1831 1765 spiritalis
1861 1694 2042 1764 impe-

423 1787 579 1838 rator
601 1783 676 1837 ad
707 1783 1058 1854 abjiciendos
1086 1786 1376 1842 daemones
1403 1787 1472 1841 de
1495 1786 1829 1858 corporibus
1860 1787 2047 1842 obses-

420 1875 494 1930 sis
513 1893 644 1932 cum
671 1878 830 1931 omni
857 1878 1114 1949 nequitia
1140 1895 1340 1934 eorum
1371 1880 1732 1935 multiformi.
1765 1882 1892 1934 Per.

921 1975 1218 2026 Benedictio
1267 1975 1554 2026 exorcisttn.

493 2053 734 2108 Domine
765 2057 978 2122 sancte,
1009 2057 1177 2110 Pater
1207 2057 1590 2127 omnipotens,
1619 2061 1830 2112 aeterne
1879 2059 2048 2126 Deus,

423 2146 766 2202 benedicere
803 2146 1056 2217 digneris
1089 2149 1370 2202 famulum
1411 2153 1572 2204 tuum
1610 2150 1760 2204 hunc
1785 2167 1940 2206 nom.
1969 2152 2046 2207 ill.

421 2239 480 2294 in
510 2239 697 2294 ofﬁcio
727 2240 1036 2308 exorcistaa,
1071 2244 1133 2294 ut
1157 2258 1260 2311 per
1283 2241 1661 2313 impositionis
1689 2261 1968 2300 manuum
1995 2249 2052 2300 et

427 2332 540 2386 oris
572 2332 824 2386 ofﬁcium
874 2350 1006 2387 eum
1055 2334 1267 2404 eligere
1300 2335 1587 2405 digneris;
1633 2340 1690 2389 et
1745 2337 2050 2408 imperium

425 2424 638 2480 habeat
671 2425 972 2496 spirituum
1009 2425 1442 2482 immundorum
1472 2430 1960 2496 coercendorum;
1995 2434 2052 2485 et

425 2517 734 2588 probabilis
759 2519 832 2572 sit
853 2519 1108 2573 medicus
1137 2520 1398 2574 Ecclesia:
1427 2523 1556 2588 tuae,
1581 2523 1780 2592 gratiae
1811 2524 2052 2578 curatio-

425 2627 563 2665 num
589 2611 793 2665 virtute
815 2612 1202 2667 conﬁrmatus.

562 2719 646 2770 VI.
679 2733 974 2774 ALLOCUTIO
1011 2736 1080 2774 AD
1121 2735 1499 2775 SUBDIACONUM
1537 2735 1904 2777 oaomxncm.

495 2811 832 2864 Exhibeatur
853 2813 912 2863 in
950 2817 1232 2880 conspectu
1272 2815 1508 2882 episcopi
1525 2819 1732 2881 patena
1761 2825 1785 2853 ει
1817 2819 1868 2868 et
1908 2817 2054 2870 cali-1:

424 2917 648 2964 vacuus,
674 2907 724 2955 et
749 2902 894 2956 dicat
915 2905 963 2956 ei
984 2906 1262 2972 episcopus
1293 2920 1309 2955 :

496 2993 634 3048 Vide
656 2993 816 3064 cujus
839 2993 1220 3048 ministerium
1247 2996 1349 3050 tibi
1371 2997 1632 3052 traditur.
1655 2999 1724 3052 Et
1743 2999 1871 3054 ideo
1893 2999 1936 3054 si
1959 3019 2048 3055 us-

429 3101 539 3158 que
561 3103 712 3140 nunc
739 3086 1104 3140 fuistitardus
1127 3089 1198 3141 ad
1227 3089 1552 3157 Ecclesiam,
1581 3093 1851 3147 ammodo
1879 3093 2052 3148 debes

429 3195 550 3232 esse
585 3179 860 3232 assiduus.
891 3179 946 3233 Si
977 3197 1154 3251 usque
1187 3198 1338 3234 nunc
1366 3184 1758 3238 somnolentus
1780 3187 2050 3242 ammodo
2071 3195 2125 3271 ρ

425 3273 642 3348 vigiles.
677 3273 732 3327 Si
759 3290 938 3344 usque
965 3292 1114 3328 nunc
1141 3273 1332 3348 303
1361 3277 1635 3346 ebriosus,
1665 3281 1936 3334 ammodo
1970 3299 2055 3337 so-

425 3364 599 3419 brius.
645 3365 703 3420 Si
743 3382 921 3436 usque
957 3383 1107 3420 nunc
1150 3368 1506 3436 inhonestus,
1538 3373 1809 3426 ammodo
1846 3377 2048 3429 castus.

391 3457 776 3530 .Oblationes,
821 3476 946 3529 qua
993 3460 1229 3514 veniunt
1271 3461 1331 3516 in
1376 3463 1597 3530 altario,
1631 3481 1810 3534 panes
1853 3483 2054 3537 propo-

427 3550 645 3604 sitionis
681 3552 1060 3622 appellantur.
1102 3555 1178 3606 De
1219 3554 1355 3624 ipsis
1397 3555 1780 3611 oblationibus
1827 3561 2052 3614 tantum

428 3643 597 3698 debet
621 3643 678 3698 in
701 3645 903 3700 altario
925 3645 1081 3716 poni,
1105 3649 1384 3716 quantum
1401 3651 1613 3719 populo
1641 3651 1818 3720 possit
1837 3653 2054 3707 sufﬁce-

427 3752 508 3802 re,
541 3754 610 3791 ne
643 3737 857 3808 aliquid
881 3737 1185 3808 'putridum
1224 3740 1282 3793 in
1324 3741 1571 3795 sacrario
1603 3747 1854 3798 maneat.
1883 3747 2051 3801 Pallas

425 3845 556 3883 vero
586 3845 712 3900 quae
739 3833 872 3884 sunt
895 3831 954 3884 in
978 3831 1005 3871 1³
1035 3832 1429 3901 substraturio,
1459 3834 1518 3886 in
1549 3835 1658 3888 alio
1689 3851 1818 3890 vase
1842 3838 2056 3893 debent

425 3921 628 3976 lavari:
661 3922 718 3976 in
741 3921 852 3976 alio
884 3925 1210 3994 corporales
1239 3925 1426 3994 pallas.
1459 3925 1564 3979 Ubi
1593 3927 1762 3997 pallae
1789 3945 2052 4002 corpora-

425 4015 508 4067 les
543 4015 743 4068 lavatas
781 4013 1014 4082 fuerint,
1047 4017 1268 4070 nullum
1303 4016 1616 4072 linteamen
1647 4019 1862 4076 ibidem
1899 4025 2054 4079 aliud

427 4105 598 4160 debet
609 4105 784 4160 lavari
807 4123 818 4161 :
833 4106 957 4176 ipsa
969 4123 1120 4178 aqua
1131 4108 1190 4162 in
1205 4109 1538 4179 baptisterio
1556 4111 1725 4166 debet
1735 4116 2051 4186 vergi.Ideo

427 4202 480 4252 te
507 4213 837 4265 ammoneo,
867 4201 928 4252 tu
952 4199 1030 4254 ita
1059 4203 1111 4254 te
1140 4201 1360 4269 exhibe,
1387 4205 1579 4259 utDeo
1603 4207 1826 4278 placere
1850 4211 2048 4280 possis.

494 4293 564 4347 Et
585 4292 767 4346 trades
797 4294 846 4344 ei
877 4293 1093 4348 calicem
1121 4299 1170 4348 et
1187 4301 1465 4364 patenum.

765 4389 995 4440 Praefatio
1021 4391 1356 4443 ordinationis
1379 4395 1700 4447 subdiaconi.

497 4469 735 4523 Oremus
781 4470 964 4524 Deum
1004 4474 1062 4525 et
1107 4473 1415 4530 Dominum
1463 4480 1742 4546 nostrum,
1775 4481 1837 4534 ut
1885 4496 2056 4552 super

1217 364 1544 419 APPENDIX
1582 365 1669 419 AD
1705 363 1924 420 OPERA
1961 359 2192 416 SANCTI
2229 361 2526 418 GERMANI
2564 363 2986 420 PARISIENSIS.

2069 478 2130 554 Α
2149 469 2382 538 tudinis,
2413 468 2653 541 Spiritus
2695 470 2946 528 scientiae
2990 475 3050 528 et
3093 467 3341 545 pietatis.
3373 471 3627 545 Repleas
3655 487 3804 528 eum

3691 365 3806 418 320

2151 562 2363 634 Spiritu
2411 563 2634 620 timoris
2680 565 2782 634 tui,
2827 567 2890 620 ut
2931 582 3067 622 eum
3115 565 3176 622 in
3220 565 3548 622 ministerio
3593 564 3806 621 divino

2149 658 2490 724 conﬁrmes;
2519 661 2584 712 ut
2611 658 2888 714 obediens
2932 663 3102 732 atque
3151 659 3302 716 dicto
3345 677 3580 732 parens,
3626 663 3802 715 tuam

2149 751 2394 820 gratiam
2415 755 2816 824 consequatur.
2845 755 2953 808 Per
2977 753 3312 810 Dominum.

2284 868 2392 922 VII.
2433 883 2731 925 ALLOCUTIO
2769 885 2838 925 AD
2879 885 3132 925 POPULUM
3171 887 3225 926 1N
3265 885 3637 928 oanmuloas

2837 955 3076 995 DIACONL

2219 1034 2573 1091 Dilectissimi
2597 1037 2823 1105 fratres,
2853 1037 3174 1108 quamlibet
3191 1037 3413 1108 possint
3441 1039 3515 1094 ad
3549 1037 3804 1094 ordina-

2145 1128 2366 1184 tionem
2407 1130 2766 1184 ecclesiastici
2804 1129 3108 1185 ministerii
3150 1131 3638 1200 promovendam,
3689 1131 3808 1186 sibi

2146 1221 2270 1292 ipsa
2299 1222 2556 1277 sufﬁcere
2587 1223 2884 1294 privilegia
2914 1224 3301 1290 sacerdotum,
3335 1227 3600 1279 attamen
3655 1225 3806 1296 quia.

2145 1315 2494 1386 probabilior
2521 1319 2578 1370 et
2627 1319 2824 1371 nostra
2867 1317 3022 1388 apud
3069 1317 3378 1372 Dominum
3421 1318 3805 1373 conversatio

2147 1412 2249 1476 est,
2278 1413 2336 1463 et
2379 1426 2582 1464 eorum
2627 1426 2872 1480 quorum
2921 1409 3109 1464 honor
3155 1413 3420 1481 augetur,
3469 1410 3670 1482 major
3714 1414 3811 1466 est

2147 1501 2358 1574 gratia;
2384 1501 2426 1556 si
2449 1502 2508 1556 id
2525 1503 2678 1574 quod
2706 1503 2942 1557 arbitria
2963 1507 3160 1558 nostra
3181 1503 3421 1574 eligunt,
3461 1504 3646 1558 etiam
3669 1521 3802 1558 ves-

2143 1598 2248 1650 trae
2284 1596 2586 1650 conﬁrmet
2620 1596 2949 1650 dilectionis
2994 1596 3290 1663 adsensus,
3335 1595 3548 1651 idcirco
3603 1597 3806 1654 ﬁlium

2147 1691 2405 1743 nostrum
2434 1689 2510 1742 ill.
2542 1689 2706 1760 cupio
2730 1689 2802 1742 ad
2822 1689 3076 1744 ofﬁcium
3101 1689 3438 1744 diaconatus
3459 1689 3518 1744 in
3549 1707 3806 1746 consor-

2147 1783 2289 1835 tium
2321 1784 2580 1836 nostrum
2602 1781 2910 1836 divinitatis
2928 1782 3134 1837 auxilio
3156 1799 3521 1853 promovere.
3541 1784 3632 1837 An
3660 1800 3809 1839 eum

2067 1845 2122 1916 Β
2152 1875 2392 1945 dignum
2423 1875 2532 1930 hoc
2568 1875 2754 1929 ofﬁcio
2787 1875 3087 1942 censeatis,
3129 1875 3272 1929 scire
3321 1875 3626 1944 desidero;
3659 1879 3724 1931 et
3759 1876 3808 1931 si

2151 1971 2337 2022 vestra
2365 1968 2519 2039 apud
2547 1984 2742 2022 meam
2789 1968 3102 2023 concordat
3128 1967 3350 2035 electio,
3383 1969 3804 2025 testimonium

2153 2061 2307 2131 quod
2325 2061 2490 2114 vultis
2519 2061 2751 2116 vocibus
2782 2061 3120 2132 adprobate.
3149 2062 3258 2115 Per
3283 2061 3627 2117 Dominum.

2483 2165 2654 2216 Oratio
2680 2165 2744 2215 ad
2774 2166 3052 2216 diaconum
3079 2166 3449 2216 ordinandum.

2223 2254 2415 2328 304
2439 2255 2697 2324 Oremus,
2728 2255 3100 2323 dilectissimi,
3127 2257 3310 2310 Deum
3340 2259 3580 2311 Patrem
3611 2257 3812 2312 omni-

2151 2351 2470 2418 potentem,
2503 2351 2566 2401 ut
2585 2365 2756 2419 super
2783 2349 2934 2403 hunc
2965 2350 3248 2404 famulum
3285 2365 3472 2415 suum,
3505 2365 3690 2420 quem
3731 2351 3812 2406 ad

2153 2442 2402 2510 ofﬁcium
2425 2441 2759 2497 diaconatus
2782 2457 2986 2496 vocare
3007 2442 3298 2512 dignatur,
3317 2442 3812 2500 benedictionem

2152 2533 2350 2603 gratias
2373 2535 2686 2589 clementer
2711 2534 2986 2603 effundat,
3009 2538 3066 2588 et
3085 2534 3538 2590 consecrationis
3569 2535 3814 2592 indulta

2151 2626 2428 2697 propitius
2463 2627 2616 2681 dona
2641 2629 2956 2694 conservet,
2981 2631 3044 2682 ut
3069 2645 3266 2698 preces
3293 2631 3521 2684 nostras
3542 2629 3816 2684 clemen-

2155 2721 2240 2772 ter
2273 2719 2565 2784 exaudiat;
2595 2723 2652 2773 et
2680 2737 2804 2790 quas
2843 2724 3039 2774 nostro
3071 2725 3201 2774 sunt
3231 2721 3493 2791 gerenda
3537 2721 3810 2788 servitio,

2154 2828 2254 2866 suo
2271 2812 2522 2882 benigno
2539 2815 2920 2883 prosequatur
2941 2813 3176 2880 auxilio;
3207 2817 3263 2867 et
3285 2831 3459 2885 quem
3481 2814 3667 2868 sacris
3689 2815 3812 2869 mi-

2154 2904 2398 2958 nisteriis
2423 2905 2798 2976 exsequendis
2824 2923 2928 2975 pro
2959 2909 3156 2960 nostra
3183 2906 3572 2978 intelligentia
3610 2907 3814 2962 credi-

2153 3013 2279 3051 mus
2320 2997 2698 3066 offerendum,
2757 3015 2858 3052 sua
2917 2999 3106 3068 potius
3159 3000 3440 3054 electione
3489 3001 3810 3070 justiﬁcet.

2151 3093 2258 3144 Per
2285 3091 2616 3146 Dominum.

2801 3162 3154 3212 Consecratio.

2222 3246 2454 3312 Adesto,
2489 3261 2834 3316 qumsumus,
2881 3247 3248 3318 omnipotens
3291 3249 3458 3316 Deus,
3499 3249 3814 3310 honorum

2155 3339 2337 3404 dator,
2355 3338 2622 3392 ordinum
2635 3338 2986 3406 distributor,
3003 3341 3444 3412 ofﬁciorumque
3460 3343 3814 3415 dispositor,

2155 3433 2250 3502 qui
2276 3432 2334 3485 in
2355 3434 2409 3484 te
2431 3447 2693 3499 manens,
2718 3433 2958 3486 innovas
2986 3433 3200 3502 omnia,
3225 3437 3282 3488 et
3303 3440 3508 3490 cuncta
3537 3437 3814 3510 disponis

2153 3541 2256 3595 per
2283 3523 2551 3590 Verbum,
2577 3525 2878 3592 Virtutem,
2903 3525 3379 3598 Sapientiamque
3411 3532 3574 3583 tuam
3596 3532 3626 3586 ,Ι
3633 3547 3810 3588 esum

2153 3618 2438 3674 Christum
2463 3616 2666 3670 Filium
2697 3619 2860 3671 tuum
2899 3619 3213 3674 Dominum
3257 3623 3542 3688 nostrum,
3581 3627 3812 3697 sempi-

2151 3715 2317 3765 terna
2335 3709 2692 3782 providentia
2712 3727 3022 3782 praeparas,
3049 3715 3106 3765 et
3127 3712 3186 3766 in
3209 3713 3448 3786 singulis
3470 3715 3814 3791 quibusque

2153 3803 2507 3875 temporibus
2533 3804 2784 3876 aptanda
2813 3805 3128 3876 dispensas.
3162 3807 3335 3878 Cujus
3360 3825 3569 3881 corpus
3599 3813 3814 3869 Eccle-

2153 3897 2296 3951 siam
2343 3901 2522 3965 tuam,
2554 3898 2868 3952 caelestium
2905 3899 3224 3969 gratiarum
3267 3901 3546 3958 varietate
3591 3905 3816 3962 distin-

2153 3993 2304 4044 ctam
2327 4005 2673 4061 suorumque
2701 4007 2960 4046 connexa
2991 3991 3337 4048 discretione
3365 3995 3812 4068 membrorum,

2153 4099 2255 4154 per
2273 4083 2648 4152 legemtotius
2661 4083 2949 4156 mirabilis
2971 4086 3266 4157 compagis
3291 4087 3540 4156 unitam,
3567 4090 3630 4145 in
3653 4092 3814 4165 laug-

2153 4180 2416 4230 mentum
2446 4176 2644 4247 templi
2669 4177 2752 4230 tui
2773 4193 3027 4232 crescere
3061 4178 3402 4251 dilatarique
3431 4183 3690 4254 largiris,
3725 4203 3816 4242 sa-

2153 4269 2233 4323 cri
2257 4269 2514 4324 muneris
2539 4271 2884 4324 servientem
2902 4271 3070 4325 trinis
3099 4273 3372 4343 gradibus
3393 4275 3813 4336 ministrorum

2155 4361 2378 4416 nomini
2391 4365 2486 4416 tuo
2505 4362 2756 4418 militare
2778 4365 3151 4432 constituens;
3183 4367 3378 4421 electis
3395 4367 3466 4422 ab
3481 4368 3650 4426 initio
3671 4373 3812 4428 Levi

2153 4456 2303 4523 ﬁliis,
2321 4455 2416 4527 qui
2437 4447 2689 4527 mysticis
2709 4457 3139 4528 operationibus
3163 4459 3368 4514 domus
3391 4463 3506 4516 tum
3529 4463 3814 4521 ﬁdelibus

423 4578 646 4617 servum
669 4579 834 4616 suum
857 4581 1013 4618 nam
1042 4564 1142 4634 in"
1168 4583 1339 4638 quem
1373 4570 1444 4624 ad
1472 4571 1914 4628 subdiaconatus
1931 4549 2128 4634 δίδη)
2152 4549 2398 4604 excubiis
2451 4553 2876 4620 permanentes,
2926 4551 3312 4607 hereditatem
3366 4553 3808 4614 benedictionis

422 4655 574 4710 cium
597 4671 833 4710 evocare
862 4655 1128 4728 dignatus
1155 4663 1258 4728 est,
1282 4661 1552 4719 infundat
1583 4665 2046 4721 benedictionem

423 4751 478 4802 et
504 4748 749 4818 gratiam
775 4765 964 4816 suam;
993 4755 1056 4805 ut
1093 4753 1152 4806 in
1182 4759 1488 4826 conspectu
1519 4773 1620 4811 suo
1661 4758 1908 4813 ﬁdeliter
1937 4776 2048 4814 ser-

419 4841 596 4908 viens,
639 4842 926 4898 destinata
977 4846 1186 4900 sanctis
1231 4849 1468 4919 praemia
1508 4855 1908 4921 consequatur.
1943 4855 2048 4908 Per

421 4933 749 4990 Dominum.

911 5009 1208 5060 Benedictio
1226 5011 1548 5062 subdiaconi.

491 5085 733 5141 Domine
764 5091 974 5158 sancte,
1003 5092 1172 5145 Pater
1203 5091 1588 5163 omnipotens,
1631 5097 1844 5150 aeterne
1877 5097 2044 5166 Deus,

419 5179 762 5234 benedicere
795 5181 1046 5252 digneris
1071 5185 1352 5240 famulum
1383 5189 1544 5242 tuum
1565 5187 1737 5254 hunc,
1762 5207 1918 5246 nom.
1943 5193 2046 5258 ill.,

421 5287 593 5342 quem
619 5271 694 5325 ad
719 5272 1160 5332 subdiaconatus
1183 5278 1436 5333 ofﬁcium
1457 5280 1670 5352 eligere
1700 5283 1968 5354 dignatus
1989 5302 2050 5339 es

420 5371 500 5425 uti
532 5371 686 5426 enim
707 5371 766 5426 in
801 5376 1042 5432 sacrario
1058 5379 1157 5432 tuo
1183 5382 1382 5435 saneto
1405 5384 1702 5436 strenuum
1724 5385 2049 5441 sollicitum-

421 5481 532 5535 que
561 5465 768 5544 caclesti
803 5467 1018 5523 militiae
1049 5470 1329 5540 instituas,
1361 5477 1422 5528 ut
1448 5475 1662 5529 sanctis
1694 5476 1968 5531 altaribus
1989 5481 2049 5534 ﬁ-

421 5557 625 5612 deliter
649 5559 1068 5618 subministret:
1087 5567 1143 5619 et
1166 5565 1490 5635 requiescat
1518 5583 1691 5636 super
1717 5584 1846 5622 eum
1879 5571 2049 5642 Spiri-

423 5653 508 5703 tus
535 5651 829 5722 sapientiae
852 5658 910 5710 et
937 5656 1276 5724 intellectus,
1300 5659 1542 5728 Spiritus
1571 5660 1792 5715 consilii
1819 5667 1875 5717 et
1895 5665 2050 5722 forti-

492 5797 517 5857 ξι
545 5787 663 5857 Huc
693 5790 914 5857 spectat
942 5803 1126 5843 canon
1155 5791 1186 5842 6
1219 5791 1442 5845 concilii
1470 5791 1726 5848 Toletani
1751 5811 1868 5850 vm.

491 5855 518 5894 δ
547 5856 610 5911 Id
641 5855 740 5912 est
753 5857 958 5932 quibus
988 5857 1264 5914 sternitur
1298 5861 1493 5918 altaris
1541 5863 1838 5936 planities;
1863 5883 2046 5940 corpo-

2148 4647 2378 4698 aaternae
2407 4645 2557 4697 sorte
2583 4645 2861 4713 perpetua
2883 4643 3264 4714 possiderent.
3297 4646 3484 4718 Super
3513 4649 3676 4709 hunc
3723 4653 3812 4708 fa.

2148 4737 2372 4792 mulum
2383 4739 2568 4802 tuum,
2594 4751 2942 4806 quasumus,
2963 4737 3227 4804 Domine,
3247 4739 3506 4810 placatus
3529 4741 3808 4812 intende,

2149 4845 2322 4900 quem
2335 4829 2445 4882 tuis
2477 4828 2650 4883 sacris
2668 4829 3032 4898 serviturum,
3054 4831 3114 4884 in
3138 4832 3394 4886 ofﬁcium
3413 4833 3652 4891 diaconi
3675 4855 3812 4910 sup-

2147 4921 2370 4994 pliciter
2395 4921 2745 4976 dedicamus.
2777 4923 2844 4976 Et
2873 4939 2977 4977 nos
3011 4923 3271 4994 quidem,
3301 4927 3590 4996 tanquam
3617 4930 3814 4987 homi-

2149 5033 2270 5080 nes,
2305 5014 2481 5069 divini
2511 5031 2707 5068 sensus
2735 5019 2792 5069 et
2824 5032 3067 5072 summas
3095 5017 3336 5072 rationis
3375 5019 3594 5090 ignari,
3631 5024 3813 5096 hujus

2147 5108 2344 5174 vitam,
2388 5111 2670 5179 quantum
2697 5125 3017 5179 possumus,
3054 5111 3428 5166 aestimamus.
3457 5113 3534 5168 Te
3573 5120 3807 5186 autem,

2147 5201 2411 5266 Domine,
2463 5218 2590 5271 quas
2619 5201 2784 5257 nobis
2823 5205 2955 5256 sunt
2987 5204 3182 5274 ignota
3215 5221 3332 5259 non
3363 5209 3712 5277 transeunt;
3747 5215 3811 5266 te

2149 5295 2368 5350 occulta
2397 5310 2514 5347 non
2545 5293 2769 5349 fallunt.
2799 5297 2878 5350 Tu
2901 5297 3165 5367 cognitor
3193 5301 3520 5368 pectorum,
3557 5305 3626 5357 tu
3655 5319 3814 5360 scru-

2149 5391 2300 5442 tator
2325 5403 2384 5441 es
2406 5386 2753 5442 animarum.
2777 5390 2856 5443 Tu
2883 5391 3162 5444 veraciter
3189 5390 3248 5444 in
3270 5407 3406 5446 eum
3426 5395 3670 5455 caeleste
3704 5413 3814 5468 po-

2149 5483 2234 5534 tes
2257 5479 2531 5534 adhibere
2547 5481 2851 5550 judicium,
2879 5485 2936 5537 et
2953 5483 3110 5536 velut
3133 5483 3388 5555 indignis
3417 5487 3645 5544 donare
3675 5506 3814 5562 qum

2149 5572 2452 5644 poscimus.
2477 5574 2690 5628 Emitte
2723 5575 2782 5629 in
2815 5591 2969 5643 eum,
2995 5592 3344 5647 quaesumus,
3377 5579 3652 5650 Domine,
3679 5583 3816 5655 Spi-

2149 5666 2324 5722 ritum
2341 5669 2603 5722 sanctum
2625 5667 2684 5722 in
2711 5685 2852 5738 opus
2873 5669 3177 5724 ministerii
3200 5671 3453 5727 ﬁdeliter
3475 5689 3810 5750 exsequen-

2149 5803 2312 5866 rales,
2342 5818 2468 5874 quae
2497 5819 2701 5876 corpus
2723 5802 2928 5859 Christi
2951 5802 3208 5875 proxime
3231 5807 3503 5878 tangunt.
