3976 6442
200 365 283 419 321
1277 367 1362 430 DE
1401 376 1709 433 LITURGIA
1746 377 2110 436 GALLICANA
2154 384 2348 439 LIBER
2389 385 2473 439 III.

3437 398 3537 452 3'22

195 473 276 527 di:
307 486 548 526 munere
577 472 924 545 septiformis
946 479 1059 531 tute
1086 479 1279 550 gratim
1298 463 1610 540 roboretur.
1631 487 1821 542 Abun-
1846 499 1904 572 Α
1924 492 2180 544 sanctum
2201 507 2504 546 consensus
2523 509 2670 548 unus
2691 495 2947 552 omnium
2962 496 3303 556 animorum.
3327 501 3392 558 Et
3419 503 3540 560 ideo

193 567 278 622 det
301 566 358 620 in
388 582 526 620 eum
564 565 737 621 totius
769 567 951 623 forma
990 571 1229 643 virtutis,
1270 577 1588 647 auctoritas,
1625 582 1818 636 mode-

191 659 304 726 stia,
333 660 542 729 pudor,
573 665 834 715 constans
859 662 1199 734 innocentia,
1229 671 1285 721 et
1328 669 1590 739 spiritalis
1629 673 1818 729 obser-

190 752 364 806 vantia
391 751 731 822 disciplina.
765 755 824 807 In
851 756 1102 810 moribus
1132 758 1252 828 ejus
1279 768 1558 832 praecepta
1584 768 1679 819 tua
1708 767 1817 822 ful-

191 850 366 915 geant,
395 848 463 898 ut
491 861 614 898 suae
642 847 912 901 castitatis
934 851 1190 921 exemplo
1217 852 1591 910 imitationem
1617 865 1819 914 sancta:

1921 582 2250 638 electionem
2289 589 2528 640 vestram
2577 587 2786 644 debetis
2838 607 2969 647 voce
3003 592 3228 663 publica
3265 596 3535 666 proﬁteri.

1917 676 2021 730 Per
2048 676 2367 732 Dominum.

2242 770 2411 819 Oratio
2436 770 2500 819 ad
2527 771 2854 836 presbyteros
2881 775 3207 828 ordinandas.

1987 842 2240 910 Oremus,
2259 845 2622 912 dilectissimi,
2643 847 2816 900 Deum
2829 849 3052 903 Patrem
3071 853 3534 925 omnipotentem,

188 936 352 1006 plebis
380 937 682 1008 adquirat;
707 943 763 993 et
790 939 1005 995 bonum
1035 944 1389 1000 conscientias
1434 949 1818 1007 testimonium
1917 936 1981 985 ut
2005 950 2172 1005 super
2197 937 2348 991 hunc
2373 938 2651 993 famumm
2678 955 2865 1007 suum:
2909 957 3076 1011 quem
3120 945 3188 998 ad
3227 947 3534 1018 PPeSbytel‘i

188 1029 490 1099 perferens,
524 1029 587 1083 in
614 1031 835 1086 Christo
885 1034 1082 1089 ﬁrmus
1126 1041 1182 1091 et
1217 1038 1428 1094 stabilis
1469 1031 1815 1114 perseveret;

187 1120 477 1192 dignisque
506 1124 958 1180 successionibus
985 1127 1052 1182 de
1081 1128 1342 1186 inferiore
1357 1133 1668 1206 gradu,per
1697 1153 1819 1208 gra-

183 1213 309 1267 tiam
356 1219 537 1283 tuam,
590 1213 784 1288 305
822 1219 1042 1288 potiora
1095 1237 1293 1293 capere
1335 1241 1672 1283 mereamur.
1714 1231 1818 1286 Per

185 1305 474 1361 Dominum
501 1313 793 1364 nostrum.

248 1399 479 1468 Exaudi,
510 1401 772 1471 Domine,
801 1405 1121 1474 supplicum
1151 1424 1362 1479 preces,
1397 1417 1451 1466 et
1477 1413 1674 1469 devoto
1709 1417 1811 1472 tibi
1908 1399 2195 1502 ςεῐέξῑιῖιξ
2220 1399 2814 1510 ῖξῖιέῖξιξθῖξᾶξξέἐ

183 1496 395 1562 pectore
419 1492 772 1548 famulantes
809 1502 1081 1567 perpetua
1116 1500 1436 1559 defensione
1476 1508 1708 1578 custodi,
1747 1514 1812 1564 ut

181 1584 334 1638 nullis
357 1585 892 1655 perturbationibus
919 1589 1195 1661 impediti,
1224 1594 1458 1650 liberam
1485 1600 1807 1656 servitutem

183 1678 282 1730 tuis
305 1693 534 1748 semper
563 1678 939 1736 exhibeamus
966 1683 1179 1738 ofﬁciis.
1218 1687 1323 1741 Per
1364 1689 1667 1747 Dominum
1711 1710 1806 1749 no-

387 1840 463 1889 Λᾶ
492 1843 971 1893 consummandum
1007 1845 1307 1898 diaconatus
1332 1850 1576 1902 ofﬁcium.

241 1913 550 1970 Commune
594 1921 792 1970 votum
817 1921 1131 1975 communis
1167 1930 1537 2010 prosequatur
1582 1929 1801 1984 oratio:

178 2008 236 2058 ut
257 2005 340 2058 his
363 2007 536 2060 totius
563 2008 828 2064 Ecclesiae
855 2027 1039 2081 prece,
1083 2015 1181 2084 qui
1233 2015 1292 2069 in
1336 2005 1658 2074 diaconatus
1699 2023 1804 2076 mi-

178 2097 392 2152 nisterio
417 2105 783 2171 praeparatur
802 2102 1043 2173 levitico,
1074 2105 1466 2165 benedictione
1491 2117 1544 2166 et
1572 2113 1805 2183 spiritali

179 2193 588 2247 conversatione
618 2195 963 2266 praefulgens
995 2199 1173 2269 gratia
1198 2202 1646 2259 sanctiﬁcationis
1689 2207 1803 2262 elu-

180 2289 305 2338 ceat.
337 2286 440 2339 Per
467 2286 803 2342 Dominum.

701 2375 1002 2425 Benedictio
1030 2379 1276 2441 sequitur.

241 2446 465 2502 Domine
507 2453 726 2516 sancte,
765 2451 906 2520 spei,
934 2451 1084 2521 ﬁdei,
1116 2454 1334 2524 gratiae,
1362 2461 1419 2510 et
1445 2458 1800 2527 profectuum

179 2545 506 2609 munerator,
541 2542 650 2612 qui
679 2541 740 2595 in
776 2543 1086 2598 cazlestibus
1115 2549 1171 2599 et
1198 2548 1434 2602 terrenis
1469 2551 1799 2621 angelorum

178 2630 483 2687 ministeriis
514 2633 731 2704 ubique
759 2635 1035 2706 dispositis
1061 2654 1164 2708 per
1184 2641 1373 2694 omnia
1399 2643 1675 2698 elementa
1701 2662 1795 2699 vo-

176 2721 390 2779 luntatis
405 2731 518 2780 tum
535 2727 796 2782 defendis
817 2728 1101 2797 affectum,
1121 2731 1271 2788 hunc
1283 2749 1507 2806 quoque
1519 2736 1796 2793 famulum

177 2819 324 2871 tuum
349 2818 429 2874 ill.
463 2819 699 2890 speciali
733 2820 966 2891 dignare
1000 2822 1296 2880 inlustrare
1321 2833 1566 2897 aspectu,
1593 2835 1658 2884 ut
1688 2830 1798 2885 tuis

177 2907 435 2980 obsequiis
467 2912 790 2983 expeditus,
821 2915 1024 2968 sanctis
1049 2915 1314 2971 altaribus
1339 2919 1596 2975 minister
1619 2939 1796 2992 purus

175 3001 440 3058 adcrescat
455 3023 473 3074 ;
503 3010 561 3059 et
588 3005 948 3076 indulgentia
977 3009 1190 3078 purior,
1212 3025 1408 3065 eorum
1436 3014 1634 3084 gradu,
1657 3031 1795 3086 quos

173 3097 396 3164 apostoli
425 3097 507 3151 tui
535 3098 601 3152 in
645 3100 960 3168 septenario
1002 3117 1260 3171 numero,
1299 3103 1462 3158 beato
1517 3106 1794 3178 Stephano

1918 1041 2126 1080 munus
2155 1029 2332 1099 eligit,
2351 1031 2587 1086 caelestia
2608 1032 2755 1086 dona
2783 1034 3118 1104 multiplicet
3149 1055 3162 1091 :
3194 1042 3250 1092 et
3268 1055 3395 1110 quae
3416 1042 3535 1112 ejus

1915 1116 2239 1188 dignatione
2269 1122 2596 1194 suscipiunt,
2621 1125 2742 1196 ejus
2769 1131 3146 1198 exsequantur
3172 1130 3399 1187 auxilio.
3429 1135 3534 1189 Per

1913 1209 2234 1267 Dominnm.

2591 1286 2716 1335 Item
2741 1287 2856 1337 alia.

1983 1355 2195 1410 Exaudi
2220 1372 2338 1426 nos,
2370 1357 2532 1424 Deus,
2563 1361 2818 1415 salutaris
2847 1369 3056 1433 noster,
3093 1372 3148 1421 et
3173 1384 3342 1440 super
3377 1370 3530 1426 hunc

2819 1473 2875 1510 In
2927 1458 3168 1529 Spiritus
3214 1464 3412 1532 sancti,
3475 1471 3531 1519 et

1909 1539 2104 1609 gratiae
2145 1543 2498 1598 sacerdotalis
2541 1545 2764 1601 effunde
2807 1549 3090 1619 virtutem,
3124 1555 3188 1606 ut
3213 1569 3380 1623 quem
3411 1559 3524 1610 tua;

1905 1632 2126 1702 pietatis
2156 1635 2505 1705 suspectibus
2535 1637 2820 1695 offerimus
2846 1645 3303 1716 consecrandum,
3331 1664 3528 1719 perpe-

1905 1728 2002 1779 tua
2029 1727 2279 1782 muneris
2305 1728 2385 1782 tui
2411 1729 2668 1800 largitate
2692 1736 3066 1806 prosequaris.
3095 1737 3218 1792 Per.

2543 1824 2888 1875 Consecratio.

2543 1855 2888 1875 μυμπυωιιυ.

1825 1855 1882 1926 Β
1977 1894 2206 1949 Domine
2232 1899 2442 1965 sancte,
2472 1899 2635 1952 Pater
2679 1901 3051 1971 omnipotens,
3101 1908 3309 1960 teteme
3359 1907 3521 1977 Deus,

1905 1985 2187 2040 honorum
2215 1993 2270 2042 et
2294 1988 2548 2043 omnium
2574 1989 2936 2062 dignitatum,
2965 2011 3091 2065 quae
3118 1996 3222 2050 tibi
3259 1999 3520 2069 militant,

1905 2077 2249 2147 distributor,
2273 2096 2374 2149 per
2397 2098 2564 2152 quem
2583 2084 2886 2153 proficiunt
2912 2087 3191 2158 universa,
3218 2106 3320 2159 per
3353 2107 3524 2162 quem

1904 2176 2103 2225 cuncta
2130 2171 2448 2242 ﬁrmantur,
2466 2175 2814 2245 ampliﬁcatis
2845 2193 3066 2248 semper
3092 2179 3151 2233 in
3192 2182 3392 2236 melius
3430 2201 3524 2239 na-

1901 2267 2045 2316 turae
2074 2264 2359 2318 rationalis
2386 2266 2768 2336 incrementis,
2797 2286 2898 2340 per
2923 2270 3179 2326 ordinem
3215 2290 3521 2346 congruam

1901 2355 2175 2410 rationem
2204 2356 2559 2428 dispositum.
2603 2362 2754 2415 Unde
2799 2364 3162 2419 sacerdotales
3199 2367 3424 2437 gradus,
3467 2376 3524 2424 et

1899 2447 2078 2502 ofﬁcia
2101 2449 2397 2504 levitarum
2423 2453 2783 2508 sacramentis
2811 2455 3056 2524 mysticis
3099 2457 3356 2513 instituta
3396 2476 3515 2516 cre-

1898 2544 2134 2610 verunt;
2166 2545 2226 2595 ut
2255 2559 2384 2596 cum
2408 2543 2698 2614 pontiﬁces
2724 2562 2971 2601 summos
2996 2551 3256 2619 regendis
3299 2553 3520 2623 populis

1897 2634 2252 2704 praefecisses,
2284 2636 2355 2689 ad
2383 2652 2578 2690 eorum
2607 2638 2895 2694 societates
2923 2645 2978 2694 et
3006 2642 3188 2711 operis
3218 2644 3514 2714 adjumen-

1896 2732 2019 2781 tum
2057 2727 2340 2798 sequentis
2379 2729 2589 2783 ordinis
2642 2731 2786 2784 viros
2827 2737 2882 2786 et
2931 2735 3190 2789 secundae
3229 2736 3515 2808 dignitatis

1897 2820 2152 2890 elegeris.
2181 2820 2266 2875 Sic
2295 2820 2355 2874 in
2385 2837 2573 2876 eremo
2595 2839 2697 2892 per
2725 2825 3085 2896 septuaginta
3103 2828 3352 2883 virorum
3377 2847 3513 2902 pru-

1895 2913 2148 2967 dentium
2163 2915 2380 2967 mentes
2392 2915 2560 2985 Moysi
2576 2915 2834 2986 spiritum
2847 2919 3186 2991 propagasti,
3202 2921 3406 2992 quibus
3419 2924 3514 2979 ille

1894 3006 2240 3075 adjutoribus
2265 3023 2400 3060 usus
2426 3007 2487 3060 in
2515 3009 2742 3078 populo,
2771 3009 3094 3066 innumeras
3123 3015 3514 3071 multitudines

1893 3099 2052 3152 facile
2096 3099 2445 3170 gubernavit.
2484 3101 2569 3155 Sic
2613 3106 2669 3155 et
2709 3102 2967 3158 Eleazaro
3011 3110 3067 3160 et
3106 3107 3352 3161 Ithamar
3390 3109 3516 3164 ﬁliis

175 3185 299 3241 duce
323 3204 384 3242 ac
412 3191 654 3260 praevio,
678 3197 874 3247 sancto
898 3192 1108 3262 Spiritu
1132 3200 1357 3250 auctore
1375 3197 1684 3269 elegerunt,
1716 3201 1795 3254 di-
1814 3208 1867 3282 ρ
1892 3195 2074 3246 Aaron
2099 3195 2345 3262 paterni?
2385 3193 2747 3262 Plenimdinis
2788 3197 3192 3253 abundantiam
3220 3202 3517 3263 transfudi-

176 3293 306 3348 gnus
347 3283 580 3352 existat;
644 3289 702 3339 et
748 3285 1050 3339 virtutibus
1092 3287 1388 3356 universis,
1438 3291 1642 3361 quibus
1691 3292 1791 3347 tibi
1891 3286 1979 3354 sti,
2016 3290 2081 3339 ut
2119 3285 2189 3339 ad
2229 3285 2441 3339 hostias
2489 3286 2759 3342 salutares
2806 3295 2862 3343 et
2909 3290 3304 3362 frequentioris
3348 3294 3516 3350 ofﬁcii

175 3373 361 3429 servire
394 3381 639 3446 oportet,
677 3377 986 3433 instructus
1016 3381 1309 3451 compleat.
1351 3383 1456 3437 Per
1490 3384 1790 3440 Dominum

173 3469 410 3520 nostrum
437 3469 637 3523 Iesum
662 3469 972 3525 Christum.

236 3561 359 3618 Vill.
386 3581 686 3622 ALLOCUTIO
721 3582 792 3620 AD
830 3584 1073 3623 porcum
1116 3585 1170 3622 IN
1208 3585 1563 3627 oanmanorva
1601 3589 1720 3628 pm:-

859 3655 1094 3692 SBYTERI.

233 3712 522 3785 Quoniam,
571 3714 928 3772 dilectissimi
961 3718 1182 3787 fratres,
1236 3722 1464 3776 rectoris
1488 3739 1690 3778 navem
1735 3729 1791 3779 et

173 3805 441 3878 navigium
480 3808 794 3863 deferentis
841 3811 1038 3865 eadem
1065 3817 1147 3867 est
1175 3813 1262 3866 vel
1285 3815 1594 3870 securitatis
1624 3817 1786 3884 ratio,

173 3898 246 3952 vel
263 3899 492 3970 timoris,
523 3901 850 3956 communis
875 3918 1076 3958 eorum
1103 3905 1267 3961 debet
1307 3923 1424 3962 esse
1474 3909 1749 3964 sententia
1769 3951 1784 3978 ,

173 4007 396 4062 quorum
433 4011 604 4049 causa
639 3996 958 4050 communis
984 3998 1215 4052 exsistit.
1248 3999 1357 4054 Nec
1388 4000 1595 4055 frustra
1625 4019 1658 4055 a
1695 4003 1789 4056 Pa-

173 4083 332 4139 tribus
354 4084 780 4142 reminiscimur
806 4087 1148 4160 institutum,
1188 4095 1252 4146 ut
1284 4091 1351 4146 de
1388 4092 1654 4148 electione
1691 4111 1784 4149 eo-

171 4187 286 4230 rum
313 4180 406 4250 qui
438 4179 510 4234 ad
539 4179 802 4252 regimen
826 4182 1016 4236 altaris
1045 4182 1348 4239 adhibendi
1375 4191 1506 4241 sunt
1529 4187 1784 4242 consula-

171 4269 252 4323 tur
277 4276 328 4326 et
350 4275 622 4345 populus,
661 4272 794 4345 quia
821 4273 888 4329 de
936 4280 1063 4330 actu
1103 4281 1158 4330 et
1198 4279 1612 4334 conversatione
1648 4297 1787 4351 prae-

169 4359 313 4432 senti,
331 4363 482 4436 quod
497 4383 938 4438 nonnumquam
959 4367 1256 4440 ignoratur
1272 4387 1304 4424 a
1317 4370 1592 4442 pluribus,
1615 4373 1788 4428 scitur

167 4469 196 4505 a
216 4458 421 4529 paucis;
459 4465 516 4515 et
551 4475 779 4515 necesse
808 4466 892 4516 est
919 4466 982 4515 ut
1007 4462 1222 4518 facilius
1258 4463 1384 4535 quis
1413 4465 1786 4521 obedientiam

1889 3382 2234 3436 sacramenta
2258 3378 2536 3433 sufﬁceret
2564 3380 2828 3436 meritum
2844 3383 3213 3440 sacerdotum.
3242 3387 3354 3442 Hac
3381 3404 3510 3458 pro-

1888 3472 2152 3540 videntia,
2194 3471 2447 3535 Domine,
2491 3473 2761 3542 apostolis
2802 3475 2925 3528 Filii
2963 3476 3046 3530 tui
3088 3477 3340 3534 doctores
3381 3481 3511 3536 ﬁdei

1889 3566 2118 3620 comites
2150 3563 2429 3632 addidisti,
2457 3564 2660 3634 quibus
2684 3565 2764 3619 illi
2792 3567 2987 3622 orbem
3030 3574 3210 3624 totum
3255 3573 3512 3628 secundis

1887 3657 2346 3730 praedicatoribus
2381 3655 2775 3726 impleverunt.
2806 3659 3156 3731 Quapropter
3195 3663 3514 3721 inﬁrmitati

1887 3766 2110 3823 quoque
2137 3753 2360 3816 nostrae,
2385 3749 2636 3818 Domine,
2666 3767 3006 3822 quaesumus,
3034 3754 3158 3808 haec
3187 3756 3512 3830 adjumenta

1887 3844 2112 3914 largire,
2132 3843 2232 3914 qui
2247 3845 2457 3913 quanto
2477 3841 2656 3912 magis
2681 3843 2990 3915 fragiliores
3007 3863 3223 3918 sumus,
3247 3852 3402 3905 tanto
3422 3850 3512 3905 his

1887 3937 2108 4007 plurius
2136 3935 2480 4006 indigemus.
2515 3936 2614 4002 Da,
2645 3952 2992 4008 quaesumus,
3022 3941 3381 4012 omnipotens
3402 3945 3506 3999 Pa-

1888 4032 1992 4098 ter,
2022 4030 2080 4083 in
2110 4030 2215 4083 hoc
2242 4028 2452 4082 famulo
2492 4031 2589 4082 tuo
2628 4029 2707 4084 ill.
2752 4031 3087 4102 presbyterii
3127 4034 3460 4106 dignitatem
3487 4056 3505 4108 ;

1885 4122 2088 4177 innova
2114 4123 2173 4176 in
2199 4121 2504 4176 visceribus
2533 4122 2654 4191 ejus
2680 4123 2944 4193 spiritum
2971 4127 3299 4183 sanctitatis.
3340 4133 3505 4186 Acce-

1885 4219 2049 4288 ptum
2087 4220 2219 4284 ate,
2262 4216 2424 4284 Deus,
2463 4215 2692 4269 secundi
2737 4217 2924 4271 meriti
2964 4234 3170 4275 munus
3215 4221 3464 4279 obtineat
3491 4266 3506 4293 ,

1885 4325 2289 4379 censuramque
2306 4323 2531 4362 morum
2557 4311 2815 4380 exemplo
2831 4327 2946 4365 suae
2966 4316 3402 4372 conversationis
3426 4319 3508 4373 in-

1885 4401 2087 4458 sinuet.
2119 4401 2203 4456 Sit
2226 4401 2490 4472 providus
2517 4406 2846 4472 cooperator
2885 4404 3099 4459 ordinis
3143 4409 3339 4476 nostri,
3381 4411 3504 4466 elu-

1884 4499 2005 4548 ceat
2031 4494 2089 4548 in
2127 4510 2258 4549 eum
2283 4493 2452 4548 totius
2488 4494 2668 4548 forma
2689 4495 2942 4566 justitiae,
2981 4501 3046 4551 ut
3074 4498 3280 4553 bonam
3311 4499 3500 4574 307

2143 4548 2146 4549 7
2689 4548 2710 4563 ¹¹¹
2885 4548 2888 4549 ν
2929 4548 2942 4566 Ῐ
2993 4548 3043 4551 ψ’
3075 4548 3280 4553 ήν---“
3311 4548 3434 4574 νυ
3458 4548 3485 4574 '

168 4548 408 4606 “hibeat
461 4551 745 4622 ordinato’
798 4554 888 4608 cui
933 4555 1234 4610 adsensum
1284 4557 1592 4628 Praebuerit
1640 4558 1786 4613 Ordi'
1804 4575 1861 4647 D
1884 4587 2163 4641 rationem
2222 4585 2651 4656 dispensationis
2709 4587 2814 4639 sibi
2885 4589 3112 4644 creditae
3160 4591 3500 4665 redditurus,

168 4641 329 4665 “4‘th
383 4643 588 4665 '7'___1,i,',
622 4653 740 4665 -44-:
784 4647 795 4658 '
851 4652 884 4665 γι
1176 4649 1189 4665 1
1256 4654 1265 4665 ι
1343 4649 1352 4660 ⁸
1670 4653 1702 4665 ,ι

167 4641 353 4698 nando.
381 4643 592 4700 Fratris
621 4647 799 4702 nostri
837 4652 893 4702 et
936 4649 1356 4720 conpresbyteri
1401 4653 1778 4723 conversatio,

167 4739 423 4802 quantum
448 4755 616 4794 nosse
646 4737 789 4793 mihi
830 4739 1038 4810 videor,
1071 4741 1304 4812 probata
1329 4759 1392 4798 ac
1435 4745 1544 4798 Deo
1583 4745 1782 4816 placita

169 4830 259 4892 est,
288 4833 342 4882 et
367 4830 538 4901 digna
587 4832 672 4901 (ut
717 4832 979 4903 arbitror)
1013 4834 1361 4890 ecclesiastici
1405 4837 1634 4892 honoris
1679 4856 1777 4895 au-

169 4925 416 4987 gmento:
456 4925 554 4979 sed
597 4941 670 4980 ne
697 4941 878 4980 unum
906 4927 1134 4983 fortasse
1161 4929 1247 4983 vel
1274 4946 1479 5000 paucos
1503 4936 1600 4986 aut
1628 4931 1778 4987 deci-

166 5010 270 5078 piat
291 5014 564 5087 adsensio,
594 5022 693 5073 aut
716 5019 876 5074 fallat
903 5020 1143 5089 affectio,
1171 5024 1447 5078 sententia
1484 5029 1569 5079 est
1607 5041 1776 5096 expe-

168 5105 349 5161 ctanda
367 5109 704 5166 multorum.
723 5113 914 5184 Itaque
931 5115 1066 5185 quid
1085 5115 1153 5170 de
1179 5115 1300 5186 ejus
1313 5117 1525 5172 actibus
1539 5123 1636 5172 aut
1653 5135 1777 5173 mo-

166 5193 305 5251 ribus
328 5203 615 5273 noveritis,
639 5205 778 5275 quid
808 5205 877 5260 de
905 5207 1110 5261 merito
1149 5209 1436 5278 censeatis,
1478 5209 1589 5264 Deo
1617 5214 1776 5278 teste,

167 5292 513 5350 consulimus.
547 5297 720 5352 Debet
743 5297 888 5352 hanc
922 5300 1094 5355 ﬁdem
1120 5301 1327 5356 habere
1355 5303 1553 5358 caritas
1576 5309 1775 5373 vestra,

165 5395 318 5450 quam
341 5389 653 5444 secundum
679 5397 1029 5462 praeceptum
1064 5394 1371 5464 Evangelii,
1403 5400 1459 5450 et
1487 5398 1596 5451 Deo
1626 5397 1779 5451 exhi-

167 5469 284 5529 bere
307 5478 515 5536 debetis
540 5487 596 5537 et
621 5483 902 5553 proximo,
933 5490 996 5539 ut
1021 5486 1157 5541 huic
1183 5487 1570 5543 testimonium
1595 5507 1774 5544 sacer-

167 5563 270 5652 doti
294 5573 470 5642 magis
494 5591 600 5645 pro
636 5576 842 5630 merito
884 5593 1054 5648 quam
1101 5596 1202 5650 pro
1242 5579 1532 5636 affectione
1585 5580 1775 5655 306

169 5648 362 5731 ahquid
377 5666 659 5723 tribuatis.
683 5669 753 5722 Et
769 5669 868 5740 qui
885 5648 1236 5728 devotionem
1252 5673 1508 5729 omnium
1525 5648 1778 5747 expecta-

167 5765 298 5821 mus,
325 5756 639 5831 intelligere
665 5765 912 5818 tacentes
937 5779 1050 5820 non
1077 5782 1394 5837 possumus.
1433 5767 1650 5823 Scimus
1688 5773 1773 5823 ta-

169 5858 284 5901 men
309 5852 454 5920 quod
483 5859 568 5910 est
594 5853 991 5924 acceptabilius
1021 5857 1148 5926 Deo,
1180 5860 1360 5915 aderit
1383 5873 1484 5931 per
1509 5860 1776 5933 Spiritum

1883 4682 2109 4736 aeternae
2134 4677 2495 4734 beatitudinis
2520 4678 2754 4749 praemia
2778 4687 3174 4752 consequatur.
3203 4686 3328 4742 Per.

2319 4771 2700 4820 Consummatio
2722 4773 3058 4837 presbyterii.

1951 4853 2030 4908 Sit
2055 4853 2238 4922 nobis,
2265 4852 2485 4921 fratres,
2528 4852 2842 4906 communis
2871 4855 3068 4925 oratio,
3098 4860 3160 4910 ut
3182 4857 3293 4927 hic,
3321 4859 3418 4930 qui
3442 4859 3501 4917 in

1880 4946 2223 5017 adjutorium
2251 4950 2308 5000 et
2334 4945 2634 5000 utilitatem
2653 4950 2850 5000 vestras
2878 4947 3070 5002 salutis
3098 4949 3346 5021 eligitur,
3379 4969 3501 5024 pre-

1880 5040 2190 5110 sbyteratus
2217 5039 2662 5094 benedictionem
2683 5038 2854 5093 divini
2873 5039 3227 5111 indulgentia
3248 5047 3502 5103 muneris

1880 5140 2270 5208 consequatur,
2313 5141 2377 5190 ut
2400 5136 2574 5190 sancti
2602 5135 2838 5206 Spiritus
2867 5138 3194 5194 sacerdotali
3209 5141 3350 5197 dona
3379 5145 3496 5215 pri-

1878 5230 2080 5301 vilegio
2115 5229 2408 5299 virtutum,
2448 5245 2520 5284 ne
2550 5229 2732 5301 impar
2758 5229 2878 5284 loco
2907 5231 3380 5307 deprehendatur,
3408 5238 3500 5292 ob-

1878 5321 2052 5376 tineat
2076 5338 2176 5392 per
2195 5337 2380 5408 suum.
2412 5322 2517 5375 Per
2541 5321 2866 5377 Dominum.

2453 5414 2582 5462 Item
2607 5414 2922 5465 benedictio.

1951 5489 2131 5560 [Deus]
2160 5487 2664 5542 sanctiﬁcationum
2684 5490 2944 5545 omnium
2962 5496 3173 5563 auctor,
3189 5497 3348 5567 cujus
3373 5511 3498 5553 vera

1879 5583 2240 5652 consecratio,
2261 5582 2426 5653 plena
2451 5581 2766 5637 benedictio
2788 5586 2892 5653 est,
2923 5587 3003 5654 tu,
3034 5586 3286 5657 Domine,
3330 5604 3498 5660 super

1877 5675 2026 5730 hunc
2055 5675 2332 5730 famultun
2362 5674 2443 5730 ill.
2471 5691 2642 5746 quem
2671 5676 3007 5748 presbyterii
3031 5679 3245 5736 honore
3271 5681 3491 5736 dedica-

1875 5783 2022 5835 mus,
2051 5784 2283 5823 manum
2303 5772 2416 5823 tuae
2432 5767 2836 5824 benedictionis
2862 5769 3114 5840 infunde,
3142 5775 3207 5826 ut
3225 5773 3491 5842 gravitate

1875 5863 2126 5931 actuum,
2156 5863 2212 5916 et
2245 5876 2484 5916 censura
2511 5861 2734 5916 vivendi
2760 5861 2957 5934 probet
2983 5877 3041 5916 se
3067 5877 3184 5918 esse
3212 5860 3484 5920 seniorem
