3976 6420
367 363 370 367 ·
449 334 552 386 323

435 531 526 586 lus
552 531 832 602 exposuit:
859 531 997 584 utin
1027 531 1148 601 lege
1172 533 1268 586 tua
1288 531 1376 586 die
1389 550 1452 586 ac
1469 539 1651 603 nocte,
1679 534 2064 604 Omnipotens,

437 624 734 690 meditans,
773 623 922 694 quod
958 624 1160 694 legerit
1199 625 1408 694 credat,
1448 627 1598 697 quod
1635 626 1931 681 crediderit
1969 625 2065 679 do-

437 721 578 784 ceat,
609 716 757 786 quod
784 715 1037 770 docuerit
1057 717 1341 772 imitetur:
1365 719 2066 789 justitiam,constantiam,

435 808 908 878 misericordiam,
941 810 1334 866 fortitudinem
1371 812 1430 866 in
1458 829 1514 866 se
1550 813 1836 881 ostendat;
1883 829 2070 866 exeru-

437 900 594 971 plum
624 901 856 972 probet;
890 902 1330 959 admonitionem
1376 905 1672 959 conﬁrmet
1693 923 1710 974 ;
1757 907 1822 959 ut
1861 921 2068 976 purum

435 1000 605 1066 atque
631 994 1058 1050 immaculatum
1082 997 1378 1052 ministerii
1407 998 1488 1052 tui
1517 998 1729 1052 donum
1772 999 2067 1061 custodiat,

433 1088 492 1143 et
517 1104 620 1159 per
647 1089 983 1160 obsequium
1001 1089 1180 1159 plebis
1203 1094 1312 1144 tua
1329 1107 1533 1161 corpus
1551 1095 1606 1145 et
1625 1092 1960 1162 sanguinem
1983 1091 2068 1144 Fi-

435 1182 496 1236 lii
521 1181 606 1236 tui
635 1181 995 1236 immaculata
1021 1181 1411 1238 benedictione
1450 1184 1842 1254 transformat;
1888 1187 1945 1238 et
1979 1184 2068 1238 in—
2107 1201 2112 1208 λ

437 1275 684 1330 violabili
740 1275 967 1329 caritate
993 1274 1052 1328 in
1079 1275 1262 1329 virum
1287 1277 1624 1346 perfectum,
1654 1277 1715 1332 in
1745 1293 2070 1332 mensuram

434 1368 618 1424 atatis
645 1367 1009 1439 plenitudinis
1035 1369 1261 1437 Christi,
1291 1369 1351 1422 in
1378 1369 1466 1423 die
1489 1369 1720 1440 justitia
1751 1371 1944 1425 aterni
1971 1371 2068 1440 ju-

436 1461 586 1528 dicii,
643 1461 978 1515 conscientia
1021 1478 1183 1532 pura,
1227 1461 1336 1516 ﬁde
1380 1463 1568 1534 plena,
1614 1463 1824 1534 Spiritu
1885 1467 2072 1518 sancto

437 1556 637 1624 plenus
657 1553 956 1626 persolvat.
989 1555 1093 1608 Per
1121 1555 1446 1609 Dominum.

967 1647 1300 1696 Consecratio
1335 1661 1534 1696 manus.

511 1729 922 1782 Consecrentur
974 1743 1175 1780 manus
1219 1725 1359 1796 ista,
1402 1733 1459 1782 et
1505 1727 1928 1781 sanctiﬁcentur
1975 1741 2077 1798 per

1231 329 1564 386 APPENDIX
1601 331 1686 386 AD
1723 331 1942 387 OPERA
1980 319 2210 386 SANCTI
2248 331 2544 387 GERMANI
2581 332 3004 386 PARISIENSIS.

433 437 524 492 his
549 435 840 492 institutus
869 435 1172 508 disciplinis
1199 453 1338 508 quas
1362 439 1484 493 Tito
1514 445 1570 494 et
1597 439 1888 495 Timotheo
1915 441 2063 494 Pau-
2085 451 2146 522 Α

3713 329 3824 386 324

2384 439 2554 490 Oratio
2583 445 2633 490 et
2665 453 2848 504 preces
2873 439 2937 488 de
2965 437 3224 503 episcopis
3245 437 3569 489 ordinandis.

2237 526 2476 582 Oremus
2502 525 2548 592 δ,
2583 524 2922 580 dilectissimi
2950 524 3131 592 nobis,
3161 529 3222 578 ut
3249 523 3338 579 his
3371 523 3506 578 viris
3543 523 3621 578 ad
3656 521 3822 577 utili—

2165 623 2344 674 tatem
2370 619 2628 672 Ecclesia
2658 617 3016 689 providendis
3045 617 3373 688 benignitas
3399 616 3827 688 omnipotentis

2169 712 2267 766 Dei
2295 712 2488 783 gratia
2520 728 2633 765 sua
2665 711 2874 764 tribuat
2895 711 3235 782 largitatem.
3263 712 3369 764 Per
3397 709 3748 764 Dominum.

2240 805 2471 874 Exaudi,
2501 804 2758 874 Domine,
2793 803 3110 874 supplicum
3159 819 3376 874 preces,
3419 807 3484 857 ut
3516 801 3684 874 quod
3725 818 3828 856 no

2170 905 2284 955 stro
2313 899 2624 970 gerendum
2651 902 2733 952 est
2757 896 3087 966 ministerio,
3118 900 3218 950 tua
3241 896 3429 968 potius
3455 895 3672 951 virtute
3719 894 3824 950 ﬁr-

2171 1000 2376 1050 metur.
2405 995 2510 1048 Per
2534 991 2838 1046 Dominum
2865 994 3142 1044 nostrum.

2239 1087 2545 1158 Propitare,
2597 1083 2854 1152 Domine,
2927 1081 3425 1153 supplicationibus
3483 1081 3707 1136 nostris
3771 1085 3830 1134 et

2169 1181 2434 1236 inclinato
2463 1195 2631 1250 super
2659 1177 2761 1231 hos
2787 1176 3027 1252 famulos
3049 1181 3169 1230 tuo:
3199 1191 3376 1228 cornu
3407 1175 3610 1246 gratia
3641 1189 3832 1228 sacer-

2171 1273 2386 1342 dotalis,
2424 1270 2826 1326 benedictionis
2862 1273 2973 1323 tua
3017 1267 3076 1322 in
3113 1284 3210 1323 eos
3247 1267 3473 1322 eﬁ‘unde
3517 1267 3827 1322 virtutem.

2173 1373 2276 1426 Per
2303 1371 2628 1424 Dominum.

2719 1436 2968 1487 Collectio
2995 1435 3242 1500 sequitur.

2245 1523 2409 1589 Deus,
2437 1519 2609 1574 totius
2639 1517 3087 1572 sanctiﬁcationis
3129 1533 3193 1569 ac
3234 1515 3462 1588 pietatis
3495 1519 3828 1583 auctorem,

2173 1615 2270 1686 qui
2295 1613 2668 1685 placationem
2695 1627 2875 1678 suam,
2903 1616 2959 1665 et
2985 1609 3274 1676 sacriﬁcia,
3304 1613 3361 1664 et
3397 1625 3560 1663 sacra
3603 1607 3832 1662 consti-

2173 1709 2300 1774 tuit,
2330 1707 2531 1760 fratres
2571 1703 2932 1770 dilectissimi,
2977 1703 3368 1772 deprecemur,
3411 1702 3497 1756 uti
3538 1701 3705 1756 hunc
3743 1701 3830 1755 fa-

437 1822 602 1876 istam
617 1821 964 1890 unctionem,
985 1823 1042 1874 et
1065 1823 1322 1874 nostram
1343 1819 1814 1886 benedictionem,
1835 1823 1901 1873 ut
1921 1835 2075 1890 qua-
2091 1818 2148 1890 Β
2171 1802 2392 1856 “mlum
2415 1815 2601 1868 suum:
2623 1813 2794 1868 quem
2809 1796 3140 1890 exalmreiin
3161 1796 3419 1890 βοοῙίῗδίδν
3439 1797 3498 1890 ei!
3523 1796 3834 1890 εξηξξπυω

439 1931 682 1986 cumque
719 1912 1113 1967 benedixerint
1135 1913 1427 1968 benedicta
1451 1914 1581 1978 sint,
1612 1915 1667 1966 et
1699 1928 2070 1983 quacumque

441 2007 908 2064 sanctiﬁcaverint
933 2006 1368 2061 sanctiﬁcentur.
1397 2009 1503 2061 Per
1529 2006 1851 2060 Dominum.

1115 2099 1248 2147 ltem
1281 2098 1399 2148 alia.

515 2179 849 2250 Unguantur
874 2195 1075 2233 manus
1101 2178 1222 2231 ista
1253 2179 1321 2234 de
1349 2179 1474 2233 oleo
1497 2177 1839 2232 sanctiﬁcato
1863 2181 1921 2231 et
1949 2176 2071 2230 chi-

439 2275 620 2332 smate
647 2259 1134 2327 sanctiﬁcationis:
1168 2271 1310 2325 sicut
1335 2272 1498 2325 unxit
1542 2271 1766 2326 Samuel
1809 2269 1978 2324 David
2015 2270 2074 2324 in

439 2363 636 2442 regem
651 2371 706 2422 et
717 2362 1074 2438 prophetam,
1096 2365 1174 2419 ita
1197 2370 1529 2436 unguantur
1544 2371 1598 2419 et
1614 2367 2077 2418 consummentur

441 2465 500 2518 in
529 2462 762 2518 nomine
787 2459 882 2514 Dei
909 2459 1106 2524 Patris,
1141 2463 1196 2513 et
1225 2459 1370 2522 Fitii,
1403 2463 1459 2514 et
1484 2459 1721 2530 Spiritus
1762 2457 1959 2526 sancti,
1989 2457 2072 2510 fa-

441 2558 650 2612 cientes
688 2553 1000 2624 imaginem
1031 2555 1240 2606 sancta
1277 2552 1458 2607 crucis
1511 2552 1806 2607 Salvatoris
1855 2549 2076 2604 Domini

440 2649 618 2704 nostri
643 2650 772 2703 Iesu
799 2647 1027 2716 Christi,
1057 2647 1154 2717 qui
1178 2663 1283 2700 nos
1311 2663 1344 2700 a
1375 2651 1558 2701 morte
1601 2645 1861 2714 redemit,
1905 2649 1960 2697 et
2007 2643 2079 2696 ad

443 2759 621 2813 regna
671 2741 938 2794 calorum
982 2740 1261 2810 perducit.
1316 2739 1532 2793 Exaudi
1567 2755 1700 2804 nos,
1747 2738 1840 2808 pie
1877 2737 2075 2800 Pater,

446 2835 829 2904 omnipotens,
859 2838 1069 2886 aterne
1095 2833 1258 2902 Deus,
1297 2837 1354 2886 et
1385 2836 1588 2902 prasta
1629 2831 1782 2902 quod
1819 2835 1875 2883 te
1911 2846 2076 2900 roga-

447 2944 577 2984 mus
607 2929 663 2980 et
687 2941 938 2980 oramus.
961 2927 1085 2980 Per.

509 3025 593 3079 IX.
635 3037 970 3078 EXHORTATIO
1007 3039 1075 3076 an
1117 3039 1379 3090 POPULUM,
1419 3039 1522 3077 cun
1565 3038 1838 3078 EPISCOPUS
1877 3036 2020 3076 onm-

1168 3110 1365 3148 NATUR.

2171 1895 2435 1950 cathedra
2479 1891 2866 1962 (concordibus
2918 1905 3019 1944 sua
3057 1887 3426 1958 inspiratione
3457 1887 3727 1958 judiciis,
3777 1890 3838 1942 et

2173 1988 2362 2044 effusis
2387 2002 2556 2058 super
2573 1984 2798 2056 plebem
2825 1999 2984 2038 suam
3010 1981 3152 2036 votis
3193 1981 3454 2036 ﬁdelibus
3503 1997 3572 2034 ac
3613 1995 3836 2034 vocum

2173 2079 2526 2149 testimoniis)
2545 2077 2722 2132 voluit
2735 2075 2970 2146 imponi,
2994 2076 3288 2130 conlocans
3309 2071 3506 2148 309
3528 2089 3672 2128 eum
3697 2089 3836 2128 cum

2172 2172 2519 2245 principibus
2547 2169 2738 2240 populi
2764 2169 2872 2238 sui,
2897 2168 2967 2222 ad
2993 2183 3188 2222 eorum
3215 2183 3368 2222 nunc
3405 2182 3646 2237 precem
3693 2165 3834 2220 uni-

2175 2281 2392 2321 versam
2435 2263 2698 2318 eumdem
2739 2277 2964 2316 summo
3006 2260 3312 2316 sacerdotio
3357 2259 3548 2313 debita
3585 2259 3837 2313 honoris

2174 2357 2544 2430 plenitudine,
2598 2355 3002 2409 charismatum
3051 2353 3250 2425 gratia,
3299 2351 3838 2406 sanctiﬁcationum

2173 2453 2452 2518 ubertate,
2481 2467 2544 2502 ac
2573 2448 2856 2519 pracipue
2883 2446 3220 2502 humilitatis
3243 2445 3451 2500 virtute
3476 2445 3838 2515 locupletet;

2179 2551 2240 2600 ut
2263 2549 2446 2598 rector
2472 2542 2658 2613 potius
2687 2558 2802 2595 non
2830 2540 3151 2609 extollatur,
3179 2540 3278 2594 sed
3321 2539 3384 2594 in
3419 2538 3706 2593 omnibus
3753 2553 3836 2604 se,

2177 2641 2454 2710 quantum
2476 2640 2558 2690 est
2585 2635 2785 2704 major,
2803 2634 3133 2702 humilians,
3162 2633 3234 2686 sit
3249 2632 3310 2686 in
3334 2632 3474 2703 ipsis
3486 2631 3660 2703 quasi
3681 2647 3840 2686 unus

2179 2749 2249 2786 ex
2273 2731 2386 2784 illis
2417 2745 2430 2783 :
2463 2728 2652 2782 omnia
2673 2726 2872 2798 judicii
2893 2726 3116 2780 Domini
3141 2725 3321 2780 nostri
3347 2741 3466 2779 non
3485 2741 3596 2796 pro
3613 2741 3682 2780 se
3713 2729 3844 2780 tan-

2177 2829 2321 2894 tum,
2353 2823 2448 2878 sed
2478 2829 2534 2877 et
2557 2839 2659 2893 pro
2679 2821 2837 2875 omni
2863 2820 3096 2892 populo,
3137 2819 3236 2891 qui
3281 2817 3662 2874 sollicitudini
3713 2835 3840 2874 sua

2179 2918 2445 2987 creditur,
2477 2915 2915 2970 contremiscens
2983 2918 3050 2967 ut
3087 2913 3186 2984 qui
3213 2912 3546 2968 meminerit
3595 2912 3672 2968 de
3713 2929 3842 2984 spe-

2179 3012 2490 3066 culatorum
2513 3009 2774 3065 manibus
2785 3007 3042 3062 omnium
3057 3007 3273 3060 animas
3291 3005 3702 3077 requirendas,
3731 3023 3842 3078 pro

2182 3104 2440 3158 omnium
2470 3103 2646 3157 salute
2662 3100 2977 3173 pervigilet,
3006 3100 3272 3171 pastorali
3297 3115 3434 3170 erga
3447 3098 3705 3153 creditas
3733 3099 3842 3154 sibi

520 3182 804 3240 Servanda
839 3187 943 3249 est,
984 3181 1328 3236 άίιθοῑίεείωί
1353 3183 1571 3250 fratres:
1625 3181 1684 3234 in
1722 3195 1951 3234 excessu
1991 3196 2078 3234 ⁵³·
2101 3179 2156 3254 C
2183 3214 2312 3252 oves
2339 3197 2564 3252 Domini
2595 3195 2904 3266 diligentia
2935 3193 3057 3264 ejus
3082 3209 3306 3264 semper
3349 3209 3408 3248 se
3443 3193 3840 3263 ﬂagrantissi—

447 3276 852 3333 cerdotumlex
877 3275 1123 3346 antiqua
1145 3274 1424 3344 Ecclesia,
1453 3279 1518 3328 ut
1532 3273 1932 3328 decedentibus
1961 3273 2080 3328 aliis

447 3370 678 3442 quidem
703 3367 1022 3440 dignissimi
1050 3369 1451 3438 subrogantur,
1479 3383 1581 3438 per
1599 3383 1845 3438 quorum
1871 3366 2077 3421 doctri-

447 3479 580 3519 nam
609 3463 746 3518 ﬁdes
785 3463 1058 3516 catholica
1083 3466 1139 3517 et
1167 3461 1366 3532 religio
1392 3459 1583 3533 308
1608 3460 1921 3516 Christiana
1945 3461 2077 3514 sub-

445 3558 634 3626 sistat;
665 3573 736 3612 ne
763 3557 892 3612 ovili
922 3557 1144 3611 Domini
1165 3556 1356 3626 praedo
1383 3555 1658 3609 violentus
1684 3554 1993 3624 inrumpat.
2025 3558 2081 3608 et

445 3650 722 3722 dispersas
745 3651 956 3722 absque
985 3653 1208 3705 Pastore
1237 3665 1366 3704 oves
1385 3649 1478 3703 fur
1496 3653 1807 3704 nocturnus
1831 3647 2076 3702 invadat.

445 3745 688 3816 Recepto
719 3745 915 3815 itaque
955 3743 1366 3815 dispensatione
1409 3743 1508 3797 Dei
1548 3742 1829 3797 sacerdote
1871 3747 2075 3811 vestro,

445 3838 678 3894 sollicite
699 3837 858 3892 vobis
883 3837 1172 3908 agendum
1197 3841 1280 3891 est
1302 3841 1368 3890 ut
1389 3837 1451 3890 in
1489 3837 1674 3890 locum
1703 3837 1952 3891 defuncti
1991 3841 2076 3890 ta-

447 3931 515 3984 lis
566 3947 848 3987 successor
883 3934 1236 4000 praparetur
1291 3929 1566 3998 Ecclesiae,
1625 3930 1786 4000 cujus
1821 3929 2082 4002 pervigili

447 4039 582 4078 cura
609 4029 665 4078 et
692 4023 924 4079 instanti
947 4022 1317 4078 sollicitudine
1344 4023 1481 4076 ordo
1507 4023 1752 4078 ecclesia
1767 4029 1822 4078 et
1846 4025 2077 4079 creden-

445 4117 592 4171 tium
639 4117 777 4171 ﬁdes
821 4116 880 4170 in
922 4117 1024 4170 Dei
1069 4115 1271 4170 timore
1311 4116 1514 4171 melius
1547 4119 1910 4172 convalescat.
1952 4117 2077 4186 Qui,

447 4209 810 4282 praecipiente
830 4209 1119 4280 Apostolo,
1141 4210 1202 4264 in
1230 4209 1382 4264 omni
1409 4211 1662 4266 doctrina
1687 4213 1928 4266 formam
1947 4211 2080 4264 boni

449 4303 635 4374 operis
659 4304 780 4374 ipse
801 4303 1082 4374 praebeat;
1113 4305 1316 4376 cuique
1340 4305 1584 4374 habitus,
1626 4323 1831 4372 sermo,
1871 4305 2076 4373 vultus,

447 4397 714 4466 incessus,
747 4397 1020 4466 doctrina,
1047 4397 1225 4452 virtus
1253 4399 1353 4467 sit;
1383 4399 1480 4468 qui
1507 4415 1608 4452 vos
1643 4403 1707 4454 ut
1743 4401 1935 4454 Pastor
1976 4398 2076 4452 bo-

447 4505 556 4545 nus
579 4491 690 4546 ﬁde
711 4490 969 4560 instruat,
995 4493 1316 4564 exemplum
1335 4493 1619 4563 patientia
1636 4493 1854 4564 doceat,
1880 4491 2082 4547 doctri-

2179 3307 2338 3346 mum
2357 3291 2424 3345 ad
2431 3290 2695 3361 probans.
2714 3291 2787 3343 Te
2807 3287 3142 3342 delictorum
3162 3286 3416 3357 adigitur
3441 3286 3840 3357 prafuturus,

2179 3401 2250 3439 ex
2275 3385 2536 3438 omnibus
2565 3382 2792 3450 electus,
2825 3398 2893 3435 ex
2922 3380 3184 3434 omnibus
3213 3379 3490 3434 universis
3529 3379 3720 3435 sacris
3761 3397 3844 3435 sa-

2180 3479 2513 3550 crandisque
2537 3478 2772 3532 idoneus
2796 3475 2894 3529 ﬁat
2919 3475 3021 3528 sub
3047 3475 3150 3528 hac
3175 3489 3304 3544 qua
3333 3479 3420 3528 est
3455 3473 3699 3529 homini
3735 3491 3846 3548 per

2178 3572 2468 3626 hominem
2517 3575 2798 3642 postrema
2845 3567 3158 3623 benedictio
3210 3573 3613 3622 consummata
3661 3575 3846 3642 atque

2178 3665 2423 3738 perfecta
2468 3681 2584 3717 sua
2631 3661 3079 3728 consecrationis,
3129 3665 3337 3716 nostra
3393 3661 3846 3732 supplicationis

2178 3757 2562 3813 attentissima
2618 3755 3174 3825 concordissimisque
3239 3755 3502 3810 omnium
3557 3758 3846 3828 precibus

2179 3853 2512 3922 adjuvemur
2529 3869 2544 3919 ;
2577 3849 2836 3904 omnium
2865 3866 2966 3919 pro
2993 3849 3113 3919 ipso
3140 3849 3319 3903 oratio
3361 3848 3695 3921 incumbat,
3751 3853 3848 3906 cui

2181 3945 2448 4002 exorandi
2477 3961 2579 4016 pro
2596 3943 2857 3998 omnibus
2872 3942 3094 4013 pondus
3111 3941 3450 4014 imponitur.
3483 3943 3780 4016 Impetret
3797 3947 3848 4000 ei

2179 4040 2406 4096 affectus
2429 4038 2600 4092 totius
2627 4037 2885 4091 Ecclesia
2915 4036 3199 4106 virtutem,
3231 4036 3526 4107 pietatem,
3573 4041 3846 4094 sanctiﬁ-

2181 4134 2478 4202 cationem,
2508 4135 2564 4185 et
2589 4135 2802 4185 ceteras
2849 4129 3058 4184 summi
3101 4129 3397 4202 sacerdotii
3438 4147 3634 4185 sacras
3678 4133 3850 4188 dotes

2180 4228 2454 4283 universa
2495 4223 2750 4279 Ecclesiae
2791 4223 3138 4295 profuturas,
3191 4223 3431 4278 Domino
3471 4225 3590 4279 Deo
3635 4232 3849 4282 nostro

2182 4321 2298 4393 (qui
2333 4335 2618 4374 sacrorum
2647 4334 2950 4372 munerum
2981 4317 3234 4390 proﬁuus
3276 4317 3402 4372 fons
3438 4323 3546 4388 est,
3591 4321 3708 4392 qui
3751 4322 3852 4376 dat

2181 4415 2442 4469 omnibus
2463 4413 2796 4484 adtluenter)
2820 4413 2968 4485 quod
2986 4412 3262 4467 sacerdoti
3283 4412 3376 4482 pio
3402 4411 3620 4468 affectu
3658 4415 3852 4486 posci-

2177 4513 2274 4565 tur
2299 4510 2370 4563 ad
2396 4509 2788 4563 exundandam
2805 4508 2868 4562 in
2885 4507 3146 4562 omnibus
3171 4505 3692 4564 sanctiﬁcationem
3709 4526 3850 4564 suo-

447 4599 580 4639 nam
605 4584 894 4655 religionis
931 4585 1208 4656 instituat,
1235 4587 1296 4639 in
1318 4586 1478 4640 omni
1504 4602 1672 4656 opere
1697 4587 1845 4640 bono
1873 4585 2077 4640 conﬁr-
2097 4551 2157 4624 D
2183 4618 2310 4656 rum
2362 4602 2637 4672 omnium,
2678 4600 3098 4672 promptissime
3129 4616 3192 4654 ac
3242 4599 3580 4671 plenissime
3643 4602 3849 4656 confe-

448 4683 568 4732 met
593 4678 838 4732 caritatis
882 4679 1162 4749 exemplo.
1201 4679 1522 4735 Secundum
1562 4680 1906 4735 voluntatem
1945 4695 2082 4751 ergo

449 4770 678 4824 Domini
703 4771 764 4825 in
794 4771 982 4826 locum
1009 4778 1216 4828 sancta
1241 4774 1530 4828 memoria
1575 4774 1654 4829 ill.
1701 4791 1855 4828 nom.
1897 4773 2082 4828 virum

445 4865 826 4920 venerabilem
855 4866 933 4920 ill.
975 4867 1294 4921 testimonio
1319 4869 1778 4939 presbyterorum
1824 4871 1880 4922 et
1912 4867 2084 4920 totius

447 4959 602 5026 cieri,
635 4963 691 5012 et
711 4960 938 5014 consilio
965 4960 1174 5014 civium
1201 4977 1265 5014 ac
1305 4961 1751 5030 consistentium,
1805 4960 2085 5015 credimus

447 5051 794 5123 eligendum,
823 5054 1008 5108 virum
1038 5053 1120 5122 (ut
1149 5053 1339 5124 nostis)
1367 5055 1642 5109 natalibus
1673 5054 1944 5124 nobilem,
1968 5071 2086 5108 mo-

448 5144 604 5200 ribus
632 5147 867 5216 clarum,
889 5147 1160 5219 religione
1186 5148 1447 5218 probum,
1479 5149 1588 5204 ﬁde
1614 5148 1888 5218 stabilem,
1919 5148 2085 5202 mise-

449 5239 688 5294 ricordia
713 5240 1116 5312 abundantem,
1145 5241 1442 5309 humilem,
1480 5243 1720 5314 justum,
1765 5241 2082 5313 paciﬁcum,

449 5333 782 5405 patientem,
825 5335 1113 5389 caritatem
1151 5335 1478 5406 habentem,
1527 5341 1801 5404 tenacem,
1850 5337 2084 5392 cunctis-

450 5441 560 5496 que
576 5425 600 5452 ⁸
628 5427 884 5482 sacerdos
908 5428 1166 5498 eligenda
1187 5434 1336 5497 sunt,
1361 5429 1525 5484 bonis
1572 5429 1838 5483 omnibus
1882 5430 2084 5484 exube-

451 5523 690 5574 rantem.
725 5521 880 5576 Hunc
930 5539 1088 5594 ergo,
1131 5523 1476 5577 dilectissimi
1518 5523 1740 5589 fratres,
1779 5523 2084 5577 testimonii

451 5611 584 5667 boni
614 5615 796 5685 operis
845 5616 1106 5687 electum,
1127 5616 1526 5688 dignissimum
1553 5614 1858 5668 sacerdotio
1897 5633 2086 5671 conso-

450 5713 648 5764 nantes
675 5709 936 5766 laudibus
965 5711 1200 5765 clamate
1229 5713 1285 5764 et
1311 5709 1509 5764 dicite:
1544 5708 1759 5780 Dignus
1785 5713 1885 5765 est.

523 5847 546 5876 α
577 5835 758 5903 Forte,
793 5838 850 5890 in
874 5838 1074 5890 cunctis
1103 5851 1220 5906 qua
1253 5837 1312 5890 in
1348 5835 1616 5890 sacerdote
1653 5835 1914 5903 exigenda
1941 5841 2083 5892 sunt.

2183 4701 2362 4751 rente.
2393 4697 2499 4750 Per
2529 4695 2832 4750 Dominum
2857 4699 3115 4749 nostrum
3143 4695 3354 4749 Jesum.

2819 4782 3167 4832 Consecratio.

2255 4865 2399 4919 Deus
2426 4866 2710 4919 honorum
2730 4863 3006 4930 omnium,
3029 4864 3176 4916 Deus
3197 4861 3461 4917 omnium
3479 4863 3854 4936 dignitatum

2184 4973 2308 5028 qua
2337 4959 2530 5028 gloria
2557 4963 2668 5012 tua
2693 4957 2861 5011 sacris
2897 4957 3246 5011 famulantur
3277 4956 3622 5026 ordinibus;
3657 4961 3818 5017 Deus
3839 5005 3852 5030 ,

2185 5051 2281 5122 qui
2317 5053 2537 5122 Moysen
2567 5053 2843 5105 famulum
2873 5053 3036 5104 tuum
3060 5050 3260 5104 secreti
3292 5049 3598 5106 familiaris
3637 5055 3854 5110 affectu

2183 5145 2333 5199 inter
2357 5149 2540 5198 cetera
2574 5143 2788 5199 celestis
2828 5145 3166 5199 documenta
3209 5143 3473 5213 cultura,
3529 5145 3608 5200 de
3645 5148 3854 5202 habitu

2183 5255 2408 5309 quoque
2449 5237 2766 5292 indumenti
2818 5237 3174 5292 sacerdotalis
3207 5236 3539 5308 instituens,
3595 5241 3854 5297 electum

2185 5335 2368 5386 Aaron
2417 5332 2650 5402 mystico
2681 5331 2892 5386 amictu
2929 5331 3131 5385 vestire
3175 5329 3327 5384 inter
3365 5347 3531 5386 sacra
3579 5335 3850 5405 jussisti;

2185 5431 2248 5479 ut
2271 5425 2659 5496 intelligentia
2677 5441 2904 5479 sensum
2931 5425 2998 5478 de
3020 5423 3294 5494 exemplis
3321 5423 3596 5494 priorum
3616 5433 3856 5501 caperet

2185 5523 2438 5573 secutura
2482 5520 2794 5589 posteritas,
2847 5534 2920 5572 ne
2967 5517 3209 5571 eruditio
3249 5517 3530 5573 doctrina
3579 5527 3704 5577 tua
3751 5524 3862 5578 ulli

2185 5613 2400 5667 deesset
2449 5613 2618 5680 atati,
2677 5629 2808 5666 cum
2861 5617 2916 5666 et
2961 5611 3112 5682 apud
3155 5615 3374 5666 veteres
3447 5619 3856 5674 reverentiam

2185 5705 2306 5778 ipsa
2331 5705 2806 5778 signiﬁcationum
2836 5705 3045 5778 species
3087 5703 3390 5774 obtineret,
3423 5713 3483 5762 et
3535 5711 3702 5782 apud
3741 5729 3852 5768 nos

2256 5835 2282 5876 δ
2308 5836 2432 5890 Hac
2460 5839 2516 5890 et
2539 5833 2706 5888 tertia
2737 5831 2914 5887 oratio
2941 5835 3024 5886 est
3051 5829 3108 5886 in
3137 5831 3334 5887 ordine
3365 5833 3662 5894 Romano.
