3976 6428
114 333 205 388 325

1181 327 1267 393 DE
1299 337 1613 425 [LITUBGIA
1647 339 2018 397 GALLICANA
2053 337 2251 394 LIBER
2288 338 2377 392 ΙΙΙ.

3343 340 3443 392 326

114 437 343 493 certiora
363 435 970 512 essentexperimenta
993 457 1207 512 rerum,
1232 461 1406 516 quam
1426 445 1734 518 enigmata
1754 461 1813 533 Α
1833 462 2062 502 movere
2101 446 2368 527 dignatus
2415 460 2492 510 es,
2527 458 2871 514 quaesumus,
2901 439 3163 509 Domine,
3201 442 3454 513 placatus

113 531 435 602 figurarum.
459 532 617 586 Illius
643 549 898 605 namque
920 535 1224 592 sacerdotii
1252 538 1554 595 anterioris
1579 539 1734 596 habi-

113 629 191 678 tus
211 627 417 679 nostra;
441 625 660 680 mentis
685 631 921 682 ornatus
941 633 1055 695 est;
1089 633 1147 684 et
1176 631 1516 701 pontiﬁcalis
1549 632 1733 704 gloria

115 733 218 771 non
240 716 362 788 jam
398 717 572 772 nobis
611 719 894 775 honorem
931 723 1302 778 commendat
1339 725 1600 794 vestium,
1632 725 1732 780 sed

115 809 466 879 splendorem
515 810 866 867 animarum.
927 813 1071 876 Quia
1127 819 1185 869 et
1242 816 1359 882 illa,
1424 834 1551 887 qua;
1595 821 1732 872 tunc

116 901 420 956 carnalibus
435 901 895 959 blandiebantur
919 905 1228 975 obtutibus,
1243 908 1430 979 potius
1447 926 1574 981 qua:
1599 910 1732 981 ipsis

118 997 265 1048 erant
304 993 694 1066 intelligenda
741 997 1070 1068 poscebant.
1127 1001 1197 1054 Et
1237 1000 1445 1056 idcirco
1504 1003 1732 1057 famulis

114 1087 230 1152 tuis,
262 1102 404 1158 quos
425 1087 501 1141 ad
523 1089 740 1143 summi
767 1090 1068 1145 sacerdotii
1085 1092 1464 1149 ministerium
1489 1095 1728 1165 elegisti,

117 1180 266 1245 hanc,
297 1195 654 1250 quassamus,
687 1181 929 1236 Domine
962 1181 1153 1257 310
1175 1187 1421 1255 gratiam
1449 1187 1727 1258 largiaris;

119 1274 172 1325 ut
197 1271 459 1342 quicquid
493 1272 597 1327 illa
626 1274 916 1329 velamina
941 1275 1000 1329 in
1033 1276 1256 1346 fulgore
1285 1278 1427 1346 auri,
1461 1279 1518 1333 in
1546 1280 1731 1334 nitore

119 1379 464 1434 gemmarum
481 1369 560 1432 et,
577 1365 906 1421 multimodi
920 1367 1108 1438 operis
1119 1369 1390 1425 varietate
1405 1370 1446 1424 si
1453 1371 1728 1442 gnabant,

118 1455 210 1510 hoc
237 1456 294 1510 in
324 1457 535 1511 horum
568 1459 831 1514 moribus
861 1459 1192 1532 actibusque
1235 1463 1525 1518 clarescat.
1562 1465 1727 1519 Com-

121 1550 216 1621 ple,
245 1550 504 1617 Domine,
529 1549 596 1604 in
620 1551 1016 1619 sacerdotibus
1042 1553 1153 1607 tuis
1182 1556 1438 1626 mysterii
1471 1556 1552 1611 tui
1579 1573 1730 1611 sum-

119 1657 274 1708 mam,
301 1646 356 1696 et
387 1644 760 1698 ornamentis
783 1645 957 1698 totius
977 1645 1405 1716 gloriﬁcationis
1429 1648 1732 1704 instructos

121 1734 333 1789 caelestis
378 1735 672 1806 unguenti
713 1735 856 1791 ﬂore
902 1737 1253 1794 sanctiﬁca‘.
1304 1741 1438 1808 Hoc,
1469 1741 1728 1809 Domine,

1833 539 2094 611 accipias,
2118 519 2359 609 utquod
2386 535 2574 591 divino
2597 533 2837 590 mu‘nere
2861 539 3198 591 consecutus
3221 537 3324 602 est,
3358 537 3456 590 tua

1830 633 1892 688 in
1922 649 1990 688 eo
2022 631 2379 703 protectione
2410 630 2686 684 ﬁrmetur.
2710 630 2817 684 Per
2839 629 3146 684 Dominum
3171 631 3449 684 nostrum.

1901 726 2134 792 Adesto,
2163 723 2486 779 misericors
2511 724 2677 792 Deus,
2709 727 2770 776 ut
2797 722 2952 794 quod
2981 725 3173 777 actum
3205 725 3292 776 est
3319 737 3451 778 nos-

1835 821 1939 873 tra:
1957 817 2244 872 servitutis
2261 816 2472 886 ofﬁcio,
2495 816 2592 870 tua
2603 815 3005 870 benedictione
3025 815 3301 870 ﬁrmetur.
3323 816 3449 870 Per.

2509 909 2637 957 item
2657 906 2774 957 alia.

1905 979 2212 1034 Ecclesiam
2243 981 2424 1045 tuam,
2446 977 2712 1044 Domine,
2752 975 3036 1047 benignus
3060 975 3360 1043 inlumina,
3392 979 3456 1030 ut

1833 1073 1890 1125 et
1913 1075 2108 1142 gratus
2128 1071 2208 1125 tui
2230 1070 2489 1142 proﬁciat
2508 1069 2717 1141 ubique
2740 1085 3046 1137 successus,
3071 1073 3128 1123 et
3149 1068 3295 1140 grati
3315 1069 3458 1123 ﬁant

1831 1162 2050 1218 nomini
2064 1167 2180 1230 tuo,
2199 1167 2253 1217 te
2281 1163 2660 1233 gubernante,
2688 1163 2968 1216 Pastores.
2993 1163 3102 1216 Per
3121 1159 3450 1216 Dominum.

2183 1257 2242 1310 X.
2275 1271 2590 1311 naxaoicno
2623 1271 2791 1310 suras
2827 1271 3098 1310 vmcmss.

1901 1347 2279 1420 Omnipotens
2304 1347 2650 1419 sempiterne
2679 1347 2844 1414 Deus,
2875 1346 3082 1418 adjuva
3109 1361 3250 1418 quas
3281 1345 3451 1417 virgi-

1831 1441 2023 1494 nitatis
2064 1441 2284 1495 honore
2317 1440 2584 1510 dignatus
2628 1457 2687 1493 es
2715 1433 3007 1494 decorare.
3041 1439 3338 1493 Perferant
3365 1437 3451 1494 in-

1829 1533 2018 1588 choati
2065 1533 2254 1606 operis
2298 1535 2760 1587 consummatum
2791 1532 3077 1598 affectum,
3108 1533 3166 1584 et
3192 1534 3454 1596 votorum

1833 1643 2065 1680 suorum
2095 1625 2402 1697 expediant
2429 1625 2756 1678 institutum
2784 1641 2796 1678 :
2821 1622 3081 1695 virginali
3111 1623 3312 1678 habitu
3332 1639 3458 1694 per-

1829 1718 2040 1774 fectam
2065 1718 2167 1773 tibi
2195 1717 2440 1773 offerant
2463 1717 2905 1788 plenitudinem,
2933 1719 2990 1770 et
3014 1715 3177 1772 initia
3203 1732 3305 1770 sua
3333 1731 3458 1787 per-

121 1826 323 1898 copiose
345 1827 404 1881 in
431 1843 644 1882 eorum
668 1833 842 1900 caput
864 1829 1084 1899 inﬂuat,
1113 1832 1220 1886 hoc
1252 1831 1310 1885 in
1342 1833 1454 1887 oris
1480 1834 1732 1904 subjecta
1750 1813 1806 1888 Β
1831 1810 2037 1904 ἀμεθτθ
2087 1813 2421 1865 mereantur
2450 1809 2524 1904 _ad
2553 1810 2750 1877 ﬁnem!
2784 1812 2846 1862 ut
2883 1812 3109 1904 mittam
3148 1808 3453 1904 sanetim?'

123 1919 382 1987 decurrat,
414 1920 525 1975 hoc
551 1920 618 1974 in
637 1921 812 1976 totius
839 1922 1094 1994 corporis
1116 1927 1373 1980 extrema
1401 1925 1729 1994 descendat,

122 2015 173 2066 ut
197 2013 269 2066 tui
298 2012 541 2084 Spiritus
573 2015 760 2068 virtus
804 2018 861 2069 et
893 2015 1234 2072 interiorum
1274 2035 1375 2072 ora
1406 2019 1643 2090 repleat,
1677 2023 1736 2074 et

125 2105 378 2160 exteriora
403 2107 813 2177 circumtegat.
843 2107 1114 2164 Abundet
1139 2109 1197 2163 in
1229 2110 1318 2164 his
1351 2111 1730 2182 (eo)constan-

123 2196 190 2251 tia
225 2197 372 2266 fidei,
399 2199 628 2270 puritas
673 2198 1014 2267 dilectionis,
1053 2201 1348 2258 sinceritas
1385 2204 1558 2274 pacis.
1610 2204 1736 2260 Sint

126 2291 338 2360 speciosi
365 2307 617 2346 munere
646 2294 748 2346 tuo
773 2292 949 2363 pedes
983 2294 1190 2348 horum
1221 2295 1294 2350 ad
1338 2296 1731 2366 evangelizan-

127 2382 244 2436 dum
270 2398 486 2454 pacem,
523 2384 607 2438 ad
638 2384 1150 2456 evangelizandum
1179 2387 1334 2442 bona
1361 2391 1478 2443 tua.
1507 2389 1589 2444 Da
1631 2389 1732 2457 eis,

127 2475 358 2542 Domine,
377 2476 771 2531 ministerium
789 2478 1271 2534 reconciliationis
1289 2480 1349 2534 in
1378 2481 1573 2548 verbo,
1593 2485 1649 2535 et
1675 2481 1734 2536 in

128 2568 284 2635 factis,
312 2572 368 2623 et
405 2568 463 2624 in
503 2568 722 2624 virtute
771 2573 828 2624 et
872 2571 1168 2642 signorum
1217 2576 1275 2626 et
1318 2573 1732 2644 prodigiorum.

128 2660 198 2716 Sit
216 2677 392 2716 sermo
414 2678 626 2717 eorum
645 2661 812 2733 (ejus)
841 2667 898 2716 et
917 2663 1272 2734 praedicatio,
1292 2681 1409 2720 non
1430 2664 1488 2719 in
1509 2682 1738 2737 persua-

128 2751 354 2808 sibilibus
371 2755 654 2809 humanm
673 2755 968 2826 sapientia:
984 2757 1190 2823 verbis,
1215 2757 1314 2812 sed
1333 2758 1391 2812 in
1410 2759 1734 2813 ostensione

129 2845 330 2917 spiritus
365 2851 420 2902 et
451 2846 706 2902 virtutis.
751 2848 835 2902 Da
878 2848 979 2916 eis,
1032 2849 1297 2918 Domine,
1348 2851 1531 2905 claves
1573 2851 1736 2921 regni

127 2941 364 2994 calorum
393 2943 698 3007 tutantur,
728 2957 833 2994 nec
877 2941 1196 3012 glorientur
1223 2945 1522 3014 potestate,
1563 2959 1736 3014 quam

127 3031 303 3086 tribuis
353 3032 410 3087 in
459 3032 938 3100 aedificationem,
983 3050 1100 3088 non
1157 3035 1215 3088 in
1271 3035 1734 3090 destructionem.

129 3123 508 3197 Quodcumque
521 3125 838 3196 ligaverint
859 3142 1030 3197 super
1048 3130 1260 3180 terram
1275 3127 1594 3199 sitligatum
1609 3130 1665 3182 et
1679 3128 1737 3182 in

131 3217 350 3273 caelis:et
369 3217 785 3290 quodcumque
809 3219 1079 3272 solverint
1099 3235 1272 3290 super
1287 3223 1500 3274 terram
1514 3221 1739 3275 sitsolu—

127 3311 232 3364 tum
249 3313 302 3365 et
315 3310 368 3365 in
387 3311 560 3366 cmlis.
587 3310 851 3376 Quorum
865 3309 1218 3366 detinuerint
1237 3316 1490 3384 peccata,
1507 3313 1740 3368 detenta

130 3402 242 3469 sint;
255 3405 563 3474 etquorum
579 3402 928 3471 dimiserint,
946 3406 1006 3457 tu
1029 3403 1302 3458 dimittas.
1319 3404 1425 3470 Qui
1437 3405 1740 3460 benedixe—

129 3494 190 3548 rit
215 3495 304 3562 eis,
325 3496 394 3550 sit
410 3496 757 3552 benedictus
781 3513 794 3562 ;
820 3499 878 3549 et
909 3496 1004 3567 qui
1040 3497 1402 3552 maledixerit
1431 3497 1531 3566 eis,
1555 3499 1735 3552 male-

131 3586 444 3644 dictionibus
459 3590 780 3661 repleatur.
801 3588 928 3644 Sint
945 3589 1092 3643 servi
1115 3589 1313 3644 ﬁdeles
1334 3593 1391 3644 et
1406 3590 1735 3662 prudentes,

133 3683 568 3749 quosconstituas
581 3685 669 3750 tu,
693 3681 958 3748 Domine,
983 3698 1154 3752 super
1174 3682 1451 3737 familiam
1471 3683 1630 3736 tuam
1650 3686 1740 3750 ;ut

132 3769 250 3828 dent
271 3773 372 3829 illis
391 3773 586 3829 cibum”
603 3774 668 3829 in
688 3778 950 3845 tempore
970 3775 1312 3842 necessario,
1341 3777 1403 3828 ut
1435 3774 1742 3829 exhibeant

134 3880 339 3922 omnem
367 3868 672 3923 hominem
701 3867 1046 3938 perfectum.
1080 3867 1206 3922 Sint
1235 3867 1610 3921 sollicitudine
1632 3867 1740 3921 im-

135 3956 280 4028 pigri,
337 3961 447 4016 sint
492 3960 703 4032 spiritu
742 3959 1069 4025 ferventes;
1117 3960 1344 4014 oderint
1391 3959 1738 4030 superbiam,

141 4048 354 4122 diligant
371 4053 700 4120 veritatem,
734 4068 838 4106 nec
870 4068 1000 4106 eam
1028 4069 1304 4124 umquam
1335 4052 1622 4119 deserant,
1646 4055 1746 4107 aut

138 4139 457 4214 lassitudine,
489 4148 591 4201 aut
631 4145 841 4200 timore
872 4143 1142 4216 superati.
1165 4147 1288 4200 Non
1309 4148 1529 4217 ponant
1557 4145 1740 4200 lucem

137 4233 197 4288 ad
215 4238 485 4306 tenebras,
511 4255 621 4292 nec
645 4237 914 4292 tenebras
933 4239 1139 4292 lucem.
1164 4237 1286 4292 Non
1315 4237 1509 4292 dicant
1528 4238 1742 4292 malum

133 4324 341 4397 bonum,
371 4347 474 4386 nec
500 4332 729 4386 bonum
757 4331 995 4384 malum.
1026 4329 1154 4386 Sint
1187 4329 1538 4401 sapientibus
1567 4333 1624 4384 et
1654 4330 1740 4384 in-

136 4419 438 4490 sipientibus
481 4423 779 4479 debitores
807 4439 820 4478 :
850 4425 908 4476 et
937 4424 1186 4477 fructum
1219 4423 1290 4477 de
1324 4424 1584 4494 profectu
1619 4440 1741 4478 om-

137 4511 276 4569 nium
292 4520 736 4588 consequantur.
749 4515 994 4570 Tribuas
1011 4516 1111 4582 eis,
1129 4515 1392 4583 Domine,
1412 4515 1744 4571 cathedram

139 4606 490 4679 episcopalem
504 4609 580 4664 ad
591 4607 914 4680 regendam
935 4608 1245 4664 Ecclesiam
1256 4611 1414 4662 tuam
1443 4612 1500 4662 et
1519 4609 1746 4679 plebem

143 4698 455 4757 universam.
487 4702 579 4758 Sis
605 4701 688 4756 eis
713 4701 1043 4769 auctoritas,
1068 4701 1140 4756 sis
1162 4701 1242 4756 eis
1263 4704 1534 4773 potestas,
1566 4702 1640 4755 sis
1668 4701 1748 4755 eis

140 4788 371 4848 ﬁrmitas.
399 4795 754 4866 "Multiplices
801 4810 973 4866 super
1025 4811 1121 4850 eos
1171 4794 1634 4850 benedictionem
1693 4797 1752 4848 et

146 4884 362 4952 gratiam
387 4890 570 4955 tuam,
607 4890 671 4940 ut
695 4887 770 4941 ad
793 4887 1148 4942 exorandum
1175 4903 1403 4958 semper
1428 4887 1749 4944 misericor-

145 4973 276 5032 diam
311 4981 466 5034 tuam
510 4983 613 5034 tuo
662 4996 904 5034 munere
950 4979 1163 5049 idonei,
1196 4983 1296 5035 tua
1321 4981 1505 5052 gratia
1534 4979 1754 5052 possint

145 5079 248 5123 esse
275 5069 476 5128 devoti.
507 5073 622 5128 Per
646 5071 958 5128 Dominum
975 5072 1003 5114 δ
1037 5071 1061 5127 ’.

736 5152 904 5215 Super
935 5151 1126 5202 oblata.

207 5217 442 5293 Suscipe,
472 5221 741 5290 Domine,
775 5238 1022 5279 munera
1051 5238 1179 5294 quae
1205 5219 1307 5277 tibi
1339 5220 1630 5277 offerimus
1649 5237 1752 5293 pro

152 5306 342 5369 famulo
372 5318 466 5372 tuo
503 5313 689 5390 311
737 5314 854 5383 illo,
889 5320 948 5371 et
992 5315 1272 5387 propitius
1315 5315 1372 5370 in
1419 5314 1626 5370 eodem
1655 5317 1754 5368 tua

153 5401 284 5460 dona
307 5408 542 5464 custodi.

209 5497 348 5554 Hanc
375 5501 549 5572 igitur
579 5501 960 5568 oblationem,
994 5517 1169 5572 quam
1184 5495 1304 5555 'tibi
1333 5499 1625 5555 offerimus
1650 5516 1754 5570 pro

153 5586 234 5643 illo
259 5591 464 5648 famulo
486 5598 608 5662 tuo,
640 5609 813 5666 quem
841 5593 915 5648 ad
941 5593 1330 5666 pontiﬁcalem
1359 5592 1603 5664 gloriam
1629 5609 1758 5664 pro-

211 5715 376 5800 fﬂec
403 5722 471 5800 et.
497 5702 997 5800 sequentiaverba
1023 5716 1382 5800 legunturin
1403 5715 1616 5800 Ordine
1643 5715 1753 5771 Ro-

159 5796 326 5867 mano,
355 5792 662 5870 postquam
686 5792 926 5869 unctum
957 5792 1042 5844 est
1067 5790 1314 5861 episc0pi
1339 5790 1528 5859 caput.
1619 5857 1628 5868 .

215 5854 240 5894 δ
262 5856 401 5913 Nihil
420 5858 512 5914 hic
528 5859 601 5914 de
618 5857 1023 5916 benedictione
1049 5861 1522 5916 ornamentorum
1541 5871 1758 5928 episco-

1833 1902 1942 1956 niae
1982 1905 2277 1957 cumulent
2320 1901 2545 1968 merita,
2596 1905 2654 1954 et
2697 1901 3094 1956 centenarium
3141 1917 3350 1956 munus
3381 1900 3450 1954 de

1832 1995 2084 2066 perfecto
2115 2011 2301 2065 agone
2328 1993 2670 2066 virginitatis
2696 1993 2992 2066 accipiant.

2325 2081 2658 2132 Consecratio
2688 2080 2962 2143 virginum.

1902 2153 2132 2208 Castum
2161 2151 2278 2206 veri
2304 2152 2404 2206 Dei
2432 2154 2645 2206 cultum
2685 2151 3014 2221 incorrupta
3055 2147 3334 2220 religione
3366 2166 3456 2204 re-

1833 2243 2100 2312 tinentes,
2142 2243 2485 2299 inviolabilis
2525 2247 2743 2298 naturas
2781 2243 3089 2299 Dominum
3132 2242 3459 2314 suppliciter

1834 2353 2084 2404 oremus,
2134 2340 2195 2390 ut
2230 2337 2378 2390 hanc
2418 2337 2695 2391 famulam
2747 2353 2908 2390 suam
2949 2335 3298 2402 corroboret,
3330 2349 3456 2406 qua!

1837 2434 2092 2484 sanctam
2131 2432 2189 2483 et
2217 2429 2529 2483 maximam
2572 2429 2985 2499 acceptabilem
3015 2429 3131 2482 Deo
3169 2427 3459 2498 virginita-

1833 2525 1974 2588 tem,
2022 2521 2338 2592 adsumptis
2386 2519 2724 2591 spiritalium
2771 2520 3182 2591 cogitationum
3223 2519 3453 2588 viribus,

1835 2613 2134 2680 dedicavit,
2159 2614 2304 2667 bene
2334 2617 2610 2684 concepto
2643 2613 2852 2666 mentis
2871 2611 3161 2684 proposito
3192 2627 3452 2682 perseve-

1835 2709 1955 2772 ret;
1993 2709 2054 2759 ut
2080 2706 2397 2776 virginitas,
2431 2723 2558 2776 quae
2594 2705 2854 2760 Ecclesiae
2881 2697 3264 2776 comparatur,
3293 2707 3352 2758 et
3379 2703 3452 2758 si-
3529 2709 3534 2716 “

1835 2797 2145 2852 militudini
2175 2797 2379 2852 divinae
2416 2797 2828 2852 immolationis
2862 2797 3136 2864 induitur,
3192 2793 3456 2868 perenni-

1836 2890 1967 2944 tatis
1991 2889 2236 2960 gratiam
2266 2893 2666 2962 consequatur.
2699 2891 2808 2944 Per
2837 2889 3170 2944 Dominum.

1907 2983 2056 3037 Deus
2073 2996 2096 3024 ε
2138 2987 2425 3038 castorum
2439 2999 2745 3053 corporum
2762 2981 3046 3053 benignus
3061 2979 3368 3050 habitator,
3403 2987 3460 3037 et

1836 3075 2297 3146 incorruptarum
2341 3077 2490 3129 Deus
2533 3077 2758 3148 amator
2801 3075 3146 3142 animarum,
3173 3075 3322 3129 Deus
3361 3076 3458 3146 qui

1757 3167 1813 3242 ρ
1837 3168 2152 3222 humanam
2176 3168 2550 3222 substantiam
2572 3167 2629 3222 in
2657 3167 2854 3238 primis
2868 3167 3198 3222 hominibus
3218 3167 3454 3222 diaboli-

1838 3277 1903 3316 ca
1923 3261 2123 3315 fraude
2145 3260 2420 3327 vitiatam,
2444 3261 2524 3315 ita
2546 3261 2605 3314 in
2626 3261 2810 3314 Verbo
2823 3264 2942 3329 tuo,
2968 3277 3070 3330 per
3093 3260 3246 3331 quod
3263 3260 3459 3315 omnia

1835 3354 1989 3408 facta
2013 3357 2165 3421 sunt,
2199 3369 2451 3424 reparas,
2494 3357 2557 3407 ut
2597 3369 2725 3407 eam
2771 3369 2887 3407 non
2930 3353 3116 3408 solum
3157 3352 3231 3407 ad
3259 3353 3459 3425 primae

1839 3445 2075 3517 originis
2114 3445 2505 3500 innocentiam
2541 3461 2790 3511 revoces,
2829 3445 2929 3499 sed
2974 3445 3148 3500 etiam
3187 3445 3260 3499 ad
3297 3462 3458 3516 expe-

1836 3539 2107 3594 rientiam
2135 3539 2439 3605 bonorum,
2457 3554 2584 3609 quae
2614 3537 2673 3591 in
2698 3554 2844 3592 novo
2867 3539 3071 3592 saeculo
3093 3541 3224 3592 sunt
3247 3538 3461 3593 haben-

1838 3624 1930 3697 da,
1964 3631 2261 3702 perducas,
2291 3633 2348 3684 et
2382 3629 2679 3684 obstrictos
2721 3630 2906 3685 adhuc
2931 3630 3259 3686 conditione
3298 3647 3456 3686 mor-

1837 3725 2040 3778 talium
2055 3723 2180 3794 jam
2213 3723 2287 3777 ad
2322 3721 2756 3776 similitudinem
2787 3723 3065 3793 provehas
3098 3725 3455 3794 angelorum,

1839 3817 2076 3887 respice,
2109 3815 2371 3882 Domine,
2409 3831 2580 3886 super
2616 3815 2720 3869 has
2765 3816 3010 3870 famulas
3040 3819 3186 3884 tuas,
3223 3833 3370 3888 quas,
3399 3817 3457 3872 in

1839 3926 2016 3964 manu
2043 3913 2140 3963 tua
2162 3909 2530 3963 continentia
2553 3925 2668 3962 sua:
2700 3909 3054 3979 propositum
3077 3909 3459 3978 conlocantes,

1840 4002 1941 4056 tibi
1963 4001 2326 4056 devotionem
2341 4018 2502 4056 suam
2521 4001 2787 4068 oﬂ‘erunt,
2807 4019 2840 4056 a
2860 4018 2972 4072 quo
2994 4001 3116 4073 ipsa
3130 4006 3260 4058 vota
3277 4021 3465 4076 sump-

1841 4098 2055 4150 serunt.
2081 4094 2381 4159 Quomodo
2405 4094 2562 4148 enim
2587 4094 2814 4149 animus
2835 4092 2949 4168 31
2965 4093 3026 4168 2
3044 4097 3271 4152 mortali
3293 4113 3464 4152 carne

1841 4187 2250 4252 circumdatus,
2292 4189 2482 4259 legem
2519 4191 2772 4258 naturae,
2819 4187 3145 4244 libertatem
3183 4190 3461 4259 licentiae,

1841 4281 1955 4335 vim
1984 4280 2430 4347 consuetudinis,
2455 4283 2512 4334 et
2532 4279 2791 4334 stimulos
2823 4281 3004 4335 aetatis
3023 4282 3324 4351 evinceret,
3358 4283 3465 4338 nisi

1841 4377 2018 4444 tuper
2039 4374 2286 4428 liberum
2318 4373 2619 4428 arbitrium
2653 4373 2804 4427 hunc
2839 4389 3096 4428 amorem
3127 4375 3465 4445 virginitatis

1844 4469 2159 4521 clementer
2177 4466 2541 4532 accenderes,
2556 4467 2616 4519 tu
2644 4465 2792 4519 hanc
2810 4465 3251 4536 cupiditatemin
3265 4483 3467 4524 earum

1845 4559 2016 4614 corde
2032 4559 2318 4629 benignus
2348 4559 2550 4624 aleres,
2581 4559 2639 4610 tu
2661 4557 3057 4612 fortitudinem
3074 4558 3467 4615 ministrares?

1846 4653 2033 4708 Effusa
2055 4668 2307 4722 namque
2331 4651 2388 4704 in
2413 4667 2613 4705 omnes
2643 4653 2842 4720 gentes
2863 4651 3046 4722 gratia
3073 4653 3191 4720 tua,
3220 4670 3285 4708 ex
3307 4654 3467 4710 omni

1849 4746 2079 4800 natione
2093 4761 2217 4816 qua:
2233 4747 2316 4798 est
2333 4743 2435 4798 sub
2448 4743 2672 4810 ctelo,in
2687 4745 2976 4798 stellarum
2987 4743 3470 4804 innumerabilem

1851 4854 2155 4894 numerum
2179 4836 2666 4891 noviTestamenti
2687 4837 2992 4891 heredibus
3004 4837 3306 4910 adaptatis,
3322 4841 3474 4896 inter

1849 4935 2064 4986 ceteras
2093 4930 2348 4996 virtutes,
2383 4946 2524 5008 quas
2555 4928 2684 4984 ﬁliis
2709 4929 2820 4984 tuis
2852 4947 2966 4985 non
3005 4946 3071 4984 ex
3099 4932 3472 5004 sanguinibus

1851 5041 1955 5079 nec
1971 5025 2256 5094 voluptate
2275 5023 2481 5089 carnis,
2508 5022 2608 5077 sed
2635 5022 2705 5077 de
2725 5025 2824 5092 tuo
2847 5022 3058 5093 Spiritu
3079 5025 3288 5095 genitis
3313 5025 3472 5084 inde-

1852 5115 2001 5184 disti,
2030 5117 2205 5171 etiam
2231 5117 2338 5171 hoc
2384 5115 2600 5170 donum
2634 5115 2691 5170 in
2734 5115 3120 5186 quarumdam
3149 5123 3376 5176 mentes
3400 5122 3472 5180 de

1851 5213 2129 5284 largitatis
2157 5216 2269 5267 tuae
2303 5213 2462 5266 fonte
2503 5211 2754 5279 deﬂuxit,
2788 5215 2850 5266 ut
2878 5230 3008 5268 cum
3037 5214 3320 5272 honorem
3362 5237 3468 5275 nu-

1852 5305 2099 5378 ptiarum
2141 5305 2296 5359 nulla
2334 5303 2639 5358 interdicta
2677 5305 3038 5375 minuissent,
3079 5325 3145 5363 ac
3169 5326 3340 5382 super
3381 5329 3471 5368 co-

1854 5401 2048 5471 pulam
2067 5402 2164 5453 tua
2183 5397 2506 5452 benedictio
2531 5402 2917 5468 permaneret,
2947 5400 3257 5459 existerent
3273 5406 3469 5460 tamen

1855 5492 2215 5548 sublimiores
2249 5491 2476 5560 animae,
2519 5507 2647 5562 qum
2691 5508 2807 5546 non
2847 5492 2956 5548 hoc
3004 5497 3473 5568 concupiscerent

1856 5584 2009 5657 quod
2035 5585 2209 5641 habet
2251 5584 2495 5642 mortale
2536 5583 2881 5656 conubium;
2911 5586 3014 5642 sed
3044 5588 3154 5644 hoc
3193 5590 3470 5662 eligerent

1856 5709 2092 5781 palium.

1923 5793 1946 5821 ε
1979 5781 2106 5834 Haec
2137 5780 2198 5835 in
2245 5780 2457 5836 Ordine
2506 5781 2786 5839 Romano.
2829 5781 2955 5838 Alia
2993 5782 3142 5840 infra
3177 5782 3234 5836 in
3262 5782 3463 5838 Missali

1855 5850 2165 5907 Gallicana.
2679 5851 2686 5859 '
