3976 6424
67 423 156 474 3'29
1148 423 1232 479 DE
1271 425 1580 481 LITURGIA
1617 429 1986 484 GALLICANA
2025 425 2222 484 LIBER
2261 429 2348 483 Ill.

65 552 208 607 quum
234 539 414 591 autem
436 536 647 604 fundes
676 538 752 592 ad
773 537 970 607 basem,
995 544 1046 594 et
1069 539 1259 609 offeres
1283 545 1562 599 incensum
1587 559 1679 600 su-

59 647 144 701 per
164 631 333 684 altare
357 629 581 684 odorem
614 633 998 686 suavissimum
1036 636 1284 690 Domino.

122 721 145 751 ⁸
171 721 267 777 Dei
289 722 479 776 Patris
498 723 921 794 omnipotentis
942 725 1421 797 misericordiam,
1441 728 1680 784 dilectis-

68 815 177 870 simi
199 816 422 882 fratres,
454 815 859 886 deprecemur,
883 821 946 871 ut
965 819 1074 874 hoc
1100 820 1366 876 altarium
1395 821 1682 876 sacriﬁciis

67 907 386 980 spiritalibus
423 909 912 977 consecrandum,
937 911 1088 966 vocis
1129 916 1337 968 nostra:
1361 915 1682 970 exorandus

71 1006 254 1073 ofﬁcio,
296 1007 575 1076 praesenti
612 1007 1015 1063 benedictione
1059 1011 1392 1080 sanctiﬁcet,
1422 1015 1483 1066 ut
1516 1013 1576 1066 in
1614 1028 1682 1067 eo

72 1115 276 1170 semper
312 1097 644 1153 oblationes
679 1100 1030 1156 famulorum
1072 1119 1304 1158 suorum
1341 1105 1528 1158 studio
1569 1121 1682 1160 suae

73 1191 362 1246 devotionis
392 1191 701 1262 impositas
743 1193 1086 1249 benedicere
1122 1199 1180 1250 et
1213 1197 1566 1252 sanctiﬁcare
1606 1197 1685 1252 di-

75 1287 275 1356 gnetur,
298 1288 354 1338 et
366 1284 617 1355 spiritali
629 1287 888 1356 placatus
908 1287 1162 1357 incenso,
1181 1290 1439 1360 precanti
1452 1290 1684 1344 familiae

77 1394 173 1432 suae
196 1380 494 1450 promptus
525 1379 830 1434 exauditor
855 1380 1112 1436 adsistat.
1144 1383 1251 1436 Per
1284 1383 1613 1437 Dominum.

619 1466 920 1517 Benedictio
943 1467 1134 1519 altaris.

137 1534 311 1610 315
344 1536 497 1591 Deus
532 1538 926 1609 omnipotens,
958 1538 1017 1592 in
1049 1540 1208 1610 cujus
1233 1540 1510 1596 honorem
1546 1542 1685 1596 alta-

77 1630 203 1683 rium
235 1629 334 1683 sub
376 1629 752 1686 invocatione
783 1631 866 1684 tui
902 1647 1318 1702 consecramus,
1357 1635 1609 1688 clemens
1634 1636 1692 1688 et

80 1722 331 1794 propitius
341 1739 546 1794 preces
565 1727 778 1778 nostra:
795 1724 1136 1780 humilitatis
1148 1726 1355 1780 exaudi
1372 1743 1386 1794 ;
1409 1731 1468 1780 et
1485 1729 1692 1798 praesta

83 1819 132 1869 ut
158 1816 209 1870 in
228 1816 331 1871 hac
356 1831 566 1870 mensa
599 1816 715 1870 sint
736 1816 837 1871 tibi
858 1817 1138 1873 libamina
1155 1822 1407 1890 accepta,
1437 1819 1550 1872 sint
1569 1835 1694 1889 gra-

3298 433 3398 485 330

2438 543 2514 594 Ad
2557 541 2746 594 omnia.

1851 618 2118 687 Dignare,
2149 615 2408 682 Domine,
2439 617 2585 669 Deus
2627 615 2996 686 omnipotens
3036 615 3150 670 Rex
3175 631 3398 686 regum,

1778 714 1835 764 et
1854 709 2128 764 Dominus
2149 708 2592 774 dominantium,
2617 708 2894 763 Sacerdos
2914 708 3192 776 omnium,
3217 709 3406 763 Ponti-

1777 803 1868 857 fex
1891 803 2305 868 universorum,
2334 818 2438 872 per
2463 817 2637 871 quem
2671 817 2788 854 una
2813 817 2941 854 cum
2965 801 3152 866 Patre,
3185 805 3406 856 sancto-

1779 911 1888 966 que
1911 893 2026 967 31
2042 893 2101 967 6
2123 894 2336 965 Spiritu
2362 895 2509 947 facta
2525 896 2658 947 sunt
2685 893 2969 958 universa,
3001 893 3222 947 Christe
3247 895 3401 961 Jesu,

1779 986 2140 1054 benedicere,
2169 1001 2523 1052 consecrare,
2549 989 2607 1040 et
2623 984 2977 1039 sanctiﬁcare
2999 984 3252 1054 digneris
3269 1001 3404 1040 vasa

1781 1079 1904 1132 haec
1933 1094 2062 1132 cum
2089 1078 2197 1132 hoc
2228 1077 2453 1147 altario,
2476 1076 2928 1143 linteaminibus,
2957 1075 3272 1147 ceterisque
3310 1094 3403 1131 va-

1783 1171 1892 1238 sis;
1921 1173 1979 1225 et
2005 1169 2498 1241 quemadmodum
2527 1168 2892 1223 sanctiﬁcasti
2918 1169 3106 1223 ofﬁcia
3137 1169 3405 1223 taberna-

1785 1263 1894 1318 culi
1924 1262 2240 1317 testimonii
2271 1262 2409 1317 olim
2431 1279 2563 1317 cum
2587 1278 2739 1329 arca,
2764 1262 3016 1330 oraculo,
3039 1261 3276 1332 cyrubin
3297 1263 3410 1317 alo-

1787 1357 1880 1423 sis,
1901 1357 2056 1422 velis,
2089 1355 2388 1422 columnis,
2417 1355 2784 1421 candelabro,
2807 1354 3099 1422 altaribus,
3123 1355 3410 1423 argenteis

1785 1449 2034 1516 basibus,
2066 1448 2274 1504 tabulis
2313 1447 2622 1515 deauratis,
2652 1447 3014 1514 holocaustis,
3051 1463 3201 1502 aereo
3229 1448 3406 1502 altare

1786 1559 1916 1596 cum
1943 1541 2117 1596 aeneis
2147 1541 2311 1608 vasis,
2343 1541 2626 1607 tentoriis,
2655 1539 2906 1607 funibus,
2942 1541 3066 1594 oleo
3101 1540 3405 1608 unctionis,

1788 1638 1846 1689 et
1869 1634 2071 1688 ceteris
2098 1634 2221 1688 aliis
2253 1635 2311 1687 in
2329 1635 2514 1704 ﬁgura
2537 1632 2714 1688 nostri
2733 1650 2839 1704 per
2859 1649 3061 1686 manus
3081 1637 3408 1688 sanctorum

1789 1727 2151 1782 sanctiﬁcasti
2184 1727 2568 1792 sacerdotum,
2599 1726 2677 1780 ita
2716 1743 2867 1780 nunc
2897 1742 3138 1780 manens
3163 1725 3220 1779 in
3253 1729 3412 1780 aster-

1790 1837 1950 1888 num,
1975 1836 2199 1874 summe
2223 1819 2501 1874 Sacerdos
2525 1818 2884 1872 sacerdotum
2917 1818 3228 1892 secundum
3255 1817 3406 1872 ordi-

85 1913 147 1974 ta,
171 1909 277 1963 sint
312 1908 581 1980 pinguia,
609 1912 670 1978 et
698 1909 942 1980 Spiritus
970 1911 1150 1967 sancti
1183 1912 1266 1966 tui
1310 1927 1536 1982 semper
1561 1927 1690 1966 rore
1711 1917 1768 1989 B
1792 1929 1927 1967 nem
1956 1912 2363 1966 Melchisedech
2411 1912 2495 1982 (ut
2530 1911 2814 1980 diximus),
2851 1914 3122 1982 patenam
3165 1911 3313 1966 hanc
3355 1915 3412 1964 et

86 2001 316 2071 perfusa;
344 2004 408 2056 ut
441 2001 610 2056 omni
635 2005 900 2074 tempore
932 2003 992 2057 in
1033 2003 1142 2058 hoc
1175 2005 1298 2058 loco
1325 2003 1694 2076 supplicantis

87 2093 172 2148 tibi
189 2093 416 2149 familias
442 2098 563 2150 tuae
593 2095 911 2150 anxietates
936 2097 1174 2165 releves,
1207 2097 1576 2168 aegritudines
1605 2113 1695 2151 cu-

89 2202 180 2253 res,
209 2204 399 2258 preces
424 2187 728 2255 exaudias,
757 2192 888 2243 vota
913 2189 1202 2260 suscipias,
1227 2189 1549 2244 desiderata
1565 2206 1698 2244 con-

90 2279 274 2348 ﬁrmes,
304 2281 602 2352 postulata
631 2281 933 2336 concedas.
963 2283 1072 2336 Per
1101 2282 1408 2338 Dominum
1439 2285 1696 2339 nostrum

89 2373 251 2428 Iesum
278 2373 570 2430 Christum
602 2374 811 2429 Filium
847 2378 1030 2430 tuum.

549 2461 792 2512 Praefatio
825 2461 1202 2513 linteaminum.

152 2536 377 2592 Domine
406 2537 561 2591 Deus
581 2535 974 2607 omnipotens,
997 2536 1142 2591 sicut
1167 2537 1238 2591 ab
1260 2535 1423 2593 initio
1444 2537 1694 2592 homini-

97 2637 181 2692 bus
205 2639 389 2694 vitalia
414 2641 474 2693 et
503 2636 836 2693 necessaria
859 2638 1085 2706 creasti,
1109 2643 1166 2693 et
1204 2639 1697 2710 quemadmodum

98 2731 403 2786 vestimenta
431 2730 798 2803 pontiﬁcalia
818 2731 1230 2800 sacerdotihus,
1259 2737 1316 2787 et
1334 2731 1516 2786 levitis
1537 2748 1701 2787 orna-

100 2830 284 2893 menta,
305 2840 429 2897 quae
450 2828 509 2880 et
531 2823 880 2879 linteamina
900 2825 1026 2878 ﬁeri
1047 2825 1262 2879 famulo
1284 2828 1381 2880 tuo
1401 2825 1574 2896 Moysi
1598 2841 1702 2896 per

101 2917 451 2989 quadraginta
485 2918 618 2972 dies
643 2917 904 2984 docuisti,
933 2917 1046 2971 sive
1077 2917 1254 2972 etiam
1279 2934 1347 2972 ea
1373 2934 1500 2989 quas
1526 2917 1700 2972 Maria

102 3009 252 3065 texuit
276 3015 332 3066 et
352 3010 488 3066 fecit
511 3011 574 3065 in
605 3025 773 3064 usum
803 3009 1108 3064 ministerii
1139 3010 1494 3065 tabernaculi
1523 3010 1696 3066 foede-

103 3102 181 3166 ris,
198 3103 562 3171 sanctiﬁcata,
585 3101 956 3168 benedicere,
980 3118 1429 3174 consecrareque
1449 3101 1702 3173 digneris

105 3193 204 3250 haec
231 3196 568 3251 linteamina
611 3195 672 3249 in
713 3211 880 3249 usum
917 3195 1112 3249 altaris
1156 3195 1239 3250 tui
1279 3195 1352 3249 ad
1389 3195 1701 3266 tegendum

1793 2005 2028 2060 calicem
2055 2005 2226 2070 hunc,
2268 2007 2326 2057 et
2363 2003 2558 2057 omnia
2594 2003 2976 2057 instrumenta
3023 2003 3216 2057 altaris
3245 2003 3412 2072 hujus

1794 2097 2042 2152 ecclesias
2075 2112 2174 2150 seu
2201 2095 2468 2161 basilicas,
2493 2111 2617 2165 quas
2642 2093 2794 2148 inter
2823 2097 3044 2148 nostras
3067 2096 3288 2165 palmas
3307 2095 3410 2148 ha-

1793 2195 2022 2262 bentur,
2069 2193 2239 2248 corde
2285 2208 2606 2264 precamur,
2656 2194 2719 2246 ut
2754 2191 3080 2259 benedicas,
3127 2191 3410 2262 puriﬁces,

1795 2304 2112 2354 consecres,
2145 2289 2204 2340 et
2225 2302 2606 2352 consummes,
2635 2285 2837 2356 quibus
2858 2284 3010 2340 inter
3039 2301 3142 2338 nos
3169 2287 3226 2338 et
3247 2287 3412 2340 aeter-

1797 2399 1933 2436 nam
1955 2378 2235 2436 unitatem
2269 2379 2329 2432 in
2360 2394 2628 2450 supremo
2647 2381 2840 2433 meatu
2865 2377 2986 2432 sine
3013 2377 3125 2432 ﬁne
3151 2382 3410 2432 constare

1801 2473 2106 2530 credimus.
2139 2473 2263 2527 Per.

2313 2541 2545 2592 Praefatio
2581 2539 2887 2592 chrismalis.

1867 2617 2126 2684 Oremus,
2164 2616 2369 2671 fratres
2411 2615 2748 2683 charissimi,
2783 2617 2842 2668 ut
2879 2615 3028 2668 Deus
3051 2613 3415 2685 omnipotens

1799 2709 1906 2764 hoc
1935 2709 2338 2776 ministerium,
2371 2707 2624 2779 corporis
2648 2707 2749 2761 ﬁlii
2781 2707 2865 2761 sui
2889 2707 3115 2762 Domini
3133 2708 3416 2763 nostriJe-

1799 2824 1862 2862 su
1906 2806 2114 2862 Christi
2159 2808 2438 2878 gerolum,
2483 2805 2906 2871 benedictione,
2954 2804 3416 2860 sanctiﬁcationis

1799 2900 2102 2966 tutamine,
2140 2899 2488 2955 defensionis
2529 2897 2924 2952 dominatione
2951 2897 3188 2967 implere
3221 2897 3416 2967 digne-

1800 2996 1910 3061 tur,
1941 2992 2234 3047 orantibus
2268 2988 2603 3047 nobis.‘Per.

1871 3086 2246 3157 Omnipotens
2271 3088 2416 3140 Deus
2445 3084 2706 3151 Trinitas,
2731 3084 2996 3138 manibus
3023 3083 3228 3138 nostris
3248 3100 3416 3155 opem

1801 3182 1914 3232 tute
1941 3178 2359 3234 benedictionis
2380 3177 2642 3245 infunde,
2674 3179 2734 3231 ut
2759 3194 2860 3248 per
2883 3181 3136 3232 nostram
3158 3175 3421 3231 benedic-

105 3288 602 3362 involuendumque
632 3304 839 3359 corpus
869 3290 928 3342 et
957 3288 1300 3358 sanguinem
1330 3257 1558 3342 Filiivtui
1592 3288 1698 3342 Do-
1722 3278 1777 3353 ρ
1803 3257 2019 3326 tionem
2072 3272 2179 3326 hoc
2230 3272 2520 3326 vasculum
2575 3270 2978 3338 sanctiﬁcetur,
3049 3275 3106 3324 et
3165 3269 3420 3341 corporis

106 3381 226 3437 mini
263 3383 436 3439 nostri
475 3385 615 3439 Jesu
649 3380 874 3438 Christi.
915 3380 1023 3444 Qui
1052 3383 1241 3436 tecum
1261 3381 1395 3436 vivit
1419 3384 1478 3436 et
1498 3383 1705 3452 regnat

107 3475 248 3530 Deus.

164 3569 308 3624 Fiant
341 3570 538 3626 omnia
566 3569 683 3624 ista
726 3567 1080 3640 protectione
1109 3569 1207 3622 tua
1241 3569 1363 3622 tuta
1399 3569 1570 3640 atque
1606 3567 1704 3622 de-

110 3663 259 3731 fensa,
285 3668 483 3735 potens
510 3661 784 3729 Domine,
817 3677 971 3716 vasa.
997 3662 1106 3716 Per
1135 3661 1462 3716 Dominum.

475 3752 558 3804 Ad
601 3749 1014 3801 consecrandam
1046 3751 1307 3813 patenam.

167 3823 564 3880 Consecramus
605 3827 666 3877 et
700 3820 1123 3876 sanctiﬁcamus
1164 3820 1314 3874 hanc
1338 3823 1610 3890 patenam
1637 3819 1711 3875 ad

113 3917 499 3973 conﬁciendum
517 3917 580 3972 in
599 3931 670 3971 ea
686 3930 894 3986 corpus
908 3913 1138 3968 Domini
1161 3913 1342 3968 nostri
1353 3915 1380 3969 J
1386 3929 1486 3968 esu
1505 3911 1712 3969 Christi

114 4011 348 4080 patientis
389 4026 624 4066 crucem
665 4025 770 4080 pro
809 4009 990 4063 salute
1027 4009 1222 4062 nostra
1281 4005 1561 4062 omnium.
1606 4004 1711 4070 Qui

115 4107 291 4175 regnat
319 4105 375 4160 in
405 4105 636 4160 saecula.

757 4173 888 4222 Item
921 4170 1038 4221 alia.

172 4247 498 4302 Consecrare
513 4249 574 4300 et
594 4241 954 4299 sanctiﬁcare
983 4241 1262 4314 digneris,
1279 4241 1542 4310 Domine,
1562 4245 1716 4313 pate-

118 4353 231 4393 nam
259 4340 419 4408 hanc,
450 4355 558 4412 per
587 4338 764 4391 istam
791 4335 1126 4390 unctionem
1161 4339 1220 4390 et
1260 4337 1514 4390 nostram
1539 4335 1712 4389 bene-

118 4430 394 4488 dictionem
415 4433 474 4488 in
497 4430 727 4488 Christo
747 4431 878 4484 Jesu
913 4428 1162 4484 Domino
1193 4432 1410 4484 nostro.
1441 4427 1550 4492 Qui
1585 4427 1718 4481 vivit

120 4527 164 4577 et
180 4530 386 4597 regnat.

125 4613 168 4646 οδ
240 4591 265 4597 ⁷
506 4594 587 4646 Ad
612 4592 830 4644 calicem
865 4591 1296 4642 consecrandum.

1803 3365 2008 3420 Christi
2035 3381 2241 3419 novum
2275 3365 2594 3436 sepulcrum
2619 3361 2860 3433 Spiritus
2887 3363 3066 3416 sancti
3093 3363 3279 3432 gratia
3299 3379 3424 3433 per-

1803 3457 2039 3512 ﬁciatur.
2071 3457 2506 3540 PerDominum
2534 3459 2789 3512 nostrum
2805 3457 2998 3511 Iesum
3017 3454 3305 3510 Christum
3333 3456 3420 3510 Fi-

1804 3551 1945 3606 lium
1976 3555 2157 3618 tuum,
2187 3551 2282 3622 qui
2309 3553 2497 3604 tecum
2532 3549 2681 3603 vivit.

1981 3663 2112 3718 XIII.
2153 3675 2446 3718 ORATIONES
2470 3660 2499 3700 ι’
2524 3677 2586 3715 ετ
2634 3675 2824 3714 raucas
2863 3674 2961 3713 Ριιο
2999 3675 3240 3714 REGIBUS.

1879 3762 2042 3827 Deus,
2075 3759 2172 3831 qui
2197 3759 2396 3814 ﬁdeles
2421 3763 2550 3813 tuos
2575 3757 2650 3812 ad
2674 3757 2781 3812 hoc
2815 3756 3072 3826 corripis,
3119 3759 3181 3810 ut
3222 3772 3418 3810 emen-

1811 3854 1931 3922 des,
1954 3853 2228 3924 pOpulum
2250 3856 2430 3919 tuum,
2455 3865 2797 3922 quaesumus,
2828 3866 2898 3902 ne
2922 3847 3200 3920 despicias
3220 3850 3427 3920 suppli-

1812 3951 2062 4014 cantem,
2097 3949 2158 4000 ut
2186 3948 2298 4000 tuas
2321 3945 2546 4000 virtutis
2569 3943 2796 4009 auxilio,
2822 3943 2980 3998 omni
3000 3942 3307 3997 hostilitate
3335 3943 3428 3996 de-

1812 4041 1994 4113 pulsa,
2035 4043 2093 4094 et
2137 4038 2434 4094 securitate
2494 4037 2692 4109 patrias
2740 4037 2979 4104 laetetur,
3035 4037 3092 4089 et
3151 4035 3429 4091 catholica

1814 4150 2044 4206 semper
2069 4133 2280 4188 exultet
2304 4130 2568 4186 Ecclesia.
2608 4131 2732 4185 Per.

1882 4299 2082 4372 Populi
2118 4299 2220 4368 tui,
2253 4225 2610 4370 quinsuulitl‘iif,l
2641 4221 3012 4368 Elgnipotens
3037 4298 3200 4364 Deus,
3237 4294 3428 4368 propi-

1815 4393 1960 4447 tiare
1992 4392 2256 4464 peccatis,
2285 4395 2344 4446 et
2370 4390 2544 4445 totius
2577 4389 2907 4444 hostilitatis
2937 4405 2970 4444 a
3009 4389 3175 4446 nobis
3209 4405 3432 4443 errores

1817 4490 2028 4554 averte,
2063 4489 2124 4540 ut
2138 4485 2302 4555 regni
2323 4485 2668 4538 Francorum
2695 4481 2946 4536 nominis
2970 4497 3166 4535 secura
3199 4481 3433 4535 libertas

1818 4579 1876 4634 in
1902 4582 1999 4632 tua
2025 4577 2327 4632 devotione
2354 4591 2582 4647 semper
2604 4574 2830 4641 exultet,
2863 4576 2922 4627 et
2957 4573 3027 4628 ab
3052 4573 3301 4629 hostium
3329 4589 3434 4629 nos

177 4671 416 4740 Oremus,
1228 4637 1538 4722 —D0minu8
1571 4667 1720 4722 Deus
1737 4637 1798 4711 D
1821 4671 2067 4727 defende
2083 4670 2424 4736 formidine;
2447 4637 2508 4722 ut
2519 4666 2680 4722 omni
2699 4637 3129 4738 perturbatione
3149 4667 3430 4736 submota,

122 4769 292 4820 noster
322 4765 559 4821 calicem
597 4777 765 4818 suum
802 4761 863 4816 in
907 4760 1227 4816 ministerio
1265 4761 1716 4816 consecrandum

123 4859 333 4912 caelestis
358 4859 558 4930 gratiae
585 4855 966 4926 inspiratione
987 4853 1320 4921 sanctiﬁcet,
1344 4857 1406 4908 ut
1427 4853 1500 4909 ad
1525 4855 1722 4909 huma-

126 4965 240 5006 nam
281 4951 748 5008 benedictionem
797 4947 1219 5020 plenitudinem
1279 4947 1454 5002 divini
1512 4947 1722 5003 favoris

128 5046 512 5101 accommodet.
543 5046 656 5100 Per
683 5042 1014 5098 Dominum.

685 5131 814 5180 Item
877 5127 1136 5180 collectio.

185 5204 436 5275 Dignare,
463 5202 732 5270 Domine,
773 5194 1010 5256 calicem
1038 5200 1211 5254 istum
1243 5201 1302 5254 in
1337 5215 1502 5254 usum
1531 5199 1726 5254 minis-

132 5295 240 5350 terii
254 5298 328 5352 tui
346 5298 441 5370 pia
464 5296 673 5353 famuli
691 5295 776 5348 tui
796 5294 1100 5350 devotione
1123 5293 1453 5360 formatum,
1473 5309 1542 5346 ea
1563 5309 1721 5346 sanc-

131 5387 409 5446 tiﬁcatione
435 5389 805 5463 perfundere,
835 5403 950 5459 qua
972 5387 1382 5442 Melchisedech
1411 5385 1614 5440 famuli
1642 5386 1727 5441 tui

134 5483 385 5535 sacratum
411 5481 654 5535 calicem
679 5477 1018 5549 perfudisti;
1057 5480 1115 5532 et
1139 5476 1292 5548 quod
1322 5479 1444 5530 arte
1476 5477 1566 5530 vel
1604 5492 1724 5530 me-

135 5571 248 5626 tallo
273 5573 417 5628 efﬁci
445 5589 566 5628 non
591 5573 784 5643 potest
807 5570 1081 5626 altaribus
1098 5569 1210 5624 tuis
1231 5569 1494 5640 dignum,
1512 5567 1614 5623 ﬁat
1631 5572 1730 5624 tua

135 5659 504 5722 benedictione
538 5664 878 5738 pretiosum.

144 5793 217 5906 ib}
240 5783 358 5839 Haec
382 5787 440 5839 et
471 5781 780 5856 sequentia
802 5778 863 5835 in
895 5777 1108 5837 Ordine
1134 5782 1414 5847 Romano,
1449 5779 1546 5835 sed
1568 5780 1732 5850 plura

187 5869 221 5906 ι.

187 5869 204 5906 ι

200 5893 370 5981 ίΑιὶεε
391 5925 684 5983 orationes
703 5922 963 5994 aliusque
973 5921 1128 5994 regis
1137 5921 1517 5978 benedicendi
1528 5920 1733 5978 modus

433 6023 715 6094 PATROL.
763 6017 998 6085 LXXII.

1819 4765 2013 4820 liberis
2031 4765 2134 4820 tibi
2161 4763 2448 4820 mentibus
2479 4761 2809 4816 serviamus.

1893 4932 2268 5006 Omnipotens
2285 4855 2633 5002 sempitgfr:
2654 4853 2818 4995 Ditis,
2836 4927 2934 4998 qui
2960 4928 3152 4999 regnis
3172 4928 3436 4984 omnibus

1823 5031 2039 5082 aeterno
2071 5025 2387 5082 dominaris
2415 5023 2682 5094 imperio,
2712 5020 2923 5075 inclina
2939 5020 3011 5075 ad
3033 5037 3231 5092 preces
3253 5021 3438 5076 humi-

1823 5120 1998 5175 litatis
2015 5123 2223 5174 nostras
2244 5135 2410 5172 aures
2425 5113 2829 5170 misericordias
2843 5111 2962 5186 31
2978 5112 3034 5184 7
3051 5117 3180 5182 tute,
3203 5118 3261 5168 et
3273 5115 3439 5170 Fran-

1824 5230 2022 5269 corum
2036 5212 2202 5282 regni
2217 5211 2411 5266 adesto
2432 5207 2810 5280 principibus;
2833 5209 2898 5261 ut
2913 5209 3011 5262 tua
3031 5208 3440 5278 tranquillitate

1826 5308 2156 5371 clementes,
2184 5307 2282 5358 tua
2309 5318 2540 5374 semper
2568 5301 2682 5356 sint
2713 5299 2918 5354 virtute
2953 5300 3214 5356 victores.
3241 5303 3367 5356 Per.

2569 5393 2698 5444 Alia.

1897 5472 2272 5544 Omnipotens
2295 5475 2352 5526 et
2374 5467 2698 5526 misericors
2715 5469 2881 5535 Deus,
2901 5466 3060 5538 cuius
3090 5485 3334 5542 regnum
3360 5475 3445 5525 est

1827 5565 2086 5623 omnium
2107 5567 2463 5630 saeculorum,
2479 5561 2921 5634 supplicationes
2942 5563 3166 5616 nostras
3189 5564 3437 5617 clemen-

1829 5663 1916 5715 ter
1927 5658 2214 5726 exaudi,et
2225 5659 2572 5714 Francorum
2584 5671 2788 5726 regum
2799 5653 2898 5708 tibi
2909 5653 3200 5711 subditum
3209 5659 3442 5727 protege

1830 5775 1890 5831 in
1911 5775 2122 5832 Ordine
2155 5775 2438 5841 Romano,
2469 5775 2530 5828 et
2555 5771 2707 5846 apud
2735 5769 3069 5828 Menardum
3093 5771 3154 5828 in
3174 5768 3437 5828 unctione

1828 5863 2033 5920 regum
2061 5847 2426 5902 Francorum.

3051 6007 3123 6073 M
