3976 6478
99 439 180 491 333
1187 443 1274 499 DE
1314 445 1622 502 LITUBGIA
1660 449 2032 504 GALLICANA
2069 450 2266 504 LIBER
2308 452 2396 506 IlI.

3353 455 3453 510 334

98 541 403 608 recolimuS,
449 542 637 598 etiam
689 546 822 602 ﬁdei
872 549 1249 606 constantiam
1302 553 1726 626 subsequamur.
1751 555 1970 648 Aciter
1986 557 2376 628 deprecamur,
2408 562 2471 613 ut
2496 576 2622 630 quae
2650 561 2840 616 sedula
2885 561 3171 630 servitute,
3211 561 3447 616 docente

93 637 183 691 Per
205 635 372 689 Dom.

721 710 888 774 Super
913 711 1102 763 oblata.

153 779 409 836 Hostiam
434 785 720 854 nostram,
746 803 1096 859 quaesumus,
1113 789 1364 861 Domine,
1389 793 1564 847 sancti
1585 795 1730 849 Mar-

94 873 215 944 tyris
240 873 326 928 tui
357 880 419 929 et
444 879 778 933 veneranda
805 880 1098 951 confessio,
1131 887 1187 937 et
1223 884 1550 940 exaudibilis
1575 903 1731 941 com-

91 967 309 1022 mendet
337 969 549 1024 oratio.
578 972 688 1026 Per
711 973 1032 1028 Dominum.

154 1062 290 1116 Vere
337 1061 593 1133 dignum
629 1070 687 1118 et
705 1066 929 1136 justum
965 1071 1070 1137 est,
1111 1084 1336 1140 aequum
1379 1075 1434 1125 et
1468 1072 1726 1128 salutare.

89 1153 358 1216 Quoniam
395 1173 432 1210 a
456 1160 513 1210 te
551 1159 926 1212 constantiam
951 1156 1110 1230 fides,
1139 1166 1244 1216 ate
1272 1162 1537 1219 virtutem
1561 1165 1732 1220 sumit

90 1246 135 1300 in
144 1247 386 1302 ﬁrmitas
407 1266 424 1316 ;
449 1253 508 1304 et
529 1249 803 1322 quicquid
828 1251 886 1306 in
901 1254 1382 1323 persecutionibus
1397 1273 1608 1312 saevum
1625 1264 1726 1327 est,

88 1339 352 1412 quicquid
384 1341 447 1395 in
475 1345 662 1398 morte
681 1343 958 1414 terribile,
987 1347 1234 1401 nominis
1260 1348 1342 1402 tui
1361 1349 1495 1403 facis
1520 1351 1727 1406 confes-

88 1433 234 1487 sione
285 1434 577 1506 superari.
629 1436 791 1491 Unde
825 1437 1210 1494 benedicimus
1251 1445 1328 1510 te,
1379 1441 1632 1512 Domine,
1668 1445 1728 1498 in

88 1527 349 1598 operibus
393 1529 531 1597 tuis,
580 1533 752 1601 teque
793 1529 854 1584 in
899 1535 1221 1588 sanctorum
1273 1539 1504 1588 tuorum
1537 1536 1724 1606 profe-

87 1620 260 1675 ctione
288 1621 624 1677 laudamus.
656 1625 763 1679 Per
791 1640 963 1696 quem
987 1625 1355 1696 Majestatem.

625 1724 749 1774 Post
773 1726 1213 1776 communionem.

146 1799 519 1866 Quaesumus,
543 1799 804 1870 Domine,
833 1801 1174 1856 salutaribus
1202 1803 1400 1874 repleti
1423 1805 1722 1876 mysteriis,

87 1895 140 1944 ut
165 1891 333 1962 cujus
360 1891 804 1948 sollemnitatem
831 1894 1198 1963 celebramus,
1240 1895 1582 1954 orationibus
1625 1901 1724 1956 ad-

81 1985 368 2054 juvemur.
391 1986 527 2041 Per.

793 2058 922 2106 Item
943 2057 1060 2109 alia.

144 2130 381 2199 Adesto,
403 2129 666 2197 Domine,
695 2130 929 2186 familia
943 2136 1076 2202 tuae,
1108 2137 1172 2188 ut
1195 2133 1400 2204 quibus
1425 2139 1726 2193 venerandi

84 2228 299 2278 sanctos
325 2229 458 2278 tuos
488 2228 730 2296 prmstas
768 2223 1050 2296 benignus
1087 2226 1371 2298 affectum,
1419 2233 1476 2284 et
1533 2229 1724 2304 320

83 2316 203 2370 vita:
261 2317 528 2371 mortalis
585 2317 830 2372 concede
879 2317 1227 2388 praesidium,
1267 2323 1324 2376 et
1369 2323 1724 2392 sempiternae

84 2409 478 2465 retributionis
495 2409 787 2466 effectum.
815 2412 943 2466 Per.

496 2522 606 2576 XV.
650 2537 774 2576 rran
815 2539 881 2576 ne
919 2538 1026 2577 urvo
1070 2539 1338 2580 marrae.

143 2627 309 2683 Adsit
345 2627 536 2696 nobis,
583 2642 932 2698 quaesumus,
976 2628 1232 2698 Domine,
1284 2629 1432 2684 beati
1475 2631 1726 2702 Martyris

81 2721 156 2776 tui
185 2725 386 2775 sancta
416 2719 694 2790 precatio,
725 2737 854 2791 quas
879 2737 981 2775 nos
1011 2725 1066 2775 et
1091 2738 1125 2775 a
1165 2722 1402 2777 terrenis
1439 2723 1728 2779 affectibus

83 2813 498 2869 incessabiliter
525 2812 814 2884 expediat,
843 2817 900 2868 et
924 2814 1166 2868 caelestia
1201 2815 1520 2871 desiderare
1553 2817 1723 2888 perfi-

79 2909 205 2963 ciat.
233 2909 369 2962 Per.

143 3000 343 3055 Sancti
382 2998 644 3069 Martyris
694 2999 801 3066 tui,
841 2999 1096 3069 Domine,
1155 3017 1499 3072 quaesumus,
1556 3019 1725 3058 vene-

76 3095 257 3149 randa
282 3091 564 3148 festivitas
584 3091 847 3146 salutaris
871 3091 1065 3146 auxilii
1085 3097 1314 3164 prwstet
1333 3101 1725 3166 augmentum,

77 3192 127 3242 et
149 3203 340 3259 quam
363 3185 756 3257 prasvenimus
797 3185 1116 3240 veneranda
1157 3185 1504 3242 sollemnitas
1541 3193 1596 3242 et
1628 3188 1726 3243 de-

75 3281 375 3336 votionem
403 3277 572 3333 nobis
599 3282 829 3349 augeat,
859 3282 914 3332 et
937 3279 1202 3334 salutem.
1233 3279 1355 3334 Per.

733 3371 900 3435 Super
919 3369 1108 3420 oblata.

141 3445 490 3504 Muneribus
542 3445 776 3514 nostris,
831 3444 1088 3512 Domine,
1133 3445 1310 3500 sancti
1352 3447 1605 3519 Martyris
1643 3447 1726 3502 tui

73 3544 214 3598 festa
248 3539 677 3614 praecedimus;
707 3543 776 3593 ut
801 3554 930 3610 quae
957 3537 1313 3594 conscientias
1341 3544 1551 3596 nostrae
1581 3557 1727 3612 prae-

71 3635 348 3707 pedimus
373 3631 700 3702 obstaculis,
729 3631 878 3686 illius
904 3631 1122 3686 meritis
1148 3631 1456 3688 reddantur
1480 3638 1725 3705 accepta.

71 3730 196 3784 Per.

112 3747 196 3784 er.

136 3823 390 3890 Adesto,
436 3818 699 3886 Domine,
737 3817 1242 3890 supplicationibus
1282 3819 1508 3889 nostris,
1549 3823 1606 3876 et
1639 3820 1726 3876 in-

1749 3301 1804 3375 C

1833 652 1909 718 te,
1941 649 2209 719 gerimus,
2239 651 2424 722 dignis
2451 652 2702 708 sensibus
2733 658 2832 709 tuo
2861 669 3095 710 munere
3139 653 3449 725 capiamus.

1831 743 1937 796 Per
1954 743 2256 798 Dominum
2281 747 2558 800 nostrum.

2201 848 2355 902 XVII.
2395 864 2518 902 mm
2557 865 2624 902 DE
2665 865 2775 904 ι]Νο
2813 864 3078 904 marrae.

1908 945 2272 1017 Omnipotens
2327 950 2668 1020 sempiterne
2719 951 2887 1019 Deus,
2929 950 3198 1005 fortitudo
3243 955 3456 1008 certan-

1828 1037 1992 1108 tium,
2029 1043 2084 1092 et
2117 1040 2418 1110 Martyrum
2466 1043 2671 1112 palma,
2719 1043 3158 1098 sollemnitatem
3194 1043 3452 1099 hodierni

1828 1130 1938 1185 diei
1965 1131 2241 1202 propitius
2279 1131 2518 1202 intuere,
2563 1139 2619 1189 et
2655 1135 2954 1190 Ecclesiam
2996 1140 3151 1190 tuam
3187 1137 3451 1191 continua

1825 1223 1912 1276 fac
1930 1223 2247 1278 celebritate
2275 1225 2472 1294 laetari,
2497 1231 2553 1280 et
2572 1227 2966 1282 intercessione
3005 1227 3158 1282 beati
3198 1229 3449 1300 Martyris

1825 1316 1910 1370 tui
1934 1316 2190 1371 omnium
2215 1321 2268 1371 te
2296 1317 2646 1374 credentium
2669 1323 2796 1374 vota
2822 1320 3095 1391 perﬁcies.
3123 1322 3248 1376 Per.

1896 1414 2122 1482 Praesta,
2139 1430 2483 1485 quaesumus,
2503 1415 2734 1472 Domine
2747 1415 2928 1490 321
2953 1419 3123 1484 Deus,
3142 1418 3448 1472 utinterce-

1825 1510 1990 1565 dente
2015 1511 2183 1565 beato
2215 1513 2449 1582 Martyre
2477 1517 2596 1583 tuo,
2634 1519 2690 1568 et
2711 1531 2744 1567 a
2769 1515 2983 1569 cunctis
3023 1515 3446 1569 adversantibus

1825 1603 2151 1658 muniamur
2187 1603 2248 1658 in
2291 1621 2541 1676 corpore,
2589 1611 2644 1660 et
2691 1623 2726 1660 a
2773 1607 2959 1678 pravis
3012 1608 3448 1678 cogitationibus

1824 1696 2170 1750 mundemur
2191 1696 2248 1750 in
2274 1698 2460 1752 corde.
2491 1699 2598 1753 Per
2622 1699 2932 1754 Dominum
2957 1705 3232 1754 nostrum.

1893 1789 2062 1842 Grata
2096 1789 2199 1843 tibi
2247 1791 2359 1844 sint
2396 1806 2636 1845 munera
2677 1797 2866 1846 nostra
2889 1834 2902 1859 ,
2942 1793 3198 1861 Domine,
3241 1809 3366 1864 quas
3393 1800 3449 1848 et

1825 1880 1906 1933 tui
1950 1885 2080 1934 sunt
2118 1879 2374 1936 instituta
2414 1883 2728 1953 praeceptis,
2773 1889 2828 1938 et
2870 1884 3020 1939 beati
3066 1886 3320 1956 Martyris
3361 1886 3445 1940 tui

1747 1940 1802 2011 Β
1825 1971 2091 2026 festivitas
2119 1961 2361 2043 gloriosa
2389 1975 2762 2029 commendat.
2790 1977 2896 2030 Per
2921 1977 3241 2032 Dominum.

1897 2063 2143 2136 Suscipe,
2161 2065 2424 2135 Domine,
2453 2066 2792 2120 sacriﬁcium
2817 2067 3148 2138 placationis
3175 2073 3231 2122 et
3247 2069 3446 2137 laudis,

1825 2157 1974 2228 quod
2001 2173 2122 2227 nos,
2157 2157 2564 2214 interveniente
2603 2164 2794 2214 sancto
2821 2161 3058 2230 Martyre
3086 2165 3203 2230 tuo,
3232 2165 3290 2215 et
3315 2178 3446 2232 per-

1825 2249 1991 2304 ducat
2032 2249 2170 2305 ad...
2215 2255 2505 2321 mternam,
2554 2256 2608 2306 et
2655 2252 2714 2306 in
2758 2257 3092 2324 perpetuam
3142 2254 3450 2322 gratiarum

1825 2343 2128 2398 constituat
2150 2343 2450 2398 actionem.
2478 2345 2604 2398 Per.

2472 2436 2801 2486 Contestatio.

1897 2516 2034 2570 Vere
2072 2515 2310 2586 dignum
2346 2519 2400 2570 et
2429 2515 2648 2585 justum
2677 2520 2781 2586 est,
2821 2531 3050 2588 aequum
3087 2521 3143 2572 et
3181 2517 3445 2574 salutare.

1824 2606 1928 2670 Qui
1945 2607 2245 2660 Ecclesiam
2272 2611 2428 2662 tuam
2457 2607 2797 2678 sempiterna
2815 2607 3020 2678 pietate
3037 2625 3149 2662 non
3166 2609 3444 2675 deserens,

1824 2715 1927 2770 per
1947 2703 2164 2753 sanctos
2189 2705 2313 2753 tuos
2327 2699 2544 2770 jugiter
2571 2705 2627 2754 et
2655 2700 2842 2755 erudis
2869 2705 2922 2754 et
2945 2701 3214 2772 protegis,
3245 2702 3444 2771 praeci-

1825 2809 1938 2864 pue
1977 2791 2342 2846 solemnitatis
2383 2793 2690 2859 hodiernzr,
2731 2809 2844 2864 qua
2884 2793 3030 2847 beati
3073 2793 3325 2864 Martyris
3364 2795 3446 2848 tui

1825 2885 2145 2956 passionem
2189 2889 2578 2956 consumptam
2625 2885 2942 2954 recolimus,
2993 2902 3348 2955 veneramur,
3393 2893 3448 2942 et

1827 2977 1896 3032 ad
1921 2977 2158 3048 gloriam
2191 2978 2436 3032 nominis
2474 2979 2558 3032 tui
2584 2977 2822 3032 nitimur
2852 2979 3053 3033 debitis
3077 2978 3443 3050 magniﬁcare

1825 3070 2142 3142 prmconiis.
2171 3071 2276 3125 Per
2299 3087 2469 3142 quem
2498 3071 2649 3125 laud.

1897 3165 2046 3218 Hanc
2087 3163 2263 3234 igitur
2307 3161 2648 3218 oblationem
2697 3162 2979 3219 servitutis
3015 3169 3240 3233 nostras,
3269 3165 3366 3220 sed
3397 3171 3452 3220 et

1828 3261 2042 3311 cunctae
2071 3256 2299 3310 familia),
2333 3261 2467 3324 tua),
2499 3274 2670 3329 quam
2703 3257 2805 3312 tibi
2844 3256 3134 3312 offerimus
3166 3258 3226 3313 in
3261 3259 3445 3313 hono-

1828 3365 1947 3404 rem
1973 3349 2122 3404 beati
2152 3348 2406 3420 Martyris
2433 3349 2536 3404 tui.

2340 3442 2461 3491 Post
2485 3440 2922 3492 communionem.

1895 3521 2114 3576 Caelesti
2145 3536 2381 3576 munere
2399 3521 2622 3589 satiati,
2652 3536 2994 3592 quaesumus,
3028 3521 3266 3577 Domine
3297 3523 3444 3578 Deus

1826 3618 2036 3684 noster,
2064 3618 2128 3669 ut
2153 3613 2274 3668 haec
2301 3630 2402 3668 nos
2433 3613 2600 3679 dona,
2629 3613 2882 3684 Martyris
2925 3613 3007 3667 tui
3036 3613 3445 3684 deprecatione,

1827 3694 2192 3763 sanctiﬁcent.
2217 3707 2323 3762 Per
2347 3706 2668 3760 DOminum.

1896 3801 2174 3870 Libantes,
2220 3800 2473 3868 Domine,
2515 3815 2723 3854 mensa
2764 3803 2878 3854 tum
2925 3799 3102 3854 beata:
3152 3799 3444 3872 mysteria,

1826 3911 2150 3967 quaesumus
2183 3897 2249 3949 ut
2283 3893 2458 3948 sancti
2497 3892 2750 3965 Martyris
2790 3891 2873 3947 tui
2920 3892 3442 3961 interventionibus,

70 3915 414 3972 tercedente
438 3913 683 3984 Martyre
703 3916 804 3966 tuo
829 3911 899 3966 ab
924 3911 1176 3966 hostium
1207 3929 1312 3967 nos
1341 3912 1576 3968 defende
1599 3931 1730 3986 pro-

67 4010 314 4081 pitiatus
342 4007 618 4074 incursu;
645 4009 715 4060 ut
742 4021 981 4060 munera
1006 4008 1200 4060 nostra
1236 4006 1610 4077 commendet,
1641 4011 1725 4062 at-

67 4120 176 4174 que
226 4103 298 4157 in
355 4101 485 4171 ejus
535 4097 897 4154 veneratione
949 4102 1064 4154 tuae
1114 4099 1383 4170 Majestati
1424 4099 1729 4156 reddantur
1825 4097 2009 4138 19mm
2035 4097 2092 4136 ει
2117 4097 2409 4137 ωῖεΐηαω-
2438 4097 2521 4189 ι’ϐξ

69 4198 340 4269 accepta.
369 4195 482 4249 Per
511 4193 671 4247 Dom.
2196 4191 2374 4246 XVIII.
2415 4205 2472 4245 IN
2510 4204 2718 4243 NATALE
2757 4203 3092 4245 smc'ronuu.

134 4291 292 4345 Vere
322 4287 578 4358 dignum
604 4291 661 4340 et
679 4285 902 4356 justum
939 4289 1040 4355 est,
1091 4301 1320 4358 aequum
1357 4291 1413 4340 et
1459 4286 1724 4343 salutare.
1898 4289 2064 4356 Deus,
2097 4288 2192 4360 qui
2227 4305 2330 4343 nos
2367 4291 2686 4342 sanctorum
2728 4290 2956 4341 tuorum
3007 4285 3448 4342 confessionibus

61 4383 170 4448 Qui
199 4398 334 4437 non
367 4380 562 4434 solum
589 4378 755 4434 malis
773 4379 976 4433 nostris
1001 4379 1152 4433 bona
1191 4379 1478 4448 retribuis,
1528 4381 1625 4434 sed
1668 4385 1730 4434 ut
1829 4381 2080 4455 gloriosis
2119 4381 2431 4436 circumdas
2471 4384 2528 4434 et
2556 4378 2821 4450 protegis,
2853 4379 2922 4432 da
2967 4378 3132 4433 nobis
3171 4384 3226 4433 et
3257 4379 3444 4434 imita-

60 4477 301 4532 miseris
331 4472 607 4528 uberiora
627 4471 777 4526 dona
799 4471 1091 4541 concedas,
1123 4471 1218 4544 qui
1246 4471 1414 4544 digne
1433 4489 1536 4544 pro
1563 4473 1728 4528 nobis
1826 4476 1976 4530 tione
1999 4473 2290 4545 proﬁcere,
2325 4479 2377 4528 et
2405 4471 2752 4526 orationibus
2776 4462 2980 4526 fulciri.
3012 4473 3136 4524 Per.

62 4573 312 4642 possent
337 4564 726 4632 intercedere,
749 4563 1051 4634 contulisti,
1079 4569 1146 4619 ut
1170 4565 1325 4637 quod
1345 4569 1536 4620 nostra
1555 4565 1729 4621 scien-
1896 4566 2114 4622 Prosint
2149 4566 2328 4635 nobis,
2356 4565 2612 4633 Domine,
2644 4579 2986 4634 quaesumus,
3027 4566 3254 4617 tuorum
3289 4579 3439 4617 mar-

59 4665 137 4717 tia
179 4678 314 4717 non
353 4658 630 4726 habebat,
679 4655 1003 4742 intercessio
1041 4659 1384 4730 supplicaret
1418 4657 1522 4712 tibi
1567 4663 2014 4742 grataDtyrum
2055 4659 2320 4729 suffragia
2357 4658 2578 4713 conlata
2621 4661 2964 4722 sanctorum,
2995 4659 3058 4710 ut
3083 4671 3211 4727 quas
3237 4655 3442 4711 nostris

47 4758 388 4828 justorum.
423 4751 533 4816 Qui
562 4741 893 4806 humanum
913 4767 1092 4822 genus
1120 4752 1188 4807 de
1216 4752 1495 4822 profundo
1523 4753 1724 4807 mortis
1774 4741 1779 4742 ί
1822 4771 1938 4808 non
1964 4769 2261 4824 possumus
2289 4749 2638 4806 orationibus
2666 4749 2941 4818 obtinere,
2973 4747 3313 4820 placentium
3341 4749 3443 4803 tibi

54 4852 350 4922 eripiens,
385 4843 779 4917 captivitatem
807 4849 1061 4899 nostram
1086 4846 1215 4900 Jesu
1258 4845 1464 4900 Christi
1490 4845 1613 4900 Filii
1640 4847 1725 4900 tui
1821 4846 2084 4918 precibus
2110 4845 2506 4916 adsequamur.
2533 4845 2658 4898 Per.

53 4941 304 4998 Domini
336 4937 530 4994 nostri
554 4936 818 5009 passione
848 4936 1079 4992 solvisti.
1107 4940 1212 4993 Per
1239 4954 1409 5009 quem
1429 4938 1509 4993 ita
1551 4939 1726 4993 virtus
1907 5020 1929 5024 Δ
1952 5019 1990 5024 μ
2050 5019 2060 5024 Δ
2242 5019 2274 5024 _
2387 5017 2398 5024 -
2435 4935 2602 5000 Super
2626 4935 2813 5024 oblata:
3137 5013 3149 5024 .

52 5035 299 5108 antiqui
341 5029 534 5087 hostis
569 5029 707 5084 elisa
743 5035 846 5099 est,
881 5034 943 5085 ut
976 5030 1117 5101 ejus,
1147 5047 1318 5103 quem
1346 5031 1464 5102 ipse
1493 5048 1724 5103 supera-
1897 5019 2212 5088 Offel‘imUS,
2241 5017 2496 5084 Domine,
2526 5032 2738 5088 Pneces
2764 5020 2820 5070 θῖ
2859 5030 3093 5070 munem
3133 5013 3194 5068 in
3228 5013 3442 5070 honore

51 5134 242 5199 verat,
277 5127 469 5182 etiam
494 5123 731 5178 beatum
759 5124 1059 5195 Martyrem
1087 5140 1253 5178 suum
1275 5141 1547 5196 magnum
1573 5125 1723 5181 face-
1825 5117 2143 5168 sanctorum
2181 5117 2410 5168 tuorum
2447 5110 2752 5182 gaudentes
2783 5126 2796 5163 :
2831 5111 3056 5179 praesta,
3096 5124 3440 5180 quaesumus,

53 5231 138 5279 νει
187 5237 326 5279 esse
373 5217 681 5273 victorem,
725 5215 896 5286 Cujus
933 5217 1290 5289 triumphum
1329 5218 1388 5273 in
1427 5219 1516 5274 die
1556 5236 1727 5292 quem
1824 5211 1890 5262 ut
1913 5211 1968 5262 et
1996 5205 2388 5261 convenienter
2407 5205 2529 5258 haec
2555 5219 2743 5275 agere,
2762 5206 2818 5257 et
2835 5201 3085 5256 remedia
3104 5202 3445 5319 sempiterna

256 5315 268 5319 -
691 5308 765 5319 ..η
877 5308 910 5319 ι.
1056 5311 1069 5319 ι
1156 5315 1164 5319 -
1299 5310 1312 5319 .
1415 5315 1422 5319 Α
1587 5313 1602 5319 -
1679 5313 1690 5319 -
1828 5317 1838 5319 _
1868 5300 2105 5319 n1,s--____
2140 5298 2426 5319 AJ.___'_--_.-
2480 5297 2585 5319 τι--
2607 5295 2906 5319 n-_.:...--_..

52 5315 358 5388 sanguine
403 5327 512 5365 suo
548 5308 936 5379 sanctiﬁcavit,
989 5311 1252 5380 colentes,
1295 5310 1356 5366 in
1407 5315 1507 5368 tua
1551 5313 1728 5384 gloria
1826 5300 2109 5357 valeamus
2135 5298 2451 5370 adquirere-
2480 5297 2586 5351 Per
2607 5295 2932 5350 D0minum°

50 5387 433 5466 exultamus.
461 5405 572 5460 Per
594 5418 790 5474 quem.
1897 5393 2143 5464 Suscipe,
2175 5391 2430 5458 Domine,
2453 5389 2784 5445 sacriﬁcium
2814 5387 3138 5460 placationis
3163 5393 3220 5444 et
3244 5390 3442 5462 laudis,

627 5496 754 5548 Post
777 5497 1222 5550 communionem.
1826 5491 1892 5544 ut
1928 5485 2240 5542 benedictio
2279 5489 2376 5540 tua
2411 5484 2569 5554 larga
2597 5482 2914 5550 descendat,
2947 5499 3074 5553 quae
3113 5485 3170 5538 et
3209 5499 3448 5539 mtmera

121 5571 432 5649 Sumptis,
463 5571 728 5640 Domine;
758 5571 1150 5644 sacramentis,
1174 5589 1502 5646 quaesumus
1540 5579 1603 5629 ut
1635 5561 1726 5630 i'n-
1826 5585 2043 5650 nostra,
2058 5579 2260 5634 sanctis
2276 5577 2386 5634 tuis
2406 5574 2973 5649 deprecantibus,tibi
2988 5575 3188 5630 reddat
3201 5581 3443 5648 accepta,

49 5673 408 5730 tercedente
436 5667 610 5723 beato
637 5665 884 5736 Martyre
907 5669 1028 5736 tuo,
1057 5667 1130 5722 ad
1155 5666 1556 5739 redemptionis
1573 5673 1730 5724 aeter-
1829 5678 1888 5730 et
1907 5673 2069 5730 nobis
2094 5677 2506 5728 sacramentum
2537 5668 2940 5740 redemptionis
2967 5668 3190 5724 efﬁciat.
3223 5670 3348 5724 Per.

47 5787 140 5825 nae
172 5763 572 5841 proﬁciamus
597 5762 1000 5832 augmentum.
1028 5761 1153 5817 Per.

1899 5768 2038 5823 Vere
2069 5765 2308 5838 dignum
2350 5769 2407 5821 et
2439 5765 2657 5837 justum
2700 5767 2804 5831 est,
2833 5777 3061 5834 aequum
3089 5765 3145 5818 et
3183 5761 3442 5816 salutare.

121 5863 455 5920 Sumentes
504 5853 727 5929 gaudia
747 5887 768 5896 ι
783 5852 1123 5924 sempiterna
1173 5855 1243 5911 de
1303 5854 1731 5928 participatione
1828 5859 2212 5918 Conﬁteantur
2233 5859 2356 5929 tibi,
2377 5858 2633 5927 Domine,
2659 5857 2850 5914 omnia
2870 5872 3042 5928 opera
3059 5858 3176 5921 tua,
3198 5856 3253 5907 et
3271 5848 3446 5906 sancti

1829 5954 1914 6012 tui
1938 5952 2272 6012 benedicant
2296 5958 2352 6011 te
2377 5969 2390 6010 :
2419 5951 2687 6026 quoniam
2715 5949 2893 6024 gloria
2917 5945 3138 6002 virtutis
3164 5959 3358 6001 eorum
3387 5945 3450 5997 tu

1825 3987 2196 4060 temporalem
2226 3992 2281 4043 et
2298 3991 2637 4059 praesentem
2660 3985 2821 4040 nobis
2845 3985 3286 4042 misericordiam
3311 4003 3444 4042 con-

1825 4083 2009 4138 ferant
2035 4085 2092 4136 et
2117 4086 2409 4137 aeternam.
2438 4081 2563 4135 Per.

52 5949 464 6024 Socramenti,
499 5953 560 6006 et
587 5944 898 6002 festivitate
925 5944 1077 6002 beati
1099 5947 1356 6023 Martyris
1379 5949 1482 6022 tui,
1511 5949 1728 6024 suppli-
