3976 6424
524 444 627 496 335
1300 433 1633 490 APPENDIX
1671 435 1756 489 AD
1793 434 2015 489 OPERA
2052 434 2153 488 SM

2324 431 2618 489 GERMANI
2658 423 3083 490 PARISIENSIS.
3817 429 3922 483 336

523 565 601 614 es,
630 542 821 617 322
847 541 1051 612 quibus
1078 540 1346 596 virtutem
1374 543 1436 596 in
1463 543 1807 597 confessione
1830 541 2139 613 pugnanti-
2161 543 2441 629 Acedant
2478 559 2492 596 :
2533 547 2847 613 precantes,
2895 513 2961 596 ut
3009 541 3167 594 Jesus
3214 536 3474 592 Christus
3529 532 3724 591 Filius
3784 538 3926 588 tuus

523 641 628 694 bus
657 643 712 691 et
731 633 968 706 gloriam
988 633 1048 688 iu
1068 635 1321 704 passione
1343 635 1690 690 vincentibus
1709 634 2012 689 contulisti.
2035 633 2141 698 Qui
2243 635 2512 689 Dominus
2537 640 2729 690 noster
2757 651 2855 688 sua
2881 651 2986 688 nos
3015 633 3194 703 gratia
3219 635 3616 702 consequatur
3641 646 3657 684 :
3687 634 3755 684 et
3784 629 3928 700 quia

522 744 811 784 summum
836 727 997 781 illum
1024 727 1313 798 Unigeniti
1351 729 1436 784 tui
1463 745 1670 783 nomen
1699 745 1884 782 coram
1911 728 2142 798 regibus
2240 729 2358 782 sine
2385 728 2502 799 ipso
2529 727 2671 782 nihil
2712 733 2860 781 recte
2888 727 3140 781 valemus
3169 726 3414 794 efﬁcere,
3443 723 3640 795 ipsius
3673 739 3929 792 semper

521 828 577 877 et
612 820 981 892 potestatibus
1023 836 1156 874 voce
1194 821 1368 875 libera
1411 826 1800 893 protestantes,
1829 821 2143 893 pretiosum
2241 837 2478 876 munere
2523 821 2808 893 capiamus
2831 863 2844 890 ,
2894 823 2956 873 ut
2997 818 3098 874 tibi
3142 819 3366 890 placere
3425 817 3765 888 possimus.
3819 816 3929 868 Per

518 915 620 970 tibi
641 913 979 984 sanguinem
1001 913 1242 983 gloriosa
1260 919 1441 968 morte
1465 915 1754 969 fuderunt.
1774 914 2144 970 Clementiam
2243 931 2414 986 quem
2442 915 2546 970 Ma.

519 1014 679 1064 tuam
731 1006 1057 1076 suppliciter
1105 1006 1477 1076 obsecrantes,
1525 1011 1591 1061 ut
1631 1024 1762 1061 cum
1803 1007 2144 1062 exultatione

521 1099 728 1155 sanctis
754 1099 812 1152 in
841 1097 1078 1152 caelestis
1104 1098 1265 1170 regni
1285 1099 1564 1153 cubilibus
1586 1099 1793 1171 gaudia
1809 1105 2001 1155 nostra
2021 1099 2145 1154 sub-

515 1195 756 1266 jungas;
784 1196 840 1247 et
880 1207 1023 1262 quos
1063 1191 1285 1248 virtutis
1329 1192 1642 1247 imitatione
1685 1210 1800 1248 non
1846 1209 2145 1265 possumus

522 1286 700 1358 sequi,
728 1286 798 1340 de
821 1284 950 1339 vitm
978 1285 1336 1340 veneratione
1362 1285 1774 1358 conjungamus
1799 1286 2020 1342 affectu.
2041 1287 2147 1340 Per

523 1397 718 1453 quem.

2759 984 2878 1033 Post
2903 982 3349 1032 communionem.

2315 1069 2563 1124 Caelestis
2591 1069 2724 1124 doni
2761 1068 3148 1124 benedictione
3175 1070 3464 1139 percepta,
3492 1063 3818 1137 supplices
3847 1069 3925 1131 te,

2245 1163 2391 1217 Deus
2415 1162 2794 1234 omnipotens,
2831 1163 3225 1232 deprecamur,
3256 1163 3323 1215 ut
3357 1160 3465 1214 hoc
3508 1158 3676 1213 idem
3725 1163 3792 1212 et
3836 1173 3926 1210 sa-

2246 1256 2519 1312 cramenti
2545 1272 2712 1311 causa
2742 1255 2830 1323 sit,
2861 1260 2918 1310 et
2941 1255 3161 1310 salutis.
3190 1255 3299 1309 Per
3322 1251 3667 1308 Dominum.

2889 1353 2966 1403 Ad
2991 1352 3218 1417 plebem.

1034 1449 1156 1498 Post
1179 1449 1620 1500 communionem.
2319 1439 2532 1509 Veniat,
2577 1438 2832 1507 Domine,
2862 1453 3215 1510 quaesumus,
3254 1436 3469 1508 populo
3515 1435 3931 1506 suppliccanti

590 1530 854 1585 Purificet
897 1545 1020 1598 nos,
1049 1545 1393 1600 quaasumus,
1423 1529 1678 1599 Domine,
1712 1535 1767 1585 et
1804 1530 1978 1585 divini
2013 1545 2143 1602 per-
2247 1537 2362 1588 tua:
2392 1532 2796 1588 benedictionis
2822 1531 3052 1598 infusio,
3079 1547 3209 1602 quae
3249 1529 3561 1584 diabolicas
3587 1529 3668 1584 ab
3707 1530 3930 1584 eodem

523 1623 705 1695 ceptio
751 1621 1116 1691 Sacramenti,
1159 1627 1215 1676 et
1264 1623 1507 1694 gloriosa
1550 1627 1870 1679 sanctorum
1917 1629 2147 1678 tuorum
2247 1625 2482 1696 repellat
2509 1625 2756 1695 insidias,
2786 1641 2916 1696 quae
2941 1624 3308 1695 fragilitatem
3344 1623 3590 1679 mundet
3617 1627 3682 1678 et
3714 1628 3930 1694 prote-

521 1717 720 1772 oratio.
748 1717 874 1771 Per.
2251 1724 2364 1791 gat,
2391 1735 2519 1791 quae
2549 1719 2780 1792 inopem
2807 1721 3084 1773 sustentet
3111 1722 3167 1772 et
3198 1717 3450 1773 foveat...

590 1811 816 1877 Praesta,
847 1823 1194 1880 quaesumus,
1222 1809 1580 1880 omnipotens
1616 1811 1782 1880 Deus,
1809 1815 1877 1866 ut
1904 1827 2150 1882 quorum

2744 1836 2849 1890 XX.
2880 1850 3007 1890 man
3035 1849 3162 1888 ALIA
3204 1849 3379 1888 mssa.

520 1903 857 1958 memoriam
893 1902 1692 2010 Sacramenti‘participatione
1727 1903 2054 1973 recolimus,
2081 1905 2150 1959 ﬁ-
2172 1929 2228 2000 Β
2321 1939 2616 2010 Perpetua,
2645 1954 2992 2010 qumsnmus,
3025 1936 3282 2003 nomine,
3325 1949 3465 2007 pace
3500 1934 3769 2001 custodi,
3802 1934 3932 2005 qui.

520 1997 649 2103 de“?
694 2011 919 2103 quoilue
960 1994 1304 2103 Ρτξξξίθξθξλάο
1349 2000 1651 2103 fimum?"
1692 1999 1800 2052 Per
1850 1998 2152 2103 “990mm
2173 1994 2220 2000 —
2251 2030 2358 2086 bus
2384 1994 2449 2086 in
2466 2034 2521 2086 te
2552 1994 2712 2103 spem
2741 1994 2991 2100 donasti,
3010 2035 3066 2085 et
3093 2034 3208 2084 tuae
3238 1994 3467 2100 pietatis
3495 2027 3561 2082 in
3584 1994 3775 2082 nobis
3797 1994 3931 2098 pro-

521 2092 781 2144 malum
804 2089 994 2143 Iesum
1031 2087 1318 2142 Christh
1353 2089 1560 2144 Filium
1602 2094 1788 2160 tuum’
1815 2092 1915 2162 qui
1940 2097 2151 2148 tecum'
2251 2124 2424 2196 pitius
2469 2087 2616 2178 dona
2654 2125 2928 2192 concede;
2966 2087 3023 2178 et
3059 2127 3126 2178 ut
3159 2087 3291 2190 tuis,
3323 2121 3584 2190 Domine,
3616 2087 3932 2192 possimus

524 2205 650 2260 XIX.
693 2219 966 2261 INCIPIUNT
1009 2219 1300 2258 oamoues
1340 2221 1403 2258 er
1441 2221 1631 2259 pascas
1669 2223 1958 2262 communes
2004 2223 2150 2262 COTI-
2251 2218 2532 2272 inhaerere
2558 2217 2816 2287 servitiis,
2843 2222 2904 2273 tu
2931 2232 3054 2287 nos,
3083 2231 3435 2288 quaesumus,
3468 2215 3543 2269 ab
3573 2215 3753 2270 omni
3789 2232 3929 2287 pra-

1021 2289 1199 2328 MANE
1258 2291 1364 2329 CUM
1425 2291 1660 2330 εΑΝοΝΕ·
2193 2321 2212 2337 ’
2250 2311 2419 2366 vitate
2445 2311 2701 2366 defende.
2734 2313 2862 2366 Per.

2324 2405 2536 2459 Exaudi
2564 2421 2686 2473 nos,
2715 2404 3012 2459 miserator
3035 2408 3092 2459 et
3119 2403 3440 2458 misericors
3470 2402 3650 2473 Deus,
3689 2408 3756 2457 et
3792 2419 3931 2458 con—

2251 2498 2505 2552 tinentiae
2533 2497 2787 2552 salutaris
2815 2497 3097 2569 propitius
3122 2497 3284 2551 nobis
3309 2496 3458 2552 dona
3479 2497 3776 2552 concede.
3797 2499 3929 2551 Per.

2324 2593 2492 2660 Deus,
2522 2592 2613 2646 cui
2640 2591 2795 2645 nulla
2832 2594 3017 2662 potest
3046 2590 3386 2646 conscientia
3412 2589 3808 2660 inculpabilis
3841 2591 3929 2644 in-

2253 2685 2452 2754 veniri,
2481 2686 2720 2740 concede
2757 2685 2919 2738 nobis
2959 2689 3074 2739 tua:
3118 2683 3341 2756 pietatis
3364 2683 3684 2752 auxilium,
3716 2689 3794 2739 ut
3823 2700 3932 2756 ope

2254 2783 2365 2833 tua;
2413 2777 2792 2859 miserationis
2838 2777 3036 2849 adjuti,
3084 2794 3117 2830 a
3167 2781 3534 2849 peccatorum
3573 2781 3932 2833 nostrorum

2254 2871 2494 2926 nexibus
2519 2871 2846 2926 liberemur.
2874 2873 3000 2926 Per.

2325 2966 2533 3019 Praesta
2583 2964 2764 3035 nobis,
2816 2963 3134 3019 misericors
3185 2965 3353 3035 Deus,
3399 2966 3467 3018 ut
3519 2963 3930 3034 placationem

2254 3062 2411 3112 tuam
2439 3059 2722 3130 promptis
2759 3057 3050 3113 mentibus
3078 3073 3410 3126 exoremus;
3451 3061 3510 3112 et
3535 3063 3932 3128 peccatorum

2255 3151 2478 3206 veniam
2503 3157 2931 3224 consequentes,
2966 3168 2999 3206 a
3027 3151 3215 3206 noxiis
3237 3151 3557 3207 liberemur
3581 3150 3934 3208 incursibus

2255 3247 2381 3300 Per.

1123 2367 1242 2416 Post
1264 2366 1555 2432 prophetia.

595 2448 762 2515 Deus,
790 2446 888 2519 qui
915 2446 1282 2518 diligentibus
1325 2452 1378 2502 te
1412 2448 1560 2502 bona
1601 2448 1900 2504 invisibilia
1928 2467 2149 2522 praepa-

521 2542 677 2611 rasti,
705 2540 938 2596 infunde
979 2540 1241 2596 cordibus
1280 2541 1484 2595 nostris
1510 2541 1594 2596 tui
1621 2543 1830 2597 amoris
1867 2543 2150 2612 affectum,

523 2641 586 2690 ut
610 2640 666 2690 te
691 2635 750 2689 in
777 2633 1044 2688 omnibus
1071 2639 1128 2689 et
1151 2651 1322 2706 super
1345 2636 1537 2688 omnia
1562 2635 1877 2707 diligentes,
1907 2637 2150 2708 promis-

523 2729 706 2783 siones
731 2733 874 2796 tuas,
907 2743 1034 2798 quae
1061 2743 1230 2782 omne
1261 2727 1606 2782 desiderium
1643 2734 1932 2800 superant,
1959 2746 2152 2786 conse-

523 2837 788 2893 quamur.
819 2821 923 2874 Per
948 2820 1251 2875 Dominum
1271 2825 1552 2876 nostrum.

1208 2916 1474 2967 Collectio.

596 3000 759 3068 Deus,
788 2999 887 3070 qui
913 2997 970 3052 in
999 2997 1202 3052 sanctis
1230 2997 1471 3068 habitas,
1499 3003 1556 3053 et
1580 2998 1674 3069 pia
1709 2999 1875 3054 corda
1913 3015 2027 3054 non
2053 3001 2151 3054 de-

527 3093 686 3162 seris,
717 3091 893 3146 libera
926 3107 1028 3145 nos
1065 3107 1097 3144 a
1143 3091 1382 3145 terrenis
1425 3091 1712 3146 desideriis
1754 3097 1810 3147 et
1853 3093 2155 3164 cupiditate

526 3184 756 3252 cameli,
777 3190 861 3254 ut,
891 3184 1044 3239 nullo
1073 3183 1132 3237 in
1155 3183 1318 3238 nobis
1351 3189 1624 3256 regnante
1649 3190 1898 3256 peccato,
1929 3187 2028 3241 tibi
2054 3186 2154 3242 soli

526 3280 764 3336 Domino
791 3277 982 3334 liberis
1018 3279 1304 3334 mentibus
1342 3277 1669 3334 serviamus.
1697 3281 1804 3335 Per
1828 3280 2149 3337 Dominum.
2173 3296 2228 3370 ρ
2255 3277 2381 3300 π¹³
2873 3315 3040 3380 Super
3065 3315 3256 3366 οδιαω,

919 3457 930 3468 ,
1022 3460 1032 3472 ⁸
1146 3378 1276 3426 Ante
1298 3388 1551 3472 99mm“;
1750 3457 1762 3469 .
2056 3460 2088 3472 η
2118 3461 2150 3472 η
2325 3400 2575 3472 Suscipe,
2603 3399 2863 3470 Domine,
2907 3417 3257 3472 quaesumus,
3296 3399 3634 3455 debitorum
3675 3418 3936 3459 munera

595 3461 883 3568 IPI‘Otfc‘tor
916 3458 976 3511 in
1008 3458 1479 3568 ,ξθηδρθνδῐξίίωην
1511 3458 1840 3568 Πεξῗῗθνδίηθ
1868 3475 1980 3531 quo
2010 3460 2154 3516 nihil
2253 3458 2597 3549 famulorum
2626 3511 2640 3549 :
2675 3499 2731 3550 et
2754 3458 2868 3549 tuis
2893 3458 3054 3548 donis
3091 3458 3332 3566 puritica
3359 3493 3683 3550 servientes
3706 3497 3933 3568 pietate

525 3557 609 3608 est
650 3550 920 3653 validum,
962 3549 1107 3604 nihil
1151 3554 1427 3619 sanctum,
1471 3551 1787 3623 multiplica
1833 3569 2004 3625 super
2050 3569 2154 3610 nos
2253 3587 2554 3660 mysteriis,
2583 3587 2788 3660 quibus
2817 3587 2987 3642 etiam
3007 3549 3284 3658 jugﬁﬁcas
3312 3549 3840 3646 innocentes.

523 3643 972 3701 misericordiam
1024 3648 1203 3710 tuam,
1246 3647 1312 3698 ut
1357 3648 1412 3698 te
1466 3649 1702 3715 rectore,
1756 3649 1813 3700 te
1863 3646 2024 3714 duce,
2077 3646 2156 3702 sic
2254 3630 2554 3660 ωανννυων
2583 3630 2788 3660 ἰν-’νυ
2818 3630 2987 3642 ww
3007 3630 3284 3715 «Ar-um
3312 3630 3685 3646 «mw-ww.
3719 3630 3742 3645 ι
3771 3630 3860 3646 υ.

523 3744 872 3794 transeamus
895 3753 1000 3809 per
1031 3736 1183 3791 bona
1218 3737 1576 3809 temporalia,
1603 3743 1668 3794 ut
1693 3755 1807 3795 non
1831 3740 2156 3796 amittamus

528 3837 762 3888 aeterna.
801 3831 927 3886 Per.

597 3926 746 3980 Deus
769 3924 1068 3992 virtutum,
1082 3922 1244 3992 cujus
1262 3927 1346 3977 est
1364 3926 1567 3994 totum,
1581 3925 1734 3995 quod
1748 3929 1832 3980 est
1851 3925 2153 3997 optimum,

527 4018 714 4073 insere
753 4017 1074 4088 pectoribus
1113 4015 1318 4070 nostris
1361 4032 1616 4070 amorem
1661 4017 1747 4072 tui
1789 4018 2056 4089 nominis,
2103 4024 2160 4076 et

528 4114 734 4184 priests.
759 4110 821 4163 in
845 4109 1009 4163 nobis
1035 4107 1334 4178 religionis
1360 4114 1756 4180 augmentum,
1788 4116 1853 4166 ut
1877 4128 2003 4183 quae
2028 4118 2160 4169 sunt

529 4202 679 4258 bona
718 4201 954 4271 nutrias,
983 4218 1047 4256 ac
1086 4201 1343 4273 vigilanti
1385 4202 1572 4257 studio
1617 4220 1745 4275 quae
1783 4210 1913 4260 sunt
1948 4207 2159 4262 nutrita

533 4295 828 4351 custodias.

3007 3693 3138 3744 Alia.

2323 3781 2570 3849 Munera,
2609 3778 2864 3848 Domine,
2904 3778 3008 3834 tibi
3049 3779 3254 3847 dicata,
3296 3796 3662 3852 quaesumus,
3707 3785 3930 3839 sancti-

2255 3871 2378 3942 ﬁca,
2408 3877 2464 3928 et
2488 3889 2590 3944 per
2615 3872 2812 3927 eadem
2839 3888 2940 3926 nos
2966 3871 3218 3944 placatus
3251 3873 3505 3942 intende,
3537 3878 3598 3929 et
3630 3892 3671 3930 a
3701 3878 3933 3932 cunctis

2255 3983 2358 4020 nos
2399 3966 2647 4021 reatibus
2691 3971 2748 4020 et
2789 3965 3056 4036 periculis
3094 3965 3434 4038 propitiatus
3470 3967 3744 4040 absolve,
3787 3989 3934 4044 quos

2255 4059 2398 4116 tanti
2425 4059 2677 4131 mysterii
2703 4059 2907 4115 tribuis
2927 4076 3045 4114 esse
3067 4065 3374 4116 consortes.
3401 4062 3531 4117 Per.

2901 4157 3234 4208 Contestatio.

2329 4241 2522 4315 324
2549 4244 2688 4298 Vere
2716 4243 2956 4315 dignum
2982 4248 3040 4299 et
3055 4243 3277 4314 justum
3304 4248 3409 4314 est,
3441 4260 3692 4316 aequum
3738 4254 3806 4304 et
3843 4267 3933 4304 sa-

1151 4365 1316 4430 super
1341 4365 1530 4417 oblata.
2258 4335 2461 4392 lutare.
2490 4337 2559 4391 Ut
2593 4337 2726 4408 quia
2760 4337 2844 4392 tui
2886 4342 2971 4393 est
3008 4337 3214 4410 operis,
3243 4338 3290 4392 si
3318 4337 3470 4410 quod
3498 4338 3607 4392 tibi
3632 4341 3938 4412 placitum

542 4461 552 4466 '
603 4451 939 4522 Propitiare,
987 4450 1244 4516 Domine,
1290 4452 1790 4524 supplicationibus
1836 4457 2060 4526 nostris,
2104 4462 2162 4514 et
2259 4434 2465 4526 θδξῖωί
2491 4430 2804 4526 (ἶφείίθωηε
2829 4437 2928 4486 aut
2951 4432 3278 4504 agimus’m
3302 4431 3470 4486 Doms
3487 4449 3735 4505 semper
3769 4439 3938 4492 θείω

530 4544 634 4602 has
681 4544 988 4599 oblationes
1035 4545 1380 4600 famulorum
1402 4523 1882 4620 famularumque
1930 4523 2159 4606 tuarum
2259 4523 2548 4594 temgendi
2578 4541 2711 4620 Quae
2753 4530 2905 4620 regem
2938 4530 3089 4620 sunt,
3118 4531 3174 4580 et
3208 4526 3557 4597 exsequendi
3583 4529 3832 4586 tribuas
3860 4534 3936 4586 fa‘

531 4639 816 4709 benignus
860 4637 1114 4706 adsume,
1155 4641 1221 4692 ut
1271 4639 1425 4712 qupd
1467 4640 1680 4712 singuli
1727 4618 2054 4698 obtulerunt
2089 4645 2160 4700 ad
2178 4669 2238 4742 D
2261 4619 2545 4742 θωίξξίθηῖ
2572 4619 2642 4673 ω
2665 4635 2782 4672 non
2806 4618 2865 4673 in
2890 4619 3053 4742 {libis
3077 4625 3268 4675 nostra
3293 4619 3537 4742 ῙῗνδῙίιίίδν
3571 4622 3686 4727 sed.
3723 4624 3934 4682 indul’

533 4733 810 4787 honorem
835 4731 1083 4785 nominis
1116 4731 1219 4802 tui,
1252 4711 1465 4788 cunctis
1504 4711 1759 4804 proficiat
1787 4736 1856 4791 ad
1896 4711 2238 4794 salutem.”
2263 4711 2468 4784 genum
2511 4716 2622 4767 tum
2663 4713 2977 4784 praeveniat
3014 4730 3241 4786 semper
3283 4713 3537 4784 affectus:
3579 4717 3692 4786 qni
3743 4735 3862 4774 n03
3905 4738 3934 4774 ³

533 4828 641 4881 per
666 4823 992 4879 Dominum.
2260 4805 2440 4861 noxiis
2460 4806 2843 4878 voluptatibus
2871 4807 3260 4863 indesinenter
3287 4807 3572 4879 expediat,
3596 4815 3660 4866 et
3691 4829 3729 4866 a
3759 4830 3932 4868 mun-

604 4919 833 4987 Adesto,
879 4919 1138 4987 Domine,
1181 4919 1686 4990 supplicationibus
1721 4923 1946 4993 nostris,
1975 4929 2031 4979 et
2071 4925 2162 4980 his
2260 4897 2420 4955 danis
2447 4899 2695 4956 cladibus
2723 4897 3030 4972 dignanter
3055 4901 3276 4974 eripiat.
3305 4895 3413 4957 Per
3439 4918 3619 4974 quam
3650 4904 3833 4978 Maje.

532 5013 730 5085 populi
758 5011 842 5066 tui
871 5011 1246 5066 oblationibus
1263 5011 1639 5084 precibusque
1659 5017 1950 5087 susceptis,
1967 5015 2153 5093 323

2784 4999 2903 5050 Post
2930 4999 3374 5050 communionem.

535 5084 897 5177 praesentiam
927 5110 1039 5160 tuae
1057 5105 1365 5176 majestatis
1387 5105 1680 5177 intersere,
1703 5112 1766 5163 ut
1785 5084 2162 5183 quod—singuli
2293 5084 2586 5183 “mysteria
2611 5087 2798 5139 saneta
2823 5085 3234 5183 n°s_’__D°mine’
3259 5089 3316 5141 et
3342 5084 3614 5183 sacrm?“
3645 5091 3934 5162 expleant

534 5176 863 5252 Obtulemnt
889 5198 958 5252 ad
995 5199 1278 5254 honorem
1315 5199 1568 5254 nominis
1608 5176 1709 5271 mi,
1745 5176 1961 5260 cu‘ncﬁs
1986 5176 2159 5278 pll'oﬁ_
2259 5176 2562 5278 alimentis,
2593 5183 2648 5278 et
2679 5179 3068 5252 corporalibus
3097 5183 3366 5236 tueantur
3393 5181 3652 5239 auxiliis.
3682 5186 3806 5242 Per
3831 5187 3934 5241 Do-

535 5288 644 5344 ciat
671 5289 742 5344 ad
767 5290 1020 5347 salutem.
1698 5270 1701 5271 ν
1986 5270 2007 5278 ’
2259 5270 2481 5326 milium
2509 5275 2788 5328 nostrum.

2933 5343 3062 5394 Item
3091 5343 3210 5394 alia.

2333 5426 2412 5480 Da
2441 5427 2684 5500 veniam,
2713 5429 2969 5500 Domine,
2992 5430 3232 5502 peccatis
3249 5431 3479 5500 nostris,
3511 5438 3571 5488 et
3599 5435 3932 5492 medicina-

2260 5518 2406 5574 libus
2433 5522 2715 5578 sacriﬁciis
2743 5523 2995 5594 expiatos
3025 5521 3094 5578 ab
3123 5522 3276 5579 omni
3313 5524 3598 5596 pravitate
3644 5528 3925 5586 defende.

608 5384 748 5437 Vere
765 5383 1004 5455 dignum
1020 5385 1302 5455 etjustum
1319 5391 1422 5454 est,
1440 5404 1672 5458 aequum
1688 5394 1745 5444 et
1755 5390 2017 5449 salutare.
2033 5395 2163 5450 0m-

536 5477 918 5548 nipotentiam
938 5483 1094 5534 tuam
1109 5479 1328 5551 jugiter
1352 5480 1736 5550 implorantes,
1759 5489 1820 5539 ut
1843 5486 2047 5556 quibus
2067 5505 2162 5544 an-

535 5587 652 5626 nua
679 5570 1017 5626 celebritatis
1050 5571 1223 5642 hujus
1264 5576 1391 5626 vota
1429 5571 1786 5644 multiplicas,
1816 5577 2045 5648 plenam
2071 5581 2158 5636 di-

536 5614 652 5626 ³⁸“·“·
681 5614 1017 5626 ννινυιινυιυιυ
1050 5614 1223 5642 “ww”
1277 5614 1391 5626 ’νυν-
1429 5614 1786 5644 ωωνιηινυιυι
1816 5614 2045 5648 ιιιῠιιαω
2071 5614 2158 5636 ιιι-

534 5664 651 5720 vini
677 5665 860 5719 cultus
891 5665 1130 5737 gratiam
1155 5663 1445 5734 largiaris;
1474 5670 1531 5719 et
1565 5682 1670 5736 per
1693 5679 1998 5740 augmenta
2033 5691 2156 5730 cor-
2259 5614 2385 5670 Per.
2737 5689 2866 5744 xx],
2908 5699 3034 5744 ηεκ
3073 5701 3198 5745 AL”
3237 5704 3410 5745 ιιεελ,

533 5776 703 5832 porca
750 5758 1066 5830 profectum
1105 5756 1414 5812 clementer
1440 5758 1655 5815 tribuas
1680 5763 2018 5840 animarum,
2047 5786 2159 5842 quo
2823 5783 2942 5833 Post
2963 5781 3312 5847 praphetiam.

533 5853 604 5908 ad
630 5850 1087 5907 incommutabile
1113 5850 1327 5945 bonum
1353 5869 1456 5924 per
1479 5855 1770 5911 mutabilia
1796 5859 1942 5916 dona
1966 5863 2156 5919 venia-
2331 5865 2498 5938 Deus,
2544 5868 2643 5940 qui
2686 5867 2848 5923 nobis
2893 5868 3368 5940 omnipotentiam
3411 5873 3582 5928 tuam
3626 5876 3930 5945 parcendo

534 5962 682 6016 mus,
712 5945 1118 6019 temporalique
1145 5944 1354 6002 laetitiae
1375 5953 1430 6004 et
1454 5949 1656 6021 gaudia
1678 5956 2017 6026 sempiterna
2039 5975 2157 6014 suc-
2258 5961 2502 6020 maxime
2543 5967 2600 6019 et
2638 5961 2959 6026 miserendo
3000 5961 3350 6036 manifestas,
3379 5964 3715 6041 multiplica
3747 5985 3933 6042 super
