3976 6418
106 331 195 386 337

1179 347 1266 404 DE
1304 349 1615 412 LITURGIA
1651 355 2020 420 GALLICANA
2059 364 2257 423 LIBER
2293 367 2380 424 III.

3344 380 3444 442 338

99 455 187 493 nos
222 432 480 509 gratiam
524 439 712 513 tuam,
760 448 825 502 ut
871 447 945 506 ad
971 451 1071 510 tua
1093 456 1374 526 promissa
1401 466 1716 534 currentes,
1740 477 1799 552 Α
1819 470 2079 540 guberna
2122 474 2540 546 moderamine,
2577 479 2642 535 ut
2679 477 2828 537 adsit
2865 477 2917 539 ei
2953 482 3012 540 et
3045 477 3106 541 in
3137 486 3441 548 securitate

97 531 389 589 caelestium
413 533 714 595 bonorum
744 541 918 599 facias
939 563 1062 602 esse
1087 554 1400 609 consortes.
1429 557 1556 612 Per.

713 639 836 691 Post
863 655 1098 706 precem.

152 713 533 786 Omnipotens
581 723 932 794 sempiterne
983 730 1151 801 Deus,
1209 734 1306 806 qui
1359 737 1718 798 abundantia

95 805 298 876 pietatis
332 811 451 864 tua:
495 815 557 866 et
595 815 804 872 merita
844 823 1164 893 supplicum
1200 829 1423 884 excedis
1467 835 1525 887 et
1561 837 1713 904 vota,

95 899 316 954 eﬂ'unde
336 917 518 974 super
541 923 650 962 nos
675 909 1134 972 misericordiam
1162 921 1342 990 tuam,
1373 926 1434 978 ut
1463 924 1716 983 dimittas

95 1007 204 1061 quae
228 995 589 1054 conscientia
617 1003 843 1072 metuit,
874 1009 932 1062 et
950 1008 1185 1080 adjicias
1207 1015 1364 1084 quod
1390 1017 1572 1074 oratio
1595 1035 1713 1076 non

97 1087 384 1154 praesumit.
416 1091 536 1146 Per
562 1093 899 1153 Dominum.

710 1194 841 1244 Ante
857 1197 1088 1249 nomina.

152 1267 524 1340 Omnipotens
570 1278 923 1348 sempiterne
968 1283 1137 1354 Deus,
1186 1287 1386 1345 adesto
1431 1292 1712 1364 propitius

94 1361 531 1420 invocationibus
583 1369 794 1426 nostris
823 1389 837 1428 :
867 1377 926 1428 et
954 1376 1091 1447 quia
1119 1378 1242 1434 sine
1273 1384 1330 1436 te
1361 1383 1503 1440 nihil
1523 1389 1714 1456 potest

93 1455 325 1510 mortalis
371 1457 710 1530 inﬁrmitas,
756 1470 964 1535 praesta
1006 1471 1279 1528 auxilium
1329 1455 1543 1546 gratize
1575 1481 1707 1548 tuae,

96 1550 146 1601 ut
165 1547 216 1601 in
245 1553 632 1621 exsequendis
667 1559 958 1614 mandatis
1002 1562 1133 1631 tuis,
1163 1569 1221 1620 et
1248 1568 1540 1624 voluntate
1585 1571 1706 1640 tibi,

96 1641 143 1694 et
160 1639 372 1696 actione
404 1644 634 1714 pariter
658 1649 1007 1718 placeamus.
1033 1656 1143 1710 Per
1168 1658 1495 1716 Dominum.

151 1733 548 1793 Creaturarum
599 1741 863 1798 omnium
915 1750 1114 1802 auctor
1153 1750 1304 1805 Deus
1341 1755 1399 1807 et
1443 1753 1706 1824 Domine,

97 1823 176 1893 qui
193 1826 451 1884 universa
477 1846 589 1900 per
608 1837 964 1891 coaeternum
991 1839 1092 1894 tibi
1115 1841 1337 1910 Filium,
1360 1850 1708 1916 cooperante
1727 1831 1785 1904 Β
1809 1857 1846 1912 h

1821 566 2060 634 cautela,
2104 571 2163 622 et
2204 567 2356 624 inter
2390 587 2603 642 aspera
2631 573 2930 632 fortitudo.
2979 579 3089 634 Per
3129 581 3441 642 Dominum

1819 659 2096 714 nostrum.

2441 735 2572 786 Ante
2590 737 2818 788 nomina.

1885 801 2098 871 Presta,
2162 820 2507 876 qumsumus,
2577 811 2942 882 omnipotens
2999 818 3056 870 et
3119 817 3443 878 misericors

1815 893 1983 960 Deus,
2009 898 2071 950 ut
2097 895 2250 952 inter
2298 899 2466 970 hujus
2490 901 2619 956 vitm
2655 903 2929 975 caligines
2959 923 3064 962 nec
3114 909 3444 981 ignorantia

1814 986 2048 1042 fallente
2068 1005 2420 1062 mergamur,
2449 1010 2557 1048 nec
2585 997 2865 1068 praecipiti
2892 1000 3223 1057 studeamus
3247 1007 3441 1062 volun-

1813 1076 1932 1128 tate
1960 1091 2233 1146 peccare;
2266 1081 2366 1134 sed
2414 1081 2618 1152 quibus
2659 1085 2930 1141 ﬁduciam
2971 1091 3274 1158 sperandae
3314 1093 3436 1164 pie-

1812 1166 1944 1220 tatis
1973 1167 2258 1242 indulges,
2273 1175 2482 1244 Optataa
2504 1176 2912 1234 misericordias
2928 1185 3140 1251 praesta
3154 1183 3439 1257 benignus

1815 1259 2107 1316 effectum.

1881 1349 2122 1404 Pateant
2151 1367 2316 1413 aures
2362 1354 2770 1413 misericordiae
2798 1361 2932 1429 tuae,
2959 1362 3222 1433 Domine,
3249 1368 3436 1437 preci-

1809 1441 1916 1494 bus
1941 1443 2412 1514 supplicantium;
2435 1451 2492 1502 et
2517 1451 2578 1504 ut
2603 1452 2930 1520 petentibus
2956 1454 3281 1513 desiderata
3306 1475 3438 1515 con-

1811 1532 1999 1602 cedas,
2043 1535 2131 1590 fac
2166 1537 2268 1592 tibi
2317 1555 2434 1607 eos,
2480 1557 2824 1614 quaesumus,
2871 1546 3080 1617 placita
3122 1551 3433 1621 postulare.

1808 1621 1917 1676 Per
1945 1623 2272 1680 Dominum.

2453 1698 2619 1762 Super
2653 1699 2842 1754 oblata.

1877 1766 2044 1834 Deus,
2069 1767 2178 1836 cui,
2209 1769 2469 1826 omnium
2497 1774 2903 1832 sacriﬁciorum
2950 1779 3222 1837 varietate
3253 1783 3434 1854 ﬁnita,

1851 1859 2054 1913 ostiam
2075 1877 2226 1914 nunc
2248 1862 2540 1920 offerimus
2560 1866 2930 1938 singularem,
2955 1872 3153 1929 adesto
3173 1875 3316 1930 votis
3336 1881 3436 1933 tua

95 1921 264 2020 sancto
281 1919 516 1990 Spiritu,
547 1925 880 1996 condidisti,
905 1930 980 1985 da
1000 1934 1224 2004 populis
1245 1935 1356 1989 tuis
1375 1937 1519 1992 scire
1554 1939 1710 2010 quod
1807 1949 2181 2021 inspiratione
2199 1955 2506 2026 conceptis,
2529 1919 2684 2012 uti;
2695 1963 2750 2013 te
2771 1919 3122 2031 sperantium
3143 1970 3200 2020 et
3217 1967 3438 2023 deside-

96 2009 343 2082 praacipis,
371 2016 669 2072 custodire
689 2021 845 2089 quod
868 2027 1135 2092 praestas;
1170 2029 1234 2080 ut
1261 2031 1320 2082 et
1343 2031 1442 2084 tua
1467 2009 1705 2101 inspira-

96 2101 228 2156 tione
255 2105 528 2176 credaris,
561 2112 622 2163 et
655 2114 853 2168 nostra
880 2131 1110 2188 semper
1136 2134 1274 2174 voce
1299 2120 1568 2176 lauderis.
1599 2125 1709 2179 Per

96 2193 392 2252 Dominum.

694 2273 860 2338 Super
897 2277 1090 2329 oblata.

152 2350 304 2419 Deus,
338 2353 436 2424 qui
476 2355 760 2426 legalium
797 2359 1152 2418 differentias
1191 2365 1509 2423 hostiarum
1538 2367 1706 2425 unius

99 2443 323 2498 sacriﬁcii
346 2447 774 2516 perfectionem
803 2455 1056 2523 sanxisti,
1087 2457 1278 2528 accipe
1304 2459 1644 2516 sacriﬁcium
1671 2479 1706 2518 a

98 2533 284 2589 devotis
313 2537 414 2592 tibi
441 2540 700 2609 famulis,
724 2547 782 2598 et
806 2546 930 2616 pari
960 2547 1386 2619 benedictione,
1415 2551 1560 2608 sicut
1582 2571 1704 2610 mu-

99 2644 211 2682 nera
231 2629 384 2697 Abel,
413 2633 734 2702 sanctifica,
768 2640 831 2691 ut
859 2639 1015 2709 quod
1039 2639 1248 2712 singuli
1271 2643 1605 2700 obtulerunt
1627 2647 1702 2701 ad

95 2719 364 2790 Majestatis
387 2727 502 2780 tuae
543 2727 855 2797 honorem,
893 2733 1110 2788 cunctis
1149 2735 1411 2806 proﬁciat
1443 2737 1516 2792 ad
1550 2740 1700 2794 salu-

99 2816 212 2866 tem.
240 2815 342 2869 Per
365 2817 535 2872 Dom.

151 2905 364 2979 Suscipe
393 2926 670 2979 munera,
695 2930 1042 2985 quaesumus,
1060 2918 1317 2988 Domine,
1347 2937 1474 2992 quia
1500 2921 1602 2978 tibi
1627 2925 1700 2980 de

98 3000 175 3052 tua
198 2999 452 3071 largitate
484 3003 827 3074 deferimus,
862 3010 923 3062 ut
948 3009 1070 3064 haec
1093 3017 1458 3068 sacrosancta
1486 3019 1696 3086 myste-

95 3089 180 3155 ria,
199 3092 387 3160 gratim
406 3097 522 3150 tua:
550 3101 837 3167 operante
866 3097 1094 3170 virtute,
1115 3105 1414 3174 prmsentis
1437 3107 1566 3162 vitae
1595 3125 1698 3164 nos

96 3185 492 3243 conversatione
522 3190 908 3259 sanctiﬁcent,
933 3195 991 3246 et
1019 3194 1093 3248 ad
1116 3196 1326 3266 gaudia
1347 3199 1697 3270 sempiterna
1716 3187 1772 3261 C

95 3275 390 3341 perducant.
421 3281 532 3335 Per
561 3283 732 3337 Dom.
769 3287 1030 3340 nostrum
1050 3289 1243 3344 Iesum
1265 3289 1574 3346 Christum.

151 3367 272 3422 Vere
303 3369 542 3442 dignum
573 3376 633 3427 et
657 3374 881 3444 justum
912 3380 1014 3444 est,
1061 3395 1291 3450 aequum
1331 3384 1390 3435 et
1421 3384 1690 3440 salutare.

94 3459 149 3512 L’t
180 3461 334 3516 Filius
373 3467 505 3519 tuus
527 3468 694 3521 Jesus
723 3467 996 3537 Christus,
1021 3472 1118 3542 qui
1149 3490 1208 3527 se
1227 3491 1406 3544 usque
1427 3475 1485 3530 in
1513 3477 1692 3532 finem

95 3550 251 3604 saeculi
283 3551 391 3606 suis
419 3553 693 3609 fidelibus
721 3554 911 3628 325
944 3559 1208 3628 promisit
1241 3563 1594 3632 adfuturum,
1635 3569 1693 3620 et

94 3639 374 3702 praesentiae
415 3643 734 3714 corporalis
769 3646 1054 3716 mysteriis
1106 3665 1224 3704 non
1273 3650 1501 3707 deserat
1547 3669 1691 3724 quos

95 3729 308 3800 redimit,
334 3736 391 3787 et
416 3735 742 3806 majestatis
771 3739 886 3792 tuae
909 3739 1202 3796 beneficiis
1229 3759 1345 3798 non
1377 3744 1684 3816 relinquat.

95 3819 148 3872 Ut
169 3823 253 3892 qui
280 3827 334 3878 te
363 3829 601 3882 auctore
635 3828 1013 3899 subsistimus,
1048 3837 1102 3887 te
1131 3833 1518 3906 dispensante,
1549 3837 1687 3892 diri-

95 3927 266 3980 gamur
293 3933 305 3971 :
337 3933 452 3973 non
491 3920 706 3975 nostris
735 3921 993 3978 sensibus
1023 3925 1440 3998 relinquamur,
1483 3930 1583 3984 sed
1611 3931 1688 3986 ad

93 4007 182 4058 tuae
198 4009 402 4064 reducti
427 4028 664 4084 semper
687 4015 981 4070 tramitem
1008 4017 1281 4088 veritatis,
1311 4020 1434 4076 haec
1463 4023 1686 4078 studea-

93 4111 194 4151 mus
220 4116 470 4160 exercere
500 4122 632 4177 quae
671 4107 952 4180 praecipis,
975 4113 1038 4164 ut
1065 4113 1348 4182 possimus
1373 4114 1528 4171 dona
1551 4132 1681 4186 per-

93 4187 248 4259 cipere
288 4210 411 4266 quae
447 4197 762 4268 promittis,
795 4217 901 4272 per
923 4203 1233 4260 Dominum
1265 4209 1543 4263 nostrum.
1577 4209 1686 4264 Per

93 4295 235 4349 quem
260 4286 512 4346 laudant.

576 4363 703 4412 Post
729 4364 1170 4416 communionem.

145 4435 342 4510 Sumpti
378 4445 640 4500 sacriﬁcii
686 4452 968 4520 perpetua
1006 4467 1110 4505 nos
1148 4451 1315 4507 tuitio
1355 4468 1472 4508 non
1516 4454 1684 4510 relin-

92 4532 221 4595 quat,
265 4536 319 4586 et
365 4537 535 4592 noxia
581 4555 814 4611 semper
861 4559 894 4596 a
940 4543 1104 4597 nobis
1152 4547 1357 4599 cuncta
1411 4545 1761 4619 depellat.D

91 4616 268 4678 Sancta
284 4628 384 4682 tua
423 4646 550 4696 nos,
583 4632 850 4700 Domine,
879 4651 1226 4705 quaesumus,
1251 4640 1310 4691 et
1344 4637 1682 4696 viviﬁcando

90 4721 347 4786 renovent,
374 4723 432 4775 et
453 4725 790 4780 renovando
821 4725 1122 4782 viviﬁcent.
1146 4730 1255 4784 Per
1281 4729 1609 4787 Dominum.

697 4821 775 4871 Ad
809 4822 1040 4886 plebem.

147 4892 468 4970 Benedictio,
498 4904 766 4973 Domine,
782 4923 1129 4978 quaesumus,
1153 4909 1215 4964 in
1233 4912 1362 4965 tuos
1381 4911 1580 4968 ﬁdeles
1592 4928 1682 4968 co-

90 4982 222 5076 piosa
232 4989 559 5063 descendat;
580 4999 638 5052 et
653 5015 828 5070 quam
845 5001 1114 5072 subjectis
1125 5002 1391 5059 cordibus
1408 5008 1680 5076 expetunt

88 5073 288 5148 largiter
313 5094 737 5160 consequantur
751 5109 763 5148 :
779 5093 1056 5164 quoniam
1068 5094 1214 5149 sicut
1233 5096 1492 5168 superbis
1516 5097 1678 5152 resis-

89 5166 158 5234 tis,
173 5171 240 5227 sic
251 5175 548 5238 humilibus
559 5184 671 5238 tuis
681 5185 930 5256 gratiam
941 5186 1227 5258 benignus
1238 5166 1672 5262 inipendis.Per.

527 5294 677 5350 XXII.
711 5311 835 5351 Ima
873 5313 996 5354 ALIA
1034 5313 1210 5354 mssa.

603 5387 726 5437 Post
767 5388 1116 5452 prephetiam.

145 5458 401 5535 Concede,
431 5484 776 5540 quaesumus,
813 5473 1184 5544 omnipotens
1218 5475 1385 5542 Deus,
1419 5479 1481 5529 ut
1521 5473 1672 5530 viam

90 5549 220 5606 tuam
245 5554 438 5638 devota
465 5566 662 5618 mente
706 5569 1020 5634 currentes,
1052 5565 1492 5638 subripientium
1531 5567 1672 5622 deli-

95 5627 282 5703 ctorum
309 5650 541 5723 laqueos
572 5656 904 5712 evadamus.
932 5659 1059 5715 Per.

670 5752 791 5804 Post
820 5767 1058 5818 precem.

147 5818 426 5884 Ecclesiam
473 5833 652 5898 tuam,
705 5833 968 5903 Domine,
1005 5851 1348 5906 quaesumus,
1393 5837 1670 5908 perpetuo

1807 2041 1893 2097 ria
1905 2042 2110 2112 jubeas
2138 2045 2353 2116 perﬁci,
2381 2051 2440 2101 et
2463 2053 2698 2119 peccata
2729 2051 2926 2108 deleri.
2959 2056 3067 2109 Per
3101 2057 3430 2115 Dominum.

1877 2135 2132 2191 Remotis
2157 2137 2692 2196 obumbrationibus
2725 2145 3040 2201 carnalium
3071 2148 3433 2208 victimarum

1807 2226 2122 2297 spiritalem
2143 2229 2266 2297 tibi,
2291 2247 2516 2288 summe
2545 2235 2734 2302 Pater,
2767 2237 3016 2293 hostiam
3046 2241 3283 2312 supplici
3311 2261 3432 2299 ser-

1804 2319 1980 2374 vitute
2011 2321 2344 2390 deferimus,
2371 2341 2500 2394 quae
2529 2327 2678 2382 miro
2725 2328 3116 2404 ineﬁ‘abilique
3156 2337 3430 2405 mysterio

1805 2414 1862 2465 et
1899 2411 2233 2468 immolatur
2271 2432 2520 2487 semper,
2569 2422 2626 2472 et
2663 2421 2866 2476 eadem
2911 2439 3140 2494 semper
3169 2427 3426 2496 offertur,

1804 2500 2134 2572 pariterque
2161 2505 2219 2556 et
2239 2502 2578 2560 devotorum
2612 2523 2822 2563 munus
2843 2509 3039 2583 326
3071 2515 3128 2566 et
3156 2529 3424 2570 remune-

1801 2593 1980 2647 rantis
2016 2595 2102 2648 est
2126 2595 2449 2665 praemium.
2477 2599 2585 2652 Per
2613 2599 2942 2657 Dominum.

1873 2685 2224 2754 Qumsumus,
2256 2688 2497 2744 Domine
2536 2691 2686 2745 Deus
2714 2695 2928 2762 noster,
2959 2698 3021 2749 ut
3043 2697 3250 2752 nostris
3272 2699 3420 2754 desi-

1801 2777 1973 2832 deriis
2003 2779 2316 2850 expeditos,
2350 2781 2716 2839 devotionem
2735 2785 2834 2840 tibi
2858 2803 2962 2840 nos
2983 2787 3224 2844 liberam
3249 2793 3423 2862 atque

1800 2869 2152 2926 oblationem
2173 2873 2378 2928 offerre
2390 2876 2690 2932 concedas.
2705 2879 2812 2933 Per
2825 2879 3134 2936 Dominum
3162 2887 3423 2940 nostrum

1797 2967 1988 3022 Iesum
2018 2968 2324 3024 Christum.

1866 3060 2009 3114 Vere
2046 3061 2288 3132 dignum
2329 3067 2387 3118 et
2411 3063 2632 3134 justum
2671 3070 2774 3134 est,
2808 3084 3038 3140 aequum
3067 3074 3126 3125 et
3148 3074 3416 3130 salutare.

1795 3151 2043 3206 Verbum
2076 3157 2240 3208 tuum
2269 3154 2373 3209 tibi
2401 3173 2505 3227 per
2549 3159 2746 3214 omnia
2787 3165 3155 3219 coseteruum.
3185 3164 3292 3230 Qui
3331 3183 3420 3222 se-

1796 3244 2104 3314 metipsum
2117 3245 2442 3316 exinanivit,
2468 3249 2718 3306 formam
2737 3253 2882 3308 servi
2909 3255 3212 3326 accipiens,
3237 3249 3420 3314 fa'ctus

1793 3336 2069 3392 obediens
2094 3355 2272 3410 usque
2303 3339 2378 3394 ad
2406 3345 2674 3411 mortem,
2707 3349 2957 3401 mortem
2987 3351 3182 3404 autem
3210 3351 3410 3421 crucis,
3437 3365 3442 3370 ‘

1790 3429 1850 3482 in
1877 3445 1990 3500 qua
2008 3429 2135 3501 pius
2159 3431 2389 3501 sanguis
2418 3432 2476 3486 in
2502 3434 2902 3492 remissionem
2921 3439 3080 3494 fusus
3111 3445 3197 3495 est
3221 3459 3418 3514 pecca-

1789 3523 1999 3576 torum.
2034 3521 2202 3577 Venit
2225 3523 2381 3578 enim
2405 3525 2659 3580 animam
2689 3545 2852 3584 suam
2877 3529 3014 3585 dare
3060 3533 3413 3606 redemptio-

1789 3630 1924 3668 nem
1937 3630 2040 3685 pro
2051 3614 2262 3681 multis,
2285 3615 2611 3672 redditurus
2630 3619 2827 3691 utique
2843 3637 3098 3692 perenne
3117 3625 3251 3680 ﬁdei
3274 3643 3415 3696 prae-
3445 3612 3448 3621 ’

1787 3705 1986 3773 mium,
2008 3723 2112 3777 pro
2139 3707 2342 3778 quibus
2358 3709 2625 3764 sustinuit
2635 3711 2816 3766 crucis
2836 3715 3227 3785 opprobrium.
3253 3718 3413 3774 Bona

1787 3797 1995 3869 quippe
2017 3802 2074 3854 et
2091 3800 2246 3854 mala
2268 3805 2437 3856 erunt
2457 3805 2692 3871 aeterna,
2712 3820 2839 3875 quae
2856 3805 3016 3861 dabit
3027 3807 3408 3880 judicaturus,

1787 3891 1882 3961 qui
1912 3891 2067 3946 bona
2086 3896 2144 3947 et
2161 3894 2317 3949 mala
2347 3895 2686 3966 temporalia
2713 3899 3007 3953 contemni
3037 3900 3232 3956 docuit
3253 3903 3408 3972 judi-

1785 3985 1960 4038 catus.
1975 3985 2098 4039 Non
2112 3986 2268 4040 enim
2290 3987 2456 4041 aliter
2467 3991 2674 4044 natura
2691 3989 2972 4062 delinquit
2995 3992 3268 4062 humana,
3299 3995 3410 4052 nisi

1783 4074 1883 4126 aut
1906 4074 2158 4130 amando
2185 4091 2312 4147 quae
2339 4075 2458 4148 ipse
2479 4077 2844 4150 contempsit,
2873 4083 2973 4134 aut
2991 4081 3250 4137 timendo
3281 4099 3410 4155 quas

1783 4163 1902 4234 ipse
1916 4167 2198 4222 sustinuit.
2222 4168 2382 4224 Unde
2405 4186 2508 4224 nos
2531 4171 3001 4242 tuaprovidentia
3019 4174 3166 4245 regi,
3185 4178 3284 4231 tua
3305 4193 3411 4232 nos

1781 4257 2112 4330 redemptos
2133 4260 2320 4332 gratia
2345 4262 2676 4332 gubernari,
2707 4265 2928 4320 nullum
2956 4269 3042 4320 est
3066 4268 3272 4322 certius
3303 4269 3405 4324 do-

1781 4353 2114 4406 cumentum
2131 4369 2144 4418 ;
2164 4369 2339 4424 quam
2360 4353 2483 4424 ejus
2505 4355 2790 4411 evidentia
2803 4359 3108 4425 nascentis,
3131 4360 3409 4430 patientia

1780 4442 2098 4510 morientis,
2130 4445 2390 4516 potentia
2414 4447 2785 4518 resurgentis.
2818 4450 2927 4503 Per
2956 4451 3284 4506 Dominum.

2135 4537 2306 4591 XXIII.
2347 4555 2541 4593 mcmr
2579 4555 2750 4597 CANON
2785 4557 3048 4596 ACTIONIS.

1854 4628 2089 4683 Sursum
2110 4629 2303 4684 corda.
2327 4632 2484 4701 Resp.
2512 4632 2799 4686 Habemus
2829 4633 2904 4688 ad
2923 4634 3250 4690 Dominum.
3275 4637 3406 4694 Gra-

1783 4720 1888 4776 tias
1901 4737 2138 4791 agamus
2150 4721 2394 4778 Domino
2409 4724 2525 4778 Deo
2538 4725 3009 4797 nostro.Dignum
3026 4730 3084 4781 et
3087 4728 3305 4799 justum
3319 4734 3406 4784 est

1851 4815 1993 4867 Vere
2037 4813 2278 4885 dignum
2321 4818 2378 4870 et
2409 4816 2629 4888 justum
2659 4822 2762 4886 est,
2795 4835 3024 4890 aequum
3070 4823 3129 4874 et
3155 4821 3402 4876 salutare

1781 4909 1883 4973 est,
1911 4923 2016 4962 nos
2036 4907 2136 4962 tibi
2155 4924 2383 4980 semper
2399 4912 2458 4964 et
2475 4910 2686 4983 ubique
2709 4911 2922 4981 gratias
2943 4929 3136 4984 agere,
3159 4914 3424 4968 Domine‘

1779 5002 1990 5066 sancte,
2017 5001 2186 5055 Pater
2216 5001 2598 5074 omnipotens,
2633 5006 2845 5058 aeterne
2893 5006 3060 5074 Deus,
3092 5022 3196 5076 per
3239 5006 3399 5062 Chri-

1777 5094 1927 5146 stum
1953 5093 2259 5148 Dominum
2273 5098 2554 5153 nostrum.
2571 5098 2678 5171 Per
2690 5113 2862 5168 quem
2874 5097 3226 5169 Majestatem
3240 5102 3400 5154 tuam

1775 5184 2014 5239 laudant
2033 5186 2244 5255 angeli,
2277 5187 2523 5243 adorant
2556 5189 3000 5258 dominationes,
3031 5193 3287 5247 tremunt
3305 5209 3404 5264 po-

1776 5279 2044 5344 testates;
2087 5278 2208 5332 caeli
2243 5281 2630 5352 caelorumque
2691 5281 2926 5338 virtutes
2985 5300 3050 5338 ac
3098 5284 3270 5340 beata
3305 5285 3403 5358 Sy-

1774 5370 1918 5424 raﬁn
1942 5369 2095 5425 socia
2115 5371 2460 5427 exultatione
2482 5376 2906 5430 concelebrant.
2939 5377 3082 5432 Cum
3109 5378 3314 5448 quibus
3344 5383 3402 5434 et

1776 5465 1998 5518 nostras
2031 5479 2196 5518 voces
2243 5467 2305 5519 ut
2347 5465 2797 5538 admittijubeas
2841 5469 3240 5540 deprecamur,
3267 5489 3400 5543 sup-

1772 5560 1904 5631 plici
1935 5561 2291 5617 confessione
2319 5561 2573 5618 dicentes
2601 5580 2614 5620 :
2642 5565 2901 5636 Sanctus,
2927 5567 3190 5635 Sanctus,
3223 5567 3398 5624 Sanc-

1773 5657 1882 5720 tus,
1905 5653 2182 5710 Dominus
2210 5656 2358 5710 Deus
2383 5656 2656 5712 Sabaoth.

1841 5746 1916 5800 Te
1941 5745 2136 5817 igitur,
2183 5749 2626 5806 clementissime
2660 5752 2850 5820 Pater,
2879 5767 2984 5822 per
3010 5753 3204 5808 Iesum
3234 5749 3391 5806 Chri~

1771 5840 1921 5894 stum
1950 5838 2152 5896 Filium
2182 5843 2345 5898 tuum
2373 5843 2678 5900 Dominum
2709 5846 2968 5900 nostrum
2996 5843 3272 5916 supplices
3296 5855 3386 5894 ro-
