3976 6414
487 332 587 388 337

1266 327 1596 383 APPENDIX
1636 326 1724 382 AD
1761 326 1980 381 OPERA
2021 323 2254 381 SANCTI
2295 325 2595 382 GERMANI
2632 324 3059 382 PARISIENSIS.

3791 319 3825 374 3
3837 321 3899 377 to

464 423 693 514 ‘gamus
725 440 783 497 et
804 436 1074 512 petimus,
1104 433 1186 491 uti
1213 434 1448 506 accepta
1477 433 1690 490 habeas
1715 435 1774 489 et
1805 429 2112 488 benedicas
2133 442 2192 518 Α
2213 431 2704 504 omnipotentem,
2731 431 2834 487 tibi
2861 431 3075 503 gratias
3127 430 3275 504 egit;
3305 431 3639 502 benedixit,
3663 430 3898 504 fregit;

490 535 612 591 hac
644 534 814 601 dona,
842 532 963 586 haec
991 545 1256 598 munera,
1284 529 1409 584 haec
1443 530 1639 583 sancta
1665 525 1940 582 sacriﬁcia
1979 523 2109 580 inli-

490 627 625 682 bata
658 643 670 681 :
699 623 1001 696 inprimis
1031 640 1158 695 quae
1189 621 1291 676 tibi
1335 621 1628 677 offerimus
1655 637 1759 692 pro
1790 623 1887 674 tua
1916 621 2114 674 sancta

490 719 735 775 Ecclesia
755 716 1062 781 catholica;
1093 732 1268 787 quam
1291 716 1610 786 paciﬁcare,
1642 711 1950 779 custodire,
1979 711 2116 766 adu-

491 829 626 867 nare
647 814 704 865 et
722 827 925 881 regere
941 809 1195 879 digneris
1218 811 1336 863 toto
1360 808 1497 861 orbe
1517 811 1822 872 terrarum,
1847 821 1960 858 una
1983 821 2113 858 cum

489 904 760 962 omnibus
785 902 1117 958 orthodoxis
1161 905 1332 972 atque
1361 899 1686 970 apostolicae
1716 897 1853 952 ﬁdei
1881 898 2112 952 cultori-

485 998 612 1054 b-us.
643 998 950 1062 Memento,
983 994 1246 1060 Domine,
1271 991 1458 1066 327
1497 993 1847 1046 famulorum
1874 991 2120 1044 famula-

487 1107 733 1162 rumque
747 1094 994 1154 tuarum,
1011 1091 1066 1142 et
1081 1087 1340 1143 omnium
1359 1084 1928 1140 circumadstantium
1946 1102 1959 1151 ;
1983 1099 2118 1155 quo-

487 1201 616 1240 rum
647 1183 746 1238 tibi
767 1183 910 1237 ﬁdes
934 1180 1164 1252 cognita
1194 1183 1298 1248 est,
1321 1183 1377 1233 et
1397 1181 1534 1234 nota
1557 1177 1786 1234 devotio
1811 1178 1870 1232 z‘
1893 1176 1989 1248 qui
2017 1176 2117 1231 tibi

488 1279 738 1334 oti'erunt
765 1277 872 1330 hoc
899 1273 1241 1329 sacriﬁcium
1273 1272 1457 1327 laudis
1487 1289 1590 1343 pro
1623 1289 1703 1338 se,
1737 1271 1965 1342 suisque
1993 1286 2117 1325 om-

487 1373 672 1437 nibus,
697 1386 799 1441 pro
827 1367 1228 1439 redemptione
1259 1366 1588 1420 animarum
1611 1381 1866 1430 suarum,
1889 1380 1992 1434 pro
2021 1381 2120 1434 spe

487 1464 682 1520 salutis
713 1467 769 1516 et
804 1461 1212 1516 incolumitatis
1238 1476 1382 1525 sum;
1417 1458 1519 1513 tibi
1563 1457 1814 1512 reddunt
1849 1459 1981 1510 vota
2020 1473 2122 1510 sua

488 1563 704 1613 zeterno
742 1557 881 1623 Deo,
913 1555 1036 1609 vivo
1085 1557 1142 1608 et
1181 1570 1336 1608 vero.
1373 1551 1882 1608 Communicantes
1923 1549 2022 1604 sed
2065 1553 2123 1603 et

487 1649 835 1707 memoriam
878 1650 1220 1702 venerantes
1253 1646 1312 1701 in
1344 1645 1546 1717 primis
1576 1643 1840 1714 gloriosae
1889 1659 2123 1714 semper

487 1739 721 1814 virginis
745 1741 934 1797 Maria:
963 1739 1256 1812 genitricis
1285 1738 1384 1793 Dei
1421 1741 1478 1792 et
1523 1736 1754 1792 Domini
1783 1735 1964 1791 nostri
1990 1737 2120 1790 Jesu

485 1807 709 1902 Christi,
734 1835 836 1889 sed
865 1837 922 1889 et
944 1807 1248 1888 beatorum
1281 1832 1676 1904 apostolorum
1710 1847 1775 1884 ac
1796 1831 2118 1899 martyrum
2141 1807 2197 1878 B

487 1935 718 1988 tuorum
772 1927 943 1993 Petri,
992 1926 1174 1992 Pauli,
1228 1925 1494 1991 Andreas,
1539 1922 1754 1988 Jacobi,
1819 1923 2116 1989 Johannis,

488 2024 742 2088 Thomas,
789 2019 1004 2085 Jacobi,
1060 2017 1327 2089 Philippi,
1386 2012 1809 2082 Bartholoinazi,
1852 2014 2118 2082 Matthzci,

489 2118 760 2179 Simonis,
795 2121 853 2171 et
880 2115 1114 2183 Tathesi,
1136 2114 1278 2182 Lini,
1309 2113 1552 2179 Ancleti,
1583 2111 1912 2178 Clementis,
1950 2111 2118 2180 Systi,

489 2211 725 2278 Cornili,
752 2209 1042 2281 Cypriani,
1083 2207 1370 2272 Laurenti,
1403 2205 1726 2277 Crisogoni,
1757 2205 2036 2260 Johannis
2066 2209 2124 2258 et

489 2304 666 2371 Pauli,
699 2304 919 2358 Cosme}
951 2305 1008 2356 et
1033 2300 1318 2367 Damiani,
1352 2299 1581 2366 Helarii,
1609 2297 1853 2363 Martini,
1894 2301 1951 2351 et
1993 2313 2120 2352 om-

491 2399 653 2452 nium
675 2399 1005 2450 sanctorum
1038 2398 1288 2458 tuorum,
1320 2408 1564 2462 quorum
1594 2391 1816 2446 meritis
1839 2391 2125 2461 precibus-

491 2508 602 2561 que
634 2489 916 2544 concedas
944 2491 1008 2542 ut
1037 2488 1094 2540 in
1122 2486 1392 2542 omnibus
1441 2483 1812 2556 protectionis
1857 2487 1970 2537 tuae
2000 2500 2124 2538 mu-

492 2583 720 2639 niamur
745 2581 974 2636 auxilio.
1001 2582 1110 2636 Per
1145 2578 1434 2635 Christum
1465 2565 1787 2632 Dominum
1838 2579 2120 2631 nostrum.

560 2675 908 2745 Hancigitur
933 2671 1303 2728 oblationem
1335 2670 1622 2726 servitutis
1669 2672 1900 2736 nostrae,
1936 2669 2038 2722 sed
2068 2671 2126 2722 et

489 2771 708 2824 cunctae
736 2767 974 2823 familiae
1011 2769 1121 2819 tute
1145 2766 1341 2836 (quam
1367 2763 1470 2818 tibi
1501 2762 1798 2818 offerimus
1818 2761 1877 2816 in
1903 2761 2124 2817 honore

489 2865 702 2922 Domni
729 2863 884 2920 beati
916 2863 1185 2932 martyris
1217 2861 1298 2916 tui
1328 2861 1408 2915 ill.
1443 2863 1501 2914 et
1525 2876 1628 2930 pro
1659 2859 1908 2929 peccatis
1953 2862 2125 2930 atque

495 2952 907 3010 offensionibus
946 2949 1188 3015 nostris;
1233 2952 1296 3002 ut
1337 2947 1598 3002 omnium
1635 2947 1974 3002 delictorum
2021 2965 2124 3002 no-

491 3052 743 3102 strorum
775 3044 1180 3099 remissionem
1209 3041 1483 3111 consequi
1510 3041 1881 3111 mereamur),
1911 3057 2128 3111 quaesu—

490 3157 640 3207 mus,
693 3129 936 3193 Domine
987 3140 1047 3190 ut
1085 3137 1342 3206 placatus
1380 3133 1671 3204 suscipias,
1721 3134 1956 3204 diesque
2003 3152 2129 3190 nos-

494 3238 610 3290 tros
642 3233 698 3286 in
723 3235 820 3285 tua
848 3247 987 3302 pace
1013 3229 1306 3300 disponas,
1336 3229 1509 3298 atque
1545 3227 1616 3280 ab
1642 3229 1860 3281 aeterna
1887 3227 2127 3282 damna-

495 3327 651 3381 tione
689 3342 795 3379 nos
839 3323 1068 3394 eripias,
1103 3325 1162 3377 et
1199 3321 1256 3375 in
1302 3321 1619 3374 electorum
1661 3323 1893 3375 tuorum
1925 3321 2130 3392 jubeas

495 3436 671 3490 grege
695 3416 1014 3472 numerari.
1045 3417 1154 3470 Per
1175 3413 1464 3470 Christum
1495 3413 1808 3469 Dominum
1843 3418 2124 3469 nostrum.

528 3560 536 3567 .
563 3513 748 3576 Quam
765 3509 1119 3565 oblationem
1147 3512 1208 3562 tu
1229 3509 1377 3562 Deus
1390 3507 1449 3560 in
1465 3506 1752 3573 omnibus,
1778 3523 2126 3578 quaesumus,

492 3605 880 3669 benedictum,
904 3603 1231 3674 ascriptam,
1251 3604 1457 3667 ratam,
1481 3599 1911 3666 rationabilem,
1927 3616 2126 3670 accep-

497 3699 849 3768 tabilemque
864 3699 1053 3751 facere
1069 3695 1332 3765 dignare,
1349 3711 1477 3764 quae
1494 3693 1661 3748 nobis
1686 3710 1891 3764 corpus
1921 3695 1976 3747 et
1999 3711 2129 3748 san-

497 3792 620 3863 guis
649 3793 752 3845 ﬁat
777 3788 1133 3845 dilectissimi
1157 3787 1280 3841 Filii
1305 3787 1405 3854 tui,
1437 3786 1666 3841 Domini
1687 3789 1880 3840 autem
1911 3787 2010 3841 Dei
2033 3804 2132 3841 no-

493 3885 593 3939 stri
617 3887 750 3940 Jesu
775 3882 1004 3938 Christi.
1029 3880 1135 3944 Qui
1159 3879 1342 3950 pridie
1365 3895 1541 3948 quam
1568 3881 1881 3948 pateretur,
1913 3880 2133 3950 accepit

497 3994 710 4048 panem
743 3976 799 4029 in
828 3978 1055 4028 sanctas
1087 3989 1152 4026 ac
1181 3970 1538 4026 venerabiles
1565 3984 1772 4025 manus
1804 3988 1968 4037 suas;
2015 3973 2126 4026 ele-

499 4069 642 4123 vatis
669 4067 846 4123 oculis
875 4066 987 4121 suis
1003 4065 1076 4119 ad
1095 4065 1297 4120 caelum
1326 4063 1398 4118 ad
1421 4065 1476 4117 te
1507 4065 1686 4118 Deum
1708 4065 1938 4119 Patrem
1966 4082 2130 4120 suum

2213 527 2373 581 dedit
2393 526 2683 598 discipulis
2705 526 2840 593 suis,
2863 526 3059 580 dicens
3082 542 3094 580 :
3119 525 3372 598 Accipite
3397 530 3456 582 et
3475 527 3863 583 manducate
3885 544 3897 582 :

2213 623 2328 675 Hoc
2355 622 2443 674 est
2466 619 2624 674 enim
2651 636 2857 691 corpus
2877 636 3098 674 meum.
3129 621 3316 686 Simili
3342 621 3523 676 modo
3551 625 3898 693 postquam

2215 717 2504 768 coenatum
2523 717 2626 780 est,
2649 713 2867 784 accepit
2897 717 2956 768 et
2981 714 3131 768 hunc
3155 716 3507 785 praeclarum
3535 715 3808 770 calicem
3841 715 3899 770 in

2217 810 2443 862 sanctas
2467 809 2523 860 et
2548 807 2906 861 venerabiles
2932 823 3139 862 manus
3163 825 3324 873 suas;
3345 808 3646 864 item’tibi'
3661 809 3902 879 gratias

2219 917 2417 971 agens,
2449 899 2760 966 benedixit,
2791 900 2950 954 dedit
2978 901 3268 972 discipulis
3298 902 3434 969 suis,
3477 901 3694 957 dicens
3733 919 3748 956 :
3786 904 3898 956 Ac-

2219 995 2387 1065 cipite
2408 996 2463 1048 et
2485 993 2660 1048 bibite
2676 1011 2740 1046 ex
2769 994 2878 1048 hoc
2895 1011 3118 1048 omnes.
3148 995 3247 1050 Hic
3269 999 3354 1050 est
3386 995 3548 1050 enim
3579 997 3742 1050 calix
3767 1013 3903 1050 san-

2219 1087 2409 1157 guinis
2439 1086 2576 1153 mei,
2613 1086 2740 1140 novi
2781 1090 2839 1141 et
2865 1088 3064 1142 aeterni
3103 1089 3480 1157 Testamenti,
3520 1089 3898 1160 mysterium

2219 1181 2374 1246 ﬁdei,
2404 1179 2498 1250 qui
2525 1197 2628 1251 pro
2657 1180 2815 1234 vobis
2860 1184 2914 1234 et
2947 1197 3050 1252 pro
3089 1181 3284 1236 multis
3317 1182 3666 1238 eﬁ'undetur
3700 1185 3770 1237 in
3813 1201 3903 1237 re-

2219 1273 2554 1328 missionem
2577 1277 2963 1344 peceatorum.
2999 1275 3128 1328 Haec
3159 1275 3696 1348 quotienscumque
3731 1278 3896 1332 fece-

2220 1367 2312 1434 tis,
2327 1367 2384 1420 in
2399 1366 2512 1420 mei
2527 1366 2873 1421 memoriam
2889 1367 3271 1422 facietiande
3286 1372 3344 1424 et
3357 1386 3667 1424 memores

2222 1477 2438 1526 sumus,
2464 1459 2729 1527 Domine,
2760 1477 2864 1514 nos
2889 1461 2972 1514 tui
3001 1461 3284 1528 servi,sed
3318 1467 3376 1517 et
3395 1463 3560 1534 plebs
3586 1467 3697 1520 tua
3728 1481 3902 1518 sanc-

2223 1557 2300 1620 ta,
2333 1553 2539 1608 Christi
2565 1553 2690 1608 Filii
2715 1554 2796 1608 tui
2823 1554 3053 1608 Domini
3081 1555 3260 1609 nostri
3290 1560 3410 1610 tam
3433 1557 3630 1611 beata-2.
3653 1558 3899 1629 passio-

2227 1647 2330 1713 nis,
2374 1662 2598 1700 necnon
2633 1649 2689 1701 et
2725 1646 2795 1700 ab
2832 1647 3032 1701 inferis
3070 1649 3534 1718 resurrectionis,
3576 1651 3685 1706 sed
3739 1655 3805 1706 et
3837 1653 3900 1706 in

2225 1740 2392 1793 caelos
2443 1739 2707 1809 gloriosa:
2755 1741 3108 1795 ascensionis
3154 1759 3166 1796 :
3222 1743 3525 1798 offerimus
3577 1746 3900 1815 praeclarae

2221 1832 2496 1901 Majestati
2523 1832 2592 1886 de
2619 1834 2725 1886 tuis
2746 1833 2911 1888 donis
2932 1851 2996 1888 ac
3021 1835 3170 1888 datis
3190 1836 3439 1891 hostiam
3468 1855 3716 1908 puram,
3751 1839 3900 1893 hos-

2223 1927 2360 1980 tiam
2388 1929 2665 1992 sanctam,
2695 1927 2940 1980 hostiam
2965 1927 3423 1997 immaculatum,
3449 1947 3676 2001 panem
3714 1949 3898 1986 sanc-

2223 2023 2348 2072 tum
2378 2019 2506 2073 vita:
2535 2022 2785 2087 ceterum,
2811 2024 2868 2074 et
2899 2021 3135 2075 calicem
3169 2022 3366 2078 salutis
3403 2027 3745 2095 perpetuae.
3786 2026 3896 2080 Su-

2222 2128 2325 2182 pra
2353 2128 2479 2182 quas
2505 2112 2750 2183 prOpitio
2791 2130 2856 2168 ac
2879 2130 3084 2169 sereno
3111 2117 3268 2168 vultu
3303 2117 3566 2187 aspicere
3603 2117 3898 2188 dignare,

2224 2207 2280 2257 et
2314 2209 2546 2276 accepta
2596 2206 2830 2272 habere,
2877 2207 3039 2260 sicuti
3073 2213 3306 2280 accepta
3346 2210 3569 2264 habere
3601 2211 3901 2282 dignatus

2224 2313 2283 2350 es
2314 2310 2556 2351 munera
2584 2299 2746 2368 pueri
2786 2299 2870 2352 tui
2895 2299 3034 2370 justi
3071 2301 3232 2368 Abel,
3277 2305 3335 2356 et
3378 2303 3746 2358 sacriﬁcium
3801 2323 3899 2376 pa-

2227 2389 2486 2444 triarcha:
2511 2390 2688 2444 nostri
2704 2392 2966 2459 Abrahae,
2994 2396 3050 2447 et
3071 2395 3226 2464 quod
3255 2395 3356 2449 tibi
3379 2396 3900 2453 obtulitsummus

2226 2483 2489 2536 sacerdos
2539 2487 2668 2536 tuus
2710 2485 3144 2554 Melchisedech,
3192 2492 3454 2542 sanctum
3497 2491 3896 2561 sacrificium,

2225 2575 2659 2630 immaculatam
2705 2577 2975 2632 hostiam.
3029 2580 3324 2651 Supplices
3363 2584 3420 2635 te
3460 2599 3785 2654 rogamus,
3842 2591 3902 2640 et

2225 2668 2494 2739 petimus,
2519 2671 2888 2742 omnipotens
2915 2673 3082 2738 Deus,
3105 2673 3245 2743 jube
3270 2675 3514 2745 perferri
3537 2693 3654 2747 per
3675 2695 3902 2734 manus

2191 2776 2195 2777 ί
2227 2761 2407 2815 sancti
2433 2763 2622 2831 angeli
2648 2764 2728 2816 tui
2760 2764 2816 2818 in
2849 2765 3080 2819 sublimi
3111 2767 3276 2820 altari
3305 2771 3424 2834 tuo,
3459 2767 3519 2822 in
3555 2778 3896 2843 conspectu

2227 2853 2433 2908 divina}.
2474 2856 2779 2925 Majostatis
2811 2860 2954 2921 tua};
2993 2861 3053 2911 ut
3091 2863 3376 2930 quotquot
3421 2878 3493 2916 ex
3545 2864 3666 2918 hoc
3721 2867 3901 2920 altari

2228 2947 2694 3002 sanctiﬁcationis
2715 2955 3144 3006 sacrosanctum
3174 2952 3294 3007 Filii
3323 2953 3406 3008 tui
3426 2971 3648 3026 corpus
3669 2961 3734 3013 et
3759 2977 3900 3013 san-

2227 3039 2462 3109 guinem
2491 3043 2924 3113 sumpserimus,
2950 3046 3110 3100 omni
3137 3046 3549 3103 benedictione
3572 3052 3814 3105 caelesti
3843 3056 3902 3106 et

2232 3134 2415 3203 gratia
2442 3137 2787 3205 repleamur.
2808 3138 3214 3194 PerChristum
3238 3141 3556 3196 Dominum
3586 3149 3897 3200 nostrum.

2299 3227 2584 3282 Memento
2618 3229 2812 3296 etiam,
2855 3231 3118 3297 Domine,
3151 3235 3208 3285 et
3234 3249 3436 3288 eorum
3462 3235 3762 3310 (Nomina)
3800 3239 3901 3310 qui

2230 3336 2333 3374 nos
2358 3325 2771 3390 praecesserunt
2800 3340 2930 3376 cum
2963 3324 3128 3394 signo
3179 3325 3334 3392 ﬁdei,
3365 3330 3424 3380 et
3467 3327 3796 3386 dormiunt
3842 3333 3901 3387 in

2230 3429 2432 3466 somno
2464 3413 2636 3483 pacis.
2664 3415 2821 3485 Ipsis,
2853 3417 3122 3486 Domine,
3163 3422 3222 3473 et
3248 3419 3521 3474 omnibus
3553 3422 3614 3476 in
3653 3424 3901 3480 Christo

2230 3506 2650 3577 quiescentibus
2677 3509 2868 3562 locum
2894 3511 3203 3582 refrigerii,
3233 3513 3374 3566 lucis
3406 3517 3464 3567 et
3501 3516 3672 3584 pacis
3706 3523 3780 3573 ut
3807 3520 3898 3574 in-

2230 3599 2466 3669 dulgeas
2497 3599 2894 3671 deprecamur,
2924 3620 3030 3674 per
3071 3604 3364 3660 Christum
3396 3607 3733 3666 Dominum
3788 3631 3899 3669 no-

2230 3696 2432 3746 strum.
2466 3693 2637 3747 Nobis
2663 3711 2892 3768 quoque
2920 3699 3315 3767 peccatoribus
3349 3701 3586 3756 famulis
3635 3705 3788 3774 tuis,
3825 3708 3898 3763 de

2231 3785 2598 3871 multitudine
2616 3787 3053 3845 miserationum
3075 3793 3306 3847 tuarum
3331 3795 3740 3866 sperantibus,
3757 3818 3900 3872 par-

2228 3867 2346 3933 tem
2375 3877 2626 3950 aliquam
2659 3883 2718 3934 et
2741 3881 3078 3939 societatem
3103 3885 3321 3942 donare
3353 3886 3638 3959 digneris.

2303 3974 2501 4029 Catera
2537 3973 2749 4030 desunt.

535 4298 542 4302 _
573 4249 597 4276 ει
627 4237 796 4291 Deest
820 4234 932 4301 hic,
965 4236 1026 4288 ut
1056 4233 1113 4287 in
1145 4231 1338 4287 multis
1367 4231 1511 4300 aliis,
1547 4232 1701 4304 quod
1731 4250 1882 4288 nunc
1909 4233 2016 4289 hoc
2047 4235 2170 4290 loco
2207 4233 2530 4304 inserimus,
2554 4254 2655 4308 pro
2690 4241 2882 4308 quibus
2909 4242 3008 4296 tibi
3040 4243 3332 4312 offerimus,
3364 4245 3450 4300 vel
3479 4249 3580 4317 qui
3612 4251 3745 4315 tibi,
3780 4258 3897 4308 etc.

513 4441 556 4456 ειη

567 4437 3891 4470 .___._—_——————___________________________

2027 4585 2344 4716 VETUS

961 4735 1866 4958 MISSALE
2002 4819 3418 4962 GALLICANUM.

801 5205 840 5256 Ι.
883 5218 1037 5258 MISSA
1078 5219 1260 5257 sucu
1302 5220 1536 5260 GERMANI
1577 5220 1828 5259 EPISCOPI.

569 5299 1196 5376 329.Venerabilem
1212 5299 1365 5355 diem
1389 5305 1560 5374 atque
1582 5301 1907 5369 sublimem,
1923 5303 2130 5382 fratres

432 5428 438 5444 .
497 5393 796 5462 carissimi,
833 5396 1099 5464 prompta
1139 5394 1442 5450 devotione
1475 5396 1849 5458 celebremus,
1906 5396 2126 5450 miseri-

497 5489 753 5546 cordiam
804 5487 1033 5542 Domini
1087 5489 1263 5542 nostri
1317 5487 1650 5559 suppliciter
1693 5472 2012 5555 exorantes,
2068 5493 2130 5544 ut

493 5581 803 5638 beatissimi
821 5581 1092 5637 Germani
1108 5581 1377 5636 antistitis
1393 5584 1450 5634 et
1470 5581 1812 5634 confessoris
1831 5583 1934 5649 sui,
1968 5584 2127 5654 cujus

493 5677 756 5747 exempla
787 5675 1086 5740 miramur,
1120 5673 1225 5728 etsi
1257 5673 1474 5743 aequari
1503 5673 1664 5727 factis
1691 5673 1811 5744 ejus
1849 5693 1963 5730 non
1995 5694 2125 5748 pos-

492 5787 706 5836 sumus,
734 5769 938 5824 saltem
977 5765 1218 5836 vestigia
1257 5765 1438 5836 sequi,
1470 5768 1524 5821 et
1572 5767 1744 5822 ﬁdem
1789 5769 1952 5824 nobis
1997 5787 2127 5826 con-

495 5865 678 5936 tingat
704 5860 934 5918 imitari.
967 5861 1074 5912 Per
1101 5859 1264 5912 Dom.

2152 5215 2210 5287 D

2909 5207 3178 5258 Collectio.

2299 5303 2518 5358 Gratias
2545 5303 2646 5359 tibi
2679 5305 2924 5376 agimus,
2955 5307 3322 5380 omnipotens
3355 5312 3528 5379 Deus,
3555 5331 3670 5384 pro
3717 5319 3900 5374 virtu-

2233 5396 2381 5450 tibus
2397 5396 2711 5452 beatissimi
2727 5400 2998 5455 Gcrmani
3011 5401 3282 5456 antistitis
3294 5404 3377 5458 tui
3402 5421 3414 5459 :
3441 5422 3590 5476 quas
3609 5409 3689 5478 ei,
3719 5413 3900 5468 Pater

2232 5489 2617 5561 omnipotens,
2649 5491 3082 5556 nonimmerito
3115 5494 3382 5560 tribuisti,
3405 5497 3546 5568 quia
3566 5503 3626 5554 te
3657 5510 3897 5576 aposto-

2228 5581 2336 5636 lica
2361 5585 2719 5640 confessione
2734 5585 2904 5640 rebus
2922 5588 3188 5642 omnibus
3209 5590 3336 5659 plus
3349 5592 3587 5647 amavit.
3607 5596 3898 5654 Discussit

2229 5693 2262 5729 a
2293 5693 2351 5730 se
2378 5677 2620 5746 divitias,
2658 5681 2718 5732 ut
2751 5683 3087 5750 paupertate
3115 5681 3347 5752 spiritus
3373 5685 3658 5743 caelorum
3705 5709 3894 5762 regna

2229 5771 2658 5825 conscenderet.
2687 5773 3180 5828 Mansuetudinem
3213 5775 3417 5844 tenuit,
3455 5783 3517 5832 ut
3538 5783 3771 5839 terram
3806 5787 3892 5840 sui

2228 5863 2480 5934 corporis
2507 5864 2836 5936 spiritaliter
2848 5865 3185 5936 possideret.
3208 5868 3430 5940 Lugere
3446 5871 3780 5934 delectatus
3801 5887 3889 5936 est
