3976 6424
129 368 214 420 3Η

1239 370 1324 427 DE
1364 371 1672 431 LITURGIA
1708 373 2079 433 GALLICANX
2117 379 2314 436 LIBER
2352 381 2441 437 ΙΙΙ.

3384 395 3484 448 3ἓὲ

124 475 174 531 in
207 473 442 544 seculo,
483 477 552 532 ut
590 475 880 534 caelestem
921 477 1374 536 consolationem
1411 496 1478 537 ex
1504 480 1761 539 muneris
1782 492 1839 569 Α
1861 484 2148 543 mandatis
2174 487 2438 546 universa
2469 488 2560 547 lex
2596 492 2654 548 et
2689 490 2989 566 prOphetae
3020 490 3374 568 pendebant,
3410 497 3485 556 ad

125 568 197 622 tui
237 568 519 639 largitate
565 571 913 643 perciperet.
955 572 1241 628 Justitiam
1297 573 1527 629 esurivit
1573 577 1760 648 adque

125 662 302 729 sitivit,
340 665 405 717 ut
452 664 571 717 tuis
610 668 965 720 saturaretur
1011 667 1268 738 eloquiis.
1322 669 1761 741 Elecmosynam

118 756 322 826 jugiter
342 757 510 824 fecit,
533 760 597 811 ut
622 757 1021 813 indesinenter
1043 777 1160 814 non
1183 763 1409 816 tantum
1433 761 1557 830 sibi,
1583 763 1683 817 sed
1705 767 1762 818 et

125 849 315 904 ceteris
337 849 583 920 pietatis
607 853 717 906 tuas
740 851 1197 908 misericordiam
1221 854 1524 909 obtineret.
1546 856 1762 911 Purita-

127 947 230 996 tem
261 941 456 996 cordis
479 943 708 1011 habuit,
738 948 800 998 ut
831 948 884 999 te
913 944 1151 1000 videret.
1189 946 1388 1001 Fidem
1421 948 1679 1016 servavit,
1700 952 1762 1003 ut

123 1035 237 1089 ﬁliis
259 1035 370 1088 tuis
388 1036 660 1092 fraterna
687 1055 744 1092 se
763 1038 1203 1110 participatione
1230 1041 1627 1112 conjungeret.
1652 1043 1760 1096 Per

126 1129 268 1197 cujus
294 1128 699 1184 interventum
732 1148 1057 1202 precamur,
1095 1132 1192 1204 qui
1221 1133 1380 1189 illum
1408 1134 1581 1189 hono.
1611 1175 1623 1188 .
1657 1176 1668 1190 .
1700 1175 1712 1190 .
1741 1175 1755 1190 .

129 1222 240 1293 plis.
267 1224 376 1276 Per
402 1223 752 1279 Dominum.

611 1311 863 1363 Collectio
889 1316 1006 1375 post
1033 1312 1265 1362 nomina.

188 1383 407 1438 Auditis
438 1383 786 1438 nominibus
816 1384 1184 1453 oﬂ‘erentum,
1217 1383 1642 1440 indeficieutem
1679 1385 1759 1441 di-

128 1477 303 1531 vinam
340 1477 725 1532 clementiam
775 1478 1173 1548 deprecemur,
1207 1481 1269 1531 ut
1303 1479 1406 1531 has
1437 1478 1757 1533 oblationes

126 1569 310 1640 plebis,
335 1587 484 1640 quas
497 1569 559 1624 in
583 1571 809 1624 honore
835 1569 1155 1624 beatissimi
1182 1571 1452 1625 Germani
1489 1571 1756 1626 antistitis

129 1666 176 1716 et
213 1663 562 1717 confessoris
606 1663 994 1730 oﬂ'erimus,...
1028 1663 1321 1735 signatum
1350 1663 1503 1717 diem
1526 1664 1752 1718 hodier-

129 1772 206 1809 nae.
244 1756 636 1810 solemnitatis
671 1757 1034 1810 celebremus
1077 1773 1208 1811 cum
1244 1756 1579 1811 inconcussa
1620 1755 1756 1811 fidei

1863 586 1959 633 eas
1986 597 2126 651 quas
2147 581 2392 637 diximus
2435 585 2792 656 evangelicas
2810 587 3196 644 beatitudines
3220 593 3483 663 perveni-

1861 677 1966 728 ret.
2000 675 2068 728 Et
2098 674 2231 746 quia
2262 678 2341 744 tu,
2371 677 2614 732 Domine
2639 681 2771 733 Jesu
2799 681 3040 749 Christe,
3066 685 3335 753 apostolis
3375 686 3484 740 tuis

1862 765 2082 820 dixeras
2099 769 2178 834 ut,
2196 772 2395 822 euntes
2409 787 2512 840 per
2534 770 2862 826 universum
2882 774 3186 842 mundum,
3206 776 3482 833 universae

1861 863 2134 914 creaturze
2155 862 2528 933 Evangelium
2549 864 2949 934 praedicarent,
2969 868 3026 919 et
3042 866 3274 923 virtutes
3297 871 3482 924 effice-

1859 955 2007 1019 rent,
2040 953 2160 1008 haec
2195 956 2324 1008 tuus
2374 955 2771 1011 devotissimus
2823 958 3140 1013 Germanus
3186 961 3481 1034 episcopus

1857 1047 2177 1113 Tartarum,
2203 1063 2401 1102 eorum
2422 1049 2671 1120 vestigiis
2692 1051 3042 1119 subsecutus,
3067 1069 3169 1123 per
3191 1057 3336 1108 totas
3361 1055 3483 1110 Gal~

1859 1137 1981 1206 lias,
2015 1139 2217 1205 Roma,
2257 1139 2520 1196 inectalia
2551 1143 2596 1210 ¹,
2632 1143 2690 1197 in
2720 1143 3009 1198 Brettania
3047 1145 3213 1199 annis
3246 1146 3482 1218 triginta

1859 1247 2095 1300 corpore
2119 1231 2394 1300 adﬂictus,
2425 1235 2619 1288 Januis
2634 1236 2853 1307 jugiter
2879 1236 2937 1291 in
2962 1241 3059 1292 tuo
3083 1238 3316 1294 nomine
3334 1257 3476 1311 pras-

1859 1323 2093 1391 dicavit;
2126 1324 2371 1379 haereses
2398 1327 2657 1394 abstulit;
2688 1329 2922 1383 adduxit
2951 1332 3227 1401 populum
3255 1333 3329 1386 ad
3358 1335 3477 1404 ple-

1858 1432 1995 1470 nam
2027 1419 2083 1471 et
2124 1417 2414 1487 integram
2468 1418 2648 1492 381
2697 1421 2904 1488 fidem;
2947 1423 3116 1493 ejecit
3153 1424 3476 1493 daemones;

1858 1513 2114 1564 mortuos
2147 1511 2461 1580 suscitavit;
2504 1513 2671 1583 aegris
2706 1515 2961 1570 reddidit
2997 1516 3296 1586 pristinam
3333 1520 3480 1573 sani-

1859 1605 2065 1669 tatem;
2117 1603 2487 1676 implevitque
2539 1606 2732 1662 omnia
2775 1607 2957 1678 signa,
3003 1608 3236 1664 virtutes
3283 1612 3478 1682 utique

1857 1695 2114 1766 adeptus.
2161 1697 2250 1752 Sic
2284 1697 2471 1768 coepit,
2512 1701 2574 1753 ut
2613 1703 2922 1767 cresceret;
2953 1700 3030 1756 sic
3071 1704 3367 1773 pugnavit,
3418 1707 3480 1758 ut

1856 1787 2132 1854 vinceret;
2167 1789 2243 1844 sic
2270 1792 2708 1859 consummavit,
2735 1795 2796 1846 ut
2821 1793 3022 1848 mortis
3049 1795 3318 1850 tenebras
3341 1812 3479 1866 prae-

129 1849 398 1954 libe‘rtatej
431 1866 615 1954 qu‘am
642 1849 742 1954 mel
759 1849 1058 1954 ’θοίξῗῗίωξί
1082 1852 1278 1904 mente
1307 1850 1567 1904 defendit
1589 1867 1601 1905 ³
1626 1867 1752 1921 pre'
1777 1855 1832 1926 B
1857 1880 2072 1948 teriret,
2092 1849 2380 1952 martyriis
2402 1899 2461 1936 se
2488 1849 2884 1954 conjun'geret,
2911 1887 3113 1940 stolam
3135 1903 3265 1940 cum
3281 1849 3479 1942 cente-

129 1945 306 1996 cantes
338 1946 401 1996 ut
429 1943 616 1996 robur
650 1942 949 2014 patientia:
979 1943 1119 2013 ejus.
1168 1984 1179 1996 .
1225 1983 1238 1996 .
1284 1984 1296 1996 .
1335 1984 1347 1996 .
1394 1984 1406 1996 .
1451 1984 1464 1996 .
1509 1985 1522 1996 .
1567 1984 1579 1996 .
1625 1984 1638 1997 .
1684 1984 1696 1996 .
1741 1983 1753 1997 .

190 2110 425 2164 Oremus
447 2111 634 2164 etiam
673 2113 732 2164 et
771 2127 874 2181 pro
915 2110 1205 2181 spiritibus
1236 2125 1501 2165 carorum
1530 2113 1753 2166 nostro-

129 2221 241 2258 rum
268 2204 541 2274 (quorum
583 2203 745 2257 idem
782 2203 1150 2274 omnipotens
1184 2205 1330 2257 Deus
1361 2207 1419 2257 et
1447 2220 1756 2258 numerum

131 2296 270 2349 novit
311 2300 366 2350 et
411 2297 705 2366 nomina),
750 2300 812 2349 ut
863 2297 1123 2350 omnium
1170 2297 1517 2351 memoriam
1561 2296 1752 2365 faciat,

133 2389 376 2444 omnium
409 2393 657 2461 peccata
686 2388 960 2444 dimittat.
989 2391 1098 2443 Per
1122 2390 1431 2444 Dominum
1470 2391 1751 2444 nostrum.

618 2477 637 2540 [
653 2476 904 2527 Collectio
933 2477 997 2526 ad
1023 2477 1260 2540 pacem.)

191 2547 374 2621 330
403 2549 580 2614 Deus,
610 2565 718 2619 pro
751 2549 910 2618 cujus
932 2565 1091 2603 sacro
1121 2565 1368 2603 nomene
1394 2548 1596 2603 beatus
1616 2549 1750 2603 Ger-

134 2659 318 2695 manus
343 2641 591 2696 antistes
618 2646 753 2694 tuus
778 2641 1126 2695 desideravit
1149 2641 1266 2711 pati
1293 2640 1753 2710 persecutionem

132 2739 348 2804 propter
369 2734 689 2804 justitiam,
717 2737 778 2787 ut
799 2734 903 2788 etsi
934 2733 1274 2804 martyrium
1305 2751 1419 2788 non
1451 2735 1751 2804 perferret,

135 2826 230 2880 ﬁde
252 2832 447 2881 tamen
465 2827 878 2897 portenderet;
905 2843 1010 2880 nec
1035 2827 1261 2879 timeret
1283 2825 1426 2880 odiis
1448 2825 1753 2880 hominum

134 2923 180 2971 et
209 2919 710 2973 maledictionibus
735 2918 1050 2988 subjacere,
1074 2919 1394 2973 dummodo
1422 2919 1752 2973 mercedem

133 3013 403 3082 copiosam
435 3015 900 3082 consequeretur
918 3011 977 3065 in
1006 3013 1144 3066 czelo
1173 3015 1230 3065 et
1256 3011 1328 3065 ad
1355 3011 1477 3065 illas
1505 3012 1750 3065 beatitu-

134 3105 279 3159 dines
298 3106 665 3175 evangelicas
687 3105 1042 3175 perveniret;
1069 3107 1123 3157 te
1146 3121 1250 3174 per
1268 3104 1438 3174 hujus
1463 3105 1750 3158 interven-

134 3203 239 3252 tum
268 3215 592 3269 precamur,
623 3201 689 3251 ut
717 3214 921 3268 pacem
951 3214 1147 3268 quam,
1179 3201 1235 3250 te
1255 3197 1518 3266 jubente,
1557 3197 1752 3250 dilexit
1771 3215 1825 3289 Ο

134 3290 180 3343 in
245 3293 478 3357 saeculo,
544 3290 962 3362 perpetualiter
1020 3290 1282 3343 Ecclesia:
1341 3289 1749 3359 possidendam

135 3383 328 3440 tribuas
352 3385 410 3439 in
438 3384 658 3438 futuro.
691 3386 800 3439 Per
824 3383 1132 3437 Dominum
1161 3385 1445 3436 nostrum.

773 3470 1104 3520 Contestatio.

195 3544 433 3614 Dignum
455 3547 514 3597 et
527 3543 757 3613 justum
781 3545 883 3596 est.
909 3543 1050 3596 Vere
1073 3557 1304 3611 aequum
1327 3543 1385 3594 et
1397 3541 1618 3610 justum
1644 3546 1748 3604 est,

133 3637 333 3689 nostibi
349 3636 784 3706 gratiasagere,
803 3633 1070 3704 etpietati
1091 3636 1200 3687 tuae
1217 3633 1276 3686 in
1297 3634 1517 3688 honore
1539 3633 1752 3687 summi

133 3729 420 3784 sacerdotis
437 3728 521 3784 tui
545 3727 825 3784 Germani
843 3725 1093 3798 episcopi
1107 3729 1166 3780 et
1179 3725 1520 3780 confessoris
1538 3727 1751 3796 gratias

133 3838 304 3890 agere,
323 3822 524 3877 laudes
546 3838 781 3887 canere,
804 3824 937 3875 vota
958 3820 1300 3890 persolvere,
1322 3819 1556 3889 ejusque
1580 3836 1744 3874 enar-

135 3931 244 3968 rare
281 3915 538 3981 virtutes,
577 3931 722 3985 quas
763 3913 836 3980 ei,
868 3912 1112 3968 Domine
1141 3913 1317 3966 Pater
1359 3911 1746 3982 omnipotens,

137 4025 235 4060 non
247 4008 540 4063 immerito
561 4006 834 4073 tribuisti,
850 4006 983 4076 quia
999 4009 1050 4059 te
1065 4005 1376 4076 apostolica
1389 4005 1748 4060 confessione

135 4100 285 4154 rebus
313 4102 587 4156 omnibus
620 4102 747 4171 plus
784 4098 1018 4153 amavit.
1055 4097 1324 4152 Discussit
1350 4114 1382 4152 a
1415 4114 1472 4151 se
1500 4097 1744 4167 divitias,

135 4197 186 4246 ut
199 4198 528 4266 paupertate
546 4193 781 4265 spiritus
799 4194 1069 4247 caelorum
1084 4207 1265 4262 regna
1278 4194 1743 4262 consequeretur.

132 4286 612 4342 Mansuetudinem
640 4286 846 4354 tenuit,
870 4289 932 4339 ut
952 4289 1186 4339 terrena
1207 4284 1291 4337 sui
1313 4284 1566 4354 corporis
1587 4283 1748 4354 spiri-

135 4380 305 4434 taliter
327 4381 672 4452 possideret.
703 4381 924 4450 Lugere
957 4379 1270 4432 delectatus
1305 4379 1392 4430 est
1427 4377 1485 4430 in
1517 4379 1743 4445 saeculo,

135 4473 186 4523 ut
199 4474 472 4528 czelestem
487 4473 948 4528 consolationem
964 4489 1028 4524 ex
1042 4470 1298 4524 muneris
1310 4469 1390 4523 tui
1403 4469 1746 4540 largitudine

1858 1973 1999 2028 simo
2029 1974 2216 2028 fructu
2243 1975 2581 2046 perciperet,
2606 1979 2663 2029 et
2691 1976 2805 2030 vita
2830 1978 2937 2032 hac
2972 1982 3204 2048 peracta
3232 1997 3476 2051 regnum

1857 2064 2207 2119 inhabitaret
2235 2070 2534 2121 aeternum.
2567 2067 2731 2131 Quod
2773 2069 3089 2137 credentes,
3129 2072 3276 2124 Deus
3313 2074 3482 2126 Pater

1857 2156 2240 2228 omnipotens,
2265 2158 2542 2230 supplices
2574 2176 2896 2227 exoramus,
2923 2163 2985 2215 ut
3007 2161 3066 2215 in
3098 2162 3219 2232 ejus
3246 2163 3397 2233 apud
3425 2166 3478 2217 te

1856 2250 2189 2320 patrociniis
2218 2255 2276 2305 et
2296 2251 2801 2307 intercessionibus
2827 2252 3024 2323 pietati
3047 2257 3157 2308 tua:
3183 2271 3479 2310 commen-

1857 2343 1995 2409 dati,
2035 2359 2136 2397 nos
2178 2343 2237 2397 in
2276 2345 2546 2398 omnibus
2581 2348 2739 2399 tuam
2782 2345 3234 2402 misericordiam
3276 2364 3477 2403 conse-

1856 2451 2121 2505 quamur,
2150 2436 2410 2506 angelica
2439 2439 2494 2491 te
2521 2438 2869 2493 exultatione
2892 2440 3190 2494 laudantes
3207 2443 3264 2494 et
3292 2440 3480 2496 dicen-

1859 2531 1975 2583 tes:
2005 2527 2266 2596 Sanctus,
2299 2529 2558 2596 Sanctus,
2593 2529 2852 2584 Sanctus.

2341 2621 2588 2671 Collectio
2613 2626 2731 2686 post
2752 2623 2986 2672 Sanctus.

1925 2701 2261 2756 Benedictus
2306 2703 2475 2773 plane
2527 2703 2621 2774 qui
2657 2702 2814 2758 venit
2850 2703 2908 2757 in
2952 2704 3188 2758 nomine
3209 2705 3473 2772 Domini;

1851 2794 2185 2848 benedictus
2208 2797 2354 2850 Deus
2381 2796 2496 2849 Rex
2525 2797 2718 2864 Israel,
2758 2813 2867 2866 pax
2900 2796 2959 2850 in
3001 2800 3175 2865 terra,
3205 2798 3386 2868 gloria
3414 2799 3474 2854 in

1853 2888 2084 2942 excelsis
2109 2904 2212 2959 per
2236 2888 2545 2943 Dominum
2575 2893 2836 2944 nostrum
2865 2891 3059 2944 Jesum
3090 2890 3377 2946 Christum
3392 2892 3484 2946 Fi-

1851 2979 1991 3035 lium
2013 2983 2193 3035 tuum.
2225 2980 2330 3046 Qui
2350 2981 2534 3052 pridie
2557 2998 2733 3052 quam
2753 2985 3067 3053 pateretur.

2487 3074 2607 3122 Post
2625 3077 2843 3123 secreta.

1921 3154 2256 3216 Descendat,
2271 3170 2578 3224 precamur
2591 3155 2957 3226 omnipotens
2969 3157 3136 3223 Deus,
3152 3173 3322 3228 super
3332 3157 3472 3226 haec,

1851 3262 1978 3318 qua)
1998 3246 2098 3300 tibi
2127 3246 2439 3314 offerimus,
2462 3247 2712 3302 Verbum
2733 3251 2898 3302 tuum
2916 3252 3208 3314 sanctum;
3235 3249 3472 3304 descen-

1851 3338 1949 3392 dat
1988 3338 2402 3393 inazstimabilis
2451 3339 2646 3410 gloriae
2687 3343 2800 3394 tute
2844 3340 3112 3410 Spiritus;
3165 3341 3476 3396 descendat

1792 3474 1794 3477 τ
1849 3430 2097 3502 antiquae
2127 3431 2498 3501 indulgentiae
2525 3434 2638 3486 tuae
2661 3432 2906 3499 donum;
2933 3437 2994 3486 ut
3015 3434 3114 3487 fiat
3137 3434 3349 3488 oblatio
3376 3451 3475 3490 no-

1851 3527 1965 3577 stra
1993 3524 2180 3578 hostia
2211 3524 2478 3593 spiritalis
2508 3524 2566 3578 in
2605 3525 2845 3579 odorem
2876 3525 3175 3579 suavitatis
3203 3530 3469 3596 accepta;

1850 3616 2023 3670 etiam
2058 3633 2160 3670 nos
2188 3617 2436 3671 famulos
2465 3620 2592 3670 tuos
2620 3633 2724 3686 per
2754 3617 3097 3698 sanguinem
3136 3617 3340 3672 Christi
3374 3621 3472 3672 tua

1849 3725 2053 3763 manus
2081 3709 2314 3763 dextera
2353 3707 2561 3762 invicta
2597 3710 2897 3764 custodiat.
2927 3711 3035 3763 Per
3059 3708 3391 3763 Dominum.

2108 3799 2356 3850 Collectio
2391 3803 2505 3850 ante
2538 3799 2822 3850 orationem
2850 3800 3194 3850 Dominicam.

1914 3883 2193 3951 Agnosce,
2223 3881 2485 3947 Domine,
2513 3882 2687 3936 verba
2718 3898 2845 3952 quae
2871 3881 3209 3953 praecepisti,
3232 3882 3467 3953 ignosce

1846 3973 2276 4045 praesumptioni
2309 3991 2481 4045 quam
2515 3974 2811 4045 imperasti
2840 3991 2852 4030 :
2883 3974 3210 4046 ignorantia
3239 3978 3325 4028 est
3351 3991 3468 4029 non

1847 4083 2010 4121 nosse
2038 4067 2337 4134 meritum;
2384 4068 2745 4122 contumacia
2777 4071 2861 4122 est
2896 4085 3012 4123 non
3046 4085 3271 4123 servare
3302 4085 3466 4123 man-

1846 4161 2065 4228 datum,
2099 4177 2212 4231 quo
2241 4160 2430 4215 dicere
2455 4161 2731 4231 jubemur
2758 4178 2770 4216 :
2798 4163 2967 4216 Pater
2996 4164 3206 4216 noster.

2313 4251 2561 4302 Collectio
2586 4257 2704 4316 post
2727 4252 3034 4302 orationem.

1913 4330 2118 4386 Libera
2167 4348 2272 4385 nos
2320 4349 2354 4386 a
2401 4332 2568 4386 malis
2613 4333 2901 4400 omnibus,
2941 4337 3140 4388 auctor
3183 4334 3468 4389 bonorum

1844 4425 2011 4492 Deus,
2046 4425 2116 4479 ab
2155 4424 2311 4479 omni
2351 4424 2711 4492 temtatione,
2759 4427 2829 4479 ab
2867 4426 3023 4480 omni
3065 4427 3352 4493 scandalo,
3395 4427 3466 4481 ab

1847 4517 2004 4570 omni
2045 4534 2217 4586 opere
2254 4517 2646 4583 tenebrarum,
2677 4521 2734 4570 et
2774 4517 3052 4572 constitue
3082 4534 3185 4572 nos
3214 4517 3272 4571 in
3306 4518 3467 4572 omni

137 4566 450 4637 perciperet.
487 4566 780 4623 Justitiam
831 4564 1062 4618 esurivit
1099 4566 1270 4634 atque
1311 4562 1499 4629 sitivit,
1536 4566 1595 4616 ut
1639 4563 1746 4617 tuis
1764 4574 1824 4647 D
1845 4562 2004 4663 ᾖ
2125 4562 2215 4661 vd;

137 4660 456 4679 ....l___-_xn1,,,_
497 4661 570 4679 ηιν,
593 4658 730 4679 ____2:_
787 4659 1222 4679 nl--_--_--_-_.
1261 4655 1475 4679 1--...‘1-..
1497 4655 1628 4679 ΡΑΑΣι
1683 4658 1739 4679 --ι
2006 4651 2018 4674 ⁷
2880 4649 2890 4661 ⁸
3015 4651 3028 4675 ⁷
3407 4650 3416 4662 ’

133 4660 460 4714 saturaretur
485 4658 752 4730 eloquiis.
787 4659 1227 4728 Eleemosynam
1254 4655 1475 4726 jugiter
1497 4655 1649 4721 fecit,
1683 4658 1744 4709 ut

131 4747 504 4806 indesinenter
533 4768 653 4806 non
675 4753 903 4804 tantum
935 4749 1061 4814 sibi,
1088 4748 1188 4801 sed
1215 4751 1272 4801 et
1293 4746 1494 4801 ceteris
1515 4746 1744 4816 pietatis

131 4843 229 4894 tuas
258 4843 714 4899 misericordiam
745 4842 1052 4896 obtineret.
1077 4840 1390 4894 Puritatem
1423 4839 1608 4894 cordis
1638 4839 1738 4892 ha-

133 4931 258 4999 buit,
290 4939 350 4989 ut
370 4939 424 4990 te
452 4937 694 4990 videret.
726 4937 933 4988 Pacem
969 4932 1232 4999 servavit,
1257 4935 1319 4985 ut
1345 4931 1472 4985 filiis
1503 4931 1613 4984 tuis
1639 4931 1747 4985 fra-

136 5026 281 5079 terna
298 5045 353 5082 se
374 5027 822 5099 participatione
845 5025 1054 5096 conjun
1063 5027 1242 5096 geret.
1263 5023 1614 5078 Desideravit
1628 5022 1745 5094 pati

137 5121 576 5185 persecutionem
617 5123 856 5191 propter
883 5118 1188 5189 justitiam,
1216 5119 1279 5170 ut
1323 5117 1370 5170 si
1404 5115 1745 5187 martyrium

137 5225 238 5263 non
253 5213 593 5281 perferebat,
610 5213 722 5266 ﬁde
743 5215 940 5265 tamen
961 5209 1332 5281 pertenderet
1349 5209 1421 5262 ad
1439 5225 1743 5263 coronam:

139 5318 227 5354 nec
247 5304 426 5359 timuit
446 5305 713 5359 omnium
738 5302 927 5356 modis
943 5301 1411 5356 maledictionem
1432 5301 1743 5370 subjacere,

140 5392 431 5452 dummodo
471 5396 808 5452 mercedem
854 5395 1145 5465 copiosam
1199 5396 1646 5464 consequeretur
1687 5392 1746 5446 in

76 5482 82 5496 "
141 5487 280 5541 caelo.
321 5489 521 5544 Dilexit
562 5493 639 5556 te,
670 5486 933 5554 Domine,
966 5504 1031 5541 ex
1070 5489 1190 5540 toto
1221 5485 1391 5540 corde
1430 5488 1487 5538 et
1526 5501 1590 5538 ex
1629 5487 1748 5539 tota

143 5583 336 5648 mente,
378 5586 435 5635 et
473 5599 542 5636 ex
582 5583 708 5635 tota
747 5578 943 5634 anima
979 5595 1100 5644 sua,
1134 5582 1191 5631 et
1220 5577 1547 5648 proximum
1581 5593 1745 5631 suum

147 5671 418 5743 tamquam
442 5673 730 5745 seipsum;
755 5675 816 5726 ut
835 5671 1149 5726 secundum
1166 5670 1319 5742 quod
1341 5669 1398 5724 in
1421 5670 1509 5724 his
1530 5670 1749 5724 duobus

206 5806 227 5832 ³
257 5796 398 5866 Lege
426 5801 484 5852 in
511 5799 701 5852 Italia.
733 5795 904 5862 Infra,
931 5798 1142 5857 Ianuis,
1174 5795 1310 5865 quid
1343 5794 1524 5848 illud?
1564 5812 1636 5848 an
1678 5795 1748 5849 de

151 5864 325 5920 Genua
340 5864 821 5940 intelligendum,
846 5882 970 5937 qua:
993 5867 1126 5922 urbs
1145 5864 1332 5922 Ianua?
1352 5882 1467 5921 non
1497 5881 1627 5921 raro
1656 5881 1749 5938 ap-

1843 4705 1899 4756 et
1917 4700 2185 4756 caritatis.
2205 4703 2312 4755 Per
2332 4700 2636 4755 Dominum
2660 4705 2920 4756 nostrum
2939 4705 2964 4757 J
2970 4719 3130 4757 esum
3153 4702 3460 4758 Christum.

2273 4792 2524 4842 Collectio
2550 4797 2669 4856 post
2691 4794 3028 4844 Eucharistia.

1915 4872 2233 4928 Sumsimus
2267 4889 2333 4926 ex
2371 4873 2544 4927 sacris
2585 4875 2858 4929 altaribus
2888 4875 3092 4929 Christi
3133 4874 3360 4929 Domini
3401 4891 3466 4929 ac

1845 4965 1948 5020 Dei
1974 4965 2153 5020 nostri
2188 4982 2391 5036 corpus
2422 4969 2480 5020 et
2510 4967 2916 5038 sanguinem...
2955 4967 3254 5021 credentes
3283 4966 3466 5021 unita-

1847 5063 1963 5113 tem
1992 5059 2175 5112 beataa
2206 5058 2494 5113 Trinitatis
2523 5075 2772 5126 oremus,
2807 5063 2869 5114 ut
2905 5077 3131 5130 semper
3156 5059 3321 5113 nobis
3350 5060 3466 5114 ﬁde

1846 5151 2048 5222 plenis,
2079 5150 2292 5204 esurire
2316 5151 2485 5205 detur
2512 5169 2577 5206 ac
2603 5151 2756 5206 sitire
2772 5152 3054 5222 justitiam
3073 5170 3086 5219 ;
3108 5153 3301 5223 sicque
3325 5169 3468 5224 opus

1847 5244 1988 5314 ejus,
2018 5243 2324 5297 confortati
2358 5245 2621 5299 salutaris
2653 5262 2795 5300 escae
2837 5246 3042 5316 gratia,
3075 5246 3374 5314 faciamus,
3407 5249 3470 5300 ut

1848 5353 1964 5391 non
1994 5336 2051 5388 in
2087 5335 2388 5405 judicium,
2422 5337 2520 5390 sed
2553 5337 2613 5390 in
2657 5339 2983 5393 remedium
3024 5340 3466 5394 Sacramentum

1849 5429 2002 5500 quod
2031 5428 2353 5499 accepimus
2379 5429 2712 5485 habeamus.
2742 5434 2850 5488 Per
2874 5432 3182 5488 Dominum
3208 5434 3466 5488 nostrum

1845 5523 1872 5578 J
1879 5538 2040 5577 esum
2071 5521 2375 5577 Christum.

2526 5593 2791 5644 Collectio.

1918 5671 2140 5742 Aspice,
2169 5671 2431 5740 Domine,
2453 5673 2547 5744 qui
2565 5677 2622 5728 et
2641 5677 2738 5730 tuo
2760 5675 2908 5731 vesci
2935 5691 3193 5747 corpore,
3228 5676 3284 5728 et
3301 5676 3460 5726 tuum

1849 5796 2112 5865 pellatur.
2142 5796 2256 5850 Hoc
2285 5795 2622 5852 vocabulum
2650 5797 2952 5854 cardinalis
2980 5799 3132 5856 Bona
3165 5792 3370 5858 omisit,
3395 5791 3460 5845 si-

1851 5869 1947 5920 cut
1972 5869 2031 5921 et
2055 5869 2365 5932 Tartarum,
2397 5883 2586 5940 supra.
