3976 6414
487 325 588 383 343

485 451 692 508 corpus
715 433 864 492 efﬁci
895 433 977 490 vis
1008 433 1206 489 ﬁdeles
1237 448 1250 488 :
1279 432 1370 488 fac
1405 431 1572 489 nobis
1613 433 1672 489 in
1707 432 2112 489 remissionem
2134 444 2193 519 Α

482 532 850 605 peccatorum
871 543 992 582 esse
1015 526 1170 598 quod
1195 525 1576 598 sumpsimus;
1607 530 1780 599 atque
1800 526 1880 581 ita
1904 543 1962 581 se
1985 525 2108 582 ani-

486 640 600 678 mae
626 624 835 680 nostrae
865 619 1056 675 divina
1085 619 1364 676 alimonia
1391 618 1589 694 332
1619 636 1724 691 per
1751 619 2108 674 benedictio-

486 732 620 774 nem
641 718 800 768 tuam
821 713 970 769 facta
996 713 1358 784 permisceat,
1381 715 1444 766 ut
1463 729 1596 768 caro
1619 711 1842 784 spiritui
1863 711 2108 780 subdita,

485 812 544 864 et
577 807 636 861 in
669 821 1012 862 consensum
1049 805 1350 876 paciﬁcum
1389 805 1694 876 subjugata
1724 805 2107 877 obtemperet,

481 917 598 960 non
630 901 915 972 repugnet
942 915 1044 970 per
1067 898 1342 970 Spiritum
1369 901 1652 965 sanctum,
1685 898 1782 969 qui
1807 898 1868 953 in
1889 897 2109 953 unitate

479 993 660 1050 Patris
695 996 753 1049 et
786 991 908 1048 Filii
941 996 1258 1048 coaeternus
1293 990 1429 1045 vivit
1463 994 1522 1048 et
1560 995 1770 1062 regnat
1811 991 1869 1048 in
1907 992 2111 1047 saecula

482 1088 842 1146 saeculorum.
873 1087 1078 1140 Amen.

668 1209 731 1262 II.
771 1208 1056 1261 Panemo
1093 1221 1164 1261 AD
1202 1219 1460 1260 VIRGINEM
1497 1219 1928 1262 BENBDICENDUM.

551 1314 846 1380 Faventes,
875 1310 1229 1366 dilectissimi
1251 1311 1480 1378 fratres,
1505 1309 1592 1364 his
1615 1309 1936 1377 virtutibus,
1969 1326 2110 1381 quas

480 1409 752 1480 prmstare
797 1421 1115 1477 paucorum
1159 1408 1264 1472 est,
1317 1405 1498 1458 Deum
1545 1419 1778 1474 semper
1821 1402 2110 1474 pudicitiae

478 1501 864 1571 castitatisque
885 1499 1184 1554 custodem
1207 1497 1454 1569 acceptis
1474 1496 1667 1552 eidem
1688 1495 1952 1568 precibus
1979 1513 2105 1550 ore-

479 1613 628 1662 mus,
657 1597 720 1648 ut
749 1594 899 1648 hanc
928 1593 1206 1647 famulam
1237 1608 1419 1659 suam,
1451 1589 1719 1646 omnibus
1744 1588 1932 1644 saeculi
1963 1588 2107 1644 inle-

477 1688 662 1744 cebris
691 1687 935 1742 liberam
967 1683 1311 1752 carnalibus,
1340 1701 1406 1738 ac
1432 1682 1634 1754 spiritu
1659 1683 1970 1754 integram,
1999 1683 2106 1737 Re-

479 1782 565 1854 gis
601 1779 800 1835 aeterni
830 1779 1087 1832 thalamo
1143 1777 1573 1844 reservandam,
1623 1775 1818 1831 addita
1875 1774 2112 1830 caelestis

476 1873 756 1948 propositi
809 1871 1016 1926 virtute
1071 1870 1432 1936 corroboret;
1469 1872 1528 1923 et
1569 1869 1642 1923 ad
1684 1869 2105 1939 sexagesimum

475 1969 758 2033 fructum,
797 1982 923 2036 quae
959 1963 1193 2034 propria
1227 1963 1533 2017 devotione
1569 1961 1885 2032 praesumit,
1933 1961 2110 2016 addat

476 2077 580 2116 sua
607 2059 873 2114 libertate
903 2056 1304 2112 centesimum.
1335 2057 1446 2110 Per
1469 2055 1804 2110 Dominum.

1015 2160 1266 2211 Collectio
1317 2159 1570 2224 ejusdem.

549 2249 821 2305 Omnium
841 2245 1328 2320 quidemlaudum
1351 2248 1522 2316 atque
1545 2244 1838 2312 virtutum,
1858 2244 1958 2298 sed
1970 2261 2110 2316 prae-

477 2343 643 2415 cipue
672 2340 948 2396 castitatis
968 2339 1248 2407 adsertor,
1275 2341 1483 2405 custos,
1508 2336 1828 2404 auxiliator,
1853 2337 2106 2406 effector,

476 2437 677 2492 dicatae
698 2434 796 2489 tibi
818 2433 876 2488 in
894 2432 1104 2488 sanctis
1126 2431 1462 2503 corporibus
1487 2431 1706 2502 pariter
1732 2447 1798 2485 ac
1819 2431 2110 2485 mentibus

473 2528 766 2602 puritatis;
789 2527 886 2598 qui
907 2525 1298 2597 virginitatem
1317 2525 1449 2578 ideo
1472 2525 1599 2596 plus
1621 2524 1811 2579 intues
1823 2527 1882 2578 et
1899 2523 2106 2594 diligis,

473 2622 607 2694 quia
635 2621 734 2676 tibi
765 2620 928 2692 origo
957 2617 1286 2690 virginitas;
1312 2618 1527 2690 quique
1556 2617 1616 2671 in
1641 2617 1793 2672 hunc
1824 2617 2108 2671 mundum

475 2706 642 2769 natus
669 2731 735 2768 ex
759 2713 1012 2784 Virgine,
1045 2711 1103 2766 id
1135 2711 1194 2765 in
1222 2710 1346 2766 aliis
1377 2711 1608 2781 probas,
1642 2709 1799 2781 quod
1829 2709 1890 2764 in
1923 2712 2109 2764 matre

473 2805 727 2876 elegisti;
780 2805 968 2876 adque
1012 2805 1144 2858 ideo
1192 2803 1493 2873 aptissime
1543 2801 1646 2855 tibi
1696 2819 1906 2872 sponso
1951 2801 2038 2855 vir
2065 2813 2108 2870 ι,

474 2914 746 2970 sponsam
771 2896 1056 2968 virginem
1104 2895 1460 2950 dedicamus.
1500 2896 1602 2962 Tu,
1634 2894 1896 2961 Domine,
1925 2893 2110 2949 tribue

472 2993 623 3046 hanc
639 2991 843 3062 puella:
858 2989 985 3060 jam
1004 2992 1116 3042 tum
1145 3004 1376 3059 semper
1397 2987 1712 3058 optabilem
1741 3003 1956 3058 magno
1985 3004 2112 3058 pro-

473 3084 660 3155 posito
676 3081 1196 3154 perseverantiam,
1217 3084 1276 3134 et
1290 3083 1490 3135 contra
1506 3079 1876 3155 multiformis
1893 3080 2111 3135 inimici

1277 324 1611 381 ΑΡΡΕΝΒΙΧ
1646 324 1735 380 AD
1771 323 1991 380 ΟΡΕΡιΑ
2026 323 2260 381 SANCTI
2297 325 2597 384 GERMANI
2634 327 3061 385 PARISIENSIS.

3755 328 3850 386 344

2768 434 3016 488 Collectio
3045 433 3298 500 sequitur.

2281 516 2492 586 Excita,
2525 533 2871 589 quaesumus,
2903 515 3169 584 Domine,
3199 515 3376 572 corda
3397 517 3602 572 nostra
3622 514 3701 572 ad
3718 531 3854 588 prte-

2209 611 2496 683 parandas
2522 610 2813 682 Unigeniti
2841 611 2926 666 tui
2957 609 3098 678 vias,
3133 613 3196 666 ut
3237 627 3344 682 per
3383 609 3510 681 ejus
3535 609 3850 666 adventum

2209 703 2520 776 puriﬁcatis
2545 703 2647 761 tibi
2673 704 2885 760 servire
2908 704 3203 760 mentibus
3227 719 3584 760 mereamur.
3615 705 3744 760 Per.

2829 799 2952 848 Post
2982 797 3216 848 nomina.

2279 881 2532 948 Placare,
2561 878 2829 946 Domine,
2862 895 3216 950 quaesumus,
3260 877 3610 934 humilitatis
3641 881 3848 936 nostra:

2209 977 2472 1050 precibus
2499 980 2557 1032 et
2584 977 2810 1046 hostiis;
2842 981 2902 1032 et
2927 978 3021 1032 ubi
3047 979 3206 1033 nulla
3235 981 3555 1050 suppetunt
3574 978 3850 1049 suffragia

2209 1071 2568 1138 meritorum,
2604 1074 2717 1126 tua;
2743 1070 2908 1126 nobis
2937 1071 3317 1143 indulgentiae
3345 1088 3620 1127 succurre
3657 1071 3852 1144 praesi-

2211 1162 2352 1231 diis;
2383 1167 2441 1218 et
2466 1181 2667 1218 eorum
2689 1164 2926 1220 nomina
2959 1164 3057 1236 qui
3089 1182 3195 1220 nos
3215 1168 3650 1236 praecesserunt
3667 1177 3692 1206 ο
3725 1181 3854 1220 cum

2211 1258 2374 1329 signo
2419 1257 2572 1324 ﬁdei,
2618 1261 2677 1312 et
2721 1257 3016 1313 dormiunt
3062 1257 3123 1312 in
3169 1275 3378 1314 somno
3415 1259 3598 1330 pacis,
3633 1258 3774 1330 ipsis
3801 1263 3854 1314 et

2211 1351 2476 1406 omnibus
2505 1349 2563 1405 in
2589 1351 2812 1406 Christo
2848 1351 3274 1422 quiescentibus
3312 1353 3506 1406 locum
3539 1352 3846 1423 refrigerii,

2209 1444 2349 1499 lucis
2375 1448 2434 1498 et
2458 1444 2632 1516 pacis,
2663 1447 2726 1499 ut
2753 1443 3055 1515 indulgeas
3086 1445 3490 1516 deprecamur.
3517 1447 3656 1502 Per.

2725 1536 2976 1586 Collectio
3009 1537 3077 1587 ad
3109 1549 3317 1601 pacem.

2280 1619 2451 1672 Grata
2481 1617 2585 1672 tibi
2605 1617 2737 1685 sint,
2767 1616 3027 1686 Domine,
3049 1633 3316 1686 munera,
3340 1617 3556 1690 quibus
3576 1618 3846 1689 mysteria

2209 1711 2572 1766 celebrantur
2595 1714 2806 1766 nostrae
2835 1711 3113 1766 libertatis
3139 1715 3197 1765 et
3216 1711 3378 1780 vitae;
3409 1715 3468 1766 et
3494 1713 3600 1784 qui
3630 1712 3844 1766 unitate

2129 1809 2186 1882 B
2210 1803 2438 1872 laetaris,
2470 1803 2654 1858 tribue
2677 1803 2842 1860 nobis
2871 1805 3048 1860 ﬁdem
3072 1804 3385 1878 integram,
3405 1822 3620 1877 pacem
3644 1821 3845 1878 perpe-

2205 1906 2390 1971 tuam,
2417 1902 2715 1958 caritatem
2742 1919 2970 1976 puram.
3004 1905 3132 1958 Per.

2851 1995 3190 2046 Contestatio.

2279 2078 2422 2132 Vere
2449 2075 2688 2146 dignum
2716 2079 2774 2130 et
2794 2075 3017 2148 justum
3043 2080 3196 2132 est...
3224 2078 3392 2146 Deus,
3421 2077 3518 2133 cui
3549 2079 3844 2150 proprium

2211 2171 2296 2224 est
2325 2185 2390 2223 ac
2417 2169 2726 2240 singulare,
2755 2169 2912 2240 quod
2938 2169 3126 2224 bonus
3173 2186 3252 2237 es,
3286 2173 3346 2226 et
3374 2172 3540 2226 nulla
3571 2187 3842 2244 umquam

2209 2281 2244 2318 a
2262 2267 2317 2318 te
2346 2279 2406 2318 es
2428 2262 2882 2318 commutatione
2901 2262 3173 2317 diversus.
3201 2263 3526 2336 Propitiare
3564 2265 3842 2336 supplica-

2209 2355 2459 2413 tionibus
2471 2354 2698 2422 nostris;
2713 2359 2772 2410 et
2782 2355 3043 2410 Ecclesiae
3055 2359 3168 2411 tuae
3185 2355 3657 2412 misericordiam
3669 2361 3843 2424 tuam,

2210 2465 2386 2520 quam
2413 2447 2777 2515 confitentur,
2825 2448 3086 2515 ostende,
3123 2449 3512 2504 manifestans
3550 2450 3708 2521 plebi
3739 2453 3843 2504 tua:

2209 2540 2496 2613 Unigeniti
2511 2540 2594 2595 tui
2612 2540 2875 2595 mirabile
2898 2541 3369 2610 Sacramentum;
3390 2546 3453 2598 ut
3470 2543 3842 2599 universitate

2209 2634 2504 2688 nationum
2527 2633 2874 2704 perﬁciatur,
2894 2634 3048 2706 quod
3065 2652 3168 2706 per
3186 2636 3344 2691 verbi
3360 2635 3443 2691 tui
3465 2637 3842 2708 Evangelium

2209 2726 2552 2798 promisisti;
2590 2729 2648 2780 et
2683 2726 2899 2782 habeat
2949 2728 3248 2798 plenitudo
3296 2729 3657 2802 adoptionis,
3696 2729 3843 2802 quod

2209 2819 2461 2892 prmtulit
2488 2819 2810 2874 testiﬁcatio
2849 2821 3120 2877 veritatis.
3149 2823 3276 2878 Per.

2280 2916 2406 2969 Post
2427 2915 2554 2977 haec,
2574 2914 2727 2967 Hanc
2749 2913 2924 2983 igitur
2947 2914 3063 2970 obl.

2756 3005 3058 3056 Benedictio
3081 3007 3282 3072 p0puli.

2279 3083 2377 3148 Da,
2410 3097 2752 3152 quaesumus,
2777 3082 3144 3154 omnipotens
3165 3084 3334 3150 Deus,
3363 3088 3593 3140 cunctae
3615 3086 3842 3141 familias

473 3149 812 3231 instantiam
857 3190 1086 3245 semper
1129 3173 1402 3244 agitantis
1445 3173 1682 3228 insidias
1733 3149 2099 3243 indeflexam,
2123 3172 2177 3246 Ο
2203 3176 2313 3229 tuae
2338 3149 2488 3228 hanc
2517 3175 2871 3229 voluntatem
2897 3149 2956 3230 in
2997 3177 3221 3232 Christo
3255 3149 3393 3232 Filio
3435 3181 3565 3246 tuo,
3603 3180 3842 3236 Domino

472 3267 1097 3340 inexpugnabilemque
1128 3266 1510 3321 constantiam
1539 3283 1552 3333 ;
1589 3269 1651 3320 ut
1675 3265 1778 3321 tibi
1801 3267 2009 3321 debeat
2028 3268 2106 3322 fe-

471 3362 638 3417 licem
665 3359 1255 3427 consummationem,
1291 3376 1416 3430 quaa
1436 3359 1561 3431 jam
1595 3363 1728 3414 ante
1759 3359 1961 3414 habuit
1998 3361 2100 3416 bo-

473 3471 609 3511 nam
635 3456 1014 3510 voluntatem.
1042 3455 1150 3508 Per
1179 3452 1506 3508 Dominum.

911 3572 998 3625 Ill.
1057 3572 1341 3627 Panemo
1401 3585 1669 3626 VIDUALIS.

538 3682 686 3736 Deus
703 3694 897 3733 rerum
915 3677 1196 3745 omnium,
1211 3679 1358 3733 Deus
1374 3680 1590 3744 noster,
1611 3674 1708 3747 qui
1725 3674 1878 3730 inter
1905 3678 2100 3731 cetera

467 3775 814 3830 documenta
841 3771 1117 3826 virtutum
1149 3772 1394 3825 salutem
1421 3772 1683 3824 nostram
1711 3767 1986 3824 castitatis
2015 3768 2095 3824 vi-

467 3883 606 3938 gore
635 3864 935 3936 reparasti,
971 3867 1034 3918 ut
1069 3863 1250 3918 sancti
1280 3862 1524 3934 Spiritus
1552 3861 1910 3916 domicilium
1931 3862 2100 3916 ﬁeret

466 3975 571 4032 pro
601 3957 890 4012 viduitatis
921 3956 1376 4022 conservatione,
1401 3957 1573 4026 atque
1599 3957 1663 4009 ut
1687 3954 1796 4008 isto
1817 3955 2100 4026 figuretur

467 4052 749 4122 exemplo,
762 4048 1084 4118 maiestatis
1093 4049 1341 4103 Verbum
1354 4047 1672 4120 parituram
1683 4047 2094 4117 foecundatam,

465 4146 676 4216 praesta
699 4145 762 4196 ut
786 4142 908 4195 haec
940 4141 1158 4195 famula
1195 4144 1314 4209 tua,
1353 4157 1482 4212 quae
1523 4139 1938 4196 conscientiam
1981 4157 2096 4198 sum

467 4235 730 4308 puritatis
755 4233 1020 4304 spondet,
1038 4237 1094 4287 te
1114 4233 1348 4289 custode
1369 4233 1558 4304 adque
1586 4236 1831 4300 rectore,
1861 4250 2090 4288 conser-

465 4333 596 4383 vata
627 4330 684 4381 et
728 4326 1001 4381 inviolata
1031 4329 1403 4396 permaneat;
1429 4325 1564 4397 quia
1591 4329 1921 4382 nostrorum
1951 4327 2092 4383 nihil

466 4438 743 4493 magnum
765 4423 851 4474 est
869 4419 1131 4486 voluisse,
1155 4419 1311 4491 quod
1333 4423 1389 4474 te
1409 4437 1525 4476 non
1543 4419 1716 4475 fuerit
1735 4420 2091 4477 custodiente

463 4516 808 4586 perfectum.
841 4515 950 4570 Per
971 4513 1302 4570 Dominum.

977 4609 1275 4661 Benedictio
1331 4609 1566 4661 vidualis.

531 4699 696 4765 Deus,
724 4696 821 4770 qui
863 4698 1091 4752 Annam
1131 4695 1310 4750 ﬁliam
1341 4696 1604 4751 Fanuelis
1629 4695 1658 4736 δ
1686 4737 1700 4749 .
1745 4737 1758 4750 .
1804 4737 1816 4750 .
1863 4737 1874 4750 .
1921 4738 1932 4751 .
1979 4738 1991 4751 .

1015 4797 1216 4850 Desunt
1234 4795 1320 4849 hic
1343 4795 1502 4862 folia.

527 4957 718 5033 333
736 4961 901 5026 Deus,
930 4958 1027 5030 qui
1046 4961 1324 5014 creaturae
1345 4961 1457 5013 tuae
1478 4957 1741 5012 misereri
1767 4955 1956 5028 potius
1987 4957 2086 5012 eli-

453 5054 540 5124 gis
571 5069 744 5124 quam
771 5053 958 5121 irasci,
991 5053 1179 5108 cordis
1205 5051 1386 5107 nostri
1411 5051 1644 5106 inﬁrma
1674 5050 1996 5119 considera,
2031 5054 2091 5105 et

453 5149 566 5200 tua:
595 5161 699 5200 nos
725 5146 909 5217 gratia
931 5146 1158 5218 pietatis
1187 5146 1447 5200 inlustra.
1475 5147 1584 5200 Per
1613 5144 1940 5201 Dominum.

451 5264 537 5317 IV.
593 5279 793 5319 INCIPIT
848 5279 1003 5319 mssa
1056 5279 1124 5318 ns
1174 5279 1424 5318 ADVENTU
1471 5279 1662 5320 DouINI
1717 5277 1905 5319 NOSTRI
1956 5277 2084 5319 Iesu

1178 5349 1410 5389 CHRISTI.

519 5429 708 5485 Excita
735 5431 1052 5502 potentiam
1083 5433 1264 5495 tuam,
1293 5429 1555 5498 Domine,
1580 5433 1639 5484 et
1662 5430 1820 5497 veni;
1845 5435 1903 5486 et
1926 5433 2081 5504 quod

446 5523 706 5580 Ecclesiae
739 5528 848 5580 tuae
876 5541 1056 5596 usque
1085 5522 1144 5576 in
1171 5523 1348 5576 ﬁnem
1380 5523 1572 5578 saeculi
1598 5523 1930 5595 promisisti,
1964 5527 2074 5581 cle-

375 5667 389 5675 .
447 5621 674 5672 menter
703 5635 964 5690 operare.
1001 5619 1129 5672 Per.

566 5762 900 5833 Legendum
923 5760 1169 5833 videtur,
1195 5773 1386 5833 sponsg
1424 5761 1718 5828 virginum.

515 5833 542 5872 ι)
569 5829 798 5903 Integra
828 5849 1000 5904 supra
1019 5830 1080 5886 in
1105 5829 1308 5887 MisSali
1339 5831 1687 5888 Francorum
1717 5848 1874 5888 num.
1918 5837 1997 5890 Η.

2204 3271 2401 3322 nostro
2431 3267 2684 3322 venienti
2713 3267 2770 3322 in
2805 3268 3076 3339 operibus
3097 3269 3269 3340 justis
3313 3273 3480 3342 aptos
3518 3289 3839 3338 occurrere,

2204 3364 2267 3415 ut
2295 3361 2418 3432 ejus
2448 3360 2699 3416 dexteras
2735 3361 2954 3429 sociati,
2991 3379 3240 3435 regnum
3276 3369 3626 3423 mereantur
3666 3367 3839 3440 possi-

2204 3453 2339 3508 dere
2371 3455 2614 3509 caeleste.
2645 3454 2810 3518 Quod
2836 3455 2956 3526 ipse
2983 3461 3178 3527 priest.

2571 3545 2820 3597 Collectio
2855 3551 2976 3611 post
3011 3549 3462 3600 communionem.

2270 3625 2494 3681 Animae
2521 3629 2750 3697 nostrae,
2780 3645 3110 3700 quaesumus
3139 3630 3512 3702 omnipotens
3542 3634 3717 3701 Deus,
3739 3635 3842 3689 hoc

2198 3719 2494 3790 potiantur
2510 3719 2815 3788 desiderio,
2850 3723 2912 3776 ut
2940 3739 2974 3776 a
3001 3725 3100 3776 tuo
3128 3721 3346 3793 Spiritu
3366 3723 3838 3792 inﬂammentur;

2199 3815 2262 3866 ut
2284 3812 2427 3866 sicut
2446 3813 2746 3885 lampades
2775 3812 2968 3888 334
2992 3815 3186 3870 divino
3204 3831 3446 3872 munere
3465 3819 3688 3888 satiati,
3712 3824 3841 3875 ante

2198 3909 2567 3978 conspectum
2591 3907 2869 3962 venientis
2899 3908 3108 3964 Christi
3125 3909 3247 3964 Filii
3279 3910 3364 3966 tui
3388 3911 3553 3968 velut
3581 3915 3740 3970 clara
3767 3915 3843 3969 lu-

2198 3998 2358 4054 mina
2385 4000 2730 4072 fulgeamus.
2760 4003 2888 4056 Per.

2749 4094 3001 4145 Collectio
3027 4095 3279 4160 sequitur.

2265 4166 2488 4238 Repleti
2519 4167 2645 4222 cibo
2684 4167 2952 4239 spiritalis
2983 4170 3296 4239 alimoniae,
3329 4175 3624 4246 supplices
3653 4179 3711 4231 te
3743 4177 3838 4231 de-

2193 4275 2515 4332 precamur,
2539 4260 2905 4332 omnipotens
2924 4263 3093 4330 Deus,
3118 4268 3181 4318 ut
3200 4265 3372 4337 huius
3390 4269 3840 4342 participatione

2193 4353 2449 4424 mysterii
2495 4353 2701 4408 doceas
2750 4371 2856 4410 nos
2894 4359 3126 4412 terrena
3169 4358 3487 4430 despicere,
3537 4366 3600 4418 et
3644 4380 3838 4418 amare

2192 4446 2464 4514 caelestia;
2510 4449 2683 4518 atque
2726 4448 2887 4502 omni
2939 4467 3088 4504 nexu
3129 4453 3449 4509 mortiferae
3505 4456 3838 4528 cupiditatis

2111 4538 2172 4611 D
2194 4543 2411 4607 exutos,
2440 4556 2622 4610 regno
2651 4545 2945 4613 perpetuae
2966 4543 3248 4600 libertatis
3269 4551 3574 4604 consortes
3597 4551 3832 4606 efﬁcias.

2193 4635 2300 4688 Per
2325 4633 2633 4689 Dominum
2661 4638 2944 4691 nostrum.

2191 4738 2254 4790 V.
2333 4751 2456 4791 Iram
2514 4753 2670 4793 MISSA
2732 4754 2800 4792 nr.
2865 4756 3112 4796 ADVENTU
3179 4758 3369 4800 bonum

2896 4826 3128 4867 CHRISTI.

2263 4899 2475 4968 Excita,
2511 4917 2854 4972 quaesumus,
2887 4905 3131 4961 Domine
3160 4907 3338 4964 corda
3370 4914 3574 4966 nostra
3597 4913 3674 4968 ad
3691 4929 3831 4984 prae-

2189 4994 2477 5064 parandas
2506 4994 2798 5066 Unigeniti
2834 4997 2916 5052 tui
2955 4998 3094 5066 vias,
3127 5003 3189 5055 ut
3225 5018 3334 5072 per
3363 5001 3488 5074 ejus
3514 5005 3832 5062 adventum

2187 5087 2498 5158 puriﬁcatis
2521 5088 2626 5143 tibi
2649 5089 2859 5145 servire
2892 5093 3186 5148 mentibus
3215 5111 3575 5154 mereamur.

2871 5184 3144 5236 Collectio.

2256 5260 2646 5317 Conscientias
2658 5266 2903 5332 nostras,
2924 5282 3276 5337 quaesumus,
3293 5270 3674 5344 omnipotens
3685 5275 3831 5331 Deus

2183 5353 2391 5408 cotidie
2417 5353 2698 5410 visitando
2727 5356 2984 5428 puriﬁca,
3015 5363 3079 5414 ut
3102 5361 3370 5418 veniente
3399 5365 3657 5423 Domino
3695 5367 3830 5424 Filio

2182 5450 2300 5514 tuo,
2323 5449 2585 5518 paratam
2613 5448 2720 5504 sibi
2740 5449 2798 5504 in
2823 5451 2986 5506 nobis
3004 5450 3261 5510 inveniat
3279 5459 3678 5518 mansionem.
3705 5465 3826 5519 Per.

2661 5541 2912 5594 Collectio
2945 5549 3064 5609 post
3095 5547 3331 5598 nomina.

2251 5622 2358 5676 Fac
2389 5638 2512 5690 nos,
2546 5639 2896 5696 quaesumus,
2929 5626 3173 5683 Domine
3204 5630 3356 5686 Deus
3388 5637 3611 5704 noster,
3643 5637 3824 5710 pervi-

3446 4761 3650 4803 NOSTRI
3712 4763 3834 4803 JESU

2246 5775 2269 5804 ο
2289 5765 2434 5846 ᾘειξο
2456 5763 2630 5824 verba
2662 5765 2720 5824 in
2749 5768 2983 5826 Cauone
3012 5770 3242 5830 Ordinis
3268 5775 3518 5836 Romani
3547 5797 3657 5838 seu
3687 5783 3819 5839 Gre-

2179 5851 2421 5907 goriam.
