3976 6410
161 345 250 402 343

1223 345 1309 403 ΒΕ
1345 347 1655 404 LITURGIA
1690 345 2059 402 GALLICANA
2098 349 2308 405 LIBER'
2333 349 2421 405 III.

3371 347 3472 404 346

159 450 278 523 giles
300 448 479 522 adque
521 449 804 509 sollicitos
850 453 1163 510 adventum
1209 458 1508 527 expectare
1551 453 1756 512 Christi
1777 463 1836 540 Α
1856 457 1919 510 ut
1947 452 2288 525 orationem,
2319 472 2494 529 quam
2516 454 2854 530 praecepisti,
2885 454 3076 512 dicere
3115 454 3470 524 audeamus;

159 548 258 605 Filii
295 546 371 603 tui
398 544 631 601 Domini
673 546 859 603 nostri
900 564 913 603 :
956 551 1021 603 ut
1063 547 1203 603 dum
1233 547 1455 604 venerit
1502 549 1753 621 pulsans,

156 658 252 697 non
273 639 619 696 dormientes
661 639 938 712 peccatis,
967 641 1069 697 sed
1107 641 1428 714 vigilantes,
1459 645 1518 696 et
1547 641 1606 697 in
1641 641 1756 700 suis

153 733 372 793 inveniat
393 732 660 788 laudibus
693 735 1050 802 exultantes;
1073 734 1334 807 carisque
1363 735 1589 803 nostris,
1619 752 1757 806 quo-

154 844 261 882 rum
288 825 520 881 nomina
560 825 809 883 recitata
841 829 993 896 sunt,
1033 827 1243 900 placita
1273 828 1519 900 requies,
1557 843 1754 884 secura

153 919 453 993 expectatio,
483 921 834 976 resurrectio
861 921 1188 977 desiderata
1221 921 1538 993 contingat.

784 1017 862 1069 Ad
886 1031 1092 1082 pacem.

204 1100 535 1157 Sacriﬁcium
579 1101 711 1171 tibi,
740 1103 1002 1172 Domine,
1035 1103 1450 1160 celebrandum
1497 1105 1753 1176 placatus

145 1193 349 1249 intende
391 1211 404 1249 :
443 1195 606 1266 quod
655 1197 716 1250 et
753 1213 860 1251 nos
895 1213 930 1251 a
967 1195 1118 1251 vitiis
1151 1200 1364 1252 nostra
1407 1197 1752 1253 conditionis

145 1285 406 1355 emundet,
429 1289 488 1341 et
507 1289 614 1344 tuo
643 1289 870 1344 nomini
893 1289 1100 1344 reddat
1121 1293 1403 1361 acceptos,
1421 1293 1480 1345 et
1499 1306 1752 1346 commu—
1777 1293 1788 1302 '

145 1378 322 1435 nicatio
347 1381 653 1450 prasentis
673 1381 853 1438 osculi
882 1384 1178 1454 perpetua
1213 1382 1475 1454 proﬁciat
1505 1383 1746 1438 caritati.

143 1473 229 1527 Per
253 1471 580 1530 Dominum.

693 1543 986 1594 lmmolatio
1014 1558 1174 1595 nunc.

198 1616 597 1698 Veredignum
628 1630 689 1682 et
705 1627 926 1697 justum
959 1632 1045 1688 est
1065 1646 1170 1684 nos
1189 1629 1290 1684 tibi
1321 1629 1411 1684 hic
1437 1633 1495 1684 et
1539 1629 1749 1702 ubique

141 1735 336 1791 semper
355 1719 571 1792 gratias
601 1736 800 1791 agere,
832 1721 1073 1776 Domine
1107 1725 1321 1790 sancte,
1360 1724 1531 1776 Pater
1553 1723 1746 1777 omni-

1855 549 1955 604 sed
1975 549 2110 622 quia
2129 549 2432 622 permittis,
2465 553 2522 605 et
2552 549 2791 606 dicimus
2823 566 2836 606 :
2869 551 3040 606 Pater
3080 552 3293 605 noster.

2061 649 2072 667 '
2125 647 2375 699 Collectio
2407 649 2525 712 post
2553 646 2838 702 orationem
2863 645 3206 696 Dominicam.

1921 731 2162 787 Libera‘
2196 748 2303 787 nos
2337 731 2410 787 ab
2459 731 2617 788 omni
2652 733 2805 787 malo
2849 731 3217 803 omnipotens
3255 733 3478 786 aterne

1854 823 2000 879 Deus
2022 841 2036 890 ;
2057 827 2115 879 et
2139 824 2274 896 quia
2295 825 2396 880 tibi
2423 824 2526 880 soli
2547 827 2633 880 est
2657 824 2965 896 praestandi
2983 827 3254 896 potestas,
3283 823 3472 879 tribue

1855 919 1916 970 ut
1937 917 2045 971 hoc
2069 917 2325 972 solemne
2343 917 2684 973 sacriﬁcium
2712 916 3026 972 sanctiﬁcat
3049 916 3224 972 corda
3253 918 3467 983 nostra,

1853 1007 1992 1063 dum
2033 1009 2311 1078 creditur;
2345 1010 2535 1066 deleat
2571 1013 2824 1082 peccata,
2868 1010 3008 1064 dum
3050 1009 3315 1066 sumitur.
3363 1009 3472 1064 Per

1851 1103 2016 1157 Dom.
2217 1171 2465 1222 Collectio
2499 1176 2616 1237 post
2657 1172 3095 1222 communionem.

1921 1251 2114 1306 Gratia
2143 1253 2259 1319 tua,
2289 1253 2547 1321 Domine,
2577 1270 2922 1324 quasumus,
2949 1252 3226 1325 populum
3256 1250 3469 1322 suppli-

1851 1360 1976 1398 cem
2000 1344 2284 1416 benignus
2309 1345 2584 1412 inlustra;
2617 1350 2676 1400 et
2701 1347 2985 1401 donorum
3014 1348 3247 1400 tuorum
3303 1343 3472 1414 largi-

1849 1439 1967 1492 tate
1997 1422 2364 1509 prosequere,
2397 1441 2507 1494 uta
2527 1439 2693 1494 malis
2721 1439 3003 1507 omnibus,
3030 1442 3087 1493 te
3104 1440 3466 1510 protegente,

1851 1529 2136 1598 defensos,
2171 1530 2244 1585 ad
2266 1530 2556 1586 ineffabile
2596 1531 2934 1604 mysterium
2959 1530 3288 1602 spiritaliter
3317 1529 3466 1583 cele-

1849 1621 2134 1678 brandum
2161 1625 2218 1678 et
2245 1627 2441 1680 mente
2471 1628 2828 1696 praeparetur
2853 1627 2912 1680 et
2939 1639 3201 1696 corpore.
3233 1625 3359 1679 Per.

2523 1705 2790 1778 Collectio.

140 1811 331 1878 potens,
357 1811 576 1862 aterne
603 1809 761 1862 Deus
784 1825 797 1863 :
821 1809 1229 1880 cuiprOprium
1255 1813 1342 1865 est
1361 1810 1590 1866 veniam
1613 1811 1750 1866 deli-
1767 1823 1824 1896 B
1919 1809 2170 1880 Sumptis
2196 1811 2549 1880 muneribus,
2581 1811 2844 1880 Domine,
2887 1827 3212 1883 quasumus
3241 1811 3304 1864 ut
3336 1823 3470 1863 cum

140 1902 220 1954 clis
245 1900 603 1972 impendere,
634 1917 812 1972 quam
847 1902 1153 1973 panaliter
1189 1903 1481 1958 inminire.
1515 1903 1623 1968 Qui
1662 1903 1748 1958 fa-

139 1993 323 2050 bricam
351 1993 434 2048 tui
465 1994 667 2065 operis
697 2011 805 2066 per
834 1994 1109 2050 eumdem
1141 2012 1335 2051 rursus
1369 1995 1643 2067 Lapidem
1688 2014 1749 2052 es

137 2086 372 2157 dignatus
399 2087 666 2159 erigere;
701 2103 774 2142 ne
804 2086 1023 2158 imago,
1051 2105 1178 2159 qua
1208 2089 1281 2144 ad
1311 2089 1748 2146 similitudinem

137 2178 202 2232 tui
218 2180 354 2235 facta
364 2181 555 2236 fuerat
571 2179 798 2247 vivens,
813 2179 1102 2235 dissimilis
1122 2181 1434 2237 haberetur
1452 2198 1520 2236 ex
1537 2185 1745 2250 morte,

138 2289 316 2328 munus
358 2272 600 2328 venialis
649 2272 1030 2344 indulgentia
1074 2273 1425 2344 praestitisti,
1476 2278 1538 2330 ut
1591 2276 1746 2330 unde

136 2368 350 2420 mortem
379 2369 625 2436 peccato
658 2368 1044 2432 contraxerat,
1075 2365 1212 2420 inde
1237 2366 1415 2422 vitam
1439 2366 1626 2438 pietas
1661 2385 1746 2422 re-

138 2460 334 2526 pararet
351 2458 667 2512 immensa.
693 2459 822 2512 Hac
837 2461 1146 2528 postquam
1172 2458 1508 2530 prophetica
1541 2459 1746 2531 sapius

137 2565 219 2602 vox
237 2550 503 2620 pradixit,
528 2553 592 2604 et
614 2549 890 2604 Gabrihel
903 2551 1144 2620 angelus
1159 2550 1479 2622 Mariajam
1501 2569 1746 2622 prasen-

137 2640 200 2696 tia
221 2643 494 2698 nunciavit
510 2659 524 2699 :
542 2658 688 2698 mox
711 2643 920 2696 Puella
948 2642 1236 2698 credentis
1263 2643 1324 2698 in
1345 2645 1531 2712 utero,
1559 2644 1743 2699 ﬁdelis

135 2734 274 2789 Verbi
297 2735 505 2790 mansit
533 2735 798 2806 aspirata
826 2735 1156 2806 conceptio;
1195 2737 1252 2790 et
1278 2735 1376 2791 illa
1392 2737 1582 2807 proles
1611 2754 1740 2792 nas-

136 2827 274 2882 cendi
290 2828 388 2882 sub
412 2829 540 2900 lege
566 2827 764 2894 latuit,
780 2843 908 2898 qua
922 2830 1127 2882 cuncta
1147 2844 1250 2883 suo
1263 2828 1419 2882 nasci
1449 2833 1592 2884 nutu
1613 2846 1743 2885 con-

136 2915 918 2986 cessit.TumebaturVirginis
934 2914 1110 2982 sinus,
1135 2918 1192 2970 et
1213 2915 1583 2972 facunditate
1617 2933 1742 2972 suo-

135 3025 242 3063 rum
275 3008 552 3065 viscerum
589 3005 790 3081 335
832 3023 1040 3086 corpus
1083 3006 1403 3062 mirabatur
1437 3007 1736 3064 intactum.

132 3100 326 3156 Grande
337 3101 558 3156 mundo
573 3099 978 3172 spondebatur
989 3099 1280 3167 auxilium,
1300 3093 1530 3155 femina
1542 3104 1740 3173 partus

1847 1907 2310 1978 frequentatione
2338 1908 2593 2006 mystery
2625 1911 2842 1964 crescat
2867 1911 3077 1964 nostra
3111 1907 3306 1962 salutis
3335 1905 3468 1961 affe-

1849 2003 1991 2054 ctus.
2023 2001 2149 2054 Per.

2389 2069 2691 2122 Benedictio
2723 2071 2922 2135 populi.

1917 2154 2161 2224 Gregem
2184 2157 2371 2222 tuum,
2399 2157 2600 2210 Pastor
2625 2156 2798 2224 bone,
2831 2155 3086 2226 placatus
3127 2151 3384 2219 intende,
3413 2153 3472 2204 et

1847 2263 1997 2314 oves,
2031 2263 2172 2317 quas
2201 2246 2391 2321 336
2413 2249 2664 2320 pretioso
2691 2247 2975 2318 sanguine
3021 2245 3145 2302 Filii
3181 2244 3263 2300 tui
3301 2243 3466 2298 rede-

1845 2339 2018 2406 misti,
2047 2337 2330 2395 diabolica
2361 2357 2480 2396 non
2508 2341 2660 2395 sinas
2699 2340 3027 2396 incursione
3053 2337 3312 2394 lacerari.
3339 2337 3464 2391 Per.

2427 2439 2555 2486 Item
2567 2436 2882 2487 benedictio.

1913 2522 2112 2574 Preces
2137 2520 2331 2592 populi
2377 2521 2479 2588 tui,
2507 2538 2833 2592 quasumus
2861 2519 3120 2586 Domine,
3153 2519 3468 2572 clementer

1844 2611 2076 2678 exaudi;
2107 2615 2168 2666 ut
2196 2613 2294 2684 qui
2325 2613 2397 2667 de
2430 2613 2684 2667 adventu
2725 2611 3014 2684 Unigeniti
3041 2610 3122 2665 tui
3153 2608 3467 2664 secundum

1841 2721 2074 2759 carnem
2103 2706 2390 2774 latantur,
2417 2705 2476 2760 in
2503 2706 2775 2774 secundo,
2801 2722 2935 2760 cum
2955 2703 3178 2759 venerit
3204 2703 3263 2756 in
3293 2701 3468 2772 maje-

1841 2798 1986 2851 state
2015 2814 2135 2864 sua,
2166 2797 2470 2868 praemium
2516 2801 2747 2852 aeterna
2775 2797 2906 2852 vitae
2930 2795 3268 2868 percipiant.
3301 2791 3466 2858 Quod

1839 2889 1959 2961 ipse
1985 2893 2259 2962 prastare
2291 2889 2579 2961 dignetur,
2613 2891 2710 2962 qui
2738 2890 2810 2944 vi.

1981 3001 2066 3055 VI.
2113 3017 2378 3056 PREFA'I'IO
2415 3018 2484 3056 AD
2523 3017 2796 3057 VESPERUM
2834 3017 3055 3056 NATALIS
3094 3014 3304 3053 DOMINI.

1908 3107 2072 3171 Deus,
2097 3104 2195 3175 qui
2215 3104 2478 3160 omnium
2499 3105 2852 3160 mirabilium
2880 3107 2936 3158 et
2959 3103 3233 3158 virtutum
3256 3099 3380 3173 pius
3406 3115 3466 3154 es

133 3193 232 3248 sine
253 3194 364 3250 viro
385 3193 758 3268 mysterium,
777 3192 1010 3264 quando
1039 3192 1248 3247 nullius
1268 3194 1507 3248 macula
1529 3195 1740 3250 nebula
1759 3179 1814 3254 C
1839 3196 2076 3251 effector
2099 3213 2113 3263 ;
2139 3196 2238 3268 qui
2264 3197 2463 3252 omnia
2485 3197 2694 3252 auxilia
2715 3201 2915 3252 contra
2933 3195 3232 3251 audaciam
3253 3189 3467 3250 inimici

132 3286 319 3342 fuscata
337 3290 500 3342 tenso
515 3285 823 3342 nutriebat
837 3288 1036 3340 ventre
1049 3284 1386 3356 praeordia,
1402 3302 1535 3341 mox
1554 3287 1748 3343 futura

130 3378 198 3432 sui
226 3379 460 3451 genitrix
488 3377 805 3436 Genitoris.
837 3379 946 3432 Per
973 3393 1147 3449 quem
1175 3393 1380 3432 omnes
1406 3379 1618 3450 angeli.

583 3473 844 3525 Collectio
869 3477 988 3539 post
1011 3475 1251 3526 Sanctus.

187 3561 313 3616 Vere
353 3565 607 3629 sanctus,
633 3575 770 3614 vere
800 3559 1156 3626 benedictus,
1185 3559 1432 3614 Domine
1463 3561 1613 3615 Deus
1635 3562 1740 3616 Pa-

128 3657 201 3706 ter
229 3654 612 3726 omnipotens,
649 3653 805 3707 salus
827 3651 1206 3719 credentium,
1253 3655 1311 3706 et
1347 3652 1613 3707 omnium
1639 3653 1742 3708 Re-

127 3745 370 3819 demptor
409 3747 468 3802 in
517 3746 773 3802 Christo.
816 3745 924 3800 Per
957 3761 1130 3816 quem
1167 3747 1225 3799 te
1269 3745 1652 3816 deprecamur
1685 3749 1742 3801 et

126 3855 445 3909 quasumus,
468 3843 534 3894 ut
572 3840 731 3894 hanc
775 3836 1130 3892 oblationem
1168 3840 1396 3908 gratam
1429 3837 1617 3909 adque
1644 3855 1736 3894 ac-

123 3937 438 4009 ceptabilem
463 3937 782 4008 suscipere,
810 3933 1155 3989 benedicere
1183 3951 1246 3988 ac
1279 3935 1636 3991 sanctiﬁcare
1661 3936 1738 3992 di-

124 4031 327 4098 gneris:
355 4047 533 4103 quam
557 4028 667 4084 tibi
701 4027 996 4084 offerimus
1020 4043 1126 4099 pro
1151 4045 1292 4100 pace
1317 4028 1581 4084 Ecclesia
1601 4031 1735 4097 tua,

121 4133 211 4189 pro
249 4120 616 4175 sacerdotum
663 4119 899 4171 tuorum
935 4119 992 4170 et
1035 4115 1433 4171 ministrorum
1473 4116 1748 4172 omnium.

122 4211 362 4282 puritate,
383 4229 490 4284 pro
524 4212 684 4266 statu
719 4208 830 4264 loci
859 4208 1030 4280 hujus
1059 4208 1249 4280 adque
1281 4199 1542 4264 omnium
1579 4210 1738 4265 habi-

121 4304 342 4360 tantium
387 4306 447 4360 in
495 4322 590 4372 eo,
651 4317 757 4374 pro
790 4301 938 4356 votis
979 4301 1351 4370 adstantium,
1393 4305 1452 4357 et
1477 4302 1734 4358 omnium

120 4397 658 4454 commemoratione
685 4397 1038 4461 sanctorum,
1068 4411 1134 4450 ac
1160 4411 1264 4465 pro
1291 4395 1488 4467 requie
1528 4395 1733 4450 defun-

1845 3288 1964 3360 ipse
1985 3289 2349 3344 credentibus
2373 3293 2637 3362 praestas;
2671 3291 2768 3361 qui
2801 3291 3032 3345 Sarram
3057 3287 3331 3354 stelirem,
3358 3287 3468 3339 An-

1844 3397 1981 3436 nam
1999 3381 2070 3437 de
2087 3382 2444 3438 successione
2463 3382 2808 3449 tristantem,
2833 3382 3020 3452 adque
3038 3379 3363 3436 Helisabeth
3385 3394 3466 3432 se-

1844 3477 2069 3528 nectute
2085 3477 2415 3546 provectam
2435 3478 2764 3530 sanctorum
2784 3473 3104 3530 hereditate
3117 3470 3342 3538 dedisti,
3356 3469 3466 3524 sin-

1843 3566 1989 3637 gulis
2016 3566 2324 3638 pramium
2353 3570 2551 3638 partus
2579 3567 2638 3621 in
2667 3567 3022 3622 successione
3048 3565 3370 3630 restituens,
3401 3565 3466 3617 ut

1841 3661 1998 3714 Isaac
2019 3659 2428 3714 admoveretur
2453 3660 2868 3726 holocaustum,
2891 3657 3163 3714 Samuhel
3191 3657 3465 3711 clamare-

1840 3753 1933 3804 tur
1958 3750 2017 3804 in
2047 3751 2284 3822 templo,
2314 3751 2606 3806 Iohannes
2632 3751 2950 3822 profetaret
2979 3766 3045 3804 ex
3075 3753 3258 3803 utero.
3293 3750 3460 3816 Deus,

1839 3843 1937 3914 qui
1963 3844 2336 3898 excellentem
2365 3843 2612 3914 gloriam
2651 3843 2916 3899 novitatis
2941 3842 3269 3908 ostendens,
3291 3857 3464 3912 supra

1838 3935 1986 3991 hanc
2002 3935 2463 4007 magnitudinem
2485 3953 2660 4008 quam
2673 3936 2899 3992 donasti
2920 3935 3185 3991 omnibus
3198 3933 3460 4000 terrenis,

1839 4031 1896 4082 et
1925 4028 2080 4100 quod
2110 4031 2234 4083 erat
2256 4028 2560 4100 pretiosius
2593 4028 2894 4100 prastasti,
2937 4031 3002 4082 ut
3044 4043 3149 4098 per
3186 4025 3461 4098 Spiritum

1837 4124 2096 4176 sanctum
2121 4121 2265 4175 servi
2291 4137 2498 4192 sponsa
2521 4122 2866 4193 conciperet,
2899 4125 2957 4175 et
2979 4120 3236 4192 paritura
3267 4119 3460 4176 Domi-

1837 4230 1975 4268 num
2000 4231 2165 4269 suum
2187 4213 2346 4286 virgo
2370 4214 2547 4270 Maria
2571 4217 2863 4286 portaret;
2896 4217 2955 4268 et
2969 4229 3072 4284 per
3093 4230 3223 4268 eam
3243 4214 3461 4268 Lumen

1835 4309 2024 4363 saeculi
2048 4310 2268 4375 natum,
2300 4309 2508 4378 angelo
2539 4307 2850 4362 nunciante
2889 4307 3232 4378 pastoribus,
3256 4305 3458 4361 sollici-

1833 4401 1971 4456 tudo
1991 4399 2302 4472 cognoscit;
2325 4399 2687 4455 offerendum
2705 4416 2839 4454 eum
2857 4399 2916 4454 in
2934 4400 3251 4454 Jerusalem
3275 4402 3463 4454 mater

121 4491 342 4558 ctorum,
374 4507 480 4564 per
517 4491 713 4562 ipsum
751 4486 1066 4542 Dominum
1091 4490 1372 4542 nostrum.
1405 4487 1513 4552 Qui
1546 4478 1732 4560 pridie
1757 4536 1808 4564 η
1833 4493 2066 4548 adducit
2086 4510 2099 4559 ;
2117 4495 2366 4563 Symeon
2391 4509 2623 4564 quoque
2651 4492 2709 4546 in
2741 4509 2918 4546 manu
2939 4508 3042 4545 sua
3062 4508 3195 4546 eum
3217 4490 3463 4561 suscepit

118 4599 271 4652 quam
297 4601 399 4656 pro
425 4585 633 4640 nostra
652 4584 712 4636 et
738 4579 999 4636 omnium
1022 4581 1205 4635 salute
1227 4581 1352 4651 pati
1373 4580 1727 4652 dignaretur.

595 4673 851 4726 Collectio
874 4677 994 4738 post
1017 4677 1236 4725 secreta.

172 4763 502 4832 Descendat,
556 4775 888 4835 precamur,
935 4759 1304 4830 omnipotens
1345 4760 1512 4828 Deus,
1559 4765 1734 4836 super

115 4853 238 4920 hac,
269 4872 392 4928 qua
416 4854 540 4927 .tibi
588 4853 906 4919 offerimus,
938 4852 1186 4908 Verbum
1226 4856 1390 4908 tuum
1429 4856 1730 4921 sanctum;

113 4947 403 5005 descendat
442 4945 869 5005 inastimabilis
913 4945 1110 5016 gloria
1136 4949 1250 5000 tua
1286 4945 1562 5017 Spiritus;
1603 4947 1731 5002 des-

112 5042 301 5097 cendat
345 5043 606 5116 antiqua
645 5037 1025 5110 indulgentia
1076 5042 1188 5094 tua
1233 5039 1472 5107 donum,
1518 5043 1582 5094 ut
1632 5041 1735 5096 ﬁat

112 5135 304 5192 oblatio
347 5137 470 5192 hac
506 5135 708 5192 Hostia
749 5133 1021 5206 spiritalis
1056 5133 1118 5187 in
1159 5132 1399 5188 odorem
1441 5132 1731 5188 suavitatis

113 5229 569 5300 accepta;etiam
618 5243 725 5282 nos
767 5227 1020 5282 famulos
1061 5229 1190 5280 tuos
1235 5241 1342 5296 per
1387 5225 1729 5296 sanguinem

113 5320 298 5380 Christi
327 5325 426 5378 tua
454 5337 670 5377 manus
695 5318 908 5374 invicta
929 5318 1228 5374 custodiat.
1262 5319 1370 5372 Per
1397 5318 1725 5375 Dominum.

357 5427 616 5480 Collectio
644 5429 766 5477 ante
793 5424 1082 5475 orationem
1102 5421 1450 5474 Dominicam.

171 5511 656 5569 Conscientiarum
706 5512 1036 5566 nostrarum
1087 5524 1281 5564 errore
1321 5507 1586 5578 suspecti,
1642 5509 1730 5562 vel

109 5609 454 5672 peccatorum
480 5603 894 5661 recordatione
915 5601 1154 5669 confusi,
1173 5599 1726 5671 omnipotensgDeus,

110 5695 357 5770 indignos
370 5717 476 5756 nos
489 5699 567 5754 ad
580 5694 1011 5754 invocationem
1027 5694 1108 5750 tui
1124 5690 1726 5764 nominisjudicamus,

173 5856 193 5884 '
218 5857 428 5915 Eadem
459 5857 650 5915 oratio
675 5855 740 5913 in
765 5853 940 5912 missa
965 5856 1032 5909 '75
1061 5851 1294 5911 Missalis
1317 5849 1560 5922 Gothici,
1600 5866 1788 5924 supra.

1751 4536 1810 4608 D

1833 4587 2020 4658 adque
2045 4584 2338 4640 benedixit
2361 4601 2373 4651 ;
2403 4588 2462 4638 et
2481 4585 2779 4656 prolata-in
2795 4583 3030 4655 jejuniis
3047 4585 3216 4638 Anna
3233 4583 3461 4638 conlau-

1831 4674 1958 4742 dat;
1991 4689 2096 4744 per
2123 4673 2362 4728 calestis
2395 4672 2674 4727 exercitus
2700 4671 3054 4744 praconium
3081 4671 3347 4726 clamoris
3372 4687 3462 4726 ex-

1829 4765 1996 4834 tollit,
2027 4765 2258 4820 dicens:
2287 4764 2476 4820 Gloria
2504 4764 2564 4819 in
2593 4764 2829 4820 excelsis
2856 4767 2972 4820 Deo
3001 4767 3059 4819 et
3086 4764 3145 4819 in
3169 4767 3326 4819 terra
3349 4780 3460 4834 pax

1830 4857 2162 4914 hominibus
2186 4859 2354 4914 bona
2377 4857 2701 4913 voluntatis.
2726 4857 2995 4928 Etmagis
3022 4858 3186 4911 stella
3204 4856 3334 4911 novi
3356 4857 3461 4910 ful-

1831 4952 1986 5024 goris
2005 4951 2255 5007 innotuit
2282 4951 2496 5006 mirum
2512 4950 2572 5005 in
2593 4950 2890 5006 nativitate
2917 4949 3274 5020 mysterium,
3305 4965 3460 5004 crea-

1831 5049 1974 5100 tura
1995 5045 2270 5100 Dominus
2291 5044 2565 5099 adoratur
2589 5060 2602 5110 ;
2623 5043 2681 5097 in
2700 5059 2941 5098 munere
2965 5057 3170 5096 aurum
3199 5041 3456 5108 oﬁ'ertur;

1830 5155 1944 5193 uno
1971 5138 2221 5208 denique
2265 5138 2564 5191 momento
2591 5151 2860 5206 regnum,
2889 5134 3252 5203 sacriﬁcium,
3279 5135 3464 5206 sepul-

1830 5233 1978 5298 tura,
2007 5231 2195 5302 adque
2219 5229 2416 5284 omnia
2433 5231 2694 5300 tempore
2713 5244 2814 5283 suo
2833 5227 3058 5284 ratione
3075 5229 3460 5300 complentur;

1830 5319 2050 5374 diverso
2083 5318 2242 5389 apice
2265 5317 2586 5372 litterarum
2606 5317 2663 5371 in
2687 5317 2915 5372 titulum
2932 5317 3228 5389 dignitatis
3248 5317 3462 5372 Pilatus

1829 5410 2196 5484 obsequitur:
2245 5413 2302 5464 et
2341 5409 2462 5481 ipse
2502 5426 2607 5480 pro
2645 5409 2810 5465 nobis
2847 5410 3042 5467 Hostia
3095 5410 3244 5479 viva,
3269 5413 3334 5465 ut
3356 5427 3461 5464 nos

1830 5506 2074 5559 salvaret
2111 5503 2376 5570 offertur;
2408 5519 2513 5574 per
2539 5503 2752 5575 Joseph
2784 5505 3077 5575 sepultura
3116 5503 3297 5558 sancti
3331 5519 3455 5558 cor-

1828 5598 1983 5670 poris
2008 5597 2368 5668 impetratur.
2401 5597 2716 5669 lmplentur
2737 5612 2876 5668 ergo
2913 5596 3140 5663 omnia;
3167 5612 3232 5650 ac
3259 5611 3364 5649 nos
3385 5593 3457 5646 de

1827 5689 2186 5762 plenitudine
2199 5690 2322 5762 ejus
2343 5688 2564 5762 impleti
2582 5706 2797 5758 sumus,
2813 5693 2872 5746 et
2888 5689 3194 5762 accipimus
3204 5684 3446 5758 gratiam
