3976 6424
461 363 560 424 347

1232 363 1564 424 APPENDIX
1599 363 1687 421 AD
1727 363 1947 421 OPERA
1984 360 2218 419 SANCTI
2253 361 2552 420 GERMANI
2590 360 3017 420 PARJSIENSIS.
3727 360 3850 418 348

458 492 564 552 pro
592 475 794 550 gratia.
828 475 1141 550 Implentur
1169 491 1308 548 ergo
1339 473 1540 532 omnia
1563 473 1848 542 laudibus,
1879 472 2081 529 caelum
2103 483 2162 559 Α
2213 473 2348 530 VIII.
2388 489 2514 531 nam
2552 487 2749 531 onum
2788 487 2843 531 IN
2881 487 3045 530 manu
3087 484 3266 530 nocua
3305 483 3531 529 unus
3572 483 3808 530 bonum.

460 575 517 627 et
542 575 694 627 terra
708 571 883 643 signis
903 575 960 626 et
985 569 1289 643 prodigiis;
1315 573 1374 626 et
1396 569 1517 643 ipse
1537 568 1747 625 inferni
1770 566 2082 623 terroribus

459 669 771 725 descendit.
793 672 901 725 Per
924 669 1112 742 ipsum
1132 668 1400 724 inimicus
1425 667 1720 735 occiditur,
1743 664 2082 721 resurrectio

456 763 515 818 in
547 779 714 818 carne
765 766 1136 830 monstratur,
1184 763 1330 818 liber
1357 761 1483 817 vitae
1509 759 1780 833 perennis
1807 757 2080 830 aperitur.

454 857 764 912 Veniamus
793 874 931 928 ergo
975 857 1048 912 ad
1078 873 1211 911 eum
1237 872 1458 923 omnes,
1489 853 1585 926 qui
1622 851 1845 908 onerati
1886 868 2084 906 sumus

455 952 722 1023 peccatis,
769 952 904 1022 quia
929 951 1138 1021 jugum
1185 949 1305 1020 ejus
1345 949 1627 1014 sanetum,
1670 962 1860 1012 suave,
1894 945 2083 1016 adque

456 1061 602 1100 onus
618 1045 741 1116 ejus
763 1045 884 1099 leve
914 1046 1016 1098 est.
1057 1044 1236 1097 Nemo
1267 1040 1541 1096 formidet
1574 1041 1661 1094 vel
1689 1037 1928 1094 dubitet.
1958 1039 2083 1094 Non

456 1141 755 1193 taurorum
775 1140 871 1192 aut
886 1135 1176 1191 hircorum
1193 1133 1426 1205 sanguis
1441 1132 1744 1205 expetitur,
1759 1131 1860 1186 sed
1872 1130 1930 1186 in
1953 1129 2085 1186 sim-

456 1231 706 1303 plicitate
729 1229 918 1304 337
949 1229 1136 1283 cordis
1160 1226 1503 1283 sacriﬁcium
1530 1225 1716 1280 laudis
1741 1225 2080 1296 postulatur.

458 1326 585 1380 Ηωο
618 1341 756 1395 ergo
783 1325 932 1378 Deus
962 1323 1021 1376 in
1049 1321 1234 1390 nobis,
1267 1321 1341 1376 ad
1369 1320 1634 1376 nationes
1659 1319 1962 1373 nationum
1989 1333 2080 1372 ce-

457 1417 899 1473 lebratissimam
945 1419 1198 1484 noctem,
1232 1415 1292 1469 id
1322 1416 1408 1469 est
1430 1413 1798 1469 Nativitatem
1825 1411 1950 1466 Filii
1975 1409 2082 1478 sui,

456 1513 797 1584 propitiatus
829 1511 993 1568 nobis
1021 1511 1358 1582 indulgeat;
1389 1509 1706 1564 sanetifieet
1730 1506 2041 1562 Ecclesiam
2066 1522 2081 1573 ;

458 1606 702 1662 azdificet
727 1605 1054 1662 sacerdotes
1071 1607 1097 1636 ⁸
1122 1621 1136 1672 ;
1165 1605 1376 1658 exaltet
1394 1602 1679 1668 seniores;
1710 1600 1976 1655 inlustret
1998 1601 2080 1654 le-

455 1701 625 1767 vitas;
658 1700 964 1755 benedicat
1005 1699 1283 1770 populum
1331 1713 1526 1763 suum;
1555 1693 1853 1765 extinguat
1885 1691 2084 1748 omnia

456 1797 691 1866 peccata
717 1797 910 1849 nostra
935 1809 948 1861 ;
977 1792 1156 1848 vitam
1186 1795 1462 1847 aeternam
1483 1803 1926 1860 consequamur.
1953 1787 2080 1841 Per.

923 1885 1173 1936 Collectio
1215 1898 1356 1934 nune
1390 1882 1622 1946 seQuitur

526 1958 846 2014 Sublimem
868 1956 1172 2012 inetfabilis
1199 1954 1523 2010 clementia:
1550 1955 1856 2008 Rectorem
1878 1949 2085 2006 annuis

457 2051 964 2123 supplicationibus
987 2050 1048 2104 in
1081 2050 1188 2104 hac
1213 2047 1538 2120 vespertina
1558 2062 1748 2119 prece,
1773 2045 1979 2099 fratres
2005 2042 2084 2098 di-

455 2144 767 2210 lectissimi,
793 2143 966 2198 unitis
987 2143 1198 2197 animis
1220 2142 1617 2213 deprecemur,
1642 2143 1702 2194 ut
1719 2138 1884 2194 nobis
1906 2140 2087 2191 trans-

459 2238 572 2291 acti
628 2236 906 2308 temporis
955 2237 1233 2291 hactenus
1273 2234 1465 2289 debita
1529 2234 1733 2299 donet,
1775 2247 2083 2303 superven-

455 2334 601 2385 tura
636 2331 818 2385 noctis
852 2329 1300 2385 sollemnitatem
1329 2328 1541 2383 Natalis
1572 2327 1693 2382 Filii
1729 2326 1815 2380 sui
1857 2341 2089 2396 prOSpe-

460 2441 586 2479 ram
613 2427 865 2495 praestet,
890 2423 1178 2478 assiduam
1207 2422 1380 2478 futuri
1409 2421 1544 2477 anni
1564 2421 1593 2462 ι)
1621 2418 1941 2475 custodiam
1962 2418 2089 2472 red-

459 2517 576 2585 dat,
609 2517 682 2571 ad
712 2520 944 2571 aeternus
970 2517 1096 2570 vitae
1118 2515 1328 2588 gaudia
1350 2514 1590 2586 spiritali
1623 2511 1960 2568 defensione
1982 2527 2087 2566 nos

457 2609 734 2681 perducat
760 2613 1012 2665 orantes.
1047 2611 1156 2664 Per
1182 2608 1520 2664 Dominum.

1015 2703 1156 2753 Colle
1163 2701 1264 2752 etio
1279 2700 1526 2764 sequitur.

531 2775 684 2845 Rege
717 2792 842 2842 nos,
874 2773 1134 2840 Domine,
1168 2772 1402 2828 brachio
1451 2775 1550 2826 tuo
1581 2771 1822 2835 excelso,
1851 2771 1909 2821 et
1952 2783 2086 2822 eon-

457 2883 618 2920 serva
649 2883 754 2920 nos
777 2883 882 2937 per
904 2867 1156 2920 alternas
1182 2865 1407 2920 dierum
1437 2867 1494 2917 et
1518 2866 1850 2932 temporum
1877 2876 2093 2914 succes-

458 2959 682 3026 siones;
729 2962 791 3012 ut
839 2957 1020 3029 adjuti
1079 2960 1407 3011 sanctorum
1458 2955 1740 3027 precibus,
1793 2951 1888 3024 qui
1935 2952 2088 3006 diem

459 3053 612 3106 hunc
642 3069 746 3122 per
789 3068 998 3105 munus
1035 3049 1444 3104 misericordia:
1482 3051 1596 3102 tum
1635 3045 1919 3112 duximus,
1954 3061 2090 3100 noc-

458 3149 579 3199 tem
613 3160 844 3215 quoque
875 3143 1044 3198 istam
1086 3142 1356 3214 placitam
1384 3141 1488 3196 tibi
1519 3139 1847 3196 animarum
1875 3141 1933 3193 et
1965 3155 2090 3193 cor-

460 3255 667 3309 porum
695 3238 944 3309 puritate
967 3237 1260 3291 ducamus.
1289 3237 1397 3290 Per
1421 3234 1748 3290 Dominum.

461 3332 569 3396 VII.
619 3357 884 3397 INCIPIL'NT
921 3356 1218 3394 omrroxes
1266 3356 1333 3394 AD
1385 3353 1587 3393 INITIL‘M
1638 3351 1821 3393 NOCTIS
1871 3351 2091 3390 unus

861 3427 1070 3465 DOMINI.
1106 3427 1220 3464 ISTA
1259 3427 1327 3464 AD
1367 3424 1700 3463 DI'ODECIMA.

533 3504 632 3560 Dei
663 3503 842 3560 Patris
887 3504 1302 3575 omnipotentis
1333 3503 1519 3556 vivum
1563 3501 1815 3555 Verbum
1864 3503 1940 3565 te,
1987 3499 2094 3553 Do-

461 3597 617 3653 mine
635 3599 765 3653 .lesu
783 3598 1024 3664 Christe,
1050 3598 1432 3668 deprecamur
1453 3598 1758 3661 aeternum,
1788 3592 1867 3647 uti
1897 3608 2002 3647 nos
2032 3592 2090 3646 in

459 3692 570 3746 ﬁde
601 3691 681 3746 tui
701 3691 952 3746 nominis
973 3691 1210 3746 robores
1233 3707 1338 3761 per
1362 3689 1481 3760 spei
1500 3685 2006 3759 perseverantiam,
2037 3688 2095 3738 et

457 3785 710 3840 caritatis
748 3783 1178 3849 excellentiam;
1221 3798 1506 3838 renovans
1549 3783 1748 3835 nostra
1783 3779 1841 3834 in
1887 3777 2092 3832 melius

459 3877 762 3945 desideria,
795 3881 858 3931 ut
887 3893 1118 3947 semper
1144 3876 1202 3930 in
1228 3876 1382 3930 bono
1423 3874 1878 3944 perseverantes,
1912 3874 1966 3925 te
1997 3869 2091 3941 pio

459 3988 626 4024 sensu
649 3970 996 4040 intelligere,
1029 3972 1088 4022 et
1113 3969 1328 4022 mundo
1359 3967 1531 4021 corde
1557 3965 1750 4020 videre
1789 3964 2089 4036 possimus:

459 4064 556 4133 qui
583 4081 649 4116 ex
679 4066 840 4117 utero
871 4066 1005 4116 ante
1033 4061 1333 4115 luciferum
1366 4062 1608 4130 paterno
1635 4061 1803 4112 natus
1834 4057 2090 4111 ineffabi-

461 4156 608 4221 liter,
646 4156 794 4209 Deus
834 4155 904 4208 de
931 4157 1066 4220 Deo,
1103 4171 1246 4207 unus
1263 4153 1332 4207 de
1366 4169 1500 4218 uno,
1539 4152 1736 4205 lumen
1777 4151 1847 4204 de
1874 4150 2092 4204 lumine

460 4249 530 4302 de
549 4247 904 4319 sempiterno
922 4248 1088 4302 Patre
1107 4249 1423 4302 coasternus
1444 4245 1634 4299 Filius.
1649 4247 1791 4301 Cum
1813 4261 1925 4315 quo
1949 4261 2094 4298 sem-

461 4357 565 4412 per
583 4344 640 4395 et
659 4341 872 4412 Spiritu
899 4344 1096 4395 sancto
1118 4340 1176 4394 in
1199 4339 1598 4410 splendoribus
1620 4341 1947 4393 sanctorum
1971 4336 2092 4392 sine

461 4435 742 4506 principio
768 4438 827 4488 et
848 4434 970 4488 sine
999 4434 1112 4488 ﬁne
1131 4450 1341 4504 regnas
1363 4436 1420 4486 et
1443 4449 1752 4503 permanes
1773 4432 1832 4486 in
1866 4431 2090 4486 saecula.

1018 4525 1268 4578 Collectio
1283 4526 1532 4589 sequitur.

525 4599 764 4656 Mirabili
816 4600 1025 4656 iterum
1080 4603 1444 4656 sacramento
1486 4597 1786 4654 nobiseum
1833 4597 1981 4652 Deus
2014 4596 2164 4672 abD

458 4693 680 4764 angelis
708 4695 1050 4748 Emmanuel
1079 4693 1429 4760 nominatus,
1462 4692 1632 4747 Filius
1675 4689 1945 4757 hominis,
1977 4690 2088 4745 hoc

457 4791 542 4842 est
569 4787 757 4842 Mariae
779 4787 1032 4859 virginis,
1059 4790 1220 4843 Jesus
1247 4786 1499 4842 nasceris
1525 4785 1582 4840 in
1605 4786 1848 4840 salutem
1892 4782 2088 4855 populi

457 4881 558 4948 tui;
581 4880 638 4935 in
669 4881 829 4952 cujus
857 4897 1102 4936 numero
1133 4897 1238 4935 nos
1268 4896 1390 4934 esse
1423 4879 1513 4950 pie
1537 4877 1779 4933 Domine
1807 4876 2088 4932 concedas

456 4974 697 5042 Christe,
728 4975 889 5046 cujus
918 4973 1132 5029 Natalis
1157 4974 1405 5028 salutare
1428 4970 1768 5042 mysterium
1799 4969 2090 5026 celebran-

455 5069 560 5134 tes,
593 5067 652 5122 iu
680 5068 863 5123 noctis
890 5067 1060 5138 hujus
1089 5083 1318 5137 magnae
1344 5065 1508 5120 initio
1531 5063 1812 5136 primitias
1856 5079 2088 5135 precum

457 5160 571 5214 acsi
602 5159 929 5227 offerentes,
953 5177 1228 5230 rogamus
1255 5159 1336 5214 tui
1361 5157 1615 5214 nominis
1645 5157 1760 5212 vim
1797 5158 2087 5212 nascendo

461 5252 624 5307 nobis
657 5269 886 5324 quoque
921 5251 955 5308 ὰ
994 5251 1190 5326 338
1226 5256 1282 5308 te
1320 5252 1540 5320 donari,
1576 5252 1838 5308 Salvator
1863 5250 2086 5306 mundi.

462 5348 568 5413 Qui
600 5348 752 5403 vivis.

525 5481 551 5510 ⁸
592 5475 930 5548 Sacerdotes,
981 5476 1036 5530 id
1078 5480 1162 5530 est
1200 5476 1536 5548 episcopos;
1581 5475 1833 5540 seniores,
1887 5471 1945 5528 id
2005 5476 2092 5548 est

459 5545 839 5630 presbyteros:
863 5547 1066 5630 supra,
1107 5548 1166 5603 in
1196 5545 1424 5630 Missali.
1445 5547 1814 5630 Francorum,
1842 5560 2000 5598 num.
2019 5547 2088 5629 .8,

459 5616 554 5670 ubi
597 5616 666 5671 de
712 5616 1074 5675 ordinatione
1111 5616 1449 5690 presbyteri,
1474 5616 1667 5687 probet
1691 5629 1746 5671 se
1773 5629 1880 5671 esse
1895 5618 2088 5672 ἐδηίο-

461 5705 570 5742 rem
579 5729 590 5742 .

530 5759 556 5799 ι)
585 5758 864 5814 Nimirum
895 5760 1232 5830 quianovus
1260 5775 1446 5830 annus
1476 5775 1509 5830 a
1539 5757 1634 5830 die
1665 5758 1962 5828 sequente,
1993 5756 2091 5810 sei-

463 5830 594 5883 licet
619 5847 652 5883 a
677 5831 862 5884 Natali
889 5829 1134 5895 Domini,
1165 5832 1300 5883 tunc
1333 5829 1663 5899 incipiebat.

531 5913 550 5940 ε
590 5900 857 5956 Scrutinii
883 5900 1035 5957 tertii
1058 5917 1190 5973 pars
1211 5903 1316 5972 est,
1347 5898 1501 5974 quod
1527 5898 1702 5956 fiebat
1729 5898 1867 5954 olim
1891 5901 2094 5972 quarta

2111 3222 2166 3296 C

2251 579 2325 633 Te
2379 594 2632 644 oramus,
2689 576 2928 632 Domine
2973 579 3169 631 sancte
3213 576 3383 630 Pater
3429 572 3851 647 omnipotens,

2182 679 2395 731 aeterne
2425 676 2593 744 Deus,
2622 674 2681 730 in
2707 675 2814 730 hac
2858 676 3028 729 nocte
3073 673 3293 729 Natalis
3315 671 3439 728 Filii
3465 670 3581 739 tui;
3617 671 3850 728 noctis-

2183 786 2296 840 que
2324 767 2531 824 medize
2554 771 2813 840 tempore
2855 768 2956 823 tibi
2979 767 3345 835 adsistentes,
3379 782 3739 838 quaesumus,
3779 768 3852 822 ut

2183 861 2328 918 sicut
2355 861 2846 935 separastilucem
2887 879 2921 916 a
2967 859 3240 916 tenebris.
3284 902 3298 915 .
3336 901 3349 914 .
3395 901 3408 915 .
3457 901 3470 914 .
3516 901 3530 914 .
3575 900 3590 915 .
3638 900 3652 914 .
3699 901 3712 914 .
3763 900 3778 914 .
3831 900 3846 914 .

2187 996 2199 1010 .
2245 997 2258 1010 .
2302 997 2314 1010 .
2359 997 2373 1011 .
2418 997 2432 1010 .
2473 959 2542 1012 Et
2565 956 2650 1011 hic
2675 955 2867 1011 desunt
2889 956 3053 1023 folia.

2508 1059 2590 1113 IX.
2621 1075 2691 1114 an
2730 1073 3035 1115 FACIENDUM
3065 1069 3088 1099 ο
3121 1071 3471 1114 senurmwn.

2184 1231 2258 1286 da
2284 1230 2364 1285 illi
2391 1230 2850 1285 misericordiam
2876 1233 3037 1285 tuam
3063 1232 3121 1284 et
3150 1229 3452 1302 pietatem,
3483 1245 3590 1302 per
3622 1228 3852 1284 lavacri

2183 1323 2708 1396 regenerationem,
2744 1323 2960 1396 perduc
2995 1340 3130 1378 eum
3178 1323 3253 1378 ad
3297 1323 3550 1394 gratiam
3599 1321 3852 1393 spirita-

2183 1419 2320 1486 lem,
2370 1420 2434 1472 ut
2478 1417 2776 1472 nobiscum
2825 1417 3042 1489 pariter
3085 1415 3187 1471 tibi
3223 1416 3472 1472 Domino
3511 1418 3632 1472 Deo
3680 1414 3852 1472 Patri

2185 1511 2572 1581 omnipotenti
2615 1510 2814 1566 laudes
2861 1512 2920 1565 et
2950 1509 3166 1581 gratias
3195 1511 3450 1565 referat:
3486 1509 3670 1564 induc
3702 1525 3850 1564 eum

2183 1607 2242 1660 in
2271 1605 2364 1658 via
2398 1604 2672 1672 veritatis,
2711 1603 2852 1658 doce
2891 1619 3026 1658 eum
3070 1603 3518 1674 justiﬁeationes
3547 1607 3701 1659 tuas.
3729 1605 3853 1660 Per

2183 1697 2520 1755 Dominum.

2669 1770 2728 1823 X.
2759 1783 2958 1825 INCIPIT
2995 1783 3356 1825 sxoncxsuus.

2107 1857 2164 1929 B
2255 1861 2623 1934 Adgrediord
2651 1864 2729 1930 te,
2763 1861 3225 1917 immundissime
3255 1861 3536 1917 damnate
3574 1862 3850 1934 spiritus,

2185 1955 2284 2028 qui
2334 1972 2394 2009 es
2441 1954 2792 2010 inveterator
2839 1955 3096 2024 malitia,
3152 1955 3429 2010 materies
3495 1955 3850 2024 criminum,

2186 2048 2348 2119 origo
2393 2048 2630 2119 peccati,
2682 2047 2779 2120 qui
2827 2048 3144 2118 fraudibus,
3199 2048 3540 2121 sacrilegiis,
3597 2049 3852 2121 stupris,

2186 2141 2436 2196 caedibus
2485 2140 2720 2212 gaudes.
2763 2143 2860 2209 Te,
2908 2141 3174 2198 invocato
3205 2142 3444 2199 Domini
3479 2142 3669 2198 nostri
3706 2145 3855 2199 Jesu

2187 2234 2394 2290 Christi
2423 2234 2681 2302 nomine,
2706 2235 2764 2288 in
2793 2251 2938 2290 o.....
2966 2251 3096 2290 mus
3122 2239 3180 2290 et
3204 2236 3544 2308 adjuramus
3569 2253 3678 2309 per
3696 2237 3856 2309 ejus-

2188 2329 2321 2382 dem
2347 2328 2711 2398 majestatem
2745 2328 2934 2400 adque
2963 2329 3256 2398 virtutem,
3279 2330 3616 2402 passionem
3647 2347 3720 2386 ae
3750 2348 3851 2386 re-

2188 2421 2618 2489 surrectionem,
2669 2421 2981 2478 adventum
3037 2423 3227 2494 adque
3273 2423 3594 2494 judicium;
3657 2428 3728 2480 ut
3788 2424 3854 2480 in

2189 2529 2551 2586 quacumque
2595 2517 2759 2585 parte
2802 2515 3202 2572 membrorum
3236 2516 3449 2585 latitas,
3491 2517 3738 2589 propria
3791 2521 3856 2572 te

2189 2607 2546 2663 confessione
2586 2607 2921 2663 manifestes
2956 2625 2969 2664 :
3000 2609 3438 2682 exagitatusque
3481 2611 3857 2682 spiritalibus

2189 2700 2382 2772 ﬂagris
2412 2700 2899 2772 invisibilibusque
2948 2703 3272 2770 tormentis,
3309 2720 3408 2758 vas
3455 2704 3616 2775 quod
3670 2721 3856 2760 oceu-

2190 2811 2354 2864 passe
2381 2793 2650 2862 aestimas,
2677 2794 2883 2866 fugias,
2919 2795 3328 2867 expiatumque
3357 2800 3489 2868 post
3519 2797 3851 2854 habitatio-

2192 2903 2324 2942 nem
2353 2890 2514 2941 tuam
2543 2887 2786 2942 Domino
2808 2887 3196 2960 derelinquas.
3223 2889 3487 2945 Sufﬁciat
3507 2891 3670 2962 quod
3695 2892 3856 2962 prio-

2190 2980 2346 3034 ribus
2379 2979 2596 3034 szeeulis
2626 2997 2731 3051 per
2761 2981 3067 3037 hominum
3097 2982 3276 3038 corda
3325 3000 3494 3054 paene
3545 2986 3673 3040 toto
3704 2986 3854 3041 orbe

2192 3073 2520 3129 dominatus
2573 3091 2652 3128 es.
2697 3075 2824 3130 Jam
2879 3074 2938 3130 in
2997 3075 3119 3130 dies
3189 3075 3451 3148 singulos
3521 3077 3858 3134 destruitur

2194 3169 2358 3222 tuum
2389 3184 2658 3239 regnum,
2691 3171 2906 3240 tuaque
2938 3169 3150 3225 cotidie
3181 3187 3364 3242 usque
3394 3170 3457 3225 in
3494 3171 3682 3228 finem
3730 3175 3857 3230 tela

2193 3259 2478 3316 deficiant.
2527 3262 2653 3316 Jam
2696 3260 2921 3331 pridem
2961 3263 3335 3333 praefigurata
3368 3267 3504 3319 sunt
3549 3264 3664 3320 ista
3715 3283 3856 3338 quas

2191 3353 2423 3424 pateris.
2455 3355 2582 3408 Jam
2609 3357 2669 3408 tu
2697 3357 2952 3409 vastatus
2988 3356 3391 3427 Egyptiorum
3433 3358 3645 3430 plagis,
3674 3363 3743 3414 tu
3791 3360 3854 3416 in

2191 3447 2491 3500 Pharaone
2520 3439 2835 3515 demersus,
2869 3447 2928 3501 in
2966 3448 3190 3504 Hierico
3235 3449 3582 3518 destructus,
3619 3451 3682 3506 in
3713 3471 3852 3525 sep-

2191 3543 2310 3594 tem
2341 3539 2679 3595 Chananazis
2717 3539 2985 3611 gentibus
3017 3544 3247 3611 stratus,
3280 3559 3386 3614 per
3419 3543 3760 3602 Sansonem
3789 3547 3850 3602 in

2191 3632 2504 3704 Allophylis
2529 3633 2883 3704 subjugatus,
2913 3636 3210 3689 truncatus
3229 3635 3290 3690 in
3313 3636 3478 3692 Golia
3501 3655 3611 3710 per
3636 3641 3849 3708 David,

2192 3747 2296 3801 per
2317 3729 2680 3786 Mardoeeum
2705 3730 2766 3784 in
2794 3733 2983 3786 Aman
3013 3749 3342 3804 suspensus,
3365 3751 3472 3806 per
3502 3720 3758 3792 Danihel
3791 3738 3854 3793 in

2193 3823 2578 3894 Beldejectus,
2601 3822 2661 3878 in
2681 3824 2939 3880 Dracone
2965 3825 3216 3896 punitus,
3239 3844 3346 3898 per
3365 3828 3566 3883 Iudith
3587 3829 3652 3884 in
3675 3831 3855 3888 Holo-

2193 3917 2412 3988 pherne
2453 3917 2818 3985 transfossus,
2853 3935 2960 3990 per
2999 3919 3310 3976 Dominum
3343 3921 3622 3977 humanis
3651 3923 3851 3998 impe-

2193 4010 2292 4066 riis
2315 4010 2670 4082 subjugatus,
2699 4027 2804 4084 per
2821 4013 3062 4068 Paulum
3097 4018 3344 4070 eaeeatus
3375 4015 3436 4070 in
3464 4016 3658 4089 Mago,
3683 4023 3855 4075 ustus

2194 4105 2252 4160 in
2269 4103 2482 4176 vipera,
2506 4121 2611 4175 per
2628 4106 2862 4160 Petrum
2886 4104 2944 4160 in
2969 4106 3207 4163 Simone
3235 4107 3556 4181 disruptus,
3579 4127 3693 4182 per
3721 4129 3855 4169 om-

2195 4215 2296 4252 nes
2343 4200 2571 4252 sanctos
2617 4197 2856 4270 fugaris,
2921 4201 3228 4270 torqueris,
3290 4201 3544 4268 elideris,
3605 4207 3853 4262 aeternis

2157 4303 2168 4308 '
2193 4290 2422 4362 ignibus
2447 4293 2504 4346 et
2523 4291 2764 4346 infernis
2793 4293 3047 4348 tenebris
3090 4293 3422 4366 deputatus.
3449 4297 3617 4352 Unde
3647 4299 3848 4355 homi-

2194 4401 2329 4439 nem
2357 4384 2630 4442 Dominus
2655 4383 2851 4458 339
2883 4390 3082 4442 noster
3097 4388 3259 4442 Jesus
3285 4389 3546 4444 Christus
3565 4390 3627 4446 in
3650 4393 3850 4450 Adam

2194 4479 2444 4534 secundo
2467 4479 2605 4534 dum
2629 4478 2699 4534 de
2719 4483 2772 4535 te
2785 4479 3366 4552 triumphat,.eximit.
3389 4483 3680 4554 Abscede,
3709 4488 3846 4542 abs-

2188 4573 2326 4629 cede
2340 4589 2704 4644 quocumque
2719 4589 2798 4642 es,
2816 4576 2875 4628 et
2885 4590 3132 4646 corpora
3142 4577 3258 4631 Deo
3274 4575 3467 4632 dicata
3481 4593 3557 4632 ne
3579 4584 3842 4650 repetas.

2187 4666 2495 4722 Interdicta
2521 4666 2635 4720 sint
2662 4666 2766 4720 tibi
2805 4667 2914 4722 ista
2940 4667 3001 4722 in
3029 4671 3330 4740 perpetuo.
3367 4671 3430 4724 ln
3468 4671 3714 4728 nomine
3743 4677 3848 4730 Pa-

2188 4761 2289 4815 tris
2316 4762 2375 4815 et
2403 4759 2524 4814 Filii
2550 4763 2608 4813 et
2637 4759 2882 4830 Spiritus
2903 4760 3105 4830 sancti,
3141 4766 3200 4816 et
3226 4761 3284 4817 in
3308 4763 3498 4833 gloria
3527 4765 3847 4824 dominica:

2187 4853 2484 4926 passionis,
2526 4853 2686 4924 cujus
2722 4869 2924 4909 cruore
2964 4855 3276 4923 salvantur,
3315 4857 3478 4928 cujus
3515 4858 3846 4918 adventum

2189 4946 2510 5016 expectant,
2537 4941 2821 5014 judicium
2852 4943 3218 5000 confitentur.
3247 4946 3359 5000 Per
3388 4947 3731 5006 Dominum.

2293 5054 2376 5108 ΧῘ.
2421 5067 2619 5108 INCIPIT
2642 5059 2664 5087 θ
2704 5066 2990 5108 EXPOSITIO
3030 5068 3130 5108 VEL
3167 5070 3422 5111 TBADI'I'IO
3463 5071 3729 5114 SYHBOLI.

2259 5159 2461 5214 Sermo
2507 5161 2564 5212 et
2589 5161 3031 5213 sacramentum
3075 5159 3250 5214 totius
3288 5161 3576 5232 Symboli,
3629 5165 3847 5220 fratres

2190 5251 2561 5319 dilectissimi,
2595 5251 2739 5306 fides
2791 5254 2880 5306 est
2919 5252 3231 5309 Christiani
3274 5255 3533 5310 hominis
3583 5261 3645 5312 et
3683 5258 3843 5315 vita:

2189 5347 2332 5402 ﬁdes
2353 5346 2412 5400 in
2435 5345 2724 5418 praesenti,
2754 5344 2869 5400 vita
2897 5345 2955 5400 in
2977 5346 3204 5416 futuro;
3232 5347 3378 5404 ﬁdes
3401 5349 3462 5404 in
3494 5351 3608 5420 via,
3641 5352 3764 5407 vita
3785 5354 3846 5408 in

2191 5471 2336 5526 feria
2362 5471 2544 5544 tertiae
2575 5470 2958 5526 hebdomade:
2981 5470 3480 5544 Quadragesimaz.
3503 5475 3648 5532 Vide
3680 5476 3848 5533 Ordi-

2191 5559 2326 5598 nem
2360 5543 2706 5598 Romanum.

2260 5615 2288 5656 ἀ
2319 5614 2444 5669 Alia
2484 5614 2542 5670 in
2586 5612 2803 5670 Ordine
2833 5613 3100 5670 Romano
3135 5630 3149 5670 :
3191 5615 3366 5684 Audi,
3407 5617 3701 5675 maledicta
3739 5621 3844 5678 Sa-

2193 5688 2603 5830 tagal’nédf'dine
2630 5755 2894 5830 Romano
2923 5753 3034 5830 a_lia
3056 5756 3270 5830 oratio,
3303 5760 3363 5812 et
3389 5760 3674 5830 princedit
3693 5761 3847 5817 hanc

2193 5826 2611 5953 exppsitionem
2639 5826 2915 5900 expositio
2943 5826 3420 5900 Evangeliorum',
3449 5845 3581 5902 quae
3610 5831 3705 5886 hic
3753 5850 3844 5888 se-

2195 5914 2304 5972 qui
2327 5914 2412 5954 ur.
