3976 6430
163 369 262 426 3-19

1275 375 1362 430 DE
1398 372 1707 430 LlTURGIA
1744 373 2114 430 GALLICANA
2149 371 2347 428 LIBER
2383 369 2471 426 ΙΙΙ.

3421 368 3524 423 330

160 481 375 581 patria;
404 482 562 581 ﬁdes
591 485 652 542 in
683 503 804 561 spe,
830 486 942 544 vita
970 488 1031 546 in
1068 505 1158 559 re;
1187 490 1327 546 ﬁdes
1362 491 1420 546 in
1449 490 1667 564 praelia,
1697 489 1808 546 vita
1829 506 1888 581 Α
1908 505 2068 545 meus
2095 488 2352 560 dilectus,
2381 487 2443 544 in
2469 504 2580 561 quo
2617 487 2759 545 mihi
2784 485 2927 547 bene
2951 486 3306 564 complacuit,
3333 488 3522 564 ipsum

159 575 216 630 in
245 592 434 648 regno
469 594 483 634 :
514 579 662 637 ﬁdes
685 582 746 638 in
771 599 962 656 opere,
989 583 1107 640 vita
1131 583 1191 640 in
1219 584 1614 640 retributione.
1635 585 1710 640 Ac
1731 582 1808 639 sic
1829 575 1888 581 ’“
1905 583 2118 638 audite.
2137 584 2298 638 Pater
2321 581 2507 654 ipsum
2531 598 2650 640 esse
2669 583 2804 638 dicit
2824 583 3024 638 Filium
3044 601 3233 651 suum,
3254 587 3310 640 et
3331 585 3520 657 ipsum

159 669 255 741 qui
269 669 452 727 ﬁdem
469 691 613 730 cum
624 677 894 748 operibus
908 678 1174 733 habuerit
1194 677 1253 734 in
1268 679 1374 734 hoc
1387 679 1613 748 saeculo,
1633 678 1807 732 vitam

159 773 436 826 aeternam
464 774 714 846 recipiet
751 777 811 832 in
845 776 1038 832 futuro
1065 793 1080 832 :
1111 781 1167 832 et
1192 777 1318 832 ideo
1345 776 1534 833 statim
1558 777 1618 832 in
1642 775 1803 848 prin-

159 863 304 935 cipio
342 865 613 937 Symboli
652 869 825 926 habet
853 887 867 925 :
898 871 1064 928 Credo
1091 874 1150 926 in
1186 875 1393 937 Deum;
1429 874 1486 926 et
1519 873 1710 941 postea
1743 869 1804 924 in

160 954 532 1012 conclusione
576 958 834 1029 Symboli
869 978 886 1014 :
921 963 1107 1017 Vitam
1139 963 1410 1015 aeternam.
1447 959 1533 1014 Sic
1559 974 1694 1030 ergo
1722 961 1806 1014 est

159 1045 498 1120 Symbolun,
549 1051 923 1121 dilectissimi,
951 1053 1110 1124 quasi
1147 1052 1597 1124 pulcherrimum
1623 1051 1801 1106 aedifi-

160 1139 309 1195 cium
333 1141 489 1198 bene
521 1149 813 1216 coeptum;
833 1146 994 1218 cujus
1016 1150 1072 1200 et
1088 1146 1480 1202 firmissimum
1505 1150 1588 1201 est
1605 1145 1803 1200 funda-

157 1237 440 1304 mentum,
475 1241 538 1292 et
571 1237 897 1294 immortale
932 1238 1245 1310 fastigium,
1272 1255 1402 1293 cum
1441 1238 1500 1292 in
1523 1237 1802 1310 principio

160 1325 358 1382 habeat
395 1329 624 1401 Deum,
666 1335 724 1387 et
759 1331 819 1386 in
853 1332 966 1388 ﬁne
999 1331 1170 1387 vitam
1205 1336 1494 1387 aeternam.
1537 1331 1683 1386 Deus
1720 1335 1803 1387 est

159 1421 632 1491 fundamentum,
663 1429 722 1480 et
747 1425 860 1479 vita
887 1430 1099 1480 aeterna
1122 1425 1430 1497 fastigium.
1462 1425 1644 1491 Fides,
1681 1425 1797 1480 fra-

160 1519 266 1569 tres
292 1515 605 1586 carissimi,
647 1518 780 1573 vitas
821 1519 1050 1586 ostium,
1077 1519 1181 1573 vite
1215 1518 1578 1590 principium,
1607 1517 1798 1573 salutis

159 1613 234 1662 est
253 1609 740 1666 fundamentum.
768 1611 876 1676 Qui
911 1612 1097 1667 divina
1126 1611 1392 1683 mysteria
1431 1611 1798 1682 intelligendo

159 1719 211 1756 se
252 1702 440 1774 magis
475 1719 692 1774 capere
737 1704 978 1760 aestimat
1017 1722 1189 1776 quam
1221 1704 1520 1774 credendo,
1543 1704 1619 1758 sic
1645 1704 1794 1772 facit,

157 1796 438 1866 quomodo
459 1796 508 1851 si
531 1796 768 1869 aliquis,
791 1797 986 1852 relicta
1011 1797 1115 1866 via,
1139 1801 1292 1870 petat
1311 1797 1553 1867 devium,
1575 1798 1659 1851 vel
1678 1797 1796 1852 sine

158 1889 530 1945 fundamento
569 1893 866 1945 construat
897 1889 1216 1961 aediﬁcium,
1259 1891 1345 1945 vel
1382 1905 1484 1960 per
1513 1889 1793 1960 objectum

157 1982 718 2055 parietemfreq'uirat
735 1982 1076 2053 ingressum.
1095 1983 1491 2038 Adhibendum
1511 1986 1594 2038 est
1606 1983 1796 2054 itaque

159 2073 498 2130 credulitatis
515 2075 750 2132 salubre
773 2076 1194 2148 compendium,
1217 2075 1316 2130 ubi
1337 2074 1617 2130 imbecilla
1633 2091 1795 2130 mens

156 2187 349 2243 capere
389 2189 512 2228 non
561 2177 758 2244 potest
795 2173 1017 2230 caeleste
1069 2177 1368 2229 secretum.
1419 2174 1618 2227 Totum
1658 2188 1794 2243 ergo

157 2260 496 2316 credulitatis
521 2262 777 2333 pectoris
803 2261 990 2316 sinum
1019 2262 1090 2317 ad
1112 2261 1294 2317 vitalis
1313 2261 1576 2316 carminis
1589 2277 1794 2332 expan-

157 2354 347 2409 damus
371 2355 708 2421 oraculum,
741 2355 894 2426 quod
917 2355 996 2410 ita
1024 2355 1224 2425 incipit
1251 2371 1266 2409 :

220 2448 394 2504 Credo
424 2448 486 2504 in
501 2451 695 2504 Deum
719 2449 946 2503 Patrem
982 2447 1448 2519 omnipotentem,
1467 2447 1792 2502 Creatorem

160 2541 346 2596 caeliet
378 2547 576 2597 terrae.
625 2541 804 2596 Credo
829 2545 886 2596 et
924 2541 986 2596 in
1023 2543 1213 2596 Jesum
1251 2540 1558 2609 Christum,
1583 2539 1792 2595 Filium

160 2629 271 2699 ejus
294 2629 675 2700 unigenitum
701 2629 1133 2699 sempiternum.
1163 2629 1269 2694 Qui
1294 2632 1596 2700 conceptus
1615 2633 1699 2684 est
1723 2629 1792 2684 de

159 2721 358 2792 Spiritu
385 2727 612 2789 sancto,
639 2727 808 2778 natus
835 2726 920 2776 est
948 2723 1018 2778 de
1043 2723 1211 2778 Maria
1225 2721 1466 2793 virgine.
1496 2724 1691 2776 Passus
1708 2726 1792 2776 est

160 2814 254 2869 sub
281 2816 479 2871 Pontio
512 2815 736 2885 Pilato;
776 2815 1094 2884 cruciﬁxus,
1133 2820 1390 2870 mortuus
1425 2819 1481 2870 et
1515 2816 1786 2886 sepultus.

163 2908 448 2963 Descendit
485 2909 562 2962 ad
603 2909 846 2964 inferna.
887 2909 1073 2964 Tertia
1112 2908 1202 2964 die
1241 2907 1607 2964 resurrexita
1633 2925 1787 2962 mor-

161 3000 281 3064 tuis,
307 3001 564 3056 ascendit
595 3001 668 3056 ad
695 3001 882 3056 caelos.
912 3001 1065 3056 Sedit
1083 3002 1155 3056 ad
1173 3001 1461 3056 dexteram
1491 3000 1587 3054 Dei
1611 3001 1788 3054 Patris

160 3094 577 3165 omnipotentis.
608 3094 743 3149 Inde
779 3099 1052 3149 venturus
1073 3093 1332 3165 judicare
1357 3094 1509 3148 vivos
1547 3099 1603 3148 et
1629 3110 1785 3148 mor-

159 3191 293 3242 tuos.
319 3189 503 3244 Credo
522 3188 590 3242 in
612 3191 874 3242 sanctum
892 3187 1194 3258 Spiritum;
1215 3190 1463 3242 sanctam
1485 3187 1786 3241 Ecclesiam

1905 676 2098 732 audire
2119 676 2318 747 jubet;
2347 675 2472 748 quis
2511 681 2595 731 est
2635 677 2732 750 qui
2774 680 2944 748 neget
2972 693 3089 733 esse
3121 693 3336 747 verum,
3366 679 3520 753 quod

1904 771 2104 826 veritas
2130 769 2304 826 dicit?
2332 770 2619 842 Sequitur.

1977 892 2140 949 Credo
2168 895 2218 946 et
2245 893 2302 946 in
2327 894 2496 948 Iesum
2523 891 2789 950 Christum
2821 892 3016 947 Filium
3053 891 3162 960 ejus
3186 893 3520 962 unigenitum

1900 987 2294 1054 sempiternum.
2310 987 2456 1040 Iesus
2473 984 2722 1040 hebraici
2746 983 2997 1040 vocabuli
3014 1001 3224 1040 nomen
3244 989 3345 1054 est,
3367 983 3520 1056 quod

1901 1081 2041 1148 aput
2075 1093 2177 1131 nos
2213 1078 2461 1133 Salvator
2493 1077 2716 1134 dicitur.
2751 1079 2993 1136 Christus
3033 1094 3065 1131 a
3104 1077 3422 1146 chrismate,
3459 1075 3518 1131 id

1901 1174 1984 1224 est
2010 1170 2080 1225 ab
2111 1170 2371 1226 unctione
2395 1171 2734 1242 appellatur.
2769 1173 3129 1240 Unigenitum,
3155 1169 3360 1241 inquit.
3391 1168 3520 1223 Uni-

1899 1279 1998 1317 cus
2025 1265 2109 1318 est
2134 1279 2379 1336 namque
2413 1263 2562 1318 Patri
2599 1263 2871 1333 Christus,
2899 1267 2965 1318 ut
2991 1263 3256 1335 splendor
3279 1260 3422 1335 igni,
3453 1265 3519 1317 ut

1898 1355 2033 1411 forti
2057 1356 2254 1423 virtus,
2280 1361 2346 1410 ut
2371 1355 2641 1427 sapientia
2665 1356 2926 1427 sapienti.

1971 1474 2279 1542 Conceptus,
2309 1472 2516 1544 inquit,
2547 1473 2612 1528 de
2638 1475 2848 1544 Spiritu
2880 1477 3082 1528 sancto.
3110 1472 3350 1544 Spiritus
3376 1487 3514 1543 ergo

1899 1568 2122 1619 sanctus
2145 1565 2388 1620 refertur
2415 1565 2711 1620 dominica:
2741 1565 2922 1620 carnis
2956 1571 3011 1621 et
3045 1565 3243 1637 templi
3279 1570 3513 1620 creator.

1899 1657 2084 1728 Incipe
2101 1658 2219 1728 jam
2247 1657 2380 1712 hinc
2409 1657 2723 1730 intelligere
2751 1662 2901 1714 etam
2931 1659 3104 1714 sancti
3133 1658 3374 1730 Spiritus
3401 1675 3516 1714 ma-

1889 1749 2174 1820 jestatem.
2203 1751 2290 1806 Sic
2317 1751 2471 1806 enim
2495 1751 2575 1806 ait
2597 1751 2964 1822 Evangelium
2991 1751 3265 1824 :Spiritus
3291 1754 3516 1806 sanctus

1816 1871 1872 1942 B
1894 1843 2254 1942 superveniet
2278 1843 2337 1898 in
2357 1849 2432 1913 te,
2449 1849 2506 1899 et
2523 1844 2698 1900 virtus
2714 1844 2978 1942 Altissimi
3009 1844 3371 1942 0bUIIlbD8Dit
3387 1844 3510 1900 tibi.
3599 1837 3610 1841 ’

1894 1935 2088 1990 Videte
2131 1952 2268 2007 ergo
2311 1942 2707 2008 coeperantem
2745 1937 2851 1992 sibi
2890 1938 3130 1994 invicem
3164 1937 3512 1992 Trinitatem.

1893 2028 2130 2100 Spiritus
2164 2033 2386 2084 sanctus
2426 2029 2616 2085 venire
2655 2030 2863 2085 dicitur
2905 2047 3076 2102 super
3103 2029 3429 2101 Virginem;
3459 2034 3516 2084 et

1893 2121 2068 2176 virtus
2092 2122 2399 2176 Altissimi-
2430 2164 2444 2190 ,
2480 2122 2590 2177 nisi
2629 2123 2748 2193 ipse
2779 2122 2960 2196 341
3001 2123 3278 2192 Christus,
3305 2122 3405 2194 qui
3433 2124 3518 2176 est

1893 2213 1992 2270 Dei
2022 2214 2208 2270 Virtus
2233 2219 2291 2270 et
2313 2215 2415 2270 Dei
2439 2215 2764 2288 Sapientia?
2787 2217 2908 2270 1am
2921 2216 3044 2287 jam
3073 2216 3121 2270 si
3134 2215 3369 2286 jubetis,
3392 2215 3515 2270 haec

1891 2323 2018 2378 quae
2048 2307 2194 2362 dicta
2217 2313 2367 2371 sunt,
2395 2308 2615 2363 caritati
2643 2313 2840 2365 vestra:
2869 2308 3150 2364 sufﬁciant
3167 2327 3185 2378 ;
3203 2312 3260 2363 et
3284 2308 3374 2363 die
3395 2324 3511 2362 cra-

1890 2399 2054 2467 stina,
2094 2401 2404 2456 secundum
2446 2405 2696 2456 sanctam
2740 2401 3208 2457 consuetudinem
3249 2407 3511 2470 vestram,

1890 2507 1992 2562 per
2016 2492 2394 2547 ministerium
2418 2493 2658 2548 fratrum
2693 2498 3016 2549 nostrorum
3048 2510 3114 2549 ea
3139 2509 3266 2566 quae
3295 2495 3513 2549 restant

1889 2585 2164 2640 maturius
2191 2585 2446 2641 audietis.
2477 2587 2638 2650 Quod
2660 2587 2788 2658 ipsi.

1960 2699 2153 2759 Natus,
2181 2695 2384 2767 inquit,
2421 2697 2486 2751 de
2518 2699 2702 2754 Maria
2730 2700 2968 2766 virgine;
3008 2703 3283 2769 conceptus
3319 2703 3398 2754 est
3441 2699 3508 2754 de

1887 2791 2096 2859 Spiritu
2139 2794 2358 2855 sancto;
2383 2805 2574 2860 passus
2616 2792 2714 2846 sub
2752 2793 2940 2846 Pontio
2982 2793 3180 2847 Pilato.
3231 2791 3506 2862 Requira-

1889 2898 2036 2950 mus,
2075 2881 2440 2949 dilectissimi,
2477 2899 2579 2937 cur
2619 2883 2869 2954 Symboli
2901 2885 3216 2940 conditores
3251 2901 3505 2940 necessa-

1889 2974 2038 3029 rium
2055 2974 2404 3046 judicarunt,
2425 2979 2491 3030 ut
2515 2976 2688 3046 ipsius
2712 2977 2880 3031 etiam
2899 2977 3062 3032 Pilati
3078 2993 3287 3032 nomen
3303 2977 3509 3032 insere-

1889 3070 2034 3122 rent.
2053 3068 2179 3122 ldeo
2206 3067 2420 3138 utique,
2435 3069 2566 3139 quia
2581 3069 2907 3124 Antichristi
2936 3069 3102 3125 multi
3125 3070 3303 3126 futuri
3325 3075 3504 3137 erant,

1888 3164 1951 3214 ut
1983 3160 2139 3214 nulla
2177 3160 2410 3215 haeresis
2437 3161 2723 3216 Christum
2763 3163 2939 3216 alium
2967 3178 3084 3218 esse
3115 3163 3344 3233 diceret,
3375 3180 3505 3217 cum

165 3237 293 3242 -—~—-
326 3237 496 3244 ν--ν
522 3237 590 3242 -—
612 3237 873 3242 -——--——
893 3237 923 3242 η
947 3237 1194 3256 ηψπ-ι
1216 3237 1463 3242 ———n——
1487 3237 1786 3241 —--—~--—-—
2156 3253 2167 3264 ,

160 3281 502 3348 catholicam,
520 3279 722 3354 340
738 3237 1064 3335 sanctorum
1086 3279 1562 3349 communionem;
1581 3279 1783 3335 remis-
1805 3237 1859 3311 Ο
1884 3269 2064 3354 ‘_m‘"_n
2087 3257 2284 3354 {mque
2311 3258 2752 3354 e§§?_°°n3tal‘etv
2767 3272 2938 3326 quem
2959 3256 3062 3311 θιὼ
3081 3256 3259 3311 Pilato
3279 3273 3508 3327 Passum

162 3375 365 3430 sionem
399 3378 807 3446 peccatorum;
839 3373 1022 3428 carnis
1069 3373 1572 3443 resurrectionem;
1616 3373 1788 3427 vitam

162 3472 444 3523 aeternam.
473 3471 688 3524 Amen.

225 3561 582 3633 Symbolum,
617 3560 820 3615 fratres
856 3558 1152 3628 carissimi,
1183 3575 1297 3614 non
1327 3559 1385 3614 in
1425 3558 1625 3614 tabulis
1661 3559 1790 3614 scri-

159 3653 319 3723 bitur,
349 3655 446 3710 sed
472 3654 536 3709 in
579 3654 751 3708 corde
780 3657 1107 3724 susceptum
1131 3651 1458 3707 memoriter
1491 3651 1786 3706 retinetur.

160 3747 218 3800 Et
245 3747 366 3802 ideo
387 3748 557 3819 juvat
585 3747 814 3814 iterare,
843 3745 994 3819 quod
1023 3761 1339 3818 numquam
1365 3745 1624 3800 convenit
1652 3744 1791 3799 obli-

159 3839 301 3896 visci.

225 3935 386 3991 Credo
414 3937 474 3988 in
500 3938 676 3991 Deum
701 3935 918 3988 Patrem
945 3936 1374 4004 omnipotentem.
1395 3931 1549 3986 Sicut
1577 3929 1788 4002 optime

157 4031 300 4086 novit
325 4032 532 4087 caritas
567 4035 777 4100 vestra,
827 4029 1122 4100 carissimi,
1150 4030 1288 4085 ﬁdes
1317 4028 1571 4085 omnium
1608 4029 1788 4084 Chris-

161 4122 434 4180 tianorum
471 4125 535 4179 in
583 4123 858 4178 Trinitate
899 4123 1184 4192 consistit;
1224 4127 1280 4178 et
1309 4122 1434 4178 ideo
1473 4121 1644 4176 etiam
1680 4127 1790 4176 ter-

159 4215 292 4271 tium
330 4218 489 4274 vobis
529 4220 754 4272 textum
792 4216 1044 4288 Symboli
1082 4216 1412 4288 repetimus,
1438 4220 1504 4270 ut
1530 4214 1649 4286 ipse
1686 4231 1790 4270 nu-

161 4320 339 4360 merus
387 4305 770 4379 rapetitionis,
817 4305 877 4360 in
927 4305 1089 4376 signo
1139 4304 1433 4358 conveniat
1481 4303 1786 4359 Trinitatis.

162 4400 314 4454 Credo
361 4403 421 4454 in
465 4404 641 4456 Deum
680 4401 897 4455 Patrem
943 4401 1374 4467 omnipotentem.
1434 4396 1785 4468 Symbolum,

161 4490 346 4546 fratres
388 4492 693 4562 carissimi,
722 4492 875 4564 quod
909 4491 1163 4560 audistis,
1203 4494 1386 4545 totum
1425 4506 1521 4544 vos
1554 4489 1614 4544 in
1639 4489 1790 4544 auris

162 4583 402 4674 auditum
441 4585 778 4654 convertite,
817 4589 884 4639 ut
925 4598 1118 4638 semen
1153 4583 1310 4638 verbi
1346 4586 1569 4674 paratos
1606 4581 1863 4674 sulcosD

163 4670 415 4742 inveniat,
453 4675 665 4746 quibus
705 4672 1005 4728 salubriter
1040 4671 1310 4738 insidens,
1343 4673 1399 4726 et
1437 4669 1650 4725 radices
1677 4669 1786 4724 for-

161 4762 282 4818 titer
312 4765 510 4837 ﬁgere,
543 4771 603 4822 et
639 4770 891 4838 tempore
920 4763 1306 4820 retributionis
1329 4763 1530 4818 uberes
1550 4762 1785 4833 justitia:

161 4854 361 4911 fructus
375 4859 556 4930 possit
582 4858 806 4914 afferre.
844 4858 932 4913 Sic
961 4873 1099 4928 ergo
1125 4856 1294 4912 habet
1319 4855 1612 4911 exordium
1633 4855 1786 4926 Sym-

162 4946 264 5002 boli
293 4968 306 5004 :
337 4953 506 5010 Credo
557 4955 617 5009 in
659 4957 827 5008 Deum
877 4953 1092 5006 Patrem
1141 4953 1568 5020 omnipotentem.
1619 4951 1784 5003 Deum

162 5057 280 5096 cum
325 5046 506 5113 audis,
563 5045 939 5100 substantiam
979 5043 1239 5114 intellige
1284 5042 1405 5096 sine
1440 5041 1622 5110 initio,
1665 5041 1784 5096 sine

163 5134 284 5190 line.
320 5140 537 5194 Patrem
563 5155 698 5194 cum
729 5138 910 5208 audis,
951 5135 1076 5191 Filii
1116 5135 1368 5206 intellige
1396 5136 1640 5207 Patrem.
1671 5134 1783 5189 Hoc

165 5242 288 5298 ergo
322 5231 443 5303 ipso
479 5233 716 5287 nomine
743 5231 897 5303 quod
923 5230 1067 5284 Deus
1093 5230 1256 5284 Pater
1287 5227 1622 5299 appellatur,
1652 5243 1783 5281 cum

165 5323 311 5378 Patre
344 5325 560 5395 pariter
595 5323 898 5378 subsistere
933 5323 1106 5378 etiam
1133 5320 1306 5376 Filius
1339 5321 1779 5376 demonstratur.

165 5414 436 5477 Quomodo
461 5433 601 5472 sane
626 5418 772 5471 Deus
803 5417 965 5470 Pater
994 5413 1256 5486 genuerit
1281 5412 1504 5482 Filium,
1535 5413 1664 5467 nolo
1693 5411 1780 5466 di-

168 5508 372 5564 scutias.
423 5509 754 5565 Credendus
801 5512 884 5562 est
926 5524 1062 5579 ergo
1103 5508 1249 5562 Deus
1280 5521 1398 5560 esse
1425 5507 1590 5560 Pater
1629 5503 1782 5559 unici

169 5598 280 5653 Filii
318 5601 402 5656 sui
443 5601 675 5656 Domini
717 5600 928 5670 nostri;
976 5616 1091 5656 non
1139 5597 1542 5655 discutiendus.
1591 5597 1782 5668 Neque

170 5693 303 5746 enim
340 5693 419 5748 fas
453 5697 538 5750 est
573 5709 737 5749 servo
774 5693 842 5750 de
883 5693 1163 5748 natalibus
1209 5690 1430 5747 Domini
1472 5689 1776 5760 disputare.

167 5783 498 5840 Contestatus
525 5791 611 5842 est
638 5788 806 5840 Pater
835 5787 904 5842 de
933 5787 1081 5842 caelis
1108 5787 1298 5841 dicens
1327 5801 1340 5838 :
1375 5783 1470 5838 Hic
1500 5785 1582 5837 est
1609 5781 1779 5836 Filius

1887 3345 2217 3416 Symbolum
2246 3345 2582 3401 tradidisset.
2614 3349 2926 3417 Cmciﬁws,
2957 3353 3218 3411 mortuus,
3248 3353 3298 3404 et
3325 3350 3505 3420 sepul-

1889 3444 1992 3501 tus,
2022 3441 2182 3493 tertia
2207 3439 2293 3493 die
2315 3441 2628 3494 resurrexit.
2652 3441 2730 3494 De
2755 3441 3051 3495 manifesta
3077 3445 3132 3496 et
3156 3442 3453 3512 reprobata
3477 3459 3509 3495 a

1887 3531 2080 3586 multis
2099 3531 2326 3586 Domini
2340 3531 2748 3587 resurrectione
2762 3520 3324 3590 licet‘evidentissime
3335 3536 3510 3589 Evan-

1889 3623 2033 3694 gelia
2057 3627 2254 3678 testata
2287 3623 2416 3689 sint,
2447 3628 2636 3678 tamen
2663 3624 2831 3679 etiam
2865 3626 3161 3696 Apostolus
3184 3626 3510 3696 praedicavit

1887 3716 2073 3771 dicens
2097 3716 2466 3771 resurrexisse
2503 3717 2574 3770 ab
2615 3716 2810 3772 inferis
2833 3717 3178 3774 Salvatorem
3203 3719 3294 3774 die
3321 3719 3500 3773 tertia.

1888 3809 1960 3878 (Si
1989 3824 2054 3864 ea
2095 3809 2184 3864 die
2229 3825 2340 3880 qua
2378 3813 2636 3864 mortuus
2673 3815 2778 3878 est,
2817 3811 2905 3865 vel
2945 3815 3108 3866 nocte
3143 3827 3271 3882 quae
3321 3815 3510 3866 secuta

1889 3906 1991 3972 est,
2021 3901 2208 3956 statim
2249 3903 2660 3971 resurrexisset,
2698 3903 2791 3978 vix
2824 3919 2957 3958 eum
2999 3904 3172 3976 aliqui
3217 3905 3512 3959 crederent

1885 4010 2015 4050 vere
2041 3995 2210 4050 fuisse
2237 3995 2585 4052 defunctum.
2610 3997 2771 4052 Vides
2787 3997 2920 4069 quia
2937 3997 3290 4052 conﬁrmatio
3312 3997 3510 4052 mortis

1887 4093 1971 4142 est
1993 4087 2182 4142 dilatio
2206 4089 2658 4160 resurrectionis;
2686 4094 2742 4146 et
2767 4106 2798 4145 e
2833 4090 3111 4146 contrario
3139 4091 3336 4146 mortis
3359 4091 3507 4146 veri-

1885 4186 1968 4235 tas
1985 4181 2218 4236 rationis
2237 4183 2538 4238 auctoritas
2558 4187 2660 4238 est.
2683 4183 2796 4238 Nisi
2819 4183 2970 4239 enim
2989 4201 3335 4257 quemquam
3354 4185 3511 4257 prius

1887 4274 2195 4330 ostenderis
2235 4275 2588 4342 inclinatum,
2621 4293 2736 4332 non
2775 4277 3055 4332 convincis
3078 4283 3368 4348 erectum;
3399 4285 3456 4336 et
3479 4296 3512 4335 e

1887 4370 2080 4421 contra
2093 4368 2254 4423 facile
2268 4369 2536 4439 probabis
2554 4371 2612 4424 in
2634 4386 2833 4425 somno
2850 4371 3021 4426 fuisse
3037 4372 3368 4442 resolutum,
3380 4389 3510 4428 cum

1888 4459 2143 4516 docueris
2171 4461 2544 4533 suscitatum.)
2573 4465 2641 4518 Et
2667 4463 2800 4534 quia
2823 4463 2973 4518 visus
2999 4469 3081 4519 est
3105 4465 3273 4535 Cefee,
3301 4470 3358 4520 et
3384 4470 3512 4536 post

1887 4553 2010 4606 haec
2037 4552 2142 4607 illis
2164 4553 2448 4622 undecim,
2480 4533 2868 4609 deindeivisus
2903 4560 2986 4610 est
3009 4533 3310 4628 plusquam
3339 4533 3505 4629 quin-

1887 4644 2070 4716 gentis
2092 4644 2356 4699 fratribus
2383 4645 2570 4700 simul.
2597 4646 2640 4700 Ο
2662 4647 2864 4702 miram
2890 4648 3114 4702 Domini
3131 4653 3187 4704 et
3210 4649 3510 4704 inaestima-

1883 4737 2051 4792 bilem
2093 4738 2395 4808 pietatem!
2425 4741 2630 4794 Parum
2665 4740 2734 4795 ad
2772 4741 3221 4797 conﬁrmandum
3249 4743 3508 4798 Ecclesiae

1883 4831 2054 4886 ﬁdem
2069 4831 2424 4899 existimavit,
2443 4833 2594 4904 quod
2611 4849 2742 4888 eum
2762 4839 2888 4905 post
2903 4834 3373 4890 resurrectionem
3391 4853 3508 4890 om-

1883 4940 1982 4979 nes
2007 4924 2241 4996 apostoli
2267 4924 2544 4995 viderant,
2577 4927 2685 4980 nisi
2713 4927 3017 4982 videndum
3045 4943 3102 4982 se
3129 4928 3298 4982 etiam
3327 4929 3508 4984 turbis

1883 5017 2230 5073 adstantibus
2257 5018 2610 5089 praebuisset.
2634 5019 2899 5092 Sequitur
2921 5023 3112 5076 autem
3131 5021 3190 5076 in
3209 5022 3500 5093 Symbolo:

1954 5130 2208 5184 Ascendit
2249 5130 2324 5184 ad
2365 5133 2546 5198 catos;
2587 5133 2726 5186 sedit
2764 5133 2840 5187 ad
2884 5133 3160 5188 dewteram
3197 5137 3295 5189 Dei
3328 5137 3508 5190 Patris

1881 5223 2272 5291 omnipotentis.
2300 5223 2420 5302 Non
2445 5224 2814 5296 corporaliter
2831 5225 2922 5280 hic
2949 5225 3048 5281 Dei
3077 5226 3306 5282 dextera
3331 5231 3511 5284 osten-

1883 5313 2054 5384 ditur,
2083 5313 2446 5383 dilectissimi,
2473 5317 2607 5389 quia
2646 5317 2834 5373 divina
2859 5319 3110 5390 Majestas
3152 5337 3267 5375 non
3306 5337 3506 5376 secun-

1881 5407 2017 5461 dum
2046 5407 2357 5462 humanam
2403 5409 2646 5479 speciem
2681 5411 3010 5483 designatur
3035 5413 3248 5470 sedere.
3282 5415 3410 5469 Ideo
3439 5414 3510 5468 ad

1881 5499 2166 5555 dexteram
2197 5499 2376 5555 Patris
2406 5501 2578 5556 Filius
2593 5502 2818 5571 dicitur,
2848 5505 2980 5577 quia
3004 5506 3063 5561 in
3093 5523 3159 5562 eo
3185 5508 3342 5564 nulla
3367 5507 3502 5562 sini-

1879 5593 2099 5647 steritas
2121 5593 2423 5650 invenitur.
2439 5595 2582 5650 Cum
2604 5597 2760 5650 enim
2776 5597 2835 5651 in
2857 5599 3160 5671 Scripturis
3180 5600 3349 5655 sacris
3367 5616 3508 5653 sem-

1879 5703 1981 5757 per
2007 5687 2159 5758 quod
2195 5687 2491 5742 dexterum
2529 5692 2612 5743 est
2651 5689 2722 5745 ad
2755 5691 3012 5762 meliora,
3041 5693 3191 5764 quod
3219 5693 3503 5748 sinistrum

1879 5777 1944 5834 ad
1977 5779 2252 5834 deteriora
2271 5781 2570 5856 pertineat,
2600 5782 2806 5839 idcirco
2840 5783 2898 5839 in
2923 5785 3033 5838 Deo
3062 5781 3394 5850 dexteradid
3423 5783 3506 5834 est

234 5918 254 5944 ³
285 5907 512 5980 Supplc,
541 5907 886 5964 obumbrabit
921 5910 1038 5966 tibi.
1071 5911 1196 5980 Qua
1221 5914 1298 5964 est
1334 5909 1505 5962 virtus
1535 5905 1825 5973 Altissimi,
1854 5903 1979 5966 nisi,
2015 5903 2122 5956 etc.
