3976 6420
424 335 517 395 351

1214 334 1544 392 ᾹΡΡΕΝΒΙΧ
1581 334 1668 390 AD
1703 334 1925 391 OPERA
1961 329 2194 389 SANCTI
2231 329 2530 387 GERMANI
2567 330 2994 390 PARISIENSIS.

3691 323 3808 381 33‘2

419 445 571 502 bona
593 444 756 515 sunt;
775 441 876 502 ubi
902 441 1146 512 sinistra,
1167 442 1227 500 id
1254 447 1339 500 est
1367 443 1516 500 mala
1541 458 1848 516 possumus
1873 440 2050 514 suspi-
2071 449 2130 526 Α
2147 438 2339 496 nistris
2388 439 2558 497 illius.
2617 440 2705 497 Hii
2760 445 3005 514 quatuor
3067 437 3170 496 has
3219 433 3434 511 ﬁguras
3485 430 3810 503 habentes,

422 555 550 598 care
559 581 573 597 .

494 635 642 698 Inde,
668 632 873 705 inquit,
901 635 1156 688 venturus
1165 631 1418 702 judicare
1441 633 1588 688 vivos
1613 635 1664 688 et
1691 635 1942 688 mortuos.

497 727 662 785 Credo
690 729 750 781 in
775 731 1022 782 sanctum
1039 727 1324 796 Spiritum.
1348 725 1432 780 Ad
1460 724 1805 781 excludenda
1830 723 2055 780 hazreti-

423 835 618 875 corum
647 819 906 875 omnium
935 819 1256 874 calamitosa
1293 821 1632 887 commenta,
1660 818 1858 874 eodem
1883 816 2054 873 verbo

422 912 771 970 credulitatis
799 929 915 986 quo
943 913 1005 968 in
1029 911 1306 984 principio
1345 911 1432 967 sui
1468 911 1800 984 Symbolum
1832 913 2056 967 Patrem

422 1006 724 1062 honoravit
745 1011 803 1064 et
828 1006 1054 1076 Filium,
1085 1007 1144 1062 in
1173 1005 1530 1061 conclusione
1574 1009 1762 1061 textus
1788 1005 1873 1061 sui
1901 1021 2057 1060 nunc

422 1099 666 1156 honorat
679 1099 950 1172 Spiritum
970 1103 1246 1169 sanctum,
1270 1115 1398 1154 cum
1423 1099 1502 1154 ait
1525 1115 1540 1154 :
1561 1099 1726 1158 Credo
1740 1101 1798 1154 in
1812 1102 2058 1153 sanctum

421 1195 706 1264 Spiritum.
743 1193 822 1248 Ne
866 1192 1149 1247 inferioris
1193 1207 1332 1264 ergo
1377 1192 1610 1248 fortasse
1651 1190 2058 1246 contumeliam

425 1284 619 1359 342
645 1289 952 1358 pateretur,
974 1285 1107 1356 jure
1131 1301 1265 1340 eum
1310 1285 1418 1340 sibi
1455 1285 1750 1357 aequaliter
1773 1284 2055 1339 vindicare

424 1381 482 1434 et
521 1379 754 1434 Deitatis
791 1378 1034 1433 ostendit
1071 1377 1504 1450 plenitudinem,
1535 1382 1592 1434 et
1628 1377 1808 1432 Patris
1843 1394 1906 1432 ac
1933 1376 2055 1431 Filii

423 1472 792 1543 dignitatem;
821 1471 956 1544 quia
996 1471 1057 1526 in
1095 1471 1367 1527 Trinitate
1405 1471 1598 1527 divina
1632 1487 1748 1526 non
1787 1474 1870 1526 est
1905 1470 2056 1542 quod

423 1565 608 1637 majus
653 1565 910 1620 minusve
954 1565 1268 1621 credendus
1311 1565 1400 1632 sit,
1446 1563 1727 1636 siquidem
1763 1563 1865 1619 ubi
1911 1578 2060 1617 unus

424 1658 610 1728 major
635 1657 858 1728 dicitur,
891 1658 1082 1714 deesse
1111 1658 1300 1714 minor
1325 1657 1529 1729 aliquis
1547 1657 1849 1712 indicatur.
1874 1657 1935 1710 In
1956 1655 2061 1710 hac

2152 533 2519 606 evangelistas
2559 551 2679 590 esse
2715 551 2831 590 non
2867 534 3108 591 dubium
3141 535 3263 602 est;
3291 531 3389 588 sed
3417 529 3662 586 nomina
3700 543 3812 583 eo-

2151 643 2300 697 rum,
2323 627 2421 700 qui
2442 627 2740 700 Evangelia
2760 629 3126 700 scripserunt,
3149 626 3274 682 haec
3293 627 3446 695 sunt,
3470 623 3812 688 Mattheus,

2151 723 2384 792 Marcus,
2412 721 2608 792 Lucas,
2636 722 2942 777 Iohannes.

2219 817 2346 872 Post
2373 815 2482 870 haec
2509 817 2639 886 legit
2665 816 2923 871 diaconus
2949 817 3169 870 initium
3194 813 3484 884 Evangelii
3506 810 3816 868 secundum

2153 911 2490 965 Matthzum.
2517 911 2589 965 Et
2605 914 2896 981 postquam
2923 910 3132 979 legerit,
3161 911 3366 964 tractat
3396 906 3694 978 presbyter
3723 905 3817 961 his

2153 1003 2346 1058 verbis.

2226 1095 2351 1152 Filii
2375 1096 2669 1168 carissimi,
2699 1113 2772 1152 ne
2807 1095 3020 1152 diutius
3045 1111 3182 1168 ergo
3221 1111 3319 1150 vos
3343 1097 3670 1162 teneamus,
3701 1107 3812 1147 ex-

2155 1206 2432 1262 ponamus
2473 1190 2630 1246 vobis
2679 1206 2851 1262 quam
2894 1189 3174 1245 rationem
3223 1193 3282 1244 et
3325 1203 3503 1260 quam
3545 1186 3814 1258 ﬁguram

2155 1282 2545 1356 unusquisque
2570 1283 2632 1338 in
2665 1301 2724 1339 se
2761 1283 3077 1352 contineat;
3105 1287 3162 1338 et
3199 1297 3376 1353 quare
3409 1281 3716 1336 Matthaeus
3747 1279 3817 1334 in

2158 1393 2216 1432 se
2240 1375 2485 1447 ﬁguram
2508 1377 2756 1432 hominis
2781 1377 3004 1446 habeat,
3023 1376 3157 1448 quia
3176 1375 3340 1430 initio
3357 1390 3460 1429 suo
3473 1373 3625 1429 nihil
3644 1372 3817 1427 aliud

2157 1470 2296 1542 agit,
2327 1469 2438 1524 nisi
2472 1470 2822 1526 nativitatem
2859 1469 3155 1526 Salvatoris
3192 1469 3360 1540 pleno
3391 1466 3593 1524 ordine
3625 1483 3818 1540 gene-

2159 1563 2397 1618 rationis
2425 1567 2669 1618 enarrat.
2696 1563 2783 1619 Sic
2816 1563 2969 1618 enim
2998 1563 3169 1635 ccepit
3197 1579 3212 1616 :
3241 1563 3402 1616 Liber
3436 1562 3818 1631 generationis

2158 1659 2282 1712 Iesu
2327 1658 2528 1714 Christi
2567 1658 2671 1726 ﬁlii
2706 1657 2904 1720 David,
2943 1657 3049 1725 ﬁlii
3087 1655 3386 1712 Abraham.
3419 1653 3634 1708 Videtis
3671 1653 3822 1726 quia

426 1767 564 1822 ergo
591 1751 712 1822 ipsa
737 1749 1056 1820 Divinitate,
1074 1750 1122 1806 si
1139 1751 1293 1806 aliud
1319 1749 1504 1821 majus
1523 1749 1668 1821 quis,
1690 1748 1842 1804 aliud
1867 1748 2056 1802 minus
2077 1819 2115 1822 ἓ
2160 1765 2276 1804 non
2314 1749 2599 1805 immerito
2637 1749 2771 1804 huic
2801 1748 3049 1804 hominis
3083 1748 3380 1821 adsignata
3412 1763 3663 1820 persona
3702 1750 3817 1815 est,

425 1819 664 1914 adserat,
691 1843 741 1898 ei
777 1843 899 1914 ipse
942 1843 1223 1915 majestati
1259 1819 1664 1898 contumeliam
1701 1840 1854 1909 facit,
1885 1857 2059 1911 quam
2077 1819 2134 1892 B
2158 1843 2382 1914 quando
2408 1843 2478 1897 ab
2504 1842 2752 1897 hominis
2776 1843 3068 1898 nativitate
3092 1819 3322 1896 initium
3343 1819 3817 1912 comprehendit,

425 1936 700 2007 majorem
726 1941 922 2009 putat:
945 1937 1078 2008 quia
1099 1953 1230 1992 cum
1257 1935 1491 2008 aequalis
1517 1938 1760 2006 potestas
1785 1950 1848 1988 ac
1876 1933 2060 2004 digni-

425 2033 510 2084 tas
550 2010 841 2084 Trinitatis
876 2029 968 2099 sit,
1014 2029 1292 2102 quidquid
1335 2029 1435 2083 uni
1474 2027 1811 2098 detrahitur,
1843 2031 2060 2082 cunctae

425 2123 625 2194 procul
648 2122 820 2177 dubio
846 2123 1051 2179 Deitati
1075 2122 1372 2194 aequaliter
1397 2121 1723 2192 derogatur.

503 2217 690 2280 Credo,
715 2215 921 2287 inquit,
949 2221 1194 2271 sanctam
1229 2217 1518 2272 Ecclesium
1547 2216 1884 2270 catholicam.
1913 2217 2054 2271 San-

431 2313 636 2364 ctorum
679 2311 1112 2365 communionem.
1153 2311 1343 2368 Carnis
1383 2311 1837 2364 resurrectionem.
1875 2309 2059 2364 Vitam

430 2407 703 2458 eternam.
733 2403 922 2459 Amen.
943 2404 1230 2458 Eternam
1251 2402 1422 2457 vitam
1447 2402 1591 2456 bene
1615 2401 1675 2456 in
1700 2400 2057 2456 conclusione

429 2495 678 2566 Symboli
725 2497 1022 2568 coaptavit,
1062 2497 1195 2568 quia
1227 2496 1401 2567 ipsius
1435 2494 1680 2566 Symboli
1721 2494 1860 2548 fides
1904 2510 2056 2566 prae-

428 2590 612 2644 mium
644 2593 728 2645 est
761 2589 1111 2645 aeternitatis.
1139 2591 1217 2644 Ac
1247 2605 1350 2660 per
1381 2590 1488 2644 hoc
1526 2589 1664 2644 ordo
1694 2587 1944 2658 Symboli
1968 2603 2056 2642 sa-

430 2685 563 2739 lutis
589 2684 839 2740 ascensio
865 2689 984 2754 est;
1017 2683 1151 2756 quia
1177 2683 1223 2738 si
1260 2683 1504 2738 ﬁdeliter
1541 2682 1780 2754 quisque
1804 2681 1876 2735 ad
1900 2697 2057 2734 sum-

429 2779 686 2833 mitatem
732 2776 884 2831 illius
934 2777 1170 2843 venerit,
1231 2775 1540 2830 certissime
1584 2774 1780 2830 salutis
1833 2777 2060 2828 internae

431 2873 721 2928 cardinem
753 2871 1082 2944 possidebit,
1120 2872 1400 2941 regnante
1437 2869 1676 2924 Domino
1709 2873 1901 2924 nostro
1933 2869 2061 2922 Jesu

430 2967 672 3035 Christo,
705 2965 866 3036 cujus
907 2970 992 3020 est
1035 2965 1220 3020 honor
1265 2967 1320 3018 et
1369 2963 1675 3034 imperium
1722 2978 1827 3035 per
1875 2962 2062 3018 omnia

431 3060 637 3116 saecula
663 3059 1014 3114 saeculorum.

1121 3128 1390 3180 Collectio.

2156 1952 2260 1991 nec
2285 1935 2572 1990 immerito
2603 1936 2687 2006 (ut
2725 1935 2989 2007 diximus)
3017 1935 3151 1990 huic
3191 1933 3468 2006 mysterio
3503 1933 3821 2006 adsignata

2159 2032 2242 2084 est
2265 2029 2510 2084 Mattheei
2537 2045 2796 2100 persona.
2825 2031 3074 2100 Emplecit
3101 2028 3393 2084 secundum
3417 2028 3622 2084 Matth.

2575 2120 2763 2184 Incipit
2792 2121 3080 2172 secundum
3115 2121 3369 2171 Marcum.

2229 2203 2380 2272 Legit
2408 2201 2665 2257 diaconus
2681 2203 2901 2256 initium
2919 2202 3210 2272 Evangelii
3223 2200 3515 2256 secundum
3533 2200 3815 2256 Marcum.

2157 2297 2395 2365 Eaponit
2418 2295 2697 2364 presbyter
2723 2313 2739 2348 :

2230 2388 2443 2442 Marcus
2469 2386 2812 2459 evangelista
2835 2386 3014 2442 leonis
3043 2403 3247 2459 gerens
3265 2387 3535 2459 ﬁguram,
3557 2403 3592 2441 a
3612 2387 3824 2442 solitu-

2158 2479 2288 2535 dine
2304 2479 2505 2552 incipit
2530 2480 2752 2536 dicere:
2779 2483 2896 2536 Vox
2915 2481 3206 2536 clamantis
3232 2481 3290 2536 in
3322 2481 3548 2536 deserto
3574 2497 3588 2535 :
3610 2483 3826 2536 Parata

2158 2573 2308 2628 viam
2351 2573 2596 2640 Domini,
2645 2574 2860 2628 scilicet
2905 2574 3039 2646 quia
3083 2579 3284 2644 regnat
3325 2573 3591 2630 invictus.
3632 2574 3826 2645 Hujus

2158 2665 2336 2720 leonis
2378 2665 2690 2721 multifaria
2729 2666 3049 2722 invenimus
3089 2667 3368 2738 exempla,
3401 2672 3465 2722 ut
3501 2684 3624 2723 non
3653 2671 3828 2722 vacet

2159 2758 2373 2812 dictum
2417 2758 2544 2813 illut
2573 2775 2586 2813 :
2620 2759 2760 2814 Iuda
2806 2759 2954 2814 ﬁlius
2996 2775 3178 2827 meus,
3225 2760 3448 2814 catulus
3489 2759 3702 2829 leonis,
3748 2761 3824 2816 de

2161 2851 2416 2922 germine
2443 2851 2587 2906 mihi
2613 2852 2914 2908 ascendisti
2945 2870 2959 2906 :
2988 2853 3268 2907 recubans
3297 2853 3562 2908 dormisti
3595 2857 3666 2908 ut
3704 2853 3820 2923 leo,

2160 2945 2218 2998 et
2241 2943 2386 2999 sicut
2407 2945 2625 3000 catulus
2651 2944 2858 3014 leonis;
2891 2945 3017 3017 quis
3047 2944 3316 3001 excitabit
3341 2962 3476 3001 eum
3490 2947 3520 3001 ?

2609 3036 2798 3101 Incipit
2823 3038 3113 3088 secundum
3136 3039 3346 3088 Lucam.

2229 3120 2380 3187 Legit
2409 3119 2666 3174 diaconus
2692 3122 2910 3174 initium
2937 3121 3226 3190 Evangelii
3253 3119 3549 3176 secundum
3588 3123 3818 3177 Lucam.

506 3215 740 3282 Exaudi,
775 3214 1036 3282 Domine,
1058 3214 1526 3286 supplicationem
1549 3213 1776 3268 familiae
1801 3216 1936 3284 tuae,
1964 3212 2064 3285 qui
2083 3181 2136 3256 C
2167 3181 2383 3266 Tractat
2400 3213 2681 3282 presbyter
2705 3231 2722 3266 :

432 3308 687 3364 ﬁdelium
725 3313 954 3364 tuorum
999 3307 1283 3364 consortio
1322 3307 1642 3362 desiderant
1665 3305 1884 3373 sociari,
1911 3311 1976 3362 ut
2001 3307 2062 3362 in

433 3401 523 3458 die
549 3405 754 3457 sanctae
783 3401 1193 3471 sollemnitatis,
1224 3399 1522 3456 clementia
1555 3405 1654 3456 tua
1681 3401 1893 3455 donum
1918 3400 2058 3472 bap-

434 3497 674 3554 tismatis
715 3495 1006 3568 percipere
1047 3498 1394 3552 mereantur.
1424 3496 1531 3550 Per
1567 3495 1730 3550 Dom.
1803 3497 2059 3550 nostrum

431 3593 622 3646 Iesum
649 3589 960 3646 Christum.

466 3708 572 3762 XII.
617 3721 901 3764 sxrosmo
939 3721 1353 3764 EVANGELIORUM
1392 3721 1444 3760 IN
1484 3720 1688 3760 AURIUM
1724 3719 2024 3764 sensumve

1061 3795 1132 3834 AD
1171 3792 1424 3833 ELECTOS.

501 3881 802 3951 Aperturi'
828 3880 1004 3950 vobis,
1046 3879 1148 3933 ﬁlii
1187 3877 1481 3948 carissimi,
1524 3877 1846 3949 Evangelia,
1877 3878 1936 3934 id
1975 3882 2062 3934 est

434 3974 636 4046 gaudia
663 3974 872 4040 divina,
900 3973 1059 4044 prius
1087 3971 1284 4026 ordine
1309 3971 1600 4026 insinuare
1627 3972 1894 4027 debemus
1922 3971 2059 4043 quid

433 4065 822 4138 Evangelium,
850 4070 907 4120 et
929 4064 1082 4119 unde
1109 4063 1424 4133 descendat,
1449 4068 1505 4119 et
1529 4065 1688 4136 cujus
1712 4065 1774 4119 in
1800 4081 1866 4120 eo
1890 4065 2060 4120 verba

431 4163 736 4230 ponantur,
766 4162 824 4212 et
852 4173 1026 4228 quare
1051 4161 1295 4229 quatuor
1321 4157 1434 4212 sint
1466 4157 1564 4229 qui
1591 4157 1714 4212 haec
1741 4161 1898 4229 gesta
1921 4157 2056 4212 scri-

431 4255 697 4324 pserunt;
719 4251 808 4306 vel
833 4251 931 4322 qui
957 4254 1090 4306 sunt
1113 4250 1224 4321 ipsi
1242 4250 1324 4305 hii
1343 4254 1586 4322 quatuor
1609 4251 1706 4322 qui
1732 4251 1920 4306 divino
1943 4249 2060 4321 Spi-

432 4345 568 4414 ritu,
612 4343 991 4400 adnunciante
1041 4344 1336 4415 prOpheta,
1379 4346 1510 4398 ante
1555 4344 1762 4416 signati
1810 4343 1943 4413 sint,
1986 4359 2060 4399 ne

432 4437 575 4493 forte
615 4438 733 4492 sine
774 4437 880 4492 hac
925 4435 1138 4492 ordinis
1181 4437 1398 4492 ratione
1438 4437 1525 4491 vel
1569 4453 1735 4492 causa
1769 4441 2059 4507 stuporem

2231 3305 2404 3359 Lucas
2447 3304 2786 3375 evangelista
2823 3305 3069 3376 speciem
3106 3305 3270 3360 vituli
3311 3310 3516 3378 gestat,
3547 3307 3624 3362 ad
3651 3308 3824 3380 cujus

2159 3397 2336 3452 instar
2351 3398 2604 3453 Salvator
2620 3403 2813 3453 noster
2831 3403 2914 3454 est
2933 3398 3276 3454 immolatus.
3300 3399 3399 3454 Hic
3421 3400 3582 3454 enim
3602 3401 3824 3456 Christi

2161 3491 2528 3562 Evangelium
2581 3491 2892 3560 locuturus,
2941 3491 3020 3546 sic
3070 3493 3240 3562 coepit
3287 3493 3357 3548 de
3400 3493 3715 3548 Zaccharia
3766 3500 3826 3550 et

2161 3583 2459 3654 Helisabet,
2491 3584 2560 3638 de
2604 3583 2811 3656 quibus
2859 3585 3142 3640 Iohannes
3185 3585 3439 3658 Baptista
3485 3587 3550 3642 in
3587 3604 3827 3643 summa

2157 3681 2324 3732 natus
2364 3681 2448 3732 est
2482 3680 2791 3732 senectute.
2821 3679 2888 3732 Et
2925 3677 3053 3733 ideo
3085 3679 3260 3733 Lucas
3301 3678 3481 3735 vitulo
3510 3697 3821 3753 compara-

2158 3771 2273 3838 tur,
2302 3769 2436 3840 quia
2473 3769 2585 3825 duo
2620 3787 2852 3838 cornua,
2884 3770 3004 3826 duo.
3034 3772 3428 3841 Testamenta;
3469 3778 3528 3828 et
3565 3779 3826 3845 quatuor

2158 3862 2371 3933 pedum
2400 3863 2658 3935 angulas,
2691 3867 2748 3918 et
2792 3867 3040 3936 quatuor
3067 3865 3370 3935 Evangelia
3413 3867 3577 3938 quasi
3617 3873 3826 3924 tenera

2159 3955 2486 4011 inﬁrmitate
2511 3956 2822 4026 nascentia,
2850 3956 2910 4011 in
2939 3973 2998 4012 se
3025 3957 3358 4030 plenissime
3386 3960 3748 4016 continebat.

2229 4051 2364 4104 Item
2417 4050 2546 4119 legit
2595 4050 2853 4105 diaconus
2901 4053 3120 4106 initium
3174 4053 3464 4122 Evangelii
3497 4049 3823 4110 secundum

2156 4144 2468 4198 Iohannem.
2504 4145 2725 4198 Tractat
2744 4144 3026 4213 presbyter
3051 4146 3134 4199 his
3161 4146 3375 4200 verbis:

2228 4235 2511 4290 Iohannes
2536 4235 2708 4290 habet
2732 4235 3164 4292 similitudinem
3190 4238 3418 4310 aquilae,
3447 4239 3610 4310 quod
3637 4241 3820 4296 nimis

2157 4327 2268 4382 alta
2295 4327 2539 4399 petierit.
2565 4328 2658 4383 Ait
2686 4328 2841 4383 enim
2873 4345 2888 4384 :
2917 4332 2978 4384 1n
2998 4331 3274 4402 principio
3303 4336 3424 4388 erat
3464 4334 3740 4401 Verbum;
3769 4340 3825 4390 et

2164 4421 2395 4477 Verbum
2437 4425 2555 4476 erat
2593 4422 2745 4492 apud
2772 4425 2962 4484 Deum,
2995 4427 3047 4478 et
3082 4427 3220 4480 Deus
3254 4429 3374 4480 erat
3413 4426 3676 4482 Verbum.
3707 4431 3824 4484 Hoc

431 4531 717 4588 vobiscum
743 4531 804 4586 in
835 4529 1121 4586 mentibus
1155 4530 1562 4602 relinquamus.
1596 4532 1664 4584 Et
1690 4529 1826 4601 quia
1852 4529 1924 4584 ad
1954 4529 2058 4584 hoc
2077 4547 2136 4618 D
2159 4515 2370 4618 ξζαίςῆξ
2700 4515 3078 4618 αΡυξῖηῧθαφ·
3113 4517 3183 4618 Εἴ
3223 4517 3410 4618 Div“.
3446 4533 3517 4572 ex
3561 4535 3823 4591 Persona

430 4624 660 4679 venistis
681 4628 748 4680 ut
772 4640 936 4679 aures
960 4623 1116 4678 vobis
1142 4623 1491 4695 aperiantur,
1520 4639 1594 4678 ne
1615 4622 1850 4694 incipiat
1867 4638 2061 4678 sensus
2078 4606 2130 4618 ”
2157 4606 2363 4662 Christi
2387 4606 2524 4662 ἀίοίῖ
2549 4623 2564 4662 ³
2594 4607 2976 4662 Ηθηονθδίίητ
3000 4609 3147 4664 Sim“?
3169 4609 3672 4682 aqunwluventus
3691 4618 3818 4683 tua:

428 4721 614 4774 vester
639 4717 896 4785 obtundi,
919 4717 1288 4788 Evangelium
1315 4717 1521 4772 dicitur
1543 4715 1772 4788 proprie
1796 4716 1946 4770 bona
1968 4715 2063 4770 ad-

428 4811 734 4866 nunciatio.
767 4811 906 4876 Qum
951 4809 1147 4881 utique
1185 4810 1550 4865 adnunciatio
1579 4813 1664 4863 est
1699 4809 1831 4863 Iesu
1855 4807 2060 4862 Christi

430 4903 651 4959 Domini
679 4903 778 4958 Dei
804 4901 1004 4958 nostri.
1033 4903 1329 4960 Descendit
1361 4906 1552 4957 autem
1585 4901 1956 4972 Evangelium
1991 4900 2060 4955 ab

429 5013 494 5052 eo
523 4996 675 5068 quod
703 4995 1010 5051 adnunciet
1035 4999 1090 5050 et
1114 4996 1390 5064 ostendat,
1419 4995 1570 5066 quod
1596 4994 1643 5048 is
1673 4993 1773 5066 qui
1800 5009 1903 5064 per
1927 5010 2059 5065 pro-

427 5090 626 5161 phetas
643 5104 772 5144 suos
787 5087 1142 5158 loquebatur,
1158 5087 1313 5144 venit
1331 5087 1391 5142 in
1411 5103 1600 5154 carne,
1623 5087 1770 5142 sicut
1789 5085 2062 5158 scriptum

428 5186 556 5238 est:
589 5180 695 5246 Qui
741 5181 1029 5252 loquebar,
1077 5197 1204 5237 ecce
1253 5181 1474 5236 adsum.
1523 5179 1876 5252 EXplicantes
1925 5196 2062 5252 ergo

427 5273 676 5330 breviter
701 5273 837 5345 quid
873 5274 945 5330 sit
981 5273 1370 5346 Evangelium,
1399 5273 1486 5329 vel
1513 5274 1612 5346 qui
1648 5279 1783 5330 sunt
1809 5272 1889 5328 hii
1915 5289 2060 5344 qua-

427 5372 583 5433 tuor,
612 5365 708 5438 qui
747 5382 850 5437 per
883 5367 1225 5440 prOphetam
1249 5371 1378 5422 ante
1409 5367 1705 5422 monstrati
1731 5370 1882 5435 sunt,
1911 5381 2064 5420 nunc

428 5462 642 5532 ﬁguras
669 5459 851 5532 adque
877 5459 1112 5516 nomina
1149 5459 1386 5531 singulis
1424 5460 1791 5531 adsignemus
1814 5457 2059 5514 indiciis.

428 5554 522 5609 Ait
557 5552 711 5609 enim
749 5555 1028 5626 propheta
1065 5553 1378 5608 Hezechiel.
1416 5555 1484 5608 Et
1528 5549 1838 5606 similitudo
1877 5551 2064 5606 vultus

429 5663 628 5702 eorum
665 5651 730 5702 ut
771 5647 939 5702 facies
972 5645 1240 5715 hominis,
1277 5651 1342 5700 ut
1380 5645 1550 5700 facies
1592 5642 1768 5698 leonis
1811 5641 2002 5716 343
2031 5661 2064 5698 a

429 5740 638 5796 dextris
666 5740 841 5810 illius;
871 5745 929 5796 et
959 5739 1128 5794 facies
1163 5737 1344 5806 vituli,
1383 5741 1438 5791 et
1476 5735 1644 5791 facies
1681 5735 1884 5807 aquilae
1925 5753 1960 5791 a
1985 5735 2062 5791 si-

2161 4698 2217 4754 id
2254 4702 2341 4754 est
2383 4701 2510 4754 Iesu
2551 4699 2756 4755 Christi
2798 4701 3020 4756 Domini
3062 4702 3262 4773 nostri,
3291 4703 3390 4774 qui
3432 4720 3750 4777 resurgens
3786 4725 3822 4761 a

2159 4793 2420 4860 mortuis,
2447 4793 2699 4848 ascendit
2722 4793 2782 4849 in
2803 4794 2998 4864 caelos;
3028 4795 3180 4850 unde
3198 4796 3320 4868 jam
3342 4797 3501 4852 vobis
3521 4801 3821 4871 conceptis

2159 4901 2407 4957 regnans
2452 4885 2728 4956 gloriatur
2769 4887 3031 4958 Ecclesia,
3061 4885 3254 4961 344
3293 4890 3455 4944 omni
3503 4891 3820 4949 festivitate

2159 4983 2420 5033 votorum
2459 4979 2530 5034 ad
2564 4995 2712 5033 nova
2737 4980 2970 5036 tendere
3007 4981 3342 5036 Christianas
3367 4982 3512 5055 legis
3540 4986 3814 5054 exordia;

2159 5075 2224 5126 ut
2267 5070 2598 5126 adveniente
2649 5071 2738 5126 die
2785 5073 3126 5128 venerabilis
3163 5075 3412 5145 Paschaa,
3443 5076 3672 5134 lavacro
3713 5079 3817 5134 ba-

2161 5163 2438 5235 ptismatis
2465 5167 2840 5232 renascentes,
2868 5165 3012 5220 sicut
3039 5167 3218 5222 sancti
3248 5184 3450 5224 omnes
3479 5186 3824 5227 mereamur

2161 5257 2325 5312 ﬁdele
2350 5271 2561 5312 munus
2585 5257 2840 5312 infantiae
2864 5275 2896 5312 a
2923 5259 3144 5315 Christo
3180 5262 3312 5316 Jesu
3348 5263 3593 5320 Domino
3619 5269 3820 5321 nostro

2157 5349 2474 5422 ’percipere.
2501 5349 2610 5414 Qui
2635 5351 2770 5406 vivit
2797 5354 2852 5406 et
2876 5357 3078 5424 regnat
3105 5354 3275 5410 Deus.

2445 5451 2580 5506 XIII.
2621 5468 3024 5510 PRJEMISSIONES
3061 5472 3130 5511 AD
3172 5471 3518 5515 scaurum.

2233 5550 2326 5616 Te,
2359 5548 2614 5620 Domine,
2653 5550 3022 5622 deprecamur
3051 5557 3108 5607 et
3144 5554 3457 5624 poscimus,
3490 5561 3558 5614 ut
3583 5557 3689 5614 hos
3723 5559 3816 5614 fa-

2126 5673 2130 5678 ~
2162 5642 2348 5697 mulos
2375 5647 2502 5698 tuos
2529 5643 2770 5698 ﬁrmiter
2795 5645 3044 5702 stabilire
3062 5646 3340 5718 digneris.
3363 5650 3541 5722 Aperi
3562 5651 3646 5707 eis
3666 5655 3818 5708 totos

2162 5735 2346 5792 aditus
2371 5735 2522 5807 ﬁdei,
2549 5741 2616 5792 ut
2637 5736 2980 5794 credulitatis
3013 5739 3232 5813 possint
3264 5742 3452 5799 muris
3479 5743 3728 5816 includi;
3760 5751 3819 5802 et

501 5874 525 5902 δ
558 5865 743 5918 Exsta.
776 5863 835 5918 in
863 5861 1077 5917 Ordine
1101 5859 1384 5928 Romano,
1415 5862 1472 5914 et
1497 5875 1623 5930 quae
1652 5862 1987 5931 sequuntur,
2022 5875 2200 5935 usque
2233 5861 2305 5917 ad
2335 5878 2494 5918 num.
2528 5863 2890 5934 sequentem.
