3976 6474
212 439 298 488 353

1268 429 1354 484 DE
1392 427 1702 484 LITURGIA
1737 426 2110 484 GALLICANA
2149 428 2345 482 LIBER
2385 423 2471 482 ΙΙΙ.

3433 433 3536 490 334

207 542 337 596 viam
362 535 607 594 veritatis
644 536 725 592 eis
749 537 975 609 plenius
1012 537 1260 592 revelare
1301 537 1559 608 dignare,
1602 539 1668 591 ut
1709 551 1813 591 ne-
1835 549 1895 621 Α
1985 538 2185 591 Panem
2225 539 2466 589 nostrum
2501 536 2876 604 quotidianum
2909 535 2984 592 da
3021 537 3172 593 nobis
3219 537 3393 597 hodie.
3439 542 3538 596 Hic

207 635 367 688 sciant
391 648 494 703 per
521 631 756 686 semitas
780 631 1039 686 falsitatis
1077 645 1286 686 errare.
1326 633 1648 700 Aguoscant
1691 645 1816 700 qua:

205 729 322 780 sunt
355 723 641 790 salutaria,
671 727 738 778 ut
769 723 984 794 possint
1024 721 1198 778 vitare
1236 722 1560 791 mortifera;
1599 727 1656 776 et
1687 721 1813 776 the-

205 833 378 872 sauros
403 817 726 887 intelligant
767 816 919 882 vitae,
963 820 1031 871 ut
1066 815 1330 870 noverint
1368 815 1564 870 mortis
1597 815 1815 868 foveam

205 911 424 979 evitare;
454 913 510 964 et
537 908 834 964 residuum
858 909 1010 980 quod
1035 925 1167 964 cum
1193 907 1432 979 caligine
1458 907 1688 976 habent,
1717 907 1813 961 de-

204 1007 422 1075 ponant,
462 1007 528 1056 ut
567 1002 1027 1058 inlustrationem
1071 1001 1244 1056 totius
1288 1000 1518 1055 luminis
1559 1003 1812 1068 sumant;

204 1095 329 1151 nihil
371 1094 520 1150 intra
560 1094 688 1148 illos
731 1099 907 1149 restet
942 1093 1300 1148 saecularium
1342 1093 1712 1162 macularum,
1751 1097 1817 1146 ut

203 1187 344 1258 digni
377 1185 820 1242 sanctiﬁcatione
851 1186 1204 1258 baptismatis
1244 1189 1654 1258 praeparentur.
1713 1187 1818 1239 Per

202 1281 345 1336 Dom.
373 1283 660 1335 nostrum.

737 1347 988 1400 Collectio
1013 1347 1245 1412 sequitur

264 1418 468 1475 Christe
495 1421 651 1488 Jesu,
693 1421 794 1492 qui
837 1419 1052 1475 cunctis
1098 1425 1287 1490 portas
1322 1420 1533 1496 aperis,
1571 1423 1628 1474 et
1668 1418 1816 1472 viam

203 1513 376 1568 salutis
402 1513 676 1583 ostendis,
707 1513 999 1569 venientes
1023 1512 1264 1567 famulos
1290 1517 1415 1567 tuos
1443 1513 1513 1567 ad
1557 1511 1815 1567 notitiam

201 1606 425 1660 nominis
452 1607 538 1661 tui
562 1606 812 1662 libenter
836 1606 1211 1678 amplectere;
1245 1610 1311 1660 ut
1336 1603 1419 1659 hii
1445 1603 1647 1660 divinae
1673 1605 1814 1675 legis

200 1699 358 1754 initiis
381 1699 678 1771 suspicati,
706 1704 762 1756 te
788 1699 1109 1755 desiderent
1133 1697 1386 1754 sensibus
1424 1697 1602 1769 sequi,
1643 1713 1816 1768 quem

199 1797 470 1863 casperunt
488 1793 853 1848 sermonibus
872 1791 1130 1847 conﬁteri
1150 1809 1166 1860 ;
1185 1798 1242 1846 et
1261 1790 1330 1845 ab
1351 1790 1440 1845 his
1454 1789 1815 1862 plasmatibus

196 1885 294 1940 tuis
317 1885 518 1957 repelle
547 1885 765 1940 diaboli
789 1886 1140 1940 incursantes
1165 1883 1418 1953 insidias,
1452 1887 1514 1938 ut
1547 1883 1617 1936 ab
1656 1882 1815 1937 omni
1835 1907 1890 1979 B

197 1977 396 2044 loco,ab
409 1979 565 2034 omni
581 1979 788 2034 fraude
800 1979 887 2050 dej
895 1983 1177 2048 ectus,nec
1193 1977 1397 2031 animae
1411 1993 1682 2048 umquam
1695 1993 1818 2047 pos-

199 2071 261 2125 sit
270 2087 482 2142 nocere,
501 2088 609 2126 nec
625 2070 851 2142 corpori
866 2088 884 2140 ;
906 2075 972 2125 ut
987 2069 1249 2124 inimicus
1269 2068 1470 2124 divinae
1497 2069 1814 2140 inscriptio-

200 2163 275 2217 nis
301 2165 588 2219 character
613 2180 948 2236 agnoscens,
973 2163 1128 2235 quod
1157 2179 1275 2218 esse
1293 2162 1416 2232 jam
1433 2162 1601 2233 coepit
1628 2166 1812 2232 tuum,

198 2273 226 2310 a
249 2273 302 2312 se
324 2257 566 2312 fateatur
588 2257 848 2312 alienum
868 2273 972 2328 per
995 2255 1224 2327 signum
1249 2254 1448 2324 crucis,
1467 2254 1620 2326 quod
1644 2271 1814 2309 num-

198 2365 352 2421 quam
369 2350 577 2406 delebit
595 2343 940 2422 impressum
953 2349 1014 2404 in
1023 2348 1228 2404 smeula
1244 2347 1599 2402 saculorum.
1615 2350 1812 2403 Amen.

324 2448 450 2503 XIV.
494 2464 700 2504 INCIPIT
736 2462 1007 2503 PREFATIO
1047 2462 1333 2502 onmoms
1371 2460 1664 2502 DOHINICE.

257 2536 520 2592 Dominus
544 2533 571 2564 ⁸
615 2541 675 2591 et
711 2535 963 2591 Salvator
1000 2539 1192 2590 noster
1235 2533 1521 2604 discipulis
1558 2533 1672 2588 suis
1714 2549 1813 2604 pe-

196 2629 425 2684 tentibus
459 2627 948 2700 quemadmodum
983 2643 1140 2682 orare
1167 2626 1454 2695 deberent,
1484 2642 1599 2680 non
1635 2626 1816 2680 solum

195 2722 416 2777 formam
453 2720 735 2776 orationis
759 2720 1050 2788 concessit,
1072 2736 1272 2774 verum
1293 2719 1462 2774 etiam
1487 2735 1600 2790 qua
1628 2723 1815 2774 mente

195 2817 243 2868 et
265 2815 498 2886 puritate
527 2817 910 2887 precarentur
929 2811 1191 2881 ostendit,
1213 2811 1354 2866 utin
1380 2811 1646 2882 praesenti
1663 2826 1817 2864 sacra

195 2907 304 2961 haec
327 2907 488 2963 lectio
523 2905 976 2962 demonstravit:
1010 2905 1092 2959 Tu
1117 2907 1308 2959 autem
1335 2920 1466 2958 cum
1493 2903 1698 2972 orabis,
1725 2902 1812 2956 in-

195 3005 271 3055 tra
293 3000 349 3056 in
374 2999 716 3056 cubiculum
741 3003 941 3067 tuum;
971 3002 1026 3054 et
1055 2997 1246 3052 clauso
1271 2996 1432 3066 ostio,
1463 3013 1560 3051 ora
1592 2997 1816 3050 Patrem

193 3097 362 3149 tuum.
399 3093 746 3149 Cubiculum
777 3091 930 3164 quod
961 3091 1236 3158 nominat,
1263 3107 1382 3145 non
1411 3089 1684 3144 occultam
1712 3089 1813 3144 do-

193 3202 341 3243 mum
371 3187 646 3256 ostendit,
669 3186 769 3241 sed
789 3185 972 3240 cordis
997 3183 1175 3238 nostri
1205 3187 1484 3238 secretum
1509 3199 1523 3238 :
1558 3183 1614 3237 id
1643 3187 1726 3238 est
1751 3187 1817 3236 ut

193 3279 344 3335 malae
368 3279 709 3352 cogitationi
735 3282 932 3352 pectus
962 3265 1224 3332 nostrum
1249 3277 1483 3348 mystica
1510 3274 1641 3330 ﬁdei
1667 3276 1816 3330 clave
1835 3264 1891 3339 C

193 3374 534 3444 claudamus;
579 3389 652 3428 ac
688 3372 850 3426 labiis
875 3371 1096 3439 clausis,
1125 3371 1449 3441 incorrupta
1483 3371 1673 3424 mente
1709 3369 1819 3424 Deo

189 3466 497 3540 loquamur.
526 3468 684 3522 Deus
711 3464 866 3520 enim
885 3469 1076 3519 noster
1105 3462 1254 3534 ﬁdei,
1282 3479 1398 3518 non
1422 3461 1571 3518 vocis
1599 3461 1820 3517 auditor

190 3565 284 3617 est.
319 3561 469 3635 Ergo
496 3560 661 3617 unde
692 3575 878 3614 sermo
903 3563 1006 3626 est,
1036 3556 1094 3612 id
1119 3561 1203 3612 est
1231 3555 1522 3627 sapientia,
1566 3555 1820 3611 Christus

189 3649 448 3710 Dominus
483 3659 688 3712 noster
712 3653 861 3708 hanc
889 3649 1202 3708 orationem
1241 3666 1341 3704 nos
1381 3649 1588 3719 docuit,
1629 3654 1694 3704 ut
1743 3649 1821 3704 ita

189 3760 404 3803 oremus
433 3763 449 3803 ἒ

254 3839 442 3914 345
482 3843 660 3898 Pater
687 3834 887 3904 noster,
917 3837 1012 3908 qui
1043 3852 1094 3892 es
1121 3839 1180 3891 in
1207 3837 1368 3892 catis.
1395 3835 1522 3890 Haec
1545 3832 1821 3890 libertatis

189 3949 284 3989 vox
310 3939 416 4004 est,
444 3939 503 3989 et
526 3933 706 4006 plena
732 3929 958 3986 ﬁducia.
996 3931 1143 4000 Ergo
1191 3929 1279 3984 his
1322 3927 1574 3983 moribus
1615 3932 1699 3982 est
1738 3927 1820 3982 vi-

186 4027 446 4098 vendum,
481 4031 548 4082 ut
573 4029 636 4082 et
666 4023 765 4078 filii
793 4023 914 4093 Dei,
947 4028 1004 4078 et
1029 4023 1232 4078 fratres
1257 4021 1464 4076 Christi
1493 4037 1613 4076 esse
1641 4018 1818 4092 possi-

187 4137 325 4176 mus.
357 4119 400 4175 Ν
406 4137 505 4176 am
533 4121 769 4174 Patrem
788 4133 955 4172 suum
971 4115 1150 4171 Deum
1167 4132 1282 4187 qua
1299 4115 1614 4170 temeritate
1638 4113 1821 4169 dicere

185 4215 495 4286 praesumit,
546 4211 656 4285 qui
694 4211 766 4265 ab
815 4211 939 4281 ejus
981 4210 1269 4264 voluntate
1295 4207 1636 4280 degenerat?
1671 4207 1822 4262 unde

185 4323 274 4362 vos
323 4307 531 4380 dignos
592 4303 860 4360 exhibete
907 4302 1206 4374 adoptione
1267 4301 1486 4371 divina,
1553 4297 1824 4372 quoniam

182 4401 448 4472 scriptum
473 4404 565 4456 est
588 4416 604 4454 :
637 4399 926 4469 Quotquot
949 4395 1310 4452 crediderunt
1329 4395 1387 4450 in
1407 4411 1559 4462 eum,
1579 4390 1732 4448 dedit
1745 4391 1824 4448 eis

181 4497 518 4566 potestatem
547 4492 704 4548 ﬁlios
730 4490 831 4546 Dei
859 4489 1002 4546 ﬁeri.
1557 4509 1561 4512 ·

247 4587 634 4658 Sanctiﬁcatur
661 4601 868 4640 nomem
897 4589 1068 4638 tuum.
1098 4583 1220 4637 Non
1245 4581 1396 4654 quod
1437 4582 1580 4636 Deus
1615 4575 1826 4634 nostris

183 4680 568 4736 sanctiﬁcatur
617 4675 992 4745 orationibus,
1043 4676 1142 4748 qui
1181 4691 1405 4747 semper
1446 4676 1529 4730 est
1567 4675 1821 4728 sanctus:

181 4773 273 4829 sed
301 4772 562 4846 petimus
591 4775 662 4827 ut
687 4787 899 4826 nomen
943 4769 1066 4841 ejus
1105 4767 1482 4828 sanctiﬁcetur
1522 4767 1583 4820 in
1615 4763 1776 4820 nobis
1805 4777 1822 4832 ;

183 4869 244 4921 ut
271 4867 370 4939 qui
407 4865 472 4922 in
497 4865 846 4938 baptismate
876 4863 999 4934 ejus
1025 4861 1456 4930 sanctiﬁcamur,
1487 4859 1547 4916 in
1591 4857 1648 4913 id
1677 4855 1828 4929 quod

181 4975 297 5016 esse
327 4959 619 5033 coepimus
646 4973 1094 5030 perseveremus.

247 5054 534 5111 Adveniat
545 5067 776 5122 regnum
791 5053 942 5107 tuum
951 5091 964 5106 .
978 5047 1128 5106 Deus
1137 5063 1384 5120 namque
1398 5049 1590 5102 noster
1603 5043 1829 5117 quando

180 5161 293 5204 non
323 5151 562 5220 regnat,
593 5145 849 5200 maxime
876 5143 1038 5214 cujus
1064 5157 1311 5215 regnum
1349 5144 1434 5196 est
1467 5137 1784 5194 immortale
1803 5139 1831 5193 τ

181 5240 287 5297 Sed
312 5258 450 5298 cum
470 5240 724 5296 dicimus
749 5255 763 5294 :
797 5239 1232 5307 Veniatregnum
1258 5239 1430 5297 tuum,
1461 5237 1718 5288 nostrum
1745 5246 1832 5286 re-

184 5350 362 5406 gnum
401 5333 665 5408 petimus
709 5331 994 5402 advenire,
1040 5347 1074 5385 a
1116 5330 1231 5385 Deo
1262 5327 1426 5382 nobis
1467 5324 1828 5398 promissum,

182 5425 389 5484 Christi
416 5426 711 5499 sanguine
738 5429 796 5481 et
813 5421 1074 5498 passione
1100 5422 1424 5496 quaesitum.

252 5525 376 5578 Fiat
405 5523 670 5578 voluntas
694 5523 812 5582 tua,
835 5521 976 5574 sicut
998 5521 1056 5573 in
1081 5518 1204 5574 σεῖο
1225 5520 1276 5571 et
1299 5517 1358 5569 in
1387 5519 1550 5569 terra.
1576 5513 1635 5568 ld
1667 5515 1750 5568 est
1773 5511 1833 5566 in

183 5630 251 5671 eo
273 5614 376 5671 ﬁat
399 5615 676 5671 voluntas
699 5615 800 5668 tua
827 5615 892 5666 ut
914 5611 1067 5684 quod
1094 5616 1159 5667 tu
1183 5609 1267 5664 vis
1291 5608 1352 5663 in
1391 5606 1548 5677 caelo,
1585 5600 1692 5661 hoc
1728 5621 1833 5662 nos

185 5709 245 5765 in
269 5715 427 5767 terra
449 5707 633 5782 positi
651 5705 1236 5778 inreprehensibiliter
1259 5701 1550 5758 faciamus.

253 5832 278 5908 ξ
311 5836 392 5908 ita
417 5833 483 5890 in
514 5832 733 5908 Qrdipe
759 5831 1039 5908 Romano.
1059 5899 1073 5908 _
1418 5901 1428 5908 .
1519 5891 1570 5908 η
1781 5891 1792 5907 ⁸

256 5904 285 5945 δ
325 5905 387 5961 Id
425 5908 517 5960 est
541 5902 606 5958 in
647 5900 942 5957 Dominica
983 5897 1324 5967 Palmarum,
1375 5901 1438 5954 ut
1479 5895 1736 5953 videmus
1776 5895 1838 5951 in

186 5975 287 6038 lib.
320 5992 384 6050 II,
413 5979 474 6035 et
501 5974 568 6031 in
596 5971 802 6031 Missali
829 5969 1084 6028 Gothico.

1915 627 2226 698 spiritalem
2252 626 2443 682 cibum
2461 626 2777 700 intelligere
2803 629 3091 686 debemus.
3113 631 3365 689 Christus
3384 634 3538 690 enim

1913 721 2074 791 panis
2120 725 2205 775 est
2243 724 2454 790 noster,
2489 721 2588 792 qui
2627 722 2814 776 dixit:
2857 725 2972 794 Ego
3011 741 3138 780 sum
3163 727 3324 796 panis
3347 727 3536 794 vivus,

1914 813 2016 884 qui
2041 814 2110 869 de
2139 814 2276 868 caelo
2317 813 2600 868 descendi.
2627 815 2806 878 Quem
2841 817 3170 872 cotidianum
3214 819 3424 889 dicens,
3460 819 3540 875 ita

1913 921 2019 960 nos
2048 922 2270 978 semper
2297 905 2577 961 immunes
2597 908 2868 980 praecepit
2893 925 3013 964 esse
3037 912 3270 980 peccati,
3285 914 3352 967 ut
3377 912 3540 984 digni

1916 997 2092 1052 simus
2121 999 2432 1054 caelestibus
2459 987 2762 1056 alimentis;

1985 1094 2055 1146 Et
2079 1092 2288 1146 dimitte
2312 1093 2461 1146 nobis
2489 1093 2673 1148 debita
2697 1099 2902 1162 nostra,
2929 1098 3069 1150 sicut
3091 1100 3143 1150 et
3175 1112 3268 1152 nos
3302 1098 3534 1154 dimitti-

1915 1199 2033 1239 mus
2057 1185 2381 1240 debitoribus
2405 1189 2622 1241 nostrz’s.
2648 1188 2760 1240 Hoc
2787 1192 3014 1258 pactum
3043 1194 3146 1258 est,
3195 1189 3535 1262 signiﬁcans,

1915 1292 2031 1331 non
2058 1293 2161 1332 nos
2179 1277 2340 1332 aliter
2363 1282 2719 1348 peccatorum
2744 1295 2910 1350 posse
2939 1281 3162 1336 veniam
3201 1285 3535 1354 promereri,

1914 1369 2022 1423 nisi
2060 1369 2218 1441 prius
2244 1386 2348 1424 nos
2390 1370 2449 1424 in
2483 1371 2642 1425 nobis
2684 1371 3140 1444 delinquentibus
3169 1375 3290 1430 aliis
3315 1377 3537 1432 veniam

1914 1462 2252 1532 relaxemus,
2280 1463 2425 1518 sicut
2438 1463 2497 1518 in
2517 1465 2822 1535 Evangelio
2845 1465 3109 1522 Dominus
3133 1473 3324 1524 noster
3351 1469 3486 1524 dicit
3519 1487 3534 1525 :

1915 1554 2028 1608 Nisi
2057 1555 2378 1610 dimiseritis
2402 1562 2628 1627 peccata
2654 1557 2998 1626 hominibus,
3033 1576 3138 1616 nec
3187 1561 3344 1616 vobis
3377 1563 3537 1618 Pater

1915 1651 2095 1702 vester
2120 1648 2363 1704 dimittet
2387 1655 2633 1720 peccata.

1984 1742 2053 1796 Et
2081 1757 2146 1795 ne
2173 1757 2266 1796 nos
2285 1743 2512 1798 inducas
2533 1746 2591 1798 in
2613 1748 2973 1800 tentationem.
3010 1745 3069 1800 id
3094 1751 3177 1802 est
3205 1760 3276 1802 ne
3302 1763 3405 1803 nos
3431 1762 3533 1820 pa-

1915 1833 2072 1887 tiaris
2114 1833 2304 1888 induci
2343 1835 2412 1889 ab
2447 1851 2514 1890 eo
2551 1835 2652 1908 qui
2692 1841 2888 1904 teutat,
2939 1839 3228 1910 pravitatis
3281 1846 3532 1898 auctore.

1914 1925 2054 1979 Nam
2078 1926 2210 1980 dicit
2237 1927 2526 1999 Scriptura
2551 1946 2566 1982 :
2608 1929 2752 1984 Deus
2775 1929 2926 1985 enim
2953 1930 3256 1988 intentator
3283 1938 3366 1988 est
3410 1950 3534 1988 ma-

1915 2019 2120 2073 lorum.
2153 2019 2412 2074 Diabolus
2430 2036 2562 2075 vero
2587 2024 2831 2076 tentator
2854 2027 2958 2078 est.
2980 2024 3064 2078 Ad
3089 2040 3262 2095 quem
3284 2026 3538 2082 evincen-

1915 2111 2054 2164 dum
2081 2111 2352 2167 Dominus
2377 2111 2518 2168 dixit
2543 2131 2557 2168 :
2591 2114 2828 2185 Vigilate
2853 2119 2910 2170 et
2933 2120 3107 2186 orate,
3128 2133 3200 2172 ne
3231 2117 3452 2174 intretis
3477 2119 3538 2174 in

1913 2203 2308 2260 tentationem.

1983 2297 2090 2354 Sed
2119 2298 2287 2353 libera
2325 2314 2420 2353 nos
2460 2315 2495 2354 α
2539 2300 2703 2355 malo.
2757 2300 2868 2354 Hoc
2909 2300 3036 2356 ideo
3073 2302 3170 2370 ait,
3211 2304 3347 2375 quia
3397 2303 3541 2360 dixit

1914 2390 2210 2462 Apostolus
2243 2409 2257 2446 :
2289 2391 2520 2446 Nescitis
2549 2392 2688 2463 quid
2713 2393 2868 2447 vobis
2891 2399 3146 2465 oporteat
3173 2412 3354 2452 orare.
3381 2397 3538 2453 Unde

1915 2483 2060 2536 Deus
2085 2483 2439 2554 omnipotens
2460 2484 2538 2538 ita
2561 2501 2594 2538 a
2609 2485 2772 2539 nobis
2795 2487 3038 2541 orandus
3057 2493 3158 2558 est,
3174 2493 3241 2544 ut
3261 2487 3537 2562 quidquid

1915 2573 2166 2629 humana
2187 2575 2460 2646 fragilitas
2485 2593 2678 2632 cavere
2697 2582 2754 2633 et
2777 2578 2951 2633 vitare
2978 2595 3091 2634 non
3116 2582 3403 2651 praevalet,
3431 2581 3537 2636 hoc

1915 2666 2007 2721 ille
2033 2667 2308 2738 propitius
2333 2667 2497 2722 nobis
2526 2669 2784 2724 conferre
2809 2669 3076 2741 dignetur
3101 2673 3256 2728 Jesus
3281 2674 3540 2730 Christus

1916 2759 2186 2814 Dominus
2222 2765 2432 2828 noster,
2459 2761 2558 2832 qui
2583 2760 2716 2816 vivit
2742 2767 2798 2817 et
2821 2768 3027 2834 regnat
3052 2781 3181 2820 cum
3211 2767 3330 2836 ,Deo
3376 2768 3538 2822 Patre

1914 2852 2298 2924 omnipotente
2327 2857 2382 2909 et
2405 2853 2615 2925 Spiritu
2644 2860 2836 2911 sancto
2862 2871 2965 2928 per
2991 2858 3182 2912 omnia
3211 2859 3413 2915 saecula
3441 2875 3540 2914 sae-

1916 2947 2192 3002 culorum.

1986 3038 2178 3112 346
2191 3039 2535 3096 Patefactum
2555 3041 2729 3112 vobis,
2753 3043 3092 3098 dilectissimi
3117 3045 3298 3114 nobis,
3322 3041 3537 3100 Oratio-

1912 3147 2046 3187 nem
2075 3137 2130 3187 et
2155 3133 2481 3204 Symbolum
2507 3135 2797 3190 catholica:
2821 3136 2955 3191 ﬁdei
2981 3137 3316 3208 cognovistis
3347 3155 3361 3192 :
3389 3153 3542 3193 nunc

1913 3229 2103 3280 autem
2124 3226 2342 3281 habetis
2370 3227 2668 3298 magistros
2691 3228 2854 3283 illum
2904 3227 3314 3300 Primicerium,
3353 3235 3410 3286 et
3443 3230 3540 3286 Se.

1916 3319 2165 3374 cundum
2190 3320 2312 3390 ejus
2336 3319 2520 3390 illum,
2551 3321 2650 3392 qui
2675 3337 2770 3376 vos
2815 3321 3093 3378 edoceant
3127 3323 3285 3378 nullo
3325 3328 3542 3378 mutato

1917 3429 2195 3482 sermone,
2230 3413 2328 3468 sed
2355 3417 2419 3468 ut
2447 3413 2679 3468 audistis
2704 3414 2766 3468 in
2791 3415 3078 3486 praesenti.
3105 3417 3307 3472 Potens
3335 3421 3420 3472 est
3439 3417 3544 3471 Do.

1916 3505 2105 3560 minus
2148 3511 2356 3576 noster,
2387 3511 2450 3561 ut
2473 3522 2570 3560 vos
2601 3507 2703 3578 qui
2717 3506 2789 3561 ad
2819 3507 2989 3563 ﬁdem
3018 3509 3262 3578 curritis,
3293 3510 3364 3564 ad
3387 3511 3540 3566 lava-

1918 3615 2080 3654 crum
2103 3615 2265 3670 aquae
2285 3599 2731 3670 regenerationis
2749 3600 3049 3674 perducat;
3077 3605 3135 3655 et
3147 3617 3248 3655 nos
3265 3601 3363 3672 qui
3386 3603 3543 3658 vobis

1916 3692 2247 3764 mysterium
2272 3691 2404 3746 ﬁdei
2441 3691 2726 3746 catholica!
2766 3709 2882 3746 una
2916 3692 3208 3764 tradimus,
3252 3695 3542 3750 vobiscum

1917 3786 1987 3841 ad
2013 3784 2250 3840 caelestia
2267 3800 2443 3856 regna
2461 3784 2626 3839 faciat
2642 3785 2956 3856 pervenire,
2983 3790 3283 3855 praestante
3304 3787 3542 3843 Domino

1918 3883 2110 3934 nostro
2150 3879 2278 3933 Jesu
2322 3877 2562 3948 Christo,
2604 3877 2695 3932 cui
2730 3882 2814 3934 est
2850 3878 3036 3934 honor
3064 3883 3120 3935 et
3147 3879 3453 3953 imperium
3483 3881 3545 3938 in

1921 3972 2126 4027 saecula
2143 3968 2502 4026 saeculorum.
2536 3973 2734 4027 Amen.

2187 4063 2292 4118 XV.
2333 4078 2492 4119 MISSA
2530 4079 2583 4119 IN
2622 4080 2846 4120 svuaou
2872 4064 2900 4105 b
2935 4079 3273 4120 TRADITIONE.

1992 4145 2053 4198 In
2076 4143 2328 4214 geminas
2352 4147 2538 4216 partes
2563 4143 2714 4200 diem
2737 4145 2890 4200 hunc
2917 4145 3288 4200 excolendum
3310 4142 3550 4218 compleo

1925 4237 2114 4306 ctitur,
2144 4236 2398 4307 Domine,
2439 4242 2646 4293 nostrae
2675 4238 2959 4294 servitutis
2990 4239 3301 4310 famulatio,
3343 4239 3429 4296 vel
3459 4238 3549 4296 die

1916 4328 2123 4402 jejunii
2148 4329 2300 4386 cultu
2328 4336 2562 4401 sacrato,
2591 4332 2682 4387 vel
2707 4332 2776 4388 de
2807 4332 3124 4404 insignibus
3149 4332 3261 4388 tuis
3288 4347 3416 4405 quae
3441 4332 3544 4388 ho—

1924 4423 2013 4479 die
2041 4424 2324 4480 fulserunt
2366 4423 2719 4480 mirabilibus
2751 4442 2766 4480 :
2815 4442 2928 4497 qua
2971 4426 3238 4480 Lazarum
3276 4423 3554 4483 reduxisti

1924 4520 2051 4589 post
2073 4515 2319 4588 Tartara,
2347 4535 2477 4574 cum
2502 4515 2573 4572 ad
2598 4531 2790 4572 vocem
2819 4517 3169 4572 intonantem
3192 4517 3462 4586 exsilivit;
3495 4523 3552 4573 et

1843 4631 1903 4703 D
1925 4612 2286 4684 quatriduani
2306 4611 2428 4683 jam
2451 4613 2695 4668 faetentis
2722 4611 2893 4666 funus
2920 4607 3206 4665 viviﬁcans
3241 4609 3508 4703 animasti
3531 4627 3548 4680 ;

1925 4707 2010 4762 vel
2027 4705 2196 4761 etiam
2215 4721 2382 4760 causa
2402 4703 2658 4760 miraculi
2683 4703 3066 4776 obstupefacta
3083 4701 3358 4776 plaudens
3386 4705 3554 4760 turba

1925 4799 2180 4855 Bettania
2224 4798 2468 4854 accurrit
2517 4815 2648 4854 cum
2694 4797 2897 4870 palmis
2946 4796 3051 4853 tibi
3115 4796 3336 4852 obviam
3388 4797 3550 4868 Regi.

1927 4889 2142 4948 Exaudi
2170 4909 2271 4948 nos
2303 4893 2363 4948 in
2389 4893 2494 4947 hoc
2539 4890 2824 4965 geminato
2867 4889 3152 4946 servitutis
3194 4894 3406 4945 nostra:
3449 4889 3551 4945 ob-

1927 4987 2142 5059 sequio,
2197 4991 2254 5042 et
2304 4990 2506 5058 praesta
2557 4985 2892 5058 propitiatus
2938 4988 3107 5056 atque
3161 4981 3432 5054 placatus,
3488 4988 3555 5039 ut

1927 5081 2132 5135 animae
2158 5083 2386 5150 nostrae,
2417 5095 2544 5151 quae
2582 5078 2802 5134 tumulo
2845 5081 2977 5132 sunt
3019 5082 3377 5149 peccatorum
3419 5093 3555 5133 con-

1929 5174 2118 5241 clusae,
2147 5178 2203 5228 et
2243 5171 2566 5226 cicatricum
2605 5171 2917 5226 morbidata
2946 5176 3176 5242 corrupt
3214 5185 3258 5228 ο.
3304 5215 3318 5229 .
3363 5214 3376 5228 .
3421 5215 3436 5230 .
3481 5215 3494 5229 .
3540 5213 3554 5229 .

2000 5271 2196 5323 Desunt
2222 5267 2306 5321 hic
2328 5265 2523 5321 multa.

1930 5411 2096 5464 Pater
2128 5425 2199 5464 ex
2225 5408 2337 5463 alto
2364 5407 2660 5476 clariﬁcat;
2693 5407 2766 5462 ad
2791 5423 3093 5462 commune
3120 5408 3394 5481 gaudium
3421 5427 3555 5466 con-

1931 5503 2144 5559 cutitur
2167 5501 2325 5574 plebs
2359 5500 2695 5570 hominum;
2746 5504 3006 5556 movetur
3044 5505 3102 5558 et
3150 5501 3373 5559 caelum.
3412 5506 3556 5558 Ante

1933 5596 2093 5667 cujus
2117 5599 2480 5668 conspectum
2507 5594 2728 5650 adstant
2752 5594 2962 5666 angeli,
2990 5599 3048 5650 et
3083 5595 3409 5668 archangeli
3443 5612 3556 5652 non

1933 5693 2151 5746 cessant
2177 5690 2441 5760 clamare,
2469 5687 2718 5744 dicentes
2751 5707 2765 5743 ι
2799 5687 3053 5744 Sanctus.

2005 5827 2028 5856 ο
2063 5815 2198 5881 Quae
2223 5813 2318 5869 hic
2343 5813 2565 5886 desunt,
2595 5817 2784 5886 repete
2824 5827 2899 5886 ex
2927 5811 3125 5868 Missali
3161 5805 3550 5883 Gothicogalli-

1935 5902 2074 5944 cano
2099 5901 2260 5946 num.
2290 5887 2382 5956 27,
2405 5883 2506 5943 ubi
2534 5881 2733 5962 eadem
2761 5881 2959 5940 oratio.
