3976 6420
461 423 562 474 35:;
1249 408 1578 463 APPENDIX
1619 407 1704 460 Al)
1739 406 1956 460 opum
1995 401 2227 457 SANCTI
2263 401 2558 456 CERMANI
2599 399 3021 454 PARISIENSIS.
3719 398 3832 449 32a;

1081 520 1203 568 Post
1233 520 1453 566 secreta.
2100 510 2382 595 Aﬁducia
2421 509 2777 580 resurgendi.
2819 508 2997 578 Digne
3047 521 3184 578 ergo
3215 503 3561 560 adtentiores
3602 507 3661 556 et
3703 502 3833 556 fre-

530 605 728 677 Aspice
748 616 773 645 ι
800 602 1015 658 sincero
1034 601 1215 667 νιιηιιν
1235 601 1328 672 Pie
1344 599 1660 668 miserat”,
1674 597 1796 652 11330
1815 609 2075 664 munem,
2181 603 2504 676 quentiores
2541 618 2644 674 pro
2674 600 2891 656 ratione
2919 599 3190 672 temporis
3225 597 3420 670 ipsius,
3449 595 3722 668 puriores
3757 595 3838 648 ad

459 701 555 772 (Ιυί
585 713 807 768 semper
831 713 888 750 ‘35
925 710 1239 768 Ριόρθῐιδιιε
1264 693 1334 748 ad
1361 693 1541 761 dona;
1581 695 1644 746 ut
1667 691 1788 762 ἱρδίι
1823 693 2077 745 contem“
2179 697 2525 752 audiendum
2575 694 2906 766 Symbolum
2947 691 3277 749 convenitis.
3337 689 3624 762 Quicquid
3666 687 3835 743 enim

457 792 702 864 platione
763 790 946 844 oblata
995 787 1303 844 sanctiﬁces
1345 786 1590 842 naturali
1627 785 1936 854 majestate,
1982 781 2081 852 qui
2178 791 2605 864 praeformatum
2632 789 2798 844 estin
2824 786 3178 860 patriarchis,
3212 783 3483 858 quicquid
3511 781 3838 838 denuncia-

455 888 728 958 perpetuo
749 887 973 938 sanctus
995 899 1073 947 es,
1097 887 1154 937 et
1172 885 1366 936 sancta
1391 879 1632 950 largiris.
1651 880 1755 934 Per
1777 877 2079 933 Dominum
2179 889 2303 941 tum
2333 889 2418 940 est
2443 883 2502 938 in
2527 881 2850 954 Scripturis,
2890 881 3160 953 quicquid
3203 878 3580 952 praedicatum
3629 880 3718 931 est
3769 875 3837 930 in

456 983 717 1034 nostrum
739 979 764 1033 J
771 993 931 1032 esum
955 976 1240 1031 Christum
1261 975 1462 1028 Filium
1491 978 1677 1028 tuum.

893 1072 1138 1124 Collectio
1179 1075 1294 1122 ante
1337 1069 1643 1122 orationem.

527 1156 946 1212 Venerabilibus
975 1154 1258 1210 informati
1279 1150 1820 1226 praeceptis,incitati
1844 1165 2079 1206 munere

454 1249 695 1323 pietatis,
723 1250 821 1321 qui
848 1249 1032 1304 Maria:
1059 1248 1245 1303 ﬂentis
1270 1247 1548 1319 lacrymas
1571 1263 1686 1301 non
1715 1245 1954 1317 spernis,
1984 1245 2080 1298 La-

453 1360 579 1398 zaro
609 1343 910 1413 dignanter
929 1346 1375 1414 cognomentum
1402 1340 1590 1397 fratris
1614 1339 1878 1411 imponis,
1901 1338 2080 1393 Eccle-

453 1439 551 1493 siae
587 1437 802 1492 soboles
833 1437 1083 1509 appellas
1109 1453 1205 1490 ore
1233 1436 1429 1507 gratiae
1455 1435 1778 1504 coheredes,
1810 1432 1912 1488 tibi
1942 1448 2076 1503 sup-

451 1531 623 1604 plices
648 1531 954 1586 clamamus
981 1540 1037 1586 et
1067 1530 1304 1586 dicimus
1334 1547 1347 1584 :
1375 1531 1540 1584 Pater
1563 1532 1774 1584 noster.

870 1630 994 1678 Post
1016 1627 1305 1678 orationem
1330 1626 1673 1676 Dominicam.

523 1712 752 1778 Exerce,
784 1710 1072 1778 liberator,
1100 1709 1162 1764 in
1198 1707 1360 1764 nobis
1400 1707 1547 1779 juris
1581 1705 1798 1780 proprii
1843 1705 2074 1760 faculta-

451 1810 588 1875 tem,
619 1804 716 1876 qui
744 1806 1013 1859 Lazarum
1036 1803 1262 1872 virtute,
1291 1801 1518 1857 Mariam
1545 1800 1776 1873 pietate,
1805 1799 2079 1856 Martham

2178 977 2488 1051 prophetis,
2511 977 2598 1032 vel
2624 976 2693 1031 de
2719 977 2832 1031 Deo
2855 975 3134 1046 ingenito,
3161 973 3250 1028 vel
3276 989 3346 1028 ex
3373 973 3485 1026 Deo
3533 969 3599 1026 in
3639 970 3834 1024 Deum

2179 1077 2332 1142 nato,
2363 1073 2449 1127 vel
2477 1071 2546 1126 de
2575 1069 2785 1142 Spiritu
2811 1074 3001 1124 sancto
3033 1066 3308 1140 (quamvis
3332 1066 3584 1121 latenter
3625 1067 3831 1119 osten-

2179 1183 2305 1221 sum
2335 1166 2422 1236 sit)
2447 1165 2533 1219 vel
2559 1165 2628 1220 de
2654 1162 2996 1234 suscipiendi
3020 1161 3270 1217 hominis
3307 1162 3692 1227 sacramento,
3736 1156 3836 1210 vel

2179 1260 2248 1314 de
2273 1263 2454 1314 morte
2481 1257 2726 1328 Domini,
2750 1255 3290 1326 resurrectionisque
3308 1249 3505 1326 348
3521 1249 3831 1322 mysterio,

2179 1355 2362 1408 totum
2390 1353 2494 1407 hoc
2524 1353 2692 1406 breve
2735 1355 2956 1405 tantum
2985 1350 3153 1420 juxta
3191 1347 3488 1402 oraculum
3525 1343 3836 1417 prepheti-

2180 1463 2311 1502 cum
2338 1445 2634 1517 Symbolus
2663 1445 2722 1499 in
2747 1461 2805 1499 sc
2831 1443 3099 1510 continet,
3121 1440 3463 1497 continendo
3491 1443 3548 1494 et
3575 1437 3832 1492 salutem

2179 1544 2454 1609 nostram,
2488 1538 2860 1594 conlationem
2898 1535 3049 1604 ﬁdei,
3093 1539 3149 1590 et
3192 1533 3456 1607 gratiam,
3502 1531 3829 1604 professio-

2177 1651 2312 1688 nem
2338 1632 2586 1704 mysterii
2617 1631 2912 1686 memoriae
2940 1631 3227 1685 instruens
3270 1625 3833 1683 commendandam.

2178 1727 2285 1783 Sed
2304 1726 2427 1798 jam
2455 1725 2525 1781 ad
2546 1725 2702 1781 istius
2738 1723 3072 1779 sacramenti
3106 1720 3521 1794 plenitudinem
3561 1725 3829 1775 textum-

2178 1837 2287 1894 que
2308 1820 2622 1884 veniamus,
2650 1819 2802 1892 quod
2831 1818 2889 1873 in
2916 1818 3022 1873 hoc
3051 1817 3224 1872 modo
3247 1815 3469 1886 incipit.

450 1899 643 1953 labore
668 1914 1024 1966 remuneras;
1054 1896 1303 1950 favorem
1343 1894 1524 1966 plebis
1554 1893 1783 1964 excipis,
1836 1899 1892 1948 et
1927 1893 2077 1964 pacis
2098 1894 2153 1966 B
2198 1893 2201 1894 ⁷
2249 1915 2426 1970 Credo
2451 1914 2707 1969 inDeum
2737 1915 2961 1968 patrem
2987 1911 3462 1982 omnipotentem,
3489 1908 3833 1964 Creatorem

450 2009 583 2048 voce
613 1992 853 2046 concina
881 1989 1156 2060 gloriaris.
1186 1991 1292 2044 Per
1319 1989 1480 2042 Dom.
1509 1991 1788 2042 nostrum.

999 2085 1301 2137 Benedictio
1323 2085 1521 2149 p0puli.

523 2165 712 2242 34⁸7
745 2169 1067 2222 Perseveret
1091 2167 1150 2221 in
1178 2167 1288 2236 his,
1328 2165 1582 2234 Domine,
1623 2166 1844 2222 caeleste
1885 2167 2074 2238 signa-

450 2261 664 2332 culum,
695 2260 849 2332 quod
878 2261 939 2314 in
967 2259 1046 2314 eis
1075 2260 1332 2314 conferre
1364 2259 1630 2330 dignatus
1662 2275 1720 2314 es
1751 2259 1817 2329 ~2‘;
1846 2263 1912 2314 ut
1938 2277 2074 2331 pro—

451 2356 582 2410 tecti
634 2353 846 2426 Spiritu
897 2358 1110 2423 sancto,
1159 2351 1576 2408 incrementum
1628 2352 1779 2422 ﬁdei,
1839 2353 2074 2408 tutelam

447 2447 748 2516 mentium,
803 2445 1100 2502 sanitatem
1143 2462 1448 2519 corporum
1499 2445 1766 2519 consequi
1812 2461 2073 2502 merean-

451 2547 546 2597 tur
573 2546 630 2608 +.

516 2634 768 2690 Concede
791 2634 852 2689 in
880 2633 968 2688 his
1011 2633 1389 2690 immaculata:
1438 2633 1568 2688 vitae
1615 2633 1858 2704 divitias,
1903 2633 2074 2689 ﬁdem

445 2733 658 2786 rectam
667 2770 680 2795 ,
697 2743 894 2800 pacem
905 2727 1203 2798 sinceram,
1216 2727 1547 2800 patientiam
1559 2731 1830 2794 sanctam,
1847 2727 2074 2782 humili-

444 2827 617 2878 tatem
643 2821 984 2892 religiosam,
1014 2827 1071 2876 et
1100 2821 1502 2876 conscientiam
1527 2837 1732 2892 puram
1746 2818 1804 2881 ἰη
1834 2821 2070 2893 Prospe-

444 2920 532 2970 ret
559 2915 638 2970 eis
664 2913 914 2969 sanitatis
955 2914 1171 2983 laetitia,
1205 2915 1369 2984 plena
1414 2913 1815 2968 incolumitatis
1843 2915 2069 2986 gaudia,

443 3013 500 3064 et
536 3007 974 3064 inluminatione
1022 3011 1326 3076 interna—1';
1365 3011 1431 3062 ut
1466 3012 1653 3062 sancte
1696 3008 1963 3078 viventes,
2002 3010 2070 3064 de

443 3103 549 3158 hac
568 3101 772 3156 humili
799 3103 1134 3172 terrenaque
1173 3101 1428 3172 prosapia
1463 3101 1700 3156 heredes
1737 3102 1983 3157 caelestes
2012 3103 2072 3158 in

441 3195 539 3251 illo
563 3195 743 3251 beata:
776 3193 971 3267 gloriae
1000 3210 1177 3266 regno
1205 3211 1336 3250 cum
1369 3193 1560 3250 electis
1601 3195 1818 3268 angelis
1860 3201 1915 3252 te
1961 3197 2068 3268 hy-

441 3305 578 3346 mno
604 3289 963 3344 confessionis
990 3287 1109 3344 sine
1127 3287 1239 3345 ﬁne
1259 3289 1617 3347 conlaudent.
1639 3292 1744 3346 Per
1769 3291 2071 3346 Dominum

440 3388 722 3439 nostrum.

841 3453 1074 3504 Prmfatio
1108 3456 1226 3518 post
1257 3453 1654 3504 Eucharistiam.

509 3534 782 3606 Acceptis,
837 3535 1038 3590 fratres
1079 3533 1372 3604 carissimi,
1425 3534 1769 3606 spiritalibus
1809 3534 1968 3603 cibis,
2014 3541 2071 3592 et

437 3628 643 3684 Christi
703 3645 901 3684 cruore
949 3631 1194 3701 gustato,
1236 3632 1496 3700 petamus
1546 3632 1612 3684 ut
1645 3627 1926 3700 possideat
1963 3646 2067 3703 pe-

435 3727 608 3794 ctora,
635 3723 734 3796 qui
772 3725 966 3777 nostra
1005 3739 1103 3778 ora
1153 3722 1419 3794 dignatus
1461 3726 1546 3776 est
1581 3721 1924 3778 sanctificare
1964 3739 2070 3795 per

432 3833 714 3872 munera:
763 3817 881 3888 ipse
931 3816 1180 3888 corporis
1234 3816 1414 3870 nostri
1463 3820 1673 3888 purget
1710 3816 2063 3888 hospitium;

433 3914 664 3983 totoque
690 3909 988 3965 intrisecus
1002 3909 1233 3964 homine
1247 3910 1488 3979 deterso,
1507 3909 1860 3964 sanctiﬁcatis
1883 3927 2061 3965 mem-

437 4003 556 4058 bris
583 4003 812 4058 innovet
837 4002 1100 4074 spiritum
1129 4003 1490 4058 sanctiorem.

1109 4099 1389 4150 Collectio.

507 4181 672 4237 Panis
695 4181 824 4236 vitae
847 4185 1054 4236 nostra:
1082 4181 1286 4252 aspice,
1321 4181 1468 4235 Deus
1498 4196 1512 4236 :
1543 4180 1620 4235 sis
1655 4181 1904 4237 custodia
1937 4199 2062 4238 cor-

432 4289 664 4347 porum,
693 4275 768 4328 sis
794 4273 1128 4328 salviﬁcator
1145 4273 1485 4344 animarum,
1515 4278 1579 4329 ut
1609 4280 1836 4346 pectora
1874 4281 2063 4332 nostra

430 4373 587 4424 tanto
610 4369 814 4441 poculo
848 4368 1085 4440 ciboque
1125 4367 1364 4437 ﬁrmata,
1411 4367 1638 4423 inimica
1683 4369 1900 4424 subdoli
1940 4387 2057 4426 ser-

431 4461 616 4535 pentis
641 4461 1028 4518 blandimenta
1046 4479 1161 4516 non
1181 4461 1456 4534 quatiant.
1478 4464 1585 4518 Per
1611 4463 1772 4520 Dom.
1800 4468 2059 4521 nostrum

429 4557 620 4613 Iesum
645 4555 933 4614 Christum
962 4557 1188 4612 Filium.

723 4661 852 4716 XVI.
881 4662 918 4726 οξ·
955 4677 1148 4717 INCIPIT
1187 4677 1456 4718 sxrosmo
1496 4678 1750 4720 SYMBOLI.

501 4756 721 4814 Fratres
749 4759 1117 4830 dilectissimi,
1145 4759 1322 4816 virtus
1351 4765 1435 4816 est
1459 4761 1792 4817 sacramenti
1821 4761 2051 4817 inlumi-

427 4851 579 4908 natio
606 4853 845 4924 animae;
875 4853 1165 4926 plenitudo
1189 4860 1274 4910 est
1306 4855 1567 4910 credendi
1593 4855 1655 4910 in
1698 4871 1784 4925 eo,
1813 4857 1914 4928 qui
1951 4857 2051 4910 do-

425 4950 602 5016 cetur,
633 4965 697 5004 ac
727 4947 963 5004 discitur
986 4966 1003 5019 ;
1038 4954 1094 5004 et
1122 4949 1314 5004 Unitas
1342 4955 1424 5004 est
1451 4949 1756 5017 Trinitatis,
1785 4954 1842 5005 et
1868 4950 2052 5005 Trini-

425 5047 510 5096 tas
551 5043 808 5098 distincta
873 5043 1149 5115 personis,
1206 5049 1262 5098 et
1312 5043 1600 5115 opulentia
1649 5044 1942 5115 Creatoris,
1998 5048 2054 5099 et

424 5135 738 5208 redemptio
762 5137 1059 5209 passionis.
1089 5139 1202 5193 Hoc
1231 5154 1410 5193 nexus
1440 5138 1785 5194 inﬁdelitatis
1810 5140 2049 5196 absolvi-

423 5229 536 5301 tur,
563 5231 670 5286 hoc
694 5231 824 5286 vitze
842 5232 1023 5302 janua
1047 5232 1334 5302 panditur,
1359 5232 1465 5287 hoc
1484 5233 1664 5304 gloria
1689 5235 2052 5291 confessionis

421 5324 755 5380 ostenditur.
783 5324 1101 5395 Symbolus,
1130 5325 1493 5397 dilectissimi,
1526 5328 1710 5383 brevis
1737 5333 1821 5384 est
1844 5329 2046 5399 verbis,

422 5417 521 5471 sed
546 5433 789 5486 magnus
815 5421 901 5471 est
923 5418 1321 5488 sacramentis;
1349 5436 1552 5490 parum
1597 5422 1896 5478 ostendens
1937 5423 2048 5478 im-

421 5508 740 5564 minutione
758 5509 1093 5576 latitudinis,
1120 5512 1217 5566 sed
1241 5516 1425 5567 totum
1454 5514 1746 5569 continens
1778 5533 2046 5589 compen-

420 5603 513 5659 dio
541 5602 861 5658 brevitatis:
909 5603 1148 5675 exiguus
1196 5609 1262 5660 ut
1301 5607 1637 5662 memoriam
1675 5624 1790 5663 non
1825 5611 2046 5683 obruat,

419 5696 656 5753 diffusus
688 5701 753 5754 ut
804 5697 1238 5770 intelligentiam
1287 5702 1622 5772 supercedat
1638 5719 1656 5772 ;
1712 5704 2051 5761 conﬁrmans

422 5807 619 5849 omnes
653 5792 1002 5867 perfectione
1047 5793 1336 5866 credendi,
1391 5795 1668 5852 desiderio
1707 5798 2007 5856 conﬁtendi
2031 5843 2045 5872 ,

488 5931 512 5962 ι
553 5921 676 5976 Haec
694 5925 750 5977 et
777 5920 904 5978 dua).
931 5927 1226 5996 sequentes
1251 5921 1530 5981 orationes
1562 5925 1796 5983 ibidem.

2177 2009 2298 2064 caeli
2347 2013 2404 2064 et
2435 2012 2623 2064 terrae:
2676 2009 2743 2063 Et
2783 2006 2844 2061 in
2876 2007 3064 2062 Iesum
3099 2004 3391 2060 Christum
3440 2001 3651 2057 Filium
3701 2003 3834 2074 ejus

2176 2103 2429 2173 unicum,
2459 2101 2761 2157 Dominum
2795 2104 3075 2156 nostrum.
3120 2098 3227 2163 Qui
3267 2100 3576 2173 conceptus
3623 2100 3717 2150 est
3759 2096 3833 2150 de

2176 2196 2387 2268 Spiritu
2416 2199 2640 2265 sancto;
2671 2199 2838 2250 natus
2864 2210 2933 2248 ex
2956 2193 3126 2249 Maria
3165 2191 3428 2263 Virgine;
3468 2206 3676 2262 passus
3719 2189 3832 2244 sub

2175 2290 2370 2346 Pontio
2424 2290 2633 2357 Pilato;
2683 2287 3004 2357 cruciﬁxus,
3059 2289 3365 2354 mortuus,.
3401 2285 3468 2361 et,
3517 2282 3830 2354 sepultus;

2175 2384 2338 2441 tertia
2365 2383 2453 2440 die
2479 2381 2789 2438 resurrexit
2829 2399 2863 2436 a
2907 2379 3180 2449 mortuis;
3225 2375 3480 2433 ascendit
3523 2375 3715 2432 victor
3758 2376 3834 2432 ad

2175 2478 2370 2547 caelos;
2400 2477 2545 2532 sedit
2567 2477 2640 2531 ad
2668 2476 2958 2532 dexteram
3001 2473 3101 2529 Dei
3138 2471 3320 2528 Patris
3362 2469 3828 2542 omnipotentis;

2173 2573 2304 2627 inde
2332 2575 2602 2626 venturus
2628 2569 2884 2640 judicare
2912 2568 3065 2622 vivos
3105 2571 3162 2622 et
3199 2569 3478 2620 mortuos.
3529 2564 3722 2619 Credo
3768 2564 3832 2618 in

2173 2669 2364 2720 sancto
2395 2663 2624 2736 Spiritu,
2655 2667 2844 2718 sancta
2875 2660 3117 2717 Ecclesia
3145 2659 3442 2729 catholica,
3481 2662 3830 2714 sanctorum

2172 2757 2651 2827 communionem,
2683 2773 2746 2811 ac
2779 2756 3172 2811 remissionem
3197 2758 3586 2826 peccatorum,
3631 2753 3832 2808 carnis

2171 2851 2661 2921 resurrectionem,
2689 2849 2862 2905 vitam
2888 2854 3181 2905 aeternam.

2243 2945 2570 3017 Symbolum
2599 2943 2768 3014 istud,
2809 2942 3176 3011 dilectissimi,
3203 2959 3318 2997 non
3355 2943 3684 2998 atramento
3721 2942 3825 2997 de-

2170 3040 2446 3112 pingitur,
2477 3039 2573 3092 sed
2599 3036 2865 3092 humanis
2906 3037 3169 3092 cordibus
3204 3036 3486 3092 insertum
3532 3038 3829 3092 memoria

2169 3133 2468 3188 retinetur.
2504 3139 2547 3204 Β)
2573 3131 2769 3187 Credo.

2244 3229 2446 3283 Iterato
2474 3226 2630 3282 vobis
2655 3224 2987 3298 repetimus,
3029 3239 3144 3296 quo
3181 3222 3405 3279 facilius
3443 3240 3582 3280 eum
3620 3228 3825 3282 tenere

2171 3321 2413 3394 possitis.
2447 3323 2491 3390 η)
2519 3320 2716 3376 Credo.

2243 3416 2408 3473 Credo
2433 3417 2492 3468 in
2525 3417 2692 3469 Deum
2716 3416 2950 3470 Patrem.
2981 3415 3048 3470 Et
3072 3412 3207 3487 quia
3229 3411 3321 3468 lex
3346 3416 3561 3468 nostrae
3592 3413 3735 3470 ﬁdei
3763 3414 3826 3470 in

2169 3508 2441 3564 Trinitate
2470 3507 2742 3578 consistit,
2778 3509 2944 3563 tertio
2976 3507 3309 3580 repetimus,
3339 3511 3408 3562 ut
3444 3506 3566 3579 ipse
3605 3525 3821 3564 nume-

2169 3619 2266 3658 rus
2299 3602 2646 3674 repetitionis
2692 3618 2820 3658 cum
2863 3602 3028 3674 signo
3068 3601 3256 3658 veniat
3289 3599 3604 3656 Trinitatis.
3649 3603 3824 3661 Credo

2167 3699 2228 3752 in
2251 3700 2418 3753 Deum
2436 3699 2673 3752 Patrem.
2703 3697 2852 3767 Ergo
2879 3696 2939 3750 in
2963 3696 3152 3768 primo
3181 3695 3356 3750 habet
3396 3695 3593 3752 Credo.
3649 3696 3824 3751 Vides

2167 3791 2320 3863 quod
2355 3791 2503 3845 Deus
2546 3793 2738 3845 noster
2777 3806 2893 3844 non
2936 3807 3033 3844 vos
3070 3789 3238 3862 jubet
3274 3789 3558 3844 discutere
3597 3789 3824 3860 judicia

2167 3885 2374 3954 divina,
2419 3884 2518 3939 sed
2559 3883 2826 3953 credere;
2872 3899 2977 3938 nec
3015 3883 3296 3938 rationem
3335 3881 3661 3954 requirere,
3720 3883 3822 3938 sed

2165 3978 2336 4034 ﬁdem
2364 3977 2690 4049 simpliciter
2718 3981 2774 4032 et
2797 3975 3168 4032 immobiliter
3201 3975 3499 4031 adhibere.
3541 3979 3607 4032 In
3646 3980 3819 4032 Deum

2163 4073 2400 4127 Patrem.
2434 4071 2720 4127 Advortite
2755 4071 2907 4143 quod
2945 4070 3084 4125 dum
3124 4069 3220 4126 Dei
3259 4069 3439 4124 Patris
3489 4085 3714 4125 nomen
3758 4070 3821 4125 in

2162 4164 2508 4220 confessione
2543 4164 2862 4237 conjungit,
2895 4163 3141 4219 ostendit
3179 4163 3331 4236 quod
3356 4179 3476 4218 non
3499 4168 3638 4218 ante
3668 4165 3821 4220 Deus
3885 4145 3897 4156 ’

2161 4275 2280 4314 esse
2307 4258 2557 4330 coeperit,
2587 4263 2643 4312 et
2677 4263 2869 4330 postea
2892 4259 3078 4329 Pater,
3111 4258 3207 4313 sed
3234 4257 3356 4312 sine
3383 4258 3503 4312 ullo
3544 4257 3719 4314 initio
3763 4263 3822 4314 et

2161 4353 2306 4408 Deus
2335 4369 2558 4425 semper
2583 4356 2639 4407 et
2667 4353 2851 4406 Pater.
2883 4352 3023 4417 Quia
3051 4368 3190 4424 ergo
3217 4368 3443 4424 semper
3469 4352 3581 4408 fuit
3620 4355 3815 4422 Pater,

2161 4463 2384 4520 semper
2409 4445 2607 4502 habuit
2627 4445 2829 4500 Filium
2855 4446 3016 4517 cujus
3036 4447 3202 4502 Pater
3230 4451 3336 4502 est.
3375 4447 3816 4517 Omnipotentem

2158 4558 2291 4596 vero
2327 4541 2454 4596 ideo
2479 4540 2638 4610 dixit,
2667 4539 2804 4612 quia
2827 4539 3017 4595 omnia
3042 4544 3259 4612 potest;
3289 4541 3498 4613 cuique
3527 4541 3680 4598 nihil
3706 4543 3815 4598 im-

2075 4635 2135 4709 D
2158 4635 2423 4708 possibile
2451 4639 2534 4690 est
2561 4653 2575 4690 :
2609 4633 2741 4706 quia
2759 4633 2982 4706 caelum,
3009 4638 3242 4706 terram,
3283 4651 3466 4706 mare,
3509 4636 3807 4709 homines,

2155 4729 2339 4802 adque
2365 4729 2557 4783 omnia
2583 4727 2872 4798 animalia,
2917 4744 3033 4783 non
3072 4727 3264 4801 aliquo
3305 4729 3494 4801 operis
3529 4733 3669 4786 actu
3708 4738 3812 4788 aut

2153 4823 2409 4894 artiﬁcio,
2440 4823 2536 4878 sed
2567 4822 2684 4878 solo
2711 4821 2920 4878 creavit
2945 4821 3207 4894 imperio.
3249 4823 3318 4878 Et
3339 4821 3470 4878 ideo
3497 4840 3619 4880 non
3645 4827 3810 4882 venit

2151 4917 2212 4972 in
2237 4917 2601 4990 cogitatione,
2635 4917 2921 4989 quomodo
2947 4916 3054 4971 hoc
3080 4921 3179 4973 aut
3203 4917 3345 4972 illud
3368 4920 3626 4990 potuerit
3653 4920 3806 4992 ﬁeri,

2152 5011 2253 5083 qui
2303 5011 2764 5083 Omnipotentem
2802 5027 3105 5084 precamur
3143 5011 3424 5068 conﬁteri.
3489 5015 3806 5072 Creatorem

2153 5106 2272 5161 εκιί
2311 5111 2362 5160 et
2414 5110 2588 5160 terrae.
2638 5106 2748 5160 Hoc
2780 5106 2876 5176 ait,
2933 5105 3086 5178 quod
3128 5105 3392 5178 superius
3443 5107 3614 5177 dixit,
3667 5109 3806 5182 quia

2151 5198 2342 5254 omnia
2369 5199 2486 5254 sola
2509 5198 2666 5254 verbi
2691 5203 2964 5272 potestate
2989 5199 3229 5270 perﬁcit.

2223 5293 2389 5352 Credo
2415 5296 2472 5348 in
2519 5295 2711 5349 Filium
2749 5294 2879 5365 ejus.
2921 5293 3208 5349 Advertite
3247 5295 3542 5368 quomodo
3580 5295 3643 5353 in
3693 5298 3801 5354 Pa-

2149 5391 2318 5456 trem,
2345 5388 2423 5442 sic
2460 5391 2517 5444 et
2539 5387 2598 5442 in
2627 5387 2830 5443 Filium
2864 5387 2936 5442 sit
2969 5388 3360 5445 credendum:
3416 5394 3474 5446 et
3513 5392 3618 5464 qui
3665 5410 3803 5449 cum

2219 5643 2418 5696 Desunt
2443 5643 2606 5696 etiam
2630 5643 2714 5696 hic
2742 5642 2903 5708 folia.

2482 5735 2634 5790 XVII.
2676 5750 2830 5790 manu
2871 5751 2902 5788 ν
2942 5751 2995 5792 m
3036 5752 3190 5794 cum
3229 5753 3446 5796 bonum.

2154 5845 3793 5872 οοοοοοοσοοοοοοοοιοοοοοιοοοι.
