3976 6430
150 377 238 428 357
1227 379 1314 436 DE
1350 382 1661 439 LITURGIA
1696 386 2064 442 GALLICANA
2102 388 2298 444 LIBER
2337 389 2424 443 III.

3398 396 3498 451 358

149 478 334 578 34-9
361 480 626 578 gratiam
657 481 925 578 utilitatis
965 485 1232 554 indulsit;
1269 491 1326 542 et
1366 490 1786 560 plenitudinem
1807 505 1866 578 A
1887 511 2086 550 cruore
2111 499 2358 566 gustato,
2392 498 2654 567 petamus
2695 499 2755 551 ut
2795 495 3085 568 possideat
3116 501 3370 569 pectora,
3403 503 3499 571 qui

147 577 248 628 tua:
265 573 702 630 benedictionis
721 575 950 647 adjecit.
968 579 1078 633 Per
1095 579 1248 635 hunc
1269 597 1407 653 ergo
1429 585 1504 649 te,
1521 583 1780 652 Domine,

144 683 239 737 per
259 681 440 736 quem
460 683 696 734 omnes,
715 668 850 722 licet
864 669 1260 742 indignorum,
1281 677 1536 728 attamen
1553 675 1785 730 creden-

144 759 283 812 tium
311 775 523 829 preces
551 760 823 831 placabili
855 778 992 818 aure
1023 765 1276 831 exaudis,
1306 767 1636 838 suppliciter
1664 785 1783 823 ora-

144 869 284 918 mus,
316 856 384 906 ut
408 852 570 920 huic,
604 855 763 926 quod
795 855 1114 924 offerimus,
1144 862 1438 929 unguento
1466 877 1531 914 ex
1557 877 1782 915 aroma-

145 944 286 1000 tibus
312 944 475 1000 horti
504 945 592 1000 tui
623 951 682 1002 et
705 948 955 1019 paradisi
977 949 1060 1004 tui
1081 950 1223 1005 ﬂore
1244 955 1520 1023 perpetuo
1543 954 1783 1008 odorem

145 1037 439 1092 suavitatis
459 1038 718 1108 injicias;
749 1043 1075 1096 accumules
1103 1043 1340 1115 insuper
1359 1061 1488 1100 eam
1513 1045 1780 1116 gratiam,

145 1147 394 1201 eamque
421 1131 720 1201 virtutem,
753 1150 867 1204 qua
897 1135 1192 1205 quondam
1219 1153 1405 1207 reges,
1437 1138 1780 1205 sacerdotes,

119 1223 480 1294 -prophetas,
511 1241 694 1280 cornu
723 1242 758 1280 a
785 1226 1090 1282 dilectione
1121 1231 1221 1282 tua
1248 1229 1570 1284 exundante
1599 1232 1785 1302 perfu-

143 1333 247 1382 sos,
270 1316 489 1386 plenus
521 1317 849 1373 ofﬁciorum
871 1335 1108 1375 suorum
1131 1320 1501 1392 dignitatibus
1527 1323 1780 1390 induisti,
1887 1347 1894 1360 ·

143 1413 201 1463 ut
245 1425 387 1463 cum
436 1409 647 1465 exinde
698 1424 909 1466 novam
953 1413 1056 1468 tibi
1099 1414 1383 1469 familiam
1434 1415 1780 1481 unxerimus,

144 1503 561 1573 superveniens
588 1503 649 1558 in
685 1520 804 1572 eos,
839 1506 1247 1577 cooperatione
1277 1507 1520 1578 Spiritus
1544 1509 1624 1563 tui
1651 1525 1779 1563 san-

143 1595 230 1662 cti,
263 1612 418 1650 aura
455 1596 660 1667 gratia:
706 1598 949 1652 caelestis
993 1598 1273 1670 adspiret;
1320 1603 1382 1654 ut
1423 1601 1512 1655 bis
1555 1618 1781 1672 quoque

143 1705 264 1742 vere
293 1688 516 1744 Christi
561 1689 645 1743 tui
683 1693 741 1744 et
775 1690 900 1744 Filii
937 1691 1041 1758 tui,
1075 1692 1257 1746 sancti
1287 1692 1528 1764 Spiritus
1561 1693 1783 1765 inlapsa

140 1782 370 1848 virtute,
405 1781 738 1838 efﬁciantur
770 1784 940 1854 hujus
979 1800 1207 1856 semper
1250 1785 1501 1840 nominis
1545 1787 1812 1846 cohere-.

1801 1859 1856 1930 Β
1882 1860 2044 1915 nobis
2082 1861 2191 1932 piae
2227 1861 2519 1932 petitionis
2563 1863 2859 1930 effectum;
2889 1867 2953 1918 ut
2977 1865 3120 1919 sicut
3149 1866 3206 1920 in
3233 1866 3498 1922 Passione

143 1875 254 1930 des.
281 1875 404 1930 Per
435 1874 755 1932 Dominum
783 1879 1044 1932 nostrum
1066 1879 1281 1932 Iesum.

619 1959 742 2009 Post
765 1958 1000 2016 Sanctus,
1032 1959 1096 2008 Te
1122 1958 1312 2022 igitur.

207 2029 768 2098 Communicantes,
815 2032 874 2084 et
926 2029 1082 2084 diem
1131 2030 1579 2087 sacratissimum
1631 2034 1775 2088 cele-

141 2121 393 2191 brantes,
447 2139 566 2194 quo
617 2122 866 2178 traditus
918 2126 1004 2176 est
1050 2123 1330 2178 Dominus
1377 2128 1573 2180 noster
1621 2128 1780 2181 Iesus

143 2215 425 2282 Christus;
460 2215 567 2270 sed
598 2219 657 2270 et
681 2214 1031 2270 memoriam
1056 2219 1416 2272 venerantes.
1637 2285 1641 2292 ι

205 2309 362 2364 Hanc
411 2308 597 2380 igitur
628 2309 1018 2377 oblationem,
1050 2325 1224 2380 quam
1255 2309 1355 2364 tibi
1385 2309 1678 2364 offerimus
1707 2311 1778 2365 ob

143 2401 288 2456 diem
310 2401 538 2473 jejunii
563 2402 754 2457 Coenus
783 2401 1118 2470 Dominicm,
1149 2401 1209 2456 in
1231 2418 1346 2473 qua
1369 2403 1650 2457 Dominus
1674 2420 1778 2458 no-

127 2499 250 2564 ster
272 2497 446 2551 Iesus
487 2494 748 2550 Christus
779 2495 948 2549 Filius
982 2497 1112 2549 tuus
1149 2495 1210 2548 in
1241 2511 1388 2550 novo
1413 2497 1778 2551 Testamento

143 2587 506 2644 sacriﬁcandi
552 2587 731 2642 ritum
771 2587 1038 2656 instituit,
1072 2587 1210 2642 dum
1248 2605 1460 2660 panem
1491 2605 1556 2642 ac
1580 2589 1776 2643 vinum

144 2683 282 2753 (quae
307 2680 700 2738 Melchisedec
729 2681 788 2734 in
824 2681 1292 2752 praeﬁguratione
1319 2681 1496 2736 futuri
1525 2681 1779 2752 mysterii

142 2775 409 2830 sacerdos
440 2774 756 2845 obtulerat)
783 2774 842 2828 in
873 2776 1236 2829 sacramento
1272 2773 1414 2845 [Leg.
1450 2791 1776 2829 sacramen-

143 2868 277 2939 tum]
305 2868 401 2922 sui
432 2866 698 2939 corporis
729 2870 787 2921 et
825 2866 1121 2938 sanguinis
1148 2867 1594 2936 transform'avit,
1623 2885 1774 2940 quaa-

141 2977 348 3030 sumus,
381 2959 671 3028 Domine,
710 2962 772 3014 ut
819 2961 1076 3030 placatus
1111 2958 1374 3031 accipias,
1409 2959 1642 3032 diesque
1676 2978 1776 3016 no-

142 3058 297 3111 stros.

207 3151 310 3216 Qui
337 3148 541 3222 pridie
571 3163 748 3220 quam
792 3164 898 3220 pro
943 3148 1206 3204 omnium
1247 3149 1428 3203 salute
1465 3150 1776 3220 pateretur,

1885 592 2080 644 nostra
2111 605 2212 644 ora
2239 589 2507 661 dignatus
2534 593 2644 656 est;
2672 589 2792 660 ipse
2813 590 3066 662 corporis
3091 591 3270 646 nostri
3294 598 3502 664 purget

1884 683 2126 749 ostium;
2156 685 2391 754 totoque
2410 682 2751 738 intrinsecus
2770 683 3006 738 homine
3029 683 3274 752 deterso,
3298 686 3502 740 sancti-

1882 775 2064 830 ﬁcatis
2102 775 2379 830 membris
2411 775 2647 832 innovet
2677 775 2939 846 spiritum
2974 776 3338 832 sanctiorem.
3366 781 3494 848 Per.

2433 863 2682 914 Collectio
2697 863 2944 927 sequitur.

1950 942 2117 997 Panis
2139 942 2268 998 vitae
2296 946 2504 998 nostris
2533 943 2742 1015 aspice,
2772 945 2921 998 Deus
2945 961 2958 999 :
2985 943 3057 998 sis
3081 945 3340 1000 custodia
3373 963 3496 1002 cor-

1883 1053 2111 1106 porum,
2129 1036 2204 1090 sis
2225 1036 2564 1092 salviﬁcator
2583 1037 2911 1092 animarum
2933 1054 2947 1104 ;
2970 1040 3033 1090 ut
3050 1042 3281 1108 pectora
3306 1044 3500 1096 nostra

1883 1132 2042 1183 tanto
2075 1129 2276 1200 poculo
2315 1129 2554 1201 ciboque
2585 1131 2833 1197 ﬁrmata,
2865 1129 3096 1186 inimica
3129 1131 3352 1187 subdoli
3382 1150 3497 1188 ser-

1882 1221 2070 1292 pentis
2093 1220 2493 1276 blandimenta
2515 1240 2632 1277 non
2659 1223 2938 1293 quatiant.
2966 1224 3075 1278 Per
3098 1225 3426 1280 Dominum.

2159 1315 2334 1369 XVIII.
2375 1330 2576 1371 INCIPIT
2613 1331 2809 1371 onum
2847 1333 2900 1372 IN
2935 1331 2990 1370 vI
3039 1333 3212 1374 manu.

1881 1405 2082 1462 Eadem
2117 1423 2240 1462 vero
2273 1407 2361 1462 die
2387 1424 2493 1463 non
2525 1409 2750 1472 salutat,
2780 1425 2885 1463 non
2902 1411 3114 1480 psallit.
3142 1414 3359 1482 Legitur
3382 1415 3500 1469 Lec-

1953 1497 2026 1549 tio
2053 1495 2196 1552 Osee.
2225 1499 2382 1566 Resp.
2412 1497 2657 1551 Domine
2697 1496 2906 1551 audivi.
2945 1501 3077 1554 Item
3110 1501 3226 1554 alia
3255 1500 3498 1558 :Mensis

1952 1583 2058 1637 iste
2083 1581 2447 1654 principium.
2483 1587 2681 1642 Cantat
2704 1604 2721 1640 :

1951 1676 2098 1730 Deus
2125 1692 2159 1730 a
2184 1692 2297 1746 quo
2325 1679 2382 1730 et
2405 1676 2580 1732 Iudas
2618 1681 2810 1732 reatus
2845 1677 2930 1732 sui
2958 1679 3216 1750 proditor
3241 1697 3495 1752 poenam,

1881 1769 1940 1822 et
1953 1768 2327 1823 confessionis
2343 1785 2457 1823 sum
2476 1770 2622 1824 latro
2641 1771 2943 1840 praemium
2965 1773 3228 1844 sumpsit,
3250 1775 3498 1829 concede

1880 1969 1979 2006 sua
2008 1955 2168 2008 Iesus
2193 1953 2446 2008 Christus
2475 1953 2752 2008 Dominus
2777 1959 2973 2010 noster
2996 1957 3217 2012 diversa
3247 1959 3499 2030 utrisque

1877 2044 2071 2100 intulit
2094 2045 2378 2116 stipendia
2410 2047 2773 2113 meritorum,
2801 2047 2900 2114 ita,
2927 2065 2961 2103 a
2999 2047 3163 2104 nobis
3189 2051 3378 2106 ablato
3403 2069 3497 2105 ve-

1878 2137 2105 2192 tustatis
2146 2154 2362 2204 errore,
2393 2141 2450 2192 et
2492 2139 2929 2195 resurrectionis
2965 2157 3080 2196 suae
3115 2141 3363 2212 gratiam
3385 2144 3495 2198 lar-

1919 2229 2088 2286 iatur.
2117 2232 2244 2286 Per.

1919 2246 2088 2286 Iatur.
2117 2246 2244 2286 Per.

1879 2246 1918 2302 8
1957 2320 2082 2368 Item
2108 2321 2226 2382 post
2247 2318 2526 2368 lectionem
2553 2319 2822 2383 Evangelii
2847 2321 3106 2372 orationes
3130 2322 3424 2374 sollemnes.

1949 2398 2206 2467 Oremus,
2235 2397 2586 2454 dilectissimi
2616 2399 2801 2468 nobis,
2824 2399 2884 2453 in
2909 2400 3110 2471 primis
3129 2419 3232 2472 pro
3253 2404 3500 2460 Ecclesia

1879 2493 2074 2544 sancta
2103 2490 2232 2558 Dei;
2261 2493 2324 2544 ut
2365 2507 2494 2545 eam
2530 2491 2678 2544 Deus
2724 2494 2782 2545 et
2821 2492 3096 2546 Dominus
3125 2498 3321 2550 noster
3343 2498 3498 2567 paci-

1877 2582 2068 2650 ﬁcare,
2095 2583 2474 2654 multiplicare
2503 2587 2561 2636 et
2589 2583 2874 2638 custodire
2915 2584 3184 2656 dignetur
3209 2591 3330 2643 toto
3361 2589 3498 2644 orbe

1877 2677 2180 2742 terrarum,
2225 2673 2528 2745 subjiciens
2573 2675 2626 2729 ci
2667 2676 3018 2748 principatus
3067 2682 3123 2734 et
3164 2683 3494 2751 potestates,

1823 2781 1826 2784 '
1879 2767 2089 2838 detque
2116 2767 2280 2822 nobis
2309 2767 2682 2838 tranquillam
2714 2771 2772 2822 et
2801 2769 3056 2840 quietam
3083 2771 3258 2827 vitam
3289 2773 3498 2844 degen-

1877 2861 2027 2915 tibus
2057 2861 2376 2931 gloriﬁcare
2409 2861 2590 2916 Deum
2613 2862 2842 2916 Patrem
2865 2863 3346 2934 omnipotentem.
3367 2868 3494 2922 Per.

2563 2955 2822 3009 Oremus.

1949 3031 2327 3104 Omnipotens
2355 3033 2705 3104 sempiterne
2732 3035 2899 3100 Deus,
2933 3035 3030 3105 qui
3059 3036 3307 3105 gloriam
3335 3039 3494 3092 tuam

1878 3124 2146 3180 omnibus
2165 3125 2224 3179 in
2247 3126 2468 3182 Christo
2491 3125 2758 3197 gentibus
2777 3127 3060 3194 revelasti,
3081 3129 3302 3184 custodi
3323 3146 3498 3201 opera

140 3217 420 3299 hodierha
455 3242 556 3297 die
585 3217 745 3296 gms
771 3217 830 3296 ίξι
860 3243 1056 3298 medio
1085 3217 1494 3315 discipulorun—I
1523 3257 1776 3309 suorum,
1799 3225 1854 3299 ρ
1876 3217 2283 3274 misericordiae
2315 3222 2446 3287 tuas,
2475 3222 2538 3273 ut
2562 3219 2808 3274 Ecclesia
2829 3223 2947 3274 toto
2975 3220 3111 3275 orbe
3140 3221 3362 3291 diffusa,
3389 3226 3498 3278 sta-

140 3337 352 3409 accepit
379 3351 632 3409 panem.
661 3337 734 3391 Et
756 3336 854 3391 rel.

411 3423 679 3476 Collectio
704 3425 822 3473 ante
850 3423 1141 3474 orationem
1166 3422 1508 3473 Dominicam.

202 3495 528 3553 Precamur
557 3511 732 3563 nunc,
755 3496 1002 3550 Domine
1021 3497 1184 3563 Deus,
1204 3498 1267 3550 ut
1286 3495 1779 3567 quemadmodum

139 3591 300 3646 Filius
321 3594 457 3646 tuus
480 3587 771 3644 Dominus
797 3593 990 3644 noster
1013 3589 1072 3644 in
1099 3588 1197 3643 illa
1217 3588 1533 3660 gratiarum
1555 3589 1778 3645 actione

137 3688 382 3740 mortem
412 3684 689 3738 nostram
735 3684 1096 3754 suscepturus
1136 3681 1362 3737 auditus
1391 3685 1495 3751 est,
1525 3681 1606 3737 ita
1627 3699 1780 3738 nunc

137 3780 191 3832 et
216 3795 321 3833 nos
363 3776 468 3850 qui
513 3773 711 3848 ipsum
757 3779 815 3830 et
853 3774 1029 3830 vitam
1069 3775 1191 3846 ejus
1235 3774 1564 3846 quaerimus,
1594 3775 1779 3831 audiri

136 3885 470 3927 mereamur
501 3865 567 3924 in
598 3867 884 3937 oratione,
917 3884 1093 3940 quam
1121 3884 1227 3924 nos
1261 3870 1505 3939 paterno
1530 3867 1777 3941 alloquio

137 3981 294 4022 orare
327 3964 560 4030 docuit,
591 3962 790 4017 dicens
819 3979 833 4018 :
867 3963 1055 4017 Pater.

735 4051 860 4100 Post
891 4049 1202 4100 orationem.

199 4123 452 4181 Domine
478 4123 642 4178 Deus
672 4121 1064 4194 omnipotens,
1091 4121 1276 4176 libera
1315 4137 1420 4176 nos
1449 4137 1483 4176 a
1519 4120 1692 4189 malo,
1722 4122 1783 4176 et

133 4217 190 4274 in
217 4223 486 4290 tempore
523 4218 764 4286 accepto
797 4215 950 4270 salva
977 4231 1110 4281 nos;
1138 4217 1202 4269 ut
1239 4213 1384 4270 sicut
1415 4214 1475 4270 in
1503 4215 1774 4270 condem-

136 4312 365 4368 natione
415 4311 506 4367 tui
573 4308 931 4382 perﬁdorum
981 4307 1270 4380 piaculum
1320 4308 1470 4362 salus
1517 4307 1777 4364 omnium

133 4406 255 4475 fuit,
286 4405 368 4461 sic
397 4421 512 4477 pro
555 4401 958 4458 misericordia
983 4401 1308 4456 communis
1333 4401 1533 4472 gratiae
1561 4401 1633 4455 sit
1660 4401 1776 4456 cul-

135 4501 222 4553 tus
249 4499 354 4554 iste
380 4495 786 4554 credentibus.
815 4495 962 4560 Quia
991 4493 1092 4549 tibi
1118 4497 1205 4549 est
1229 4494 1414 4566 gloria
1449 4497 1588 4566 aput
1611 4497 1774 4549 aeter-

136 4609 271 4648 num
297 4594 566 4659 Patrem,
596 4605 729 4644 cum
757 4605 870 4660 quo
895 4589 1100 4644 beatus
1123 4588 1279 4643 vivis.

617 4675 918 4728 Benedictio
951 4675 1015 4726 ad
1043 4677 1312 4741 populum.

201 4749 477 4818 Benedic,
532 4745 804 4815 Domine,
853 4747 1003 4802 hanc
1050 4745 1332 4802 familiam
1379 4749 1556 4815 tuam,
1605 4762 1778 4818 quam

131 4843 418 4914 plasmare
441 4839 727 4914 dignatus
747 4857 808 4896 es
825 4856 891 4895 ex
912 4857 1095 4908 coeno,
1118 4843 1178 4896 et
1196 4840 1464 4911 deinceps
1492 4837 1684 4912 350
1703 4839 1780 4894 vi-

132 4936 356 4994 viﬁcare
382 4952 498 5010 per
527 4926 826 4990 lavacrum
849 4950 864 4989 :
887 4937 1115 5005 praesta,
1136 4936 1200 4988 ut
1225 4950 1369 5004 quos
1395 4932 1647 5004 perdidit
1664 4931 1780 4988 vita

131 5046 232 5100 per
261 5034 530 5103 gustum,
567 5042 728 5084 mors
768 5025 1024 5082 reddidit
1060 5042 1164 5098 per
1199 5025 1538 5098 patibulum,
1571 5025 1778 5081 merita

134 5123 462 5194 gloriﬁcent
506 5136 620 5194 per
658 5117 1040 5182 adventum‘l'.
1067 5121 1142 5175 Ut
1176 5137 1294 5176 non
1321 5119 1381 5174 in
1408 5119 1491 5174 eis
1525 5119 1780 5175 inveniat

134 5217 362 5273 dolosus
396 5215 596 5273 hostis
635 5231 742 5286 per
781 5230 880 5270 eos
924 5213 1080 5284 quod
1115 5213 1321 5285 capiat,
1365 5212 1558 5267 divina
1598 5211 1780 5284 pietas

136 5311 284 5383 quod
331 5309 616 5382 repellat,
661 5307 836 5362 ultrix
879 5306 1120 5362 flamma
1159 5305 1314 5378 quod
1360 5307 1555 5361 smviat
1568 5305 1623 5368 οξο.
1666 5305 1778 5362 Sed

94 5423 112 5439 υ
134 5420 258 5459 cum
297 5402 570 5458 terribile
619 5399 761 5455 illud
792 5399 996 5469 judicii
1034 5402 1266 5471 tempus
1287 5398 1615 5472 advenerit,
1642 5399 1778 5454 tuba

135 5500 443 5553 evocentur
463 5493 546 5550 ad
563 5493 798 5560 calum,
817 5493 1041 5548 meritis
1061 5491 1342 5548 ducantur
1355 5492 1430 5547 ad
1449 5491 1776 5564 praemium,

136 5591 389 5660 palmam
415 5584 723 5659 accipiant
745 5588 875 5655 post
901 5584 1278 5657 triumphum.
1309 5583 1472 5650 Quod
1502 5590 1693 5656 praest.

676 5677 799 5728 Post
821 5677 1260 5730 communionem.

201 5753 538 5831 Acceptis',
577 5747 885 5820 carissimi,
916 5751 1264 5825 spiritalibus
1295 5751 1454 5822 cibis,
1487 5754 1548 5808 et
1571 5753 1778 5810 Christi
1838 5771 1847 5780 ·

204 5889 228 5920 ι
252 5882 387 5939 Haec
418 5883 482 5936 et
510 5891 774 5950 sequens
803 5876 984 5933 oratio
1014 5877 1198 5933 exstat
1219 5893 1408 5948 supra,
1431 5892 1591 5934 num.
1620 5878 1703 5934 14.

1877 3310 1977 3366 bili
2021 3311 2133 3366 ﬁde
2172 3311 2233 3366 in
2275 3310 2697 3367 confessionem
2735 3312 2818 3366 tui
2857 3312 3110 3368 nominis
3151 3319 3491 3385 perseveret.

1877 3403 1985 3458 Per
2009 3403 2318 3458 Dominum
2345 3407 2626 3460 nostrum.
3473 3404 3478 3407 ’

1950 3495 2132 3570 351
2169 3497 2410 3552 Oremus
2439 3501 2497 3552 et
2520 3514 2624 3569 pro
2650 3495 2984 3552 beatissimo
3010 3513 3160 3570 papa
3185 3503 3402 3569 nostro,
3435 3506 3498 3556 ut

1877 3589 2027 3645 Deus
2056 3590 2440 3661 omnipotens,
2470 3589 2570 3661 qui
2596 3589 2770 3660 elegit
2795 3606 2928 3644 eum
2953 3589 3012 3644 in
3046 3590 3248 3646 ordine
3275 3593 3492 3664 episco-

1877 3685 2062 3755 patus,
2088 3683 2303 3737 salvum
2332 3686 2390 3737 et
2407 3682 2756 3737 incolumem
2777 3681 3059 3737 custodiat
3082 3684 3344 3740 Ecclesiae
3370 3703 3496 3740 san-

1878 3780 1982 3832 σιω
2013 3775 2086 3831 ad
2114 3774 2435 3847 regendum
2462 3774 2739 3848 populum
2767 3777 3028 3830 sanctum
3055 3776 3176 3831 Dei.

2561 3863 2820 3919 Oremus.

1947 3943 2324 4015 Omnipotens
2353 3942 2703 4015 sempiterne
2735 3943 2902 4009 Deus,
2931 3942 3092 4013 cujus
3111 3946 3326 4000 aeterno
3349 3942 3498 4017 judi-

1877 4035 1964 4092 cio
1989 4036 2254 4092 universa
2281 4037 2614 4103 fundantur,
2647 4035 2865 4107 respice
2899 4035 3176 4108 propitius
3202 4037 3276 4092 ad
3301 4055 3498 4110 preces

1877 4131 2121 4198 nostras,
2171 4133 2229 4185 et
2273 4131 2519 4186 electum
2564 4127 2728 4185 nobis
2777 4125 3094 4184 antistitem
3141 4115 3239 4186 tua
3285 4131 3496 4203 pietate

1877 4239 2176 4290 conserva;
2205 4226 2269 4277 ut
2291 4222 2613 4280 Christiana
2636 4222 2817 4293 plebs,
2847 4238 2973 4292 qua:
3013 4221 3114 4277 tali
3147 4223 3498 4295 gubernatur

1877 4319 2128 4384 auctore,
2161 4315 2264 4370 sub
2284 4318 2445 4371 tanto
2471 4316 2739 4386 pontiﬁce
2767 4313 3120 4370 credulitatis
3141 4333 3256 4372 sua:
3277 4318 3497 4374 meritis

1877 4411 2174 4480 augeatur.
2207 4410 2332 4463 Per.

1947 4500 2186 4555 Oremus
2233 4505 2291 4555 et
2335 4517 2440 4572 pro
2485 4500 2751 4556 omnibus
2794 4499 3094 4570 episcopis,
3129 4501 3493 4573 presbyteris,

1793 4588 1852 4662 D
1875 4593 2226 4662 diaconibus,
2257 4593 2510 4665 acolytis,
2539 4591 2848 4657 exorcistis,
2874 4593 3198 4662 lectoribus,
3227 4595 3492 4666 ostiariis,

1878 4686 2315 4755 confessoribus,
2351 4686 2686 4759 virginibus,
2721 4684 2924 4754 viduis,
2965 4689 3023 4740 et
3056 4703 3160 4758 pro
3206 4688 3368 4744 omni
3395 4707 3495 4762 po-

1878 4783 2012 4854 pulo
2039 4783 2234 4836 sancto
2261 4780 2380 4835 Dei.

2019 4858 2029 4866 '
2565 4847 2823 4906 Oremus.

1948 4929 2326 5024 Omnipotens
2345 4930 2691 5003 sempiterne
2707 4932 2876 4998 Deus,
2900 4929 3058 5000 cujus
3078 4931 3290 5002 Spiritu
3309 4935 3497 4991 totum

1878 5023 2370 5098 corpusEcclesiaa
2399 5024 2784 5079 sanctiﬁcatur
2810 5027 2868 5078 et
2899 5023 3136 5093 regitur,
3165 5027 3370 5082 exaudi
3395 5045 3500 5084 nos

1875 5137 1981 5192 pro
2007 5119 2281 5175 universis
2313 5117 2609 5174 ordinibus
2635 5115 3037 5198 supplicantes,
3069 5121 3132 5172 ut
3158 5118 3358 5190 gratiae
3390 5124 3500 5178 tuae

1857 5229 2120 5271 ,munere
2156 5212 2228 5267 ab
2268 5209 2534 5266 omnibus
2571 5209 2674 5265 tibi
2711 5208 2980 5281 gradibus
3007 5209 3254 5268 ﬁdeliter
3288 5214 3496 5270 servias

1879 5308 1988 5361 tur.
2015 5307 2124 5360 Per
2152 5303 2482 5360 Dominum.

1949 5398 2188 5453 Oremus
2213 5401 2272 5452 et
2295 5411 2399 5468 pro
2439 5394 2937 5452 Christianissimis
2971 5393 3221 5468 regibus,
3255 5403 3316 5454 ut
3353 5401 3500 5456 Deus

1878 5493 1938 5547 et
1976 5491 2255 5546 Dominus
2281 5493 2476 5546 noster
2507 5489 2761 5544 subditas
2803 5488 2912 5544 illis
2939 5489 3114 5546 faciat
3138 5508 3341 5548 omnes
3367 5493 3498 5548 bar-

1877 5584 2045 5640 baras
2075 5584 2340 5640 nationes
2361 5583 2434 5638 ad
2460 5585 2717 5638 nostram
2743 5585 3084 5654 perpetuam
3115 5599 3340 5656 pacem.
3371 5587 3494 5639 Per.

2563 5672 2826 5728 Oremus.

1949 5753 2328 5826 Omnipotens
2353 5753 2700 5826 sempiterne
2726 5753 2894 5822 Deus,
2913 5749 2974 5808 in
2994 5753 3154 5825 cujus
3171 5765 3346 5808 manu
3364 5747 3494 5806 sunt
