3976 6412
487 385 587 442 359
1275 379 1604 436 APPENDIX
1642 381 1728 436 AD
1765 382 1984 437 OPERA
2022 379 2253 438 SANCTI
2291 385 2588 440 GERMANI
2627 385 3050 440 PARISIE‘NSIS.

3763 389 3876 438 3(30

489 501 748 557 omnium
772 503 1096 568 temporum
1123 498 1450 566 potestates,
1481 499 1537 550 et
1562 495 1753 549 omnia
1765 495 1898 566 jura
1915 511 2117 566 regno-
2137 497 2442 579 Alaudem
2467 499 2523 552 et
2553 497 2788 568 gloriam
2825 496 3072 551 nominis
3113 494 3218 550 tui.
3261 495 3367 550 Per
3399 495 3722 550 Dominum
3760 511 3874 548 no-

489 611 638 663 rum,
667 592 880 663 respice
923 589 1198 660 propitius
1235 588 1304 642 ad
1345 589 1664 642 Romanum
1693 589 1974 660 benignus
2001 589 2110 642 im-

485 687 728 760 perium,
773 687 836 738 ut
866 684 1079 752 "gentes
1131 697 1258 752 quae
1302 682 1363 736 in
1409 699 1507 736 sua
1543 681 1762 736 feritate
1803 681 2109 752 conﬁdunt,

485 779 750 852 potentia:
775 782 886 832 tuae
917 776 1147 830 dextera
1170 779 1628 845 conpremantur.
1957 779 1962 788 '

559 873 796 927 Oremus
828 875 884 924 et
919 886 1022 940 pro
1065 868 1480 923 catechumenis
1521 867 1727 922 nostris
1745 885 1760 935 ;
1792 871 1858 922 ut
1885 868 2030 922 Deus
2059 871 2115 921 et

487 965 754 1022 Dominus
781 967 971 1018 noster
998 962 1283 1032 adaperiat
1311 977 1474 1016 aures
1499 961 1942 1032 praecordiorum
1971 960 2114 1032 ipso-

485 1075 636 1129 rum,
661 1060 1012 1131 januamque
1039 1055 1456 1124 misericordiae,
1485 1059 1550 1109 ut
1577 1071 1680 1125 per
1705 1055 1995 1110 lavacrum
2019 1071 2110 1109 re-

489 1151 864 1228 generationis
913 1153 1136 1219 accepta
1184 1147 1514 1202 remissione
1559 1149 1816 1204 omnium
1855 1153 2111 1219 peccato-

487 1263 638 1317 rum,
675 1251 730 1301 et
777 1243 884 1316 ipsi
925 1242 1282 1298 inveniantur
1331 1242 1390 1295 in
1438 1241 1657 1296 Christo
1705 1242 1834 1298 Jesu
1875 1242 2112 1296 Domino

486 1346 698 1397 nostro.

1168 1407 1427 1461 Oremus.

558 1503 924 1574 Omnipotens
943 1499 1287 1572 sempiterne
1319 1500 1481 1568 Deus,
1506 1499 1604 1570 qui
1631 1498 1932 1552 Ecclesiam
1957 1503 2114 1554 tuam

490 1615 631 1654 nova
659 1611 881 1667 semper
916 1594 1071 1664 prole
1095 1591 1404 1661 foecundas,
1437 1607 1584 1662 auge
1611 1590 1783 1646 ﬁdem
1809 1595 1865 1646 et
1891 1591 2112 1646 intelle—

489 1696 644 1748 ctum
674 1687 1090 1745 catechumenis
1132 1685 1356 1755 nostris,
1385 1689 1451 1739 ut
1487 1685 1670 1739 renati
1708 1685 1862 1739 fonte
1905 1684 2112 1755 baptis-

489 1787 673 1854 matis,
705 1780 1016 1854 adoptionis
1045 1785 1158 1835 tuae
1194 1778 1322 1833 filiis
1356 1778 1762 1850 adgregantur.
1794 1780 1898 1833 Per
1924 1777 2114 1832 Domi-
2179 1821 2182 1824 .
2285 1777 2448 1850 ιξευθν
2490 1777 2588 1854 είυι
2631 1777 2733 1854 νζξι
2773 1777 3164 1854 {seclusum
3209 1777 3514 1854 “fere

2135 1887 2191 1958 B
2217 1843 2448 1912 guinem
2486 1843 2615 1896 Jesu
2657 1843 2883 1912 Christi,
2925 1843 3072 1897 solve
3101 1860 3272 1913 opera
3309 1843 3540 1910 diaboli,
3571 1849 3630 1899 et
3671 1861 3886 1898 omnes

2215 1935 2442 1958 1.....-A-.-
2481 1935 2759 1958 J2-_--_-__-
2807 1935 3015 1958 _----12
3081 1941 3142 1958 --ι
3197 1940 3505 1958 ......ι.....-.Δ
3553 1954 3843 1958 _-___.___

487 1897 628 1937 num
637 1921 648 1933 .

559 1975 815 2034 Oremus,
845 1964 1189 2021 dilectissimi
1233 1965 1417 2031 nobis,
1447 1965 1626 2020 Deum
1665 1965 1889 2019 Patrem
1928 1963 2113 2018 omni-

489 2069 810 2138 potentem,
854 2065 920 2114 ut
967 2058 1180 2113 cunctis
1228 2057 1506 2112 mundum
1554 2061 1766 2129 purget
1812 2057 2114 2127 erroribus,

492 2158 720 2215 morbos
767 2153 1000 2221 auferat,
1037 2151 1248 2204 famem
1293 2151 1552 2221 depellat,
1590 2149 1808 2221 aperiat
1849 2166 2114 2219 carceres,

490 2252 676 2307 vincla
702 2247 998 2314 dissoluat;
1023 2243 1516 2315 peregrinantibus
1543 2243 1811 2314 reditum,
1833 2244 2120 2298 inﬁrman-

488 2345 639 2400 tibus
669 2341 987 2410 sanitatem,
1018 2336 1416 2408 navigantibus
1453 2341 1680 2407 portum
1710 2337 1904 2392 salutis
1929 2337 2116 2392 indul-

493 2441 640 2510 geat.

1181 2502 1444 2556 Oremus.’

561 2600 930 2670 Omnipotens
973 2599 1030 2650 et
1071 2595 1388 2649 misericors
1430 2595 1593 2662 Deus,
1623 2597 1957 2649 maestorum
1984 2611 2116 2648 con-

489 2694 686 2752 solatio
711 2690 1089 2746 laborantium
1117 2689 1416 2755 fortitudo,
1446 2688 1781 2758 perveniant
1805 2689 1874 2742 ad
1904 2693 1958 2743 te
1987 2705 2119 2760 pre-

491 2807 580 2844 ces
605 2789 673 2842 de
701 2799 1058 2857 quacumque
1085 2781 1448 2837 tribulatione
1490 2781 1878 2848 clamantium,
1907 2787 1972 2837 ut
1997 2799 2118 2836 om-

491 2899 592 2938 nes
631 2880 738 2934 sibi
777 2879 838 2932 in
881 2875 1300 2931 necessitatibus
1344 2874 1463 2929 suis
1491 2875 1936 2930 misericordiam
1965 2879 2122 2930 tuam

494 2975 777 3046 gaudeant
800 2970 1062 3024 adfuisse.
1089 2971 1195 3024 Per
1227 2967 1548 3022 Dominum.

565 3063 760 3140 352
789 3064 1028 3118 Oremus
1075 3078 1181 3132 pro
1223 3061 1502 3116 haereticis
1543 3067 1599 3116 et
1630 3062 1997 3117 schismaticis
2017 3079 2032 3132 ;
2061 3067 2125 3117 ut

491 3161 636 3217 Deus
658 3177 722 3213 ac
748 3157 1017 3212 Dominus
1044 3159 1237 3210 noster
1267 3159 1424 3209 eruat
1453 3171 1546 3210 eos
1574 3155 1643 3209 ab
1675 3155 1964 3210 erroribus
1991 3154 2121 3210 uni-

2212 595 2392 646 strum
2418 592 2608 645 Jesum
2627 591 2914 646 Christum
2943 589 3148 644 Filium
3179 593 3368 660 tuum,
3398 589 3498 662 qui
3525 589 3670 644 vivit
3699 592 3760 644 et
3787 605 3880 643 re-

2213 689 2352 756 gnat
2379 683 2440 738 in
2466 683 2668 737 saecula
2695 684 3055 739 saeculorum.

2302 797 2428 850 XIX.
2459 811 2582 850 ΙΤΕΜ
2624 807 2962 851 οΒΑΤιοΝεει
3001 811 3052 850 IN
3094 809 3260 850 coam
3298 809 3513 864 norum,
3557 808 3686 848 SIVE
3725 809 3782 848 ΙΝ

2899 882 3154 921 BIDUANA.

2284 957 2360 1010 Da
2386 955 2568 1024 nobis,
2599 956 2852 1025 Domine,
2879 961 3172 1028 perpetuae
3205 954 3622 1011 benedictionis
3651 969 3880 1008 munus

2214 1051 2488 1120 accipere,
2515 1065 2621 1119 pro
2649 1049 2854 1119 quibus
2884 1050 3222 1118 Unigenitus
3253 1054 3386 1104 tuus
3427 1049 3614 1120 sputis
3642 1047 3878 1116 inlitus,

2212 1143 2423 1213 palmas
2445 1141 2658 1212 accepit
2683 1147 2738 1196 et
2763 1143 3048 1212 colaphos.
3079 1143 3204 1196 Per.

2759 1239 3012 1288 Collectio
3040 1237 3291 1302 sequitur.

2285 1319 2538 1390 Respice,
2573 1320 2827 1386 Domine,
2860 1319 3138 1391 propitius
3178 1336 3350 1391 super
3389 1320 3540 1374 hanc
3579 1319 3882 1374 familiam

2212 1417 2389 1480 tuam,
2425 1429 2528 1483 pro
2573 1429 2686 1483 qua
2733 1413 3004 1468 Dominus
3037 1417 3230 1468 noster
3261 1414 3421 1468 Jesus
3456 1413 3727 1468 Christus
3757 1430 3882 1468 non

2213 1506 2488 1560 dubitavit
2519 1505 2781 1560 manibus
2807 1507 2952 1562 tradi
3001 1511 3310 1562 nocentum
3355 1511 3410 1560 et
3450 1507 3636 1560 crucis
3679 1506 3882 1562 subire

2212 1601 2580 1652 tormentum.
2619 1601 2742 1653 Per.

2891 1671 3020 1719 Item
3049 1670 3166 1718 alia.

2285 1749 2448 1815 Deus,
2490 1749 2588 1820 qui
2629 1767 2733 1819 pro
2773 1749 3164 1820 redemptione
3209 1755 3403 1804 nostra
3431 1751 3709 1823 accepisti
3743 1768 3880 1804 san-

2215 1935 2444 2005 laqueos
2476 1935 2763 2005 disrumpe
2807 1935 3040 2006 peccati,
3081 1941 3146 1990 ut
3192 1940 3514 1991 creaturam
3553 1954 3884 2010 regenera-

2216 2028 2382 2083 tionis
2409 2028 2566 2083 nulla
2589 2030 2850 2100 polluant
2877 2029 3134 2100 contagia
3159 2030 3476 2085 vetustatis.

2537 2141 2638 2195 XX.
2680 2157 2804 2196 mm
2845 2155 3143 2196 ORATIONES
3183 2157 3234 2196 IN
3275 2157 3533 2196 BIDUA‘NA.

2651 2233 2822 2282 Oratio
2851 2233 2916 2282 ad
2941 2233 3182 2282 Secunda
3213 2233 3414 2297 incipit.

2514 2315 3048 2381 Commemorantes,
3079 2315 3369 2382 carissimi,
3401 2314 3720 2370 Dominicae.
3765 2319 3890 2371 tra-

2219 2406 2444 2461 ditionis
2467 2407 2688 2475 horam,
2715 2425 2826 2480 qua
2850 2409 2994 2463 sicut
3028 2408 3144 2462 ovis
3168 2409 3238 2463 ad
3269 2407 3612 2464 occisionem
3643 2409 3892 2478 ductus,

2219 2503 2275 2554 et
2319 2501 2462 2554 sicut
2507 2518 2687 2572 agnus
2734 2505 2928 2556 tonsus
2971 2502 3412 2557 mansuetudine
3451 2519 3513 2557 os
3551 2519 3732 2558 suum
3769 2519 3894 2558 non

2220 2593 2498 2664 aperiens,
2527 2595 2598 2648 ad
2624 2611 2850 2649 crucem
2876 2611 3050 2666 quam
3076 2612 3179 2666 pro
3206 2595 3369 2650 nobis
3389 2597 3650 2652 ascendit
3679 2597 3898 2652 volun-

2220 2685 2393 2740 tarius
2426 2686 2753 2756 ducebatur,
2783 2692 2838 2742 et
2866 2687 3084 2742 oblatus
3105 2693 3204 2758 est,
3226 2688 3360 2760 quia
3377 2689 3499 2762 ipse
3525 2689 3742 2760 voluit,
3769 2691 3894 2745 ani-

2220 2795 2341 2832 mas
2385 2783 2605 2834 nostras
2649 2781 2870 2836 Christo
2915 2781 3156 2836 Domino
3199 2783 3312 2837 Deo
3352 2783 3448 2854 pio
3494 2785 3892 2840 commende-

2221 2889 2369 2942 mus,
2391 2877 2580 2928 nostra
2605 2878 2831 2945 peccata
2851 2877 3011 2946 Agno
3030 2875 3400 2930 immaculato
3422 2875 3892 2948 (quodammodo

2223 2965 2475 3036 figuralis
2511 2971 2809 3038 tangentes
2843 2969 3044 3024 hostia:
3075 2970 3260 3040 caput)
3295 2969 3396 3024 illo
3441 2969 3677 3027 favente
3709 2973 3892 3044 (quod

2223 3059 2308 3113 sui
2337 3075 2474 3130 pace
2519 3060 2732 3114 dictum
2770 3061 2858 3131 sit)
2887 3061 3265 3132 imponamus,
3294 3067 3360 3117 ut
3393 3069 3623 3118 nostras
3655 3065 3890 3138 iniqui-

2223 3159 2384 3227 tates,
2428 3171 2565 3228 quas
2607 3155 2700 3210 ille
2741 3171 2858 3210 non
2900 3155 3117 3224 habuit,
3159 3159 3349 3226 portet
3390 3161 3448 3211 et
3491 3159 3730 3228 perdat.
3781 3159 3894 3224 Qui

493 3255 684 3322 versis,
716 3256 771 3306 et
795 3251 865 3304 ad
903 3252 1150 3303 sanctam
1180 3253 1418 3302 matrem
1452 3248 1755 3302 Ecclesiam
1792 3249 2117 3304 catholicam
2141 3251 2194 3326 ί]
2220 3266 2350 3306 cum
2380 3252 2542 3304 Patre
2569 3247 2720 3319 vivit,
2751 3249 3081 3304 dominatur
3107 3253 3164 3304 et
3193 3254 3418 3320 regnat.

493 3353 663 3420 atque
687 3343 1049 3417 apostolicam
1071 3357 1334 3397 revocare
1357 3341 1645 3413 dignetur.
1669 3343 1774 3396 Per
1795 3341 2118 3398 Dominum.

1188 3437 1443 3491 Oremus.

563 3531 927 3604 Omnipotens
971 3529 1312 3600 sempiterne
1358 3527 1522 3598 Deus,
1553 3527 1650 3599 qui
1689 3529 1866 3584 salvas
1903 3544 2118 3598 omnes,

493 3635 550 3686 et
571 3629 862 3685 neminem
903 3625 984 3680 vis
1021 3623 1226 3695 perire,
1259 3622 1474 3694 respice
1511 3622 1582 3676 ad
1606 3623 1821 3678 animas
1849 3622 2122 3678 diabolica

489 3725 685 3780 fraude
727 3722 1015 3790 deceptas;
1044 3721 1110 3772 ut
1151 3717 1306 3770 omni
1345 3715 1611 3770 haeretica
1650 3717 1920 3788 pravitate
1947 3717 2117 3788 depo-

493 3819 596 3873 sita
619 3815 966 3886 resipiscant,
1001 3815 1056 3867 et
1079 3811 1148 3864 ad
1179 3809 1426 3864 veritatis
1465 3815 1578 3864 tua:
1613 3811 1846 3866 redeant
1885 3809 2119 3866 ﬁrmita-

619 3951 630 3964 .
659 3925 786 3964 Per.

619 3951 630 3964 .
704 3925 786 3962 er.

493 3911 804 4058 t6IOlrerus
833 4003 890 4054 et
925 4013 1027 4068 pro
1065 3995 1293 4068 perfidis
1335 3995 1557 4064 Iudaeis,
1591 4001 1653 4051 ut
1675 3997 1822 4051 Deus
1849 4001 1904 4052 et
1931 3996 2119 4050 Domi-

495 4113 602 4154 nus
633 4098 826 4150 noster
866 4091 1082 4146 auferat
1115 4091 1368 4144 velamen
1417 4091 1484 4144 de
1523 4089 1787 4145 cordibus
1812 4106 2032 4160 eorum,
2059 4093 2124 4143 ut

496 4196 554 4248 et
579 4189 688 4262 ipsi
723 4189 1062 4259 cognoscant
1097 4186 1284 4239 Jesum
1323 4183 1608 4240 Christum
1651 4183 1952 4239 Dominum
1989 4199 2119 4238 nos-

495 4288 670 4340 trum.
701 4281 806 4345 Qui
837 4279 969 4334 vivit
991 4283 1048 4334 et
1075 4295 1196 4350 reg.

1181 4373 1437 4426 Oremus.

561 4469 924 4541 Omnipotens
953 4467 1297 4537 sempiterne
1329 4465 1498 4528 Deus,
1521 4461 1618 4532 qui
1642 4461 1812 4516 etiam
1831 4461 2122 4518 Judaicam

493 4565 790 4639 perfidiam
817 4567 915 4618 tua
943 4557 1330 4616 misericordia
1355 4573 1470 4612 non
1497 4555 1743 4626 repellis,
1771 4557 1976 4612 exaudi
1999 4573 2122 4628 pre-

611 4663 848 4724 nostras,
875 4671 1014 4727 quas
1039 4669 1142 4724 pro
1171 4651 1320 4706 illius
1347 4649 1546 4722 populi
1561 4619 1949 4705 .0bca3catione
1976 4619 2122 4704 defe-
2139 4619 2198 4693 D

493 4753 702 4821 rimus;
741 4755 806 4804 ut
848 4749 1040 4820 agnita
1085 4745 1335 4800 veritatis
1372 4749 1486 4799 tuae
1529 4745 1675 4811 luce,
1705 4761 1830 4816 quae
1869 4743 2122 4800 Christus

496 4851 600 4914 est,
627 4862 659 4900 a
683 4845 798 4898 suis
827 4840 1073 4898 tenebris
1100 4842 1396 4894 eruantur.
1421 4841 1546 4893 Per.

565 4942 802 4996 Oremus
831 4941 886 4992 et
909 4952 1014 5008 pro
1039 4933 1295 5006 paganis,
1325 4937 1390 4987 ut
1415 4933 1562 4987 Deus
1591 4931 1948 5002 omnipotens
1973 4931 2124 4987 aufe-

497 5039 584 5090 rat
609 5033 804 5104 iniqua
833 5031 900 5085 de
927 5028 1186 5084 cordibus
1213 5043 1441 5096 eorum;
1473 5030 1529 5080 et
1554 5025 1761 5080 relictis
1794 5025 1958 5079 idolis
1985 5026 2118 5093 suis,

499 5129 896 5182 convertantur
921 5124 992 5178 ad
1011 5124 1188 5177 Deum
1203 5137 1421 5190 verum,
1443 5123 1502 5175 et
1518 5119 1752 5174 unicum
1773 5118 1978 5174 Filium
2002 5119 2122 5190 ejus

495 5223 687 5276 Jesum
711 5218 1014 5282 Christum,
1043 5232 1174 5270 cum
1219 5233 1330 5287 quo
1365 5214 1502 5269 vivit
1536 5218 1592 5269 et
1613 5215 1818 5284 regnat
1841 5229 1968 5267 cum
1995 5213 2090 5284 Spi
2113 5243 2118 5248 -

497 5314 614 5370 ritu
639 5315 828 5366 sancto
853 5311 910 5364 in
935 5309 1140 5364 sazcula
1166 5310 1521 5363 saeculorum.

1189 5404 1445 5458 Oremus.

571 5496 935 5567 Omnipotens
983 5492 1324 5563 sempiterne
1371 5493 1536 5560 Deus,
1577 5487 1677 5560 qui
1721 5503 1836 5541 non
1883 5491 2124 5543 mortem

497 5595 873 5666 peccatorum,
925 5589 1021 5642 sed
1073 5587 1248 5642 vitam
1309 5599 1533 5654 semper
1587 5579 1849 5651 inquiris,
1907 5582 2123 5653 suscipe

493 5685 773 5760 propitius
807 5682 1118 5738 orationem
1155 5683 1435 5746 nostram;
1464 5681 1521 5731 et
1558 5674 1736 5728 libera
1773 5689 1866 5728 eos
1889 5675 1959 5728 ab
1999 5675 2122 5730 ido-

493 5781 680 5838 lorum
708 5779 945 5845 cultura,
985 5779 1040 5829 et
1079 5773 1328 5843 adgrega
1363 5768 1619 5826 Ecclesiae
1663 5772 1776 5823 tuae
1819 5773 2024 5824 sanctae
2055 5769 2126 5824 ad

568 5931 592 5962 ι
617 5917 842 5972 Eaedem
863 5912 1143 5970 orationes
1167 5909 1228 5965 in
1252 5907 1482 5966 Gothico
1509 5907 1582 5965 ad
1611 5905 1812 5964 feriam
1833 5909 1885 5964 6.

2726 3349 2853 3397 Item
2883 3347 3047 3396 oratio
3076 3347 3140 3397 ad
3164 3347 3352 3398 Tertia.

2293 3433 2336 3488 Ο
2365 3433 2458 3504 pia
2482 3433 2580 3488 Dei
2607 3433 2718 3488 vivi
2743 3432 3048 3505 Sapientia,
3078 3449 3110 3486 ο
3135 3438 3199 3488 tu
3231 3433 3426 3488 vivum
3453 3435 3668 3490 eterni
3699 3437 3892 3492 Patris

2220 3527 2318 3582 Dei
2363 3527 2772 3599 sempiternum
2829 3527 3098 3595 Verbum,
3146 3527 3615 3599 sempiternaque
3667 3529 3890 3600 Virtus,

2221 3621 2353 3693 quia
2392 3625 2447 3676 et
2481 3621 2824 3692 sempiterna
2852 3620 3112 3674 nativitas
3129 3637 3146 3690 ;
3189 3620 3286 3692 qui
3322 3621 3670 3694 sempiterni
3701 3625 3894 3679 Patris

2221 3715 2595 3786 sempiternus
2621 3713 2791 3768 Filius
2821 3713 2919 3769 Dei
2946 3731 3003 3768 es
3025 3718 3080 3768 et
3104 3715 3278 3784 Deus;
3311 3719 3472 3770 extra
3498 3731 3688 3787 quem
3715 3717 3890 3788 nihil,

2223 3814 2277 3864 et
2301 3825 2404 3879 per
2431 3824 2600 3880 quem
2629 3825 2829 3877 omne;
2860 3808 2920 3862 in
2950 3825 3062 3879 quo
3092 3807 3248 3880 quod
3283 3815 3366 3864 est
3401 3813 3664 3881 constat;
3693 3813 3806 3884 qui
3835 3830 3894 3867 es

2222 3901 2366 3956 Deus
2393 3919 2562 3974 super
2581 3919 2702 3972 nos,
2723 3907 2780 3957 et
2798 3901 2972 3956 homo
2995 3907 3229 3974 propter
3249 3921 3382 3974 nos;
3403 3921 3508 3976 pro
3525 3904 3709 3959 nobis
3727 3907 3892 3962 enim

2221 3996 2372 4068 quod
2415 4012 2518 4051 nos
2560 4013 2678 4050 esse
2721 3995 2974 4066 voluisti;
3029 3996 3100 4050 da
3128 3997 3292 4052 nobis
3330 3997 3484 4068 quod
3531 3999 3892 4071 promisisti,

2222 4089 2291 4144 da
2315 4089 2495 4159 nobis,
2527 4089 2780 4161 indignis
2806 4089 2956 4158 licet,
2985 4091 3137 4162 quod
3179 4091 3448 4146 omnibus
3483 4095 3894 4151 communiter

2221 4181 2494 4252 obtulisti,
2522 4183 2840 4253 passionem
2881 4182 3089 4238 scilicet
3125 4187 3305 4252 tuam,
3337 4189 3596 4240 nostram
3641 4203 3778 4244 esse
3817 4187 3892 4242 li-

2220 4275 2515 4342 bertatem,
2546 4279 2602 4331 et
2639 4280 2796 4331 tuam
2841 4281 3087 4332 mortem
3125 4283 3378 4333 nostram
3419 4295 3542 4335 esse
3585 4281 3806 4354 vitam,
3837 4287 3893 4338 et

2221 4374 2378 4424 tuam
2421 4385 2667 4440 crucem,
2693 4373 2946 4424 nostram
2990 4388 3109 4428 esse
3149 4372 3590 4445 redemtionem,
3623 4381 3688 4431 et
3713 4382 3892 4432 tuum

2220 4463 2425 4518 vulnus
2460 4468 2710 4518 nostram
2747 4480 2864 4519 esse
2899 4465 3234 4536 sanitatem;
3258 4469 3326 4520 ut
3365 4471 3560 4522 tecum
3587 4470 3894 4538 cruciﬁxi,

2221 4561 2318 4612 tuo
2347 4557 2493 4612 dono
2536 4574 2758 4612 sursum
2795 4557 3110 4614 exaltemur
3141 4560 3212 4614 ad
3249 4561 3474 4616 Patrem
3503 4567 3708 4620 tuum.
3741 4565 3894 4622 Cum

2222 4667 2335 4722 quo
2361 4651 2559 4706 beatus
2587 4651 2725 4706 vivis
2753 4654 2808 4706 et
2835 4668 3040 4723 regnas
3065 4653 3148 4709 in.

2805 4750 2976 4800 Oratio
3005 4751 3070 4800 ad
3097 4753 3268 4802 Sexta.

2289 4833 2505 4895 Christe
2526 4833 2690 4902 Deus,
2711 4834 2937 4890 Adonae
2957 4852 3186 4908 magne,
3207 4853 3313 4892 nos
3331 4841 3526 4893 tecum
3549 4843 3730 4911 quasi
3753 4843 3894 4899 huic

2221 4928 2435 4983 mundo
2461 4927 2747 4999 cruciﬁge,
2779 4931 2844 4983 ut
2871 4929 2986 4984 vita
3009 4934 3107 4984 tua
3143 4929 3204 4984 in
3227 4931 3394 4986 nobis
3421 4931 3526 5001 sit;
3559 4941 3892 5009 nostraque

2221 5025 2448 5093 peccata
2476 5037 2644 5092 super
2671 5025 2724 5077 te
2763 5039 2933 5093 pone,
2961 5027 3027 5078 ut
3052 5041 3116 5078 ea
3143 5024 3469 5097 cruciﬁgas;
3498 5043 3608 5082 nos
3647 5046 3892 5104 quoque

2222 5115 2293 5170 ad
2335 5119 2389 5169 te
2433 5115 2620 5185 ipsum
2657 5115 2838 5186 trahe,
2887 5133 3016 5171 cum
3059 5133 3163 5187 pro
3203 5118 3367 5173 nobis
3409 5121 3708 5178 exaltatus
3751 5142 3818 5181 es
3858 5143 3890 5180 a

2223 5213 2392 5271 terra,
2419 5211 2483 5262 ut
2509 5225 2611 5262 nos
2639 5209 2844 5280 eripias
2871 5209 2940 5264 ab
2967 5211 3223 5266 adultero
3251 5217 3496 5283 tyranno
3527 5231 3541 5269 :
3578 5219 3728 5288 quia
3755 5221 3888 5274 licet

2223 5317 2390 5356 carne
2417 5307 2473 5357 et
2515 5302 2663 5357 vitiis
2701 5303 2919 5358 diabolo
2944 5305 3098 5359 noxii
3123 5322 3341 5374 sumus,
3371 5307 3478 5362 tibi
3503 5313 3736 5383 tamen,
3771 5331 3890 5370 non

2223 5395 2326 5463 illi,
2360 5400 2618 5466 Optamus
2644 5397 2879 5468 servire;
2913 5402 2969 5453 et
2998 5399 3100 5453 sub
3129 5403 3227 5454 tuo
3256 5401 3390 5470 jure
3420 5403 3616 5459 vivere
3651 5407 3886 5462 deside-

2223 5505 2435 5558 ramus,
2463 5494 2518 5544 et
2541 5507 2574 5544 a
2600 5494 2655 5545 te
2683 5490 2987 5562 gubernari
3015 5508 3306 5564 rogamus,
3330 5496 3430 5566 qui
3460 5513 3569 5552 nos
3597 5503 3888 5556 mortales

2225 5587 2281 5637 et
2304 5599 2338 5636 a
2364 5587 2546 5640 morte
2585 5583 2800 5638 invasos
2835 5601 2938 5656 per
2980 5592 3224 5642 mortem
3268 5590 3452 5644 crucis
3495 5591 3760 5650 liberare
3789 5611 3886 5650 vo-

2223 5675 2396 5732 luisti.
2421 5678 2528 5732 Pro
2567 5694 2679 5748 quo
2719 5677 2995 5748 singulari
3019 5679 3293 5736 beneﬁcio
3323 5682 3610 5741 hodierna
3633 5689 3750 5745 tibi
3781 5707 3886 5746 no-

2225 5771 2338 5825 stra
2361 5769 2666 5827 famulatur
2693 5770 2943 5844 devotio;
2972 5777 3140 5848 teque
3175 5791 3330 5832 nunc
3369 5776 3546 5836 hodie
3585 5783 3886 5856 supplices
