3976 6424
114 367 198 420 361
1223 368 1310 426 DE
1347 368 1656 429 LITURGIA
1692 374 2061 432 GALLICANA
2098 377 2295 433 LIBER
2332 377 2421 434 III.

3378 385 3480 448 362

110 473 432 541 adoramus,
450 469 854 545 imploramus,
881 474 1225 547 invocamus,
1254 481 1318 533 ut
1334 480 1404 533 ad
1429 496 1534 535 nos
1557 498 1757 553 prope-
1776 495 1834 567 Α
1854 484 2146 539 ricorditer
2163 485 2388 556 eripuit,
2418 502 2518 540 nos
2534 487 2581 557 ej
2591 503 2654 541 us
2670 485 2838 542 Filius
2861 487 2931 543 de
2950 485 3070 543 luto
3093 486 3248 542 faecis
3274 488 3469 559 hujus,

110 581 210 633 res,
226 564 412 618 virtus
426 570 654 621 aeterna
665 569 815 623 Deus
831 588 843 624 :
867 571 1017 641 quod
1035 571 1197 625 nobis
1214 572 1469 643 proﬁciat
1482 578 1580 627 tua
1593 591 1760 643 crux,

110 658 475 728 triumphans
493 660 714 716 scilicet
735 663 804 716 de
826 664 1039 717 mundo
1060 664 1117 717 in
1146 664 1307 718 nobis
1322 681 1423 735 per
1446 667 1625 721 crucis
1651 668 1759 722 vir-

112 755 285 805 tutem
301 769 319 819 ;
338 756 523 823 atque
542 758 645 808 tua
657 754 836 825 pietas
853 756 1016 810 nobis
1035 757 1175 811 illud
1191 758 1490 828 antiquum
1500 760 1759 815 restituat

108 844 771 913 beneficium,virtutem
786 848 1014 918 scilicet,
1041 854 1096 904 et
1124 850 1360 921 gratiam
1385 866 1399 904 :
1427 851 1525 921 qui
1544 868 1645 923 per
1662 869 1759 923 po-

108 937 341 991 tentiam
374 937 580 992 futura
600 941 907 1010 praeterita,
936 958 1039 1013 per
1057 943 1414 1012 praesentiam
1441 944 1574 998 facis
1600 947 1756 1000 simi-

109 1029 231 1084 liter
265 1031 575 1101 prmterita
612 1033 936 1104 praesentia,
959 1035 1149 1105 redde,
1179 1039 1245 1089 ut
1267 1036 1428 1091 nobis
1455 1042 1551 1092 tua
1576 1039 1759 1108 passio

109 1119 300 1195 354
330 1124 415 1177 sic
436 1124 705 1179 salutaris
732 1126 824 1191 sit,
854 1127 1011 1197 quasi
1037 1144 1286 1198 praesens
1302 1134 1358 1184 et
1376 1129 1674 1201 hodierna;
1704 1136 1760 1185 et

108 1215 177 1269 sic
204 1216 380 1270 nobis
407 1217 588 1272 hodie
628 1218 723 1271 illa
752 1224 909 1289 gutta
935 1220 1111 1279 sancti
1146 1222 1436 1292 sanguinis
1466 1223 1548 1277 tui
1591 1240 1760 1294 super

108 1313 317 1362 terram
346 1308 496 1363 olim
525 1310 598 1364 de
627 1327 795 1366 cruce
834 1311 1089 1366 stillantis
1132 1313 1203 1367 sit
1248 1315 1416 1379 salus,
1466 1320 1528 1369 ut
1569 1316 1759 1369 omnia

107 1406 268 1455 terra:
296 1406 523 1456 nostra:
549 1402 758 1457 delicta
792 1405 1001 1472 lavans,
1026 1409 1083 1459 et
1107 1406 1357 1476 corporis
1380 1407 1557 1461 nostri
1583 1408 1758 1462 humo

108 1493 542 1563 quodammodo
574 1495 855 1567 immixta,
880 1513 985 1550 nos
1006 1497 1074 1552 de
1094 1502 1244 1551 terra
1268 1502 1393 1552 tuos
1420 1498 1639 1569 efﬁciat,
1660 1517 1759 1554 nos

108 1602 338 1658 quoque
392 1586 504 1642 tibi
542 1588 709 1659 quasi
751 1605 955 1660 corpus
989 1589 1140 1644 idem
1188 1592 1529 1646 reconciliati
1556 1592 1755 1663 Capiti.

108 1680 207 1743 Qui
253 1696 475 1751 regnas
520 1697 656 1735 cum
697 1683 861 1737 Patre
910 1698 1132 1754 semper
1178 1688 1233 1737 et
1289 1683 1497 1754 Spiritu
1547 1690 1755 1751 sancto,

108 1788 257 1827 nunc
284 1772 463 1827 nobis
490 1790 738 1845 regnare
763 1774 969 1847 incipe,
1001 1777 1177 1831 Homo
1203 1776 1350 1830 Deus
1376 1777 1589 1833 Christe
1608 1779 1754 1847 Jesu,

108 1867 221 1921 Rex
248 1867 315 1921 in
342 1865 563 1922 saecula
593 1868 955 1924 saeculorum.

712 1969 884 2019 Oratio
909 1969 975 2019 ad
1000 1972 1166 2021 Nona.

175 2053 219 2107 Ο
245 2052 519 2108 salutaris
544 2053 693 2108 hora
717 2054 990 2124 passionis
1017 2054 1031 2109 l
1074 2073 1106 2109 ο
1147 2071 1353 2126 magna
1381 2055 1759 2110 maximarum

112 2145 470 2214 gratiarum!
517 2147 681 2201 Nona
705 2147 998 2217 hodierna,
1027 2148 1275 2203 maxima
1299 2148 1570 2203 horarum
1597 2149 1756 2203 hora.

111 2239 220 2292 Hac
258 2255 422 2293 nunc
470 2243 560 2306 tu,
620 2244 812 2294 noster
865 2240 1066 2295 dilecte
1117 2242 1348 2312 Sponse,
1392 2242 1641 2295 osculare
1692 2241 1760 2295 de

110 2348 295 2402 cruce,
325 2332 470 2388 licet
498 2338 630 2404 post
658 2333 840 2387 crucis
868 2334 1211 2404 traphzeum.
1240 2334 1521 2400 Osculare,
1565 2350 1756 2405 preca-

1778 1858 1832 1929 B

1855 577 1945 630 cui
1974 577 2322 647 inhaesimus,
2363 580 2478 634 sola
2502 580 2886 636 misericordia
2922 585 3143 637 tantum
3173 580 3479 637 clamantes

1856 675 2031 724 eruat.
2092 671 2407 726 Clamamus
2461 689 2704 744 namque
2755 677 2812 728 et
2864 690 3109 743 oramus,
3159 690 3232 728 ne
3279 680 3479 746 urgeat

1852 762 2058 818 inferni
2098 769 2302 836 puteus
2339 781 2509 836 super
2554 782 2656 819 nos
2703 782 2764 820 os
2804 782 3004 837 suum;
3055 768 3199 823 eruti
3247 767 3316 822 de
3356 767 3476 822 luto

1855 855 2086 927 peccati,
2117 872 2188 911 ne
2216 856 2540 927 infigamur.
2578 860 2699 913 Per.

2405 969 2653 1020 Collectio
2677 969 2924 1034 sequitur.

1928 1062 2159 1117 Domine
2206 1062 2423 1118 Christe
2476 1065 2625 1131 Jesu,
2668 1065 2813 1118 Deus
2854 1064 2965 1135 pie,
3019 1064 3220 1119 exaudi
3270 1080 3375 1119 nos
3422 1070 3479 1119 et

1857 1159 2081 1225 praesta,
2130 1171 2446 1226 precamur,
2486 1173 2613 1227 quae
2657 1157 2823 1211 corde
2896 1173 3196 1227 rogamus:
3258 1161 3315 1211 et
3371 1157 3476 1211 hoc

1857 1262 2144 1317 rogamus,
2164 1250 2229 1301 ut
2246 1247 2346 1301 tibi
2379 1248 2717 1319 placeamus,
2737 1248 2837 1303 tibi
2856 1249 3172 1303 hasreamus
3193 1248 3312 1304 sine
3332 1248 3474 1319 ﬁne;

1856 1344 1922 1393 ut
1972 1355 2197 1410 semper
2237 1340 2338 1394 tibi
2392 1341 2596 1411 gratias
2638 1358 2889 1411 agamus,
2937 1342 3033 1413 qui
3078 1347 3161 1411 tu,
3218 1341 3474 1410 Domine,

1858 1432 2141 1487 redemisti
2169 1449 2271 1486 nos
2296 1433 2356 1487 in
2384 1439 2655 1488 aeternam
2684 1434 2855 1488 vitam
2905 1433 2974 1488 de
3022 1439 3233 1489 aeterna
3274 1439 3475 1490 morte.

1855 1524 1962 1587 Qui
2028 1525 2358 1580 descendisti
2414 1526 2475 1580 in
2537 1527 2740 1595 lacum,
2794 1530 2859 1580 ut
2914 1542 2982 1580 ex
3019 1526 3214 1581 inferis
3263 1526 3477 1581 vinctos

1858 1616 2141 1686 educeres,
2170 1617 2437 1673 descende
2463 1634 2614 1672 nunc
2634 1634 2878 1690 quoque,
2900 1634 3218 1689 precamur,
3249 1618 3476 1673 visceri-

1856 1708 1961 1763 bus
1986 1713 2097 1763 tuae
2134 1710 2375 1781 pietatis,
2414 1716 2479 1765 ut
2507 1727 2575 1766 ex
2605 1711 2841 1765 vinculis
2867 1716 3247 1781 peccatorum,
3274 1711 3480 1783 quibus

1858 1801 2240 1873 unusquisque
2261 1803 2688 1875 constringitur,
2706 1820 2809 1858 nos
2836 1804 3108 1858 absolvas.
3137 1804 3264 1858 Per.

1962 1912 2090 1962 Item
2117 1913 2279 1963 oratio
2305 1914 2358 1963 in
2383 1914 2603 1964 Sabbato
2629 1914 2830 1978 requiei
2855 1913 3101 1964 dominici
3126 1914 3376 1977 corporis.

1930 2014 2336 2072 Succumbente
2394 2019 2557 2088 Agno
2626 2022 2816 2071 nostra
2871 2031 2975 2087 pro
3035 2016 3210 2070 salute
3234 2057 3248 2084 ,
3320 2019 3479 2087 Agna

1858 2107 2100 2179 figurato
2129 2107 2245 2179 diu,
2269 2109 2500 2164 demum
2529 2109 2728 2164 eodem
2752 2108 3010 2163 vincente
3039 2107 3238 2176 letum,
3282 2107 3379 2161 illo
3426 2114 3483 2163 et

1858 2199 2040 2254 Leone
2063 2201 2201 2255 Juda
2217 2202 2454 2272 veriore,
2476 2207 2640 2256 antea
2688 2206 2908 2273 tempus
2939 2200 3230 2272 captivataa
3270 2200 3482 2255 reditus

1858 2293 2099 2347 ﬁdeliter
2157 2294 2384 2349 Adamae
2409 2337 2423 2364 ,
2486 2295 2685 2349 fratres
2745 2294 3052 2362 carissimi,
3119 2298 3479 2363 expectemus

1859 2386 2095 2456 praedae;
2138 2392 2203 2442 ut
2245 2388 2554 2458 compilatis
2592 2386 2756 2442 inferi
2793 2387 3002 2458 spoliis,
3040 2384 3200 2456 cujus
3238 2390 3478 2441 mortem

1860 2475 2446 2542 commemoravimus,
2488 2475 2690 2529 eodem
2723 2474 2945 2545 pietatis
2987 2475 3143 2529 cultu
3177 2473 3326 2527 illius
3349 2490 3480 2528 cum

1860 2567 1973 2623 suis
2000 2584 2317 2639 regressum
2359 2584 2426 2622 ex
2464 2567 2701 2622 mortuis
2747 2567 3048 2637 celebrare,
3093 2566 3189 2622 illo
3236 2566 3474 2635 favente,

1859 2664 2114 2733 tempore
2143 2661 2421 2732 possimus
2445 2660 2735 2715 redeunte.

110 2441 276 2479 mur:
318 2425 580 2481 salutare
609 2431 777 2480 tuum
818 2426 1110 2497 impertire
1154 2427 1334 2496 nobis,
1381 2426 1763 2497 triumphator

113 2518 417 2587 mirabilis,
462 2518 671 2589 auriga
719 2536 1003 2590 supreme.
1040 2521 1185 2573 Deus
1216 2520 1327 2590 pie,
1369 2518 1762 2589 gloriosissime

112 2614 535 2682 propugnator.
578 2614 771 2680 Avete,
818 2612 1016 2681 valete,
1070 2612 1388 2667 invalescite
1437 2617 1493 2667 et
1530 2612 1764 2667 viriliter

111 2704 280 2774 agite,
312 2704 729 2759 confortamini
761 2704 950 2774 dicito,
981 2704 1213 2775 loquere
1240 2704 1503 2759 cordibus
1530 2704 1758 2775 nostris,

112 2769 401 2868 inspector
452 2797 701 2853 Christe.
744 2799 830 2852 An
869 2769 969 2869 qui
1018 2769 1155 2852 olim
1188 2798 1309 2851 haec
1361 2797 1560 2866 fecisti,
1611 2769 1761 2852 nunc
1937 2863 1985 2869 __
2046 2862 2058 2869 .
2100 2866 2107 2869 _
2178 2864 2196 2869 _
2415 2769 2662 2869 (foueam
2682 2769 2930 2869 θείξξξίίω·

113 2862 310 2945 eadem
336 2907 462 2945 non
491 2894 658 2961 potes
682 2862 912 2945 facere‘:i
946 2892 1106 2945 Potes
1147 2891 1362 2961 utique,
1400 2862 1558 2961 potes
1579 2908 1595 2960 ;
1632 2890 1764 2961 quia
1898 2862 2148 2961 PhriSte
2170 2864 2315 2930 ’93“,
2346 2862 2886 2961 08F101‘119_9°n§iF01f
2890 2903 2904 2961 ξ
2932 2862 3096 2932 Deus,
3124 2878 3228 2934 ΡῙὌ
3250 2866 3480 2961 macru‘

113 2984 483 3055 omnipotens
527 2999 626 3038 es:
675 2988 854 3054 potes,
901 2983 1303 3050 amantissime,
1348 2987 1506 3053 potes
1557 2983 1760 3052 facere,

111 3077 262 3147 quod
283 3094 393 3132 nos
404 3093 527 3131 non
552 3092 861 3148 possumus
888 3076 1165 3147 cogitare;
1196 3076 1330 3147 quia
1355 3076 1498 3130 nihil
1527 3075 1628 3131 tibi
1653 3076 1761 3129 im-

110 3170 381 3240 possibile
407 3176 513 3237 est,
542 3171 694 3225 Deus
719 3170 1098 3241 omnipotens.
1135 3169 1262 3223 Jesu
1301 3169 1573 3239 osculare,
1607 3184 1760 3240 quae-

112 3278 192 3332 so,
231 3263 611 3318 dilectissime
667 3262 782 3334 (qui
826 3263 1040 3333 triump

110 3356 363 3426 Patrem,
393 3372 668 3427 cumquo
698 3372 923 3426 semper
967 3372 1089 3411 eras
1130 3360 1185 3409 et
1226 3371 1523 3426 permanes
1570 3356 1755 3425 unus),

109 3450 244 3521 quia
271 3450 543 3504 osculum
570 3452 736 3503 tuum
761 3448 925 3503 dulce
949 3453 1070 3518 est;
1097 3452 1154 3503 et
1178 3447 1351 3502 ubera
1371 3452 1468 3503 tua
1490 3447 1619 3502 vino
1642 3448 1761 3502 dul-

109 3542 285 3613 ciora,
314 3542 639 3613 fragrantia
663 3541 896 3613 optimis
919 3541 1260 3612 unguentis;
1293 3545 1349 3595 et
1369 3557 1579 3595 nomen
1596 3544 1760 3595 tuum

109 3652 286 3707 super
316 3636 540 3704 oleum,
564 3651 741 3707 quem
772 3635 1199 3690 adolescentulus
1226 3634 1565 3701 dilexerunt,
1589 3650 1759 3704 quem

108 3729 251 3784 recti
279 3729 561 3800 diligunt,
595 3745 740 3799 quos
761 3728 938 3782 trahis
961 3732 1088 3799 post
1114 3733 1189 3794 te,
1218 3728 1377 3798 cujus
1401 3726 1575 3781 lectus
1604 3726 1756 3782 ﬂori-

109 3822 239 3893 dus,
268 3823 440 3894 cujus
465 3822 814 3893 trophaeum,
838 3838 998 3876 crux.
1023 3820 1127 3884 Qui
1157 3821 1261 3875 hac
1286 3821 1430 3874 hora
1456 3819 1665 3875 rubens
1690 3820 1759 3875 de

110 3916 293 3971 Edom
361 3916 435 3971 de
487 3932 677 3985 cruce,
722 3914 913 3970 tinctis
954 3914 1200 3969 vestibus
1249 3914 1317 3968 de
1368 3914 1554 3981 Bosra,
1608 3914 1757 3967 solus

110 4009 273 4080 quasi
304 4009 559 4064 calcator
582 4008 775 4079 magni
807 4008 957 4062 illius
982 4006 1275 4062 torcularis
1300 4006 1371 4060 ad
1389 4006 1548 4060 caelos
1572 4022 1761 4063 ascen-

110 4102 284 4171 disti;
341 4102 438 4156 cui
483 4105 794 4157 occurrunt
820 4100 1041 4173 :angeli,
1072 4099 1419 4171 archangeli,
1465 4099 1754 4154 dicentes:

106 4196 246 4260 Quis
273 4199 367 4251 est
390 4195 522 4264 iste,
551 4194 655 4266 qui
683 4194 935 4249 ascendit
957 4193 1149 4248 tinctis
1173 4193 1417 4248 vestibus
1442 4192 1511 4248 de
1544 4193 1713 4246 Bosra
1732 4193 1759 4247 Τ

106 4290 332 4355 Quibus
359 4293 418 4344 te
448 4287 933 4359 interrogantibus
962 4304 975 4341 :
1004 4288 1188 4351 Quare
1228 4302 1363 4357 ergo
1407 4286 1643 4340 rubrum
1676 4287 1760 4339 est

106 4384 525 4438 vestimentum
567 4381 778 4435 tuum?
820 4379 1191 4451 respondisti:
1238 4379 1504 4434 Torcular
1554 4377 1758 4432 calcavi

105 4477 282 4544 solus,
309 4480 371 4530 et
396 4474 487 4528 vir
511 4474 582 4529 de
610 4473 877 4545 gentibus
901 4490 1017 4528 non
1045 4473 1155 4529 fuit
1180 4488 1426 4527 mecum.
1458 4473 1615 4541 Vere,
1645 4470 1759 4526 Sal-

109 4574 295 4638 vator,
341 4583 479 4623 vere
516 4567 761 4622 rubrum
800 4571 887 4622 est
924 4571 1087 4621 tuum
1124 4571 1359 4637 propter
1399 4581 1500 4619 nos
1537 4580 1755 4635 corpus,
1777 4577 1836 4652 D

107 4662 365 4717 rubrum
391 4663 481 4716 est
507 4660 788 4731 sanguine
815 4676 961 4714 uvae.
980 4659 1200 4714 Lavasti
1231 4657 1382 4712 enim
1411 4656 1471 4711 in
1492 4656 1621 4711 vino
1645 4661 1757 4711 sto-

110 4754 229 4810 lam
260 4760 450 4824 tuam,
481 4757 539 4808 et
563 4753 804 4825 pallium
831 4758 995 4807 tuum
1011 4752 1073 4808 in
1100 4751 1377 4822 sanguine
1403 4766 1549 4817 uvae,
1578 4749 1676 4821 qui
1702 4766 1760 4805 es

108 4850 265 4904 Deus
289 4847 490 4916 solus;
525 4845 829 4901 crucifixus
853 4863 957 4918 pro
984 4845 1165 4915 nobis,
1187 4861 1329 4915 quos
1354 4843 1587 4914 antiqua
1610 4859 1758 4913 pra:-

108 4941 387 4996 varicatio
411 4939 587 4994 morti
615 4939 885 5008 tradidit;
931 4939 1091 5009 cujus
1121 4938 1352 4993 vulnere
1392 4935 1649 4990 omnium
1669 4935 1759 4989 in-

111 5050 367 5090 numera
383 5028 752 5105 peccatorum
776 5032 1012 5087 vulnera
1037 5035 1226 5087 sanata
1246 5034 1400 5085 sunt.
1427 5030 1495 5083 Et
1521 5044 1643 5097 nos,
1671 5027 1762 5098 pie

110 5126 404 5184 Cruciﬁxe
429 5124 673 5194 Christe,
695 5141 827 5179 cum
848 5126 960 5179 tuis
978 5124 1213 5191 redime,
1242 5124 1408 5193 salva,
1436 5121 1529 5193 pia
1540 5120 1763 5175 bonitas

112 5222 286 5277 Deus.
320 5218 434 5284 Qui
460 5234 668 5290 regnas
704 5234 838 5272 cum
861 5219 1023 5273 Patre
1048 5222 1105 5272 et
1145 5216 1359 5288 Spiritu
1395 5222 1583 5272 sancto
1616 5228 1764 5269 unus

112 5314 173 5370 in
197 5318 498 5370 aeternum
520 5316 579 5367 et
604 5311 665 5365 in
695 5312 898 5366 saecula
923 5311 1278 5365 saeculorum.

324 5407 460 5461 XXI.
501 5420 803 5460 OMTIONES
842 5420 971 5459 POST
1007 5420 1297 5460 LECTIONES
1335 5422 1571 5463 SABBATI.

1862 2955 2023 3012 ciﬁxe
2066 2961 2339 3026 creatura,
2392 2955 2659 3011 ineffabili
2711 2955 2937 3027 pietatis
2985 2959 3333 3011 sacramento
3378 2970 3481 3009 nos

1861 3065 2088 3120 quoque
2140 3049 2249 3104 tuis
2296 3049 2529 3119 redime,
2581 3064 2898 3119 precamur,
2953 3048 3161 3119 jussis:
3234 3048 3481 3103 Salvator

1861 3141 2077 3197 custodi
2118 3158 2239 3212 nos,
2280 3142 2666 3213 parvulorum,
2719 3141 2977 3207 Domine,
2998 3145 3182 3196 custos
3207 3145 3476 3209 tuorum;

1201 3220 1218 3223 ‘
1233 3220 1645 3333 ξρέξςέῶξέεξ
1655 3220 1759 3317 1d
1779 3220 1833 3294 C
1858 3251 1971 3306 quo
1990 3235 2094 3290 tibi
2116 3251 2341 3306 semper
2364 3236 2668 3307 placentes,
2698 3239 2795 3289 tuo
2822 3239 2878 3289 et
2904 3250 3007 3305 per
3031 3238 3085 3289 te
3112 3234 3263 3289 Patri
3284 3251 3348 3289 ac
3368 3249 3482 3289 una

1859 3333 2049 3383 sancto
2072 3328 2303 3399 Spiritui
2330 3328 2537 3399 gratias
2561 3343 2729 3398 agere
2764 3343 3207 3399 perseveremus.
3251 3326 3356 3391 Qui
3394 3329 3479 3382 te-

1858 3437 1989 3476 cum
2014 3421 2146 3476 vivit
2171 3424 2228 3476 et
2250 3425 2469 3492 regnat.

2189 3533 2318 3581 Item
2350 3529 2514 3580 oratio
2537 3529 2602 3580 ad
2626 3530 2779 3579 Sexta
2798 3528 2880 3579 die
2906 3529 3150 3579 Sabbato.

1928 3625 2037 3679 Hac
2061 3624 2201 3678 hora
2224 3623 2541 3695 auspicatur
2560 3622 2722 3677 obrui
2752 3622 3042 3693 ferrugine
3067 3622 3227 3677 Titan
3251 3626 3479 3677 senante

1857 3717 2134 3789 profunda
2154 3721 2465 3772 nonatenus
2492 3720 2723 3788 parente
2752 3715 2895 3770 tuito
2919 3714 3120 3786 stipitis
3154 3714 3214 3769 in
3254 3730 3477 3770 summo

1859 3809 2102 3865 Hebraeis
2122 3826 2480 3882 nequaquam
2498 3808 2763 3881 suspendi
2780 3808 3197 3863 ﬂammivovam
3212 3807 3299 3862 sui
3322 3808 3482 3862 hiare

1859 3903 1997 3959 olim
2018 3920 2133 3959 non
2156 3903 2340 3958 ferens
2364 3903 2589 3972 rimam,
2616 3906 3089 3974 conspectansque
3132 3901 3324 3971 nefas;
3366 3915 3479 3972 quo

1857 4013 2017 4052 versa
2039 3997 2159 4052 vice
2185 3995 2304 4051 orbi
2331 3996 2589 4051 medetur
2614 4012 2716 4067 per
2746 4011 2878 4050 eum
2914 3995 3013 4067 qui
3052 3994 3203 4049 Patri
3242 3993 3484 4049 convivit

1858 4095 2167 4162 regnatque
2205 4093 2331 4144 ante
2379 4089 2577 4144 mundi
2620 4092 2808 4145 ortum
2841 4092 2897 4143 et
2926 4088 2983 4143 in
3013 4087 3217 4144 saecula
3246 4087 3480 4143 seculo-

1858 4199 2008 4238 mm.
2247 4261 2418 4311 Oratio
2444 4260 2497 4310 in
2518 4259 2740 4310 Sabbato
2765 4260 2895 4311 hora
2926 4261 3089 4311 Nona.

1928 4354 2245 4425 ODomine,
2264 4356 2428 4410 Pater
2447 4354 2823 4426 omnipotens,
2842 4355 2940 4426 qui
2960 4354 3137 4409 Adam
3166 4369 3378 4410 novum
3408 4370 3477 4411 ex

1856 4463 2095 4520 persona
2120 4447 2321 4502 veteris
2357 4447 2533 4501 Adam
2577 4448 2931 4515 clamantem,
2974 4445 3134 4517 quasi
3172 4462 3238 4500 ex
3286 4445 3478 4520 356

1858 4540 2054 4596 inferis
2080 4544 2136 4594 et
2160 4538 2389 4609 abyssis,
2420 4538 2826 4609 profundisque
2852 4538 2975 4607 laci,
3003 4537 3246 4592 liberum
3290 4542 3479 4594 tamen

1859 4634 2040 4688 solum
2086 4631 2236 4686 inter
2282 4633 2551 4700 mortuos,
2582 4648 2685 4702 pro
2717 4647 2816 4684 sua
2843 4629 3118 4685 exaudisti
3142 4632 3476 4701 reverentia,

1860 4725 2065 4781 exaudi
2091 4742 2212 4795 nos,
2259 4741 2576 4796 precamur,
2605 4740 2708 4795 per
2732 4724 2953 4795 ipsum;
2988 4728 3051 4777 ut
3089 4723 3248 4795 quasi
3284 4741 3478 4779 conse-

1859 4819 2005 4891 pulti
2032 4835 2159 4874 cum
2185 4820 2313 4873 Jesu
2340 4816 2476 4872 Filio
2503 4814 2624 4887 tuo,
2653 4834 2755 4872 sua
2778 4818 2891 4873 vita
2915 4816 3243 4886 resuscitati,
3272 4817 3331 4871 in
3376 4817 3479 4872 hac

1861 4929 1975 4969 suae
2004 4913 2431 4984 superveniente
2463 4915 2671 4966 sanctae
2697 4909 3119 4966 resurrectionis
3144 4913 3327 4980 nocte,
3355 4926 3478 4965 ma-

1863 5024 1990 5079 gnae
2034 5004 2418 5061 sollemnitatis
2477 5004 2674 5075 gratia,
2724 5021 2825 5059 suo
2881 5003 3050 5070 dono,
3096 5006 3194 5057 tuo
3253 5019 3480 5075 quoque

1860 5101 2029 5171 bono,
2064 5106 2119 5155 et
2143 5100 2383 5172 Spiritus
2408 5098 2580 5152 sancti
2608 5096 2837 5152 consilio
2882 5100 2937 5151 et
2971 5095 3238 5167 mysterio
3268 5113 3483 5153 merea-

1861 5210 1993 5251 mur
2018 5193 2245 5249 absolvi.
2266 5193 2370 5247 Per
2395 5207 2527 5247 eum
2556 5190 2654 5261 qui
2684 5193 2892 5245 tecum.

2400 5300 2649 5351 Collectio
2681 5300 2930 5364 sequitur.

1932 5399 2169 5467 Christe,
2235 5397 2355 5452 fave
2404 5395 2694 5451 desideriis
2739 5399 2795 5451 et
2835 5392 3095 5466 precibus
3148 5394 3373 5466 nostris,
3427 5399 3485 5451 et

188 5498 393 5575 355
439 5499 626 5553 Deum
651 5496 1123 5569 omnipotentem,
1151 5499 1375 5552 Patrem
1401 5502 1459 5553 et
1484 5499 1690 5555 Filium
1712 5503 1768 5555 et
1863 5497 2067 5567 prmsm
2092 5506 2421 5563 prosperam
2446 5490 2591 5544 hanc
2618 5487 3110 5560 supervenientem
3146 5493 3351 5543 sancta:
3377 5489 3480 5543 Pa-

118 5595 407 5667 Spiritum
431 5596 720 5661 sanctum,
740 5590 1123 5646 universitatis
1139 5606 1320 5645 unum
1347 5595 1679 5662 creatorem,
1705 5593 1766 5648 in
1864 5586 2011 5644 schaa
2042 5589 2286 5654 noctem,
2327 5584 2387 5637 in
2416 5599 2530 5657 qua
2562 5587 2751 5638 tecum
2791 5590 3147 5653 resurgentes
3183 5580 3251 5636 de
3279 5586 3479 5645 morte,

120 5689 225 5744 hac
253 5703 474 5759 magna
496 5683 775 5741 Matutina
818 5682 1063 5747 Sabbati,
1099 5683 1374 5739 Dominici
1407 5684 1620 5741 scilicet
1642 5702 1764 5741 cor-

122 5782 279 5856 poris
307 5779 532 5854 requie,
581 5777 791 5833 fratres
822 5775 1118 5846 carissimi,
1149 5768 1447 5848 'supplices
1500 5776 1766 5851 deprece-

125 5892 235 5934 nnr
248 5894 266 5947 ;
299 5879 369 5933 ut
394 5872 499 5948 qui
525 5871 713 5929 Adam
740 5870 809 5926 de
828 5868 1127 5943 profundis
1146 5868 1435 5927 infamatis
1460 5870 1583 5927 limi
1606 5872 1769 5931 mise-

455 5973 750 6041 Parnon.
795 5967 1028 6033 LXXII.

1864 5679 2103 5738 transire
2144 5692 2464 5735 mereamur
2507 5676 2579 5733 ad
2607 5675 2781 5733 vitam
2826 5674 3073 5734 Salvator
3115 5673 3333 5729 mundi.
3374 5671 3480 5735 Qui

1864 5790 2024 5831 νινιε.

3090 5957 3165 6019 12
