3976 6424
503 366 602 412 imit
1284 332 1615 414 APPENDIX
1653 361 1739 415 ΑΙ)
1774 360 1992 414 OPEIIA
2032 359 2262 413 SANCTI
2302 361 2598 414 GERMANI
2639 360 3063 414 PARISIENSIS.

2146 480 2203 552 Α
2226 469 2439 539 gloriae,
2473 469 2707 524 introitu
2737 475 2832 523 tuo
2855 468 3060 522 inferni
3090 467 3279 521 fauces
3318 463 3711 530 inluminasti,
3757 468 3892 515 stu-

680 471 827 525 ΧΧῙΙ.
872 485 1058 524 INCIPIT
1097 483 1289 523 omne
1327 485 1382 523 IN
1422 486 1658 524 vssrsaa
1697 485 1928 524 Pascaaz.

574 562 792 618 Domini
823 562 1002 633 gratia
1027 559 1053 589 ⁸
1088 578 1190 632 per
1221 578 1426 632 aquam
1465 567 1520 616 et
1562 567 1816 617 sanctum
1855 562 2132 632 Spiritum

501 655 700 723 renati,
739 659 793 708 et
833 670 936 724 per
972 654 1345 726 multiplicem
1375 661 1623 726 paterna:
1653 654 1965 709 dilectionis
1990 672 2123 727 pro-

498 749 767 802 visionem
790 747 1105 802 innumeris
1131 748 1345 819 laqueis
1387 748 1666 816 abstracti,
1709 747 1879 818 hujus
1921 748 2124 806 divinae

499 839 843 912 dignationis
867 845 1154 896 auctorem
1191 841 1492 896 Dominum
1532 841 1758 895 incenso
1791 841 2125 912 vespertina:

497 934 681 1004 precis
715 933 1008 1003 sacriﬁcio,
1051 939 1107 988 et
1148 933 1207 988 in
1250 933 1453 988 czclesti
1495 933 1686 1004 patina
1726 950 1828 1004 per
1864 934 2124 1004 spiritum

497 1029 704 1094 erecto,
735 1031 790 1081 et
816 1026 948 1097 igne
976 1027 1090 1096 illo,
1120 1043 1291 1098 quem
1318 1027 1433 1098 ipse
1460 1026 1518 1080 in
1543 1026 1704 1080 nobis
1729 1027 1956 1081 accendi
1978 1027 2122 1082 desi-

497 1118 684 1185 derat;
717 1119 1068 1173 sollemniter
1107 1124 1307 1188 assato,
1351 1119 1617 1190 precariis
1655 1119 1962 1188 affectibus,
2010 1121 2123 1174 fra-

496 1216 610 1266 tres
635 1211 926 1280 carissimi,
955 1212 1357 1282 deprecemur;
1403 1217 1468 1266 ut
1492 1212 1665 1267 totius
1703 1213 1828 1268 vitae
1865 1213 2122 1281 crimina,

497 1308 554 1358 et
580 1304 842 1377 cotidiani
871 1305 1077 1359 erroris
1103 1305 1372 1374 maculas,
1404 1310 1460 1359 et
1504 1305 1768 1360 humanae
1809 1306 2126 1376 fragilitatis

497 1396 702 1464 debita,
725 1397 784 1452 in
809 1397 971 1452 annis
1001 1398 1332 1467 septimame
1361 1397 1581 1452 dierum
1631 1399 2022 1470 quadraginta,
2062 1415 2124 1452 ac

497 1490 703 1561 sepulti
745 1490 992 1562 corporis
1040 1491 1126 1544 sui
1179 1491 1416 1545 Sabbato
1469 1491 1631 1545 nobis
1669 1492 1972 1560 concedat;
2022 1508 2126 1546 nos

497 1599 722 1654 quoque
750 1583 809 1637 in
835 1599 1076 1638 numero
1105 1583 1222 1638 veri
1239 1583 1500 1638 Israhelis
1521 1585 1758 1656 Egypto
1802 1585 1996 1655 egredi
2041 1586 2124 1640 fa-

496 1675 640 1744 ciat;
672 1680 727 1730 et
754 1676 994 1730 inimicis
1021 1677 1317 1746 percussis,
1345 1677 1402 1730 in
1431 1693 1544 1732 una
1571 1678 1809 1732 Ecclesia
1838 1678 2126 1733 catholicas

496 1767 718 1838 domus,
736 1769 942 1822 Pascha
970 1769 1192 1823 Domini
1217 1769 1584 1837 celebrantes,
1607 1770 1754 1842 Agni
1779 1771 2127 1826 immaculati

3775 353 3893 406 :mi

2224 562 2486 634 pentibus
2513 563 2743 617 inferis:
2790 561 2922 633 quia
2961 561 3113 614 solus
3148 559 3298 614 inter
3337 564 3603 613 mortuos
3645 555 3798 610 liber
3857 571 3892 608 a

2225 672 2450 710 recurso
2479 661 2576 710 tuo
2595 673 2697 727 per
2720 656 2977 710 eamdem
3007 660 3230 710 noctem
3259 653 3619 724 Protoplasto
3651 655 3720 705 ut
3746 665 3891 722 spo-

2224 749 2298 804 lia
2339 749 2626 817 revocasti,
2669 765 2772 820 per
2810 765 2983 820 quem
3023 749 3123 802 tibi
3162 763 3336 816 nunc,
3379 746 3645 815 Domine,
3677 759 3896 798 omnes

2225 843 2400 897 sancti
2439 842 2644 914 gratias
2671 845 2870 913 agunt,
2901 846 2957 898 et
2978 841 3037 896 in
3063 846 3340 914 perpetuo
3375 841 3638 896 exaltant
3664 854 3896 894 nomen

2225 942 2413 992 tuum.
2438 935 2544 1001 Qui
2570 952 2702 990 cum
2729 941 2822 990 act.

2225 1071 2404 1126 XXIII.
2464 1088 2654 1125 INCIPIT
2699 1087 3008 1126 BENEDICTIO
3043 1085 3188 1124 cana~
3222 1085 3373 1124 nam
3417 1083 3716 1122 AUGUSTINI
3763 1083 3892 1119 sm-

2297 1158 2459 1210 SCOPI,
2520 1157 2666 1202 QUAII
2709 1158 2883 1196 ADBL'C
2923 1157 3180 1196 DIACONUS
3211 1157 3316 1194 (ΖΕΗ
3365 1155 3541 1207 ESSET,
3594 1153 3787 1192 EDIDIT
3823 1153 3895 1189 ET

2296 1229 2501 1267 CECINIT
2526 1229 2816 1267 FELICITER.

2297 1321 2519 1376 Exultet
2552 1321 2674 1391 jam
2721 1321 2975 1390 angelica
3015 1319 3180 1375 turba
3239 1318 3546 1386 caelorum;
3613 1315 3896 1372 exultent

2225 1414 2410 1469 divina
2435 1414 2718 1486 mysteria,
2741 1418 2798 1470 et
2820 1430 2925 1485 pro
2952 1412 3094 1468 tanti
3109 1411 3279 1484 Regis
3304 1411 3541 1466 victoria
3557 1410 3706 1466 tuba
3727 1410 3893 1463 into-

2224 1512 2322 1562 net
2351 1507 2632 1563 salutaris.
2664 1507 2914 1562 Gaudeat
2943 1523 3001 1560 se
3026 1505 3199 1560 tantis
3225 1505 3376 1560 illius
3402 1503 3655 1560 inradita
3681 1504 3892 1574 fulgo-

2225 1601 2416 1665 ribus;
2463 1606 2520 1656 et
2557 1601 2754 1656 aeterni
2783 1599 2951 1671 Regis
2990 1599 3288 1671 splendore
3343 1598 3654 1666 illustrata,
3705 1597 3895 1652 totius

2225 1694 2374 1748 orbis
2394 1711 2451 1750 se
2476 1694 2676 1749 sentiat
2700 1693 2949 1748 amisisse
2976 1693 3301 1763 caliginem.
3327 1692 3581 1748 Laetetur
3607 1696 3668 1746 et
3693 1695 3896 1745 mater

2226 1787 2488 1856 Ecclesia,
2520 1787 2660 1842 tanti
2685 1787 2915 1842 luminis
2940 1787 3208 1841 adornata
3237 1785 3498 1857 fulgore;
3554 1789 3616 1840 et
3646 1785 3896 1856 magnis

495 1861 773 1934 sanguine
799 1879 1099 1934 corporum
1125 1868 1451 1917 nostrorum
1481 1863 1734 1935 postibus
1770 1865 2030 1934 aspersis,
2067 1863 2120 1919 in

2295 1881 2566 1953 upulorum
2609 1881 2836 1935 vocibus
2861 1881 2983 1934 haec
3023 1879 3152 1934 aula
3205 1880 3461 1935 resultet.
3510 1880 3898 1950 Quapmpter

495 1955 655 2010 istius
682 1955 861 2010 noctis
901 1955 1236 2010 venerabilis
1257 1956 1650 2023 sollemnitate,
1669 1961 1948 2012 vastatura
1963 1973 2126 2012 mun-

497 2048 636 2104 dum
660 2053 865 2116 morte,
889 2049 1172 2119 defendat,
1201 2050 1491 2104 orantibus
1517 2049 1700 2105 nobis.
1728 2051 1852 2105 Per.

1045 2141 1296 2191 Collectio
1331 2143 1582 2205 sequitur.

569 2222 786 2277 Christe
805 2223 954 2289 Jesu,
982 2221 1044 2276 in
1069 2238 1300 2292 vespera
1326 2223 1525 2277 mundi
1549 2223 1931 2295 vespertinum
1961 2223 2124 2278 sacri-

497 2315 689 2372 ﬁcium
717 2333 819 2387 per
838 2331 1062 2371 crucem
1093 2315 1372 2386 effectum,
1395 2316 1629 2388 dignare
1662 2334 1764 2370 nos
1810 2334 1954 2372 nova
1995 2333 2119 2372 cor-

497 2410 620 2481 pori
647 2415 746 2464 tuo
772 2409 891 2466 fore
917 2410 1233 2482 sepulchra.
1267 2410 1373 2474 Qui
1399 2426 1529 2464 cum
1556 2414 1768 2466 aeterno
1797 2413 1956 2466 Patre
1987 2411 2123 2466 vivis

499 2509 556 2560 et
578 2521 800 2576 regnas.

503 2597 508 2602 ο
648 2572 670 2576 “
963 2572 1134 2625 Oratio
1161 2573 1226 2622 ad
1254 2573 1566 2624 duodecima
1594 2575 1620 2616 b
1645 2609 1660 2623 .

567 2659 868 2711 Auctorem
894 2655 1055 2721 lucis,
1098 2655 1415 2726 principem
1453 2655 1707 2724 luminis,
1747 2655 2121 2726 inspectorem

495 2749 698 2819 cordis,
715 2748 1064 2803 credentium
1079 2747 1517 2819 redemptorem,
1536 2749 1736 2802 fratres
1752 2747 2118 2817 dilectissimi,

497 2842 712 2898 cunctis
736 2830 1174 2896 confessionibus
1198 2857 1564 2910 veneremur;
1603 2845 1668 2895 ut
1704 2845 1971 2912 vergente
2009 2840 2119 2905 die,

495 2933 648 2990 vocis
695 2935 917 3006 rugitus
965 2933 1246 3000 exaudiat,
1298 2937 1355 2988 et
1404 2933 1835 3006 superveniente
1881 2933 2122 3005 caligine

496 3028 698 3096 noctis,
723 3045 827 3082 nos
855 3027 1087 3082 luminis
1104 3027 1191 3080 sui
1210 3027 1512 3098 splendore
1539 3027 1832 3096 inlustret;
1860 3043 1931 3082 ne
1964 3027 2036 3081 sit
2061 3027 2122 3082 in

495 3121 659 3178 nobis
683 3121 799 3176 ulla
827 3119 1076 3176 tentandi
1101 3120 1450 3192 vexandique
1476 3120 1689 3174 occasio
1715 3120 2074 3174 tenebrarum
2103 3137 2117 3175 :

497 3216 569 3270 sit
608 3219 799 3270 noster
833 3214 1114 3283 defensor,
1161 3213 1262 3286 qui
1298 3217 1381 3269 est
1409 3229 1553 3268 verae
1582 3213 1721 3268 lucis
1747 3213 1994 3268 indultor
2012 3231 2030 3284 ;
2056 3216 2195 3302 utC

497 3325 719 3380 semper
762 3308 936 3362 simus
984 3307 1044 3362 in
1084 3307 1299 3362 lumine
1327 3307 1467 3378 ejus,
1499 3307 1597 3378 qui
1619 3307 1905 3362 Christum
1930 3307 2120 3362 Domi-

496 3418 637 3458 num
665 3401 973 3474 gloriamur
997 3404 1303 3456 auctorem.
1337 3401 1442 3455 Per
1467 3415 1598 3455 eum
1624 3401 1723 3472 qui
1746 3417 1958 3456 secum.

1043 3493 1292 3543 Collectio
1316 3493 1565 3558 sequitur.

567 3574 758 3650 357
784 3577 937 3648 Rege
961 3591 1081 3644 nos,
1114 3573 1366 3644 Domine,
1396 3591 1498 3646 per
1525 3575 1768 3630 alternas
1797 3579 2121 3646 temporum

495 3671 661 3741 vices,
697 3674 753 3725 et
779 3685 1044 3724 conserva
1080 3685 1182 3722 nos
1221 3684 1324 3740 per
1362 3668 1610 3740 dispares
1651 3667 1872 3724 dierum
1913 3685 1977 3722 ac
2013 3685 2118 3723 no-

494 3766 671 3820 ctium
719 3763 1124 3831 successiones;
1175 3767 1241 3818 ut
1289 3761 1467 3832 adjuti
1517 3759 1850 3816 sanctorum
1889 3767 2120 3817 tuorum

491 3857 772 3932 precibus,
810 3857 910 3928 qui
944 3857 1095 3911 diem
1119 3857 1273 3910 hunc
1322 3872 1426 3926 per
1476 3871 1684 3910 munus
1722 3854 2118 3910 misericordias

494 3957 608 4006 tua;
629 3951 915 4020 duximus,
946 3953 1174 4003 noctem
1201 3964 1428 4020 quoque
1455 3948 1622 4002 istam
1648 3948 1855 4020 placita
1879 3949 1980 4004 tibi
2004 3947 2121 4004 ani-

496 4060 720 4100 marum
753 4047 810 4098 et
835 4058 1135 4114 corporum
1159 4041 1405 4112 puritate
1430 4041 1720 4098 ducamus.
1749 4044 1871 4098 Per.

998 4133 1231 4183 Prasfatio
1265 4147 1400 4184 cera:
1424 4133 1631 4197 incipit?

569 4214 1026 4286 Omnipotentem
1058 4215 1254 4284 Deum,
1282 4214 1483 4269 fratres
1509 4214 1873 4286 dilectissimi,
1901 4218 2117 4289 suppli-

495 4308 636 4363 citer
654 4307 1050 4379 deprecemur;
1082 4311 1145 4362 ut
1166 4307 1404 4362 vinculis
1428 4313 1785 4379 peccatorum
1797 4315 2120 4366 nostrorum

494 4402 555 4458 in
584 4401 764 4456 noctis
782 4401 944 4456 istius
969 4400 1319 4458 solemnitate
1351 4401 1637 4474 disruptis,
1665 4403 2036 4475 procedamus
2059 4406 2120 4460 in

493 4512 628 4551 voce
672 4495 1029 4550 exultationis
1070 4498 1126 4550 et
1165 4495 1546 4563 confessionis,
1597 4513 1767 4550 sonus
1813 4497 2116 4568 epulantis.

2223 1975 2572 2030 adstantibus
2614 1973 2787 2041 vobis,
2830 1973 3030 2028 fratres
3076 1973 3370 2042 carissimi,
3414 1973 3487 2028 ad
3516 1978 3638 2027 tam
3666 1971 3896 2026 miram

2222 2067 2398 2123 sancti
2413 2068 2584 2138 hujus
2609 2066 2841 2122 luminis
2859 2066 3194 2132 claritatem,
3224 2083 3340 2120 una
3367 2082 3621 2135 mecum,
3655 2082 3894 2137 quasso,

2222 2161 2318 2216 Dei
2344 2160 2747 2232 omnipotentis
2763 2159 3212 2214 misericordiam
3231 2159 3519 2227 invocata;
3553 2163 3619 2213 ut
3649 2159 3762 2230 qui
3790 2175 3890 2213 me

2221 2271 2336 2308 non
2366 2254 2507 2308 meis
2528 2253 2744 2308 meritis
2767 2253 2915 2307 intra
2933 2252 3230 2307 levitarum
3257 2269 3570 2307 numerum
3598 2252 3897 2324 dignatus

2221 2351 2304 2402 est
2325 2347 2658 2420 adgregare,
2686 2345 2994 2401 utluminis
3017 2345 3105 2400 sui
3135 2345 3319 2417 gratia
3340 2345 3715 2417 infundente,
3733 2347 3897 2401 cerei

2221 2440 2394 2511 hujus
2423 2441 2646 2496 Iaudem
2677 2439 2914 2512 implere
2943 2439 3254 2511 prmeipiat.

2292 2534 2524 2589 Sursum
2550 2533 2736 2588 corda.
2768 2533 2898 2587 Gra.

2320 2690 2332 2698 ἱ
2776 2633 3090 2683 Contestatio
3123 2647 3282 2684 nunc.

2292 2719 2540 2790 Dignum
2559 2723 2615 2774 et
2626 2719 2846 2789 justum
2867 2723 2970 2774 est.
2988 2721 3128 2774 Vere
3149 2718 3282 2790 quia
3301 2717 3548 2788 dignum
3576 2721 3638 2772 et
3650 2718 3893 2789 justum

2221 2817 2305 2866 est
2326 2813 2660 2867 invisibilem
2681 2813 2859 2866 Deum
2885 2811 3342 2882 omnipotentem
3362 2812 3618 2878 Patrem,
3644 2812 3896 2868 Filium-

2221 2922 2330 2976 que
2369 2906 2738 2977 Unigenitum
2791 2903 2984 2978 358
3027 2905 3330 2960 Dominum
3374 2909 3647 2959 nostrum
3685 2906 3896 2961 Jesum

2219 2998 2505 3054 Christum
2550 3002 2666 3054 toto
2711 2999 2894 3052 cordis
2943 3015 3006 3052 ac
3055 2998 3264 3054 mentis
3322 2997 3532 3052 affectu
3603 3003 3666 3053 et
3733 3001 3894 3054 vocis

2220 3092 2486 3161 mysterio
2511 3107 2832 3164 personare.
2863 3091 2969 3156 Qui
2990 3109 3093 3162 pro
3113 3091 3277 3146 nobis
3313 3096 3531 3145 aeterno
3558 3091 3722 3146 Patri
3747 3094 3892 3148 Adae

2221 3184 2474 3240 debitum
2524 3185 2710 3255 solvit,
2763 3189 2819 3239 et
2870 3185 3074 3240 veteris
3127 3184 3338 3256 piaculi
3395 3185 3736 3240 cautionem
3795 3187 3893 3258 pio

2221 3294 2417 3332 cruore
2447 3279 2695 3333 detersit.
2737 3279 2865 3332 Haec
2902 3281 3035 3332 sunt
3073 3277 3226 3332 enim
3253 3277 3397 3332 festa
3421 3279 3802 3334 Paschalium
3847 3295 3890 3350 ι’,

2221 3372 2282 3426 in
2308 3371 2511 3442 quibus
2535 3388 2697 3426 verus
2724 3371 2818 3426 ille
2833 3375 3026 3444 Agnus
3047 3371 3342 3441 occiditur,
3373 3371 3623 3444 ejusque
3644 3374 3890 3446 sanguis

2219 3463 2472 3536 postibus
2498 3469 2884 3534 consecratur;
2917 3465 2977 3519 in
3002 3481 3114 3537 qua
3141 3464 3401 3536 primum
3420 3468 3624 3535 patres
3655 3471 3889 3521 nostros

2217 3556 2360 3612 ﬁlios
2381 3558 2586 3612 Israhel
2603 3559 2845 3613 educens
2865 3559 2935 3614 dc
2956 3559 3217 3630 Egypto,
3251 3557 3517 3612 Rubrum
3543 3575 3717 3615 mare
3739 3559 3886 3614 sicco

2218 3651 2454 3722 vestigio
2491 3651 2727 3706 transire
2763 3652 2966 3708 fecisti.
3007 3653 3134 3705 Haec
3173 3651 3352 3722 igitur
3386 3667 3504 3706 nox
3533 3656 3648 3719 est,
3681 3653 3748 3708 in
3777 3672 3888 3726 qua

2218 3750 2579 3817 peccatorum
2597 3745 2859 3800 tenebras
2885 3746 3162 3800 columnae
3192 3743 3647 3802 inluminatione
3675 3764 3890 3820 purga-

2219 3839 2316 3893 vit.
2347 3840 2475 3893 Haec
2499 3854 2614 3893 nox
2642 3844 2727 3893 est
2754 3855 2882 3911 quae
2904 3839 3072 3894 hodie
3097 3854 3201 3910 per
3222 3837 3559 3893 universum
3587 3842 3888 3896 mundum

2220 3933 2279 3988 in
2315 3932 2536 3988 Christo
2578 3932 2890 4001 credentes,
2933 3949 2966 3986 a
3010 3931 3162 3986 vitiis
3206 3930 3402 3986 saeculi
3441 3939 3796 4005 segregatos
3837 3941 3888 3990 et

2220 4026 2459 4098 caligine
2481 4030 2862 4097 peccatorum,
2892 4025 3079 4080 reddit
3106 4025 3324 4096 gratiae,
3351 4025 3541 4080 sociat-
3559 4028 3885 4083 sanctitati.

2219 4121 2347 4175 Haec
2371 4135 2483 4174 nox
2513 4122 2598 4174 est
2621 4119 2679 4174 in
2694 4137 2824 4192 qua,
2857 4119 3154 4174 destructis
3174 4119 3416 4174 vinculis
3452 4121 3696 4192 mortis,
3728 4122 3889 4178 Chri-

2219 4219 2338 4270 stus
2394 4213 2464 4267 ab
2511 4212 2705 4268 inferis
2745 4213 2921 4268 victor
2960 4213 3231 4268 ascendit.
3282 4213 3434 4268 Nihil
3492 4214 3661 4270 enim
3717 4217 3888 4272 nobis

2218 4307 2368 4362 nasci
2396 4307 2629 4378 profuit,
2650 4307 2758 4361 nisi
2782 4305 2988 4362 redimi
3011 4306 3334 4378 profuisset.
3353 4307 3397 4361 Ο
3415 4307 3566 4362 mira
3594 4309 3759 4365 circa
3786 4327 3888 4366 nos

2217 4405 2332 4456 tuac
2353 4401 2574 4472 pietatis
2585 4399 2834 4471 dignatio
2851 4399 2865 4453 I
2881 4417 2915 4453 ο
2928 4399 3338 4454 ἱῐιωειίωιὼίιὶε
3349 4399 3582 4456 dilectio
3599 4403 3884 4473 caritatis,

2217 4497 2282 4548 nt
2292 4509 2514 4548 servum
2528 4493 2853 4562 redimeres,
2875 4492 3077 4547 Filium
3093 4493 3377 4548 tradidisti
3397 4493 3412 4547 I
3434 4493 3478 4548 Ο
3502 4497 3668 4552 certe
3690 4513 3887 4553 neces-

491 4589 750 4645 Accensis
773 4588 1146 4644 luminaribus
1163 4589 1233 4643 ad
1253 4589 1749 4646 inluminationem
1771 4595 2042 4660 nostram,
2062 4596 2119 4648 et
2137 4597 2195 4670 D
2218 4587 2427 4641 sarium
2458 4587 2588 4642 Adae
2610 4591 2902 4658 peccatum
2934 4591 3220 4656 nostrum,
3251 4587 3401 4658 quod
3431 4585 3652 4643 Christi
3696 4597 3886 4646 morte

493 4683 748 4738 candoris
771 4682 900 4737 ﬁdei
929 4682 1149 4754 fulgore
1175 4683 1487 4751 rutilantes,
1515 4683 1660 4738 alter
1707 4683 1939 4738 alterius
1972 4702 2115 4756 quo-

493 4793 604 4849 que
629 4776 879 4830 animam
895 4775 1212 4845 inluminet,
1241 4776 1385 4832 sicut
1408 4777 1668 4848 discipuli
1692 4776 1914 4832 Domini
1941 4779 2119 4833 nostri

491 4872 620 4926 Jesu
646 4869 848 4926 Christi
879 4889 894 4925 :
939 4870 1070 4942 quia
1106 4871 1225 4942 ipse
1269 4870 1327 4924 in
1357 4871 1461 4925 hac
1488 4877 1651 4926 nocte
1682 4872 1796 4926 vita
1829 4876 1884 4926 et
1925 4888 2115 4927 resur-

492 4964 666 5020 rectio
693 4963 982 5018 infernum
1006 4963 1388 5035 inluminavit,
1417 4969 1472 5019 et
1495 4969 1682 5036 portas
1729 4982 1904 5021 azreas
1939 4983 2113 5037 pene-

491 5058 678 5125 travit,
718 5063 775 5112 et
799 5063 981 5113 vectes
1016 5058 1227 5113 ferreos
1259 5059 1569 5130 confregit;
1615 5065 1672 5114 et
1710 5075 1862 5114 mors
1904 5059 2118 5117 devicta

493 5156 577 5206 est
607 5151 668 5205 in
692 5151 960 5220 victoria;
990 5157 1046 5207 et
1068 5153 1302 5224 antiqua
1329 5153 1604 5208 sententia
1641 5153 1930 5209 damnavit
1967 5171 2112 5227 eam,

495 5250 558 5300 ut
579 5261 683 5299 nos
711 5245 779 5300 de
799 5250 1071 5317 perpetua
1090 5251 1270 5302 morte
1300 5247 1582 5303 liberaret.
1616 5249 1739 5304 Per.

1037 5339 1286 5390 Collectio
1311 5340 1560 5405 sequitur.

565 5425 684 5478 Non
723 5427 806 5478 est
843 5423 1040 5478 similis
1076 5426 1182 5480 tibi
1219 5426 1278 5480 in
1315 5426 1442 5494 diis,
1489 5425 1744 5490 Domine,
1795 5433 1851 5481 et
1885 5443 2000 5482 non
2032 5432 2115 5482 est

493 5517 802 5572 secundum
829 5535 1001 5590 opera
1014 5523 1130 5588 tua,
1147 5519 1246 5590 qui
1269 5536 1374 5590 per
1390 5534 1660 5588 magnam
1676 5519 2115 5576 misericordiam

492 5615 647 5665 tuam
674 5612 892 5667 salvasti
934 5629 1037 5667 nos
1065 5629 1098 5666 a
1123 5610 1594 5666 descendentibus
1638 5609 1699 5664 in
1741 5611 1950 5668 lacum.
1996 5615 2115 5669 Rex

560 5740 584 5768 ⁸
617 5739 746 5792 Ηωο
771 5739 948 5793 oratio
986 5753 1118 5792 cum
1145 5736 1324 5790 tribus
1369 5735 1836 5805 subsequentibus
1877 5740 2116 5797 habetur

490 5808 549 5863 in
575 5809 775 5864 Missali
801 5808 1050 5875 Gothico,
1079 5822 1266 5876 supra,
1296 5806 1580 5876 pag.240.

575 5823 1050 5875 Missauuotmco,
1079 5823 1266 5876 supra,
1334 5823 1364 5860 a
1415 5823 1580 5861 .zw.

559 5878 585 5920 δ
620 5882 743 5935 llaec
770 5879 946 5933 oratio
972 5879 1031 5934 in
1057 5876 1252 5932 Missali
1288 5823 1522 5933 Eotghico
1556 5875 1878 5936 inscribitur
1909 5898 1920 5938 :
1963 5885 2110 5938 Prae-

2217 4680 2465 4736 deletum
2482 4679 2583 4734 est!
2597 4696 2630 4732 ο
2649 4680 2786 4734 felix
2805 4680 2986 4750 culpa,
3003 4696 3132 4750 quas
3145 4679 3319 4734 talem
3331 4696 3397 4734 ac
3415 4682 3653 4736 tantum
3666 4685 3884 4739 meruit

2216 4774 2423 4829 habere
2454 4773 2927 4844 Redemptorem?
2952 4773 2996 4828 Ο
3019 4772 3185 4828 beata
3196 4789 3331 4840 nox,
3355 4789 3486 4844 quae
3508 4774 3636 4830 sola
3663 4778 3884 4832 meruit

2217 4867 2357 4922 scire
2374 4870 2598 4938 tempus
2619 4871 2674 4920 et
2689 4867 2888 4920 horam
2908 4865 2966 4920 in
2983 4881 3096 4937 qua
3113 4866 3371 4921 Christus
3380 4866 3452 4921 ab
3465 4866 3681 4924 inferis
3693 4887 3881 4925 resur-

2215 4960 2392 5014 rexit!
2421 4961 2550 5014 Haec
2577 4976 2687 5014 nox
2720 4964 2803 5014 est
2832 4959 2901 5014 de
2926 4975 3040 5030 qua
3067 4959 3345 5030 scriptum
3368 4963 3452 5014 est
3480 4977 3494 5015 :
3547 4962 3621 5016 Et
3661 4979 3787 5020 nox
3821 4969 3880 5021 ut

2215 5053 2334 5109 dies
2362 5053 2831 5122 inluminabitur;
2863 5057 2920 5107 et
2951 5071 2964 5108 :
2995 5054 3114 5107 Nox
3142 5053 3505 5110 inluminatio
3546 5054 3611 5110 in
3655 5058 3881 5114 deliciis

2213 5147 2378 5202 meis.
2411 5147 2587 5217 Hujus
2612 5147 2788 5218 igitur
2821 5147 3186 5202 sanctificatio
3211 5147 3392 5202 noctis
3420 5149 3592 5220 fugat
3633 5155 3873 5220 scelera,

2215 5240 2407 5311 culpas
2445 5240 2610 5309 lavat,
2657 5243 2714 5296 et
2756 5239 2940 5295 reddit
2983 5240 3374 5296 innocentiam
3410 5241 3613 5315 lapsis,
3658 5247 3878 5302 mecstis

2213 5333 2466 5388 laetitiam
2496 5351 2510 5388 :
2548 5333 2708 5405 fugat
2746 5334 2891 5400 odia,
2923 5334 3282 5389 concordiam
3323 5340 3512 5406 parat,
3569 5342 3633 5392 et
3681 5346 3876 5396 curvat

2213 5425 2474 5497 imperia.
2504 5427 2563 5480 In
2591 5427 2762 5500 hujus
2784 5427 2962 5498 igitur
2985 5427 3164 5482 noctis
3195 5429 3373 5499 gratia
3395 5429 3650 5501 suscipe,
3683 5439 3873 5488 sancte

2212 5520 2395 5587 Pater,
2425 5520 2637 5575 incensi
2663 5521 2835 5592 hujus
2858 5520 3194 5576 sacriﬁcium
3238 5523 3662 5594 vespertinum,
3715 5527 3866 5599 quod

2213 5611 2316 5667 tibi
2339 5612 2399 5667 in
2423 5613 2528 5668 hac
2554 5613 2700 5669 cerei
2726 5613 3005 5668 oblatione
3035 5615 3300 5670 sollemni
3324 5631 3430 5686 per
3456 5617 3870 5676 ministrorum

2213 5742 2350 5809 fatio
2377 5740 2453 5794 ad
2483 5742 2700 5795 initium
2727 5742 2895 5796 noctis
2916 5741 3152 5796 Paschaa.

2285 5811 2309 5840 ⁸
2335 5811 2422 5866 Sic
2442 5811 2502 5867 in
2527 5810 2728 5868 Missali
2755 5811 3027 5882 Gothico;
3055 5811 3197 5882 aliis,
3223 5814 3544 5882 paschalia.
