3976 6452
153 393 236 439 :mi’.

1213 386 1297 440 DE
1337 388 1641 441 Ll'l‘lTltGlA
1679 389 2046 443 GALLICANA
2086 388 2278 442 LIBER
2318 389 2404 442 ll].

3364 394 3462 444 366

152 503 355 548 tuorum
380 509 583 547 manus
611 493 682 548 de
707 494 972 564 operibus
991 509 1164 564 apum
1191 502 1542 551 sacrosancta
1564 498 1750 551 reddit
1771 511 1829 581 Α
1851 499 2019 568 inque
2047 499 2233 568 ipsum
2277 503 2483 551 nostra
2510 499 2579 552 sit
2607 498 3011 568 deprecationis
3046 500 3312 567 ascensio,
3342 518 3458 554 ma-

152 587 384 641 Ecclcsia.
415 586 521 640 Sed
535 587 660 656 jam
688 587 968 640 columna
987 587 1158 656 hujus
1178 591 1746 659 praconianovimus,

152 696 301 750 quam
329 679 384 732 in
409 679 631 733 honore
656 679 750 732 Dei
773 680 1178 750 rutilansignis
1204 683 1483 750 accendit;
1511 683 1752 753 quilicct

151 772 333 826 divisus
360 771 417 824 in
448 776 660 841 partes,
710 773 954 825 mutuati
998 773 1228 826 luminis
1265 774 1599 829 detrimenta
1635 792 1749 830 non

153 865 303 929 novit,
334 864 516 917 Alitur
543 865 894 935 liquantibus
919 865 1079 932 ceris,
1131 882 1303 936 quam
1343 866 1402 920 in
1443 868 1751 922 substantia

152 958 382 1027 pretiosa
425 957 600 1027 hujus
647 958 924 1028 lampadis
968 957 1088 1028 apis
1137 965 1316 1012 mater
1360 961 1569 1014 eduxit.
1619 961 1751 1032 Apis

150 1050 322 1103 ceteris
346 1066 472 1120 qua
500 1050 757 1119 subjecta
782 1056 914 1104 sunt
943 1051 1164 1104 homini
1192 1052 1570 1107 animantibus
1600 1058 1752 1107 aute-

89 1159 94 1164 '
151 1143 318 1196 cellit:
353 1159 482 1196 cum
525 1143 599 1196 sit
645 1143 824 1196 nimia
867 1144 1124 1214 corporis
1162 1145 1453 1214 parvitate,
1493 1146 1752 1216 ingentes

148 1235 340 1288 animos
362 1240 608 1304 angusto
638 1239 821 1289 versat
846 1236 903 1289 in
925 1242 1152 1306 pectore
1183 1254 1196 1291 ε
1231 1238 1441 1292 viribus
1465 1238 1748 1293 imbecilla

148 1329 227 1382 sed
249 1328 397 1381 fortis
423 1328 684 1398 ingenio.
718 1331 864 1398 Haec,
908 1330 1196 1400 explorata
1243 1336 1566 1401 temporum
1611 1333 1747 1399 vice,

149 1439 257 1475 cum
283 1422 543 1476 canitiem
576 1422 846 1493 pruinosa
887 1423 1139 1492 hyberna
1178 1425 1485 1494 posuerint,
1536 1431 1591 1480 et
1633 1425 1748 1495 gla-

148 1515 265 1568 ciale
297 1515 513 1568 senium
551 1515 715 1568 verni
751 1516 1022 1586 temporis
1069 1517 1360 1571 moderata
1400 1518 1748 1587 deterserint,

147 1609 308 1660 statim
339 1608 663 1678 prodeundi
691 1609 761 1661 ad
791 1608 1041 1662 laborem
1068 1625 1202 1663 cura
1230 1611 1502 1678 succedit,
1535 1612 1748 1681 disper-

146 1717 307 1771 szeque
331 1718 430 1771 per
457 1718 653 1771 agros,
684 1701 896 1754 libratis
921 1703 1220 1772 paululum
1249 1703 1539 1772 pinnibus,
1566 1705 1748 1757 cruri-

146 1794 231 1847 bus
253 1795 534 1864 suspensis
559 1794 832 1848 insedunt
862 1812 875 1847 :
923 1800 1081 1864 parte
1119 1812 1214 1849 ore
1254 1796 1443 1866 legere
1479 1797 1747 1865 ﬂoscolos,

145 1892 361 1941 onerata
391 1887 737 1941 victualibus
768 1887 902 1952 suis,
925 1889 993 1942 ad
1029 1893 1208 1942 castra
1240 1894 1520 1958 remeant;
1559 1889 1749 1961 ibique
1770 1870 1825 1941 Β

144 1980 251 2033 alia
301 1980 688 2034 inastimabili
724 1978 917 2051 359
938 1985 1056 2035 arte
1083 1981 1307 2035 cellulas
1326 1983 1509 2036 tenaci
1530 1983 1749 2053 glutino

145 2073 438 2143 instruunt;
485 2074 617 2127 alia
652 2073 925 2143 liquantia
964 2074 1134 2127 mella
1169 2075 1411 2144 stipant;
1461 2076 1584 2130 alia
1624 2093 1747 2130 ver-

147 2171 255 2219 tunt
281 2166 439 2221 flores
468 2167 528 2220 in
556 2181 788 2234 ceram;
819 2166 942 2219 alia
981 2183 1077 2220 ore
1106 2173 1268 2221 natos
1307 2156 1574 2238 ﬁngunt’;
1626 2169 1751 2224 alia

144 2258 360 2313 collectis
401 2275 430 2313 e
475 2259 633 2313 foliis
673 2264 866 2313 nectar
907 2259 1223 2314 includunt.
1261 2261 1303 2314 Ο
1345 2277 1472 2316 vere
1500 2262 1660 2315 beata
1697 2267 1752 2316 et

146 2351 389 2405 mirabilis
433 2352 596 2422 apis!
643 2352 803 2422 cujus
844 2368 946 2406 nec
985 2368 1182 2406 sexum
1221 2353 1453 2407 masculi
1521 2354 1747 2424 violant,

143 2444 268 2498 fetus
293 2461 401 2498 non
427 2450 724 2516 quassant,
757 2461 859 2499 nec
905 2444 1005 2498 ﬁlii
1045 2446 1342 2499 destruunt
1393 2446 1702 2501 castitatem
1733 2465 1747 2501 :

143 2537 264 2590 sicut
286 2543 472 2592 sancta
503 2537 770 2608 concepit
793 2538 953 2608 virgo
980 2538 1168 2607 Maria,
1211 2538 1368 2608 virgo
1408 2539 1646 2610 peperit,
1697 2545 1753 2594 et

142 2631 280 2702 virgo
305 2631 645 2701 permansit.
677 2631 720 2684 Ο
747 2647 877 2685 vere
902 2631 1062 2684 beata
1084 2648 1218 2701 nox,
1251 2648 1380 2702 qua
1426 2632 1753 2703 exspoliavit

144 2725 428 2795 Egyptios,
480 2724 684 2779 ditavit
713 2725 1005 2778 Hebraos!
1073 2742 1180 2778 nox
1231 2726 1293 2778 in
1345 2741 1458 2796 qua
1514 2726 1752 2780 terrenis

144 2817 357 2872 calestia
381 2819 738 2889 junguntur.
765 2818 1002 2872 Oramus
1037 2822 1112 2886 te,
1160 2818 1412 2887 Domine,
1462 2823 1528 2872 ut
1562 2836 1753 2873 cereus

143 2910 230 2963 iste
277 2911 331 2964 in
376 2912 600 2966 honore
635 2909 883 2964 nominis
928 2910 1011 2963 tui
1056 2915 1431 2979 consecratus,
1464 2912 1533 2965 ad
1577 2912 1754 2966 noctis

144 3003 292 3074 hujus
340 3004 647 3075 caliginem
691 3003 1092 3058 destruendam
1130 3003 1453 3058 indeﬁciens
1492 3020 1751 3074 perseve-

144 3102 243 3164 ret;
267 3097 323 3151 in
357 3098 596 3152 odorem
634 3096 922 3150 suavitatis
965 3100 1242 3166 acceptus,
1291 3097 1546 3167 supernis
1584 3097 1751 3151 lumi-

144 3190 350 3244 naribus
370 3191 702 3245 misceatur.
736 3189 1014 3242 Flammas
1041 3189 1162 3258 ejus
1188 3189 1407 3243 Lucifer
1439 3191 1752 3244 matutinus

144 3281 405 3352 inveniat;
434 3284 555 3352 ille,
586 3282 844 3353 inquam,
873 3281 1110 3346 Lucifer,
1146 3282 1243 3353 qui
1271 3282 1448 3336 nescit
1472 3299 1750 3352 occasum;

142 3375 221 3430 ille
245 3377 336 3448 qui
358 3393 657 3448 regressus
676 3375 745 3429 ab
774 3374 990 3443 inferis,
1027 3375 1276 3428 humano
1305 3376 1495 3444 generi
1525 3391 1756 3430 serenus

142 3468 347 3525 inluxit.
368 3472 682 3524 Precamur
707 3484 842 3537 ergo
865 3471 941 3536 te,
985 3466 1238 3535 Domine,
1265 3473 1330 3521 ut
1372 3485 1476 3522 nos
1515 3468 1756 3522 famulos

143 3566 270 3629 tuos,
318 3580 551 3618 omnem
599 3562 838 3625 clerum,
876 3565 931 3614 et
981 3560 1402 3615 devotissimum
1457 3561 1754 3632 populum,

141 3656 310 3726 quiete
334 3661 670 3728 temporum
695 3669 975 3724 concessa,
1008 3653 1064 3707 in
1095 3653 1183 3706 bis
1225 3653 1578 3724 paschalibus
1617 3670 1754 3709 con-

142 3763 343 3804 servare
364 3749 646 3820 digneris.
679 3749 804 3802 Per.

689 3839 938 3891 Collectio
963 3838 1210 3903 sequitur.

203 3927 393 3982 Sancte
420 3927 690 3996 Domine,
719 3926 1077 3996 omnipotens
1098 3925 1262 3995 Deus,
1291 3924 1389 3995 qui
1409 3925 1479 3979 ad
1509 3931 1758 3980 nostram

143 4022 668 4092 contemplationem
695 4019 1061 4073 tenebrarum
1102 4018 1224 4072 hac
1254 4018 1313 4071 in
1356 4019 1554 4072 mundi
1592 4019 1762 4089 hujus

144 4112 358 4168 obscuro
384 4113 701 4168 luminaria
724 4106 934 4166 micare
957 4111 1192 4183 jussisti,
1211 4116 1413 4182 prasta
1437 4116 1501 4166 ut
1531 4112 1668 4165 dum
1692 4112 1764 4166 ad

143 4206 287 4261 illum
307 4207 646 4263 aternitatis
675 4205 826 4260 diem
857 4209 912 4259 et
949 4204 1231 4275 Unigeniti
1264 4205 1347 4258 tui
1396 4221 1764 4276 properamus

144 4314 418 4355 occursum
464 4301 538 4355 ad
580 4301 731 4354 hanc
769 4298 1017 4365 interim,
1061 4314 1235 4368 quam
1272 4297 1516 4384 tenebris
1559 4298 1764 4352 nostris

143 4395 476 4464 praeparasti,
508 4396 828 4462 lucernam,
852 4392 990 4446 dum
1034 4407 1147 4445 nox
1194 4391 1297 4446 ista
1337 4394 1762 4466 transcurritur,

145 4486 249 4540 sine
282 4493 649 4558 peccatorum
679 4485 1016 4541 oti‘endiculo
1041 4485 1416 4541 ambulemus.
1443 4488 1548 4541 Per
1573 4489 1762 4543 Domi-

142 4596 266 4635 num
294 4588 555 4637 nostrum
566 4622 578 4636 .

499 4677 760 4728 Collectio
793 4680 911 4740 post
941 4675 1190 4741 hymnum
1226 4677 1382 4727 cerei.

203 4765 338 4820 Deus
365 4765 656 4835 templum
681 4762 833 4832 ignis
851 4763 1066 4830 aterni,
1099 4762 1240 4815 Deus
1263 4779 1407 4817 vera
1432 4763 1572 4817 lucis
1599 4765 1759 4819 habi-

143 4857 395 4924 taculum,
426 4859 581 4911 Deus
621 4856 780 4911 sedes
820 4860 1110 4926 perpetua
1152 4855 1416 4924 caritatis,
1462 4860 1585 4909 vota
1639 4857 1761 4925 tibi,

141 4949 382 5020 Domine,
407 4950 711 5005 sollemnia
738 4948 850 5002 diei
877 4948 1380 5002 consummationis
1396 4954 1451 5002 et
1467 4950 1646 5003 noctis
1675 4951 1760 5005 in-

142 5041 439 5098 choationis
467 5043 862 5106 celebramus;
896 5059 958 5095 ac
985 5041 1290 5095 luminibus
1333 5042 1518 5096 altaris
1553 5043 1637 5097 tui
1675 5044 1763 5098 in-

141 5138 324 5203 censis,
352 5135 747 5208 corporalium
774 5135 969 5188 lumen
996 5134 1311 5202 offerentes,
1328 5138 1393 5188 ut
1416 5135 1638 5190 famulis
1655 5137 1766 5191 tuis

145 5242 327 5283 verum
355 5247 421 5285 ac
451 5245 714 5301 perenne
742 5229 935 5282 lumen
967 5227 1222 5298 largiaris
1249 5244 1492 5282 oramus.
1525 5230 1646 5284 Per.

175 5341 334 5396 XXIV.
375 5356 660 5396 mcmer
707 5355 1006 5393 murmurs
1045 5356 1101 5394 IN
1140 5355 1340 5394 VIGIIJA
1381 5357 1592 5396 mscua:
1633 5357 1730 5397 rno

631 5425 1026 5464 SOLLEMNITATE
1063 5426 1122 5464 SA
1130 5427 1261 5465 NCTA
1270 5452 1281 5464 .

209 5509 351 5564 lnter
387 5511 582 5581 prima
607 5507 962 5562 celebranda
989 5512 1192 5562 sancta
1220 5509 1446 5562 Pascha
1476 5509 1770 5562 sollemnia

146 5606 388 5656 votorum
404 5600 830 5658 contestatione
843 5604 898 5653 et
915 5601 1223 5670 gratiarum
1246 5601 1464 5656 actione
1483 5618 1771 5656 sumamus

149 5697 458 5763 exordium;
489 5700 557 5750 ut
582 5709 819 5765 passum
849 5698 903 5748 et
923 5693 1275 5749 immolatum
1300 5711 1404 5767 pro
1422 5694 1586 5749 nobis
1611 5695 1767 5750 Chri-

149 5792 280 5844 stum
311 5791 633 5851 credentes,
667 5785 842 5840 sacris
856 5786 1132 5860 mysteriis
1152 5788 1323 5845 ﬁdem
1346 5787 1773 5846 concinentibus

151 5883 494 5940 exultationis
521 5879 826 5955 plausibus
869 5881 1264 5950 praferamus;
1315 5898 1376 5936 ac
1413 5898 1514 5954 per
1566 5882 1770 5954 ipsum,

1780 4598 1838 4668 D

1851 597 2017 646 nente
2041 591 2100 645 in
2131 607 2195 645 eo
2215 595 2270 644 et
2296 607 2426 645 cum
2455 591 2654 645 eodem
2683 591 2984 645 divinitatis
3011 591 3204 661 gloria.
3232 594 3354 648 Per.

2408 682 2654 732 Collectio
2672 683 2916 746 sequitur.

1919 768 2169 839 Respice,
2200 767 2452 835 Domine,
2483 767 2783 822 Ecclesiam
2807 773 2963 822 tuam
2989 783 3116 838 qua
3138 769 3463 825 admirabile

1850 877 2056 914 nomen
2083 865 2247 914 tuum
2272 866 2387 914 toto
2412 866 2691 914 terrarum
2724 861 2857 914 orbe
2894 861 3260 930 concelebrat,
3291 867 3345 917 et
3371 879 3462 917 su-

1851 970 1952 1023 per
1978 954 2252 1024 populum
2278 952 2469 1025 360
2497 958 2659 1008 tuum
2683 955 2900 1008 vultum
2929 958 3038 1008 tua
3067 953 3284 1024 pietatis
3313 955 3460 1010 inlu-

1851 1047 2023 1101 mina.
2052 1048 2175 1100 Per.

2347 1117 2445 1165 Pro
2484 1116 2725 1166 Ecclesia
2757 1115 2966 1164 unitate.

1922 1202 2097 1255 Deum
2139 1203 2377 1267 Patrem,
2415 1201 2686 1255 carissimi
2726 1202 2944 1270 fratres,
2981 1216 3095 1254 uno
3133 1200 3332 1272 spiritu
3365 1202 3462 1255 de-

1850 1315 2167 1369 precemur,
2197 1302 2260 1352 ut
2280 1314 2476 1352 omnes
2499 1298 2627 1352 ﬁdei
2647 1298 2936 1352 catholica
2967 1297 3203 1352 vinculis
3225 1298 3464 1368 inligati,

1850 1408 2032 1446 unum
2059 1392 2365 1446 sentiamus
2392 1391 2451 1444 in
2479 1391 2717 1445 Christo.

2393 1483 2639 1533 Collectio
2671 1483 2916 1546 sequitur.

1925 1570 2086 1638 Deus,
2117 1568 2213 1640 qui
2243 1585 2387 1623 unus
2415 1572 2471 1622 et
2491 1585 2654 1623 verus
2685 1585 2761 1638 es,
2808 1573 2862 1622 te
2891 1567 3165 1638 supplices
3201 1567 3464 1638 depreca-

1851 1677 2000 1730 mur,
2031 1667 2092 1715 ut
2115 1661 2174 1715 in
2201 1662 2461 1736 omnibus
2486 1662 2690 1732 placita
2719 1661 2819 1715 tibi
2845 1676 3067 1731 semper
3092 1660 3227 1716 ﬁdes
3270 1662 3460 1715 catho-

1851 1755 1954 1807 lica
1979 1759 2314 1825 perseveret.
2344 1756 2448 1808 Per
2464 1755 2766 1808 Dominum
2792 1759 3072 1808 nostrum.

2195 1848 2294 1895 Pro
2328 1845 2683 1895 sacerdotibus
2718 1850 2771 1896 et
2797 1846 2940 1895 omni
2966 1847 3125 1895 clero.

1922 1931 2096 1984 Deum
2125 1934 2399 1997 nostrum,
2428 1930 2701 1984 carissimi
2725 1931 2924 1986 fratres
2955 1932 3234 2003 supplices
3272 1932 3466 2002 depre-

1850 2043 2071 2093 cemur;
2097 2031 2162 2080 ut
2187 2026 2496 2080 sacerdotes
2515 2042 2662 2095 suos,
2678 2044 2821 2097 quos
2847 2028 3176 2082 ceremonia
3194 2027 3466 2098 religione

1850 2119 2115 2186 devinxit,
2146 2119 2286 2173 sacri
2311 2119 2567 2189 mysterii
2599 2124 2884 2190 compotes
2916 2123 3164 2190 prastet,
3211 2136 3465 2174 omnem-

1851 2228 1960 2283 que
2005 2213 2218 2267 clerum
2263 2212 2401 2266 citra
2439 2212 2664 2282 culpam
2709 2213 2947 2282 alicujus
2996 2213 3231 2268 macula
3273 2212 3469 2283 jubeat

1850 2320 2200 2374 permanere.
2230 2305 2337 2358 Per
2363 2304 2684 2359 Dominum.

2397 2395 2646 2446 Collectio
2678 2396 2922 2459 sequitur.

1921 2481 2372 2552 Supplicantibus
2399 2480 2598 2534 domus
2649 2485 2762 2535 tua
2796 2481 3178 2536 sacerdotibus
3212 2497 3275 2536 ac
3305 2481 3470 2535 mini-

1851 2580 1997 2648 stris,
2040 2581 2182 2633 Deus
2220 2578 2476 2632 omnium
2517 2577 2876 2648 dignitatum,
2913 2579 3188 2650 perpetim
3227 2580 3465 2650 gratiam

1850 2672 2130 2741 benignus
2155 2672 2406 2728 infunde.
2430 2675 2623 2727 Prast.
2654 2673 2751 2726 sal.

2363 2767 2463 2814 Pro
2496 2764 2704 2828 regibus
2728 2766 2778 2812 et
2801 2777 2949 2826 pace.

1923 2850 2150 2920 Apicem
2189 2849 2444 2903 omnium
2482 2853 2822 2920 potestatum
2858 2853 2913 2902 et
2953 2848 3465 2918 supereminentem

1852 2941 2291 2997 dominationem
2315 2943 2618 2996 Dominum
2632 2942 3018 3012 deprecemur,
3049 2946 3113 2995 ut
3138 2957 3340 3013 regum
3365 2959 3466 2996 no-

1853 3040 2097 3090 strorum
2121 3036 2430 3090 exercitum
2452 3035 2526 3088 ita
2547 3051 2647 3090 sua
2671 3034 2876 3088 virtute
2897 3033 3258 3101 conroboret;
3291 3039 3354 3089 ut
3367 3051 3468 3105 per

1854 3129 2076 3184 eosdem
2108 3128 2368 3200 gentibus
2397 3128 2632 3183 subditis
2658 3128 2743 3182 vel
2768 3127 2998 3198 fugatis,
3031 3128 3146 3182 Deo
3174 3127 3299 3182 vivo
3319 3127 3469 3199 jugi—

1775 3235 1828 3308 ρ
1854 3227 1938 3277 ter
1962 3221 2285 3277 serviamus.
2308 3223 2413 3276 Per
2436 3221 2731 3275 Dominum
2760 3224 3037 3274 nostrum.

2389 3322 2638 3372 Collectio
2665 3320 2911 3384 sequitur.

1924 3407 2156 3478 Respice
2185 3407 2424 3462 famulos
2453 3411 2597 3476 tuos,
2630 3406 2887 3475 Domine,
2914 3405 3119 3476 quibus
3151 3405 3302 3460 orbis
3328 3406 3472 3479 regi-

1856 3517 2007 3571 men,
2036 3505 2092 3556 et
2119 3517 2309 3556 rerum
2338 3500 2581 3554 habenas
2605 3498 2824 3567 dedisti,
2852 3504 2908 3553 et
2932 3503 3134 3568 praesta
3152 3504 3212 3553 ut
3235 3503 3331 3553 tua
3358 3500 3470 3554 vir-

1857 3599 1974 3649 tute
2000 3593 2228 3661 muniti,
2256 3593 2531 3664 populum
2555 3597 2718 3646 tuum
2745 3606 2965 3645 summa
2981 3590 3246 3645 felicitate
3275 3593 3468 3646 defen-

1858 3687 2020 3754 dant;
2048 3691 2112 3741 ut
2135 3703 2269 3757 pace
2296 3685 2456 3740 nobis
2484 3685 2693 3755 ubique
2720 3700 2998 3752 concessa,
3025 3683 3129 3738 tibi
3169 3683 3366 3739 diebus
3408 3701 3469 3739 ac

1859 3779 2111 3835 noctibus
2136 3778 2456 3834 serviamus.

2444 3873 2545 3920 Pro
2568 3870 2872 3934 virginibus.

1929 3960 2112 4014 Unum
2153 3957 2394 4028 Virginis
2433 3957 2632 4011 Filium
2675 3956 3061 4026 deprecemur,
3109 3960 3173 4011 ut
3209 3957 3473 4022 omnibus

1861 4053 2125 4107 castitatis
2155 4067 2344 4105 amore
2392 4049 2760 4120 ﬂagrantibus
2795 4050 3227 4120 perseverantia
3261 4050 3474 4122 palmas

1861 4144 2164 4218 impertiat.
2192 4146 2298 4200 Per
2325 4143 2643 4198 Dominum.

2409 4235 2658 4285 Collectio
2683 4235 2928 4299 sequitur.

1933 4323 2149 4389 Sancte,
2179 4321 2533 4391 omnipotens
2559 4321 2724 4390 Deus,
2765 4335 2888 4374 eam
2930 4319 3264 4390 virginitatis
3298 4323 3474 4377 culto-

1863 4415 2016 4470 ribus
2044 4413 2284 4484 gloriam
2309 4413 2509 4480 tribue,
2561 4429 2730 4484 quam
2782 4412 2947 4482 Virgo
2991 4417 3172 4467 mater
3210 4414 3474 4471 obtinuit.

1863 4507 1965 4573 Qui
1993 4523 2121 4562 cum
2151 4509 2329 4562 Patre.

2336 4600 2436 4647 Pro
2459 4596 2626 4646 viduis
2661 4600 2712 4645 et
2737 4597 3003 4660 orphanis.

1934 4689 2132 4754 Deum,
2161 4683 2555 4738 necessitatum
2573 4682 3336 4754 omniumconsideratorem,
3368 4686 3472 4739 Do-

1863 4781 2084 4835 minum
2111 4777 2478 4849 postulemus,
2509 4781 2574 4830 ut
2597 4774 2777 4829 viduis
2811 4776 3188 4848 orphanisque
3226 4777 3473 4833 clemen-

1861 4875 1956 4928 tia
1982 4887 2096 4928 sua
2123 4887 2280 4926 more
2307 4868 2615 4924 subveniat.
2645 4870 2767 4923 Per.

2389 4971 2634 5022 Collectio
2659 4969 2905 5033 sequitur.

1934 5059 2212 5130 Religiosa
2256 5056 2520 5110 viduitate
2559 5055 2854 5126 potientes,
2899 5054 3082 5126 adque
3117 5055 3293 5110 orbati
3344 5074 3476 5128 par-

1865 5133 2000 5222 vuli,
2030 5153 2182 5206 nullo
2221 5167 2278 5204 se
2305 5148 2566 5220 prasidio
2603 5148 2917 5214 destitutos,
2969 5152 3023 5202 te
3063 5148 3295 5204 Domine
3326 5151 3482 5222 adju-

1865 5250 2049 5314 vante,
2070 5259 2222 5298 nunc
2251 5241 2512 5296 sentiant.

2409 5335 2507 5382 Pro
2539 5333 2920 5397 agrotantibus.

1937 5421 2221 5477 Medicina
2243 5419 2472 5474 caelestis
2495 5423 2781 5483 auctorem
2808 5419 3132 5487 Dominum,
3161 5421 3359 5476 fratres
3388 5440 3476 5477 ca-

1869 5514 2093 5584 rissimi,
2125 5531 2189 5569 ea
2215 5530 2323 5585 qua
2361 5513 2626 5582 competit
2660 5512 3060 5582 supplicatione
3096 5531 3382 5586 rogemus,
3420 5519 3482 5568 ut

1869 5615 2022 5664 actus
2048 5608 2365 5662 animorum
2385 5611 2728 5674 nostrorum,
2752 5623 3162 5678 corporumque
3186 5609 3481 5679 languores

1871 5701 2092 5756 virtutis
2118 5717 2233 5755 sua
2261 5699 2428 5754 verbo
2453 5715 2647 5752 sanare
2677 5698 2963 5770 dignetur.
2991 5701 3113 5756 Per.

1997 5807 2012 5828 .·
2405 5791 2652 5842 Collectio
2687 5791 2932 5855 sequitur.

1946 5877 2125 5952 391
2162 5877 2386 5934 lntirma
2417 5876 2751 5947 aegritudine
2790 5876 3185 5943 laborantibus,
3223 5871 3476 5944 omnipo-
