3976 6424
138 402 227 457 369

692 511 1007 565 Contestatio
1028 512 1203 564 fontis.

192 596 436 668 Dignum
463 600 523 652 et
545 596 777 669 justum
803 603 909 655 est.
938 600 1077 659 Vere
1102 616 1331 672 aequum
1356 604 1411 656 et
1432 601 1652 671 justum
1676 604 1762 656 est

129 706 216 746 nos
238 690 341 746 tibi
361 690 582 761 gratias
605 707 801 762 agere,
823 692 1060 748 Domine
1087 694 1234 748 Deus
1268 697 1496 760 aeterne,
1538 694 1635 765 qui
1670 710 1759 748 so-

127 785 200 839 lus
235 784 407 838 habes
450 784 968 855 inmortalitatem;
1013 802 1255 857 eamque
1281 802 1355 842 ne
1395 787 1546 841 solus
1584 786 1758 857 possi-

127 878 258 947 deas,
284 877 452 932 nobis
480 894 721 950 quoque
757 884 1021 935 renovata
1047 883 1209 935 aetate
1225 879 1507 949 tribuisti;
1541 880 1639 952 qui
1657 880 1762 935 hu-

1221 406 1308 462 DE
1346 405 2061 464 LlTURGlAGALLICANA
2098 410 2295 468 LIBER
2331 413 2420 467 ΙΙΙ.

1779 524 1839 598 Α
2363 521 2442 573 Ad
2475 521 2635 587 pedes
2656 523 2683 555 ⁸
2708 523 2973 574 lavandos.

3385 416 3485 470 370

1932 604 2202 661 Dominus
2227 611 2283 661 et
2309 607 2559 663 Salvator
2583 612 2773 664 noster
2796 611 2952 664 Jesus
2977 608 3229 664 Christus
3254 613 3480 682 aposto-

1859 695 1929 749 lis
1954 697 2068 752 suis
2104 699 2275 768 pedes
2300 700 2466 769 lavit;
2497 717 2602 771 ego
2630 702 2730 756 tibi
2758 703 2928 772 pedes
2954 703 3099 772 lavo,
3124 707 3190 757 ut
3216 706 3274 758 et
3298 706 3364 757 tu
3391 704 3476 759 fa-

1860 788 1970 842 cias
2006 790 2322 862 hospitibus
2347 796 2404 849 et
2430 793 2743 865 peregrinis
2768 795 2867 866 qui
2886 795 2957 849 ad
2984 800 3038 850 te
3063 796 3338 852 venerint.
3370 799 3483 853 Hoc

1860 880 1906 934 si
1930 881 2144 953 feceris,
2172 885 2407 941 habebis
2430 887 2605 941 vitam
2625 890 2897 942 aeternam
2926 887 2988 942 in
3016 888 3219 944 saecula
3243 891 3475 946 saeculo.

128 987 276 1025 manu
302 971 505 1041 generi
534 972 807 1039 amissam
836 988 942 1043 per
964 972 1475 1044 transgressionem
1503 972 1761 1045 pristinae
1858 990 2007 1030 rum.
2035 979 2232 1032 Amen.

127 1063 342 1134 originis
392 1064 749 1135 dignitatem
792 1067 1099 1121 reformare
1140 1066 1200 1120 in
1225 1065 1425 1121 melius
1462 1070 1579 1121 tam
1626 1082 1756 1137 pre-

128 1157 249 1211 tioso
267 1173 440 1228 quam
456 1158 618 1213 felici
634 1159 990 1231 baptismatis
1007 1175 1244 1213 munere
1255 1159 1497 1213 voluisti.
1517 1158 1754 1227 Adsiste,

125 1265 456 1323 quaesumus,
498 1251 575 1306 ad
610 1252 1028 1308 invocationem
1058 1251 1309 1306 nominis
1338 1252 1450 1306 tui:
1478 1251 1759 1307 sanctifica

122 1344 317 1399 fontem
343 1344 524 1412 hunc,
560 1345 939 1400 sanctiﬁcator
969 1344 1191 1416 generis
1232 1344 1508 1412 humani;
1533 1345 1631 1399 ﬁat
1676 1344 1758 1399 lo-

124 1453 206 1491 cus
229 1436 326 1491 iste
354 1436 594 1508 dignus,
624 1439 687 1494 in
743 1455 914 1509 quem
969 1438 1206 1509 Spiritus
1253 1442 1475 1492 sanctus
1520 1437 1751 1507 inﬂuat;

128 1530 406 1599 sepeliatur
432 1531 529 1585 hic
550 1530 670 1585 illic
700 1531 879 1587 Adam
905 1535 1083 1598 vetus,
1114 1535 1374 1601 resurgat
1393 1546 1604 1598 novus;
1636 1547 1756 1585 mo-

125 1622 283 1676 riatur
309 1639 479 1677 omne
511 1624 675 1694 quod
722 1624 907 1678 carnis
955 1627 1057 1693 est,
1103 1627 1365 1693 resurgat
1401 1639 1567 1678 omne
1604 1623 1755 1694 quod

127 1716 358 1785 spiritus;
398 1719 695 1771 exuantur
733 1717 1024 1771 sordentes
1062 1716 1232 1785 vitiis,
1276 1719 1333 1770 et
1373 1715 1614 1770 discissis
1642 1714 1751 1770 cri-

125 1808 371 1878 minibus,
417 1809 669 1865 amictus
693 1807 1007 1880 splendoris
1035 1812 1094 1863 et
1119 1808 1553 1863 immortalitatis
1580 1807 1749 1862 indu-

126 1904 297 1957 menta
318 1906 646 1957 sumantur.
682 1902 1033 1973 Quicumque
1056 1901 1116 1955 in
1145 1901 1364 1956 Christo
1383 1900 1749 1972 batipzahun-
1773 1884 1827 1955 Β

126 1998 222 2062 tur,
252 1994 491 2049 induant
515 1994 831 2050 Christum.
871 1994 1219 2065 Quicumque
1255 1994 1345 2048 hic
1381 1994 1752 2048 renunciave-

126 2088 226 2141 rint
250 2088 488 2155 diabolo,
522 2088 598 2142 da
627 2088 712 2142 eis
732 2088 1086 2159 triumphare
1113 2087 1180 2141 de
1207 2086 1438 2141 mundo.
1465 2086 1570 2150 Qui
1597 2089 1652 2140 te
1693 2086 1753 2141 in

126 2180 215 2234 hoc
260 2181 376 2235 loco
419 2180 792 2249 invocaverit,
840 2185 902 2234 tu
956 2196 1087 2235 eum
1126 2196 1428 2250 cognoscas
1464 2179 1523 2232 in
1550 2194 1747 2249 regno.

126 2274 199 2327 Sic
222 2274 276 2327 in
296 2274 399 2328 hoc
424 2273 586 2328 fonte
608 2274 1022 2345 extinguantur
1041 2272 1297 2341 crimina,
1321 2288 1393 2325 ne
1410 2275 1710 2342 resurgant
1729 2289 1747 2342 ;

126 2366 189 2418 sic
215 2366 508 2421 invalescat
531 2383 703 2437 aquae
730 2366 893 2420 istius
918 2364 1354 2433 beneficium,ut
1380 2364 1579 2418 aeterni
1598 2363 1750 2434 ignis

127 2458 413 2530 restinguat
468 2458 828 2513 incendium.
868 2458 1019 2513 Mitte
1070 2458 1242 2512 fontis
1296 2456 1563 2511 altaribus
1611 2456 1742 2525 tuis,

126 2567 249 2621 quos
285 2552 479 2606 altaria
520 2551 721 2623 regnis
757 2551 872 2604 tuis
909 2551 1157 2605 mittant.
1192 2551 1363 2604 Totus
1403 2548 1495 2602 hic
1539 2548 1747 2603 horror

128 2644 299 2699 mortis
332 2644 598 2699 intereat.
634 2644 989 2714 Quicumque
1015 2643 1105 2697 hic
1146 2647 1277 2698 tuus
1329 2658 1449 2696 esse
1490 2641 1740 2712 coeperit,

128 2741 238 2790 tuus
261 2753 374 2793 esse
399 2753 518 2791 non
553 2736 799 2791 desinat.
827 2737 1178 2807 Quicumque
1204 2735 1294 2789 hic
1321 2750 1377 2788 se
1416 2733 1518 2788 sibi
1564 2750 1740 2805 nega-

125 2830 266 2898 verit,
308 2835 361 2885 te
406 2828 761 2898 lucrifaciat;
793 2832 847 2883 et
874 2845 977 2900 per
1001 2828 1381 2883 ministerium
1404 2830 1660 2880 nostrum
1688 2829 1742 2881 et

126 2923 427 2991 mysterium
457 2926 631 2977 tuum
661 2926 1013 2977 consecratus
1068 2921 1171 2976 tibi
1209 2920 1469 2991 populus,
1518 2918 1743 2973 aeternis

124 3015 178 3067 ad
206 3020 254 3070 te
281 3016 528 3087 praemiis
553 3019 938 3069 consecretur.
985 3016 1090 3069 Per
1136 3013 1441 3091 Dominum
1484 3014 1741 3066 nostrum

127 3108 293 3162 Iesum
319 3109 633 3163 Christum.

125 3294 239 3348 dicis
264 3314 279 3348 :

183 3387 333 3457 Deus,
365 3387 437 3442 ad
462 3403 643 3459 quem
669 3384 937 3455 {sitientes
978 3385 1206 3453 animm,
1250 3382 1589 3455 bibendique
1625 3383 1734 3437 im-

123 3481 451 3535 mortalitatis
476 3495 679 3534 amore
705 3479 997 3547 festinant,
1021 3479 1090 3533 da
1113 3477 1193 3532 eis
1221 3476 1443 3531 famulis
1471 3475 1581 3531 tuis
1610 3493 1737 3547 sup-

122 3572 432 3641 plicantibus
478 3572 739 3628 invenire
789 3588 997 3626 munus
1052 3569 1243 3644 364
1282 3569 1429 3641 quod
1476 3568 1731 3639 cupiunt,

122 3665 332 3736 adipisci
359 3667 605 3737 gratiam
631 3681 803 3737 quam
830 3668 1159 3732 merentur;
1188 3662 1582 3734 ingrediantur
1606 3662 1731 3716 fon-

122 3762 220 3813 tem
242 3759 689 3830 regenerationis
717 3761 1025 3827 auctorem,
1056 3757 1116 3811 in
1141 3773 1252 3827 quo
1282 3755 1558 3811 letiferam
1576 3754 1733 3809 illam

123 3851 269 3919 primi
292 3853 540 3924 parentis
560 3852 860 3921 offensam,
877 3854 1092 3905 mutata
1118 3849 1178 3903 in
1202 3864 1413 3904 novum
1433 3847 1726 3903 hominem

122 3944 318 3999 caducze
347 3946 528 4001 carnis
558 3944 888 4016 fragilitate,
921 3943 1223 4013 deponant.
1253 3944 1358 3996 Per
1388 3941 1546 3995 Dom.

177 4040 518 4109 Interrogatio
551 4056 564 4092 :
594 4037 732 4102 Quis
754 4036 963 4091 dicitur
980 4036 1008 4090 Ἰ
1031 4034 1094 4099 R).
1129 4034 1232 4089 Illi.

178 4128 546 4186 Abrenuncias
573 4131 820 4199 Satanae,
849 4128 1071 4201 pompis
1098 4125 1309 4196 saeculi,
1342 4129 1398 4180 et
1422 4124 1726 4196 voluptati-

122 4218 210 4274 bus
235 4223 385 4293 ejus?
410 4224 476 4288 at.
509 4222 894 4279 Abrenuncio.

178 4314 355 4371 Credis
396 4318 627 4372 Patrem
674 4318 749 4392 et
791 4314 996 4369 Filium
1043 4319 1099 4370 et
1144 4312 1413 4384 Spiritum
1473 4315 1729 4366 sanctum

122 4406 269 4461 unius
292 4426 406 4464 esse
431 4409 664 4463 virtutis
682 4410 710 4463 ?
737 4406 800 4471 Β).
829 4408 1026 4462 Credo.

182 4502 329 4556 Dicis.
360 4502 555 4558 Credis
589 4504 816 4556 Patrem
843 4505 899 4555 et
943 4500 1146 4554 Filium
1185 4502 1242 4553 et
1286 4496 1553 4569 Spiritum
1598 4515 1725 4553 san-

122 4596 256 4646 ctum
283 4595 535 4664 ejusdem
561 4610 681 4648 esse
708 4593 1003 4665 potestatis
1029 4594 1056 4647 ‘l
1081 4595 1145 4658 Β).
1171 4591 1368 4646 Credo.

180 4683 355 4740 Credis
378 4688 608 4742 Patrem
633 4689 691 4740 et
726 4685 935 4739 Filium
960 4688 1016 4739 et
1040 4682 1311 4755 Spiritum
1339 4685 1596 4737 sanctum
1620 4682 1722 4737 tri-

122 4790 197 4828 nae
237 4779 473 4833 veritatis
529 4778 774 4850 [Forsam
819 4776 1103 4849 unitatis],
1144 4792 1254 4830 una
1294 4778 1555 4830 manente
1600 4774 1727 4829 sub-

120 4870 319 4940 stantia,
346 4872 527 4927 Deum
557 4888 678 4927 esse
700 4871 1017 4943 perfectum
1042 4870 1069 4923 ?
1097 4872 1160 4937 κ).
1190 4869 1388 4924 Credo.

350 4966 580 5037 Baptizo
610 4966 712 5020 te?
740 4962 806 5027 Β).
836 4965 973 5034 Bap.

181 5054 385 5125 Baptizo
412 5063 468 5112 te
496 5058 824 5113 credentem
858 5056 919 5110 in
943 5055 1173 5111 nomine
1210 5054 1386 5111 Patris
1421 5058 1477 5110 et
1512 5053 1632 5108 Filii
1675 5058 1729 5109 et

122 5142 331 5215 Spiritus
358 5151 555 5222 sancti,
599 5154 662 5205 ut
690 5150 897 5204 habeas
922 5149 1097 5203 vitam
1132 5153 1402 5204 aeternam
1432 5147 1494 5202 in
1528 5147 1730 5202 saecula

126 5240 452 5298 saeculorum.

677 5311 867 5361 Infusio
902 5311 1159 5361 ehrismte.

184 5379 332 5449 Deus,
356 5385 519 5438 Pater
548 5383 776 5437 Domini
799 5382 977 5437 nostri
1001 5384 1130 5437 Jesu
1155 5379 1378 5450 Christi,
1417 5380 1516 5452 qui
1546 5384 1601 5435 te
1640 5396 1727 5436 re-

129 5475 385 5537 generavit
408 5492 477 5531 ex
496 5492 648 5547 aqua
674 5479 731 5530 et
756 5472 967 5546 Spiritu’
992 5478 1203 5543 sancto,
1238 5474 1448 5545 quique
1490 5472 1593 5528 tibi
1631 5473 1723 5527 de-

126 5560 198 5615 dit
218 5567 597 5624 remissionem
626 5571 1004 5639 peccatorum,
1032 5568 1151 5638 ipse
1182 5571 1237 5621 te
1261 5566 1401 5621 lenit
1425 5566 1728 5620 chrismate

128 5670 213 5710 suo
241 5664 442 5733 sancto,
472 5666 539 5717 ut
564 5661 776 5717 habeas
802 5660 975 5715 vitam
1004 5664 1274 5716 aeternam
1300 5659 1361 5713 in
1383 5658 1589 5714 saecula
1633 5674 1732 5713 sae-

128 5749 373 5809 culorum.

190 5876 213 5906 '
253 5875 323 5931 De
363 5878 470 5935 hoc
510 5880 625 5936 ritu
673 5876 801 5933 vide
850 5880 1040 5937 notata
1084 5877 1145 5935 in
1208 5875 1407 5935 Missali
1470 5854 1728 5950 Gothico,
1795 5847 1798 5851 .
1901 5871 1929 5912 δ
1954 5870 2042 5926 Sic
2065 5871 2371 5955 legendum
2396 5872 2616 5928 videtur
2638 5877 2853 5955 abeas,

190 5958 273 6002 Im.
303 5950 386 6007 35.
1747 5983 1755 5995 ι
1836 5944 1961 6002 teris
1988 5944 2216 6002 hominis
2243 5959 2302 6000 ιη
2324 5946 2472 6016 fonte
2492 5945 2753 6017 deposita,
2784 5948 2870 6000 etc

134 5956 273 6002 num.
303 5950 386 6007 35.

184 3204 357 3257 Postea
382 3204 526 3270 facis
558 3206 672 3257 tres
702 3215 879 3256 cruces
904 3214 1067 3271 super
1088 3215 1287 3271 aquam
1307 3199 1372 3254 de
1405 3198 1654 3261 chrisma,
1690 3202 1740 3253 et
1759 3240 1814 3314 ρ
1836 3198 2167 3297 percipiant.

2424 1049 2544 1099 Post
2565 1048 2901 1113 baptismum.

1928 1152 2092 1219 Deus,
2121 1152 2192 1207 ad
2218 1168 2389 1223 quem
2413 1152 2627 1208 scubias
2652 1154 2679 1194 ι)
2702 1153 2905 1209 veteris
2930 1153 3191 1210 homines
3210 1154 3475 1226 infundit,

1857 1248 1913 1298 et
1939 1244 2217 1315 depositas
2240 1245 2471 1300 novellae
2501 1246 2702 1301 sobolis
2730 1263 2980 1318 propago
3006 1246 3310 1318 descendit,
3340 1249 3479 1304 dum

1854 1336 1914 1391 in
1939 1354 2146 1392 novam
2175 1342 2555 1409 aeternampue
2575 1339 2945 1394 substantiam
2962 1340 3299 1395 salutaribus
3318 1341 3479 1413 aquis

1855 1430 2099 1485 eluimur
2122 1434 2178 1485 et
2202 1431 2505 1500 nascimur,
2538 1448 2800 1487 conserva
2825 1431 2885 1486 in
2913 1449 3015 1487 nos
3038 1433 3122 1487 tui
3155 1433 3334 1487 laticis
3365 1450 3475 1505 pu-

1853 1538 1984 1577 rum
2000 1524 2301 1595 liquorem,
2328 1526 2390 1578 ut
2405 1540 2652 1595 nequam
2669 1524 3073 1595 superinduere
3098 1526 3344 1580 maculas
3361 1542 3477 1582 non

1852 1616 2032 1671 valeat
2058 1616 2320 1671 inimicus
2342 1634 2360 1686 ;
2388 1633 2493 1673 nec
2519 1617 2807 1673 auferatur
2822 1620 2987 1674 Pater
3014 1635 3047 1674 a
3066 1617 3214 1689 ﬁliis,
3241 1634 3345 1675 nec
3368 1620 3474 1675 Pa-

1853 1708 1925 1763 tri
1948 1709 2308 1765 subtrahatur
2332 1710 2632 1766 hereditas.

2180 1848 2352 1903 XXVI.
2384 1864 2541 1904 MISSA
2581 1865 2635 1904 IN
2672 1865 2869 1905 VIGILLA
2906 1865 3136 1906 PASCHE.

2528 1949 2781 1999 Prmfatio.

1923 2031 2290 2104 Omnipotens
2328 2034 2669 2105 sempiterne
2708 2034 2872 2103 Deus,
2902 2034 2998 2105 qui
3040 2035 3187 2090 hanc
3223 2037 3473 2091 sacratis-

1851 2125 2051 2179 simam
2083 2129 2307 2179 noctem
2336 2142 2437 2197 per
2466 2126 2724 2181 universa
2748 2126 2950 2183 mundi
2978 2127 3155 2198 spatia
3183 2128 3359 2199 gloria
3380 2129 3474 2183 do-

1850 2217 2075 2273 minicae
2118 2217 2559 2273 Resurrectionis
2605 2218 2885 2288 inlustras,
2925 2235 3191 2274 conserva
3222 2219 3282 2274 in
3327 2237 3473 2275 nova

1847 2310 2075 2365 familiae
2101 2315 2213 2365 tua:
2241 2311 2512 2382 progenie
2528 2310 2974 2366 sanctificationis
2989 2311 3281 2383 Spiritum,
3297 2329 3468 2384 quem

1847 2402 2067 2470 dedisti,
2112 2408 2171 2458 ut
2213 2419 2447 2474 corpore
2489 2406 2545 2457 et
2580 2407 2769 2458 mente
2809 2403 3080 2473 renovati,
3124 2422 3326 2475 puram
3364 2406 3467 2460 tibi

1846 2495 2093 2549 animam
2135 2500 2192 2551 et
2228 2512 2438 2567 purum
2486 2498 2679 2568 pectus
2723 2511 2946 2568 semper
2992 2496 3312 2554 exhibeant.
3358 2499 3465 2555 Per

1844 2588 2003 2643 Dom.

2427 2704 2448 2718 ,
2519 2658 2786 2709 Collectio.

1912 2762 2074 2829 Deus,
2127 2759 2226 2831 qui
2264 2760 2410 2815 hanc
2448 2760 2881 2816 sacratissimam
2932 2764 3161 2817 noctem
3202 2763 3461 2834 gloriosae

1843 2852 2138 2908 dominicae
2172 2852 2593 2908 resurrectionis
2636 2854 2921 2922 inlustras,
2967 2855 3207 2910 concede
3250 2857 3459 2927 populo

1840 2951 1956 3015 tuo,
2008 2946 2294 3018 originalis
2340 2946 2530 3001 delicti
2555 2945 2744 3019 365
2781 2962 2970 3002 errore
3012 2948 3301 3015 mundata,
3334 2954 3459 3020 post

1840 3040 2279 3095 sacratissimum
2322 3039 2535 3094 fontem
2572 3041 2781 3094 terram
2816 3044 2927 3095 tuae
2960 3041 3343 3111 promissionis
3375 3042 3460 3097 in-

1836 3136 2006 3202 trare,
2048 3136 2109 3187 ut
2160 3132 2342 3187 dulcia
2387 3132 2874 3188 Sacramentorum
2918 3137 3148 3190 tuorum
3189 3134 3457 3190 alimenta

2301 3294 2550 3345 Collectio
2600 3298 2718 3359 post
2761 3296 2991 3346 nomina.

1905 3398 2120 3454 Auditis
2140 3397 2467 3452 nominibus
2486 3396 2842 3467 offerentum,
2860 3398 3061 3455 fratres
3079 3399 3450 3471 dilectissimi,

1835 3492 2279 3562 omnipotentem
2325 3492 2504 3544 Deum
2549 3491 2949 3562 supplicamus,
2973 3492 3055 3560 [ut
3098 3509 3269 3563 super
3306 3495 3452 3549 hanc

1834 3584 2173 3638 oblationem
2201 3584 2479 3637 caelestem
2500 3583 2736 3654 gratiam
2752 3599 2913 3637 suam
2943 3583 3116 3637 divini
3143 3584 3295 3638 illius
3324 3585 3453 3640 odo-

1833 3677 1909 3731 ris
1936 3677 2211 3743 infundat,
2234 3692 2403 3746 quam
2422 3675 2481 3729 in
2497 3675 3024 3731 commemoratione
3043 3676 3338 3731 dominica
3367 3695 3451 3734 re-

1833 3768 2189 3824 surrectionis
2229 3768 2545 3835 offerimus;
2577 3772 2637 3822 ut
2661 3766 2906 3838 acceptio
2942 3767 3224 3823 benedicti
3246 3786 3445 3842 corpo-

1830 3862 1908 3918 ris
1954 3866 2009 3917 et
2043 3861 2182 3916 sacri
2232 3861 2417 3933 poculi
2454 3860 2744 3932 praelibata
2796 3860 3120 3915 communio
3171 3862 3447 3919 defunctis

1829 3955 2135 4027 opituletur
2176 3954 2247 4010 ad
2291 3953 2566 4027 requiem,
2609 3952 2923 4009 viventibus
2959 3955 3216 4026 proﬁciat
3268 3957 3337 4012 ad
3364 3974 3446 4012 sa-

1827 4050 2000 4117 lutem
2010 4091 2022 4104 .

2324 4117 2570 4168 Collectio
2609 4117 2675 4168 ad
2716 4129 2916 4181 pacem.

1897 4222 2143 4293 Suscipe,
2177 4220 2432 4291 Domine,
2463 4237 2657 4293 preces
2691 4220 2884 4292 populi
2925 4221 3010 4276 tui
3048 4239 3177 4277 cum
3217 4223 3447 4280 oblatio-

1827 4314 1992 4369 nibus
2023 4315 2356 4385 hostiarum,
2390 4317 2453 4369 ut
2493 4313 2847 4369 Paschalibus
2884 4314 3104 4370 initiata
3145 4319 3444 4388 mysteriis,

1827 4408 1897 4463 ad
1933 4408 2258 4463 aeternitatis
2305 4407 2471 4463 nobis
2502 4395 2803 4476 medelam,
2846 4409 2900 4460 te
2952 4413 3238 4478 operante,
3278 4412 3446 4481 proﬁ-

1829 4502 2007 4571 ciant;
2046 4504 2112 4555 ut
2155 4500 2215 4555 in
2265 4500 2424 4555 nobis
2464 4501 2571 4554 hoc
2604 4499 3002 4568 recipientibus
3031 4501 3440 4573 holocaustum,

1623 4655 1630 4663 ι
1720 4605 1804 4675 γι)
1828 4584 2023 4667 pacem
2050 4610 2221 4665 quam
2249 4593 2309 4647 in
2332 4592 2491 4647 labiis
2517 4590 2876 4663 proferimus,
2910 4590 2969 4647 in
3005 4592 3217 4648 intimis
3260 4596 3445 4651 tenea-

1826 4704 1952 4743 mus
1979 4685 2301 4742 visceribus.
2332 4687 2438 4741 Per
2462 4686 2622 4740 Dom.

2377 4805 2689 4857 Contestatio
2715 4820 2878 4857 nunc.

1897 4912 2034 4966 Vere
2059 4910 2298 4981 dignum
2331 4912 2387 4964 et
2406 4908 2626 4980 justum
2652 4914 2754 4979 est,
2780 4914 2837 4965 te
2862 4909 3090 4981 quidem
3115 4911 3269 4965 omni
3294 4914 3441 4969 tem-

1825 5019 1981 5075 pore,
2014 5003 2108 5058 sed
2135 5003 2194 5056 in
2221 5003 2324 5057 hac
2349 5002 2706 5073 potissimum
2733 5007 2896 5058 nocte
2924 5003 3218 5074 gloriosius
3243 5006 3446 5075 pradi-

1827 5112 1971 5166 care,
2003 5112 2134 5151 cum
2156 5095 2364 5151 Pascha
2384 5099 2642 5150 nostrum
2682 5096 3007 5150 immolatus
3055 5100 3139 5151 est
3172 5097 3440 5154 Christus.

1831 5191 1951 5262 Ipse
2000 5189 2152 5244 enim
2204 5203 2377 5243 verus
2432 5192 2517 5243 est
2563 5191 2755 5260 Agnus
2808 5188 2908 5259 qui
2949 5188 3177 5244 abstth
3222 5196 3447 5261 peccata

1827 5282 2047 5337 mundi.
2092 5280 2198 5346 Qui
2220 5284 2463 5336 mortem
2486 5284 2738 5336 nostram
2760 5282 3055 5338 moriendo
3082 5282 3360 5339 destruxit
3391 5290 3448 5341 et

1827 5375 1999 5430 vitam
2059 5374 2404 5446 resurgendo
2459 5375 2756 5445 reparavit.
2810 5376 3140 5447 Propterea,
3203 5378 3446 5448 profusis

1829 5467 2180 5541 paschalibus
2202 5467 2435 5540 gaudiis,
2450 5472 2600 5522 totus
2618 5468 2677 5522 in
2714 5467 2847 5523 orbe
2876 5473 3159 5523 terrarum
3198 5471 3446 5526 mundus

1829 5563 2068 5631 exultat;
2099 5562 2194 5617 sed
2221 5565 2275 5617 et
2288 5576 2558 5633 supernae
2584 5560 2819 5616 virtutes
2847 5564 3015 5635 atque
3033 5562 3302 5634 angelicae
3320 5579 3446 5618 con-

1831 5655 2028 5710 cinunt
2068 5659 2365 5726 potestates
2416 5654 2697 5725 hymnum
2736 5654 2928 5725 gloriae
2974 5658 3108 5724 tuae,
3160 5656 3279 5711 sine
3330 5656 3441 5709 fine

1831 5747 2079 5829 dicentes
2107 5765 2123 5802 :
2162 5748 2412 5818 Sanctus,
2442 5747 2692 5819 Sanctus,
2721 5747 2963 5824 Sanctus
2974 5748 3262 5803 Dominus.

1901 5871 1936 5946 δᾴ
1954 5870 2042 5946 Sic
2065 5871 2371 5943 legendum
2396 5872 2651 5946 videtur:
2699 5877 2853 5934 Deus,
2882 5874 2958 5928 ad
2981 5874 3139 5946 quem
3154 5869 3326 5927 scabie
3351 5881 3437 5923 υθ-
3458 5894 3473 5905 -
