3970 6408
454 375 545 428 371

994 479 1294 533 Benedictio
1319 480 1519 546 populi.

526 566 784 637 Benedic,
813 563 1066 634 Domine,
1095 562 1304 636 populo
1322 561 1436 633 isti,
1460 577 1632 635 quem
1658 559 1916 617 liberavit
1940 557 2076 615 eﬁ’u-

1230 371 1563 426 API’ENDIX
1600 372 1686 428 AD
1723 371 1946 427 ΟΡΕΙὶΑ
1979 370 2212 426 SANCTI
2250 371 2546 427 GERMANI
2585 372 3009 428 PARlSlE'NSlS.

2096 490 2155 564 Α
2172 482 2509 556 propitiatus
2551 481 2784 552 adsiste;
2823 485 2891 537 ut
2938 479 3201 552 prmsidio
3223 481 3340 536 tum
3363 477 3598 552 pietatis
3623 477 3720 550 adj
3730 477 3856 548 uti,

3733 368 3860 422 372

2178 582 2236 634 et
2261 577 2563 650 prmsentia
2585 576 2800 648 possint
2827 575 3003 631 vitare
3031 574 3381 643 discrimina,
3433 577 3492 629 et
3533 573 3614 628 ad
3662 575 3856 628 mter-

455 665 536 720 sio
555 659 866 733 sanguinis,
895 675 968 715 ne
993 658 1289 714 damnaret
1311 657 1556 713 conditio
1607 653 1906 710 servitutis.
1947 653 2076 718 Qui-
2149 681 2314 727 εηεπη
2342 670 2635 742 pervenire
2661 685 2952 725 coronam.
2978 668 3141 734 Quod
3169 671 3443 740 prmstare
3471 666 3791 738 dignetur.

455 758 560 813 bus
610 754 808 810 mortis
856 757 970 809 tum
1013 753 1127 808 vita
1171 749 1444 819 redditur,
1498 763 1813 820 numquam
1864 744 2080 802 inimici

453 849 628 905 hostis
651 846 923 920 decipulis
947 845 1341 913 includantur;
1371 848 1426 898 et
1453 859 1594 914 quos
1617 841 1882 913 dignatus
1909 857 1966 896 es
1988 855 2078 894 re-

457 943 672 999 dimere
709 958 812 1014 per
843 939 1140 1012 justitiam,
1183 952 1542 1008 nequaquam
1592 935 1788 1006 prmdo
1831 933 2082 1006 perﬁdus

455 1036 706 1092 obtineat
728 1051 830 1108 per
843 1035 1085 1089 ruinam.
1099 1032 1434 1087 Permaneat
1460 1029 1520 1084 in
1539 1029 1618 1085 eis
1647 1027 1905 1084 secundm
1930 1044 2079 1099 prm-

459 1129 710 1202 rogativa
747 1131 963 1184 naturm
998 1143 1100 1199 per
1134 1124 1500 1198 baptismum,
1546 1139 1718 1195 quam
1763 1121 2086 1193 perdiderat

457 1222 630 1296 primi
672 1221 918 1278 hominis
950 1220 1318 1292 prmsumptio
1363 1235 1467 1290 per
1506 1217 1796 1272 delictum.
1847 1213 2085 1285 Fulgere

459 1332 684 1388 semper
710 1315 874 1370 faciat
900 1313 1009 1368 vivi
1039 1313 1209 1369 fontis
1236 1312 1392 1368 unda
1426 1327 1568 1383 quos
1600 1309 1798 1375 abluit,
1824 1309 2088 1380 protegat

458 1409 694 1466 cmlestis
719 1409 897 1481 gratia
923 1424 1064 1480 quos
1087 1407 1334 1462 redimit.
1362 1407 1429 1461 Et
1453 1405 1596 1460 sicut
1634 1403 1693 1458 in
1739 1400 1936 1456 diebus
1979 1402 2088 1454 Do-

459 1503 679 1560 minicis
698 1501 1028 1574 mysterium
1052 1501 1306 1556 divinum
1331 1498 1624 1567 excolitur,
1649 1497 1727 1551 ita
1749 1495 1811 1550 in
1829 1493 2088 1549 omnium

457 1596 780 1670 pectoribus
823 1595 1090 1668 splendor
1127 1594 1212 1650 tui
1255 1592 1486 1648 luminis
1519 1593 1898 1646 conservetur.
1929 1586 2088 1653 Quod

461 1694 730 1762 prmstare
755 1689 1040 1761 dignetur,
1067 1687 1167 1760 qui
1191 1703 1323 1742 cum
1351 1690 1445 1741 mt.

831 1780 1079 1832 Collectio
1112 1783 1230 1844 post
1261 1777 1705 1829 communionem.

533 1853 836 1925 Impleatur
877 1851 938 1907 in
979 1851 1162 1921 nobis,
1206 1866 1552 1923 quaesumus,
1599 1847 1856 1917 Domine,
1895 1847 2166 1929 Sacra-B

415 1939 423 1944 ’
463 1945 640 2002 menti
684 1944 962 2018 paschalis
1003 1948 1191 2000 sancta
1222 1943 1438 2013 libatio,
1484 1957 1698 2012 nosque
1748 1940 1817 1994 de
1852 1938 2092 1993 terrenis

462 2039 752 2096 affectibus
774 2039 844 2094 ad
872 2038 1090 2094 cmleste
1115 2035 1414 2093 transferat
1433 2035 1778 2090 institutum.
1807 2033 1931 2088 Per.

1016 2129 1265 2181 Collectio
1289 2127 1539 2192 sequitur.

533 2204 832 2272 Exuberat,
883 2218 1226 2275 qumsumus,
1258 2199 1516 2268 Domine,
1568 2197 1851 2254 mentibus
1889 2195 2096 2251 nostris

464 2297 738 2370 paschalis
763 2297 944 2370 gratia
973 2294 1346 2365 Sacramenti,
1371 2298 1436 2349 ut
1478 2291 1639 2348 donis
1682 2289 1798 2346 suis
1839 2289 1958 2362 ipsa
1993 2305 2096 2344 nos

465 2391 667 2464 dignos
695 2391 919 2447 efﬁciat.

594 2500 789 2554 XXVII.
831 2513 1027 2552 INCIPIT
1067 2512 1225 2552 HISSA
1265 2512 1320 2550 IN
1356 2510 1444 2548 ore
1483 2508 1685 2549 emero
1729 2505 1963 2546 pascua.

1155 2574 1409 2626 Prmfatio.

539 2653 732 2728 366
757 2655 923 2723 Deus,
952 2652 1050 2724 qui
1076 2667 1180 2723 per
1201 2647 1568 2720 Unigenitum
1593 2651 1757 2703 tuum
1771 2644 2100 2701 aeternitatis

465 2749 628 2805 nobis
664 2746 904 2814 aditum,
949 2745 1165 2800 devicta
1205 2747 1408 2810 morte,
1457 2739 1740 2809 reserasti,
1779 2739 1850 2794 da
1905 2738 2088 2794 nobis.

471 2856 818 2914 qumsumus,
864 2843 930 2894 ut
957 2837 1056 2910 qui
1080 2833 1532 2892 Resurrectionis
1557 2831 1854 2888 dominicm
1880 2832 2102 2886 sollem-

432 2997 444 3004 κ
470 2935 566 2990 nia
584 2933 841 3001 colimus,
872 2947 979 3003 per
995 2928 1414 2984 innovationem
1443 2926 1528 2982 tui
1567 2926 1806 2998 Spiritus
1845 2942 1880 2979 a
1917 2929 2100 2980 morte

469 3027 676 3083 animm
701 3039 1088 3096 resurgamus.
1114 3025 1239 3076 Per.

1021 3113 1270 3164 Collectio
1303 3112 1552 3176 sequitur.

544 3191 708 3258 Deus,
736 3187 838 3259 qui
861 3204 964 3241 nos
991 3185 1436 3242 Resurrectionis
1461 3182 1758 3239 dominicm
1784 3199 1974 3237 annua
1988 3182 2098 3236 sol-
2121 3225 2177 3300 Ο

610 3299 617 3300 ,
635 3281 665 3300 ἰ
684 3299 695 3300 γ
713 3285 758 3300 an
792 3279 1037 3300 I-_1Sﬂ___
1094 3278 1325 3300 Δ......⁴Ι.
1356 3277 1628 3300 -..Α-ξιξ---
1660 3280 1721 3300 --Δ
1750 3292 1854 3300 ..Α-
1877 3280 2065 3300 Δηι-...Α

473 3281 766 3338 lemnitate
792 3279 1059 3346 lmtiﬁcas,
1087 3278 1328 3333 concede
1356 3277 1631 3349 pr0pitius
1660 3280 1724 3330 ut
1750 3292 1854 3348 per
1877 3280 2097 3346 tempo-

473 3375 614 3432 ralia
657 3375 798 3430 festa
838 3390 966 3444 qum
1000 3373 1220 3444 agimus
1245 3370 1538 3442 pervenire
1563 3369 1633 3424 ad
1663 3369 1866 3440 gaudia
1893 3373 2104 3425 aeterna

475 3484 816 3525 mereamur.
845 3469 952 3523 Per
975 3465 1299 3521 Dominum.

953 3558 1204 3609 Collectio
1237 3559 1356 3622 post
1377 3556 1605 3608 nomina.

542 3634 892 3700 Qumsumus,
941 3631 1196 3700 Domine,
1229 3629 1353 3700 jam
1391 3645 1509 3684 non
1553 3633 1852 3684 teneamur
1877 3626 2103 3683 obnoxii

475 3725 852 3782 damnationis
880 3725 1147 3780 humanm
1186 3723 1501 3792 sententiae,
1531 3722 1693 3794 cujus
1727 3737 1831 3776 nos
1867 3720 2102 3776 vinculis

475 3821 597 3876 hmo
625 3819 811 3875 Hostia
838 3817 1116 3890 paschalis
1140 3816 1398 3871 absolvit.

1003 3908 1252 3958 Collectio
1276 3907 1340 3958 ad
1371 3920 1572 3971 pacem.

547 3991 914 4062 Omnipotens
953 3988 1297 4059 sempiterna
1349 3988 1514 4053 Deus,
1566 3987 1666 4059 qui
1719 4001 2022 4058 resurgens
2073 4003 2106 4042 a

477 4083 741 4150 mortuis,
769 4081 1026 4154 passione
1046 4084 1276 4148 cassata,
1304 4079 1684 4150 potentiorem
1708 4083 1762 4134 te
1796 4079 1908 4134 tuis
1934 4079 2101 4135 disci-

478 4177 628 4249 pulis
669 4173 979 4244 reddidisti,
1016 4173 1259 4228 concede
1305 4171 1581 4244 propitius
1625 4177 1690 4228 ut
1730 4189 1830 4228 nos
1881 4189 2106 4246 quoque

480 4267 751 4340 Majestati
775 4272 888 4322 tum
913 4267 1020 4321 hoc
1050 4265 1308 4336 paschale
1335 4264 1672 4320 sacriﬁcium
1697 4265 1754 4320 in
1783 4265 1945 4320 bonis
1969 4283 2104 4338 ope-

479 4362 634 4417 ribus
675 4361 878 4416 efﬁciat
919 4359 1314 4432 promptiores,
1361 4363 1418 4414 et
1460 4359 1698 4430 gratiam
1748 4363 1860 4415 tum
1885 4359 2108 4432 pietatis

481 4456 761 4528 adquirat.

1039 4523 1351 4574 Contestatio
1380 4537 1541 4574 nunc.

2693 781 2814 832 Post
2836 778 3282 830 communionem.

2251 878 2527 948 Concede,
2557 893 2904 950 qumsumus,
2933 876 3296 948 omnipotens
3315 877 3482 944 Deus,
3510 879 3582 929 ut
3601 874 3858 946 pascha-

2180 972 2248 1028 lis
2277 971 2545 1044 perfectio
2570 970 2915 1028 Sacramenti
2966 969 3254 1026 mentibus
3293 968 3508 1025 nostris
3555 967 3860 1024 continua

2181 1070 2522 1140 perseveret.
2544 1067 2652 1120 Per
2675 1064 3004 1120 Dominum.

2737 1174 2988 1226 Collectio
3015 1174 3268 1238 sequitur.

2253 1261 2422 1334 Digni
2445 1277 2547 1316 nos
2574 1261 2656 1315 tui
2676 1260 2944 1330 nominis,
2974 1275 3327 1332 quaesumus,
3351 1259 3625 1328 Domine,
3656 1258 3863 1314 famu-

2183 1356 2265 1411 los
2292 1360 2419 1410 tuos
2458 1355 2714 1410 salutaris
2743 1354 2899 1409 cibus
2941 1358 2998 1409 et
3035 1369 3194 1408 sacer
3238 1357 3408 1426 potus
3443 1353 3743 1422 instituat,
3798 1355 3864 1408 et

2187 1448 2638 1504 renovationibus
2661 1447 2998 1503 conditionis
3034 1448 3326 1516 humanm,
3353 1463 3531 1518 quam
3552 1446 3856 1518 mysterio

2185 1541 2454 1608 continet,
2483 1539 2672 1615 367
2701 1541 2761 1596 in
2787 1539 2990 1595 nostris
3008 1539 3228 1612 jugiter
3251 1540 3510 1596 sensibus
3533 1543 3831 1612 operetur
3847 1579 3863 1594 .

2187 1637 2292 1692 Per
2315 1634 2638 1690 Dominum.

2628 1757 2842 1811 XXVIII.
2885 1770 3039 1812 [188A
3079 1771 3380 1812 rascuams.

2868 1852 3124 1904 Prmfatio.

2263 1937 2430 2004 Deus,
2475 1933 2574 2006 qui
2610 1933 2962 2005 paschalium
3002 1932 3168 1988 nobis
3214 1933 3472 1988 remedia
3515 1933 3861 2004 contulisti,

2193 2028 2468 2101 populum
2484 2031 2650 2082 tuum
2675 2027 2882 2082 caelesti
2903 2027 3050 2082 dono
3074 2043 3443 2098 prosequere,
3463 2031 3534 2082 ut
3547 2027 3694 2083 inde
3722 2033 3866 2100 post

2194 2123 2252 2177 in
2278 2126 2618 2194 perpetuum
2642 2121 2902 2192 gaudeat,
2918 2120 3069 2176 unde
3094 2137 3246 2176 nunc
3265 2121 3672 2193 temporaliter
3691 2123 3864 2178 exul-

2193 2219 2294 2272 tat.
2323 2216 2430 2271 Per
2455 2213 2781 2271 Dominum.

2743 2323 2998 2376 Collectio
3023 2323 3278 2390 sequitur.

2265 2413 2428 2481 Deus,
2456 2411 2554 2484 qui
2580 2426 2778 2467 omnes
2797 2411 2859 2465 in
2881 2410 3102 2466 Christo
3131 2413 3358 2466 renatos
3389 2427 3576 2483 genus
3607 2411 3864 2485 regium

2197 2509 2254 2562 et
2295 2505 2632 2562 sacerdotale
2680 2503 2880 2574 fecisti,
2933 2504 3004 2560 da
3061 2504 3227 2560 nobis
3271 2511 3328 2560 et
3377 2506 3521 2561 velle
3573 2509 3635 2560 et
3681 2523 3866 2578 posse

2197 2599 2348 2672 quod
2381 2597 2659 2672 prmcipis,
2699 2602 2764 2654 ut
2787 2597 2995 2670 populo
3019 2602 3117 2654 tuo
3141 2598 3214 2654 ad
3237 2599 3625 2656 mternitatem
3653 2605 3867 2656 vocato

2197 2709 2314 2749 una
2346 2693 2418 2748 sit
2457 2691 2594 2747 ﬁdes
2618 2691 2894 2760 cordium,
2925 2695 2982 2748 et
3013 2691 3194 2765 pietas
3229 2692 3544 2750 actionum.
3584 2695 3702 2750 Per
3754 2697 3870 2751 Do-

2199 2785 2442 2842 minum.

2679 2855 2932 2906 Collectio
2957 2859 3077 2920 post
3103 2855 3338 2907 nomine.

2269 2941 2570 3012 Sacriﬁcia,
2599 2942 2860 3011 Domine,
2901 2918 3254 3014 paschalibus
3301 2943 3526 3014 gaudiis
3575 2918 3876 3000 immota;

2201 3051 2349 3101 mus,
2377 3035 2581 3106 quibus
2605 3034 2847 3090 Ecclesia
2873 3039 2970 3090 tua
2995 3035 3334 3092 mirabiliter
3357 3039 3416 3090 et
3440 3037 3786 3094 renascitur
3807 3043 3864 3094 et

2198 3127 2468 3184 nutritur.
2494 3129 2601 3184 Per
2625 3129 2791 3183 Dom.

2697 3235 2947 3286 Collectio
2971 3236 3038 3286 ad
3071 3249 3278 3300 pacem.

2273 3320 2560 3376 Paschales
2581 3321 2794 3376 hostias
2813 3321 3192 3390 immolantes,
3206 3338 3566 3394 qumsumus,
3587 3327 3861 3398 Domine,

2200 3417 2264 3469 ut
2289 3413 2441 3486 quod
2467 3414 2895 3486 frequentamus
2936 3419 3085 3486 actu,
3122 3417 3692 3488 comprehendamus
3725 3421 3866 3476 affe-

2201 3511 2315 3562 ctu.
2345 3508 2451 3562 Per
2475 3507 2804 3564 Dominum.

2851 3588 3182 3639 Contestatio.

2274 3673 2412 3727 Vere
2430 3671 2669 3744 dignum
2697 3677 2754 3728 et
2769 3673 2991 3744 justum
3018 3677 3122 3740 est,
3145 3677 3198 3728 te
3228 3675 3467 3746 quidem
3513 3679 3684 3735 omni
3725 3685 3867 3736 tem-

2203 3781 2359 3837 pore,
2407 3765 2502 3820 sed
2544 3765 2606 3820 in
2655 3766 2762 3820 hoc
2805 3766 3113 3840 prmcipue,
3159 3768 3421 3839 Domine,
3468 3769 3567 3827 die
3594 3772 3862 3843 laudare,

2202 3859 2553 3929 benedicere,
2613 3863 2670 3914 et
2716 3859 3044 3932 praedicare,
3096 3861 3248 3932 quod
3298 3863 3515 3918 Pascha
3591 3872 3865 3924 nostrum

2203 3951 2526 4007 immolatus
2555 3956 2638 4007 est
2652 3953 2930 4008 Christus.
2957 3954 3063 4008 Per
3083 3971 3255 4026 quem
3282 3955 3342 4010 in
3369 3961 3662 4016 aeternam
3687 3963 3865 4018 vitam

2204 4045 2305 4100 filii
2332 4045 2473 4100 lucis
2496 4045 2778 4116 oriuntur,
2804 4045 3064 4102 ﬁdelibus
3106 4048 3270 4120 regni
3315 4050 3560 4107 caelestis
3601 4055 3760 4110 atria
3783 4072 3868 4112 re-

2206 4143 2482 4208 serantur,
2513 4143 2570 4194 et
2597 4139 2774 4194 beatm
2799 4140 2940 4211 legis
2967 4142 3309 4197 commercio
3359 4143 3575 4200 divinis
3603 4147 3868 4204 humana

2207 4235 2519 4300 mutantur,
2565 4233 2697 4304 quia
2722 4236 3048 4289 nostrorum
3071 4235 3336 4291 omnium
3363 4237 3488 4292 Vita
3518 4243 3848 4298 resurrexit

2205 4325 2385 4390 Quem
2423 4324 2483 4379 in
2521 4327 2872 4397 susceptione
2915 4328 3276 4385 mortalitatis
3321 4331 3504 4386 Deum
3545 4335 3868 4406 majestatis

2207 4418 2580 4490 agnoscimus,
2603 4423 2660 4474 et
2677 4419 2737 4473 in
2763 4419 3067 4476 divinitatis
3079 4423 3258 4494 gloria
3275 4425 3459 4480 Deum
3483 4431 3544 4480 et
3559 4426 3866 4485 hominem

2207 4511 2558 4568 conﬁtemur.
2601 4512 2707 4576 Qui
2745 4518 2994 4568 mortem
3021 4519 3274 4570 nostram
3301 4517 3614 4574 moriendo
3644 4521 3866 4578 destru-

554 4599 692 4654 Vere
723 4597 962 4669 dignum
988 4600 1045 4652 et
1063 4597 1284 4667 justum
1315 4601 1418 4664 est,
1446 4599 1502 4651 te
1527 4595 1756 4668 quidem
1784 4596 1940 4652 omni
1968 4601 2106 4652 tem-
2125 4592 2183 4664 D
2207 4605 2306 4674 xit,
2353 4610 2410 4660 et
2446 4605 2619 4660 vitam
2668 4607 3016 4678 resurgendo
3057 4609 3304 4666 restituit
3361 4612 3522 4667 Iesus
3574 4614 3864 4672 Christus.

480 4707 638 4764 pore,
664 4691 762 4746 sed
789 4691 850 4744 in
875 4691 983 4744 hoc
1011 4689 1295 4761 praecipue
1325 4690 1435 4759 die,
1477 4706 1591 4762 quo
1629 4694 1727 4744 tua
1755 4689 2112 4746 Resurrectio

486 4784 821 4852 celebratur,
855 4783 1011 4838 omni
1049 4782 1349 4838 festivitate
1390 4783 1639 4852 laudare,
1693 4783 2028 4838 benedicere
2057 4787 2114 4837 et

481 4878 788 4951 prmdicare
808 4877 958 4948 quod
976 4876 1185 4931 Pascha
1209 4879 1466 4931 nostrum
1493 4875 1818 4931 immolatus
1842 4880 1927 4931 est
1947 4875 2108 4930 Chri-

482 4979 620 5027 stus.
657 4973 762 5026 Per
807 4986 980 5042 quem
1024 4973 1264 5040 potestas
1313 4969 1586 5025 diabolica
1609 4968 1828 5037 cecidit,
1871 4971 2113 5024 tartareo.

484 5065 687 5120 inferni
729 5067 860 5119 sunt
885 5063 1104 5118 vincula
1135 5064 1397 5133 resoluta,
1426 5062 1874 5134 chirographum
1899 5066 1982 5117 est
2006 5078 2108 5118 an-

481 5159 656 5229 tiqum
701 5155 1177 5227 praevaricationis
1230 5156 1542 5211 extinctum
1565 5197 1580 5225 ,
1625 5155 1850 5210 aculeus
1913 5155 2112 5211 mortis

463 5251 752 5318 ,obtritus;
780 5266 882 5304 nos
907 5266 1132 5322 quoque
1157 5250 1226 5306 de
1253 5249 1534 5328 servitutis
1550 5249 1692 5321 jugo
1713 5248 2112 5305 dominationis

486 5342 761 5414 Egyptim
804 5359 907 5414 per
953 5343 1227 5415 spiritales
1265 5360 1437 5416 aquas
1464 5343 1727 5412 educens,
1755 5342 2111 5415 triumphans

485 5435 790 5492 resurrexit
813 5435 874 5491 in
907 5437 1164 5510 gloriam,
1194 5442 1250 5493 et
1273 5437 1517 5493 libertati
1548 5453 1670 5503 nos,
1709 5435 2112 5492 misericordiae

489 5534 598 5584 tum
627 5545 882 5601 munere,
913 5530 1159 5586 donavit.
1200 5533 1308 5586 Per
1333 5545 1506 5602 quem
1537 5528 1880 5600 Majestatem
1931 5535 2107 5585 tuam.

1043 5621 1340 5672 Benedictio
1365 5621 1565 5686 pOpuli.

555 5704 720 5772 Deus,
765 5704 865 5776 qui
905 5703 1350 5774 chirographum
1375 5719 1488 5774 quo
1516 5700 1848 5758 tenebamur
1877 5703 2108 5760 obnoxii

485 5797 714 5869 pretiosi
745 5795 1036 5866 sanguinis
1068 5794 1336 5850 effusione
1382 5795 1602 5864 delesti,
1651 5795 1910 5852 omnium
1959 5797 2019 5852 in
2054 5801 2108 5852 te

484 5889 833 5962 sperantium
845 5886 1105 5962 precibus
1117 5905 1322 5959 annue,
1343 5904 1482 5944 cunc
1491 5891 1612 5944 toru
1621 5905 1676 5944 m
1686 5890 2109 5946 necessitatibus

2211 4701 2314 4754 Per
2333 4697 2638 4753 Dominum
2669 4701 2946 4756 nostrum.

2757 4809 3058 4860 Benedictio
3100 4812 3298 4876 populi.

2281 4897 2506 4966 Prmsta,
2551 4895 2806 4965 Domine,
2857 4913 3207 4967 quaesumus,
3253 4898 3487 4954 famulis
3542 4903 3666 4958 tuis
3729 4907 3863 4961 tales

2209 4987 2332 5042 ﬁeri
2355 4993 2469 5043 tum
2497 4987 2692 5059 gratim
2720 4988 3000 5060 largitate,
3029 4995 3095 5046 ut
3119 4991 3268 5046 bona
3299 4995 3397 5047 tua
3427 4997 3486 5049 et
3511 4993 3866 5054 ﬁducialiter

2211 5081 2530 5152 implorent,
2559 5085 2614 5136 et
2641 5081 2760 5136 sine
2786 5082 3112 5139 difﬁcultate
3155 5091 3406 5141 sumant.
3459 5089 3542 5142 Da
3592 5091 3706 5162 eis,
3760 5095 3861 5148 Do-

2210 5175 2386 5243 mine,
2416 5190 2656 5246 regnum
2677 5179 2840 5230 tuum
2857 5175 3252 5248 justitiamque
3281 5195 3513 5251 semper
3536 5181 3861 5256 inquirere,

2209 5271 2275 5322 ut
2297 5267 2504 5338 quibus
2549 5267 2804 5339 indigere
2851 5285 2946 5324 eos
2987 5271 3282 5342 perspicis,
3329 5272 3653 5339 clementer
3697 5280 3863 5336 facias

2209 5360 2519 5416 abundare.
2556 5361 2780 5432 Tribue,
2827 5379 3176 5434 qumsumus,
3201 5369 3268 5419 ut
3293 5365 3401 5437 piis
3430 5371 3714 5427 sectanda
3739 5389 3862 5445 qum

2211 5458 2308 5508 tua
2335 5457 2486 5524 sunt,
2514 5453 2773 5510 universa
2797 5455 2905 5510 illis
2931 5457 3194 5512 salutaria
3219 5459 3648 5522 condonentur.
3706 5465 3860 5532 Quod

2210 5562 2350 5602 1089..

2271 5563 2350 5601 se.

2233 5563 2267 5618 Ρ
2731 5617 2854 5667 Post
2891 5619 3334 5672 communionem.

2279 5701 2501 5772 Adesto,
2530 5703 2786 5772 Domine,
2815 5719 3162 5782 quaesumus,
3192 5711 3402 5763 nostrm
3446 5711 3860 5787 redemptionis

2210 5795 2518 5862 effectibus,
2542 5801 2604 5851 ut
2631 5812 2771 5868 quos
2797 5799 3161 5854 sacramentis
3187 5803 3529 5860 mternitatis
3584 5806 3854 5878 instituis,

2210 5889 2408 5946 iisdem
2438 5893 2699 5962 protegas
2725 5889 3028 5962 dignanter
3053 5893 3346 5968 aptandos.
3382 5897 3495 5954 Per
3523 5900 3852 5960 Dominum.
