3970 6412
137 397 222 448 373
1203 398 1286 453 DE
1326 398 1633 456 LITURGIA
1669 403 2037 460 GALLICXNA
2076 406 2269 461 LIBER
2309 407 2395 461 lll.

673 499 925 552 Collectio
951 500 1199 566 sequitur.

192 584 440 651 Puriﬁca,
473 585 737 654 Domine,
765 603 1114 659 quaesumus,
1149 595 1367 644 mentes
1405 597 1622 646 nostras
1646 593 1744 648 be-

132 680 338 751 nignus,
368 684 426 734 et
455 696 677 736 renova
704 682 1018 737 caelestibus
1044 684 1437 753 sacramentis,
1461 691 1526 740 ut
1551 702 1745 741 conse-

132 778 350 844 quenter
368 778 425 827 et
441 791 758 846 corporum
787 792 1034 846 praesens
1061 776 1270 847 pariter
1297 781 1352 832 et
1375 777 1633 834 futurum
1664 795 1748 834 ca-

133 867 330 938 piamus
356 868 667 924 auxilium.
697 871 821 923 Per.

350 974 526 1028 XXIX.
557 989 685 1028 ITEM
730 989 885 1028 HISSA
923 991 982 1029 111
1020 991 1172 1030 FERIA
1215 992 1512 1032 rascuaus.

808 1067 1063 1117 Praefatio.

196 1149 379 1222 368
418 1152 590 1220 Deus,
624 1152 724 1223 qui
756 1153 1098 1223 multiplicas
1127 1153 1430 1208 Ecclesiam
1469 1161 1629 1210 tuam
1657 1172 1746 1209 so-

135 1243 241 1296 bole
266 1244 719 1313 renascentium,
747 1245 914 1299 facias
946 1262 1072 1299 eam
1107 1247 1351 1316 gaudere
1379 1248 1656 1320 propitius
1680 1249 1750 1305 de

134 1353 344 1390 suorum
371 1337 728 1408 profectibus
756 1339 1027 1394 ﬁliorum.
1056 1342 1163 1394 Per
1187 1341 1510 1395 Dominum.

806 1433 932 1480 Item
949 1432 1064 1481 alia.

194 1515 344 1582 Deus,
374 1515 474 1585 qui
505 1519 762 1569 nostram
790 1515 1044 1570 laetitiam
1074 1517 1132 1571 in
1160 1521 1326 1571 tuo...
1358 1523 1562 1588 praesta
1590 1517 1751 1572 timo-

134 1622 256 1670 rem,
273 1611 332 1661 ut
357 1607 417 1660 in
445 1608 564 1661 tuis
595 1607 892 1678 vigilantes
919 1609 1221 1680 mandatis,
1249 1611 1466 1682 placere
1490 1611 1592 1665 tibi
1619 1628 1746 1682 pos-

137 1699 311 1755 simus.
338 1702 445 1756 Per
477 1701 812 1756 Dominum.

711 1795 962 1844 Collectio
993 1808 1152 1844 nunc.

3368 414 3467 468 3η

2437 513 2606 565 Oratio
2637 527 2875 580 sequens.

1917 600 2113 652 Annua
2141 599 2322 666 nobis,
2345 615 2689 670 quaesumus,
2721 602 2973 671 Domine,
3007 607 3070 658 ut
3095 603 3467 675 quemadmo-

1847 685 1984 740 dum
2007 687 2269 758 mysteria
2299 689 2721 743 resurrectionis
2751 691 2974 745 Domini
3008 692 3180 746 nostri
3204 695 3335 748 Jesu
3362 696 3464 749 sol-

1844 779 2050 834 lemnia
2075 781 2329 849 colimus,
2359 781 2434 836 ita
2459 787 2515 836 et
2539 783 2597 836 in
2623 783 2862 837 adventu
2889 784 3009 853 ejus
3049 786 3292 855 gaudere
3334 803 3465 842 cum

1848 872 2059 927 Sanctis
2080 874 2343 930 omnibus
2364 892 2704 931 mereamur.
2726 878 2830 930 Per
2857 877 3178 933 Dominum.

2443 976 2690 1026 Collectio
2720 990 2879 1027 nunc.

1918 1063 2110 1130 Agnus
2135 1060 2253 1130 Dei,
2284 1062 2383 1133 qui
2411 1062 2556 1116 tollis
2584 1068 2879 1133 peccatum
2918 1064 3138 1133 mundi,
3167 1064 3381 1136 respice
3407 1068 3466 1121 in

1847 1157 1993 1219 tuos,
2021 1157 2075 1206 et
2102 1154 2368 1208 miserere
2394 1155 2572 1224 nobis,
2603 1156 2778 1209 factus
2804 1157 2920 1226 ipse
2949 1157 3134 1211 hostia
3159 1158 3256 1228 qui
3285 1159 3470 1214 Sacer-

1848 1245 1966 1314 dos,
1996 1245 2114 1316 ipse
2132 1247 2429 1317 prmmium
2456 1249 2551 1319 qui
2576 1249 2898 1319 redemptor
2923 1266 2936 1303 :
2964 1267 2996 1302 a
3023 1251 3180 1306 malis
3206 1251 3467 1308 omnibus

1849 1355 1992 1409 quos
2017 1340 2323 1410 redemisti,
2355 1342 2588 1410 custodi,
2623 1342 2862 1396 salvator
2890 1343 3109 1397 mundi.

2528 1444 2653 1492 Item
2669 1443 2784 1493 alia.

1919 1526 2241 1596 Subjectum
2269 1525 2368 1581 tibi
2396 1527 2695 1598 populum,
2727 1530 2983 1599 Domine,
3009 1531 3332 1601 propitiatio
3364 1549 3467 1586 cm-

1848 1619 1999 1673 lestis
2027 1619 2360 1689 ampliﬁcet;
2390 1625 2445 1675 et
2473 1622 2584 1675 tuis
2612 1638 2835 1694 semper
2858 1623 3022 1678 faciat
3060 1625 3268 1680 servire
3301 1642 3464 1680 man-

1851 1711 2010 1766 datis.
2041 1714 2145 1766 Per
2174 1713 2493 1768 Dominum.

2329 1815 2616 1864 lmmolatio
2635 1829 2773 1866 nunc
2796 1818 2981 1867 missae.

194 1879 410 1946 Praesta,
460 1895 822 1950 quaesumus,
869 1880 1226 1950 omnipotens
1277 1880 1442 1947 Deus,
1498 1885 1562 1934 ut
1607 1897 1745 1951 quos

1919 1900 2164 1969 Dignum
2199 1904 2255 1954 et
2287 1899 2506 1969 justum
2533 1905 2614 1954 est
2649 1917 2750 1955 nos
2789 1903 2891 1956 tibi
2930 1919 3152 1974 semper
3186 1905 3381 1961 laudes
3415 1909 3472 1960 et

135 1987 262 2040 aqua
285 1971 528 2042 suscepit
553 1972 627 2026 ad
654 1972 982 2041 abluendos,
1005 1977 1061 2027 et
1090 1973 1504 2044 regenerandos
1532 1974 1751 2028 muniat

138 2068 438 2134 et.renatos.

587 2134 839 2185 Collectio
865 2148 1022 2197 super
1047 2148 1282 2185 munera.

193 2219 423 2290 Suscipe,
456 2219 720 2287 Domine,
749 2235 989 2273 munera
1014 2220 1231 2273 nomini
1259 2223 1354 2274 tuo
1389 2220 1589 2288 oblata,
1620 2237 1750 2292 quas

138 2312 185 2364 in
225 2312 335 2365 Filii
379 2312 462 2366 tui
497 2312 936 2366 Resurrectione
977 2313 1389 2382 triumphantis
1438 2313 1496 2366 in
1548 2313 1745 2383 gloria,

137 2403 460 2470 universalis,
490 2405 620 2474 ejus
643 2405 882 2476 quaesita
905 2405 1202 2475 sanguine,
1229 2405 1392 2459 offert
1412 2406 1674 2460 Ecclesia.

791 2501 1099 2550 Immolatio.

196 2587 425 2657 Dignum
455 2592 512 2642 et
529 2588 759 2658 justum
785 2591 866 2641 est
894 2603 996 2641 nos
1022 2586 1124 2640 tibi
1156 2587 1363 2658 gratias
1401 2603 1592 2658 agere,
1622 2605 1745 2642 om-

139 2680 370 2749 nipotens
395 2680 752 2750 sempiterne
783 2680 952 2748 Deus,
981 2696 1084 2750 per
1107 2681 1296 2734 Jesum
1329 2681 1614 2734 Christum
1654 2681 1745 2734 Fi-

138 2773 260 2826 lium
280 2777 457 2842 tuum,
483 2773 795 2827 Dominum
817 2778 1095 2827 nostrum.
1119 2775 1223 2827 Per
1243 2789 1414 2843 quem
1434 2773 1748 2829 humanum

141 2883 293 2935 genus
317 2867 624 2935 viviﬁcaris,
656 2866 865 2919 Pascha
893 2866 1061 2919 etiam
1091 2883 1190 2936 per
1230 2868 1451 2936 Moysen
1481 2871 1534 2920 et
1561 2870 1746 2921 Aaron

139 2959 352 3013 famulos
397 2965 524 3013 tuos
560 2959 700 3030 agni
743 2959 1125 3013 immolatione
1162 2959 1378 3028 jussisti
1404 2960 1685 3014 celebrare
1729 2979 1742 3014 :

138 3049 584 3118 consequentibus
613 3048 968 3118 temporibus
995 3065 1170 3118 usque
1196 3049 1262 3101 ad
1298 3049 1601 3102 adventum
1636 3051 1746 3102 Do-

139 3140 259 3193 mini
287 3141 456 3195 nostri
486 3143 619 3196 Jesu
650 3141 856 3195 Christi
885 3141 1003 3211 (qui
1034 3140 1177 3194 sicut
1217 3141 1288 3194 ad
1329 3141 1614 3194 victimam
1650 3143 1749 3196 d11-

139 3239 240 3287 ctus
259 3237 353 3303 est)
381 3234 645 3289 eamdem
674 3233 1140 3288 consuetudinem
1167 3233 1227 3286 in
1251 3234 1529 3287 memoria
1557 3234 1748 3288 obser-
1771 3243 1824 3315 ρ

137 3341 246 3379 vare
289 3325 631 3397 prmcepisti.
685 3328 805 3396 Ipse
851 3330 935 3379 est
969 3329 1162 3395 Agnus
1209 3325 1606 3380 immaculatus
1651 3327 1750 3396 qui

135 3419 317 3486 prioris
336 3420 528 3490 populi
558 3419 752 3490 prima
769 3419 979 3472 Pascha
1001 3419 1057 3471 in
1085 3420 1322 3488 [Egypto
1342 3419 1525 3473 fuerat
1550 3419 1748 3473 immo-

137 3509 280 3564 latus.
312 3513 428 3581 Ipse
455 3517 541 3566 est
568 3511 729 3566 Aries
757 3511 816 3565 in
847 3503 1054 3565 vertice
1101 3513 1308 3566 montis
1336 3512 1535 3565 excelsi
1561 3513 1629 3566 de
1655 3529 1747 3566 ve-

139 3619 222 3671 pre
257 3605 518 3674 prolatus,
566 3604 844 3658 sacriﬁcio
897 3604 1226 3658 destinatus.
1265 3606 1383 3675 Ipse
1428 3608 1511 3658 est
1537 3605 1750 3658 Vitulus

138 3696 403 3765 saginatus
433 3698 535 3768 qui
573 3699 637 3751 in
673 3697 1034 3751 tabernaculo
1063 3697 1238 3767 patris
1296 3697 1472 3751 nostri
1510 3697 1748 3751 Abrahae

139 3794 346 3859 propter
374 3791 628 3861 hospites
655 3794 739 3844 est
765 3789 1106 3843 victimatus.
1136 3790 1308 3859 Cujus
1349 3791 1668 3860 passionem
1694 3795 1750 3845 et

140 3884 583 3937 resurrectionem
609 3882 982 3949 celebramus,
1016 3882 1175 3952 cujus
1202 3887 1257 3936 et
1283 3883 1585 3936 adventum
1629 3899 1749 3952 spe-

141 3983 324 4024 ramus.
354 3971 420 4024 Et
447 3971 579 4026 ideo
611 3987 744 4024 cum
775 3971 991 4039 angelis
1022 3976 1076 4024 et
1101 3971 1456 4041 archangelis
1481 3988 1595 4024 non
1626 3987 1743 4025 ces-

140 4077 300 4116 samus
324 4065 562 4119 clamare
593 4064 844 4118 dicentes
874 4081 886 4117 :
920 4064 1174 4132 Sanctus,
1205 4065 1454 4132 Sanctus,
1492 4065 1743 4119 Sanctus.

675 4159 974 4209 Benedictio
994 4159 1190 4223 populi.

200 4243 440 4312 Benedic,
459 4245 824 4315 omnipotens
848 4244 1189 4315 sempiterne
1216 4245 1380 4310 Deus,
1414 4245 1559 4300 hanc
1587 4246 1748 4300 fami-

139 4333 250 4388 liam
281 4340 428 4392 tuam
453 4337 849 4393 benedictione
877 4341 1171 4408 perpetua,
1195 4337 1292 4407 qui
1311 4338 1485 4392 vitam
1511 4339 1747 4394 humani

143 4430 356 4495 generis,
379 4448 483 4501 pro
513 4431 680 4484 nobis
709 4430 844 4483 Filio
873 4436 969 4484 tuo
997 4430 1293 4498 moriente,
1317 4431 1568 4500 salvasti;
1596 4450 1744 4502 prse-

142 4525 209 4571 sta
238 4526 292 4574 ut
319 4523 372 4576 in
397 4524 502 4577 hac
529 4523 727 4594 pOpuli
758 4523 838 4577 tui
872 4523 1165 4577 devotione
1191 4523 1406 4577 fructus
1455 4527 1749 4594 proveniat

141 4613 468 4678 gaudiorum.
487 4617 670 4680 Quod.

483 4712 737 4762 Collectio
772 4717 888 4774 post
913 4713 1355 4763 communionem.

202 4793 626 4851 lmmortalitatis
677 4796 1006 4851 alimoniam
1047 4799 1350 4866 consecuti,
1398 4815 1742 4870 quaesumus,

140 4884 371 4951 Domine,
399 4894 463 4943 ut
487 4890 642 4960 quod
686 4906 783 4944 ore
822 4890 1176 4961 percepimus
1219 4895 1405 4945 mente
1446 4896 1741 4946 sectemur.

143 4977 231 5030 Per
252 4981 573 5036 Dominum.

683 5051 928 5102 Collectio
945 5051 1190 5114 sequitur.

205 5133 551 5205 Repleamur,
572 5138 831 5207 Domine,
863 5137 1045 5208 gratia
1066 5137 1322 5191 muneris
1349 5137 1514 5206 sacri,
1539 5141 1601 5192 ut
1619 5154 1748 5208 quas

147 5229 294 5292 gustu
331 5246 601 5300 corporeo
647 5229 834 5284 dulcia
873 5230 1122 5284 venerati
1172 5229 1573 5300 contingimus,
1619 5231 1742 5285 dul-

146 5317 277 5371 ciora
304 5323 585 5377 mentibus
611 5323 940 5378 sentiamus.
960 5324 1064 5396 Per
1087 5339 1239 5377 eum.

444 5433 588 5486 XXX.
626 5448 776 5485 mssa
819 5448 1099 5486 mscnaus
1141 5449 1190 5486 1v
1231 5448 1406 5487 ream.

209 5522 384 5598 369
425 5529 590 5597 Deus,
640 5529 738 5599 qui
781 5529 1058 5599 populum
1103 5533 1265 5583 tuum
1308 5545 1463 5582 sacro
1510 5531 1747 5584 Iordane

150 5612 360 5674 ﬂumine
397 5625 700 5690 transacto,
740 5625 951 5675 terram
994 5626 1105 5674 tua}
1148 5621 1324 5676 fecisti
1365 5623 1747 5692 promissionis
1783 5644 1788 5650 ’

150 5706 355 5777 intrare,
384 5714 645 5780 concede,
676 5729 1019 5784 quazsumus,
1051 5718 1116 5768 ut
1141 5720 1195 5768 et
1238 5730 1339 5768 nos
1381 5730 1607 5785 quoque
1634 5716 1746 5770 Ma-

147 5799 339 5866 jestatis
364 5811 472 5859 tuae
515 5806 761 5860 revelato
790 5806 1075 5876 mysterio,
1115 5807 1302 5862 divina
1326 5824 1549 5879 semper
1575 5808 1746 5863 bene-

158 5892 262 5947 ticia
281 5898 600 5954 sentiamus.
632 5900 738 5954 Per
767 5897 1088 5954 Dominum.

1851 1992 2055 2063 gratias
2081 2008 2267 2062 agere,
2301 1992 2654 2063 omnipotens
2691 1995 3030 2065 sempiterne
3061 1998 3224 2067 Deus,
3253 2015 3354 2069 per
3380 2001 3465 2054 Je-

1849 2101 1974 2139 sum
1999 2085 2283 2139 Christum
2314 2085 2514 2139 Filium
2541 2089 2705 2140 tuum
2730 2088 3031 2142 Dominum
3057 2095 3335 2145 nostrum.
3367 2093 3472 2156 Qui

1849 2175 1992 2229 sicut
2027 2174 2142 2228 ovis
2167 2175 2237 2228 ad
2266 2174 2603 2229 occisionem
2628 2192 2732 2246 pro
2768 2177 2929 2232 nobis
2954 2178 3152 2234 ductus
3184 2185 3288 2250 est,
3316 2185 3373 2237 et
3409 2189 3476 2237 ut

1847 2283 2028 2338 agnus
2056 2283 2243 2321 coram
2263 2267 2551 2333 tondente,
2581 2267 2658 2321 sic
2676 2285 2792 2322 non
2818 2271 3043 2340 aperuit
3065 2289 3125 2326 os
3154 2289 3342 2328 suum.
3376 2274 3473 2328 Hic

1848 2361 1999 2414 enim
2029 2364 2111 2414 est
2138 2362 2332 2430 Agnus
2369 2361 2486 2427 Dei,
2519 2361 2846 2432 unigenitus
2872 2363 3041 2417 Filius
3069 2369 3217 2433 tuus,
3246 2368 3343 2437 qui
3371 2368 3476 2422 tol-

1847 2453 1914 2506 lit
1937 2457 2228 2523 peccatum
2242 2453 2473 2518 mundi;
2508 2454 2606 2524 qui
2633 2471 2690 2508 se
2710 2471 2814 2525 pro
2835 2456 3000 2510 nobis
3023 2456 3309 2513 offerendo
3351 2477 3469 2514 non

1848 2545 2070 2612 desinit,
2092 2561 2304 2615 nosque
2329 2545 2481 2616 apud
2508 2551 2563 2600 te
2592 2551 2864 2617 perpetua
2888 2548 3246 2605 advocatione
3273 2552 3467 2606 defen-

1848 2639 1929 2693 dit
1954 2655 1967 2692 :
2001 2639 2131 2709 quia
2156 2654 2473 2708 numquam
2493 2640 2739 2693 moritur
2755 2639 3100 2705 immolatus,
3125 2644 3220 2698 sed
3247 2660 3472 2717 semper

1846 2732 1980 2786 vivit
2011 2731 2241 2793 occisus.
2289 2731 2496 2784 Pascha
2541 2733 2692 2786 enim
2729 2738 2988 2787 nostrum
3029 2735 3349 2791 immolatus
3386 2744 3474 2794 est

1847 2826 2133 2892 Christus;
2164 2828 2228 2878 ut
2247 2824 2369 2894 jam
2406 2841 2519 2878 non
2551 2825 2609 2878 in
2646 2826 2923 2880 fermento
2958 2829 3153 2891 veteri,
3197 2846 3381 2900 neque
3410 2832 3470 2887 in

1847 2918 2161 2972 carnalium
2187 2916 2459 2988 sanguine
2486 2918 2860 2988 victimarum,
2895 2920 2990 2973 sed
3023 2920 3083 2974 in
3113 2923 3319 2992 azymis
3364 2923 3472 2978 sin-

1847 3011 2086 3066 ceritatis
2118 3014 2173 3064 et
2197 3010 2447 3080 corporis
2475 3011 2720 3066 veritatis
2754 3012 3131 3068 immolemus.
3160 3017 3264 3070 Per
3305 3017 3468 3071 Chri-

1847 3110 1994 3159 stum
2045 3103 2345 3157 Dominum
2405 3108 2682 3158 nostrum.
2733 3107 2837 3158 Per
2900 3122 3069 3176 quem
3132 3109 3471 3178 Majestatem

1851 3202 2004 3251 tuam
2033 3196 2283 3251 laudant.

2393 3265 2692 3315 Benedictio
2727 3267 2926 3330 populi.

1918 3351 2100 3404 Faciat
2123 3367 2217 3405 vos
2244 3351 2385 3405 Deus
2413 3367 2572 3405 veros
2609 3367 2727 3404 esse
2763 3351 2903 3406 ﬁlios
2942 3354 3233 3422 Ecclesiae;
3276 3357 3467 3410 multi-

1848 3443 2016 3514 plicet
2045 3461 2139 3497 vos
2158 3443 2216 3497 in
2239 3444 2442 3497 timore
2466 3460 2585 3508 suo,
2619 3449 2677 3498 et
2702 3444 2988 3500 abundare
3014 3446 3184 3501 faciat
3208 3448 3276 3500 ab
3305 3450 3472 3503 uber-

1847 3526 1958 3590 tate
1985 3536 2246 3590 czelorum
2273 3536 2333 3589 in
2363 3535 2518 3589 omni
2554 3536 2898 3590 abundantia
2939 3539 3208 3593 sanitatis.
3244 3542 3473 3612 Repleat

1847 3646 1942 3682 vos
1969 3627 2228 3682 omnibus
2253 3628 2414 3682 bonis
2442 3633 2721 3682 terrarum
2751 3634 3079 3699 vestrarum,
3128 3632 3304 3702 copia,
3345 3634 3466 3687 fru-

1847 3727 2060 3788 mento,
2093 3721 2222 3774 vino
2253 3721 2485 3790 repleat,
2516 3723 2572 3774 et
2608 3721 2732 3774 oleo
2759 3722 3064 3776 sanctitatis
3103 3723 3346 3778 laetiﬁcet
3373 3743 3469 3780 vos

1845 3815 1905 3869 in
1946 3814 2092 3882 ﬁliis,
2125 3813 2396 3868 exhilaret
2425 3812 2492 3865 in.
2518 3812 2767 3881 familiis,
2814 3818 2869 3868 et
2904 3814 3191 3870 abundare
3215 3816 3382 3871 faciat
3409 3818 3470 3874 in

1846 3903 2057 3957 amicis.
2090 3905 2195 3956 Per
2218 3903 2376 3955 Dom.

2372 4001 2491 4049 Post
2509 3998 2944 4050 communionem.

1916 4087 2186 4158 Spiritum
2211 4085 2393 4154 nobis,
2420 4085 2676 4154 Domine,
2705 4091 2818 4140 tuae
2850 4087 3093 4142 caritatis
3119 4088 3373 4160 infunde,
3406 4098 3471 4148 ut

1847 4197 1988 4252 quos
2037 4197 2148 4234 uno
2203 4178 2406 4233 caelesti
2440 4195 2583 4250 pane
2620 4178 2852 4248 satiasti,
2900 4196 3015 4234 una
3053 4181 3222 4238 facias
3264 4184 3469 4256 pietate

1846 4274 2165 4329 concordes.
2193 4274 2298 4328 Per
2324 4273 2482 4326 Dom.

2258 4402 2424 4455 XXXI.
2457 4417 2580 4455 mm
2621 4414 2776 4454 mssa
2817 4417 2847 4450 v
2883 4416 3058 4455 reme.

1918 4513 2130 4586 3'70.
2159 4515 2282 4579 Fac,
2313 4513 2629 4567 misericors
2648 4514 2812 4581 Deus,
2842 4517 2906 4566 ut
2934 4513 3084 4583 quod
3108 4515 3468 4584 paschalibus

1761 4608 1818 4678 Ι)
1843 4608 2185 4662 celebramus
2214 4605 2408 4660 officiis
2430 4605 2783 4660 fructiferum
2813 4605 2976 4659 nobis
3015 4606 3168 4660 omni
3215 4610 3466 4678 tempore

1845 4701 2169 4756 sentiamus.
2199 4701 2304 4753 Per
2335 4700 2494 4752 Dom.

2445 4791 2572 4840 Item
2601 4790 2862 4840 collectio.

1918 4877 2368 4932 Benedictionem
2405 4881 2582 4944 tuam,
2618 4892 2960 4947 quaesumus,
3006 4876 3262 4942 Domine,
3296 4894 3467 4934 sacrm

1847 4970 1993 5041 plebi
2020 4971 2245 5041 copiosa
2259 4970 2466 5040 pietate
2491 4969 2724 5040 largire,
2752 4985 2880 5039 quae
2907 4985 3008 5038 per
3034 4973 3190 5023 tuam
3210 4969 3312 5024 tibi
3346 4988 3468 5042 gra-

1846 5064 1980 5118 tiam
2007 5080 2232 5133 semper
2255 5063 2521 5117 reddatur
2544 5067 2791 5132 accepta.

2386 5164 2516 5212 Item
2539 5161 2638 5211 alia
2665 5161 2925 5211 collectio.

1918 5250 2082 5316 Deus,
2113 5247 2211 5317 qui
2236 5247 2509 5317 populum
2534 5251 2647 5300 tua:
2697 5246 2880 5301 fecisti
2906 5247 3310 5320 redemptionis
3334 5268 3466 5323 par-

1847 5341 2093 5411 ticipem,
2125 5340 2365 5394 concede
2404 5339 2586 5408 nobis,
2616 5356 2958 5410 quaesumus,
2987 5346 3051 5396 ut
3089 5347 3145 5397 et
3187 5359 3466 5401 resurrec-

1847 5434 2017 5488 tionis
2044 5433 2338 5487 dominicze
2379 5433 2438 5487 in
2477 5438 2751 5504 perpetuo
2789 5434 3120 5504 gratuletur.
3163 5437 3267 5492 Per
3309 5439 3465 5494 Dom.

2402 5533 2649 5584 Collectio
2663 5536 2911 5599 sequitur.

1921 5621 2136 5674 Famuli
2171 5621 2273 5689 tui,
2319 5619 2577 5689 Domine,
2623 5619 2720 5691 qui
2757 5621 2826 5675 ad
2864 5625 3020 5676 tuam
3071 5626 3201 5677 sunt
3231 5625 3466 5693 gratiam

1849 5713 2048 5779 vocati,
2086 5719 2182 5767 tuo
2211 5714 2594 5768 indesinenter
2621 5719 2990 5786 protegantur
3024 5715 3251 5783 auxilio,
3282 5719 3343 5768 ut
3367 5715 3465 5784 qui

1850 5805 2037 5859 divino
2067 5811 2197 5861 sunt
2220 5807 2500 5877 baptismo
2531 5808 2845 5879 regenerati
2871 5823 3180 5877 numquam
3202 5822 3234 5858 a
3258 5806 3342 5859 tui
3371 5821 3462 5860 re-

1855 5898 1950 5968 gni
1973 5899 2220 5970 potentia
2246 5899 2460 5974 possint
2489 5900 2672 5956 evelli.
2706 5901 2809 5955 Per
2836 5901 2993 5954 Dom.
