3970 6438
465 353 565 408 375

1025 461 1312 512 Immotatio
1353 477 1512 514 nunc.

530 553 776 626 Dignum
801 559 856 610 ct
873 553 1093 625 justum
1121 560 1205 611 est
1227 573 1332 612 nos
1361 558 1462 612 tibi
1493 559 1701 630 gratias
1727 575 1915 630 agere,
1953 575 2080 614 san—

458 652 544 702 cte
568 650 748 714 Pater,
778 647 1153 720 omnipotens,
1179 656 1387 706 aeterne
1405 653 1568 721 Deus,
1593 669 1695 723 per
1709 654 1898 708 Jesum
1927 652 2082 708 Chri-

455 745 604 794 stum
653 741 859 795 Filium
899 745 1063 797 tuum
1107 744 1408 799 Dominum
1451 750 1730 813 nostrum,
1762 762 1932 816 quem
1975 763 2080 817 pro

457 833 621 887 nobis
666 835 930 890 omnibus
959 837 1104 892 tradi
1139 838 1378 892 hostiam
1423 839 1665 893 voluisti.
1695 840 1736 893 Ο
1767 839 1909 894 mira
1936 840 2081 894 circa

453 942 555 980 nos
583 927 807 998 pietatis
829 933 940 983 tute
968 931 1245 1001 dignatio!
1277 932 1318 986 Ο
1348 932 1644 987 ineffabilis
1671 932 1898 987 dilectio
1929 933 2074 988 cari-

451 1019 598 1086 tatis,
632 1026 693 1076 ut
719 1039 906 1077 servos
933 1025 1255 1092 redimeres,
1287 1025 1492 1080 Filium
1517 1026 1831 1080 tradidisti!
1863 1027 1906 1080 0
1927 1031 2076 1082 certe

450 1115 832 1169 necessarium
865 1117 994 1171 Adae
1020 1122 1333 1187 peccatum,
1363 1119 1514 1190 quod
1541 1119 1748 1174 Christi
1777 1125 1957 1174 morte
1986 1120 2078 1174 de-

454 1207 634 1262 letum
661 1209 774 1262 est!
802 1210 844 1263 Ο
871 1209 1092 1266 fidelem
1125 1212 1348 1281 [Forsan
1401 1212 1642 1282 felicem]
1671 1214 1916 1283 culpam,
1947 1230 2076 1284 quae

447 1301 620 1355 talem
641 1318 703 1356 ac
719 1306 936 1358 tantum
953 1304 1163 1358 meruit
1179 1305 1386 1360 habere
1407 1306 1844 1376 Redemptorem
1870 1307 1883 1359 l
1905 1308 2072 1361 Num-

449 1409 622 1464 quam
673 1395 827 1450 enim
867 1401 1080 1468 quanta
1117 1397 1264 1452 circa
1301 1415 1402 1452 nos
1441 1399 1664 1468 pietatis
1707 1401 1816 1452 tua}
1855 1399 2074 1454 dilectio

450 1494 613 1557 esset,
637 1505 1090 1559 agnosceremus,
1119 1491 1226 1544 nisi
1255 1508 1324 1545 ex
1349 1495 1532 1547 morte
1561 1492 1710 1546 unici
1731 1496 1786 1546 et
1812 1494 2076 1548 coaeterni

449 1582 574 1636 Filii
603 1583 688 1637 tui
717 1583 942 1636 Domini
980 1600 1042 1637 ac
1079 1584 1176 1638 Dei
1203 1585 1378 1639 nostri
1413 1586 1541 1639 Jesu
1571 1575 1776 1640 Christi
1813 1586 2075 1656 probare-

447 1691 592 1729 mus.
625 1675 805 1730 Vincit
833 1675 1106 1729 malitiam
1134 1677 1343 1730 diaboli
1373 1677 1549 1748 pietas
1569 1681 1683 1732 tuae
1705 1678 2068 1748 dignationis;

444 1767 578 1838 quia
592 1767 691 1821 ubi
705 1767 1007 1822 abundavit
1021 1773 1336 1839 peccatum,
1361 1771 1839 1840 superabundavit
1866 1777 1923 1826 et
1951 1789 2072 1842 gra-

1252 357 1584 415 APPENDIX
1621 359 1708 414 AD
1745 359 1965 412 OPERA
2002 359 2236 415 SANCTI
2273 361 2568 418 GERMANI
2609 341 3032 422 PARlSlENSIS.

3740 377 3854 428 376

2105 477 2164 552 Α
2185 471 2394 524 aeterne
2423 470 2588 540 Deus,
2617 472 2738 528 Rex
2763 473 3040 543 omnium,
3071 475 3454 532 sanctiﬁcator
3481 479 3540 533 et
3569 479 3856 536 conditor

2185 563 2406 632 generis
2447 564 2704 619 humani.
2745 566 2850 630 Qui
2895 567 3035 622 Filio
3081 573 3269 624 tecum
3307 575 3528 626 aeterna
3574 573 3854 629 claritate

2181 661 2474 726 regnante,
2507 674 2636 712 cum
2675 658 2744 713 de
2778 660 2948 714 nullis
2983 664 3336 718 exstantibus
3383 669 3592 721 cuncta
3633 671 3852 738 protu-

2180 749 2356 818 lisses,
2387 751 2679 806 hominem
2707 752 2894 807 limosi
2915 755 3160 825 pulveris
3187 757 3366 811 initiis
3393 757 3748 815 inchoatum
3773 763 3852 816 ad

2181 843 2424 912 speciem
2453 844 2536 898 tui
2561 845 2776 901 decoris
2816 847 3097 918 animasti,
3137 865 3384 922 eumque
3427 852 3670 907 credula
3709 872 3848 925 per-

2179 936 2436 991 suasione
2465 937 2762 1008 deceptum
2797 957 3056 1012 reparare
3086 943 3312 998 voluisti
3334 962 3350 1013 ;
3381 944 3668 1015 spiritalis
3695 965 3841 1020 gra-

2177 1029 2270 1082 tiae
2293 1034 2500 1084 aeterna
2526 1031 2791 1104 suffragia
2811 1034 2972 1089 mitte
2995 1037 3161 1090 nobis
3187 1053 3290 1107 per
3307 1039 3332 1091 J
3341 1054 3506 1092 esum
3527 1040 3842 1098 Christum

2177 1122 2378 1176 Filium
2423 1127 2584 1179 tuum
2629 1127 2934 1182 Dominum
2975 1133 3254 1184 nostrum.
3295 1131 3404 1194 Qui
3440 1137 3720 1188 mortuus
3755 1141 3846 1190 est

2175 1221 2408 1286 prOpter
2433 1223 2658 1288 peccata
2687 1225 2895 1290 nostra,
2925 1224 2982 1276 et
3010 1224 3321 1278 resurrexit
3345 1229 3588 1296 propter
3603 1227 3842 1297 justiti-

2176 1309 2450 1366 cationem
2477 1315 2749 1367 nostram.
2778 1315 3077 1384 Propterea
3097 1333 3226 1370 cum
3255 1318 3478 1390 angelis
3499 1323 3558 1374 et
3587 1321 3848 1376 archan-

2177 1403 2314 1472 gelis
2340 1419 2454 1458 non
2485 1421 2768 1460 cessamus
2794 1407 3055 1462 clamare.

2720 1499 3020 1550 Benedictio
3049 1502 3248 1565 p0puli.

2244 1577 2541 1631 Benedicat
2567 1595 2663 1632 vos
2695 1580 2986 1646 Dominus,
3017 1587 3074 1636 et
3101 1584 3385 1639 custodiat
3423 1603 3688 1658 semper.
3729 1590 3840 1642 Οε-

2173 1669 2366 1723 tendat
2391 1671 2656 1724 Dominus
2697 1673 2896 1728 faciam
2927 1692 3088 1729 suam
3115 1693 3288 1747 super
3313 1695 3431 1746 vos,
3461 1685 3520 1734 et
3543 1681 3840 1736 miserea-

2173 1765 2267 1814 tur
2291 1763 2478 1816 vestri.
2519 1764 2819 1820 Convertat
2843 1768 3116 1823 Dominus
3145 1771 3368 1826 vultum
3397 1788 3572 1828 suum
3599 1774 3678 1828 ad
3707 1791 3838 1844 vos,

439 1861 536 1914 tia.
569 1860 673 1915 Sed
703 1861 826 1930 plus
862 1861 1022 1914 nobis
1061 1865 1154 1916 tua
1185 1862 1570 1918 misericordia
1612 1864 1856 1919 reddidit
1899 1881 2070 1936 quam
2091 1845 2146 1918 Β
2172 1857 2228 1906 θῒ
2253 1854 2345 1908 ἀεί
2373 1855 2526 1909 "Obis
2552 1874 2768 1927 pacem.
2795 1861 2899 1913 Per
2927 1861 3250 1918 Dominum.

443 1953 665 2006 invidus
693 1953 953 2008 inimicus
979 1954 1308 2010 abstulerat.
1341 1957 1436 2010 Ille
1477 1957 1804 2026 paradisum
1845 1958 2067 2028 invidit,

438 2050 501 2100 tu
519 2047 682 2100 caelos
709 2046 957 2115 donasti;
990 2047 1082 2101 ille
1107 2053 1352 2102 mortem
1373 2049 1744 2119 temporalem
1771 2050 1983 2117 intulit,
2005 2054 2068 2106 tu

439 2139 614 2193 vitam
639 2144 967 2210 perpetuam
1003 2141 1272 2195 tribuisti.
1301 2143 1603 2211 Propterea
1643 2143 1886 2212 profusis
1927 2160 2066 2214 gau—

437 2231 560 2300 diis,
593 2235 742 2286 totus
771 2231 828 2286 in
854 2233 989 2288 orbe
1017 2237 1300 2288 terrarum
1329 2235 1577 2288 mundus
1604 2235 1840 2290 exultat.
1875 2237 1982 2291 Sed
2011 2241 2068 2291 et

437 2335 699 2391 supernae
735 2322 1040 2376 concinunt
1077 2323 1383 2378 Potestates
1411 2323 1692 2396 hymnum
1724 2324 1918 2396 gloriae
1953 2331 2068 2380 tua;

438 2408 554 2464 sine
581 2409 692 2464 ﬁne
718 2410 988 2466 dicentes.

987 2521 1286 2571 Benedictio
1321 2523 1542 2586 populi...

507 2606 762 2672 Benedic,
793 2606 1046 2675 Domine,
1079 2607 1181 2661 hos
1207 2609 1442 2678 populos
1473 2613 1617 2679 tuos,
1651 2610 1924 2680 respectui
1965 2613 2063 2665 tuo

433 2715 490 2753 se
517 2699 752 2770 supplici
782 2700 1040 2754 oratione
1067 2705 1380 2756 curvantes.
1409 2703 1510 2756 Fac
1544 2706 1676 2756 ante
1701 2708 2064 2774 conspectum

431 2795 594 2846 tuum
620 2808 750 2846 cum
767 2793 996 2862 justitia
1015 2793 1232 2861 vivere;
1259 2794 1304 2847 si
1333 2811 1492 2848 secus
1519 2796 1759 2865 egerint,
1786 2796 2060 2866 judicare.

427 2883 630 2938 Tribue
660 2884 759 2952 eis,
789 2886 1042 2954 Domine,
1091 2885 1148 2939 in
1188 2887 1303 2940 ﬁde
1348 2887 1759 2954 credulitatem,
1790 2889 1851 2943 in
1871 2889 2063 2944 labore

429 2976 717 3042 virtutem,
745 2977 803 3030 in
829 2977 1033 3032 affectu
1063 2979 1441 3046 devotionem,
1469 2981 1529 3034 in
1566 2986 1692 3035 actu
1719 2983 2060 3053 prosperita-

427 3073 564 3137 tem,
587 3068 647 3122 in
669 3069 818 3124 victu
839 3070 1263 3141 abundantiam,
1293 3072 1350 3126 in
1381 3089 1515 3143 pace
1541 3073 1818 3142 laetitiam,
1847 3075 1907 3129 in
1935 3093 2062 3130 con-

427 3161 740 3215 versatione
769 3163 1029 3232 gratiam,
1059 3163 1118 3217 in
1143 3165 1445 3220 luctatione
1471 3166 1782 3222 victoriam.
1815 3170 1918 3222 Per
1947 3169 2055 3224 Do-

433 3271 676 3310 minum.

658 3399 848 3454 XXXII.
893 3416 1016 3454 mm
1058 3417 1210 3454 mssa
1249 3417 1530 3456 PASCHALIS
1569 3418 1622 3456 VI
1665 3419 1842 3458 senm.

497 3511 678 3586 371
721 3515 884 3581 Deus,
909 3516 1006 3586 qui
1023 3531 1122 3586 per
1149 3517 1516 3587 Unigenitum
1535 3523 1702 3574 tuum
1732 3519 2056 3575 (eternitatis

423 3607 582 3662 nobis
623 3607 860 3676 aditum,
907 3609 1122 3664 devicta
1173 3616 1375 3676 morte,
1423 3612 1712 3681 reserasti,
1752 3613 1820 3668 da
1867 3614 2051 3683 nobis,

420 3717 764 3772 quaesumus,
807 3705 868 3754 ut
894 3703 990 3772 qui
1020 3703 1462 3759 Rcsurrectionis
1491 3705 1794 3760 Dominicm
1835 3707 2054 3761 sollem-

419 3794 514 3848 nia
543 3794 799 3864 colimus,
837 3811 942 3865 per
975 3795 1390 3851 invocationem
1425 3798 1508 3852 tui
1545 3799 1785 3870 Spiritus
1812 3817 1846 3854 a
1871 3804 2053 3855 morte

417 3887 624 3941 anima:
654 3903 1038 3958 resurgamus.
1059 3891 1165 3944 Per
1189 3891 1350 3944 Dom.

1013 3999 1144 4046 Item
1191 3999 1450 4048 collectio.

496 4082 659 4148 Deus,
717 4097 820 4151 per
870 4097 1046 4153 quem
1091 4083 1253 4152 nobis
1303 4084 1618 4156 redemptio
1663 4089 1964 4157 praestatur
1997 4093 2053 4144 et

420 4173 666 4243 ad0ptio,
696 4174 850 4244 erige
892 4175 963 4229 ad
1001 4179 1054 4229 te
1095 4179 1324 4230 tuorum
1360 4178 1533 4232 corda
1575 4179 1945 4250 credentium,
1989 4187 2053 4237 ut

422 4281 617 4320 omnes
663 4267 980 4336 regenerati
1027 4285 1180 4322 sacro
1223 4270 1575 4340 baptismate,
1623 4273 2051 4343 adprehendant

421 4363 608 4414 mente
637 4361 788 4431 quod
815 4361 1098 4432 mysteriis
1131 4367 1520 4434 susceperunt.
1551 4367 1674 4420 Per.

959 4473 1088 4522 Item
1117 4473 1217 4522 alia
1241 4475 1498 4525 collectio.

2685 1951 2804 2001 Post
2836 1955 3282 2006 communionem.

2239 2028 2444 2083 Praesta
2480 2030 2658 2100 nobis,
2689 2033 3050 2103 omnipotens
3091 2037 3260 2104 Deus,
3307 2043 3372 2092 ut
3407 2038 3830 2095 vivificationis

2171 2123 2282 2172 tuae
2322 2121 2564 2192 gratiam
2602 2133 3026 2197 consequentes,
3065 2129 3126 2182 in
3172 2133 3272 2184 tuo
3313 2147 3542 2203 semper
3571 2149 3838 2191 munere

2171 2213 2499 2282 gloriemur.
2531 2218 2654 2271 Per.

2845 2289 3112 2340 Collectio.

2238 2365 2611 2436 Sacramenta,
2635 2384 2761 2439 quas
2791 2371 3154 2442 sumpsimus,
3187 2373 3447 2444 Domine,
3494 2379 3553 2430 et
3595 2377 3841 2449 spirita-

2167 2457 2312 2511 libus
2342 2475 2442 2513 nos
2467 2461 2698 2532 expient
2723 2463 3024 2534 alimentis,
3049 2469 3104 2520 et
3129 2467 3516 2538 corporalibus
3539 2473 3840 2528 tueantur

2165 2551 2407 2607 auxiliis.
2439 2555 2544 2608 Per
2570 2555 2730 2609 Dom.

2165 2672 2379 2726 XXXIII.
2421 2689 2578 2729 mssa
2619 2691 2970 2733 MATIITINALIS
3007 2695 3104 2734 PER
3143 2681 3366 2736 πωπω·
3407 2699 3672 2742 mserum
3723 2706 3836 2745 suo

2307 2761 2560 2799 PARVULIS
2599 2762 2692 2808 QUI
2729 2763 2918 2803 BENATI
2959 2765 3114 2818 SVNT,
3157 2767 3370 2808 MATURE
3409 2771 3671 2814 DICENDA.

2234 2838 2426 2912 3'72
2455 2843 2622 2910 Deus,
2653 2844 2752 2914 qui
2777 2846 3067 2902 credentes
3105 2848 3166 2902 in
3211 2853 3264 2903 te
3314 2854 3560 2923 populos
3609 2861 3832 2928 gratiae

2161 2936 2272 2986 tuae
2295 2934 2551 3004 largitate
2584 2937 2949 3008 multiplices,
2997 2943 3211 3012 respice
3253 2947 3544 3017 propitius
3579 2951 3660 3005 ad
3691 2953 3822 3008 ele-

2159 3025 2404 3080 ctionem
2433 3033 2610 3097 tuam,
2647 3034 2712 3083 ut
2737 3031 2834 3101 qui
2865 3048 3020 3086 sacro
3049 3034 3386 3105 baptismate
3414 3045 3553 3096 sunt
3595 3048 3826 3116 renati,

2159 3119 2320 3188 regni
2345 3120 2580 3175 caelestis
2617 3129 2944 3180 mereantur
2983 3127 3303 3186 introitum.
3345 3135 3454 3188 Per
3491 3137 3832 3196 Dominum

2080 3214 2132 3288 ί]
2157 3221 2434 3274 nostrum.

2217 3310 2393 3359 Oratio
2426 3326 2583 3375 super
2606 3327 2824 3364 munera
2857 3316 2910 3366 in
2937 3318 3020 3368 die
3055 3319 3263 3372 Sabbati
3289 3323 3473 3374 exitab
3505 3326 3745 3381 Pascha.

2227 3392 2451 3460 Adesto,
2480 3395 2740 3464 Domine,
2773 3399 3274 3469 supplicationibus
3299 3405 3532 3474 nostris,
3571 3413 3632 3464 et
3660 3411 3829 3467 obla-

2157 3479 2333 3534 tiones
2359 3481 2706 3538 famulorum
2733 3489 2984 3558 tuorum,
3013 3505 3152 3560 quas
3175 3491 3278 3546 tibi
3299 3493 3623 3564 otferimus,
3661 3501 3828 3558 diem

2155 3577 2474 3629 octavarum
2499 3593 2730 3632 suarum
2768 3580 3111 3650 spiritalium
3158 3584 3510 3642 celebrantes
3541 3591 3689 3662 (quo
3731 3595 3828 3652 die

2155 3683 2250 3720 eos
2287 3685 2442 3722 sacro
2465 3670 2620 3724 fonte
2647 3671 2998 3742 baptismatis
3025 3678 3242 3732 renasci
3269 3679 3517 3752 jussisti)
3563 3687 3828 3756 placitus

2154 3777 2216 3814 ac
2243 3761 2526 3834 benignus
2552 3764 2807 3820 adsume.

2649 3859 2937 3909 Immolatio
2957 3859 3038 3910 die
3059 3862 3285 3914 Sabbati.

2225 3937 2362 3990 Vere
2389 3937 2630 4008 dignum
2650 3942 2708 3993 et
2722 3939 2943 4009 justum
2973 3947 3056 3998 est
3079 3963 3092 3998 :
3118 3945 3250 4015 quia
3277 3963 3448 4004 verus
3467 3950 3570 4008 ille
3601 3955 3816 4032 Agnus

2153 4029 2248 4100 qui
2273 4045 2377 4100 pro
2412 4031 2574 4084 nobis
2602 4035 2686 4085 est
2723 4032 3068 4106 immolatus,
3103 4039 3202 4109 qui
3239 4045 3490 4098 mortem
3534 4029 3820 4107 nostram

2151 4122 2445 4177 moriendo
2482 4124 2779 4194 destruxit,
2809 4131 2878 4180 'et
2919 4128 3092 4184 vitam
3137 4136 3393 4190 nostram
3433 4146 3818 4213 resurgendo

2151 4216 2429 4286 reparavit
2450 4219 2476 4272 .I
2483 4233 2609 4273 esus
2637 4220 2891 4274 Christus
2923 4223 3192 4280 Dominus
3217 4233 3432 4284 noster.
3460 4231 3572 4286 Cui
3605 4252 3822 4294 omnes

2149 4309 2337 4379 angeli
2361 4314 2530 4381 atque
2555 4313 2882 4384 archangeli
2903 4315 3219 4374 incessabili
3245 4337 3381 4378 voce
3405 4327 3814 4400 proclamant,

2149 4401 2394 4458 dicentes
2427 4420 2440 4458 :
2475 4405 2728 4461 Sanctus.

2696 4500 3000 4552 Benedictio
3031 4505 3228 4568 populi.

483 4563 784 4634 Conﬁrma,
817 4567 1073 4637 Domine,
1103 4569 1342 4624 famulos
1364 4574 1509 4638 tuos,
1538 4588 1678 4644 quos
1705 4589 1774 4626 ex
1822 4587 1968 4642 aqua
1994 4576 2050 4627 et
2067 4582 2125 4654 D
2218 4577 2518 4632 Benedicat
2541 4595 2638 4634 vos
2655 4581 2801 4636 Deus
2817 4583 2980 4636 Pater
2999 4563 3380 4658 omnipotens,
3413 4593 3519 4663 qui
3547 4593 3614 4650 in
3641 4599 3816 4669 prin-

413 4657 620 4727 Spiritu
641 4662 830 4713 sancto
855 4661 1130 4731 prOpitius
1160 4664 1467 4734 redemisti,
1495 4671 1560 4720 ut
1585 4671 1831 4721 veterem
1870 4665 2048 4720 homi-

411 4766 544 4804 nem
569 4767 698 4804 cum
729 4752 840 4806 suis
867 4753 1178 4810 actionibus
1198 4757 1564 4827 deponentes,
1609 4759 1668 4812 in
1707 4758 1883 4829 ipsius
1909 4774 2043 4812 con-

409 4843 722 4899 versatione
753 4844 1026 4915 vivamus,
1077 4849 1148 4902 ad
1193 4850 1354 4920 cujus
1381 4851 1750 4906 substantiam
1792 4866 1896 4922 per
1927 4850 2045 4905 haec

409 4937 696 4992 Paschalia
723 4940 990 5011 mysteria
1015 4943 1367 4998 transtulisti.
1403 4945 1527 4999 Per.

1092 5052 1357 5102 Collectio.

477 5132 750 5200 Concede,
791 5151 1138 5206 quaesumus,
1184 5139 1540 5210 omnipotens
1588 5141 1751 5212 Deus,
1799 5149 1864 5200 ut
1903 5147 2040 5204 festa

405 5225 708 5295 Paschalia,
731 5243 860 5298 qua:
884 5230 1172 5286 devotione
1201 5233 1459 5304 colimus,
1497 5235 1749 5291 moribus
1775 5255 2036 5313 exsequa-

407 5333 559 5371 mur.
589 5319 713 5374 Per.

1061 5395 1364 5446 Immolatio.

473 5480 719 5552 Dignum
746 5487 800 5538 et
821 5485 1044 5555 justum
1073 5493 1172 5542 est.
1201 5491 1336 5545 Vere
1363 5491 1602 5562 dignum
1633 5498 1687 5548 et
1707 5495 1926 5564 justum
1952 5505 2034 5555 est

399 5589 501 5628 nos
541 5575 646 5629 tibi
699 5577 907 5646 gratias
957 5595 1145 5650 agere,
1205 5587 1393 5638 sancte
1438 5586 1621 5655 Pater,
1655 5589 2028 5664 omnipotens,

469 5713 728 5802 fJSimiﬁs
771 5716 1050 5802 etiamﬁin
1079 5719 1342 5802 ‘Gothico:
1389 5723 1561 5802 Hodie
1605 5741 1828 5802 quoque
1881 5734 2028 5802 apud

398 5784 772 5869 ltl'ed‘iolanum
801 5793 918 5869 tota
943 5789 1170 5845 Paschee
1197 5791 1551 5850 hebdomade
1579 5784 1755 5852 missa
1767 5816 1870 5869 pro
1899 5784 2028 5859 deo:

395 5855 584 5928 phytis
617 5859 953 5916 celebratur.

2147 4669 2291 4740 cipio
2314 4675 2513 4726 cuncta
2540 4674 2765 4729 creavit.
2797 4677 3096 4735 Benedicat
3121 4697 3221 4734 vos
3249 4682 3441 4754 Filius,
3479 4689 3588 4758 qui
3611 4691 3688 4746 de
3717 4711 3820 4750 su-

2143 4779 2322 4833 perna
2350 4765 2480 4820 sede
2503 4783 2608 4838 pro
2645 4768 2808 4823 nobis
2843 4771 3118 4827 salvandis
3144 4774 3458 4834 descendit.
3493 4781 3824 4845 Benedicat

2144 4873 2236 4910 ves
2264 4857 2500 4928 Spiritus
2537 4865 2779 4930 sanctus,
2811 4864 2910 4934 qui
2955 4865 3012 4918 in
3061 4867 3330 4924 columba
3363 4871 3646 4932 Jordanis
3699 4881 3816 4936 ﬂu-

2142 4951 2298 5004 vium
2335 4951 2394 5005 in
2443 4953 2662 5008 Christo
2703 4957 2998 5028 requievit.
3033 4961 3152 5030 Ipse
3193 4979 3289 5016 vos
3333 4962 3392 5018 in
3421 4966 3718 5029 Trinitate
3749 4993 3819 5030 ac

2141 5043 2360 5098 Unitate
2403 5046 2728 5114 sanctiﬁcet,
2785 5066 2956 5121 quem
3003 5069 3203 5108 omnes
3239 5061 3442 5127 gentes
3491 5072 3817 5134 expectant

2137 5141 2440 5192 venturum
2462 5139 2714 5195 Iudicem
2753 5143 2823 5198 ad
2849 5144 3246 5214 judicandum.
3279 5151 3441 5213 Quod
3481 5154 3616 5226 ipse
3649 5178 3812 5232 pra:-

2139 5233 2284 5285 stare
2313 5231 2596 5302 dignetur.

2508 5325 2758 5378 Collectio
2791 5332 2908 5392 post
2941 5335 3391 5386 communionem.

2203 5405 2432 5475 Praesta,
2465 5421 2808 5480 quaesumus,
2837 5411 3093 5480 Domine,
3127 5419 3192 5470 ut
3217 5423 3412 5474 sancta
3437 5437 3549 5478 nos
3577 5431 3684 5484 tua
3713 5447 3812 5487 ex-

2133 5497 2310 5567 pient,
2341 5497 2650 5573 dignosque
2679 5519 2904 5575 semper
2931 5522 3030 5560 sua
3055 5511 3422 5581 perceptione
3465 5521 3802 5588 perﬁciant.

2131 5591 2237 5645 Per
2257 5591 2584 5648 Dominum.

2201 5734 2314 5832 Ltd
2342 5741 2422 5790 est
2444 5739 2947 5832 exeunteﬂlfascha,
2977 5743 3188 5800 scilicet
3207 5748 3478 5825 Sabbato,
3505 5773 3646 5832 quae
3675 5762 3804 5818 dies

2129 5809 2318 5860 octava
2347 5812 2467 5864 erat
2495 5807 2778 5880 baptismi.
