3970 6404
121 400 211 450 377

650 500 898 552 Collectio
924 503 1172 568 sequitur.

174 585 392 654 Adesto,
420 584 677 654 Domine,
711 587 860 642 Deus
890 593 1102 658 noster,
1136 595 1202 645 ut
1236 607 1338 662 per
1361 592 1482 647 haec
1509 610 1634 666 quae
1661 594 1727 649 fi-

116 677 292 732 deliter
323 678 698 749 sumpsimus,
727 685 782 734 et
809 697 1125 752 purgemur
1143 699 1175 736 a
1198 683 1364 753 vitiis,
1408 689 1463 740 et
1506 703 1537 740 a
1576 688 1726 759 peri-

117 772 236 826 culis
260 771 524 825 omnibus
556 788 853 828 exuamur.
884 776 989 828 Per
1013 776 1176 830 Dom.

337 883 552 937 XXXIV.
602 899 754 937 IISSA
796 901 849 940 IN
889 901 1088 940 PASCHA
1127 903 1214 940 DIE
1253 905 1488 944 SABBATI.

175 979 326 1046 Deus,
359 979 459 1050 qui
486 995 591 1034 nos
627 981 1068 1037 Resurrectionis
1116 984 1411 1040 dominicae
1451 986 1729 1042 sollemni-

115 1076 210 1127 tate
237 1071 500 1138 laetiﬁcas,
537 1074 782 1128 concede
808 1076 1106 1146 propitius,
1161 1081 1224 1131 ut
1259 1095 1359 1148 per
1399 1079 1728 1150 temporalia

114 1165 231 1218 festa
258 1181 380 1236 qua:
410 1166 641 1237 agimus
676 1169 972 1238 pervenire
1009 1170 1080 1224 ad
1121 1171 1323 1241 gaudia
1355 1177 1564 1228 aeterna
1603 1189 1723 1228 me-

114 1273 334 1312 reamur.

795 1331 1062 1381 Collectio.

172 1409 380 1474 Praesta,
413 1424 772 1479 quaesumus,
802 1413 1161 1482 omnipotens
1179 1414 1340 1481 Deus,
1363 1418 1428 1468 ut
1440 1415 1609 1484 hujus
1631 1415 1726 1469 Pa-

115 1501 286 1554 schalis
558 1502 874 1558 festivitatis
905 1505 1162 1560 mirabile
1202 1506 1642 1576 Sacramentum,
1671 1513 1727 1564 et

115 1595 454 1664 temporalem
480 1595 646 1649 nobis
673 1597 1141 1668 tranquillitatem
1185 1599 1414 1670 tribuat,
1447 1605 1502 1654 et
1554 1600 1722 1656 vitam

114 1687 333 1742 conferat
358 1687 792 1758 sempiternam.
823 1691 928 1744 Per
954 1691 1275 1746 Dominum.

644 1782 772 1830 Item
800 1781 897 1831 alia
922 1782 1181 1832 collectio.

1183 401 1268 456 DE
1307 401 1614 458 LlTURGlA
1651 405 2019 460 GALLICANA
2060 407 2254 462 LIBER
2293 408 2380 462 ΙΙΙ.

1752 522 1810 596 Α
1830 511 1948 583 ipse
1974 512 2172 583 fecisti,
2202 515 2298 569 sed
2326 519 2392 570 ut
2414 513 2648 570 subruas
2673 513 2874 570 mundi
2899 517 3149 585 peccata,
3180 529 3310 586 quae
3334 513 3449 569 dia-

3350 404 3450 460 378

1829 605 1990 659 bolus
2015 606 2323 674 adinvenit,
2351 609 2482 679 quia
2506 609 2583 661 ita
2613 608 2878 679 dignatus
2918 625 2977 662 es
3019 607 3255 678 diligere
3297 607 3449 662 hunc

1829 699 2126 768 mundum,
2161 704 2223 753 ut
2251 701 2614 771 Unigenitum
2638 706 2802 756 tuum
2826 701 3070 756 traderes
3109 718 3211 771 pro
3259 705 3450 755 nostra

1830 792 2027 860 salute,
2057 794 2217 864 cujus
2239 811 2402 849 cruce
2431 795 2711 865 redempti
2737 798 3147 859 sumus,morte
3166 792 3444 862 viviﬁcati,

1828 885 2078 954 passione
2098 887 2308 956 salvati,
2345 889 2754 942 resurrectione
2782 887 3090 958 gloriﬁcati.
3119 889 3224 940 Per
3261 887 3448 956 ipsum

1828 981 1881 1030 te
1907 977 2093 1048 itaque
2121 980 2397 1050 supplices
2425 982 2768 1047 invocamus,
2797 985 2862 1034 ut
2904 979 3038 1034 huic
3075 978 3300 1033 familiae
3333 983 3446 1032 tua)

1827 1069 1885 1124 in
1915 1072 2177 1126 omnibus
2215 1074 2404 1128 adesse
2426 1075 2704 1146 digneris;
2734 1074 2876 1128 sicut
2928 1071 3157 1128 adfuisti
3196 1071 3446 1142 patribus

1827 1164 2028 1218 nostris
2077 1167 2427 1236 sperantibus
2467 1167 2525 1222 in
2570 1172 2665 1222 tua
2712 1166 3112 1234 misericordia,
3155 1164 3232 1218 sic
3265 1169 3320 1218 et
3359 1163 3447 1218 his

1827 1257 2087 1311 omnibus
2113 1259 2304 1313 adesse
2329 1259 2582 1330 dignare,
2611 1264 2674 1314 ut
2702 1259 2774 1313 sit
2799 1260 2857 1313 in
2886 1259 3137 1312 sensibus
3157 1273 3352 1311 eorum
3382 1256 3449 1310 ti-

1825 1370 1950 1408 mor
1974 1355 2282 1409 devotionis
2308 1361 2442 1424 tuae,
2475 1357 2534 1410 in
2560 1356 2724 1410 corde
2751 1357 2907 1422 ﬁdes,
2928 1356 2988 1410 in
3015 1371 3184 1425 opere
3203 1353 3443 1424 justitia,

1827 1446 1881 1499 in
1911 1452 2037 1501 actu
2067 1449 2262 1518 pietas,
2292 1449 2350 1502 in
2389 1449 2585 1520 lingua
2624 1449 2843 1516 veritas,
2895 1449 2953 1502 in
2988 1447 3244 1502 moribus
3285 1445 3448 1500 disci-

1822 1539 1996 1610 plina,
2028 1545 2092 1595 ut
2115 1541 2284 1612 digne
2310 1541 2529 1612 riteque
2555 1541 2985 1597 immortalitatis
3011 1541 3112 1595 sibi
3143 1539 3445 1612 praemium

1825 1633 2087 1704 consequi
2116 1639 2457 1690 mereantur.
2488 1637 2592 1689 Per
2620 1637 2780 1690 Dom.

2305 1717 2551 1765 Collectio
2580 1720 2697 1780 post
2727 1717 2956 1767 nomina.

1893 1787 2089 1856 Deum,
2115 1789 2211 1858 qui
2240 1805 2342 1858 pro
2368 1789 2534 1842 ruina
2558 1789 2728 1842 totius
2753 1789 2951 1843 mundi
2977 1788 3211 1842 unicum
3243 1785 3442 1840 Filium

173 1859 411 1931 Respice,
441 1877 792 1932 qutBSumllS,
840 1862 1093 1930 Domine,
1133 1867 1188 1917 et
1228 1869 1580 1934 Peccatomm
1619 1882 1720 1920 Πο-
1744 1880 1799 1950 Β
1824 1881 2320 1950 suum,adsumpta
2339 1897 2406 1935 ex
2422 1897 2586 1935 carne
2599 1881 2840 1950 Virginis
2853 1881 2972 1935 veri
2985 1879 3440 1948 hominisforma,

115 1959 332 2006 strorum
374 1953 640 2007 tenebras
694 1960 902 2023 averte,
959 1959 1025 2009 ut
1063 1972 1202 2026 quos
1238 1961 1458 2011 exercet
1485 1958 1722 2025 idevotio

116 2045 495 2113 sollemnitatis,
529 2046 800 2102 inlustret
837 2047 1181 2103 sollemnitas
1224 2049 1332 2120 piae
1366 2050 1719 2122 cognitionis.

116 2139 202 2192 Per
227 2140 542 2194 Dominum.

695 2211 825 2259 Item
853 2210 1118 2260 collectio.

176 2291 321 2358 Deus,
351 2290 449 2362 qui
479 2291 538 2344 in
569 2291 947 2345 sollemnitate
968 2291 1214 2345 Paschali
1239 2293 1450 2347 mundo
1476 2294 1723 2348 remedia

115 2383 385 2452 contulisti,
416 2385 701 2455 populum
727 2387 913 2451 tuum,
954 2400 1298 2454 quaesumus,
1335 2386 1536 2440 caelesti
1575 2387 1720 2441 dono

116 2492 443 2548 prosequere,
473 2482 536 2531 ut
563 2481 624 2531 et
647 2476 956 2548 perfectam
979 2477 1304 2532 libertatem
1319 2480 1586 2551 consequi
1605 2495 1722 2535 me-

118 2574 296 2638 reatur,
323 2573 378 2624 et
401 2570 471 2624 ad
501 2570 684 2625 vitam
710 2569 966 2640 proficiat
995 2570 1423 2641 sempiternam.

531 2662 827 2712 Immolatio
852 2661 904 2712 in
932 2662 1015 2712 die
1044 2662 1268 2712 Sabbati.

175 2741 400 2812 Dignum
425 2748 482 2798 et
499 2743 727 2813 justum
755 2748 856 2811 est,
881 2743 1260 2797 necessarium
1284 2747 1339 2798 et
1355 2743 1593 2798 salutare
1614 2748 1715 2813 est,

118 2837 168 2887 ut
190 2840 234 2889 te
271 2836 570 2890 Dominum
617 2853 683 2890 ac
725 2837 907 2890 Deum
953 2837 1084 2891 totis
1124 2837 1426 2891 visceribus
1470 2837 1720 2890 humana

118 2928 328 2982 conditio
377 2934 702 2998 veneretur,
755 2931 875 2984 Rex
926 2929 1195 2984 mirabilis
1257 2929 1493 2983 Christe.
1549 2929 1718 2998 Cujus

118 3021 548 3080 condemnatione
563 3022 824 3076 tartareis
841 3022 1076 3076 vinculis
1089 3022 1343 3076 absoluta
1367 3022 1718 3076 credentium

117 3115 272 3181 turba,
299 3110 569 3171 libertatis
595 3115 843 3186 insignia
870 3115 1206 3186 gratulatur.
1234 3115 1339 3178 Qui
1363 3131 1494 3170 vere
1521 3119 1587 3169 ut
1612 3115 1718 3170 Leo

119 3205 173 3260 de
193 3207 334 3262 tribu
367 3209 508 3264 Jnda
553 3208 772 3263 mundo
809 3214 1081 3274 ostensus,
1131 3208 1450 3262 animarum
1494 3208 1717 3262 devora-

119 3305 269 3354 torem
295 3302 606 3356 extinctum
633 3302 858 3356 leonem
885 3301 1170 3355 diabolum
1195 3300 1377 3354 omnis
1425 3305 1576 3354 terra
1616 3301 1714 3354 la:-

118 3397 260 3447 tatur.
294 3395 570 3450 Permittis
599 3399 656 3449 te
696 3395 981 3448 clavorum
1023 3394 1260 3448 nexibus
1291 3393 1606 3464 alligatum,
1648 3393 1718 3447 ad

117 3486 333 3556 stipitem
357 3488 535 3542 crucis
561 3487 760 3555 tereri,
783 3491 848 3541 ut
872 3503 986 3541 non
1014 3487 1086 3541 sit
1122 3503 1293 3557 parva
1318 3502 1488 3557 quam
1510 3486 1717 3556 impius

116 3579 367 3647 quondam
409 3584 748 3651 expavescat
800 3579 1130 3650 potentiam.
1187 3580 1269 3633 Ad
1315 3579 1475 3649 cujus
1522 3594 1716 3632 vocem

117 3670 346 3726 emittens
393 3673 679 3744 spiritum,
729 3675 878 3726 terra
917 3671 1171 3737 tremuit,
1219 3671 1420 3724 caelum
1475 3670 1713 3740 expavit,

119 3761 216 3817 dies
240 3765 394 3836 fugit,
422 3766 503 3820 sol
532 3767 868 3820 obscuratus
897 3769 1000 3832 est,
1034 3767 1181 3817 astra
1206 3763 1602 3818 abscondentia
1627 3779 1715 3817 ra-

119 3855 217 3909 dios
241 3875 378 3926 suos,
398 3859 569 3914 simul
591 3858 786 3913 omnia
802 3857 1211 3929 migraverImt.
1234 3856 1405 3926 Cujus
1424 3856 1712 3924 descensu,

117 3950 379 4005 contractis
423 3952 622 4023 portis,
669 3952 830 4022 luget
875 3950 1166 4018 infernus;
1213 3965 1326 4020 quo
1366 3953 1715 4019 resurgente,

119 4040 349 4097 laetantur
383 4045 594 4116 angeli,
637 4048 694 4097 et
727 4043 940 4098 exultat
975 4048 1128 4096 terra
1152 4059 1281 4096 cum
1311 4041 1718 4096 habitatoribus

118 4135 228 4189 suis.
275 4137 329 4190 In
365 4154 478 4209 quo
527 4137 822 4208 triumpho
861 4135 1202 4206 conSpicitur
1244 4134 1585 4189 conminatio
1623 4133 1718 4187 illa

117 4228 408 4298 prophetico
438 4247 535 4285 ore
565 4229 841 4301 promissa
872 4246 884 4283 :
919 4230 1024 4283 Ero
1059 4244 1210 4282 mors
1245 4232 1360 4296 tua,
1401 4244 1432 4280 ο
1474 4227 1714 4281 inferne.

118 4318 200 4372 L’bi
222 4327 296 4377 est
321 4340 452 4394 ergo
482 4323 719 4378 victoria
744 4327 840 4376 tua
860 4324 887 4376 Ὺ
931 4339 1034 4377 nec
1062 4321 1215 4375 enim
1248 4320 1317 4374 ab
1354 4320 1463 4374 alio
1502 4324 1719 4390 poterat

117 4412 204 4464 nisi
241 4432 270 4467 a
316 4417 433 4470 Vita
458 4433 615 4470 mors
667 4415 942 4470 devorari.
999 4415 1104 4478 Qui
1160 4415 1428 4468 descensu
1473 4429 1572 4466 suo
1625 4429 1717 4467 eos

116 4505 197 4572 qui
219 4509 541 4564 tenebantur
567 4527 602 4563 a
620 4515 823 4577 morte,
849 4507 1066 4579 superis
1080 4506 1323 4561 reddidit
1346 4505 1713 4577 resurgendo,

113 4600 162 4648 ut
187 4599 292 4668 ejus
315 4603 648 4657 resurrectio
677 4602 934 4656 vivorum
961 4602 1047 4655 vel
1090 4604 1445 4654 mortuorum
1471 4598 1718 4652 testimo—
1736 4606 1794 4676 D

118 4689 195 4741 nio
245 4691 574 4750 ﬁrmaretur.
631 4695 805 4761 Unde,
862 4698 1052 4748 sancte
1101 4695 1284 4760 Pater,
1331 4691 1716 4762 omnipotens,

119 4787 298 4839 (sterne
326 4788 483 4857 Deus,
512 4805 617 4859 per
661 4789 848 4842 Jesum
873 4787 1157 4841 Christum
1187 4784 1388 4839 Filium
1417 4789 1580 4838 tuum
1609 4785 1715 4837 Do-

119 4877 308 4932 minum
333 4886 587 4935 nostrum
614 4881 792 4952 gloria
817 4880 919 4934 tibi
945 4895 1189 4950 semper,
1219 4878 1318 4949 qui
1345 4877 1402 4931 in
1428 4881 1504 4945 te,
1556 4881 1611 4930 et
1651 4892 1720 4930 ex

120 4973 179 5036 te,
206 4975 255 5024 et
272 4976 452 5028 tecum
478 4991 724 5046 semper.
753 4975 930 5038 Quem
960 4977 1015 5028 te
1036 4972 1205 5026 etiam
1232 4971 1462 5026 laudant
1509 4969 1716 5040 angeli.

338 5085 524 5140 XXXV.
567 5101 762 5140 INCIPIT
802 5100 956 5138 HISSA
998 5099 1211 5139 cuusaz
1248 5097 1480 5138 PASCHE.

176 5179 428 5251 Concede,
457 5199 805 5253 quaesumus,
831 5181 1189 5252 omnipotens
1210 5181 1372 5248 Deus,
1401 5183 1465 5233 ut
1491 5178 1587 5248 qui
1609 5177 1717 5233 Re-

123 5273 448 5329 surrectionis
474 5275 774 5330 dominica:
801 5274 1090 5329 sollemnia
1119 5273 1370 5341 colimus,
1416 5288 1517 5342 per
1554 5271 1718 5325 inno-

121 5363 368 5420 Itationem
393 5367 474 5422 tui
512 5367 755 5439 Spiritus
793 5385 826 5420 a
875 5371 1055 5422 morte
1093 5366 1296 5420 animae
1337 5380 1716 5434 resurgamus.

123 5452 208 5507 Per
230 5457 543 5515 Dominum.

595 5531 716 5578 Post
749 5543 960 5591 precem
992 5543 1022 5578 a
1050 5528 1222 5578 missa.

183 5606 355 5684 374
377 5616 517 5669 Deus
542 5615 718 5669 totius
733 5614 998 5669 claritatis
1015 5613 1271 5668 conditor
1298 5616 1353 5667 et
1377 5611 1716 5677 moderator,

125 5715 267 5767 quem
292 5707 525 5762 caelestia
544 5707 848 5775 mirantur,
883 5711 940 5761 et
967 5710 1187 5762 terrena
1216 5705 1485 5777 pavitant,
1500 5702 1720 5758 inferna

125 5793 448 5867 tremiscunt;
472 5801 563 5856 cui
583 5799 917 5871 angelorum
946 5805 1146 5854 turmae
1174 5803 1229 5854 et
1253 5796 1720 5867 archangelorum

129 5890 372 5946 exercitus
398 5893 665 5965 militant,
681 5909 798 5948 non
818 5892 900 5948 uti
917 5892 1194 5949 mundum
1221 5904 1718 5964 expugnes,quem

1822 1970 2042 2026 mittere
2091 1972 2351 2042 dignatus
2388 1979 2488 2042 est,
2530 1975 2728 2028 fratres
2776 1973 3066 2039 carissimi,
3121 1972 3443 2042 suppliciter

1821 2079 2135 2132 exoremus,
2163 2069 2228 2118 ut
2253 2066 2466 2120 sicutin
2491 2067 2595 2120 hac
2617 2066 2705 2120 die
2729 2065 3171 2120 Resurrectionis
3191 2065 3444 2134 ejusdem

1821 2172 1921 2210 nos
1947 2173 1980 2210 a
2008 2161 2190 2211 morte
2216 2163 2490 2229 perpetua
2515 2175 2644 2212 cum
2670 2159 2766 2212 illo
2796 2158 3161 2223 resuscitavit,
3205 2157 3282 2210 ita
3317 2158 3441 2227 pie-

1820 2249 1949 2302 tatis
1983 2267 2100 2304 suae
2126 2251 2276 2305 dono
2314 2252 2382 2304 ab
2419 2252 2682 2306 omnibus
2713 2268 2814 2305 nos
2851 2251 3065 2304 inimici
3089 2255 3276 2305 tutans
3309 2250 3445 2303 insi-

1820 2341 1944 2409 diis,
1977 2341 2198 2396 inlzesos
2225 2343 2388 2397 faciat
2414 2344 2472 2397 in
2513 2344 2706 2398 matris
2749 2344 3007 2398 Ecclesia:
3046 2344 3262 2414 gremio
3305 2342 3440 2397 resi-

1819 2434 1978 2502 dere;
2027 2441 2080 2488 et
2129 2436 2484 2490 conscientiae
2540 2436 2861 2507 integritate
2905 2437 2974 2490 de
3020 2435 3442 2506 regeneratione

1821 2527 2144 2596 gaudentes,
2176 2534 2401 2582 internae
2432 2529 2848 2599 primitivorum
2874 2529 3148 2597 Ecclesiae,
3173 2528 3440 2599 quemad-

1818 2620 2049 2674 modum
2087 2621 2373 2676 devotione
2427 2621 2496 2674 ad
2549 2639 2815 2692 praesens,
2870 2622 2948 2675 ita
2991 2620 3442 2677 remuneratione

1817 2712 2060 2768 adsociet
2090 2713 2145 2768 in
2175 2718 2482 2781 aeternum;
2515 2719 2569 2768 et
2596 2715 2717 2768 haec
2745 2731 2980 2768 munera
3001 2713 3178 2785 plebis
3205 2731 3319 2769 suae
3349 2714 3444 2768 be-

1818 2805 2071 2860 nedicere
2104 2807 2388 2877 dignetur.
2418 2809 2520 2860 Per
2548 2807 2707 2861 Dom.

2218 2888 2505 2937 lmmolatio
2533 2889 2762 2937 clausum
2795 2888 3023 2938 Paschze.

1889 2958 2135 3028 Dignum
2157 2963 2209 3013 et
2219 2960 2436 3029 justum
2463 2967 2564 3028 est,
2585 2962 2960 3014 necessarium
2986 2964 3042 3014 et
3071 2960 3309 3014 salutare
3339 2963 3440 3025 est,

1817 3067 1916 3104 nos
1942 3052 2042 3104 tibi
2064 3051 2268 3121 gratias
2295 3069 2484 3122 agere,
2517 3054 2876 3123 omnipotens
2907 3054 3054 3122 (licet
3090 3052 3282 3123 gloria
3329 3056 3442 3105 tuae

1819 3145 2146 3197 mortalium
2175 3145 2431 3198 membra
2459 3163 2573 3199 non
2591 3146 2924 3216 congruant)
2938 3143 3337 3215 redemptionis
3349 3160 3448 3197 no-

1737 3242 1790 3315 C
1817 3241 1944 3290 strac
1966 3237 2230 3306 prmferre
2256 3238 2553 3308 praeconia.
2589 3240 2730 3293 Dum
2752 3239 3049 3293 hominum
3083 3254 3260 3308 genus
3288 3253 3444 3290 man-

1816 3329 2062 3398 cipatum
2088 3334 2288 3397 morte,
2304 3330 2616 3384 inferorum
2643 3331 2867 3385 sedibus
2882 3331 3243 3385 tenebrarum
3262 3329 3442 3383 vincla

1816 3422 2238 3492 restringerent,
2273 3423 2519 3492 spiritale
2552 3423 2794 3477 Verbum
2824 3425 2944 3493 (per
2967 3423 3114 3493 quod
3146 3423 3201 3476 in
3231 3422 3439 3492 princi-

1815 3514 1907 3584 pio
1943 3515 2133 3568 omnia
2161 3516 2384 3569 fuerant
2407 3516 2722 3585 constituta)
2752 3515 3039 3570 descendit
3078 3516 3138 3569 in
3164 3514 3389 3568 Mariam
3421 3532 3435 3568 :

1816 3623 1943 3677 qua!
1970 3607 2105 3661 dum
2136 3611 2361 3678 partum
2395 3625 2558 3662 suum
2604 3609 2770 3679 Virgo
2809 3609 3068 3676 miratur,
3124 3607 3439 3660 inclausum

1817 3699 2107 3753 hominem
2125 3699 2297 3754 edidit
2309 3701 2507 3754 Deum.
2522 3701 2653 3764 Quae
2668 3705 2856 3754 tamen
2868 3705 3030 3754 tuum
3046 3715 3181 3765 esse,
3197 3715 3438 3764 summe,

1816 3792 2187 3862 omnipotens,
2203 3796 2506 3863 antequam
2521 3791 3440 3864 nasceretur,cognoverat,quippe

1815 3901 1940 3956 quae
1961 3885 2168 3940 sciebat
2193 3885 2391 3939 mundi
2416 3901 2535 3940 esse
2561 3885 2930 3956 Principium.
2962 3887 3009 3940 Is
3037 3901 3282 3956 namque
3308 3901 3436 3938 cru-

1816 3993 1936 4032 cem
1970 3982 2273 4048 spontanea
2301 3978 2596 4032 devotione
2615 3982 2844 4050 propter
2867 3978 3316 4049 redemptionem
3337 3977 3441 4031 hu-

1819 4070 1971 4124 mani
2013 4070 2251 4141 generis,
2299 4071 2367 4124 de
2416 4071 2650 4125 inimico
2692 4077 2932 4142 tyranno
2970 4071 3439 4142 triumphaturus,

1817 4163 2066 4217 ascendit
2094 4180 2106 4217 :
2137 4168 2191 4216 et
2217 4163 2410 4218 relicto
2436 4164 2726 4236 paulisper
2756 4164 3008 4235 corporis
3044 4165 3274 4234 templo,
3305 4163 3440 4218 infe-

1816 4272 2006 4310 rorum
2041 4254 2231 4328 3'75
2262 4256 2494 4311 claustra
2514 4257 2896 4328 confringens,
2930 4256 3179 4328 pristinm
3213 4256 3296 4325 (ut
3314 4261 3442 4311 ante

1815 4349 2012 4417 fuerat)
2039 4349 2166 4402 vita:
2198 4349 2460 4403 restituit.
2494 4351 2602 4403 Nec
2635 4349 2928 4404 suffecerat
2970 4350 3152 4403 solum
3194 4349 3443 4402 hominis

1816 4442 2141 4496 emendasse
2168 4446 2490 4511 peccatum;
2522 4442 2615 4496 sed
2647 4459 2749 4512 per
2782 4442 3124 4496 ablutionem
3163 4441 3442 4495 caelestem

1816 4539 2055 4600 renatos,
2088 4533 2331 4587 redivivo
2361 4551 2423 4587 ac
2447 4551 2592 4588 novo
2615 4534 2920 4588 nativitatis
2951 4550 3155 4603 genere
3185 4549 3442 4587 remeans

1817 4627 1882 4680 ad
1916 4626 2196 4697 originem
2219 4642 2354 4694 suae,
2384 4643 2486 4679 nos
2513 4627 2582 4680 ad
2609 4626 2849 4680 caelestia
2876 4642 3052 4697 regna
3077 4626 3360 4696 perduxit.
3393 4626 3436 4680 Ο

1819 4719 2132 4787 consilium,
2184 4736 2216 4772 ο
2256 4719 2461 4772 divinae
2502 4719 2892 4790 providentim,
2923 4736 2954 4773 o
2988 4719 3441 4774 inmstimandum

1819 4811 2182 4883 reparationis
2204 4812 2481 4866 auxilium
2504 4813 2517 4865 !
2557 4815 2660 4867 Per
2700 4811 2990 4883 Virginem
3017 4812 3176 4866 nobis
3203 4812 3439 4881 gloriosa

1819 4907 1928 4960 vita
1956 4905 2289 4972 restituitur,
2321 4922 2447 4977 quae
2485 4922 2588 4976 per
2615 4905 2754 4977 ligni
2787 4905 3222 4959 inobedientiam
3258 4905 3447 4958 crede-

1817 5003 1982 5056 batur
2006 5003 2268 5057 extincta.
2301 5003 2409 5057 Per
2436 5020 2636 5073 aquam
2666 5002 2864 5057 mundi
2885 5006 3110 5074 peccata
3127 5001 3440 5070 diluuntur,

1819 5112 1920 5166 per
1947 5112 2118 5167 quam
2155 5099 2283 5150 ante
2323 5100 2574 5150 senserat
2612 5096 2857 5150 mundus
2897 5095 3013 5165 ipse
3060 5094 3442 5165 naufragium.

1818 5189 1938 5242 Tibi
1964 5205 2119 5260 ergo,
2163 5205 2381 5242 summe
2410 5188 2658 5258 Genitor,
2695 5205 2837 5258 pura
2861 5187 3151 5243 devotione
3174 5187 3443 5242 immacu-

1818 5281 1992 5335 latum
2017 5297 2224 5334 munus
2252 5280 2556 5348 offerimus,
2587 5285 2642 5335 et
2690 5281 2992 5336 elevatione
3034 5297 3309 5335 manuum
3339 5298 3441 5335 no-

1819 5379 2061 5428 strarum
2099 5375 2262 5444 juxta
2305 5373 2425 5427 Filii
2461 5374 2541 5428 tui
2586 5375 2716 5428 Jesu
2749 5375 2955 5429 Christi
3003 5374 3442 5446 dispositionem,

1819 5467 1977 5538 pium
2005 5466 2338 5521 sacriﬁcium
2368 5467 2738 5521 celebramus.
2764 5469 2869 5522 Per
2905 5483 3076 5539 quem
3114 5473 3168 5522 te
3214 5468 3444 5523 laudant

1819 5561 2003 5630 angeli
2029 5565 2085 5615 et
2107 5561 2452 5632 archangeli,
2480 5560 2748 5614 dicentes.

1900 5654 2111 5707 XXXVI.
2155 5669 2344 5708 INCIPIT
2384 5669 2535 5772 mss;
2578 5669 2922 5772 mfnummus
2963 5669 3088 5710 POST
3127 5669 3350 5708 nscas.

2540 5738 2610 5772 rae
2632 5724 2751 5772 alio.

2540 5724 2751 5773 metatio.

1893 5795 2037 5849 Deus
2066 5795 2162 5866 qui
2181 5795 2239 5849 in
2264 5795 2382 5849 Filii
2409 5795 2492 5849 tui
2517 5795 2834 5850 humilitate
2853 5795 3137 5864 jacentem
3163 5791 3436 5844 mundum

1821 5887 2066 5960 erexisti,
2082 5887 2336 5946 laetitiam
2355 5889 2594 5946 concede
2609 5887 2866 5946 ﬁdelibus
2887 5885 3017 5957 tuis,
3049 5888 3112 5939 ut
3134 5899 3275 5958 quos
3305 5897 3431 5954 per-
