3970 6406
476 409 580 461 379
1259 399 1590 455 ᾹΡΡΕΝΒΙΧ
1627 397 1716 453 ΑΙ)
1752 397 1972 453 OPERA
2009 396 2095 450 SA“

2279 395 2574 452 GERMANI
2614 391 3037 452 PARlSlElVSlS.
3753 390 3878 444 380

471 518 658 586 petum
685 510 886 568 mortis
906 507 1160 582 eripuisti
1185 507 1426 577 casibus,
1456 506 1674 582 gaudiis
1700 506 1866 563 facias
1885 505 2094 578 sempi-
2119 523 2177 598 Α
2199 507 2472 579 apostolo,
2502 507 2734 563 conlatis
2760 505 3004 562 clavibus
3029 503 3196 578 regni
3214 503 3473 575 caelestis,
3503 501 3749 559 animas
3793 501 3878 598 lis

470 605 644 664 ternis
671 603 904 678 perfrui.
928 603 1053 659 Per.
2163 596 2174 598 ⁷
2197 601 2366 673 gandi
2395 601 2577 674 adque
2601 600 2850 656 solvendi
2885 599 3242 672 pontiﬁcium
3278 597 3590 667 tradidisti,
3637 596 3880 653 exaudi

1019 694 1266 746 Collectio
1300 693 1548 760 sequitur.
2193 694 2472 766 propitius
2499 710 2691 766 preces
2712 697 2930 749 nostras
2959 693 3018 748 in
3045 692 3134 748 die
3159 692 3367 764 jejunii
3405 692 3622 763 hujus;
3671 693 3731 746 et
3780 690 3882 745 in-

541 783 705 852 Deus,
730 781 790 836 in
818 781 978 852 cuius
1005 781 1306 853 praecipuis
1331 779 1684 836 mirabilibus
1725 782 1808 833 est
1847 777 2097 832 humana
2194 787 2529 843 tercessione
2565 788 2706 858 ejus,
2744 803 3087 859 quaesumus,
3141 791 3208 841 ut
3249 803 3280 841 a
3325 790 3706 858 peccatorum
3762 801 3881 840 no-

468 875 768 948 reparatio,
799 874 949 929 solve
976 890 1147 945 opera
1191 873 1416 942 diaboli,
1455 877 1513 928 et
1550 871 1840 928 mortifera
1887 869 2099 942 peccati
2197 886 2444 936 suorum
2468 881 2705 937 nexibus
2733 880 3061 936 liberemur.
3087 879 3338 935 salvator
3359 879 3591 934 mundi.

467 968 691 1024 vincula
715 967 1024 1039 disrumpe,
1057 970 1122 1022 ut
1146 967 1427 1022 destructa
1452 965 1823 1037 malignitate,
1855 980 1983 1036 quas
2002 980 2100 1018 no-
2623 981 2795 1032 οηιίο
2823 980 2878 1031 in
2903 984 3082 1032 sancto
3111 981 3396 1046 Stephano.

468 1061 804 1132 cuit,vincat
825 1059 1210 1116 misericordia
1229 1075 1356 1130 quae
1372 1058 1630 1115 redemit.
1648 1060 1756 1114 Per
1776 1057 2095 1113 Dominum.
2269 1069 2506 1134 praesta,
2571 1083 2898 1138 quaesumus
2917 1109 2931 1138 ,
2988 1066 3346 1138 omnipotens
3399 1069 3457 1120 et
3522 1063 3881 1121 misericors

955 1155 1207 1206 Collectio
1229 1159 1350 1220 post
1369 1154 1600 1206 nomina.
2198 1161 2364 1229 Deus,
2387 1165 2449 1214 ut
2477 1161 2992 1232 fragilitatinostraa
3016 1160 3256 1215 adﬂictas
3283 1159 3344 1214 in
3370 1159 3581 1214 diebus
3612 1159 3880 1214 istorum

539 1241 1014 1311 Benedictionem,
1043 1241 1304 1311 Domine,
1330 1241 1494 1296 nobis
1522 1240 1774 1296 conferat
1797 1239 2100 1294 salutarem
2191 1252 2542 1324 jejuniomm
2567 1253 3086 1325 magniﬁcuslevita
3101 1253 3299 1308 beatus
3324 1253 3663 1324 Stephanus
3690 1254 3877 1308 auxi-

469 1351 626 1391 sacra
650 1351 876 1406 semper
907 1333 1133 1406 oblatio,
1160 1341 1226 1390 ut
1244 1335 1397 1408 quod
1423 1334 1544 1406 agit
1575 1331 2095 1418 mysterio,_virtute

2243 1362 2340 1400 um
2362 1346 2787 1402 interventionis
2813 1346 3096 1416 exhibeat,
3125 1345 3245 1417 qui,
3273 1345 3530 1409 imitator
3546 1345 3880 1402 dominicae

467 1428 740 1502 perﬁciat.
1026 1497 1152 1512 nr“,
1308 1511 1314 1512 γ
1340 1511 1345 1512 γ
1522 1511 1527 1512 γ
2200 1439 2482 1510 passionis
2521 1445 2577 1495 et
2601 1439 2848 1512 pietatis,
2873 1439 3094 1511 primus
3121 1438 3178 1494 in
3199 1455 3400 1494 cruore
3429 1439 3711 1511 martyrii
3736 1439 3875 1494 eni-

1584 1581 1895 1605 --Δ-,ΜΛΔ
1942 1595 2060 1605 Mm
2200 1497 2312 1586 tuit
2331 1549 2349 1602 ;
2391 1536 2447 1588 et
2486 1497 2710 1604 semper
2747 1532 2819 1586 sit
2836 1497 3136 1604 perfectus
3169 1530 3533 1604 suﬁ'ragator,
3569 1497 3782 1605 atque,
3817 1535 3878 1588 te

2200 1625 2558 1694 concedente,
2589 1627 2886 1696 promptus
2910 1624 3154 1696 adjutor.
3186 1626 3292 1679 Per
3320 1625 3664 1680 Dominum.

2573 1728 2701 1777 Item
2736 1725 2900 1776 oratio
2929 1725 2984 1776 in
3009 1728 3189 1776 sancto
3219 1726 3465 1776 Martino.

542 1585 704 1652 Deus,
733 1582 831 1654 qui
848 1599 950 1637 nos
975 1573 1076 1654 pe'r
1107 1583 1278 1653 hujus
1303 1581 1556 1637 sacriﬁcii
1584 1581 1902 1636 veneranda
1939 1595 2094 1634 com-

469 1677 698 1744 mercia,
725 1676 896 1731 unius
920 1691 1158 1732 summa
1187 1675 1498 1731 Divinitatis
1514 1675 1816 1748 participes
1840 1673 2092 1740 effecisti,

469 1775 694 1843 praesta,
724 1785 1069 1842 qumsumus,
1095 1773 1160 1824 ut
1179 1769 1321 1824 sicut
1343 1773 1503 1824 tuam
1527 1767 1924 1840 cognoscimus
1949 1766 2094 1822 veri-

469 1868 664 1933 tatem,
696 1862 774 1918 sic
800 1878 926 1918 eam
955 1861 1141 1933 dignis
1166 1862 1423 1917 moribus
1448 1862 1847 1934 adsequamur.
1880 1861 2002 1915 Per.

1035 1957 1354 2010 Contestatio
1376 1972 1536 2009 nunc.

541 2047 682 2100 Vere
709 2045 948 2116 dignum
984 2047 1040 2099 et
1069 2044 1292 2114 justum
1327 2048 1480 2100 est...
1517 2059 1622 2115 per
1665 2041 1951 2099 Christum
1996 2042 2104 2096 Do-

471 2137 695 2194 minum
721 2141 999 2192 nostrum.
1025 2137 1132 2202 Qui
1169 2135 1438 2192 humanis
1461 2135 1761 2191 miseratus
1799 2133 2104 2202 erroribus,

473 2247 575 2304 per
603 2230 890 2302 Virginem
919 2229 1075 2286 nasci
1102 2229 1367 2301 dignatus
1396 2234 1512 2298 est;
1542 2233 1599 2284 et
1636 2245 1740 2300 per
1783 2226 2107 2300 passionem

471 2324 676 2379 mortis
707 2340 740 2378 a
767 2327 1041 2396 perpetua
1064 2339 1169 2378 nos
1215 2327 1398 2378 morte
1439 2321 1718 2388 liberavit,
1756 2337 1821 2376 ac
1859 2335 2108 2376 resurre-

471 2418 655 2474 ctione
683 2433 784 2473 sua
809 2420 1083 2474 aeternam
1111 2415 1274 2472 nobis
1300 2415 1541 2472 contulit
1562 2415 1758 2470 vitam.
1777 2415 1957 2478 Quem
1977 2413 2103 2467 lau-

473 2511 609 2567 dant
636 2510 845 2583 angeli.

2270 1811 2499 1882 Porrige
2526 1811 3004 1881 dexteramtuam,
3023 1827 3371 1883 quaesumus,
3403 1811 3675 1882 Domine,
3707 1811 3881 1884 plebi

2118 1889 2175 1960 B
2199 1907 2312 1959 tuae
2338 1905 2396 1959 in
2422 1905 2510 1960 die
2536 1905 2888 1976 jejuniorum
2914 1921 3148 1960 suorum
3196 1909 3356 1960 tuam
3394 1905 3880 1962 misericordiam

2204 1997 2528 2068 postulanti,
2566 2001 2629 2053 ut
2666 1997 3048 2054 intercedente
3078 1997 3242 2054 beato
3281 1999 3546 2066 Martino,
3603 2004 3880 2055 terrores

2203 2089 2566 2146 imminentes
2592 2091 2976 2158 declinemus;
3005 2095 3062 2144 et
3086 2090 3281 2146 solatia
3318 2091 3451 2146 vitae
3507 2091 3882 2148 immortalis

2203 2182 2565 2254 accipiamus,
2613 2187 2668 2238 et
2706 2181 2894 2256 377
2945 2183 3290 2254 sempiterna
3331 2183 3542 2255 gaudia
3597 2201 3881 2258 compre-

2204 2275 2537 2332 hendamus.
2565 2277 2672 2332 Per
2699 2275 3023 2331 Dominum.

2637 2380 2811 2431 Oratio
2835 2381 2890 2432 in
2915 2385 3097 2432 sancto
3117 2381 3389 2446 Gregorio.

2276 2467 2644 2538 Omnipotens
2667 2467 3010 2538 sempiterna
3037 2466 3405 2538 Deus,jejuni
3433 2467 3506 2523 de
3532 2467 3656 2524 tuis
3683 2471 3880 2526 etiam

2204 2559 2364 2614 donis
2394 2560 2602 2628 satiati,
2631 2561 2717 2615 vel
2741 2560 2991 2632 qualibet
3013 2560 3391 2616 maceratione
3431 2562 3716 2631 confecti,
3766 2565 3880 2621 Ma-

2195 2653 2458 2724 jestatem
2483 2659 2642 2708 tuam
2687 2653 2966 2725 supplices
3009 2669 3329 2723 exoramus,
3376 2658 3444 2708 ut
3485 2657 3764 2726 expulsis
3806 2659 3878 2712 de

2203 2746 2468 2800 cordibus
2494 2746 2702 2801 nostris
2727 2751 3083 2818 peccatorum
3111 2746 3462 2814 tenebris,_in
3492 2748 3587 2804 die
3621 2750 3710 2820 jej
3721 2752 3874 2820 unii,

2202 2837 2580 2894 intercedente
2624 2855 2846 2892 summo
2894 2839 3142 2894 antistite
3174 2845 3368 2894 nostro
3430 2844 3490 2896 et
3523 2841 3876 2898 divinorum

2203 2931 2598 3002 mysteriorum
2625 2949 2826 3002 capace
2855 2932 3144 3002 Gregorio,
3167 2933 3237 2987 ad
3267 2949 3465 2987 veram
3483 2933 3711 3002 lucem,
3732 2953 3873 3008 qua:

2201 3025 2452 3080 Christus
2503 3031 2602 3096 est,
2663 3041 2764 3080 nos
2813 3025 2981 3080 facias
3025 3025 3345 3097 pervenire.
3388 3028 3498 3082 Per
3541 3028 3875 3085 Dominum

2157 3151 2177 3174 κ
2202 3122 2478 3173 nostrum.
3771 3131 3778 3138 ‘

1161 3228 1426 3280 Collectio.

2451 3217 2580 3266 Item
2607 3215 2948 3266 collectiones
2971 3217 3026 3267 in
3049 3230 3152 3282 quo
3177 3218 3297 3268 loco
3318 3218 3575 3283 volueris.

547 3318 710 3385 Deus,
737 3316 837 3387 qui
863 3331 922 3371 es
946 3315 1267 3370 misericors
1291 3314 1352 3369 in
1379 3314 1664 3386 operibus,
1685 3314 1872 3384 justus
1917 3313 1975 3368 in
2003 3313 2102 3384 ju-
2124 3301 2178 3327 υ
2275 3302 2631 3370 Ουωειιωιιεν
2664 3301 2898 3356 Domine
2926 3302 3072 3357 Dens
3097 3307 3310 3372 noster,
3341 3303 3481 3358 Vitia
3509 3307 3718 3362 carnis
3754 3309 3870 3378 Spi-

474 3410 654 3479 diciis,
685 3409 876 3481 largus
898 3409 956 3464 in
989 3408 1170 3479 donis,
1197 3407 1509 3479 multiplica
1535 3423 1704 3479 super
1747 3423 1848 3462 nos
1885 3406 2106 3461 miseri-
2205 3393 2347 3449 ritus
2374 3394 2578 3448 νίηυῖθ
2598 3393 2941 3465 Constringe,
2968 3398 3053 3463 ιη,
3081 3395 3494 3452 interveniente
3522 3398 3612 3452 ίΠο
3648 3399 3718 3455 in
3766 3401 3872 3455 hoc

473 3503 723 3558 cordiam
747 3507 904 3558 tuam
933 3519 947 3557 :
979 3507 1036 3558 et
1061 3501 1198 3574 quia
1221 3505 1283 3557 tu
1309 3501 1469 3556 nobis
1514 3517 1573 3556 es
1611 3500 1890 3556 bonorum
1943 3516 2108 3554 causa
2197 3487 2436 3558 jejunio.
2463 3489 2652 3541 nostra
2671 3486 2730 3540 in
2754 3487 3060 3542 Virtutibus
3083 3489 3372 3544 Γθίῖοίίιίιιΐ
3400 3490 3748 3549 inﬁrmitas.

553 2628 794 2683 XXXVII.
834 2642 957 2682 I‘I'Ell
999 2641 1152 2682 MISSA
1192 2639 1323 2680 rosr
1360 2640 1564 2681 rasum
1605 2639 1740 2680 ANTE
1777 2637 2008 2678 sscsts

1179 2712 1394 2752 DOMINI.

543 2788 740 2863 376
781 2791 942 2860 Deus,
986 2790 1084 2861 qui
1111 2789 1221 2843 hoc
1252 2787 1414 2843 nobis
1437 2787 1658 2842 confers
1685 2787 1868 2858 gratia
1898 2789 2014 2856 tua,
2043 2789 2105 2841 ut

465 2883 607 2953 justi
633 2899 702 2938 ex
733 2883 942 2954 impiis,
972 2886 1030 2937 et
1046 2881 1196 2936 beati
1218 2879 1534 2934 efﬁciamur
1555 2895 1626 2934 ex
1646 2879 1888 2949 miseris,
1915 2878 2106 2934 adesto

472 2976 587 3031 tuis
631 2975 916 3047 operibus,
970 2974 1084 3029 tuis
1127 2974 1318 3028 adesto
1371 2972 1738 3042 muneribus;
1784 2975 1850 3026 ut
1901 2971 2106 3043 quibus

473 3068 620 3124 inest
643 3067 773 3124 ﬁdei
787 3067 1135 3140 justiﬁcatio,
1172 3082 1286 3120 non
1309 3065 1452 3121 desit
1481 3063 1908 3137 perseverantiae
1940 3064 2101 3120 forti-

473 3162 630 3217 tudo.
660 3163 785 3217 Per.

472 3597 829 3662 meritorum,
856 3596 1072 3652 custodi
1095 3595 1246 3667 quod
1273 3595 1499 3664 tribuis,
1547 3598 1610 3649 ut
1656 3593 1906 3650 invenias
1954 3593 2105 3664 quod
2754 3593 3002 3643 Collectio
3026 3594 3284 3658 sequitur.

471 3707 724 3746 εοιοοηθε,
755 3692 880 3746 per,
2275 3677 2602 3750 Propitiare,
2655 3678 2909 3749 Domine,
2955 3679 3496 3752 supplicationibus;
3539 3688 3601 3739 et
3653 3701 3768 3740 nos
3812 3687 3868 3740 in

952 3757 1204 3810 Collectio
1239 3761 1357 3823 post
1391 3757 1622 3808 nomina.

2243 3771 2400 3842 ajunii
2429 3772 2585 3826 cultu
2610 3777 2888 3838 vacantes,
2935 3771 3226 3829 obtinente
3261 3773 3430 3830 beato
3455 3775 3543 3832 ill.
3595 3780 3872 3851 pervigili

541 3847 770 3914 Praesta,
798 3844 1054 3912 Domine,
1077 3859 1422 3916 quaesumus,
1454 3842 1695 3936 veritati,
1725 3846 1790 3896 ut
1823 3841 1976 3896 illius
2015 3859 2101 3896 sa-
2206 3841 2573 3936 pllotectione’
2617 3865 2866 3935 custodi;
2912 3871 2978 3920 ut
3026 3867 3236 3921 namus
3284 3868 3546 3924 animam
3599 3841 3871 3928 δίὼοῖυε

471 3938 603 3994 Iutis
633 3937 922 4009 capiamus
947 3937 1228 4003 enectum.
1259 3936 1419 4006 cuius
1447 3951 1552 4006 per
1575 3935 1698 3989 haec
1725 3936 1990 4006 mysteria
2015 3936 2102 4008 pi-
2206 3935 2454 4030 perﬁdiae
2488 3959 2600 4014 telo
2625 3959 2904 4028 vulneret,
2932 3959 3143 4014 nullius
3169 3964 3426 4016 mentem
3451 3979 3691 4022 veneno
3719 3967 3871 4022 falsi-

476 4047 621 4101 gnus
648 4029 969 4102 accipimus.
1000 4031 1127 4086 Per.
2203 4029 2331 4107 tatis
2355 4052 2590 4107 occidat.

1162 4119 1428 4170 Collectio.

547 4206 800 4278 Respice,
827 4206 1080 4276 Domine,
1103 4205 1380 4278 propitius
1407 4204 1478 4259 ad
1501 4221 1737 4260 munera
1765 4221 1890 4276 quae
1920 4223 2101 4261 sacra-

476 4315 621 4370 mus,
666 4304 733 4356 ut
765 4303 821 4354 et
851 4299 955 4355 tibi
999 4303 1156 4372 grata
1187 4298 1315 4366 sint,
1355 4303 1412 4354 et
1450 4297 1714 4354 salutaria
1735 4315 1958 4371 semper
1983 4299 2101 4354 exi-

476 4395 643 4448 stant.
671 4394 777 4449 Per
801 4394 964 4448 Dom.

2417 4164 2624 4218 XXXIX.
2670 4179 2866 4219 INCIPIT
2905 4179 3066 4220 IISSA
3105 4181 3162 4219 ΙΝ
3203 4180 3633 4224 ROGATIONIBUS.

2272 4263 2539 4316 Memores
2565 4262 2868 4316 caelestium
2895 4268 3334 4335 praeceptorum,
3379 4273 3626 4336 peccata
3673 4277 3866 4326 nostra

2203 4371 2390 4409 coram
2421 4355 2657 4410 Domino
2683 4355 3008 4423 deﬂeamus,
3041 4361 3290 4412 serentes
3317 4358 3378 4413 in
3407 4359 3688 4432 lacrymis
3727 4364 3866 4437 quid

1029 4461 1342 4512 οοηιρεωιίο
1375 4473 1534 4511 nunc,
2203 4453 2480 4502 metamus
2519 4448 2579 4502 in
2618 4448 2836 4521 gaudiis
2862 4466 2875 4503 :
2905 4449 3082 4503 simus
3109 4450 3169 4504 in
3195 4451 3454 4507 oratione
3483 4455 3746 4526 solliciti,
3771 4459 3862 4529 je-

543 4549 681 4604 Vere
706 4547 946 4620 dignum
973 4551 1029 4602 et
1045 4548 1268 4619 justum
1287 4551 1390 4616 est,
1410 4547 1610 4602 devoto
1637 4563 1873 4602 munere
1901 4551 2096 4619 postu-
2119 4617 2157 4621 _
2195 4541 2370 4611 juniis
2390 4541 2658 4612 prompti,
2681 4542 2740 4596 in
2761 4543 3133 4614 eleemosynis
3153 4543 3438 4616 liberales,
3461 4553 3533 4602 ut
3551 4553 3863 4621 promissae

473 4642 674 4710 lautas,
702 4617 1067 4724 ut'tempom;
1085 4642 1292 4714 quibus
1316 4645 1447 4714 post
1467 4617 1958 4696 Resurrectionern
1985 4642 2096 4695 Do-
2118 4617 2177 4688 D
2200 4634 2584 4690 retributionis
2619 4635 2858 4706 gloriam
2879 4637 3079 4692 devota
3105 4636 3216 4694 ﬁde
3247 4643 3304 4694 et
3330 4617 3639 4698 fructuosa
3664 4662 3862 4718 Opera-

472 4734 663 4789 minus
686 4739 876 4790 noster
901 4737 1061 4791 Jesus
1085 4735 1338 4790 Christus
1363 4750 1495 4789 cum
1519 4733 1808 4804 discipulis
1834 4735 1948 4788 suis
1974 4751 2098 4789 cor-
2199 4727 2348 4782 tione
2377 4743 2720 4784 mereamur.
2748 4731 2853 4784 Per
2878 4731 3038 4784 Dom.

470 4829 742 4898 poraliter
767 4829 1059 4895 habitavit,
1086 4829 1178 4900 pia
1197 4827 1490 4883 devotione
1505 4831 1830 4882 tractemus.
1858 4829 2037 4891 Quem
2057 4829 2096 4882 l.
2723 4836 2973 4886 Collectio
2988 4837 3238 4902 sequitur.

522 4953 783 5009 XXXVIII.
823 4969 1090 5009 INCIPII‘NT
1128 4967 1514 5008 COLLECTIONES
1557 4968 1611 5005 IN
1650 4967 2028 5008 aocsrromaus
2271 4922 2438 5024 Deus}
2606 4921 2865 5024 Νίωνίξξδ
2889 4938 2992 5024 Pr?
3021 4923 3264 4994 Peccaﬁs
3293 4924 3410 4979 δυίε
3437 4925 3859 5024 _jejnnantibus

728 5040 828 5080 rea
866 5041 1090 5080 mvrnsa
1129 5039 1264 5078 LOCA
1301 5036 1624 5077 sANcroamI
1667 5037 1836 5077 NUNC.
2199 5015 2520 5086 pepercisti,
2561 5017 2617 5069 te
2647 5015 2925 5087 supplices
2955 5016 3350 5088 deprecamur,
3385 5022 3452 5074 ut
3491 5027 3552 5077 et
3590 5026 3765 5080 nobis
3806 5025 3862 5078 in

1025 5117 1084 5166 In
1116 5118 1296 5166 sancto
1321 5115 1472 5164 Petro
1493 5114 1537 5162 ³.
2200 5107 2305 5162 hoc
2341 5107 2607 5178 jejuniob
2645 5112 2973 5163 nostrorum
3003 5109 3425 5181 indulgentiam
3473 5131 3589 5185 per
3635 5119 3858 5173 solitam

541 5201 908 5272 Omnipotens
963 5202 1305 5272 sempiterna
1357 5201 1505 5255 Deus
1527 5242 1542 5270 ,
1599 5199 1698 5271 qui
1736 5199 1899 5255 beato
1939 5201 2100 5255 Petro
2200 5199 2645 5267 misericordiam
2673 5201 2948 5273 largiaris.
2976 5204 3102 5258 Per.

539 5341 564 5370 ³
605 5343 829 5415 Eaedem
864 5344 978 5399 fere
1012 5343 1296 5410 stationes,
1345 5343 1690 5415 eaedemque
1711 5341 1991 5415 orationes
2043 5343 2099 5398 in
2203 5341 2420 5415 diebus,
2460 5358 2602 5415 quos
2619 5343 2965 5415 regulariter
2991 5346 3050 5400 in
3074 5351 3191 5402 toto
3222 5349 3442 5404 mundo
3470 5353 3734 5414 celebrat
3761 5361 3854 5414 Ec-

470 5413 673 5496 ltlissali
712 5415 966 5468 Gothico.
1017 5415 1171 5468 Unde
1209 5415 1470 5496 colligere
1507 5413 1640 5494 licet
1677 5413 1778 5466 has
1811 5414 2099 5496 orationes
2204 5413 2442 5494 clesia.y
2477 5413 2954 5496 H‘ocﬁin‘sermone
2996 5417 3134 5496 item
3169 5419 3448 5496 Gaesarius
3478 5413 3860 5496 reprehendit

469 5485 638 5539 fuisse
670 5501 1042 5556 communes,
1092 5501 1208 5556 non
1251 5484 1373 5556 loci
1399 5485 1638 5553 alicujus
1665 5484 1982 5554 peculiaris,
2029 5485 2100 5538 ad
2200 5499 2294 5538 eos
2312 5484 2424 5556 _qui
2458 5485 2528 5538 ad
2573 5485 2828 5556 Ecclesia;
2875 5495 3183 5544 conventus
3216 5491 3338 5546 istis
3381 5484 3592 5549 diebu‘s
3644 5484 3857 5556 «tarde

469 5571 647 5643 quem.
666 5555 1046 5643 haa‘cdtlissalia
1069 5555 1474 5643 pertinuerint:
1505 5623 1514 5633 _
1887 5625 1898 5636 θ
1995 5625 2010 5643 ἱ
2199 5554 2451 5643 vjeni‘unt2
2475 5555 2702 5636 etprius
2728 5572 2906 5643 quam.
2925 5560 3632 5643 mysteriancom‘pleantur
3659 5554 3850 5625 absce-

546 5628 574 5704 ιζ
609 5627 689 5681 lta
709 5626 899 5704 etiam
933 5623 1231 5704 jejunium
1256 5625 1315 5679 in
1355 5623 1608 5704 Gothico,
1651 5639 1838 5704 supra,
1869 5625 1943 5704 _in
1995 5625 2101 5704 hoc
2201 5624 2371 5704 dunt;
2403 5623 2689 5704 etin—ipsa
2717 5623 2948 5704 ecclesia
2977 5623 3168 5704 otiosis
3194 5623 3404 5688 fabulis
3432 5623 3856 5704 vacanteitnec

467 5696 842 5782 triduo..Vide
885 5685 1171 5782 sermones
1218 5685 1604 5782 tres_Ca3sarii'
1641 5685 2102 5782 episcopi‘ftrela-
2201 5695 2320 5782 ipsi.
2346 5685 2612 5782 psallunt,
2654 5713 2760 5751 nec
2799 5698 2935 5752 alios
2974 5685 3862 5782 ρεαὶιενθῖνθινόᾶιῖὲκὲέξιίίῇ

468 5769 638 5843 tensis
678 5769 738 5825 in
786 5767 1096 5843 appendice
1147 5782 1289 5820 nova
1339 5765 1478 5843 torni
1528 5765 1776 5843 V-novae
1827 5765 2102 5843 editionis
2199 5765 2363 5822 tunt.’
2395 5787 2422 5818 »
2461 5769 2528 5843 lit
2541 5767 2620 5843 _in
2648 5783 2906 5843 sermone
2932 5765 3188 5843 sequenti
3217 5765 3489 5832 hortatur
3522 5765 3854 5843 Fidae-siut

467 5841 642 5916 sancti
671 5827 970 5916 Augustini
999 5855 1031 5916 a
1059 5852 1318 5916 sermone
1356 5839 1475 5902 173,
1504 5835 1604 5907 qui
1641 5836 1879 5916 primus"
1909 5843 1990 5892 est
2013 5838 2102 5916 _d_e
2201 5853 2272 5916 ne
2298 5853 2354 5891 se
2389 5860 2416 5886 ‹‹
2445 5837 2514 5892 de
2541 5837 2796 5916 _Ecclesiaa
2827 5827 3105 5899 conventu
3135 5827 3482 5904 subtrahant
3509 5827 3851 5911 'Qéivia;

467 5909 698 5984 Litania,
726 5907 824 5968 ubi
842 5909 1061 5985 jejunia
1090 5907 1354 5966 dicuntur
1379 5907 1688 5964 necessaria
1731 5929 1757 5957 ‹‹
1790 5908 1971 5964 tribus
2013 5909 2102 5964 his
2200 5907 2277 5963 ris
2301 5929 2329 5958 »
2359 5907 2660 5965 canonicis.
