3970 6414
126 418 207 471 381
1214 416 1297 471 DE
1335 416 1549 472 CL'RSU
1588 414 1956 472 GALLICANO
1993 412 2404 480 DISQL'ISITIO.
3364 411 3465 466 382

1761 521 2020 609 APater,
2063 525 2121 577 et
2179 520 2415 577 directas
2458 519 2519 589 in
2563 519 2761 593 spiritu
2817 522 2917 576 tuo
2955 517 3282 585 oblationes,
3309 515 3470 589 quasi

1843 614 2075 669 odorem
2101 613 2316 669 incensi
2343 612 2650 685 ﬂagrantis,
2680 613 2934 668 adsume.
2962 612 3069 666 Per
3092 612 3253 666 Dom.
3362 618 3371 633 '

2396 714 2718 765 Contestatio
2750 726 2909 764 nunc.

1915 811 2163 883 Dignum
2192 816 2247 866 et
2269 812 2495 882 justum
2520 814 2605 866 est
2629 810 2731 865 tibi
2770 808 3115 865 sanctiﬁcare
3156 806 3462 878 jejunium,

1841 905 1991 975 quod
2031 921 2137 959 nos
2170 904 2239 959 ad
2284 904 2605 959 animarum
2652 902 2931 959 medelam
2963 906 3019 956 et
3043 901 3465 972 castigationem

1841 1012 2142 1067 corporum
2191 1011 2413 1051 servare
2446 995 2681 1051 docuisti
2713 1011 2726 1049 :
2767 994 2899 1066 quia
2917 992 3184 1048 restrictis
3222 992 3464 1063 corpori-

1839 1088 1964 1156 bus,
1994 1087 2199 1141 animae
2219 1088 2583 1159 saginantur;
2605 1093 2661 1143 et
2685 1087 2744 1141 in
2769 1102 2881 1158 quo
2909 1086 3080 1141 homo
3105 1089 3300 1140 noster
3318 1089 3468 1139 exte-

1840 1180 1957 1234 rior
1998 1179 2291 1248 adteritur,
2336 1181 2604 1235 dilatatur
2639 1179 2895 1235 interior.
2942 1181 3218 1235 Memento
3252 1178 3462 1249 itaque,

1839 1272 2093 1341 Domine,
2126 1272 2185 1327 in
2211 1273 2318 1327 hoc
2336 1272 2557 1343 jejunio
2586 1272 2933 1327 miseration.

1914 1366 2140 1435 Reliqua
2168 1366 2382 1420 desunt.

609 522 858 574 Collectio
881 527 1001 589 post
1022 523 1252 574 nomina.

182 616 490 675 Recensitis
532 618 877 676 oﬂ'erentum
922 620 1267 691 nominibus,
1297 620 1527 677 accincti
1570 621 1741 677 absti-

124 712 310 768 nentiae
338 711 499 781 cibis,
537 717 596 768 et
623 713 822 769 devoto
850 713 995 785 pasti
1013 714 1254 785 jejunio,
1283 719 1539 786 petamus
1574 732 1609 769 a
1645 716 1747 770 Do-

125 806 265 861 mino
290 805 585 861 Salvatore
632 812 829 862 nostro
865 807 949 861 uti
980 807 1102 861 haec
1130 807 1414 862 adoranda
1455 808 1740 878 sacriﬁcia,

126 915 237 970 qua:
261 914 363 970 pro
388 899 689 969 spiritibus
711 900 1073 971 pausantium
1102 904 1158 954 et
1175 900 1380 955 nostris
1398 905 1745 955 nostrorum-

124 1008 219 1063 que
268 991 514 1062 peccatis
562 1009 700 1046 cura
738 992 963 1063 pietatis
999 992 1304 1062 offerimus,
1350 994 1493 1048 sicut
1536 1010 1744 1048 munus

125 1083 244 1139 Abel
261 1083 399 1154 justi
430 1083 542 1138 sui.
590 1126 604 1139 .
652 1126 665 1139 .
698 1085 1010 1153 benedicat,
1041 1090 1095 1140 et
1123 1086 1181 1140 in
1213 1103 1305 1141 no.
1351 1128 1364 1142 .
1413 1128 1426 1141 .
1458 1086 1617 1141 licata
1642 1103 1739 1141 cu-

127 1176 337 1231 stndiat.
365 1177 494 1231 Per.

676 1269 925 1320 Collectio
949 1269 1198 1334 sequitur.

190 1360 374 1436 378
402 1363 641 1435 Suscipe
688 1380 882 1435 preces
922 1363 1116 1436 populi
1154 1363 1257 1433 tui,
1311 1364 1741 1420 clementissime

189 1487 455 1541 Hactenus
501 1486 615 1542 tria
658 1487 893 1542 Missalia
937 1504 1066 1559 quae
1108 1504 1141 1541 a
1180 1487 1476 1542 Thomasio
1514 1488 1721 1558 publici
1749 1488 1896 1560 juris
1938 1489 2080 1543 facta
2126 1493 2275 1558 sunt,
2306 1489 2605 1544 retulimus
2640 1505 2929 1561 :quorum
2964 1487 3235 1560 primum,
3281 1487 3337 1543 id
3381 1491 3467 1543 est

129 1575 715 1646 Gothicogallicanum,
766 1576 959 1647 paucis
1004 1576 1270 1647 exceptis,
1314 1576 1605 1649 integrum
1660 1581 1763 1646 est,
1802 1594 1867 1632 ac
1900 1578 2133 1649 potioris
2187 1578 2489 1647 momenti;
2529 1578 2637 1632 alia
2670 1579 2782 1633 duo
2827 1577 3023 1633 mutila
3065 1581 3213 1632 sunt.
3252 1577 3464 1631 Horum

132 1664 368 1719 omnium
411 1665 853 1737 capitulationes
882 1664 1164 1720 habentur
1188 1665 1346 1720 initio
1389 1666 1560 1738 hujus
1603 1666 1809 1737 operis.
1857 1668 2023 1721 Notas
2048 1667 2365 1722 numericas
2409 1667 2468 1721 in
2498 1667 2679 1738 capite
2708 1667 3063 1739 singulorum
3095 1666 3464 1721 articulorum

129 1752 496 1825 supplevimus
614 1755 861 1809 secundo
886 1757 943 1809 et
971 1755 1136 1810 tertio
1164 1753 1367 1810 Missali
1398 1754 1547 1826 (nam
1576 1755 1635 1809 in
1659 1755 1844 1827 primo
1869 1756 2162 1827 adscripta:
2189 1761 2351 1811 erant
2369 1756 2429 1810 in
2454 1756 2651 1811 Codice
2688 1757 2814 1826 ms.)
2864 1773 2966 1828 pro
3011 1755 3306 1810 commodo
3347 1754 3458 1808 lec-

132 1845 318 1897 torum.
346 1843 716 1899 Probationes
764 1845 1037 1916 quasdam
1065 1844 1342 1900 coronidis
1379 1846 1502 1900 loco
1541 1845 1868 1917 adjiciemus
1908 1846 1979 1901 ad
2016 1847 2222 1902 calcem
2265 1846 2471 1917 operis,
2505 1846 2563 1901 id
2603 1851 2687 1901 est
2723 1851 2909 1901 vetera
2953 1845 3215 1917 quaedam
3253 1859 3459 1897 monu-

131 1936 298 1985 menta
325 1933 395 1986 ad
418 1932 824 1987 illustrandam
851 1938 975 1988 tum
1005 1933 1315 2005 Liturgiam
1340 1935 1701 2005 Gallicanam,
1733 1941 1856 1990 tum
1882 1940 2209 2006 sequentem
2234 1935 2708 2006 Disquisitionem.
2734 1934 2959 1989 Utinam
2992 1933 3098 1987 hoc
3135 1949 3275 2004 opus
3300 1932 3464 1986 cedat

132 2018 181 2073 in
207 2020 295 2074 Dei
323 2020 596 2092 gloriam,
621 2027 678 2077 et
694 2022 753 2077 in
779 2022 1082 2079 utilitatem
1108 2023 1363 2079 Ecclesiae
1394 2024 1703 2092 catholica»,
1733 2023 1792 2079 in
1818 2023 2017 2095 primis
2036 2023 2328 2078 Gallicanae
2354 2024 2367 2078 l
2388 2023 2595 2079 Saltem
2625 2023 2669 2077 is
2694 2027 2778 2079 est
2801 2038 2999 2095 scopus
3024 2020 3227 2093 operis,
3244 2019 3462 2075 utinam

133 2113 177 2162 et
199 2108 402 2163 fructus
417 2110 432 2163 l

1388 2200 1530 2241 FINIS
1568 2200 1828 2240 ιιτυιιρωε
1863 2199 2196 2240 σΑιιιοΑΝι.

625 2491 790 2648 DE
865 2423 1287 2652 suasu
1379 2488 2093 2734 (ιω
2183 2486 2957 2683 msousmo.

198 2829 377 2905 3‘79
402 2836 452 2887 t.
472 2833 605 2888 Post
626 2832 1060 2888 commentarios
1077 2833 1145 2888 de
1163 2830 1415 2905 Liturgia
1442 2833 1737 2899 Gallicana,
1761 2845 1817 2917 B
1840 2829 2055 2884 fuisset.
2093 2829 2203 2884 Sed
2244 2828 2521 2901 quisquis,
2552 2827 2802 2900 qualisve
2846 2828 2920 2882 sit
2956 2830 3169 2894 auctor,
3203 2841 3268 2880 eo
3296 2822 3460 2879 nobis

137 2925 439 2993 proximum
465 2931 552 2981 est
594 2931 663 2980 ut
690 2926 760 2981 de
798 2926 1004 2981 divinis
1033 2926 1229 2981 ofﬁciis
1256 2944 1382 2999 quae
1412 2928 1471 2981 in
1499 2926 1740 2981 Ecclesia
1839 2927 2117 2982 utendum
2144 2931 2247 2993 est,
2280 2926 2505 2997 quando
2534 2926 2732 2980 saltem
2762 2924 2886 2996 ejus
2919 2922 3222 2994 antiquitas
3247 2938 3316 2976 ex
3342 2921 3463 2993 ipsa

138 3017 395 3074 Gallicana
410 3019 534 3089 jam
560 3019 697 3074 inde
726 3036 759 3073 a
782 3019 982 3090 primis
1000 3020 1348 3090 temporibus
1374 3020 1740 3075 obtinuerunt

138 3108 353 3166 breviter
373 3112 741 3167 disseramus.
772 3113 962 3183 Neque
986 3128 1118 3167 vero
1144 3112 1199 3167 id
1218 3114 1393 3168 suasit
1417 3114 1739 3184 argumenti

138 3203 282 3258 modo
312 3203 579 3273 afﬁnitas,
622 3205 720 3260 sed
757 3204 927 3260 etiam
966 3205 1300 3260 Lectionarii
1339 3206 1602 3261 Gallicani
1641 3223 1735 3260 oc-

138 3296 281 3363 casio,
320 3298 377 3351 in
413 3314 527 3369 quo
572 3298 852 3354 nonnulla
887 3315 1016 3370 qum
1055 3299 1125 3353 ad
1159 3298 1340 3353 officia
1374 3300 1739 3356 ecclesiastica

138 3385 395 3454 pertinent
421 3388 773 3442 referuntur.
801 3389 950 3442 Hanc
966 3391 1157 3442 autem
1184 3388 1635 3459 Disquisitionem
1657 3390 1741 3444 in-

140 3486 405 3540 scribimus
447 3489 521 3541 De
559 3501 727 3540 cursu
780 3487 1093 3550 Gallicana;
1134 3502 1248 3557 quo
1296 3487 1526 3541 nomine
1573 3492 1742 3542 statas

137 3573 367 3629 Ecclesiae
396 3591 612 3647 preces,
642 3590 773 3645 qua:
804 3575 908 3629 sub
935 3574 1201 3628 Breviarii
1226 3575 1452 3629 nomine
1479 3592 1582 3645 per
1621 3576 1737 3630 sin-

142 3667 280 3735 gulos
304 3668 417 3723 dies
439 3667 670 3723 decurri
694 3684 759 3721 ac
792 3667 1017 3722 recitari
1042 3666 1267 3733 debent,
1300 3667 1539 3737 majores
1564 3669 1740 3723 nostri

140 3759 363 3815 solebant
384 3761 730 3833 significare.
761 3759 898 3814 Hinc
925 3759 1230 3831 Gregorius
1278 3761 1613 3815 Turonensis
1635 3778 1738 3816 an-

140 3857 274 3911 tistes
306 3859 512 3915 librum
548 3876 579 3915 e
616 3860 737 3914 suis
771 3875 950 3914 unum
989 3863 1063 3914 De
1095 3860 1337 3914 cursibus
1379 3863 1742 3917 ecclesiasticis

142 3952 435 4025 inscripsit:
463 3955 562 4027 qui
590 3954 739 4009 liber
766 3954 812 4008 si
837 3953 907 4009 ad
930 3968 1035 4008 nos
1061 3970 1239 4026 usque
1265 3955 1626 4025 pervenisset,
1653 3957 1738 4013 fa-

141 4050 239 4104 cilis
266 4058 318 4107 et
339 4054 741 4125 compendiosa
769 4057 915 4108 esset
952 4054 1075 4107 haec
1110 4054 1179 4109 de
1216 4054 1507 4108 Gallicanis
1542 4054 1739 4110 officiis

142 4148 535 4203 commentatio.
586 4147 694 4203 Sed
730 4140 999 4218 quoniam
1040 4146 1099 4200 in
1141 4146 1389 4201 tenebris
1444 4147 1507 4215 (si
1550 4152 1739 4203 tamen

142 4237 335 4307 uspiam
363 4240 462 4311 est)
489 4202 771 4295 hactenus
794 4239 1069 4294 delitescit
1094 4239 1409 4294 curandum
1447 4202 1623 4311 ‘porro
1760 4202 1814 4275 Ο

142 4334 196 4383 ut
227 4345 288 4385 ex
323 4332 462 4403 aliis,
513 4349 628 4404 qua
672 4332 793 4387 fieri
836 4332 1061 4403 poterit,
1104 4333 1484 4387 monumentis
1534 4334 1740 4389 horum

143 4416 429 4475 officiorum
455 4422 716 4476 notitiam
743 4437 1027 4475 eruamus.
1058 4421 1158 4476 Ubi
1184 4421 1244 4475 in
1282 4421 1404 4492 ipso
1436 4421 1630 4477 limine
1656 4423 1737 4477 le-

143 4509 326 4561 ctorem
346 4525 645 4565 monemus
673 4526 780 4564 nos
807 4509 900 4563 hic
926 4526 1041 4563 non
1068 4514 1184 4563 tam
1209 4510 1277 4564 de
1306 4510 1736 4582 monachorum,

146 4591 312 4668 380
335 4614 504 4668 quam
545 4599 617 4653 de
660 4597 997 4652 clericorum
1024 4597 1220 4652 officiis
1246 4604 1489 4668 acturos,
1518 4600 1739 4655 tametsi

144 4694 375 4749 monachi
397 4696 593 4751 multis
620 4695 679 4750 in
698 4696 836 4751 locis
864 4710 1037 4750 sacrae
1062 4695 1388 4767 psalmodiae
1414 4697 1739 4768 exemplum

143 4785 498 4851 prtebuerunt.

878 4884 981 4955 δι.

145 4993 375 5077 Quadam
390 5001 907 5077 pramittuntur_de
948 4999 1254 5077 divinorum
1297 5002 1597 5077 officiorum
1637 5004 1741 5055 ori-

204 5071 345 5141 gine,
366 5086 673 5139 progressu,
716 5076 768 5126 et
808 5073 1136 5125 incremento
1168 5071 1320 5141 apud
1352 5073 1650 5128 Orientales
1689 5078 1743 5127 et

204 5136 566 5197 Occidentales.

204 5253 251 5304 2.
278 5255 450 5325 Atque
486 5260 552 5310 ut
589 5256 739 5311 clara
777 5260 834 5311 et
866 5255 1012 5311 facili
1049 5256 1267 5310 ratione
1309 5257 1573 5327 procedat
1616 5257 1739 5311 haec

149 5340 450 5416 disquisitio,
488 5366 522 5403 a
577 5349 745 5403 variis
799 5349 1122 5404 divinorum
1173 5348 1493 5403 ofﬁciorum
1533 5349 1736 5419 modis,

150 5431 232 5499 qui
252 5437 361 5490 tam
393 5436 453 5491 in
492 5438 724 5493 Oriente
750 5453 924 5509 quam
948 5438 1009 5493 in
1040 5437 1336 5493 Occidente
1360 5454 1394 5491 a
1417 5438 1739 5509 primordiis

152 5520 363 5583 instituti
406 5535 557 5598 sunt,
615 5530 908 5585 exordium
966 5531 1247 5585 ducimus.
1298 5531 1365 5584 Et
1412 5531 1645 5601 quidem
1693 5531 1738 5587 si

150 5623 396 5676 constaret
418 5623 486 5678 de
521 5624 756 5678 nomine
790 5628 846 5678 et
880 5622 1208 5679 auctoritate
1252 5623 1400 5678 illius
1431 5622 1737 5694 scriptoris,

152 5710 289 5779 cujus
327 5714 393 5768 de
429 5732 659 5770 cursum
702 5716 1200 5771 ecclesiastidorum
1256 5716 1475 5788 origine
1514 5716 1741 5772 libellus

151 5804 277 5869 apud
301 5805 702 5876 Spelmannum
732 5807 989 5878 vulgatus
1032 5813 1133 5877 est,
1162 5808 1419 5879 expedita
1448 5811 1593 5862 esset
1632 5809 1738 5863 hoc

1840 3024 2044 3078 codicis
2078 3026 2351 3079 vetustate
2386 3023 2803 3094 comprobatur.
2845 3022 3163 3093 Suspicatus
3194 3037 3320 3075 sum
3354 3019 3458 3073 ali-

1839 3118 2084 3188 quando,
2114 3116 2267 3171 hunc
2294 3132 2412 3171 esse
2448 3115 2757 3187 ipsummet
2784 3114 3036 3186 Gregorii
3056 3114 3231 3169 nostri
3251 3112 3461 3167 librum

1839 3210 1908 3263 de
1931 3209 2185 3263 cursibus
2214 3208 2632 3277 ecclesiasticis;
2664 3208 2760 3263 sed
2787 3208 3147 3278 postmodum
3176 3206 3339 3260 aliter
3374 3204 3459 3259 vi-

1839 3318 1966 3355 sum
1998 3306 2101 3369 est,
2131 3307 2255 3356 tum
2285 3301 2418 3372 quia
2459 3301 2528 3355 de
2572 3317 2740 3355 cursu
2778 3300 2955 3355 sancti
2978 3298 3328 3367 Columbani,
3364 3296 3463 3369 qui

1840 3395 2068 3449 vixdum
2093 3394 2361 3465 Gregorio
2391 3393 2612 3447 vivente
2643 3393 2933 3447 institutus
2958 3398 3096 3461 erat,
3146 3395 3205 3446 et
3239 3392 3308 3445 de
3343 3391 3465 3461 ejus

1838 3490 2007 3558 atque
2035 3487 2211 3541 sancti
2233 3485 2469 3540 Eustasii
2493 3485 2710 3540 abbatis
2737 3485 2883 3539 Actis
2909 3489 3036 3556 post
3060 3483 3313 3555 Gregorii
3337 3482 3459 3537 obi-

1840 3585 1964 3633 tum
1991 3578 2213 3650 scriptis
2239 3578 2587 3633 mentionem
2612 3578 2743 3632 facit
2768 3594 2784 3645 ;
2808 3581 2931 3632 tum
2960 3578 3091 3648 quia
3118 3576 3308 3647 potius
3341 3573 3461 3629 Bri-

1838 3677 2027 3727 tonem
2051 3676 2148 3725 aut
2173 3672 2402 3726 Scotum
2429 3670 2601 3725 refert
2624 3670 2800 3740 stylus
2819 3670 2941 3740 ejus
2966 3674 3021 3723 et
3050 3668 3246 3723 oratio.

1910 3768 1962 3820 3.
1991 3764 2247 3835 Quinque
2287 3768 2479 3818 autem
2522 3777 2790 3817 cursuum
2824 3761 3322 3817 ecclesiasticorum
3368 3776 3460 3831 ge-

1839 3873 1975 3913 nera
1999 3857 2351 3927 totidemque
2377 3871 2578 3911 eorum
2603 3860 2859 3910 auctores
2885 3854 3179 3926 distinguit
3200 3853 3294 3909 ille
3321 3869 3459 3908 ano-

1838 3966 2062 4022 nymus.
2094 3949 2347 4004 Primum
2385 3947 2687 4003 Asiaticum
2732 3947 3014 4019 appellare
3050 3947 3200 4016 licet,
3228 3962 3401 4018 quem
3428 3961 3464 4000 a

1838 4047 2028 4097 sancto
2064 4045 2276 4097 Joanne
2317 4041 2676 4113 evangelista,
2718 4041 2953 4112 ejusque
2991 4040 3263 4111 discipulo
3299 4040 3462 4111 Poly-

1837 4152 2004 4206 carpo
2024 4136 2429 4206 Smyrneornm
2460 4135 2647 4206 primo
2673 4134 2931 4204 episcopo
2960 4132 3282 4188 institutum
3306 4132 3462 4200 dicit;

1840 4244 1903 4282 ac
1950 4226 2152 4282 deinde
2192 4243 2294 4298 per
2340 4226 2717 4299 Trophimum
2759 4225 3162 4293 Arelatensem,
3202 4229 3325 4279 tum
3362 4239 3465 4295 per

1842 4320 2143 4375 Photinum
2166 4325 2223 4375 et
2243 4318 2425 4392 381
2460 4321 2736 4375 Irenaeum
2756 4318 3161 4390 Lugdunenses
3180 4317 3465 4388 episcopos

1842 4413 1898 4466 in
1915 4412 2113 4477 Gallias
2143 4416 2543 4484 prapagatum.
2567 4413 2821 4467 Alterum
2841 4427 2976 4465 voco
2996 4410 3460 4480 Alexandrinum,

1840 4511 2068 4560 auctore
2105 4507 2285 4560 Marco
2320 4504 2659 4575 evangelista
2687 4519 2700 4556 :
2729 4503 2828 4575 qui
2865 4518 3062 4556 cursus
3087 4502 3146 4555 in
3180 4506 3462 4556 monaste-

1841 4597 1939 4652 riis
1992 4598 2277 4652 Lerinensi
2314 4600 2371 4652 et
2421 4595 2744 4651 Massiliensi
2778 4574 3035 4651 [Cassiani
3083 4598 3341 4665 receptus
3371 4594 3461 4659 sit,

1838 4696 2006 4761 atque
2033 4690 2164 4745 inde
2191 4706 2291 4761 per
2317 4694 2533 4743 sanctos
2557 4689 2900 4743 Germanum
2921 4686 3464 4743 Antissiodorensem

1841 4790 1896 4838 et
1920 4782 2144 4854 Lupum’
2186 4782 2560 4837 Tricassinum
2589 4781 2864 4836 antistites
2888 4780 2947 4834 in
2973 4779 3233 4847 Scotiam,
3262 4784 3317 4834 et
3362 4796 3467 4850 per

1838 4876 2137 4931 Caesarium
2160 4876 2220 4930 in
2246 4876 2630 4931 Arelatensem
2658 4874 2959 4929 Ecclesiam
2987 4872 3265 4938 inductus,
3289 4888 3461 4943 quem

1840 4971 2069 5025 demum
2091 4970 2474 5024 Columbanus
2501 4969 2651 5039 apud
2666 4966 2982 5022 Luxovium
3008 4964 3318 5020 admiserit.
3335 4966 3467 5019 Ter-

1838 5063 1948 5117 tius
1977 5078 2172 5118 cursus
2198 5061 2481 5117 orientalis
2507 5080 2535 5113 α
2562 5078 2595 5114 a
2621 5065 2813 5115 sancto
2839 5058 3159 5114 Chromatio
3185 5062 3242 5113 et
3272 5058 3460 5113 Helio-

1838 5157 1994 5224 doro,
2022 5160 2079 5210 et
2104 5154 2267 5209 beato
2283 5154 2532 5222 Paulino,
2554 5169 2654 5208 seu
2672 5158 2729 5207 et
2753 5150 3050 5207 Athanasio
3075 5150 3332 5222 episcopo
3352 5151 3468 5206 edi-

1838 5254 1948 5317 tus,
1970 5248 2066 5319 qui
2080 5248 2138 5302 in
2149 5247 2436 5301 Gallorum
2450 5245 2855 5301 consuetudine
2880 5260 2994 5299 non
3005 5244 3267 5313 habetur;
3291 5260 3463 5315 quem

1838 5346 2058 5395 sanctus
2081 5340 2346 5396 Macarius
2386 5338 2734 5407 decantavit;
2773 5339 2880 5394 hoc
2917 5343 3001 5393 est
3035 5350 3144 5410 per
3178 5338 3463 5420 duodenas

1838 5434 2027 5501 horas,
2053 5452 2080 5485 n
2112 5448 2315 5504 nempe
2347 5454 2374 5482 ‹‹
2401 5447 2741 5504 unaquaque
2767 5433 2930 5487 hora.
2960 5451 2988 5480 η
3010 5432 3251 5496 Quartus
3268 5446 3464 5486 cursus

1838 5527 2234 5582 Ambrosianus
2277 5525 2385 5581 dici
2423 5530 2626 5598 potest,
2657 5541 2757 5580 seu
2797 5524 3243 5593 Mediolanensis,
3288 5538 3460 5595 quem

1845 5641 1872 5669 ‹‹
1902 5620 2098 5675 beatus
2136 5619 2459 5675 Ambrosius
2499 5622 2729 5690 propter
2751 5618 3149 5672 haereticorum
3194 5616 3458 5672 Ordinem

1838 5712 2169 5772 dissimilem
2206 5712 2542 5785 composuit,
2572 5732 2600 5761 ι)
2629 5711 2940 5782 etquidem
2961 5711 3136 5765 alium
3161 5722 3329 5779 quam
3359 5704 3460 5774 qui

1841 5830 1867 5856 ‹‹
1896 5807 1954 5862 in
1988 5806 2141 5861 Italia
2179 5810 2343 5861 antea
2371 5804 2791 5861 decantabatur.
2825 5824 2851 5852 ››
2886 5804 2960 5857 Ex
2994 5817 3105 5872 quo
3134 5794 3450 5852 Bellarmini

152 5891 207 5945 dc
231 5905 547 5969 argumento
575 5900 875 5971 sententia,
894 5902 1060 5957 modo
1083 5905 1145 5955 ut
1170 5901 1356 5957 sanior
1387 5906 1443 5958 et
1464 5901 1737 5974 integrior
1834 5900 2102 5957 sententia
2127 5896 2509 5968 conﬁrmatur,
2541 5895 2836 5952 asserentis
2859 5896 3050 5949 contra
3074 5884 3446 5963 quorumdam
