3970 6410
441 385 543 445 383
1225 383 1559 440 APPENDIX
1596 381 1682 438 AD
1719 379 1940 436 OPERA
1977 374 2209 432 SANCTI
2245 372 2544 430 GERMANI
2581 369 3006 428 PABJSIENSIS.
3724 353 3844 414 384

445 495 688 554 aliorum
755 490 1154 566 opinationem,
1204 489 1568 546 Ambrosium
1621 485 1951 560 psalmodiae
1999 483 2061 540 in
2082 485 2250 570 Atus
2279 479 2562 553 originem
2602 477 2839 550 lgnatio,
2867 475 3034 533 tertio
3061 477 3189 548 post
3221 473 3459 530 Petrum
3494 465 3850 526 Antiochiae

445 561 876 646 occidentalibus
923 583 1178 641 Ecclesiis
1228 583 1482 655 primum
1523 582 1906 638 institutorem
1944 595 2060 634 non
2082 561 2221 629 “in
2247 573 2404 646 Syria
2447 573 2727 644 episcopo,
2769 569 2971 626 tribuit
2997 568 3058 624 in
3100 567 3200 623 lib.
3231 583 3310 637 vi,
3356 581 3485 637 cap.
3527 567 3586 620 8.
3620 561 3851 620 Scribit

442 681 631 750 fuisse,
677 679 830 751 quod
869 694 938 733 ex
980 677 1282 750 Augustini
1315 675 1768 732 Confessionibus
1797 674 1881 728 illi
1904 672 2059 728 colli-
2162 667 2372 740 quippe
2403 665 2732 736 «Ignatium
2757 663 2956 718 vidisse
2982 661 3290 734 aliquando
3319 659 3565 731 angelos
3591 655 3851 728 hymnis

445 750 822 844 gebanttsed
858 771 919 826 in
955 775 1180 826 tantum
1217 786 1460 839 curasse,
1499 773 1565 824 ut
1599 767 1909 824 secundum
1938 782 2060 821 mo-
2162 759 2484 816 alternatim
2509 757 2816 814 decantatis
2867 761 3118 811 sanctam
3143 753 3486 810 Trinitatem
3533 750 3854 807 celebran-

442 882 567 922 rem
588 867 820 920 Patrum
859 863 1219 919 orientalium
1255 862 1456 935 psalmi
1482 865 1651 932 atque
1676 860 1877 932 hymni
1901 877 1934 914 a
1959 875 2062 930 po-
2163 860 2279 924 tes;
2307 853 2554 925 indeque
2581 850 2818 906 canendi
2845 849 3146 916 rationem,
3171 863 3356 920 quam
3381 847 3446 902 in
3471 845 3579 901 illa
3606 844 3848 900 visione

440 959 578 1032 pulo
605 959 777 1015 etiam
803 962 1156 1026 canerentur,
1179 973 1308 1010 cum
1334 959 1496 1010 antea
1521 971 1552 1009 a
1575 953 1812 1026 singulis
1829 953 2062 1024 singuli,
2165 947 2658 1014 animadverterat,
2713 943 2958 999 ecclesiae
3035 940 3405 998 Antiochensi
3481 937 3807 993 tradidisse
3830 953 3850 1005 ;

443 1053 532 1108 vel
560 1055 710 1108 certe
733 1069 766 1106 a
791 1051 920 1106 solis
943 1049 1158 1106 clericis
1182 1049 1332 1122 apud
1359 1047 1521 1103 Italos
1545 1047 1766 1103 recitati
1801 1045 2062 1102 fuissent.
2165 1041 2314 1097 unde
2339 1041 2444 1095 ista
2469 1037 2696 1094 traditio
2723 1037 2796 1092 ad
2824 1052 3024 1092 omnes
3040 1039 3240 1108 postea
3264 1033 3551 1088 Ecclesias
3570 1046 3857 1103 permea-

444 1147 683 1215 Quintus
705 1144 947 1217 denique
975 1159 1172 1198 cursus
1213 1147 1297 1197 est
1337 1141 1518 1196 sancti
1553 1139 1858 1210 Benedicti,
1894 1155 2066 1210 quem
2164 1135 2328 1191 verit.
2353 1155 2380 1183 »
2439 1133 2591 1188 Idem
2631 1136 2828 1186 auctor
2867 1130 3069 1186 eodem
3116 1128 3178 1183 in
3230 1129 3354 1183 loco
3408 1127 3859 1181 commemorat

441 1256 476 1294 a
499 1255 666 1294 cursu
693 1239 945 1294 Romano
975 1253 1177 1308 parum
1201 1235 1542 1306 discrepasse
1566 1233 1740 1289 tradit
1765 1231 2068 1288 vetustissi—
2166 1229 2317 1284 hunc
2342 1227 2518 1282 ritum
2542 1243 2575 1280 a
2601 1230 2790 1280 sancto
2817 1226 3030 1279 Joanne
3061 1223 3466 1293 Chrysostomo
3509 1217 3856 1276 Constanti-

445 1348 574 1388 mus
597 1331 691 1386 ille
719 1331 974 1402 scriptor,
999 1329 1158 1400 cujus
1181 1329 1434 1384 libellum
1473 1327 1844 1400 Spelmannus
1893 1324 2070 1381 edidit
2166 1320 2360 1393 nopoli
2385 1319 2558 1374 fuisse
2583 1318 2905 1372 institutum
2939 1332 3008 1371 ex
3038 1315 3402 1370 aemulatione
3450 1313 3851 1379 Arianorum,

442 1425 504 1482 in
528 1429 682 1482 tomo
705 1425 726 1479 Ι
751 1423 969 1496 Anglia;
1009 1422 1402 1490 Conciliorum,
1435 1437 1566 1493 pag.
1607 1423 1726 1475 176.
1763 1419 1880 1488 Hic,
1911 1417 2066 1490 quis-
2171 1414 2314 1486 «qui
2341 1412 2580 1484 singulis
2599 1409 2988 1478 hebdomadis,
3021 1407 3245 1480 quoties
3285 1407 3417 1463 festi
3461 1407 3590 1462 dies
3645 1421 3856 1459 occur-

441 1519 570 1594 quis
594 1519 687 1574 ille
715 1520 817 1587 est,
845 1533 1042 1572 cursus
1077 1515 1442 1571 ecclesisticos
1479 1530 1609 1568 cum
1649 1512 1902 1583 Liturgia
1933 1527 2066 1566 con-
2169 1507 2384 1572 rebant,
2425 1505 2483 1560 id
2515 1508 2598 1559 est
2638 1503 2880 1558 Sabbato
2924 1519 2987 1556 ac
3027 1501 3122 1556 die
3167 1499 3486 1566 Dominico,
3531 1499 3601 1554 in
3650 1513 3854 1552 unum

443 1613 681 1669 fundere
705 1611 946 1666 videtur.
975 1611 1116 1664 Nam
1145 1625 1320 1680 agens
1345 1609 1415 1663 de
1459 1622 1628 1660 cursu
1669 1621 1773 1676 per
1813 1607 2072 1659 sanctum
2171 1598 2517 1671 congregati,
2539 1597 2780 1668 hymnos
2805 1599 2936 1667 apte
2961 1594 3030 1650 ad
3061 1610 3224 1648 suam
3251 1593 3528 1648 haeresim
3551 1589 3856 1662 composi-

445 1707 694 1763 Marcum
737 1703 1013 1771 instituto,
1045 1703 1125 1757 ita
1161 1701 1327 1756 illum
1362 1699 1644 1768 describit,
1671 1703 1738 1753 ut
1767 1699 2067 1766 «Sanctus,
2169 1699 2278 1761 tos,
2296 1689 2621 1747 alternatim
2641 1689 2746 1744 sibi
2775 1687 3181 1759 respondentes
3201 1686 3502 1756 canebant,
3530 1683 3858 1740 nocturnis

443 1800 532 1854 vel
557 1801 742 1858 Gloria
765 1801 824 1853 in
867 1797 1106 1860 emcelsis,
1133 1795 1220 1851 vel
1257 1793 1574 1849 orationem
1618 1790 1989 1859 Dominicam,
2017 1793 2074 1845 et
2173 1785 2380 1840 scilicet
2415 1801 2479 1838 ac
2520 1781 2814 1838 matutinis
2857 1781 3029 1836 horis.
3067 1801 3094 1830 ››
3141 1782 3302 1836 Hunc
3345 1795 3482 1834 vero
3539 1779 3858 1833 alternum

443 1894 646 1962 Amen,
691 1913 720 1942 »
759 1889 1031 1959 universi,
1077 1893 1195 1944 tam
1239 1887 1341 1944 viri
1383 1901 1556 1958 quam
1593 1884 1821 1940 feminas
1869 1883 2011 1939 deem

2289 1882 2404 1932 tum
2441 1877 2692 1949 Socrates
2733 1872 3222 1946 antiphonarium,
3281 1879 3554 1944 ἀντίφωνον
3585 1877 3857 1942 ὑμνωδίαν

447 1990 656 2042 tarent.
2175 1971 2450 2044 appellat;
2477 1969 2630 2024 unde
2669 1967 3016 2040 antiphonas,
3060 1984 3190 2038 quae
3234 1965 3307 2021 ad
3345 1965 3642 2020 alternam
3694 1964 3860 2036 psal-

522 2075 716 2150 382
745 2077 798 2132 4.
831 2077 1036 2130 Verum
1059 2073 1228 2144 longe
1256 2072 1553 2142 diversam,
1581 2074 1638 2126 et
1655 2070 1888 2142 quidem
1912 2085 2074 2123 accu-
2179 2081 2406 2120 morum
2432 2067 2662 2118 cantum
2687 2060 3094 2132 praecinuntur,
3124 2075 3336 2114 nomen
3361 2058 3779 2114 retinuerunt.

450 2171 717 2225 ratiorem
744 2167 1069 2240 psalmodiae
1093 2165 1246 2236 apud
1270 2164 1581 2220 Orientales
1610 2164 1888 2219 rationem
1913 2161 2078 2217 nobis
2249 2162 2302 2212 7.
2338 2156 2611 2212 Henricus
2663 2153 2930 2223 Valesius,
2963 2153 3050 2208 vir
3093 2153 3188 2222 cl.,
3233 2152 3294 2207 in
3348 2151 3740 2206 annotatione
3784 2151 3857 2206 ad

449 2262 719 2318 exhibent
769 2261 1082 2330 Cassianus,
1129 2259 1380 2314 Socrates
1427 2262 1484 2313 et
1521 2257 1912 2312 Theodoritus.
1943 2257 2076 2310 Cas-
2178 2249 2330 2304 hunc
2355 2249 2424 2304 de
2453 2247 2672 2320 lgnatio
2697 2247 2906 2316 locum,
2937 2245 3018 2300 ait
3041 2261 3098 2300 se
3125 2244 3345 2300 nescire
3366 2245 3522 2299 unde
3545 2245 3684 2298 haec
3708 2245 3860 2300 hau-

453 2356 640 2411 sianus
673 2355 905 2426 quippe,
957 2353 1174 2408 omissis
1211 2351 1376 2406 variis
1412 2351 1582 2422 typis,
1611 2367 1752 2421 quos
1785 2366 1886 2420 pro
1923 2349 2078 2404 loco-
2179 2342 2312 2397 serit
2355 2342 2626 2398 Socrates.
2657 2339 2939 2394 «Constat
2979 2338 3154 2406 enim,
3191 2337 3398 2410 inquit,
3443 2337 3678 2409 primos
3732 2354 3862 2393 om-

451 2465 580 2504 rum
605 2448 870 2503 varietate
907 2446 1203 2502 dissimiles
1239 2445 1411 2501 fuisse
1458 2443 1614 2513 dicit,
1643 2443 1754 2498 duo
1793 2443 2081 2514 praecipua
2179 2435 2340 2490 nium
2358 2434 2684 2490 Flavianum
2713 2450 2777 2488 ac
2803 2431 3134 2501 Diodorum,
3163 2436 3441 2505 regnante
3473 2431 3852 2500 Constantio,

448 2541 781 2614 psalmodiis
805 2541 954 2612 apud
981 2539 1281 2594 orientales
1304 2537 1616 2592 monachos
1647 2553 1856 2608 genera
1879 2535 2084 2590 descri-
2179 2527 2542 2600 psallentium
2569 2527 2769 2582 choros
2797 2525 3109 2580 Antiochiae
3159 2523 3423 2579 bifariam
3457 2523 3762 2593 divisisse,
3807 2530 3863 2580 et

451 2635 534 2691 bit
559 2652 574 2690 :
605 2651 788 2690 unum
812 2650 1009 2690 eorum
1039 2633 1138 2705 qui
1163 2633 1221 2688 in
1246 2633 1484 2703 [Egypto
1520 2635 1576 2685 et
1611 2628 1912 2698 Thebaide,
1939 2629 2078 2684 alte-
2181 2623 2427 2693 psalmos
2446 2619 2731 2674 Davidicos
2978 2617 3211 2672 alternis
3238 2617 3528 2672 canendos
3559 2617 3648 2672 eis
3675 2619 3864 2674 tradi-

453 2745 583 2784 rum
607 2745 805 2783 eorum
834 2727 933 2798 qui
968 2727 1027 2780 in
1053 2724 1348 2780 Palaestina
1373 2729 1430 2778 et
1455 2723 1517 2778 in
1541 2721 1936 2793 Mesopotamia
1964 2737 2083 2776 ver-
2183 2715 2328 2770 disse
2351 2733 2368 2783 ;
2421 2728 2661 2784 eamque
2703 2728 2826 2767 rem
2866 2711 3118 2783 primum
3159 2711 3454 2766 Antiochea
3483 2710 3858 2782 institutam,

455 2821 741 2877 sabantur.
771 2821 865 2875 His
881 2820 1100 2876 duobus
1119 2822 1378 2874 accurate
1403 2815 1749 2889 exponendis
1771 2815 2082 2870 secundum
2179 2811 2374 2880 postea
2401 2807 2473 2862 ad
2497 2806 2742 2877 reliquas
2771 2805 2940 2860 totius
2959 2804 3110 2859 orbis
3131 2804 3393 2859 ecclesias
3421 2804 3792 2876 dimanasse,
3829 2828 3858 2855 ››

453 2933 516 2970 ac
545 2914 772 2970 tertium
800 2913 1187 2969 institutorum
1209 2913 1379 2966 libros
1396 2909 1653 2966 insumit.
2185 2903 2422 2956 testante
2465 2899 2802 2955 'l‘heodorito
2846 2898 2906 2952 in
2944 2897 3044 2953 lib.
3083 2915 3126 2952 ll
3169 2897 3455 2967 Historias,
3496 2915 3633 2970 cap.
3665 2901 3772 2970 24,
3806 2903 3864 2954 et

524 3013 578 3064 5.
623 3007 1022 3079 Egyptiorum
1066 3010 1234 3077 typus
1273 3005 1336 3059 in
1368 3019 1592 3058 summa
1628 3002 1675 3057 is
1713 3006 1852 3056 erat.
1890 3001 2079 3056 Primo
2184 2997 2312 3049 ante
2338 2993 2500 3048 illum
2543 2993 2836 3047 Theodoro
2885 2993 3296 3062 Mopsuesteno.
3343 2993 3464 3045 Imo
3505 3008 3644 3046 eam
3689 2994 3859 3064 psal-

453 3101 672 3156 duabus
697 3105 920 3156 tantum
962 3099 1196 3154 vicibus,
1212 3099 1274 3152 in
1313 3097 1625 3152 oratorium
1661 3094 2080 3165 conveniebant,
2182 3087 2388 3142 mOdiaE
2405 3087 2649 3158 Speciem
2669 3085 2792 3156 jam
2817 3088 2946 3140 ante
2973 3085 3306 3140 Flavianum
3325 3089 3500 3157 atque
3520 3085 3860 3142 Diodorum

454 3194 673 3266 vesperi
716 3194 948 3262 scilicet,
977 3209 1042 3247 ac
1073 3191 1264 3247 media
1299 3194 1481 3260 nocte,
1511 3193 1567 3244 et
1601 3187 1838 3259 singulis
1871 3187 2084 3242 vicibus
2105 3226 2158 3299 C
2183 3197 2218 3235 ἃ
2245 3179 2396 3251 Syris
2419 3178 2592 3234 fuisse
2623 3182 2955 3250 usurpatam
2994 3177 3244 3234 ValeSillS
3283 3177 3510 3250 colligit
3549 3195 3629 3234 ex
3668 3180 3859 3236 Theo-

452 3289 702 3360 psalmos
727 3287 1013 3342 duodenos
1063 3284 1382 3353 cantabant,
1415 3283 1538 3338 aliis
1569 3281 1726 3336 horis
1753 3281 1996 3353 psalmos
2021 3281 2083 3336 in
2109 3280 2158 3299 υ
2183 3281 2308 3338 dori
2337 3280 2708 3353 Mopsuesteni
2729 3281 3077 3352 fragmento,
3111 3280 3268 3352 quod
3307 3280 3490 3336 refert
3523 3280 3769 3338 Nicetas
3795 3283 3855 3336 in

457 3380 673 3435 cellulis
717 3381 831 3434 suis
878 3379 1028 3434 inter
1063 3377 1435 3432 laborandum
1488 3375 1722 3431 recitare
1773 3374 1942 3430 soliti.
1983 3373 2080 3430 Se-
2181 3367 2468 3435 Thesauro
2495 3379 2826 3434 orthodoxae
2853 3378 3005 3448 ﬁdei,
3035 3379 3136 3434 lib.
3168 3395 3221 3447 v,
3266 3394 3394 3449 cap.
3419 3380 3514 3433 30.
3549 3379 3858 3451 Quidquid

456 3473 640 3528 cundo
665 3473 769 3529 hos
796 3472 1094 3528 duodecim
1121 3470 1364 3542 psalmos
1381 3487 1529 3524 unus
1553 3473 1775 3524 tantum
1792 3468 1964 3522 lector
1985 3471 2086 3522 aut
2183 3473 2255 3528 sit
2278 3473 2348 3527 de
2391 3477 2638 3542 auctore,
2683 3473 2968 3527 alternum
3002 3475 3234 3526 cantum
3267 3475 3534 3542 tempore
3582 3472 3858 3545 Gregorii

455 3571 668 3638 cantor,
701 3567 759 3624 id
787 3571 872 3624 est
913 3565 1123 3636 singuli
1162 3563 1435 3636 singulos,
1465 3563 1552 3618 Vel
1593 3578 1742 3617 unus
1778 3561 2084 3616 admodum
2183 3565 2509 3621 Nazianzeni
2535 3565 2594 3620 in
2624 3565 2981 3622 monasteriis
3009 3565 3310 3636 utriusque
3335 3580 3508 3619 sexus
3535 3565 3676 3636 jam
3705 3583 3858 3621 rece-

456 3667 512 3717 et
541 3661 682 3717 alter
704 3677 866 3716 senos
891 3659 950 3715 in
975 3659 1184 3726 medio,
1210 3657 1452 3712 fratrum
1477 3657 1843 3712 consistentes
1887 3655 2085 3709 decan-
2183 3660 2503 3732 ptissimum
2553 3659 2726 3714 fuisse
2772 3658 3142 3714 manifestum
3181 3662 3266 3712 est
3317 3673 3390 3712 ex
3435 3658 3704 3714 iambico
3731 3660 3856 3730 ejus

457 3755 674 3823 tabaht,
700 3753 915 3810 caeteris
953 3751 1276 3808 sedentibus
1311 3756 1369 3806 et
1406 3750 1658 3806 intentis.
1700 3747 1887 3804 Tertio
1933 3747 2082 3819 psal-
2184 3751 2432 3808 carmine
2462 3752 2531 3807 de
2555 3752 2784 3820 virtute,
2815 3752 2920 3807 sub
2948 3753 3145 3821 ﬁnem,
3173 3750 3346 3822 idque
3369 3751 3658 3807 omnibus
3683 3753 3858 3808 notis.

457 3865 598 3918 mos,
613 3847 929 3919 praesertim
944 3845 1248 3916 longiores,
1267 3860 1382 3898 non
1401 3843 1664 3897 continue
1682 3844 1739 3896 et
1755 3857 1864 3895 uno
1879 3844 2082 3909 tractu,
2185 3845 2394 3901 simum
2421 3862 2540 3901 esse
2570 3845 2723 3900 dicit.
2754 3847 2964 3900 Eorum
3004 3845 3246 3900 chorum
3284 3845 3629 3915 angelicum
3660 3850 3850 3912 vocat,

457 3941 552 3997 sed
581 3939 945 3996 meditatione
970 3942 1071 3992 aut
1096 3937 1253 3990 brevi
1278 3936 1532 3990 oratione
1557 3933 1888 4004 interposita
1941 3933 2084 3988 reci-
2189 3961 2217 3990 «
2249 3939 2346 4011 qui
2374 3955 2527 3994 nunc
2553 3937 2745 4008 simul,
2776 3955 2929 3994 nunc
2957 3937 3176 3993 vicibus
3201 3937 3437 3993 alternis
3465 3938 3654 3994 canit.
3689 3959 3720 3990 ι)

460 4033 684 4100 tabant;
712 4035 770 4086 et
792 4031 1033 4102 psalmos
1055 4029 1224 4100 ipsos,
1251 4045 1368 4082 non
1395 4026 1667 4082 versiculo
1698 4020 1883 4084 Gloria
1910 4028 2028 4081 Pata

1910 4028 2085 4088 Patri,
2433 4030 2708 4094 Σύμφωνον,
2732 4030 2989 4094 ἀντίφωνον
3023 4029 3238 4092 ἀγγέλων
3263 4028 3454 4078 στάσιν.

461 4127 554 4182 sed
607 4125 715 4180 alia
751 4123 907 4178 brevi
941 4123 1299 4194 precatione;
1345 4120 1745 4176 duodecimum
1778 4135 1909 4174 vero
1951 4135 2086 4175 voce
2189 4128 2378 4199 Itaque
2403 4125 2601 4181 saltem
2625 4125 2758 4181 inde
2783 4127 3020 4194 constat,
3048 4141 3167 4180 uno
3205 4127 3338 4180 ante
3361 4125 3720 4182 Cassianum
3751 4144 3858 4182 se-

460 4219 702 4276 Alleluia
749 4215 1178 4272 concludebant.
1223 4217 1430 4280 Quarto
1470 4213 1644 4268 finitis
1687 4213 1922 4285 psalmis
1959 4213 2087 4268 dua:
2186 4221 2312 4275 culo
2351 4220 2504 4274 hunc
2541 4218 2770 4273 alternis
2807 4217 3046 4274 canendi
3091 4217 3270 4272 ritum
3310 4217 3468 4288 apud
3523 4219 3859 4275 Orientales

457 4312 724 4367 lectiones
783 4308 1182 4377 recitabantur,
1245 4323 1357 4362 una
1402 4323 1471 4362 ex
1522 4306 1730 4376 Veteri,
1787 4306 1963 4362 altera
2017 4322 2088 4361 ex
2185 4313 2498 4382 inolevisse,
2528 4311 2627 4384 qui
2653 4311 2862 4366 sensim
2891 4311 3023 4366 inde
3048 4309 3300 4366 manavit
3324 4311 3396 4366 ad
3426 4311 3860 4369 Occidentales.

459 4407 612 4461 Novo
635 4405 1022 4469 Testamento;
1058 4401 1293 4457 Sabbato
1319 4418 1388 4456 ex
1416 4402 1588 4456 Novo.
1613 4399 1820 4464 Quinto
1853 4399 1940 4454 his
1964 4415 2088 4472 per—
2185 4407 2332 4478 Lege
2350 4404 2800 4461 eruditissimum
2827 4404 2889 4460 in
2915 4403 3014 4460 lib.
3047 4420 3065 4458 ι
3092 4403 3416 4476 Disciplinae
3445 4405 3856 4462 ecclesiasticae

457 4499 613 4569 actis,
636 4513 833 4554 omnes
860 4495 921 4552 in
951 4511 1136 4568 genua
1160 4494 1604 4566 procumbebant
1631 4509 1644 4548 :
1675 4498 1732 4549 et
1754 4496 1892 4548 tunc
1917 4492 2088 4548 abbas
2187 4515 2348 4570 capp.
2379 4499 2448 4554 34
2475 4503 2532 4553 et
2557 4500 2648 4553 35.

459 4611 556 4650 seu
579 4592 915 4666 praepositus
943 4591 1200 4647 omnium
1237 4590 1477 4646 fratrum
1511 4593 1638 4644 vota
1684 4604 1989 4660 precesque
2022 4587 2083 4642 in
2101 4595 2161 4667 ι)
2253 4594 2306 4647 8.
2328 4590 2570 4656 Quinam
2589 4588 2863 4661 psallendi
2891 4588 3094 4644 modus
3120 4589 3318 4644 Romae
3347 4605 3454 4660 per
3492 4605 3562 4644 ea
3591 4594 3862 4666 tempora

459 4704 642 4743 unum
673 4685 962 4755 colligens,
1004 4683 1228 4756 publica
1265 4683 1586 4756 precatione
1621 4682 1940 4752 (Collectam
1983 4697 2085 4752 ap-
2188 4689 2524 4754 servaretur,
2543 4699 2659 4738 non
2683 4681 2846 4737 facile
2872 4685 2958 4736 est
2985 4681 3245 4737 deﬁnire.
3276 4682 3335 4738 Si
3365 4686 3528 4738 certa
3557 4689 3622 4739 et
3655 4689 3860 4760 explo-

456 4777 748 4852 pellamus)
777 4777 1026 4832 ofﬁcium
1052 4777 1302 4834 ﬁniebat.
1333 4777 1503 4832 Sexto
1533 4775 1779 4848 denique
1799 4775 2008 4830 reversi
2029 4775 2089 4830 in
2189 4787 2311 4838 rata
2351 4785 2496 4837 esset
2531 4779 2738 4836 vetusti
2774 4779 2924 4834 illius
2970 4779 3123 4850 apud
3163 4780 3590 4850 Spelmannum
3615 4785 3867 4841 auctoris

459 4873 796 4940 03118331133»
827 4871 967 4926 hom
1004 4870 1194 4940 tertia,
1229 4875 1406 4938 591m»
1444 4873 1500 4924 et
1546 4885 1696 4924 nona
1722 4873 1912 4923 ternos
1949 4869 2092 4940 P331“
2191 4879 2490 4946 sententia,
2519 4893 2727 4950 nempe
2756 4876 2932 4932 sancti
2954 4877 3245 4932 Benedicti
3271 4893 3512 4934 cursum
3539 4897 3575 4934 a
3605 4883 3867 4939 Romano

459 4984 580 5023 mos
603 4967 752 5022 inter
771 4964 1123 5036 operandum
1150 4963 1563 5036 persolvebant,
1587 4961 1816 5033 privatis
1842 4962 1911 5017 de
1932 4963 2092 5018 caete-
2188 4985 2393 5042 parum
2422 4967 2791 5038 discrepasse,
2821 4965 2984 5020 obvia
3011 4971 3159 5020 esset
3186 4966 3254 5021 de
3276 4968 3543 5024 Romano
3569 4974 3870 5044 conjectu-

459 5078 524 5117 ro
573 5058 834 5130 precibus
872 5057 1098 5113 intenti.
1173 5057 1311 5112 Illud
1378 5059 1598 5110 tantum
1649 5055 1846 5110 diebus
1897 5053 2090 5128 383
2192 5080 2276 5131 ra,
2306 5078 2437 5118 cum
2469 5059 2897 5115 Benedictinum
2934 5059 2995 5113 in
3036 5059 3236 5130 regula
3273 5065 3472 5116 nostra
3514 5079 3864 5137 expressum

459 5151 765 5208 Dominicis
790 5156 848 5206 et
887 5151 1042 5207 festis
1079 5149 1359 5222 peculiare
1402 5151 1543 5219 erat,
1575 5149 1728 5221 quod
1769 5149 1840 5203 ad
1865 5148 2092 5202 tertiam
2194 5156 2522 5210 habeamus,
2551 5155 2622 5208 At
2651 5153 2992 5221 Romanum,
3021 5152 3223 5206 saltem
3250 5152 3311 5207 in
3338 5153 3668 5228 aliquibus,
3704 5159 3778 5214 ab
3803 5175 3864 5213 ρο

459 5246 660 5301 horam
685 5244 748 5299 in
776 5243 1084 5299 oratorium
1113 5242 1539 5312 conveniebant,
1570 5246 1632 5297 ut
1669 5241 1842 5296 sacris
1891 5245 2095 5312 myste-
2195 5249 2479 5304 diversum
2511 5245 2681 5300 fuisse
2718 5245 2852 5300 hinc
2891 5244 3198 5316 colligitur,
3229 5246 3384 5318 quod
3410 5253 3653 5306 sanctus
3685 5254 3861 5308 Bene.

459 5339 556 5394 riis
584 5338 938 5392 interessent.
968 5339 1035 5392 Et
1053 5337 1100 5392 is
1125 5337 1356 5408 quidem
1381 5335 1534 5408 apud
1560 5335 1850 5406 Epyptios
1893 5351 2092 5390 mona-
2195 5341 2376 5396 dictus
2397 5339 2468 5394 ad
2495 5339 2716 5394 feriales
2742 5338 3048 5393 matutinas
3063 5338 3260 5394 laudes
3278 5361 3306 5389 «
3322 5341 3629 5399 canticum
3657 5362 3862 5402 unum-

460 5433 596 5488 chos
617 5431 886 5503 psallendi
909 5431 1050 5486 ritus
1078 5430 1302 5504 vigebat
1325 5429 1533 5485 saeculo
1549 5445 1602 5482 ν.
1635 5429 1790 5482 Idem
1814 5427 1932 5484 fere
1957 5428 2095 5483 obti-
2197 5433 2460 5506 quodque
2503 5431 2593 5487 die
2635 5447 2736 5486 suo
2762 5447 2829 5486 ex
2854 5430 3167 5502 prophetis,
3199 5431 3350 5487 sicut
3375 5435 3576 5504 psallit
3615 5438 3864 5494 Ecclesia

462 5527 634 5582 nebat
665 5525 724 5579 in
766 5523 1056 5580 Palestina:
1099 5529 1156 5579 et
1189 5521 1602 5594 Mesopotamiae
1643 5521 1929 5589 caanobiis,
1985 5521 2096 5575 nisi
2197 5528 2470 5593 Romana,
2503 5545 2530 5572 ιι
2562 5524 2820 5580 instituat
2845 5541 2970 5595 cap,
3016 5527 3102 5590 13,
3131 5525 3204 5580 de
3229 5525 3356 5580 aliis
3384 5527 3566 5584 etiam
3598 5529 3665 5586 id
3693 5532 3864 5588 diem.

462 5619 614 5692 quod
632 5617 705 5672 ad
719 5617 966 5690 singulas
988 5618 1158 5672 horas
1182 5615 1459 5670 solemnes
1479 5611 1790 5668 oratorium
1837 5612 2102 5684 frequen-
2199 5631 2314 5682 rus,
2337 5613 2383 5667 si
2412 5612 2586 5684 ipsius
2620 5613 2764 5667 ritus
2801 5629 2933 5666 cum
2974 5613 3232 5668 Romano
3275 5615 3512 5684 penitus
3557 5621 3862 5678 convenis-

463 5714 659 5769 tabant
697 5715 762 5766 ut
799 5712 858 5765 in
900 5709 1127 5783 publico
1168 5711 1445 5762 conventu
1485 5711 1676 5761 ternos
1711 5705 1822 5760 Deo
1857 5707 2101 5778 psalmos
2199 5710 2320 5776 set;
2342 5723 2447 5762 nec
2472 5722 2604 5761 sane
2633 5705 2950 5777 reliquisset
2976 5703 3168 5778 385
3199 5705 3259 5762 in
3277 5707 3503 5765 abbatis
3529 5713 3779 5770 arbitrio
3803 5717 3864 5767 ut

470 5805 877 5878 persolverent.
941 5847 954 5872 ,
2202 5816 2362 5856 suam
2414 5797 2742 5872 psalmodiae
2789 5798 3218 5870 dispositionem
3269 5807 3502 5860 mutare
3543 5813 3768 5878 posset,
3815 5805 3861 5860 si

531 5902 582 5956 6.
628 5901 673 5955 Α
698 5895 957 5954 Cassiano
986 5894 1150 5953 venio
1176 5891 1250 5950 ad
1275 5891 1577 5960 Socratem,
1607 5891 1706 5968 qui
1731 5893 1934 5953 alterni
1968 5909 2100 5955 can-
2203 5896 2527 5954 Romanum
2589 5907 2868 5952 canonem
2923 5892 2984 5951 in
3034 5893 3300 5954 omnibus
3353 5902 3592 5959 secutus
3645 5901 3859 5962 fuisset.
