3970 6408
144 397 231 450 385

1212 381 1298 443 DE
1335 387 1551 444 CURSU
1589 385 1960 444 GALLICANO
1995 379 2405 455 DlSQUISlTlO.

3348 386 3450 445 386

142 499 517 556 Theodemarus
571 492 747 551 abbas
781 493 1117 568 Casinensis,
1148 511 1244 549 seu
1297 496 1503 550 Paulus
1552 495 1739 550 Diaco-
1759 497 1920 580 Arei
1962 499 2163 550 testem
2212 497 2484 552 habemus
2524 495 2750 551 Adriani
2785 511 2948 568 papae
2987 495 3006 550 ι
3043 490 3336 567 epistolam
3368 499 3399 550 3
3433 513 3448 550 :

140 609 226 647 nus
248 591 360 662 ejus
383 589 641 658 nomine,
671 589 732 643 in
763 589 1003 660 epistola
1041 588 1112 642 ad
1155 588 1417 642 Carolum
1469 589 1735 658 Magnum

140 683 413 757 quaestione
437 681 748 752 proposita,
785 698 886 736 cur
915 683 1140 735 sanctus
1183 680 1512 735 Benedictus
1551 680 1735 735 nullas

142 779 189 832 in
212 780 383 854 aestate
407 791 511 846 pro
535 773 830 828 nocturnis
854 773 1071 844 Vigiliis
1115 773 1383 828 lectiones
1425 773 1732 844 praecipiat,

139 872 259 926 hanc
284 867 437 923 affert
465 883 698 922 causam
727 883 742 922 :
775 865 906 938 quia
949 886 977 915 ‹‹
1013 865 1256 920 necdum
1286 882 1351 920 eo
1385 869 1638 936 tempore
1675 865 1734 918 in

139 965 358 1018 Romana
383 960 649 1026 Ecclesia,
677 959 820 1014 sicut
848 975 1002 1013 nunc
1033 959 1322 1030 leguntur,
1365 974 1546 1012 sacras
1581 957 1732 1012 Scri-

139 1061 301 1128 pturas
335 1053 444 1124 legi
482 1069 608 1106 mos
655 1051 873 1120 fuerit;
916 1051 1012 1106 sed
1051 1054 1176 1122 post
1226 1051 1438 1122 aliquot
1483 1055 1735 1122 tempora

137 1149 222 1202 hoc
244 1146 575 1215 institutum,
607 1145 723 1200 sive
749 1161 781 1198 a
805 1145 968 1198 beato
991 1160 1140 1216 papa
1167 1143 1452 1214 Gregorio,
1497 1143 1632 1212 sive,
1670 1147 1737 1197 ut

137 1241 192 1295 ab
231 1239 339 1293 aliis
378 1237 696 1292 afﬁrmatur
741 1236 812 1290 ab
858 1235 1118 1290 Honorio.
1159 1238 1276 1300 Qua
1325 1237 1392 1290 de
1442 1251 1503 1290 re
1566 1233 1736 1304 (addit

137 1331 532 1399 Theodemarus)
562 1329 744 1385 nostri
769 1329 1011 1400 majores
1037 1329 1404 1383 instituerunt
1430 1333 1496 1382 ut
1530 1326 1592 1380 in
1629 1327 1735 1381 hoc

139 1441 266 1478 sacro
288 1428 472 1478 nostro
497 1422 756 1478 coenobio
779 1426 894 1477 tres
920 1421 1262 1493 quotidianis
1305 1421 1501 1476 diebus
1545 1419 1734 1474 aestivo

137 1517 186 1572 in
204 1523 438 1588 tempore
465 1533 534 1572 ex
564 1515 752 1570 Veteri
783 1515 1137 1570 Testamento
1167 1514 1430 1568 lectiones
1453 1513 1731 1584 legantur,

137 1626 194 1664 ne
235 1627 264 1664 a
302 1613 492 1664 sancta
538 1609 798 1664 Romana
841 1606 1070 1663 ecclesia
1117 1606 1432 1678 discrepare
1475 1605 1731 1661 videren-

137 1707 229 1758 tur.
252 1723 276 1754 »

195 1798 240 1850 9.
292 1795 364 1850 De
413 1794 792 1850 Theodemari
831 1793 1006 1864 priori
1065 1792 1359 1861 sententia,
1407 1791 1616 1848 scilicet
1655 1809 1738 1846 sa-

1841 610 1870 639 «
1901 589 2037 642 Vitae
2062 591 2294 644 Patrum
2321 589 2440 644 sine
2467 589 2844 660 probabilibus
2871 589 3190 644 auctoribus
3215 588 3453 644 minime

1835 679 1895 734 in
1921 681 2159 736 Ecclesia
2183 683 2472 752 leguntur.
2504 683 2644 736 Nam
2663 681 2732 736 ab
2759 680 3082 736 orthodoxis
3118 681 3355 736 titulatae
3398 685 3456 736 et

1836 773 2236 844 suscipiuntur,
2273 780 2328 829 et
2350 775 2638 845 leguntur.
2671 795 2698 823 »
2729 775 2848 828 lmo
2875 774 3204 829 etiamtunc
3231 773 3449 828 confes-

1833 879 2024 920 sorum
2056 866 2206 920 Vitas
2229 867 2290 921 in
2319 867 2560 922 Ecclesia
2587 868 2838 922 Romana
2874 865 3098 921 recitari
3143 882 3266 920 mos
3310 871 3450 934 erat,

1832 958 2107 1029 probante
2151 960 2361 1014 Joanne
2409 959 2650 1014 Diacono
2703 959 2762 1013 in
2800 959 3131 1030 praefatione
3163 959 3232 1013 ad
3267 958 3449 1013 Vitam

1833 1051 2086 1122 Gregorii
2113 1052 2316 1122 Magni,
2345 1053 2406 1106 in
2429 1069 2540 1124 qua
2565 1054 2837 1108 Joannem
2865 1068 3077 1124 papam
3099 1053 3189 1106 νη
3215 1051 3292 1105 sic
3323 1051 3454 1106 allo-

1833 1143 2025 1214 quitur
2053 1160 2066 1197 :
2105 1166 2132 1193 «
2160 1145 2350 1215 Nuper
2372 1145 2440 1200 ad
2467 1145 2696 1216 Vigilias
2719 1145 2873 1200 beati
2917 1144 3169 1214 Gregorii
3212 1143 3453 1200 Romani

1833 1235 2130 1306 pontiﬁcis,
2163 1237 2478 1307 Anglorum
2505 1238 2711 1292 scilicet
2739 1237 2920 1308 gentis
2967 1235 3156 1310 387
3193 1236 3450 1308 apostoli,

1834 1328 2072 1383 lectione
2091 1329 2160 1384 de
2186 1329 2419 1384 Paulino
2451 1330 2683 1386 civitatis
2711 1331 2939 1386 Nolanae
2959 1329 3196 1401 praesule
3225 1345 3454 1384 consue-

1831 1421 2159 1477 tudinaliter
2183 1426 2539 1494 personante,
2577 1422 2727 1477 visus
2775 1438 2831 1478 es
2854 1439 2886 1476 a
2911 1422 3320 1478 venerabilibus
3339 1421 3454 1494 epi-

1835 1513 2033 1586 scopis,
2067 1514 2257 1569 divino
2298 1515 2546 1586 quodam
2587 1515 2854 1571 instinctu
2891 1518 3227 1584 commotus,
3257 1515 3447 1586 requi-

1833 1622 1978 1676 rere,
2008 1623 2110 1662 cur
2137 1611 2328 1663 tantus
2354 1607 2626 1680 pontifex,
2653 1609 2752 1680 qui
2781 1609 3092 1664 multorum
3131 1611 3452 1663 sanctorum

1832 1699 1972 1755 vitas
2010 1703 2284 1768 texuerat,
2331 1701 2502 1772 gestis
2536 1702 2780 1774 propriis
2826 1701 2886 1757 in
2919 1701 3149 1774 propria
3183 1701 3456 1756 duntaxat

1835 1791 2078 1848 Ecclesia
2097 1793 2384 1850 caruisset.
2417 1816 2444 1844 »

135 1904 235 1942 cras
256 1888 560 1960 Scripturas
587 1887 651 1942 in
699 1862 952 1942 Romana
989 1886 1231 1941 Ecclesia
1265 1889 1518 1956 tempore
1561 1885 1736 1941 sancti
1756 1862 1812 1934 B
1909 1889 1994 1940 Η.
2033 1887 2172 1941 Hinc
2215 1887 2383 1942 etiam
2429 1891 2586 1958 patet
2636 1891 2903 1942 tractatus
2953 1889 3183 1942 Patrum
3232 1887 3452 1943 defectu

137 1979 386 2035 Benedicti
413 1981 582 2034 lectas
607 1995 730 2034 non
755 1979 946 2048 fuisse,
973 1979 1224 2050 legitima
1261 1976 1556 2033 dubitandi
1595 1978 1738 2032 ratio

136 2077 220 2127 est.
249 2074 427 2144 Neque
455 2073 614 2128 enim
640 2071 946 2127 verisimile
969 2075 1053 2126 est
1081 2075 1178 2125 aut
1203 2071 1386 2126 nullas
1413 2077 1547 2126 tunc
1573 2071 1633 2125 in
1659 2071 1740 2126 di-

135 2164 253 2220 vinis
271 2165 456 2220 ofﬁciis
497 2165 806 2234 lectiones;
847 2169 947 2219 aut
991 2164 1038 2218 si
1072 2165 1279 2236 aliquae
1324 2181 1393 2219 ex
1433 2164 1576 2234 aliis,
1624 2180 1736 2218 non

136 2259 280 2313 etiam
309 2275 374 2315 ex
400 2275 555 2314 sacra
583 2257 875 2329 Scriptura
900 2257 1186 2312 institutas
1209 2257 1400 2312 fuisse.
1430 2257 1580 2343 Sane.
1608 2272 1740 2310 cum

137 2351 356 2406 Gelasius
393 2369 541 2424 papa
598 2353 641 2422 l,
684 2351 745 2406 in
786 2351 1020 2406 concilio
1060 2351 1338 2420 Romano,
1379 2350 1477 2422 qui
1514 2349 1642 2404 libri
1665 2349 1740 2404 le-

137 2445 297 2514 gendi,
337 2445 499 2516 quive
528 2461 652 2499 non
681 2444 910 2515 legendi
945 2448 1131 2499 essent
1170 2442 1402 2512 deﬁnit;
1449 2442 1507 2497 id
1546 2442 1614 2496 de
1664 2441 1739 2496 le-

135 2537 289 2592 ctione
320 2537 540 2608 publica
563 2536 628 2592 in
657 2537 906 2592 ecclesiis
945 2535 1198 2590 facienda
1231 2535 1548 2606 intelligere
1592 2533 1740 2589 vide-

135 2633 228 2685 tur.
263 2631 318 2684 In
342 2648 405 2686 eo
431 2635 628 2685 autem
655 2631 902 2698 Decreto,
933 2629 1034 2684 etsi
1063 2632 1216 2700 gesta
1241 2632 1560 2682 sanctorum
1585 2643 1737 2681 mar-

134 2726 297 2792 tyrum
325 2723 743 2795 suscipiuntur;
775 2722 953 2777 nihilo
981 2723 1172 2776 minus
1210 2737 1408 2776 eorum
1447 2723 1580 2776 Acta
1621 2735 1739 2774 non

133 2815 413 2886 probantur
436 2817 508 2872 ad
543 2815 838 2888 publicam
856 2815 1172 2870 lectionem.
1207 2835 1233 2863 «
1260 2813 1366 2870 Sed
1394 2813 1520 2868 ideo
1549 2829 1741 2868 secun-

135 2907 251 2962 dum
274 2910 560 2981 antiquam
587 2907 1060 2964 consuetudinem
1087 2906 1289 2978 (inquit
1313 2905 1580 2977 Gelasius)
1623 2905 1738 2959 sin-

135 3000 290 3072 gulari
311 3002 526 3057 cautela
545 3001 609 3056 in
635 3005 828 3055 sancta
854 3001 1108 3056 Romana
1135 2998 1361 3054 ecclesia
1385 3014 1498 3052 non
1543 2998 1742 3069 legun-

133 3096 227 3162 tur,
255 3095 380 3166 quia
403 3100 458 3150 et
485 3111 692 3151 eorum
718 3094 819 3166 qui
843 3092 1222 3164 conscripsere
1247 3091 1478 3146 nomina
1514 3090 1740 3162 penitus

1835 1978 2194 2050 propriarum
2239 1979 2544 2034 lectionum
2589 1979 2647 2034 in
2689 1980 2884 2034 eadem
2922 1980 3160 2039 Ecclesia
3203 1985 3453 2052 receptos

1835 2071 2006 2126 fuisse
2039 2087 2054 2126 :
2093 2087 2338 2142 quorum
2385 2071 2631 2126 delectus
2684 2072 2744 2127 in
2783 2071 3018 2126 arbitrio
3053 2073 3300 2144 episcopi
3336 2078 3456 2128 erat

1836 2167 2090 2235 tempore
2121 2163 2374 2235 Gregorii
2412 2164 2617 2236 Magni,
2657 2167 2720 2219 ut
2749 2167 2966 2218 constat
2991 2180 3063 2220 ex
3111 2164 3212 2219 lib.
3245 2181 3300 2235 x,
3342 2164 3456 2237 epi-

1838 2257 1985 2311 stola
2008 2259 2097 2328 22,
2129 2257 2200 2311 ad
2226 2257 2497 2312 Joannem
2517 2257 2936 2314 Subdiaconum
2962 2258 3366 2327 Ravennatem,
3392 2257 3454 2313 in

1837 2365 1951 2420 qua
1975 2365 2089 2403 non
2116 2349 2316 2420 probat
2343 2349 2494 2421 quod
2513 2349 2851 2404 Marinianus
2875 2349 3127 2420 ejusdem
3152 2349 3306 2405 urbis
3331 2350 3453 2422 epi-

1839 2457 2035 2512 scopus
2090 2462 2119 2491 «
2170 2445 2487 2496 commenta
2522 2442 2670 2497 beati
2707 2442 2807 2496 Job
2851 2441 3073 2513 publice
3117 2442 3187 2498 ad
3225 2441 3455 2514 Vigilias

1835 2537 1948 2608 legi
1994 2537 2370 2610 praecepisset.
2417 2537 2522 2594 Sed
2559 2538 2648 2592 dic
2681 2537 2753 2606 ei,
2789 2538 2994 2610 inquit,
3027 2541 3093 2592 ut
3139 2544 3457 2594 commenta

1836 2630 2312 2701 Psalmorumlegi
2332 2631 2403 2686 ad
2429 2630 2656 2702 Vigilias
2673 2630 2861 2700 faciat,
2885 2647 3011 2702 quae
3035 2635 3254 2687 mentes
3275 2615 3454 2687 sarcu-

1837 2721 2043 2778 larium
2071 2723 2142 2778 ad
2170 2723 2346 2778 bonos
2373 2739 2560 2778 mores
2582 2723 2868 2796 praecipue
2900 2723 3224 2780 informant.
3267 2725 3458 2796 Neque

1839 2815 1993 2869 enim
2017 2815 2160 2884 volo,
2177 2815 2314 2870 dum
2343 2815 2404 2869 in
2430 2815 2534 2870 hac
2563 2831 2728 2870 carne
2752 2833 2900 2882 sum,
2928 2815 2976 2870 si
3000 2832 3113 2887 qua
3135 2815 3340 2872 dixisse
3365 2833 3458 2874 me

1839 2906 2092 2978 contigit,
2127 2923 2193 2962 ea
2218 2907 2378 2962 facile
2399 2907 2724 2962 hominibus
2748 2908 3115 2965 innotescere.
3142 2929 3172 2958 »
3205 2910 3290 2964 Ita
3312 2925 3454 2981 pon-

1837 2999 1978 3054 tifex
2001 2999 2282 3055 maximus
2311 3005 2366 3056 et
2389 3001 2851 3056 modestissimus.

1914 3095 1999 3148 t2.
2056 3093 2208 3149 Idem
2246 3093 2546 3166 Gregorius
2577 3095 2807 3166 Magnus
2851 3093 2913 3149 in
2953 3095 3164 3166 synodo
3208 3096 3460 3152 Romana

132 3185 478 3258 ignorantur;
511 3193 570 3244 et
593 3187 667 3242 ab
707 3186 1031 3242 inﬁdelibus
1077 3188 1176 3240 aut
1216 3185 1400 3240 idiotis
1434 3183 1738 3256 superﬂua,
1761 3221 1816 3294 Ο
1840 3189 2114 3262 statutum
2139 3185 2330 3254 edidit,
2345 3189 2411 3241 ut
2435 3203 2508 3242 ne
2531 3187 2768 3254 diaconi,
2800 3205 2828 3239 ‹‹
2855 3204 2996 3259 quos
3023 3188 3095 3243 ad
3118 3188 3461 3259 praedicatio-

134 3283 215 3332 aut
244 3281 424 3335 minus
453 3285 609 3352 apta,
644 3297 817 3352 quam
846 3279 929 3334 rei
967 3278 1104 3334 ordo
1144 3277 1332 3346 fuerit,
1377 3276 1584 3348 scripta
1625 3292 1742 3331 esse

132 3376 395 3441 putantur.
423 3395 452 3424 ››
480 3373 728 3438 Quidam
743 3373 848 3427 hoc
869 3371 1158 3426 decretum
1177 3369 1387 3424 Gelasio
1398 3369 1738 3439 abjudicant,

132 3468 277 3534 atque
311 3466 624 3520 Hormisdae
684 3465 965 3520 tribuunt.
1022 3466 1092 3518 At
1131 3461 1410 3518 Gelasium
1457 3465 1742 3516 auctorem

132 3558 336 3626 praefert
357 3559 774 3616 vetustissimus
807 3555 1001 3630 386
1048 3557 1231 3612 Codex
1255 3554 1504 3610 Palatino
1547 3554 1746 3609 vatica-

132 3663 222 3704 nus
243 3667 297 3705 n.
329 3653 451 3722 £93,
477 3653 540 3707 in
569 3669 688 3724 quo
714 3651 958 3706 habetur
981 3649 1194 3704 Missale
1228 3648 1586 3718 Francorum,
1616 3647 1746 3702 scri-

131 3747 272 3814 ptum
294 3745 493 3801 litteris
517 3743 815 3817 quadratis
843 3744 973 3805 ante
1001 3758 1178 3796 annos
1203 3741 1320 3796 fere
1352 3740 1539 3810 mille;
1567 3740 1628 3794 in
1653 3757 1748 3794 cu-

127 3835 207 3905 jus
227 3837 352 3906 ﬁne,
381 3842 525 3894 teste
544 3837 870 3900 Thomasio,
897 3836 1004 3890 hoc
1035 3835 1324 3890 decretum
1361 3833 1601 3887 habetur
1641 3833 1744 3888 sub

133 3927 221 3983 hoc
246 3930 405 3986 titulo
437 3947 451 3986 :
484 3933 690 4002 Incipit
725 3929 997 3985 Decretale
1033 3930 1210 3982 sancti
1249 3927 1450 3984 Gelasii
1463 3941 1626 3996 papae
1647 3942 1742 3980 ur-

137 4021 202 4075 bis
225 4025 414 4078 Rom.
462 4024 550 4078 Ad
596 4023 722 4077 haec
766 4021 918 4076 inter
961 4019 1188 4075 Codices
1227 4017 1325 4090 qui
1364 4017 1628 4073 Ludovici
1665 4017 1747 4072 Pii

133 4113 432 4188 principatu
459 4116 546 4171 Ab
573 4113 848 4190 Ansegiso
873 4113 1074 4168 abbate
1101 4111 1437 4167 Flaviacensi
1462 4115 1743 4166 monaste-

133 4208 208 4262 rio
235 4209 485 4265 concessi
507 4209 790 4281 leguntur
814 4207 876 4262 in
902 4206 1180 4262 Chronico
1206 4204 1636 4274 Fontanellensi,
1664 4219 1748 4258 re-

134 4306 372 4359 censetur
403 4303 684 4358 volumen
730 4317 934 4369 unum,
979 4303 1188 4371 praeter
1231 4299 1339 4354 alia
1383 4319 1411 4347 «
1460 4297 1750 4352 continens

135 4387 564 4452 decreta-Gelasii
595 4411 759 4467 papae
785 4395 855 4449 de
880 4393 1036 4448 libris
1061 4391 1417 4464 recipiendis,
1449 4395 1506 4446 et
1525 4407 1640 4446 non
1665 4406 1750 4446 re-

136 4487 402 4560 cipiendis.
443 4511 472 4539 »
525 4491 722 4560 Itaque
750 4487 1074 4543 nullatenus
1095 4485 1288 4541 dubito
1315 4484 1452 4556 quin
1481 4484 1601 4538 haec
1627 4483 1746 4555 epi-

1839 3278 1928 3334 nis
1958 3279 2555 3352 eleemosynarumque
2581 3281 2830 3336 studium
2847 3297 3042 3336 vacare
3065 3281 3458 3352 congruebat»

1839 3371 1898 3426 in
1949 3376 2236 3442 posterum
2288 3376 2581 3428 cantorum
2645 3372 2828 3428 ofﬁcio
2874 3373 3274 3446 fungerentur,
3325 3375 3463 3430 dum

1841 3469 2097 3520 cantores
2128 3465 2235 3536 ipsi
2261 3465 2332 3520 ob
2363 3459 2521 3520 vocis
2544 3465 2878 3521 suavitatem
2897 3466 2967 3521 ad
2981 3467 3122 3521 sacri
3137 3467 3332 3522 altaris
3349 3465 3461 3522 mi-

1839 3556 2140 3614 nisterium
2169 3557 2589 3613 adhiberentur.
2619 3579 2648 3606 «
2683 3558 2838 3614 Unde
2857 3557 2922 3612 ﬁt
2944 3559 3277 3630 plerumque
3296 3563 3361 3614 ut
3391 3558 3464 3615 ad

1843 3665 2061 3704 sacrum
2078 3649 2475 3720 ministerium,
2493 3651 2634 3704 dum
2641 3649 2844 3705 blanda
2855 3667 2961 3704 vox
2975 3651 3269 3722 quaeritur,
3283 3651 3466 3723 qumri

1843 3758 2092 3813 congrua
2117 3741 2230 3796 vita
2259 3742 2617 3814 negligatur;
2659 3747 2717 3798 et
2753 3747 2947 3798 cantor
2988 3743 3246 3799 minister
3287 3745 3464 3801 Deum

1843 3834 2093 3890 moribus
2127 3835 2395 3905 stimulet,
2449 3852 2580 3890 cum
2619 3836 2893 3907 populum
2935 3837 3160 3892 vocibus
3203 3837 3462 3897 delectat.

1843 3928 1962 3992 Qua
1981 3927 2051 3982 de
2079 3943 2141 3982 re
2164 3927 2431 3998 praesenti
2458 3927 2680 3984 decreto
2708 3929 2983 3984 constituo
3001 3935 3068 3984 ut
3093 3930 3154 3985 in
3194 3931 3323 3986 sede
3359 3932 3466 3988 hac

1844 4020 1987 4075 sacri
2001 4020 2188 4075 altaris
2219 4020 2464 4076 ministri
2486 4026 2709 4077 cantare
2737 4039 2853 4077 non
2885 4023 3143 4094 debeant,
3173 4023 3467 4098 solumque

1845 4113 2178 4185 evangelica
2201 4114 2457 4169 lectionis
2483 4115 2731 4170 ofﬁcium
2760 4115 2909 4172 inter
2932 4117 3237 4173 missarum
3271 4119 3468 4174 solem-

1845 4207 1941 4262 nia
1977 4207 2291 4273 exsolvant;
2331 4207 2581 4279 psalmos
2623 4225 2756 4264 vero
2799 4226 2862 4264 ac
2909 4209 3154 4282 reliquas
3204 4210 3468 4268 lectiones

1846 4315 2044 4355 censeo
2070 4316 2174 4372 per
2197 4301 2584 4370 subdiaconos,
2612 4302 2722 4370 vel,
2751 4301 2798 4357 si
2821 4303 3120 4358 necessitas
3147 4304 3342 4376 exigit,
3367 4319 3468 4378 per

1846 4393 2092 4450 minores
2123 4393 2348 4449 ordines
2373 4395 2647 4450 exhiberi.
2681 4414 2708 4446 »
2749 4397 2858 4450 Hoc
2903 4395 3192 4452 decretum
3226 4397 3468 4454 refertur

1845 4487 1905 4541 in
1930 4487 2031 4541 lib.
2061 4503 2134 4554 1v,
2165 4487 2398 4561 epistola
2425 4487 2513 4557 44,
2550 4492 2607 4542 et
2643 4487 2794 4558 apud
2831 4488 3211 4558 Agobardum,
3243 4489 3312 4544 de
3341 4503 3465 4545 cor-

137 4583 258 4636 stola
281 4582 574 4639 decretalis
599 4581 882 4636 Gelasium
909 4584 1196 4635 auctorem
1223 4577 1446 4634 habeat.
1472 4577 1752 4632 Caeterum
1770 4583 1829 4656 Ι)
1850 4579 2094 4634 rectione
2117 4578 2535 4650 Antiphonarii.
2563 4580 2688 4634 Haec
2725 4577 2917 4652 388
2951 4579 3021 4636 de
3061 4581 3175 4636 ritu
3213 4582 3468 4638 Ecclesiae

137 4675 453 4744 praedictum
491 4677 769 4731 Romanae
795 4673 1042 4729 ecclesiae
1065 4688 1308 4742 morem,
1333 4674 1400 4727 ut
1441 4673 1756 4742 martyrum

134 4769 397 4838 passiones
421 4769 656 4842 publice
685 4784 802 4822 non
830 4767 1178 4838 legerentur,
1203 4780 1432 4836 carpere
1455 4763 1580 4818 vide
1605 4761 1752 4818 anti-

135 4877 265 4932 quus
289 4867 504 4933 auctor,
533 4861 639 4934 qui
678 4864 813 4916 Acta
842 4863 1164 4916 sanctorum
1189 4857 1588 4914 Cantianorum
1616 4856 1752 4911 scri-

135 4955 252 5023 psit,
281 4959 450 5027 prout
475 4955 540 5010 in
562 4953 1040 5024 consequentibus
1062 4951 1212 5007 inter
1225 4950 1582 5007 Probationes
1609 4949 1754 5005 refe-

137 5052 337 5104 rentur.

203 5143 284 5197 £0.
313 5143 379 5198 Et
395 5141 661 5214 quidem,
690 5154 760 5195 ex
781 5139 1035 5210 ejusdem
1057 5137 1255 5194 Gelasii
1275 5137 1514 5208 decreto,
1541 5155 1569 5187 «
1594 5138 1760 5190 Actus

139 5231 274 5290 beati
320 5233 600 5304 Silvestri,
658 5233 790 5288 licet
832 5233 952 5304 ejus
1005 5231 1103 5304 qui
1161 5229 1490 5302 conscripsit
1551 5245 1759 5284 nomen

140 5325 436 5398 ignoretur,
465 5345 502 5382 a
547 5326 746 5382 multis
773 5330 964 5380 tamen
1001 5325 1062 5380 in
1104 5324 1246 5379 urbe
1282 5321 1564 5378 catholicis
1604 5323 1758 5393 lege-

140 5417 346 5491 bantur,
376 5425 435 5478 et
457 5437 566 5494 pro
593 5419 829 5490 antiquo
852 5435 958 5474 usu
1007 5417 1204 5473 multae
1235 5418 1357 5472 haec
1399 5416 1763 5470 imitabantur

142 5511 399 5570 Ecclesiae.
432 5536 461 5565 »
492 5513 659 5570 Unde
690 5517 946 5584 apparet,
977 5528 1093 5567 non
1117 5511 1176 5566 in
1217 5515 1334 5566 tota
1367 5510 1618 5564 Romana
1658 5509 1758 5563 Ec-

142 5603 311 5675 clesia,
337 5609 437 5664 sed
465 5606 790 5680 plurimum
813 5605 873 5660 in
897 5603 1272 5674 Lateranensi,
1304 5601 1578 5674 ejusmodi
1606 5604 1760 5670 Acta,

142 5714 255 5770 quae
287 5702 534 5757 auctoris
591 5697 826 5754 nomine
877 5698 1140 5754 destituta
1183 5700 1362 5766 erant,
1416 5697 1558 5751 lecta
1612 5695 1763 5750 haud

141 5790 318 5851 fuisse.
344 5795 468 5852 Alia
493 5809 656 5862 vero,
686 5805 817 5863 que
839 5789 1155 5862 probabiles
1181 5789 1463 5846 habebant
1487 5791 1760 5858 auctores,

143 5888 332 5944 seculo
371 5905 466 5946 vm
511 5887 576 5943 in
625 5881 872 5941 Ecclesia
917 5883 1164 5940 Romana
1201 5883 1551 5957 legebantur.
1594 5881 1764 5955 Cujus

1855 4673 2158 4741 Romanae;
2201 4671 2362 4742 cuius
2389 4687 2668 4739 normam,
2706 4671 2886 4744 qualis
2921 4677 3112 4744 postea
3161 4673 3222 4730 in
3269 4675 3469 4731 divinis

1854 4764 2048 4820 ofﬁciis
2099 4763 2361 4835 obtinuit,
2399 4780 2470 4820 ex
2504 4764 2759 4838 Gregorii
2799 4765 2894 4821 νη
2934 4767 3158 4824 decreto
3199 4767 3466 4840 intelligi-

1854 4871 2002 4914 mus.
2091 4901 2100 4910 .

1931 4953 2016 5006 l3.
2081 4951 2159 5006 De
2197 4950 2564 5006 Ambrosiano
2610 4966 2711 5007 seu
2760 4951 3148 5008 Mediolanensi
3196 4951 3490 5024 psallendi.

1857 5043 1972 5099 ritu
2003 5043 2234 5116 antiquo
2282 5043 2434 5113 (nam
2471 5043 2638 5098 modo
2682 5043 2923 5098 usitatus
2959 5044 3236 5100 recentior
3271 5048 3372 5120 est)
3413 5047 3474 5104 id

1856 5140 2077 5192 tantum
2103 5139 2456 5208 compertum
2481 5135 2773 5206 habemus,
2817 5136 2969 5207 quod
2997 5138 3260 5210 populus,
3299 5139 3356 5195 id
3391 5147 3476 5198 est

1859 5233 2097 5300 uterque
2155 5245 2340 5296 sexus,
2391 5227 2640 5282 Psalmos
2695 5228 3032 5301 promiscue,
3095 5231 3190 5287 sed
3249 5232 3478 5290 alternis

1859 5324 2123 5376 cantaret.
2152 5321 2270 5374 Huc
2295 5318 2427 5374 facit
2453 5319 2625 5390 ipsius
2651 5320 2929 5376 Ambrosii
2953 5324 3230 5394 expositio
3253 5325 3314 5381 in
3335 5327 3480 5398 psal-

1860 5429 2020 5468 mum
2050 5429 2067 5468 ι
2097 5429 2111 5466 :
2144 5431 2172 5464 ς(
2206 5412 2463 5468 Mulieres
2491 5413 2788 5484 Apostolus
2818 5414 2878 5470 in
2906 5415 3135 5473 ecclesia
3173 5422 3356 5476 tacere
3387 5421 3479 5492 ju-

1860 5507 1982 5576 bet;
2011 5505 2295 5578 psalmum
2311 5505 2482 5561 etiam
2499 5505 2642 5562 bene
2667 5507 2933 5566 clamant.
2959 5510 3245 5575 Quantum
3267 5512 3480 5568 labora-

1861 5605 1957 5656 tur
1987 5599 2048 5654 in
2089 5599 2320 5655 ecclesia
2342 5603 2407 5656 ut
2433 5599 2530 5655 ﬁat
2553 5600 2838 5657 silentium
2855 5619 2986 5658 cum
3007 5604 3270 5662 lectiones
3283 5606 3479 5678 legun-

1859 5692 1987 5764 tur!
2026 5693 2082 5748 Si
2131 5709 2280 5749 unus
2326 5693 2599 5766 loquitur,
2639 5694 2972 5768 obstrepunt
3007 5698 3292 5767 universi;
3347 5713 3478 5753 cum

1861 5786 2107 5859 psalmus
2130 5787 2360 5860 legitur,
2387 5787 2506 5859 ipse
2533 5787 2639 5844 sibi
2663 5788 2890 5846 effector
2914 5793 2997 5846 est
3015 5787 3252 5859 silentii;
3281 5803 3478 5846 omnes

1859 5879 2192 5956 loquuntur,
2222 5884 2278 5938 et
2311 5880 2502 5938 nullus
2527 5881 2865 5955 obstrepit.»
2900 5883 3087 5954 Itaque
3133 5895 3264 5938 cum
3300 5881 3478 5946 lector
