3970 6438
514 367 618 419 387

517 471 831 542 Scripturas
855 469 1130 536 recitaret,
1158 468 1250 522 vix
1267 467 1796 541 impetraripoterat
1807 467 2094 523 sileutium
2115 485 2134 537 ;
2159 489 2217 559 Α

514 580 645 619 cum
683 579 814 617 vero
859 561 1109 632 psalmus
1159 565 1512 632 cantaretur,
1557 561 1912 632 obstrepebat
1945 576 2135 627 nemo,

513 655 780 728 quoniam
807 670 1002 708 omnes
1029 657 1200 709 cantu
1218 655 1471 727 occupati
1504 637 1685 711 erant.
1715 654 1954 725 Hujusce
1999 653 2140 708 ritus

510 748 788 818 originem
816 746 1079 802 describit
1105 751 1328 802 sanctus
1345 748 1694 819 Augustinus
1712 747 1773 802 in
1792 747 1890 801 lib.
1923 762 1978 802 Ix
1998 747 2138 801 Con-

507 841 838 909 fessionum,
867 857 988 912 cap.
1019 845 1052 894 7
1085 857 1099 894 ;
1144 862 1172 890 ‹‹
1221 841 1340 894 Non
1384 841 1550 911 longe
1589 845 1832 912 coeperat
1865 839 2133 895 Mediola-

508 933 700 988 nensis
726 933 969 988 Ecclesia
995 949 1173 1004 genus
1199 934 1302 987 hoc
1330 935 1726 990 consolationis
1770 939 1826 989 et
1868 934 2131 989 exhorta-

508 1025 680 1081 tionis
709 1025 1007 1093 celebrare,
1029 1041 1236 1096 magno
1257 1027 1442 1081 studio
1453 1027 1696 1082 fratrum
1715 1027 2132 1082 concinentium

507 1120 735 1174 vocibus
764 1123 818 1173 et
842 1118 1121 1173 cordibus.
1156 1119 1436 1174 Nimirum
1469 1135 1652 1175 annus
1697 1123 1838 1189 erat,
1881 1125 1980 1174 aut
2017 1135 2132 1174 non

510 1212 692 1267 multo
749 1211 1023 1282 amplius,
1075 1227 1206 1266 cum
1263 1213 1477 1268 Justina
1500 1255 1514 1282 ,
1565 1212 1937 1268 Valentiniani
1982 1212 2132 1283 regis

506 1305 670 1378 pueri
695 1309 896 1373 mater,
925 1304 1220 1360 hominem
1241 1310 1406 1360 tuum
1441 1305 1803 1361 Ambrosium
1826 1321 2128 1376 perseque-

508 1403 670 1454 retur
680 1397 912 1452 haeresis
930 1413 1044 1452 sua:
1070 1415 1256 1468 causa,
1286 1415 1398 1470 qua
1423 1399 1608 1454 fuerat
1632 1400 1860 1454 seducta
1885 1399 1954 1453 ab
1979 1399 2130 1452 Aria-

507 1493 614 1548 nis.
659 1491 979 1547 Excubabat
1028 1491 1123 1563 pia
1161 1491 1320 1564 plebs
1365 1493 1426 1546 in
1469 1493 1719 1562 ecclesia,
1762 1491 1905 1546 mori
1933 1496 2132 1563 parata

507 1601 639 1640 cum
659 1585 919 1657 episcopo
942 1601 1100 1640 servo
1125 1589 1290 1642 tuo...
1319 1586 1472 1641 Tunc
1503 1585 1704 1657 hymni
1732 1589 1788 1640 et
1823 1584 2024 1656 psalmi
2067 1589 2131 1638 ut

509 1682 844 1734 canerentur
869 1678 1180 1734 secundum
1207 1695 1428 1735 morem
1455 1677 1818 1734 orientalium
1845 1678 2089 1748 partium
2113 1718 2126 1744 ,

505 1788 578 1828 ne
607 1773 848 1843 populus
873 1771 1130 1826 mceroris
1147 1772 1315 1827 taedio
1339 1771 1778 1842 contabesceret,
1807 1771 2128 1827 institutum

1293 361 1624 416 APPENDIX
1663 363 1750 417 AD
1785 361 2006 417 OPERA
2041 357 2274 416 SANCTI
2311 359 2609 415 GERMANI
2647 358 3072 414 PARISIENSIS.

3769 391 3786 402 κ
3803 355 3891 406 388

2237 465 2468 522 ecclesia
2491 470 2644 522 stans
2681 471 2798 522 tam
2823 466 3024 520 devote
3047 477 3183 518 voce
3220 461 3498 534 personui
3531 476 3548 514 :
3596 462 3893 528 Nunquam

2239 560 2357 614 vidi
2361 559 2572 628 justum
2593 542 2928 622 derelictam,
2957 580 2984 607 »
3015 563 3122 613 etc.
3150 557 3363 612 Verum
3401 571 3528 610 non
3577 571 3616 608 a
3661 553 3890 624 populo,

2238 653 2335 708 sed
2377 669 2410 706 a
2455 653 2660 707 lectore
2704 652 2820 708 solo
2864 651 3206 723 quandoque
3247 649 3542 721 psalmum
3598 647 3894 718 integrum

2235 745 2406 800 fuisse
2431 750 2716 800 cantatum
2739 745 2872 799 alibi
2897 745 3146 800 declarat
3158 743 3246 798 vir
3261 746 3512 812 sanctus,
3542 756 3777 812 nempe
3802 739 3896 794 ini-

2235 839 2316 893 tio
2341 839 2712 894 enarrationis
2737 838 2798 892 in
2835 838 3123 909 psalmum
3165 852 3412 892 CXXXVIII
3441 851 3456 890 :
3523 855 3556 884 κ
3604 833 3893 888 Psalmum

2233 933 2397 988 nobis
2449 933 2676 987 brevem
2710 947 3134 1002 paraveramus,
3183 946 3356 1002 quem
3401 927 3894 983 mandaveramus

2233 1025 2446 1080 cantari
2483 1042 2516 1078 a
2538 1025 2744 1079 lectore
2766 1041 2782 1092 ;
2806 1023 2906 1078 sed
2934 1024 3008 1078 ad
3051 1024 3275 1092 horam,
3309 1025 3606 1093 quantum
3645 1019 3893 1088 videtur,

2231 1118 2614 1191 perturbatus,
2649 1116 2892 1172 alterum
2914 1132 3019 1188 pro
3046 1116 3225 1171 altero
3267 1115 3427 1186 legit.
3454 1112 3763 1170 Malumus
3801 1129 3895 1166 nos

2229 1212 2290 1266 in
2323 1227 2514 1266 errore
2539 1209 2760 1264 lectoris
2798 1209 2957 1282 sequi
3001 1210 3354 1264 voluntatem
3392 1206 3513 1274 Dei,
3569 1223 3766 1278 quam
3797 1223 3894 1260 no-

2229 1310 2405 1359 stram
2431 1303 2490 1358 in
2518 1309 2707 1358 nostro
2733 1303 3042 1374 pr0posito.
3076 1303 3230 1358 Idem
3262 1318 3380 1356 non
3418 1301 3675 1356 obscure
3716 1299 3899 1354 innuit

2230 1397 2419 1452 statim
2445 1397 2514 1451 ab
2539 1397 2770 1452 exordio
2803 1396 3176 1452 enarrationis
3213 1395 3274 1449 in
3307 1394 3604 1466 psalmum
3649 1409 3852 1448 LXXXVI
3881 1411 3894 1447 :

2233 1510 2261 1542 α
2287 1491 2558 1560 Psalmus,
2583 1491 2680 1562 qui
2705 1491 2874 1545 modo
2899 1493 3156 1545 cantatus
3180 1493 3284 1560 est,
3314 1487 3506 1543 brevis
3533 1493 3632 1542 est
3652 1503 3895 1542 numero

2228 1583 2550 1653 verborum,
2573 1601 2814 1655 magnus
2831 1584 3078 1655 pondere
3100 1582 3537 1639 sententiarum.
3563 1582 3732 1637 Nam
3756 1587 3895 1638 totus

2229 1676 2404 1732 lectus
2429 1681 2533 1744 est,
2563 1699 2590 1726 »
2623 1682 2730 1732 etc.

2303 1773 2388 1825 l5.
2420 1770 2528 1826 Sed
2549 1770 2851 1825 dicendum
2881 1770 3122 1840 videtur,
3163 1769 3385 1824 duobus
3410 1769 3607 1824 modis
3647 1770 3718 1824 in
3763 1770 3896 1824 Afri-

508 1871 610 1934 est,
640 1871 698 1921 et
721 1882 788 1920 ex
818 1865 916 1920 illo
943 1865 1004 1919 in
1031 1865 1372 1920 hodiernum
1415 1868 1723 1934 retentum,
1764 1865 1959 1920 multis
1989 1865 2132 1935 jam,
2151 1852 2210 1925 B
2233 1880 2370 1918 cana
2411 1863 2650 1918 Ecclesia
2690 1863 2932 1933 psalmos
2974 1863 3144 1918 fuisse
3181 1863 3448 1919 recitatos
3467 1905 3483 1934 ,
3534 1879 3771 1935 nempe
3817 1865 3896 1920 vel

505 1975 570 2014 ac
594 1974 740 2030 pene
767 1958 1028 2013 omnibus
1057 1959 1325 2030 gregibus
1352 1959 1464 2013 tuis
1486 1963 1544 2013 et
1581 1974 1686 2029 per
1725 1962 1954 2012 caeteras
1986 1956 2137 2011 orbis

507 2056 696 2123 partes
725 2050 1094 2107 imitantibus.
1124 2072 1152 2101 »
1203 2051 1358 2106 Idem
1399 2055 1624 2106 sanctus
1662 2050 2032 2122 Augustinus,
2076 2049 2134 2104 in

511 2143 766 2215 ejusdem
783 2143 916 2198 libri
941 2160 994 2199 1x
1013 2160 1135 2215 cap.
1167 2145 1198 2198 4
1215 2143 1539 2214 exprimens
1553 2143 1729 2198 animi
1741 2143 1830 2198 sui
1848 2143 2132 2214 affectum,

509 2253 640 2292 cum
668 2237 884 2307 legeret
907 2236 1149 2308 psalmos
1174 2237 1370 2307 David,
1402 2237 1590 2292 subdit
1623 2253 1637 2292 :
1672 2255 1700 2288 «
1731 2237 1881 2301 Quas
1903 2237 2006 2291 tibi
2035 2254 2130 2292 vo-

507 2345 598 2385 ces
625 2329 826 2385 dabam
853 2330 914 2384 in
937 2329 1167 2402 psalmis
1192 2329 1324 2398 illis,
1353 2335 1410 2386 et
1437 2331 1722 2402 quomodo
1747 2330 1810 2385 in
1834 2335 1890 2386 te
1919 2330 2135 2385 inflam-

507 2423 706 2479 mabar
738 2421 932 2495 389
968 2439 1038 2478 ex
1076 2423 1178 2492 eis,
1221 2428 1278 2478 et
1313 2422 1659 2478 accendebar
1701 2440 1794 2480 eos
1810 2425 2064 2494 recitare,
2089 2424 2132 2478 si

502 2532 747 2589 possem,
783 2519 898 2571 toto
915 2520 1198 2572 terrarum
1223 2517 1357 2572 orbe
1383 2517 1654 2572 adversus
1685 2517 1926 2588 typhum
1969 2533 2136 2588 gene-

502 2609 580 2664 ris
597 2609 864 2665 humani!
887 2611 954 2665 Et
971 2613 1163 2666 tamen
1179 2614 1298 2666 toto
1319 2611 1454 2666 orbe
1477 2615 1793 2681 cantantur,
1816 2615 1873 2666 et
1897 2627 2012 2665 non
2051 2615 2134 2665 est

503 2703 603 2775 qui
635 2720 694 2758 se
733 2703 1035 2758 abscondat
1073 2719 1107 2758 a
1146 2705 1330 2758 calore
1383 2708 1502 2759 tuo.
1545 2725 1573 2752 n
1617 2705 1686 2758 Et
1729 2704 1788 2758 in
1833 2703 2013 2774 capite
2053 2705 2084 2756 6
2113 2721 2131 2756 :

507 2817 535 2846 ‹‹
562 2797 848 2860 Quantum
878 2795 1008 2850 ﬂevi
1025 2796 1086 2850 in
1104 2797 1334 2868 hymnis
1365 2800 1422 2850 et
1446 2796 1678 2851 canticis
1707 2797 1837 2866 tuis,
1859 2813 2026 2851 suave
2041 2811 2130 2850 so-

505 2889 695 2944 nantis
715 2888 973 2944 Ecclesiaa
999 2893 1110 2944 tuae
1135 2889 1362 2944 vocibus
1388 2894 1708 2944 commotus
1745 2889 1984 2944 acriter!
2025 2891 2131 2944 Vo-

505 2999 596 3038 ces
624 2981 736 3036 illa
763 2981 1076 3036 inﬂuebant
1101 2983 1332 3036 auribus
1356 2982 1518 3052 meis,
1549 2987 1605 3036 et
1621 2983 1978 3054 eliquabatur
1996 2981 2134 3038 veri-

501 3081 590 3131 tas
616 3079 715 3130 tua
733 3074 792 3128 in
812 3090 908 3128 cor
925 3090 1118 3129 meum
1137 3093 1156 3145 ς
1179 3080 1236 3130 et
1259 3075 1604 3130 exestuabat
1624 3075 1754 3130 inde
1775 3075 2003 3130 affectus
2022 3075 2133 3148 pie-

501 3167 652 3234 tatis,
683 3172 740 3223 et
764 3167 1063 3222 currebant
1096 3167 1378 3239 lacrymae,
1408 3172 1465 3223 et
1487 3169 1629 3224 bene
1663 3168 1804 3222 mihi
1839 3173 1960 3224 erat
1999 3186 2128 3224 cum

507 3218 652 3234 mm,
689 3218 738 3223 η
771 3218 1061 3222 γ--ηηνη,
1097 3218 1378 3239 ---ην---Ἴ
1415 3218 1627 3224 πη---
1663 3218 1804 3222 ____
1843 3218 1958 3224 --η
2004 3218 2128 3224 η...

503 3260 604 3316 eis.
650 3281 678 3310 »
729 3260 979 3332 Denique
1017 3263 1245 3315 cantum
1272 3277 1404 3316 eum
1439 3261 1597 3316 suavi
1633 3278 1832 3317 vocum
1869 3262 2124 3316 modula-
2149 3218 2204 3291 Ο

500 3352 650 3408 tione
680 3353 1042 3424 conjunctum
1071 3353 1240 3408 fuisse
1267 3353 1419 3409 idem
1445 3359 1683 3410 testatur
1707 3355 1766 3410 in
1790 3355 1890 3410 lib.
1919 3371 1952 3410 x
1979 3356 2124 3410 Con-

497 3445 828 3514 fessionum,
872 3463 994 3518 cap.
1034 3449 1124 3502 33.
1165 3446 1400 3501 Psalmis
1435 3447 1914 3502 interserebantur
1956 3447 2126 3504 etiam

496 3539 716 3611 hymni,
745 3539 844 3612 qui
867 3539 937 3596 ab
962 3543 1188 3594 auctore
1215 3539 1569 3595 Ambrosiani
1597 3541 1729 3596 dicti
1755 3546 1908 3596 sunt.
1930 3542 2006 3596 De
2035 3541 2125 3596 his

495 3633 759 3688 omnibus
783 3632 938 3688 testis
967 3637 1051 3687 est
1073 3632 1340 3688 Paulinus
1368 3633 1430 3688 in
1448 3633 1728 3688 Ambrosii
1754 3634 1880 3690 Vita
1907 3651 1921 3688 :
1954 3656 1982 3684 «
2015 3635 2124 3689 Hoc

492 3725 556 3781 in
580 3731 836 3799 tempore
866 3725 1052 3798 primo
1071 3725 1398 3798 antiphonze
1427 3727 1504 3798 (id
1529 3731 1614 3783 est
1635 3727 1885 3782 alternus
1909 3729 2124 3801 cantus)

494 3818 717 3890 hymni,
755 3835 818 3872 ac
843 3819 1054 3890 vigilite
1084 3819 1145 3873 in
1171 3819 1406 3874 ecclesia
1427 3819 1826 3875 Mediolanensi
1853 3820 2124 3876 celebrari

495 3916 806 3982 coeperunt.
837 3931 864 3960 ››
895 3911 965 3964 Et
983 3910 1307 3966 Ambrosius
1345 3910 1467 3982 ipse
1499 3911 1557 3965 in
1598 3912 1988 3967 Hexaemeron
2021 3913 2118 3968 lib.

493 4019 577 4072 III,
606 4019 729 4074 cap.
759 4005 812 4072 5,
841 4002 1138 4058 Ecclesiam
1172 4003 1320 4057 mari
1365 4009 1676 4075 comparat,
1715 4005 1777 4059 in
1811 4021 1924 4076 qua
1973 4025 2000 4056 (ι
2039 4022 2124 4062 re-

495 4094 801 4167 sponsoriis
830 4095 949 4164 (seu
971 4095 1192 4150 alterno
1221 4096 1411 4166 cantu)
1439 4096 1806 4168 psalmorum,
1837 4103 2008 4154 cantu
2034 4100 2118 4154 vi-

495 4204 714 4255 rorum,
731 4187 1060 4257 mulierum,
1077 4188 1386 4260 virginum,
1403 4190 1790 4261 parvulorum,
1812 4207 2122 4248 consonans

497 4281 779 4336 undarum
802 4281 994 4353 fragor
1011 4281 1263 4338 resultat.
1293 4304 1321 4332 ››
1355 4282 1506 4338 [dem
1526 4283 1871 4354 hymnorum
1884 4302 2120 4342 suorum

495 4375 756 4431 meminit
783 4374 844 4430 in
872 4375 1143 4446 opusculo
1171 4375 1240 4430 de
1277 4375 1486 4448 Spiriiu
1536 4382 1749 4444 sancto,
1795 4383 1851 4434 et
1891 4379 1951 4435 in
1997 4381 2116 4452 epi—

494 4469 636 4526 stola
663 4472 752 4525 32.

2233 1957 2507 2013 cantando
2525 1957 2597 2012 ad
2622 1957 2802 2012 Deum
2820 1956 3188 2026 laudandum,
3205 1957 3295 2012 vel
3324 1957 3440 2012 alta
3463 1973 3608 2012 voce
3633 1974 3896 2030 pronun-

2233 2051 2426 2107 tiando
2453 2051 2526 2106 ad
2549 2049 2831 2122 psalmum
2860 2050 3283 2122 exponendum.
3313 2050 3544 2106 Primus
3569 2051 3800 2107 modus
3827 2053 3897 2106 al-

2233 2144 2410 2199 ternis
2447 2144 2653 2214 choris,
2687 2143 2964 2200 secundus
3007 2159 3110 2214 per
3161 2143 3351 2198 solum
3402 2143 3724 2200 lectorem.
3772 2147 3893 2200 Haec

2232 2237 2394 2293 lectio
2432 2237 2492 2292 in
2516 2237 2748 2292 arbitrio
2773 2237 3106 2308 exponentis
3131 2242 3292 2308 erat;
3324 2237 3424 2309 qui
3448 2253 3636 2309 quem
3665 2239 3897 2294 volebat

2231 2331 2518 2402 psalmum
2546 2330 2606 2384 in
2631 2335 3038 2402 argumentum
3062 2347 3180 2386 suae
3209 2331 3498 2384 concionis
3525 2333 3892 2388 assumebat.

2231 2425 2438 2479 Cantus
2465 2440 2595 2478 vero
2613 2424 2708 2479 ille
2733 2423 2900 2478 certis
2923 2423 3229 2495 aliquando
3252 2423 3488 2495 psalmis
3510 2441 3625 2495 pro
3657 2425 3894 2482 dierum

2233 2517 2498 2588 qualitate
2518 2517 2774 2572 addictus
2793 2521 2933 2588 erat,
2949 2521 3012 2572 ut
3034 2521 3191 2588 patet
3210 2533 3281 2572 ex
3293 2517 3611 2589 Augustini
3648 2535 3892 2575 enarra-

2232 2610 2383 2665 tione
2410 2614 2442 2665 2
2475 2610 2534 2664 in
2577 2611 2859 2682 psalmum
2899 2627 3010 2680 xxi,
3053 2626 3216 2666 num.
3245 2613 3336 2681 38,
3369 2615 3428 2666 et
3455 2627 3529 2666 ex
3559 2611 3702 2669 aliis
3738 2614 3892 2684 locis,

2231 2719 2358 2774 quae
2399 2703 2686 2759 brevitatis
2729 2720 2898 2758 causa
2933 2703 3448 2775 praetermittimus.
3499 2707 3893 2765 Postmoduni

2231 2812 2362 2851 cum
2385 2797 2626 2868 majores
2661 2796 2722 2850 in
2758 2797 2871 2852 vita
2906 2797 3222 2852 Christiana
3262 2814 3610 2871 progressus
3657 2801 3896 2859 fecisset

2231 2889 2613 2944 sanctissimus
2632 2891 2850 2959 Doctor,
2881 2889 3036 2945 illam
3068 2890 3472 2946 modulationis
3507 2894 3891 2966 suavitatem,

2231 2981 2360 3055 quae
2398 2986 2690 3054 tantopere
2735 2983 2923 3054 ipsum
2957 2983 3261 3055 aliquando
3296 2984 3592 3054 affecerat,
3639 2989 3892 3062 simplici

2230 3078 2575 3146 psalmorum
2595 3076 2897 3148 prolationi
2919 3093 3050 3132 cum
3078 3077 3351 3149 gravitate
3377 3078 3546 3134 factm
3577 3088 3894 3155 postpone-

2229 3169 2344 3224 bat.
2376 3171 2452 3224 Ita
2477 3169 2629 3224 enim
2649 3169 2904 3240 loquitur
2928 3170 2990 3224 in
3027 3170 3125 3226 lib.
3166 3187 3200 3227 x
3237 3171 3719 3243 Confessionum,
3767 3194 3890 3250 cap.

2227 3265 2292 3318 33
2325 3281 2338 3318 :
2371 3284 2399 3312 ‹‹
2427 3262 2532 3318 Sed
2562 3262 2723 3317 valde
2759 3262 3069 3332 interdum,
3108 3268 3174 3318 ut
3213 3264 3391 3319 melos
3429 3282 3612 3322 omne
3646 3271 3889 3325 cantile-

2225 3371 2428 3410 narum
2443 3355 2718 3425 suavium,
2737 3355 2942 3426 quibus
2957 3355 3283 3412 Davidicum
3298 3358 3658 3416 Psalterium
3691 3360 3880 3436 391

2224 3449 2634 3520 frequentatur,
2655 3449 2725 3504 ab
2750 3449 2981 3504 auribus
3006 3449 3146 3505 meis
3167 3451 3454 3506 removeri
3473 3453 3687 3527 velim,
3718 3463 3889 3528 atque

2224 3542 2402 3614 ipsius
2440 3541 2691 3598 Ecclesia
2721 3559 2736 3596 :
2791 3542 3080 3614 tutiusque
3133 3543 3280 3598 mihi
3337 3545 3572 3602 videtur
3613 3551 3784 3621 quod
3823 3552 3888 3606 de

2224 3635 2600 3690 Alexandrino
2637 3635 2897 3707 episcopo
2933 3636 3236 3692 Athanasio
3275 3654 3427 3710 saepe
3470 3641 3624 3698 mihi
3665 3645 3889 3701 dictum

2223 3727 2605 3798 commemini,
2635 3729 2734 3800 qui
2761 3733 2877 3784 tam
2900 3729 3122 3785 modico
3155 3729 3309 3786 ﬂexu
3333 3733 3490 3788 vocis
3513 3735 3782 3795 faciebat
3809 3757 3891 3795 so-

2221 3837 2357 3877 nare
2384 3823 2651 3878 lectorem
2670 3822 2892 3893 psalmi,
2923 3827 2984 3876 ut
3007 3824 3404 3894 pronuntianti
3428 3827 3691 3886 vicinior
3716 3840 3886 3903 esset,

2223 3931 2396 3986 quam
2425 3915 2668 3970 canenti.
2699 3934 2728 3966 »
2755 3915 2910 3970 Alius
2930 3915 3108 3988 igitur
3130 3923 3406 3974 erattunc
3430 3920 3495 3976 in
3523 3923 3795 3981 Ecclesia
3821 3928 3890 3982 ri-

2221 4012 2331 4076 tus,
2362 4007 2592 4079 quando
2630 4007 3076 4064 Alexandrinum
3113 4011 3470 4081 Augustinus
3497 4018 3886 4085 praeferebat.

2221 4099 2472 4171 Denique
2505 4100 2564 4154 in
2606 4099 2788 4156 Africa
2827 4101 3061 4174 psalmis
3100 4102 3272 4158 etiam
3319 4104 3890 4170 intermiscebantur

2219 4192 2385 4247 certis
2424 4192 2619 4248 diebus
2658 4193 2944 4264 lectiones,
3002 4215 3031 4247 ι(
3069 4211 3200 4268 qua:
3241 4196 3322 4252 ita
3347 4205 3518 4256 erant
3541 4219 3798 4277 annuae,
3832 4215 3891 4262 ut

2217 4285 2342 4341 aliae
2371 4301 2490 4342 esse
2515 4303 2628 4342 non
2658 4293 2906 4360 possent,
2938 4309 2966 4337 »
2995 4288 3076 4344 ait
3100 4289 3255 4346 idem
3299 4294 3678 4365 Augustinus
3717 4301 3890 4358 initio

2219 4380 2649 4452 expositionisin
2674 4381 2922 4452 primam
2933 4383 3184 4438 Joannis.
3213 4385 3276 4438 In
3293 4387 3538 4444 concilio
3565 4391 3888 4467 Carthagi-

2217 4473 2378 4528 nensi
2407 4490 2467 4528 III
2495 4473 2760 4530 statuitur
2784 4491 2995 4530 canone
3020 4477 3088 4530 47
3119 4493 3134 4531 :
3192 4480 3258 4534 Ut
3301 4486 3510 4550 praeter
3546 4485 3891 4558 Seriphi-ras

568 4563 654 4620 14.
679 4565 816 4628 Quae
837 4562 1096 4635 superius
1127 4579 1198 4619 ex
1239 4568 1407 4618 cantu
1429 4564 1780 4636 psalmorum
1821 4565 2118 4622 Mediolani
2136 4583 2195 4658 D
2217 4569 2516 4630 canonicos,
2545 4567 2685 4622 nihil
2705 4569 2764 4622 in
2788 4569 3006 4624 ecclesia
3030 4569 3245 4640 legatur
3269 4573 3369 4628 sub
3393 4579 3619 4633 nomine
3655 4581 3890 4637 divina-

489 4654 747 4716 instituto
769 4657 876 4712 sibi
889 4656 1152 4712 accidisse
1170 4663 1362 4712 narrat
1377 4659 1745 4730 Augustinus,
1759 4659 1830 4714 ad
1846 4659 2116 4732 baptismi
2137 4654 2180 4658 —
2215 4676 2336 4715 rum
2361 4662 2784 4731 Scripturarum.
2811 4661 2947 4726 Quae
2979 4662 3228 4719 clausula
3242 4681 3358 4720 non
3385 4669 3656 4728 excludit.
3673 4679 3887 4732 tracta-

491 4751 668 4825 ipsius
691 4755 936 4822 tempus,
965 4749 1023 4806 id
1052 4754 1136 4806 est
1163 4751 1235 4805 ad
1262 4767 1479 4806 annum
1505 4755 1607 4808 387
1636 4752 1930 4808 referenda
1959 4757 2112 4810 sunt.

491 4845 766 4902 Eumdem
796 4844 971 4898 ritum
1008 4843 1069 4898 in
1108 4844 1354 4899 Africam
1390 4844 1510 4917 ipse
1553 4845 1764 4901 invexit
1797 4845 2113 4918 episcopus.

488 4941 782 4997 Alternum
801 4954 974 5010 porro
987 4937 1158 4992 fuisse
1171 4937 1490 5010 colligimus
1517 4955 1587 4994 ex
1613 4939 1736 5010 ejus
1764 4941 2114 4996 enarratione

433 5103 443 5111 .
489 5034 548 5088 in
570 5033 853 5105 psalmum
879 5048 1028 5098 xxvr,
1054 5047 1216 5086 num.
1249 5035 1268 5085 1
1298 5048 1312 5087 :
1343 5052 1372 5082 ‹‹
1395 5033 1565 5087 Voces
1579 5032 1699 5087 istae
1721 5033 1942 5104 psalmi,
1973 5050 2116 5106 quas

489 5125 825 5194 audivimus,
849 5131 905 5180 et
933 5141 999 5180 ex
1017 5129 1172 5196 parte
1201 5125 1568 5196 cantavimus,
1597 5147 1624 5176 ››
1655 5131 1761 5181 etc.
1791 5127 1933 5180 Tum
1957 5143 2115 5182 enar-

487 5219 666 5276 rando
691 5218 974 5290 psalmum
1002 5235 1144 5287 XLVI,
1173 5235 1334 5289 num,
1371 5222 1391 5274 1
1425 5235 1441 5274 :
1477 5241 1504 5268 ‹‹
1535 5220 1725 5291 Itaque
1744 5219 1804 5274 in
1827 5219 1936 5275 hoc
1961 5222 2110 5292 psal-

489 5329 604 5379 mo,
632 5327 805 5384 quem
819 5315 1107 5366 cantatum
1120 5312 1456 5384 audivimus,
1476 5312 1566 5368 cui
1581 5313 1860 5369 cantando
1887 5331 2113 5387 respon-

489 5407 697 5475 dimus,
719 5421 785 5460 ea
803 5421 998 5460 sumus
1011 5405 1212 5461 dicturi
1226 5423 1354 5478 quae
1373 5406 1572 5462 nostis.
1597 5426 1624 5458 ι)
1652 5406 1759 5461 Alii
1778 5423 1915 5478 ergo
1929 5424 2111 5464 unum

489 5515 736 5568 versum,
765 5499 860 5552 alii
881 5499 1056 5554 alium
1081 5499 1324 5554 vicissim
1353 5499 1726 5555 decantabant
1753 5517 1772 5568 ;
1802 5516 1867 5554 ac
1906 5501 2109 5556 deinde

487 5598 615 5666 post
640 5592 918 5665 psalmum
945 5609 1092 5664 saepe
1120 5592 1397 5664 expositio
1421 5591 1492 5646 ab
1519 5591 1781 5663 episcopo
1803 5593 1949 5648 facta
1974 5595 2107 5650 sub-

487 5687 842 5760 sequebatur.
855 5686 1196 5742 Cantabatur
1213 5681 1408 5757 390
1429 5688 1619 5739 autem
1631 5701 1664 5736 a
1675 5686 1887 5756 populo
1903 5691 2106 5757 stante,

487 5801 558 5843 ex
582 5801 841 5842 sermone
857 5787 888 5842 3
917 5783 977 5839 in
1001 5783 1287 5855 psalmum
1311 5797 1494 5852 xxxVI,
1525 5797 1686 5838 num.
1715 5784 1746 5838 2
1777 5799 1792 5838 :
1825 5805 1853 5834 «
1876 5785 2108 5844 Certene

487 5891 686 5931 verum
723 5876 806 5930 est
841 5869 996 5944 quod
1033 5869 1293 5926 cantavi?
1329 5873 1476 5926 certe
1515 5885 1714 5928 verum
1746 5877 1830 5930 est
1863 5875 2016 5947 quod
2048 5875 2107 5932 in

2215 4757 2305 4807 tus
2330 4757 2652 4808 sanctorum
2677 4755 2928 4826 Patrum,
2955 4772 3060 4812 nec
3087 4757 3358 4816 lectiones
3377 4767 3726 4836 martyrum
3755 4787 3888 4842 pas-

2213 4846 2458 4918 sianum,
2497 4851 2636 4919 quas
2678 4848 2794 4920 legi
2838 4850 3120 4921 permittit
3150 4853 3459 4910 concilium
3502 4859 3884 4925 Africanum,

2211 4955 2330 4995 cum
2355 4943 2680 4996 aniversarii
2720 4941 2834 4996 dies
2869 4959 3050 4998 eorum
3087 4946 3448 5004 celebrantur.
3499 4952 3693 5012 Caute
3746 4974 3886 5014 veru

2213 5049 2277 5086 ac
2302 5032 2562 5104 religiose
2589 5051 2622 5087 a
2646 5034 2901 5091 Patribus
2924 5037 3122 5108 synodi
3159 5039 3496 5097 Milevitanae
3536 5047 3655 5103 sub
3700 5053 3882 5108 Inno-

2213 5125 2395 5181 centio
2423 5127 2442 5180 ι
2471 5126 2761 5182 decretum
2785 5133 2890 5200 est,
2919 5145 3135 5187 canone
3157 5135 3244 5200 12,
3272 5138 3340 5190 ut
3352 5136 3533 5192 nullas
3553 5157 3774 5211 preces
3803 5148 3886 5202 di-

2212 5221 2412 5272 cantur
2435 5218 2494 5272 in
2523 5220 2768 5290 ecclesia,
2787 5223 2896 5278 nisi
2915 5239 3034 5293 qua
3059 5241 3092 5278 a
3115 5227 3573 5296 prudentioribus
3591 5240 3883 5305 tractatas,

2209 5312 2296 5366 vel
2334 5314 2679 5382 comprobatae
2711 5317 2770 5369 in
2802 5317 3006 5384 synodo
3033 5319 3286 5385 fuerint:
3329 5337 3398 5378 ne
3435 5326 3588 5392 forte
3649 5333 3888 5404 aliquid

2210 5409 2393 5460 contra
2413 5407 2590 5475 ﬁdem,
2619 5410 2704 5464 vel
2719 5425 2822 5480 per
2843 5411 3232 5480 ignorantiam,
3263 5417 3350 5472 vel
3371 5434 3478 5488 per
3518 5425 3716 5482 minus
3757 5436 3883 5484 stu-

2209 5499 2360 5553 dium
2383 5501 2455 5555 sit
2478 5505 2844 5572 compositum.

2285 5595 2366 5647 16.
2395 5593 2476 5648 Ab
2497 5595 2680 5650 Africa
2697 5613 2813 5652 non
2831 5603 2948 5654 tam
2973 5599 3261 5674 disparata
3300 5611 3428 5662 erat
3458 5607 3750 5684 Hispania
3793 5615 3882 5672 lo-

2207 5703 2404 5743 corum
2429 5687 2721 5745 intervallo
2747 5707 2918 5762 quam
2944 5695 3223 5766 psallendi
3247 5698 3388 5772 ritu,
3415 5705 3612 5774 qualis
3641 5707 3709 5764 in
3759 5711 3883 5767 Mo-

2205 5780 2454 5839 zarabico
2494 5799 2647 5840 nunc
2699 5784 2980 5844 Breviario
3029 5789 3355 5852 exhibetur.
3413 5796 3565 5856 Nam
3621 5818 3770 5861 cum
3823 5806 3886 5861 in

2203 5876 2406 5946 Africa,
2447 5877 2590 5934 sicut
2615 5883 2672 5934 et
2695 5877 2754 5934 in
2783 5883 2904 5938 toto
2928 5882 3084 5955 orbe,
3106 5887 3314 5958 psalmi
3345 5894 3468 5950 tam
3515 5894 3580 5951 in
3625 5906 3881 5958 noctur-
