3970 6400
120 349 209 401 389
1127 337 1132 342 ’
1185 347 1271 404 DE
1307 350 1523 404 CURSU
1560 351 1930 406 GALLICANO
1967 349 2376 418 DISQUISITIO.
3357 353 3463 404 390

119 455 211 524 nis,
239 469 414 526 quam
439 453 504 507 in
537 453 761 510 diurnis
797 454 1048 510 ﬁdelium
1075 455 1737 516 conventibuscaneren-
1761 471 1819 542 Α
1842 459 1997 530 gilias
2026 465 2350 514 nocturnas.
2390 457 2630 512 Isidorus
2656 473 2725 513 ex
2753 455 2988 528 reliquis
3017 453 3232 540 ofﬁciis,
3260 461 3469 527 praeter

119 553 215 614 tur,
229 547 304 601 ita
314 552 422 602 uta
438 547 924 618 primus,medius
935 547 1332 604 etnovissimus
1342 554 1485 604 esset
1497 549 1671 604 David
1687 569 1736 615 ,»
1839 554 2128 623 Vesperas,
2159 550 2627 622 Completorium,
2660 550 2887 622 Vigilias
2905 553 3231 618 nocturnas,
3263 551 3319 603 et
3343 565 3465 603 ma-

120 645 240 695 t2ste
278 639 689 710 Chrysostomo
729 641 881 712 apud
921 641 1258 708 Mozarabes,
1305 643 1505 697 saltem
1542 659 1738 697 recen-
1839 645 2048 700 tutinas
2087 645 2324 712 Laudes,
2366 649 2620 698 recenset
2656 648 2880 698 tantum
2916 642 3180 708 Tertiam,
3221 642 3465 711 Sextam,

119 734 284 796 tiores,
311 749 429 787 non
464 733 552 787 ita
579 737 776 804 utpote
801 733 900 805 qui
927 749 1031 788 nec
1057 733 1116 788 in
1142 733 1367 805 vigiliis,
1394 751 1498 789 nec
1524 734 1583 790 in
1611 751 1734 789 ves-
1838 744 1894 794 et
1941 740 2180 806 Nonam,
2225 737 2426 791 omissa
2479 735 2684 790 Prima!
2735 735 2945 790 nedum
2991 738 3224 788 Aurorae
3261 733 3463 803 ofﬁcio,

120 825 251 898 peris
280 825 465 880 ullum
503 826 797 897 psalmum
833 826 1224 897 praescribunt.
1258 829 1320 881 In
1359 827 1620 882 omnibus
1645 844 1739 882 au-
1837 831 1988 902 quod
2013 834 2242 886 Aurorae
2267 830 2518 884 ofﬁcium
2544 834 2676 884 ante
2701 828 2947 882 Primam
2958 827 3017 881 in
3043 826 3322 882 Breviario
3347 828 3462 881 Mo-

120 926 236 987 tem,
257 923 465 990 preter
483 919 953 990 Completorium,
975 919 1170 974 ciliciis
1187 919 1279 974 hic
1300 920 1437 974 ordo
1465 925 1734 975 servatur.
1837 923 2085 978 zarabico
2118 923 2402 994 singulare
2430 919 2836 994 prmscribitur.
2859 919 3028 991 Atqui
3053 919 3112 973 in
3134 918 3220 974 his
3244 919 3464 974 diurnis

119 1011 284 1066 Primo
309 1013 478 1079 Kyrie
513 1013 716 1066 eleison
749 1011 1063 1083 prtemisso,
1100 1017 1314 1067 secreto
1342 1011 1576 1068 recitent
1609 1029 1736 1067 ora-
1838 1016 2035 1072 ofﬁciis
2065 1015 2304 1070 Isidorus
2329 1021 2443 1070 tres
2475 1015 2750 1070 duntaxat
2773 1013 3020 1086 psalmos
3043 1011 3310 1084 assignat,
3342 1028 3462 1067 res-

119 1106 311 1160 tionem
351 1104 716 1159 Dominicam
759 1102 952 1176 392
1001 1121 1131 1158 cum
1180 1105 1512 1160 salutatione
1559 1122 1735 1176 ange-
1837 1109 2165 1180 ponsorium
2201 1125 2404 1177 unum,
2437 1108 2702 1162 lectiones
2738 1123 2806 1161 ex
2836 1105 3022 1161 Veteri
3056 1107 3316 1177 Novoque
3340 1106 3467 1160 Tes-

119 1198 236 1266 lica;
264 1196 574 1267 statimque
615 1197 884 1252 inchoant
920 1197 1172 1251 ofﬁcium
1208 1197 1278 1251 ab
1307 1197 1395 1252 his
1420 1197 1601 1252 verbis
1630 1215 1644 1251 :
1674 1201 1737 1254 In
1834 1205 2084 1257 tamento
2109 1201 2267 1268 duas,
2299 1201 2500 1255 deinde
2545 1200 2776 1268 Laudes,
2806 1199 3107 1270 hymnum,
3137 1204 3305 1270 atque
3345 1215 3468 1253 ora-

121 1293 308 1345 nomine
332 1291 558 1345 Domini
575 1292 752 1345 nostri
771 1293 894 1344 Jesu
922 1291 1122 1347 Christi
1147 1291 1324 1344 twnen
1350 1307 1467 1344 cum
1485 1305 1638 1360 pace,
1665 1291 1735 1344 ad
1833 1294 2068 1363 tionem,
2099 1309 2228 1364 quae
2255 1292 2443 1347 omnia
2472 1308 2601 1346 cum
2632 1291 2972 1346 Mozarabico
3014 1291 3128 1346 ritu
3163 1291 3458 1358 hodierno,

121 1399 232 1453 qua:
277 1382 663 1453 respondetur
719 1398 733 1436 :
766 1386 868 1438 Deo
917 1385 1146 1452 gratias.
1198 1383 1495 1438 Nocturna;
1543 1399 1735 1454 preces
1833 1402 1948 1441 non
1967 1385 2326 1442 conveniunt.
2355 1387 2636 1440 Caeterum
2665 1383 2864 1438 Isidori
2889 1387 3140 1454 tempore.
3161 1385 3282 1438 haec
3309 1383 3462 1454 apud

120 1474 439 1530 brevissima:
483 1479 753 1530 constant
791 1474 1128 1545 quibusdam
1160 1475 1502 1546 antiphonis,
1535 1479 1590 1529 et
1614 1491 1732 1530 res-
1833 1479 2104 1550 Hispanos
2133 1477 2426 1549 disciplina
2462 1481 2602 1545 erat,
2646 1480 2711 1530 ut
2743 1497 2770 1528 α
2802 1477 3027 1548 quando
3054 1477 3332 1548 psallitur,
3361 1477 3460 1545 ait,

119 1568 394 1639 ponsoriis,
415 1584 552 1639 quae
573 1569 722 1622 Laus
737 1571 794 1622 et
813 1567 994 1622 Sonus
1011 1567 1399 1639 appellantur;
1420 1567 1555 1621 item
1575 1567 1736 1638 hym-
1832 1572 2098 1643 psallatur
2117 1571 2186 1626 ab
2211 1570 2504 1635 omnibus;
2542 1586 2674 1624 cum
2721 1573 2932 1639 oratur,
2961 1574 3154 1624 oretur
3179 1569 3250 1624 ab
3273 1569 3459 1623 omni-

122 1679 182 1716 no
215 1665 267 1716 et
299 1661 547 1731 cantico,
587 1661 743 1732 quod
785 1660 939 1714 aliud
983 1665 1069 1715 est
1109 1677 1140 1714 a
1182 1660 1394 1715 cantico
1423 1660 1730 1728 Zachariae,
1831 1664 1968 1732 bus;
1991 1680 2122 1720 cum
2147 1663 2312 1718 lectio
2333 1661 2560 1733 legitur,
2578 1661 2726 1716 facto
2745 1661 2987 1730 silentio,
3015 1677 3176 1733 asque
3199 1661 3463 1716 audiatur

119 1758 482 1826 prmterquam
511 1753 578 1808 in
612 1754 758 1808 festo
786 1753 1153 1807 Praecursoris
1198 1769 1211 1806 :
1254 1751 1417 1807 sicuti
1453 1752 1735 1807 canticum
1833 1774 1867 1811 a
1932 1757 2163 1826 cunctis,
2226 1779 2251 1804 n
2307 1755 2365 1810 in
2427 1755 2528 1809 lib.
2584 1771 2598 1807 ι
2649 1754 2717 1808 de
2785 1753 3169 1809 ecclesiasticis
3227 1752 3456 1824 Ofﬁciis,

120 1847 277 1902 beata:
315 1847 504 1902 Mariae
533 1847 598 1901 in
626 1845 872 1918 vesperis
899 1861 1193 1917 nunquam
1231 1845 1454 1912 dicitur,
1494 1849 1731 1917 praeter-
1753 1827 1809 1898 B
1833 1867 1954 1921 cap.
1987 1853 2074 1905 10.

121 1955 271 2010 quam
300 1939 357 1994 in
384 1939 548 1994 festis
576 1938 760 1994 beatae
785 1939 992 1994 Mariae.
1021 1939 1082 1992 In
1117 1937 1238 1993 aliis
1266 1938 1422 1993 horis
1454 1937 1734 1992 canonicis
1906 1945 1990 1998 18.
2021 1943 2380 2011 Fructuosus,
2408 1942 2470 1996 in
2511 1943 2725 2013 regulae
2765 1941 2964 2012 primm
3004 1956 3127 2010 cap.
3155 1943 3212 2008 2,
3245 1939 3315 1993 ab
3360 1939 3458 1994 lsi-

121 2033 331 2104 quidam
381 2032 596 2104 psalmi
648 2032 978 2101 recitantur,
1033 2031 1261 2102 adjectis
1312 2031 1483 2086 etiam
1524 2030 1730 2098 Laude,
1833 2036 1968 2091 doro
1993 2035 2054 2088 in
2077 2034 2386 2100 nonnullis,
2420 2033 2517 2088 sed
2543 2034 2602 2088 in
2629 2033 2886 2106 pluribus
2911 2049 2945 2086 a
2970 2031 3307 2086 Mozarabico
3345 2031 3461 2086 ritu

121 2126 268 2195 Sono,
301 2131 357 2181 et
383 2125 742 2197 antiphonis.
782 2124 974 2180 Ofﬁcia
1016 2128 1290 2178 nocturna
1325 2128 1384 2178 et
1419 2123 1734 2194 vespertina
1832 2127 2037 2184 diﬂ‘ert.
2069 2125 2262 2199 394
2304 2127 2364 2180 In
2405 2126 2512 2180 hoc
2538 2131 2728 2180 antem
2771 2141 2902 2180 cum
2943 2123 3150 2180 Isidoro
3182 2125 3460 2193 convenit,

121 2219 306 2274 claudit
341 2219 529 2274 oratio
572 2218 888 2286 Dominica,
931 2233 1060 2288 qua:
1102 2217 1242 2272 elata
1276 2232 1408 2271 voce
1443 2216 1729 2283 recitatur,
1831 2221 1982 2292 quod
2025 2219 2276 2274 Psalmos
2318 2218 2379 2272 in
2422 2218 2718 2273 nocturnis
2757 2217 2953 2288 Vigilis
2989 2216 3321 2288 praascribit,
3366 2217 3463 2272 sed

121 2312 308 2383 populo
344 2312 417 2366 ad
463 2311 725 2383 singulas
768 2309 1068 2382 petitiones
1117 2309 1490 2381 respondente
1538 2309 1729 2377 Amen,
1831 2313 2022 2385 plures
2041 2328 2213 2384 quam
2241 2311 2482 2366 lsidoms
2505 2328 2522 2380 ;
2553 2315 2740 2366 ternos
2766 2327 2898 2365 vero
2916 2309 2978 2364 in
2996 2309 3234 2379 diurnis,
3255 2315 3324 2364 ut
3342 2309 3459 2379 ille,

120 2410 476 2476 praeterquam
505 2404 587 2459 ad
604 2407 808 2460 Panem
841 2407 1102 2472 nostrum,
1130 2407 1259 2472 etc.,
1302 2399 1402 2455 ubi
1432 2401 1733 2472 responde-
1831 2405 2048 2460 ofﬁciis.
2080 2405 2137 2459 Id
2187 2403 2490 2474 peculiare,
2519 2403 2671 2474 quod
2697 2403 2944 2458 Primam
2969 2405 3026 2458 et
3061 2401 3459 2457 Duodecimam

121 2503 200 2552 tu?
216 2515 229 2552 ε
247 2499 382 2564 Quid
397 2501 539 2554 Deus
563 2513 642 2560 es,
663 2501 726 2551 ut
750 2496 811 2550 in
838 2495 1027 2550 missa.
1055 2496 1116 2550 In
1141 2495 1252 2548 ﬁne
1276 2497 1371 2549 :In
1389 2495 1596 2547 nomine
1623 2495 1729 2547 Do-
1830 2499 2096 2569 assignat,
2115 2513 2257 2568 quas
2286 2496 2380 2551 ille
2405 2495 2818 2566 praetermittit;
2842 2498 2899 2550 et
2919 2494 3312 2548 Duodecimam
3337 2494 3461 2566 qui-

121 2593 237 2646 mini
253 2593 422 2646 nostri
435 2593 567 2647 Iesu
591 2590 793 2648 Christi
806 2591 1145 2660 perﬁciamus
1161 2603 1278 2641 cum
1305 2602 1457 2656 pace.
1479 2585 1563 2640 Ad
1582 2587 1732 2656 quod
1831 2591 1961 2646 dem
1986 2607 2020 2644 a
2045 2591 2283 2660 Vespera
2307 2588 2620 2658 distinguit,
2649 2604 2778 2643 cum
2807 2587 2961 2642 hora:
2987 2587 3268 2641 canonicze
3294 2587 3364 2641 ab
3391 2603 3458 2641 eo

123 2684 394 2754 respondet
412 2683 817 2756 populuszbeo
837 2684 1067 2752 gratias.
1086 2681 1253 2734 Plura
1273 2679 1340 2734 de
1354 2678 1536 2733 ofﬁcio
1554 2679 1730 2733 Moza-
1831 2687 2195 2738 recensentur
2235 2681 2342 2736 hoc
2379 2681 2548 2736 modo
2580 2697 2594 2735 :
2623 2681 2826 2748 Tertia,
2873 2680 3058 2747 Sexta,
3096 2681 3273 2747 Nona,
3304 2680 3455 2734 Duo-

122 2776 298 2832 rabum
316 2776 414 2849 qui
431 2777 610 2844 volet,
642 2775 795 2847 legat
813 2779 1033 2829 tomum
1051 2777 1400 2844 postremum
1425 2771 1730 2826 Bibliothe-
1831 2775 2048 2831 decima
2093 2775 2372 2842 videlicet,
2421 2777 2590 2844 atque
2635 2774 2895 2843 Vespera.
2950 2771 3263 2827 Concilium
3326 2789 3456 2828 vero

123 2886 188 2922 cae
229 2871 449 2925 Patrum
485 2868 716 2924 defectu
757 2865 1024 2922 Breviarii
1059 2864 1403 2931 Mozarabici,
1431 2863 1590 2935 cujus
1607 2880 1734 2918 rara
1832 2867 2198 2937 Emeritense,
2226 2883 2440 2921 canone
2467 2870 2521 2936 2,
2548 2867 2918 2936 Vesperarum
2943 2864 3194 2919 ofﬁcium
3217 2865 3288 2920 ad
3331 2883 3455 2920 mo-

124 2967 237 3016 sunt
252 2961 621 3034 exemplaria,
645 2964 745 3015 aut
763 2958 1064 3015 cardinalis
1090 2959 1257 3012 Bona:
1278 2955 1487 3012 librum
1507 2973 1545 3010 ιι
1567 2957 1634 3010 de
1656 2956 1735 3011 di-
1832 2960 1969 3016 dum
1999 2960 2238 3016 aliarum
2287 2957 2668 3028 ecclesiarum,
2699 2957 2908 3012 scilicet
2948 2957 3319 3027 Mozarabum,
3358 2975 3456 3013 ea-

124 3056 578 3127 vinapsalmodia,
602 3070 728 3126 cap.
755 3052 960 3123 t8,ubi
975 3051 1054 3106 ait
1072 3049 1640 3124 hoc_ofﬁciumadhuc
1658 3049 1735 3104 vi—
1832 3070 2073 3125 rumque
2116 3058 2230 3108 tres
2265 3058 2474 3124 partes,
2516 3050 2943 3117 Lucernarium,
2974 3051 3368 3122 Vespertinum
3407 3056 3462 3105 et

125 3164 236 3219 gere
258 3165 318 3203 ac
339 3147 551 3204 servari
569 3145 746 3203 Toleti
763 3145 822 3200 in
841 3145 1092 3217 quinque
1113 3143 1388 3216 parmciis,
1412 3147 1468 3197 et
1491 3142 1551 3196 in
1569 3142 1736 3197 sacel-
1754 3187 1807 3261 Ο
1834 3146 2045 3202 Sonum
2073 3145 2544 3215 distinguit.Sicut
2571 3147 2627 3198 in
2654 3144 2783 3200 Fide
2815 3147 3023 3204 sancta,
3061 3143 3330 3214 inquiunt
3357 3145 3457 3199 Pa-

125 3240 160 3261 l-
191 3241 446 3261 n_____3__2
473 3240 742 3261 v:_._-_.-_
766 3237 1058 3261 -_..J:_..1:-
1104 3237 1348 3261 ειη-...ηε-,ι
1377 3235 1730 3261 ολινκηκιζιιηι
1831 3243 1941 3261 1..--
1975 3244 2155 3261 _--A_x_.
2193 3243 2262 3261 ..ΑΔ
2289 3239 2622 3261 -..ρ-μέμέλη-
2672 3240 2749 3261 ἐι...
2790 3253 2885 3261 μ..-
2929 3242 3109 3261 η-..ιιιΑ
3156 3238 3245 3261 ﬂ...‘
3286 3238 3455 3261 -:n-.'-

123 3240 166 3295 lo
191 3241 451 3297 Francisci
471 3240 742 3296 Ximenez
760 3237 1082 3307 cardinalis,
1102 3237 1350 3308 itemque
1377 3235 1732 3290 Salmanticaa
1755 3235 1807 3261 “‘
1831 3243 1944 3293 tres
1972 3244 2157 3316 nostra
2185 3243 2262 3294 est
2288 3239 2642 3301 unanimitas,
2671 3240 2752 3291 ita
2785 3253 2887 3306 pro
2924 3242 3111 3292 sancto
3148 3238 3245 3292 Dei
3281 3238 3457 3306 ofﬁcio

121 3332 170 3387 in
191 3335 377 3390 sacello
404 3333 658 3390 doctoris
677 3329 1104 3396 Talabricencis,
1133 3328 1287 3401 quod
1307 3332 1391 3383 est
1414 3328 1474 3382 in
1493 3329 1732 3382 claustro
1832 3332 1985 3386 debet
2030 3347 2136 3387 esse
2172 3333 2393 3386 intentio
2428 3330 2590 3400 (forte
2645 3329 2928 3400 consensio)
2974 3345 3201 3384 summa.
3244 3331 3462 3400 Oportet

124 3428 325 3497 majoris
350 3427 624 3483 ecclesiae.
1831 3426 2020 3494 igitur,
2065 3430 2128 3479 ut
2167 3411 2306 3478 sicut
2352 3425 2410 3478 in
2448 3424 2576 3478 aliis
2617 3424 2843 3478 ecclesiis
2875 3425 3172 3492 vespertino
3207 3427 3456 3493 tempore,

183 3523 262 3574 t7.
287 3521 398 3575 Hoc
427 3519 764 3576 Breviarum
788 3517 849 3572 in
885 3515 1132 3571 editione
1159 3513 1452 3570 cardinalis
1477 3513 1734 3568 Ximenez
1825 3522 1949 3588 post
1965 3519 2142 3572 lumen
2169 3517 2427 3579 oblatum,
2455 3517 2610 3587 prius
2637 3516 2838 3570 dicitur
2869 3516 3262 3585 Vespertinum,
3295 3531 3460 3585 quam

121 3613 420 3669 inscribitur
457 3630 472 3668 :
513 3613 774 3682 Ofﬁcium
819 3610 1096 3667 Gothicam
1137 3611 1246 3663 sive
1287 3609 1516 3662 mixtum
1549 3621 1729 3660 secun-
1829 3613 2028 3667 Sanum
2059 3613 2120 3665 in
2144 3609 2330 3664 diebus
2357 3610 2546 3676 festis;
2575 3611 2656 3662 ita
2685 3613 2736 3662 et
2769 3624 2804 3662 a
2841 3607 2991 3672 nobis
3026 3608 3361 3664 custodiatur
3398 3609 3458 3662 in

123 3706 233 3760 dum
261 3708 506 3777 regulam
548 3707 699 3760 beati
732 3703 950 3760 Isidori.
985 3701 1090 3756 Sed
1124 3717 1322 3755 vereor
1355 3703 1422 3754 ut
1457 3697 1732 3770 ejusmodi
1830 3705 2026 3758 nostris
2059 3702 2305 3758 ecclesiis.
2346 3701 2547 3755 Beatus
2583 3699 2756 3754 abbas
2783 3700 2844 3754 in
2879 3699 2976 3754 lib.
3005 3715 3021 3753 ι
3049 3699 3312 3754 adversus
3339 3701 3454 3755 Eli-

123 3799 260 3867 ritus,
283 3799 465 3872 qualis
490 3799 553 3854 in
573 3797 672 3852 illo
699 3795 980 3850 Breviario
1006 3792 1318 3864 descriptus
1344 3797 1446 3861 est,
1479 3791 1555 3846 ita
1584 3791 1730 3845 anti-
1830 3794 2102 3866 pandum,
2133 3793 2202 3849 de
2228 3792 2410 3847 ofﬁcio
2440 3792 2592 3864 apud
2617 3791 2892 3862 Hispanos
2919 3795 3049 3846 ante
3089 3791 3358 3846 saeculum
3402 3809 3456 3848 Ix
3503 3817 3508 3822 ·

123 3905 248 3962 quas
269 3893 356 3963 sit,
387 3896 450 3946 ut
467 3892 541 3946 ad
575 3889 772 3945 Isidori
792 3895 1050 3960 tempora
1070 3887 1246 3958 possit
1271 3885 1486 3940 referri.
1508 3884 1734 3939 Constat
1829 3887 2034 3942 usitato
2072 3886 2196 3940 haec
2232 3885 2404 3940 habet
2435 3899 2449 3940 :
2484 3903 2511 3937 «
2542 3884 2602 3939 Si
2634 3883 2694 3938 in
2722 3883 3051 3956 vespertinis
3075 3884 3455 3940 lucernarium

125 3984 374 4055 siquidem
402 4003 474 4041 ex
507 3984 636 4056 ejus
660 3982 894 4053 Regulae
921 3997 1044 4052 cap.
1067 3985 1098 4034 7
1119 3981 1360 4051 psalmos
1385 3977 1443 4032 in
1471 3977 1626 4032 omni
1650 3993 1734 4047 sy-
1830 3984 1959 4034 ante
2001 3979 2176 4034 altare
2219 3977 2502 4047 obtulerit,
2541 3994 2655 4032 non
2687 3980 2868 4048 potest
2902 3977 3065 4031 aliter
3106 3976 3314 4046 offerri,
3343 3978 3454 4033 nisi

125 4079 236 4133 naxi
284 4079 546 4134 recitatos
597 4076 792 4132 fuisse.
846 4076 905 4128 In
949 4073 1282 4144 vespertinis
1332 4070 1481 4126 enim
1539 4068 1734 4124 ofﬁciis
1831 4072 2037 4128 dixerit
2063 4090 2077 4126 :
2106 4075 2169 4128 1n
2188 4074 2402 4127 nomine
2425 4073 2641 4127 Domini
2662 4071 2834 4126 nostri
2857 4073 2980 4125 Iesu
3029 4071 3228 4128 Christi
3280 4071 3457 4128 lumen

123 4171 285 4240 primo
313 4194 340 4221 «
366 4171 803 4236 Lucernarium,
829 4189 858 4218 »
885 4164 1079 4241 393
1102 4165 1160 4221 id
1185 4169 1268 4220 est
1285 4162 1532 4236 precatio
1555 4163 1625 4218 ad
1649 4179 1736 4217 ac-
1832 4181 1948 4220 cum
1980 4181 2131 4236 pace.
2185 4164 2240 4220 Si
2292 4163 2465 4219 etiam
2517 4165 2797 4235 completo
2848 4162 3051 4232 ofﬁcio,
3104 4179 3220 4219 non
3272 4169 3458 4236 potest

125 4265 412 4320 cendendas
467 4265 773 4320 lucernas:
825 4284 854 4312 «
883 4259 1088 4316 deinde
1114 4257 1314 4331 psalmi
1343 4258 1477 4327 duo,
1499 4273 1730 4328 respon-
1832 4257 2024 4329 egredi
2053 4258 2171 4313 sine
2195 4257 2299 4312 hac
2324 4257 2620 4326 solutione,
2643 4256 2751 4311 nisi
2786 4256 2942 4329 prius
2986 4257 3193 4312 dixerit
3218 4275 3232 4312 :
3262 4259 3327 4312 In
3364 4275 3458 4314 no-

125 4357 312 4413 sorium
330 4375 535 4428 unum,
569 4356 809 4424 Laudes,
838 4355 1085 4426 hymnus
1105 4356 1272 4424 atque
1299 4349 1476 4406 oratio
1501 4349 1734 4404 dicenda
1829 4355 1974 4407 mine
1996 4353 2208 4407 Domini
2232 4353 2402 4407 nostri
2423 4354 2546 4406 Iesu
2573 4351 2774 4408 Christi
2809 4365 2991 4404 eamus
3031 4366 3149 4404 cum
3177 4366 3332 4421 pace.
3368 4350 3456 4406 Sic

127 4455 212 4504 est.
235 4472 260 4499 ιι
281 4453 339 4507 In
357 4450 659 4507 nocturnis
679 4453 873 4504 autem
890 4446 1108 4518 Vigiliis
1128 4445 1378 4517 primum
1400 4447 1562 4498 «tres
1578 4442 1731 4496 Psal-
1830 4444 1892 4499 in
1916 4443 2268 4515 vespertinis,
2316 4443 2394 4498 sic
2420 4443 2480 4496 in
2520 4442 2830 4510 matutinis,
2863 4441 2941 4495 sic
2985 4443 3248 4496 omnibus
3273 4442 3450 4510 horis,

125 4541 191 4596 mi
214 4543 458 4600 canonici
503 4541 784 4600 recitandi
797 4523 976 4609 ‘sunt;
1010 4537 1212 4595 deinde
1235 4542 1350 4593 tres
1374 4537 1559 4592 missae
1582 4535 1728 4606 psal-
1750 4552 1810 4624 D
1831 4537 2034 4608 quibus
2060 4535 2372 4592 necessaria
2395 4534 2579 4589 ofﬁcia
2603 4534 2687 4588 vel
2713 4533 2974 4588 canonica
2999 4533 3060 4588 in
3079 4534 3308 4589 ecclesia
3331 4551 3458 4607 per-

125 4649 345 4708 morum,
365 4641 574 4710 quarta
595 4635 964 4701 canticorum,
985 4631 1183 4705 quinta
1199 4630 1599 4686 Matutinarum
1617 4628 1734 4683 ofﬁ-
1787 4677 1800 4696 ,
1833 4632 2102 4701 aguntur.
2134 4648 2162 4680 »
2186 4629 2252 4683 Et
2280 4628 2401 4683 haec
2420 4626 2649 4698 quidem
2671 4626 2940 4682 hactenus
2966 4625 3230 4683 dicuntur
3252 4628 3312 4683 in
3337 4628 3456 4683 ofﬁ-

124 4727 334 4786 ciorum.
355 4731 502 4796 Quid
531 4729 608 4785 sit
635 4730 742 4784 hoc
773 4729 896 4784 loco
923 4725 1113 4794 missa,
1145 4725 1448 4779 obscurum
1489 4727 1590 4777 est.
1619 4722 1733 4776 Hoc
1832 4722 1917 4777 cio
1941 4721 2312 4790 Mozarabum,
2341 4720 2491 4792 quod
2518 4720 2578 4774 in
2621 4719 2744 4775 aliis
2793 4720 3036 4776 multum
3062 4721 3271 4776 recedit
3297 4739 3331 4776 a
3361 4739 3450 4778 re-

123 4823 434 4879 vocabulum
459 4822 770 4895 aliquando
797 4820 1124 4884 lectionem,
1145 4815 1448 4889 aliquando
1470 4830 1600 4870 vero
1619 4813 1730 4868 col—
1833 4815 1980 4887 gulis
2006 4815 2202 4870 Isidori
2230 4819 2286 4870 et
2315 4813 2626 4869 Fructuosi.

123 4913 302 4972 lectam
343 4934 445 4972 seu
501 4916 845 4984 orationem,
891 4927 1304 4983 nonnunquam
1349 4907 1733 4964 dimissionem
1905 4912 1990 4964 19.
2021 4909 2178 4963 Dicat
2213 4908 2401 4962 forsan
2427 4907 2632 4979 aliquis
2657 4907 2717 4962 in
2743 4907 2830 4962 his
2859 4907 3069 4978 regulis
3119 4906 3452 4965 monasticos

123 5005 391 5078 signiﬁcat.
434 5009 738 5066 Menardus
777 5008 930 5062 hunc
973 5006 1162 5060 locum
1200 5004 1274 5082 de_
1303 5003 1546 5058 Collecta
1584 5005 1732 5056 recte
1831 5001 1972 5057 ritus
2006 5001 2360 5073 praascriptos
2400 5001 2592 5070 fuisse,
2621 5017 2740 5055 non
2768 5016 3148 5070 communem,
3175 5001 3365 5074 qualis.
3394 5001 3453 5060 in

125 5098 507 5174 interpretatur
529 5120 542 5157 :
572 5124 599 5152 ‹‹
623 5103 686 5157 In
709 5099 1012 5156 Dominicis
1035 5113 1167 5154 vero
1186 5095 1406 5164 diebus,
1424 5095 1512 5150 vel
1531 5092 1735 5148 festivi—
1832 5094 2141 5166 Hispanicis
2178 5094 2433 5149 Ecclesiis
2457 5093 2876 5148 observabatur.
2905 5093 3280 5150 Conﬁrmatur
3305 5096 3361 5152 id
3385 5113 3455 5154 ex

126 5194 306 5250 tatibus
324 5201 666 5268 martyrum,
687 5193 1056 5249 solemnitatis
1087 5207 1251 5246 causa
1281 5189 1517 5260 singula:
1543 5203 1734 5259 super-
1831 5187 2053 5242 concilii
2081 5185 2432 5241 Bracarensis
2460 5185 2630 5256 primi
2654 5201 2866 5241 canone
2889 5189 2909 5240 t
2937 5185 3328 5261 relectionum,
3356 5189 3455 5247 ubi

127 5286 379 5344 addantur
418 5289 630 5344 missae.
674 5289 883 5342 Verum
922 5286 984 5341 in
1020 5283 1234 5356 Vigiliis
1259 5281 1528 5338 recitandi
1555 5279 1735 5336 aderit
1831 5279 2170 5349 decernitur,
2205 5281 2267 5334 Ut
2289 5294 2428 5334 unus
2455 5275 2645 5351 395
2667 5282 2826 5350 atque
2857 5279 3000 5335 idem
3023 5282 3300 5352 psallendi
3328 5287 3458 5342 ordo

128 5392 260 5450 usus,
287 5382 344 5436 in
374 5381 661 5438 Matutinis
688 5379 926 5436 canendi
958 5377 1342 5450 psallendique
1368 5373 1728 5430 consuetudo.
1831 5375 1888 5428 in
1914 5373 2198 5443 matutinis
2221 5372 2306 5426 vel
2325 5374 2640 5442 vespertinis
2659 5375 2842 5441 ofﬁciis
2867 5377 3145 5445 teneatur;
3177 5381 3228 5431 et
3249 5394 3357 5433 non
3377 5379 3458 5434 di-

129 5470 383 5530 Lectiones
409 5480 609 5530 autem
640 5490 712 5529 ex
749 5471 932 5528 Veteri
951 5477 1009 5527 et
1033 5472 1183 5525 Novo
1213 5469 1564 5524 Testamento
1595 5472 1734 5522 tem-
1829 5481 1990 5522 versae
2017 5482 2081 5522 ac
2108 5467 2356 5536 privatae,
2386 5481 2554 5536 neque
2579 5469 3022 5523 monasteriorum
3059 5472 3458 5527 consuetudines

128 5578 241 5632 pore
277 5567 442 5623 officii
479 5564 827 5640 quotidianis
873 5564 1072 5620 diebus
1109 5561 1449 5629 recitantur;
1492 5559 1732 5615 Sabbato
1829 5575 1946 5616 cum
1999 5560 2352 5614 ecclesiastica
2397 5561 2507 5614 sint
2541 5562 2840 5630 permixta.
2901 5561 3106 5617 Verum
3155 5563 3452 5636 haudqua-

129 5663 362 5715 autemet
379 5660 679 5716 Dominico
705 5674 774 5713 ex
800 5657 952 5713 Novo
972 5661 1195 5712 tantum
1213 5652 1674 5726 pronuntiantur.
1701 5675 1729 5702 n
1831 5669 2004 5726 quam
2055 5651 2356 5708 verisimile
2391 5657 2495 5722 est,
2541 5653 2834 5722 Isidorum,
2880 5654 2979 5726 qui
3015 5659 3307 5726 tantopere
3351 5673 3454 5728 pro

128 5747 237 5806 Haec
265 5754 449 5810 omnia
473 5755 653 5825 longe
679 5750 998 5824 discrepant
1023 5766 1056 5805 a
1086 5749 1315 5822 vulgato
1336 5745 1615 5804 Breviario
1625 5747 1732 5803 Mo-
1829 5747 1944 5804 ritu
1968 5745 2309 5804 Mozarabico
2338 5746 2632 5814 laboravit,
2680 5751 2745 5804 ut
2769 5747 2892 5820 ejus
2915 5752 3109 5804 auctor
3132 5746 3408 5804 habeatur
3436 5766 3450 5805 :

131 5845 382 5916 xarabum,
405 5849 464 5905 in
493 5862 612 5921 quo
647 5843 850 5919 psalmi
875 5843 1040 5913 nulli,
1056 5842 1228 5900 nullae
1255 5841 1517 5899 lectiones
1549 5839 1618 5897 ad
1645 5840 1732 5896 Vi—
1829 5855 1964 5912 non,
1993 5839 2248 5914 inquam,
2286 5840 2586 5900 verisimile
2615 5845 2698 5898 est
2727 5840 2786 5898 in
2825 5837 3176 5896 monasteriis
3217 5838 3286 5894 ab
3330 5840 3452 5916 ipso
