3970 6406
479 363 577 422 391
1266 349 1596 406 APPENDIX
1635 348 1722 402 Λῐ)
1757 343 1978 400 OPERA
2013 337 2246 400 SANCTI
2283 341 2583 399 GERMANI
2623 338 3048 398 PARISIENSIS.
3444 418 3450 422 Ι
3771 325 3883 385 39'2

479 471 872 547 praescriptum
915 463 1084 520 fuisse
1126 459 1302 515 ritum
1343 462 1460 513 tam
1507 455 1789 511 diversum
1815 451 1886 506 ab
1913 467 1980 506 eo
2006 450 2106 522 qui
2127 465 2187 538 Α
2273 455 2364 508 22.
2392 453 2579 508 Unum
2614 454 2716 520 est,
2746 449 3064 504 versionem
3097 443 3256 499 illam
3289 439 3604 499 Gallicanis
3649 453 3720 492 ac
3742 439 3884 509 qui-

480 567 543 623 in
567 565 689 620 aliis
729 557 984 616 Ecclesiis
1026 553 1224 610 eodem
1263 554 1492 606 auctore
1527 549 1724 604 fuisset
1774 545 2061 601 institutus
2089 560 2104 598 :
2129 536 2185 538 ”-
2205 546 2444 601 busdam
2468 543 2812 600 Germanicis
2838 540 3097 596 Ecclesiis
3121 538 3192 594 ab
3218 537 3341 610 ipso
3362 536 3735 606 Hieronymo
3749 547 3891 586 con-

483 658 727 714 maxime
755 668 886 708 cum
915 651 974 705 in
998 650 1106 704 hoc
1122 645 1340 717 antiqui
1359 647 1549 699 Patres
1571 656 1795 713 semper
1817 637 2106 710 conspira-
2205 639 2472 696 traditam
2498 639 2669 693 fuisse
2699 637 2760 691 in
2771 634 3064 690 sententia
3088 631 3380 700 Bernonis,
3413 646 3556 684 cum
3604 625 3888 681 Walafri-

481 751 682 817 verint,
708 752 775 802 ut
802 746 862 800 in
891 742 1093 799 divinis
1116 739 1314 796 ofﬁciis
1329 736 1652 804 uniformis,
1676 733 1875 788 saltem
1893 731 1954 786 in
1973 747 2111 786 una-
2210 734 2314 788 dus
2342 750 2467 788 eam
2518 749 2552 786 a
2585 730 2854 802 Gregorio
2897 727 3162 800 episcopo
3202 722 3523 780 Turonensi
3556 721 3624 776 in
3671 720 3891 775 Gallias

483 814 706 919 quaque
730 837 1038 912 provincia,
1055 835 1197 890 ritus
1215 833 1626 888 observaretur.
1654 828 1819 882 Certo
1843 824 1904 879 in
1931 823 2113 879 conci—
2209 829 2487 884 invectam
2512 823 2699 898 397
2727 823 2930 879 tradat,
2960 823 3166 876 verum
3193 823 3323 890 post
3337 814 3612 889 Gregorii
3639 819 3890 884 tempus

480 908 558 992 lio
583 908 638 992 1v
659 908 944 1002 Toletano,
971 944 1182 985 canone
1209 931 1264 996 2,
1286 927 1560 980 statutum
1586 925 1690 988 est,
1723 923 1790 976 Ut
1815 933 1954 974 unus
1981 918 2112 972 ordo
2211 921 2270 976 id
2311 921 2521 975 factum
2565 918 2807 986 videtur,
2849 918 2999 970 certe
3043 916 3173 984 post
3221 908 3564 981 Hieronymi
3617 911 3888 962 aetatem.

482 1030 680 1087 orandi
699 1033 861 1098 atque
894 999 1168 1096 psallendi
1197 1035 1298 1092 per
1323 1033 1529 1074 omnem
1557 1015 1882 1085 Hispaniam
1901 1018 1951 1067 et
1979 1011 2110 1068 Gal-
2211 1014 2387 1085 Hujus
2428 1012 2510 1066 rei
2552 1012 2891 1083 argumenta
2953 1005 3140 1060 nobis
3180 1003 3498 1076 suspeditat
3557 999 3890 1072 Gregorius

485 1125 618 1181 liam
654 1123 1074 1181 conservaretur,
1099 1130 1236 1170 unus
1262 1113 1450 1168 modus
1484 1113 1544 1165 in
1586 1110 1875 1164 missarum
1920 1106 2110 1160 solem-
2211 1108 2332 1180 ipse
2361 1107 2421 1161 in
2447 1103 2684 1160 Historia
2707 1119 2829 1168 sua,
2861 1100 2962 1155 ubi
2990 1116 3108 1154 non
3127 1114 3244 1153 uno
3266 1097 3326 1152 in
3351 1097 3477 1152 loco
3501 1096 3890 1151 Psalmorum

483 1217 766 1279 uitalibus,
803 1228 942 1270 unus
979 1215 1038 1267 in
1077 1208 1389 1280 vespertinis
1453 1203 1844 1270 matutinisque
1896 1199 2111 1268 ofﬁciis.
2213 1201 2512 1256 versiculos
2546 1198 2718 1254 refert
2764 1213 2834 1252 ex
2881 1194 2987 1250 alia
3031 1193 3288 1249 versione
3332 1207 3512 1263 quam
3557 1189 3888 1246 Gallicana.

485 1312 656 1384 Atqui
680 1311 740 1365 in
766 1307 936 1363 Gallia
960 1305 1128 1361 etiam
1158 1297 1504 1356 Narbonensi
1529 1295 1775 1368 psalmos
1795 1307 2018 1363 semper
2043 1289 2114 1344 ad
2213 1296 2359 1350 Duos
2385 1297 2604 1348 tantum
2632 1289 2971 1362 insigniores
3011 1287 3264 1358 proferre
3297 1285 3484 1356 juvat.
3515 1285 3692 1339 Unus
3728 1281 3892 1336 locus

486 1375 718 1476 Vigilias
758 1406 1061 1457 nocturnas
1094 1395 1358 1451 recitatos
1391 1389 1562 1446 fuisse
1593 1389 1726 1458 [non
1761 1385 1981 1454 dubito,
2028 1388 2113 1476 ta-
2215 1393 2300 1443 est
2340 1388 2399 1442 in
2441 1387 2541 1442 lib,
2590 1403 2642 1454 ν,
2697 1401 2820 1455 cap,
2863 1384 2949 1451 14,
2993 1381 3093 1436 ubi
3141 1395 3338 1434 versus
3394 1381 3461 1433 18
3501 1382 3564 1432 et
3613 1379 3688 1432 {9
3742 1375 3896 1447 psal-

487 1499 653 1556 metsi
698 1497 882 1552 fateor
908 1492 1126 1548 nullam
1169 1487 1342 1558 hujus
1385 1483 1469 1539 rei
1514 1481 1639 1536 ﬁeri
1679 1478 2031 1534 mentionem
2057 1475 2117 1529 in
2215 1483 2295 1538 mi
2343 1497 2486 1537 mm
2525 1479 2752 1534 adducit
2789 1478 2850 1532 in
2892 1477 3050 1531 hunc
3088 1473 3326 1529 modum
3378 1491 3396 1527 ε
3459 1473 3893 1527 Verumtamen;

488 1591 738 1650 CODCiliiS
765 1583 1071 1660 Agathensi
1097 1585 1154 1636 et
1181 1575 1546 1644 Narbonensi,
1573 1575 1634 1630 in
1656 1573 1862 1646 quibus
1885 1570 1956 1626 de
1981 1567 2120 1639 vigi—
2209 1581 2434 1648 propter
2451 1574 2785 1629 dolositatem
2806 1571 3040 1642 posuisti
3066 1571 3140 1624 eis
3166 1567 3340 1632 mala;
3364 1564 3620 1634 dejecisti
3643 1579 3740 1619 eos
3755 1563 3892 1618 dum

488 1686 577 1742 liis
599 1659 892 1741 nocturnis
917 1680 1208 1750 signanter
1231 1688 1347 1728 non
1373 1670 1584 1742 agitur.
2217 1670 2600 1724 allevarentur.
2633 1665 2900 1734 Quomodo
2923 1664 3066 1732 facti
3089 1663 3299 1718 suntin
3328 1659 3762 1721 desolationem,
3792 1672 3893 1712 su-

1244 1790 1276 1861 §
1312 1789 1375 1844 Π,
2139 1833 2194 1861 ἢ
2224 1764 2334 1861 otto
2381 1763 2722 1861 defecerunti
2743 1761 3025 1861 perierunt
3337 1755 3678 1861 iniquitates
3732 1766 3895 1807 suas.

494 1894 809 1956 Psalmodiw
837 1892 986 1960 origo
1014 1892 1064 1943 et
1087 1833 1477 1960 Nam??an
1503 1877 1832 1960 θαιζίοαῖιίὶ
1848 1874 2117 1960 Εορέρείεξ,
2139 1833 2196 1906 Β
2219 1856 2372 1960 Alter
2397 1855 2552 1958 locus
2568 1857 2674 1960 est.
2707 1852 2768 1906 in
2797 1851 3053 1922 ejusdem
3095 1847 3355 1953 Historiae
3391 1846 3494 1960 lib.
3541 1862 3631 1915 γι,
3665 1861 3804 1916 cap.
3839 1848 3894 1911 5,

563 1939 948 2043 iu'gdunensi:
963 1939 1288 2043 Arelatensi,
1338 1950 1644 2010 νίθηηϐηεί,
1684 1951 1736 2002 et
1771 1945 2118 2007 Mass'ilienSi,
2220 1948 2317 2004 ubi
2356 1946 2781 2003 hemistichium
2817 1960 3012 2000 versus
3056 1942 3194 1997 noni
3249 1958 3320 1996 ex
3372 1939 3572 2012 palmo
3625 1954 3748 1994 xcv
3818 1939 3897 1992 ita

567 2027 669 2096 Ubi
691 2037 757 2090 de
781 2033 1045 2090 Ρεαῖίθτίο
1065 2027 1365 2084 Gallican“
2219 2042 2392 2098 habet
2419 2058 2433 2094 :
2463 2043 2719 2098 Dominus
2743 2040 2993 2108 regnavit
3017 2053 3053 2092 α
3080 2037 3246 2107 ligno.
3266 2035 3404 2100 Quae
3420 2033 3536 2088 duo
3563 2033 3698 2088 loca
3725 2032 3899 2088 aliter

565 2157 656 2212 20.
705 2154 767 2206 In
805 2141 1191 2204 ecclesiasticis
1231 2137 1434 2194 ritibus
1476 2130 1880 2204 investigandis
1909 2129 2120 2202 passim
2219 2135 2490 2207 leguntur
2515 2134 2576 2188 in
2601 2132 2857 2188 versione
2884 2130 3124 2212 volgata
3164 2145 3264 2184 seu
3289 2127 3582 2182 eameam
3615 2141 3630 2178 ε
3662 2126 3896 2196 magis-

495 2245 927 2320 comprobatum
956 2235 1282 2310 experimur
1309 2231 1540 2285 effatum
1570 2224 1790 2282 concilii
1819 2241 1871 2280 v1
1915 2223 2124 2278 Toleta-
2221 2245 2332 2302 que
2357 2227 2698 2283 conveniunt
2722 2242 2853 2281 cum
2880 2223 3136 2279 versione
3161 2223 3437 2290 Romana,
3467 2221 3528 2275 in
3559 2236 3687 2292 qua
3740 2236 3897 2291 prae-

495 2344 577 2411 ni,
605 2343 666 2396 in
693 2351 902 2394 canone
932 2337 985 2403 6,
1012 2344 1219 2400 nempe
1247 2324 1640 2395 longinquitate
1677 2333 1816 2390 83109
1843 2319 1964 2388 ﬁeri
1989 2321 2121 2371 τετη·
2223 2323 2458 2378 missum
2499 2319 2924 2377 hemistichium
2967 2317 3204 2372 totidem
3241 2315 3428 2371 verbis
3447 2313 3610 2386 jacet
3641 2331 3657 2368 :
3689 2330 3902 2370 versus

489 2409 639 2509 poris
662 2437 722 2488 ut
748 2447 852 2486 ηοη
874 2429 1065 2500 pateat
1113 2423 1255 2478 ναίίο
1281 2418 1526 2509 ονίθίηίε·
1559 2413 1619 2468 Ῑά
1647 2412 1815 2466 Πιοάο
1857 2409 2120 2509 Ρτοδθν-ί·
2223 2421 2412 2472 autem
2443 2417 2506 2470 18
2525 2413 2727 2486 psalmi
2757 2428 2900 2468 Lxxn
2930 2411 3038 2466 hoc
3063 2409 3235 2465 modo
3260 2427 3274 2465 :
3314 2411 3721 2466 Verumtamen
3762 2424 3899 2479 pro—

495 2501 622 2588 inus
647 2523 905 2596 exemplo
931 2531 1202 2576 cursuum
1221 2508 1736 2576 ecclesiasticomm,
1765 2519 2011 2576 quorum
2029 2502 2127 2556 Ob-
2218 2516 2342 2582 pter
2376 2509 2526 2564 dolos
2571 2508 2886 2578 disposuisti
2925 2507 2999 2560 eis
3049 2504 3220 2560 mala.
3280 2502 3493 2558 Eadem
3542 2502 3674 2557 fere
3722 2501 3901 2557 lectio

495 2637 656 2682 scura
679 2615 988 2694 primordia
1007 2613 1068 2667 in
1095 2606 1337 2666 Ecclesia
1361 2603 1641 2670 universa,
1664 2615 1768 2654 nec
1788 2597 1975 2669 magis
1992 2598 2124 2652 nota
2222 2601 2523 2674 utrobique
2565 2599 2625 2655 in
2666 2603 2938 2671 argenteo
2977 2597 3178 2653 Codice
3217 2599 3416 2650 nostro
3464 2595 3528 2649 in
3569 2595 3902 2666 purpureis

497 2721 558 2776 in
582 2687 823 2787 singulis
862 2705 1136 2774 Ecclesiis,
1185 2701 1398 2757 nedum
1436 2697 1495 2751 in
1533 2693 1832 2763 Gallicana,
1865 2690 2017 2763 quod

2335 2695 2570 2750 nbranis
2599 2696 2846 2760 exarata,
2876 2691 2936 2746 id
2962 2695 3048 2746 est
3072 2689 3133 2744 in
3153 2688 3248 2754 illo
3270 2687 3548 2742 Psalterio
3575 2689 3752 2760 quod
3780 2705 3903 2743 san-

497 2825 749 2886 Ρτεθδθηε
773 2802 1109 2872 investigare
1139 2793 1531 2866 aggredimur-
2227 2789 2300 2844 cti
2348 2787 2611 2844 Germani
2660 2785 3001 2840 Parisiorum
3055 2781 3306 2854 episcopi
3355 2780 3534 2836 fuisse
3605 2781 3899 2837 creditur.

569 2907 662 2960 2i.
705 2903 768 2954 ln
801 2895 1003 2970 primis
1043 2889 1181 2945 Galli
1221 2883 1534 2956 antiquitus
1569 2877 1840 2954 peculiari
1878 2875 2129 2932 Psalterii

2335 2881 2433 2937 )ris
2452 2881 2608 2937 enim
2635 2879 2744 2934 loci
2781 2879 2902 2934 haec
2946 2875 3114 2932 lectio
3141 2880 3226 2930 est
3262 2875 3323 2930 in
3357 2874 3458 2929 illo
3495 2874 3718 2951 codice
3757 2892 3772 2930 :
3809 2878 3903 2933 Ve-

501 2997 757 3055 versione
784 2969 872 3045 usi
903 2990 1055 3055 sunt,
1085 2981 1295 3038 scilicet
1325 2995 1392 3033 ea
1416 2991 1544 3048 quae
1571 2991 1606 3028 a
1631 2976 1824 3028 sancto
1853 2971 2126 3041 Hierony-
2229 2981 2530 3032 rumtamen
2548 2977 2773 3044 propter
2799 2971 3140 3026 dolositatem
3157 2970 3394 3040 posuisti
3419 2969 3539 3024 illis
3578 2969 3772 3024 mala.
3807 2971 3904 3023 Va-

501 3109 598 3150 mo
625 3085 922 3145 emendata
948 3074 1140 3152 396
1162 3079 1264 3129 est.
1287 3069 1613 3127 Andiendus
1637 3067 1742 3120 hac
1768 3065 1836 3120 de
1867 3081 1928 3119 re
1952 3063 2132 3116 Wala-
2230 3069 2397 3125 rietas
2445 3069 2507 3123 in
2557 3067 2646 3122 his
2681 3065 2886 3132 verbis,
2929 3066 3208 3136 perierunt
3260 3066 3492 3134 propter
3550 3062 3904 3132 injustitiam

501 3185 685 3243 fridus
721 3176 916 3236 Strabo
934 3175 1002 3230 de
1016 3170 1205 3226 Rebus
1223 3161 1628 3230 ecclesiasticis,
1647 3161 1852 3230 cap.23
1887 3175 1900 3212 :
1934 3175 1961 3209 ‹‹
1979 3155 2129 3210 Psal-
2151 3197 2202 3243 ρ
2230 3179 2402 3220 suam.
2429 3159 2758 3216 Posterioris
2801 3162 2992 3213 autem
3032 3157 3140 3212 loci
3169 3155 3370 3212 eadem
3417 3171 3676 3227 prorsus
3727 3157 3901 3212 lectio

503 3295 630 3336 mos
658 3277 847 3330 autem
871 3283 1003 3324 cum
1033 3261 1345 3319 secundum
1371 3257 1495 3311 LXX
1532 3255 1870 3325 lnterpretes
1889 3248 2134 3304 Romani
2153 3246 2206 3272 υ
2231 3261 2315 3312 est
2339 3254 2400 3310 in
2429 3255 2617 3310 codice
2645 3250 3032 3308 Germanensi.
3080 3249 3296 3305 Eadem
3321 3246 3596 3304 versione
3627 3265 3782 3305 usus
3825 3257 3905 3305 est

504 3373 690 3428 adhuc
702 3366 966 3431 habeant,
987 3356 1130 3414 Galli
1144 3355 1618 3410 etGermanorum
1636 3345 1810 3418 aliqui
1823 3343 2132 3399 secundum
2231 3350 2584 3416 Fortunatus,
2613 3350 2753 3402 teste
2781 3345 2904 3416 ejus
2931 3345 3148 3416 hymno
3194 3343 3263 3398 de
3291 3343 3496 3398 Cmoe,
3531 3343 3623 3398 Ex
3655 3360 3784 3416 quo
3813 3343 3899 3398 in-

505 3459 965 3523 emendationem
990 3466 1162 3524 quam
1198 3446 1573 3515 Hieronymus
1595 3437 1842 3510 Ρθίθτρε
1863 3437 1987 3491 LXX
2013 3434 2131 3490 edi-
2232 3441 2548 3513 telligimus
2573 3457 2639 3496 eo
2667 3444 2925 3511 tempore
2951 3453 3065 3509 quo
3084 3435 3394 3508 Gregorius
3407 3433 3784 3492 Turonensis
3810 3453 3902 3492 an-

503 3561 658 3616 tione
685 3547 1018 3624 composuit,
1048 3540 1387 3600 Psalterium
1413 3538 1646 3592 cantant
1674 3547 1882 3604 :qnam
1916 3531 2131 3624 Grego-
2231 3536 2388 3592 tistes
2418 3533 2716 3590 Historiam
2741 3548 2904 3587 suam
2933 3529 3237 3600 scribebat,
3276 3528 3639 3584 Psalterium
3665 3531 3743 3585 ab
3774 3531 3896 3586 Hie-

504 3657 621 3713 rius
659 3641 996 3706 Turonensis
1023 3637 1316 3710 episcopus
1350 3649 1380 3686 a
1423 3627 1680 3702 partibus
1709 3622 1978 3680 Romanis
2012 3637 2133 3677 mu-
2233 3644 2469 3701 ronymo
2494 3627 2881 3695 emendatum,
2909 3623 3062 3696 quod
3089 3623 3448 3679 Gallicanum
3467 3629 3748 3694 vocatur,
3765 3641 3901 3679 non.

503 3751 721 3806 tuatam
756 3741 817 3796 in
842 3735 1145 3794 Galliarum
1175 3727 1380 3784 dicitur
1402 3721 1678 3778 Ecclesias
1702 3716 2072 3774 transtulisse.
2102 3734 2129 3767 »
2231 3723 2368 3778 dum
2397 3725 2686 3793 receptum
2714 3719 2776 3773 in
2797 3718 2974 3790 Gallia
2999 3717 3197 3772 fuisse,
3229 3716 3412 3770 Medio
3444 3715 3653 3788 itaque
3684 3717 3898 3790 Grego.

504 3843 586 3899 De
622 3856 684 3895 re
726 3836 852 3908 ipsa
892 3829 1093 3886 eadem
1135 3827 1220 3878 est
1262 3816 1536 3874 Bernonis
1582 3811 1880 3883 Augiensis
1917 3809 2134 3864 abbatis
2231 3815 2384 3870 rium
2408 3814 2556 3870 inter
2590 3817 2647 3868 et
2672 3809 3042 3866 Walafridum
3082 3808 3382 3864 intervallo
3419 3809 3762 3866 admissum
3799 3816 3900 3878 est,

507 3900 788 4002 sententié.
804 3945 821 3996 ;
851 3925 920 3981 de
957 3927 1212 3989 tempore
1248 3927 1380 3966 vero
1408 3924 1524 3982 quo
1553 3907 1676 3961 haec
1709 3903 1890 3960 versio
1916 3919 1948 3957 ε
1970 3901 2134 3958 Gallis
2231 3909 2461 3964 fortasse
2483 3923 2654 3979 Opera
2679 3903 2856 3962 sancti
2885 3902 3154 3958 Bonifacii
3200 3900 3526 3973 Moguntini
3577 3904 3899 3974 pontiﬁcis,

509 4029 735 4098 recepta
753 3995 866 4087 est,
893 4015 987 4071 hic
1016 4027 1147 4068 cum
1190 4003 1494 4060 Walafrido
1522 4017 1638 4056 non
1665 3997 1966 4098 consentit.
2007 3997 2136 4098 Ber-
2232 4002 2327 4076 qui
2349 4001 2486 4057 illud
2499 3998 2794 4055 Gallicanis
2807 3995 3265 4068 Germanicisque
3276 3995 3550 4050 Ecelesiis
3565 3997 3902 4066 tradiderit,

508 4088 678 4178 nonis
704 4114 872 4171 verba
913 4125 979 4164 eo
1013 4100 1301 4176 lubentius
1339 4097 1542 4164 refero,
1571 4091 1723 4166 quod
1761 4094 1986 4162 accepta
2023 4088 2135 4142 sint
2303 4092 2497 4168 398
2519 4097 2610 4149 23.
2642 4093 2938 4147 Alternum
2965 4090 3025 4145 in
3054 4089 3330 4144 Bernonis
3351 4089 3546 4144 verbis
3579 4091 3901 4147 observan-

512 4233 582 4272 ex
617 4213 738 4284 ejus
772 4202 1007 4278 epistola
1039 4195 1253 4253 inedita
1286 4191 1358 4246 ad
1393 4185 1790 4284 Meginfridum
1831 4187 1888 4238 et
1923 4183 2134 4284 Penno-
2232 4190 2371 4246 dum
2394 4187 2536 4242 illud
2561 4189 2664 4256 est,
2691 4201 2898 4257 nempe
2922 4185 3211 4240 Romanos
3239 4183 3364 4254 ejus
3389 4187 3692 4256 tempore,
3721 4186 3785 4240 id
3826 4190 3906 4240 est

510 4323 666 4377 nem,
686 4301 784 4358 ubi
803 4300 872 4356 de
895 4296 1234 4362 Hieronymo
1252 4300 1424 4358 agens
1447 4299 1460 4337 :
1485 4302 1511 4331 ‹‹
1533 4281 1680 4335 Inter
1693 4280 1911 4347 caetera,
1927 4275 2132 4347 inquit,
2232 4281 2420 4338 medio
2445 4281 2646 4336 saeculo
2671 4295 2726 4334 x1
2751 4295 2868 4334 suae
2887 4277 3132 4334 versioni
3155 4275 3462 4332 adhaesisse
3492 4293 3506 4332 :
3541 4293 3670 4350 qua
3693 4295 3771 4334 ex
3787 4295 3906 4335 ver-

512 4421 582 4460 ex
625 4369 920 4456 emendata
957 4387 1081 4443 LXX
1114 4382 1492 4452 lnterpretum
1533 4371 1892 4429 translatione
1937 4369 2137 4424 Psalte-
2233 4377 2387 4433 sione
2411 4374 2736 4446 antiphonae
2761 4389 2889 4444 quae
2925 4371 2985 4426 in
3019 4376 3187 4426 cantu
3233 4371 3493 4426 Romano
3538 4371 3907 4429 adhibentur

509 4497 662 4556 rium
678 4508 744 4548 ex
759 4490 948 4544 Graeco
965 4483 1025 4536 in
1045 4476 1306 4534 Latinum
1319 4469 1505 4538 vertit,
1521 4466 1772 4536 illudque
1787 4463 2136 4556 cantandum
2235 4473 2512 4542 excorpm
2540 4468 2674 4522 sint,
2701 4463 2866 4537 Atqui
2893 4465 3000 4520 hoc
3025 4465 3347 4520 Romanum
3373 4464 3738 4522 psalterium
3776 4466 3904 4521 “sui

511 4555 774 4649 omnibus
810 4577 1000 4636 Gallia:
1043 4588 1106 4627 ac
1149 4565 1490 4641 quibusdam
1522 4557 1836 4616 Germaniae
1876 4555 2212 4649 EcclesiisD
2233 4564 2342 4620 fuit
2374 4563 2434 4618 in
2467 4561 2628 4618 Urbis
2667 4559 2913 4615 ecclesiis
2951 4558 3021 4613 ad
3060 4557 3459 4629 pontiﬁcatum
3506 4557 3598 4612 Pii
3640 4560 3713 4630 V,
3744 4561 3906 4631 cujus

509 4679 762 4744 tradidit,
794 4675 860 4730 Et
884 4671 954 4726 ob
983 4669 1091 4724 hoc
1127 4660 1475 4719 Gallicanum
1512 4651 1859 4744 Psalterium,
1881 4648 2128 4744 appella-
2223 4659 2389 4730 jussu
2413 4654 2622 4725 ubique
2649 4654 2874 4724 recepta
2897 4656 2982 4707 est
3004 4651 3246 4723 Vulgata
3263 4666 3359 4706 seu
3392 4649 3700 4708 Gallicana
3731 4653 3904 4708 editio

507 4742 608 4850 sit,
636 4742 907 4832 Romanis
921 4763 1106 4818 adhuc
1124 4773 1193 4812 ex
1212 4749 1712 4850 corruptalvulgata
1733 4743 1976 4800 editione
1991 4742 2134 4796 Psal-
2231 4755 2611 4823 praeterquam
2637 4747 2694 4802 in
2723 4762 2834 4800 una
2853 4747 3048 4800 Romae
3061 4744 3330 4801 Vaticana
3350 4744 3616 4815 ecclesia,
3650 4751 3716 4802 et
3746 4751 3905 4802 extra

509 4839 718 4930 terium
746 4857 1092 4920 canentibus,
1125 4866 1193 4906 ex
1221 4863 1334 4920 qua
1367 4840 1608 4900 Romani
1652 4842 1880 4893 cantum
1907 4852 2132 4930 compo-
2233 4844 2440 4900 Urbem
2481 4842 2541 4896 in
2588 4839 2981 4896 Mediolanensi
3037 4858 3054 4893 :
3105 4854 3234 4910 quae
3280 4841 3533 4910 utraque
3586 4841 3901 4913 antiquum

511 4965 765 5028 suerunt,
815 4952 1088 5022 nobisque
1114 4957 1284 5000 usum
1337 4933 1602 4994 cantandi
1651 4929 2132 4986 οοιιῒΐᾶάίάϐΐιιῐιι-
2235 4954 2404 4994 suum
2429 4933 2759 4990 Psalterium
2797 4931 3064 5002 retinent,
3095 4931 3177 4986 uti
3218 4930 3390 4986 etiam
3422 4930 3680 4989 ecclesia
3725 4932 3903 4989 sancti

511 5022 668 5116 unde
695 5022 895 5108 accidit
919 5042 1070 5118 quod
1109 5036 1279 5094 verba
1305 5048 1433 5105 quae
1454 5029 1534 5083 ιὶῐι
1561 5025 1778 5082 diurnis
1804 5023 1888 5079 Vel
1918 5022 1975 5077 in
1999 5038 2133 5118 1109'
2232 5029 2400 5087 Marci
2426 5028 2576 5100 apud
2603 5027 2879 5083 Venetias.
2909 5024 3169 5096 Denique
3189 5024 3284 5080 ille
3307 5024 3784 5096 antiphonarum
3804 5029 3904 5083 Ho-

513 5149 697 5210 turnis
725 5141 920 5201 ofﬁciis
960 5131 1198 5192 canendi
1234 5142 1393 5184 more
1427 5121 1814 5188 modulantur,
1850 5116 2134 5172 intermis-
2235 5137 2535 5180 manarum
2579 5138 2712 5176 usus
2753 5135 2822 5176 ex
2862 5117 3116 5176 Romana
3165 5117 3410 5174 Ecclesia
3444 5118 3509 5173 in
3546 5119 3902 5176 Gallicanam

515 5247 771 5305 oeantur,
797 5239 854 5290 et
878 5229 1106 5288 confuse
1138 5221 1346 5280 nostris
1371 5215 1600 5291 psalmis
1644 5213 1988 5305 inserant?!)
2013 5213 2078 5264 ut
2105 5223 2138 5262 8
2236 5217 2491 5274 invectus
2515 5218 2601 5270 est
2623 5213 2948 5286 Pippinum,
2979 5213 3071 5268 cui
3101 5211 3310 5267 Paulus
3335 5228 3488 5284 papa
3507 5215 3903 5288 Antiphonale

514 5337 708 5396 minus
733 5303 924 5404 peritis
950 5321 1103 5380 haud
1130 5317 1290 5374 facile
1322 5312 1513 5404 possit
1531 5305 1792 5376 discerni,
1833 5303 1971 5404 quid
2014 5319 2138 5356 nos-
2238 5315 2294 5367 et
2321 5306 2663 5380 Responsale
2689 5323 2760 5363 ex
2783 5307 2932 5362 Urbe
2961 5304 3190 5362 direxit.

515 5439 640 5502 trae,
672 5398 760 5482 vel
784 5425 1050 5480 Romanae
1077 5408 1372 5470 conveniat
1386 5402 1640 5461 editioni.
1831 5398 1960 5502 pius
1981 5399 2140 5451 Pater
2308 5404 2398 5459 24,
2425 5401 2520 5456 His
2561 5402 2628 5456 de
2651 5399 2918 5456 psalterio
2944 5399 3230 5456 Gallicam
3255 5398 3593 5471 praemissis,
3619 5402 3755 5474 jam
3794 5400 3904 5457 dis-

513 5543 578 5582 ac
621 5491 836 5596 peritus
879 5511 1149 5585 magister
1184 5505 1434 5569 intuens,
1471 5502 1584 5552 tres
1625 5492 1899 5548 editiones
1923 5491 1983 5545 in
2026 5503 2140 5544 uno
2239 5494 2579 5570 quirendum
2609 5498 2694 5550 est
2717 5509 2832 5566 quo
2857 5493 3053 5549 ordine
3081 5493 3362 5566 quibusve
3401 5493 3600 5550 modis
3641 5495 3902 5568 publica-

512 5582 802 5676 VOllimine
815 5582 1231 5681 οοωρδευίῖὶθῖ
1250 5595 1599 5656 Gallicanum
1618 5585 1969 5681 Ρδθηξπίιξῐην
1989 5582 2142 5681 illi“
2239 5607 2370 5646 rum
2411 5589 2472 5644 in
2515 5585 2812 5644 Gallicanis
2840 5586 3080 5642 Ecclesis
3129 5603 3373 5660 precum
3406 5586 3718 5645 institutio
3769 5591 3906 5645 facta

513 5731 617 5772 nos
637 5707 910 5772 canimus,
941 5678 1222 5758 ordinavit
1237 5691 1299 5744 in
1323 5704 1440 5744 una
1458 5683 1739 5748 columna,
1765 5678 1826 5732 in
1844 5678 2020 5733 altera
2038 5678 2143 5732 Bo-
2241 5683 2331 5752 sit,
2361 5698 2541 5756 quave
2558 5679 2778 5737 ratione
2802 5681 3158 5752 processerit.
3190 5680 3248 5737 Si
3275 5679 3348 5736 ab
3379 5682 3629 5738 exordio
3657 5687 3903 5755 receptae

514 5770 773 5872 manum,
815 5801 877 5856 in
900 5770 1080 5851 tertia
1114 5785 1432 5844 Hebraeum.
1480 5799 1509 5829 »
1547 5775 1826 5872 Hactenus
1868 5773 2049 5872 Berno
2082 5770 2144 5826 in
2240 5775 2530 5850 religionis
2557 5775 2651 5832 hic
2674 5773 2816 5830 ritus
2841 5771 3119 5831 admissus
3148 5778 3316 5844 esset,
3355 5773 3784 5847 Lugdunensis
3805 5777 3903 5833 Ec-

519 5865 887 5978 epistola'ms.
918 5887 1124 5962 quibus
1149 5881 1208 5936 in
1236 5873 1422 5967 verbis
1448 5873 1562 5930 duo
1590 5865 1839 5925 notanda
1863 5867 2016 5924 sunt.
2243 5867 2408 5928 clesia
2431 5868 2644 5942 primas
2667 5865 2774 5924 sibi
2800 5868 2907 5926 hac
2931 5868 2992 5925 in
3017 5883 3100 5938 re,
3133 5871 3198 5925 ut
3224 5867 3286 5924 in
3310 5866 3438 5942 ipsa
3457 5869 3908 5949 religione,vin-
