3970 6428
151 367 232 422 393
1187 363 1268 417 DE
1306 362 1521 418 CURSU
1559 355 1929 418 GALLICANO
1966 359 2372 426 DISQUISITIO.

3366 357 3468 408 394

149 472 350 524 dicaret.
371 465 477 524 Sed
497 467 604 522 etsi
619 467 679 521 in
692 465 936 538 publicis
955 467 1212 521 ﬁdelium
1233 468 1602 522 conventibus
1615 469 1738 538 jam
1763 481 1822 553 Α
1842 468 1901 520 In
1923 467 2108 536 primo
2130 481 2195 518 ex
2219 464 2306 518 his
2329 462 2506 517 tribus
2521 460 2678 516 libris
2697 460 2899 516 asserit
2913 459 3277 531 vindicatque
3303 477 3466 514 usum

145 564 253 618 inde
281 563 346 616 ab
378 561 645 615 Ecclesiae
675 559 965 614 nascentis
995 560 1227 615 exordio
1259 561 1465 632 psalmi
1499 561 1738 632 aliasque
1840 559 2100 613 Ecclesiae
2143 555 2559 627 Lugdunensis,
2601 571 2728 626 quas
2771 555 2926 608 nulla
2955 553 3207 620 cantica,
3251 553 3359 606 nisi
3403 569 3472 606 ex

145 671 314 727 preces
339 653 594 708 recitata:
635 653 770 719 sint,
805 656 1002 706 tamen
1025 653 1196 724 longe
1221 653 1331 706 alia
1351 657 1476 707 erat
1495 669 1562 708 eo
1589 656 1735 707 tem-

145 763 258 819 pore
273 763 440 816 quam
470 745 848 815 subsequenti
869 743 1185 815 disciplina.
1209 746 1404 815 Neque
1429 745 1585 799 enim
1611 762 1740 800 can-

145 845 216 892 tus
228 840 281 892 in
298 855 395 892 usu
415 841 548 891 tunc
571 841 714 903 erat,
737 854 841 890 nec
861 841 1018 890 certa
1044 839 1394 908 psalmorum
1416 841 1515 892 aut
1550 839 1740 892 lectio-

144 949 256 985 num
293 929 604 1001 dispositio.
658 951 686 979 «
729 929 1023 984 Primitiva
1071 930 1324 1001 (quippe)
1367 931 1615 984 Ecclesia
1659 931 1737 984 ita

143 1023 401 1094 psallebat,
455 1025 518 1076 ut
557 1021 790 1076 modico
831 1023 978 1074 ﬂexu
1023 1021 1176 1076 vocis
1212 1023 1427 1076 faceret
1465 1039 1735 1077 resonare

142 1117 462 1185 psallentem,
495 1114 577 1168 ita
599 1117 664 1168 ut
693 1113 1094 1185 pronuntianti
1125 1115 1366 1170 vicinior
1387 1118 1536 1169 esset
1560 1132 1735 1186 quam

139 1207 355 1273 canenti,
388 1229 414 1255 »
445 1207 526 1260 ait
557 1207 830 1260 Rabanus
858 1207 916 1260 in
937 1206 1035 1260 lib.
1071 1206 1141 1260 de
1175 1207 1531 1262 Institutione
1559 1207 1734 1262 Cleri-

139 1316 306 1355 corum
343 1316 466 1369 cap.
508 1300 579 1354 48
622 1300 777 1370 (Vid.
821 1301 1136 1368 Augustin.,
1171 1316 1359 1368 supra,
1391 1317 1524 1370 pag.
1589 1301 1732 1370 391).

139 1392 268 1445 Idem
293 1391 476 1445 subdit
502 1391 665 1462 quod
693 1408 758 1445 ex
791 1391 1004 1446 Isidoro
1023 1392 1240 1462 accepit
1264 1409 1276 1446 :
1310 1395 1597 1462 «Propter
1619 1409 1736 1446 car-

139 1486 270 1538 nales
283 1487 468 1538 autem
491 1483 552 1537 in
565 1484 839 1550 Ecclesia,
855 1500 970 1537 non
993 1488 1228 1554 propter
1245 1485 1585 1554 spirituales,
1606 1501 1736 1539 con-

136 1576 340 1630 suetudo
370 1576 651 1630 cantandi
687 1581 772 1630 est
809 1576 1097 1640 instituta;
1127 1580 1190 1630 ut
1222 1576 1356 1646 quia
1390 1577 1575 1630 verbis
1617 1594 1733 1632 non

135 1673 588 1740 compunguntur,
605 1669 886 1722 suavitate
911 1669 1319 1723 modulaminis
1339 1673 1729 1724 moveantur.»

134 1765 309 1816 Parum
333 1761 525 1832 itaque
783 1759 1087 1815 verisimile
1128 1764 1213 1814 est
1246 1761 1305 1814 id
1351 1763 1503 1832 quod
1545 1762 1737 1815 scribit

1837 651 2095 717 Psalmis,
2147 650 2334 704 nullos
2377 649 2622 719 hymnos
2669 664 2704 701 a
2750 647 2934 717 poetis
2977 646 3234 717 scriptos,
3285 645 3469 700 nullas

1837 747 2222 814 prmterquam
2249 759 2312 794 ex
2342 757 2503 795 sacra
2528 739 2817 809 Scriptura
2839 739 3110 793 lectiones
3141 739 3201 792 in
3222 738 3328 792 Dei
3352 739 3470 792 lau-

1839 835 2002 888 dibus
2031 840 2166 888 tunc
2206 833 2567 888 admittebat.
2609 854 2634 880 ‹‹
2665 830 2780 885 Sed
2810 835 2868 884 et
2891 831 3208 885 reverenda
3231 829 3472 885 concilia

1838 930 2086 998 patrum,
2101 927 2306 996 inquit,
2322 926 3036 994 decernunt,nequaquam
3051 923 3303 993 plebeios
3318 923 3465 992 psal-

1838 1035 1964 1073 mos
1991 1019 2050 1072 in
2081 1019 2330 1072 Ecclesia
2359 1015 2781 1082 decantandos;
2807 1019 2865 1068 et
2894 1015 3037 1068 nihil
3064 1015 3286 1085 poetice
3309 1030 3466 1068 com-

1837 1112 2088 1182 positum
2102 1111 2160 1164 in
2179 1109 2385 1164 divinis
2407 1109 2670 1163 laudibus
2691 1107 3151 1178 usurpandum.»
3187 1107 3288 1161 Hic
3311 1108 3468 1161 locus

1836 1207 2068 1278 respicit
2095 1223 2378 1260 canonem
2414 1205 2820 1260 duodecimum
2867 1203 3090 1258 concilii
3121 1203 3292 1274 primi
3333 1203 3468 1257 Bra-

1837 1300 2104 1367 carensis,
2121 1316 2234 1370 quo
2254 1298 2598 1365 decernitur,
2623 1301 2689 1354 Ut
2705 1303 2860 1353 emt-ra
2887 1299 3124 1352 Psalmos
3149 1298 3235 1352 vel
3256 1300 3471 1351 canoni-

1833 1409 2016 1448 carum
2039 1395 2440 1462 Scripturarum
2465 1393 2605 1449 Novi
2629 1395 2678 1444 et
2709 1392 2912 1445 Veteris
2945 1391 3284 1452 Testa-menti,
3326 1390 3466 1443 nihil

1829 1491 2029 1560 poetice
2051 1491 2392 1559 compositum
2418 1491 2475 1542 in
2507 1489 2742 1542 Ecclesia
2768 1487 3058 1556 psallatu-r,
3086 1488 3226 1540 sicut
3259 1491 3308 1540 et
3344 1502 3465 1541 san-

1834 1585 1909 1636 cti
1954 1585 2278 1652 praecipiunt
2317 1596 2556 1647 canones,
2595 1596 2802 1650 nempe
2867 1578 3092 1633 concilii
3135 1577 3457 1646 Laodiceni,

1836 1674 1995 1744 cujus
2014 1691 2199 1728 canon
2223 1677 2288 1727 59
2305 1674 2536 1744 plebeios
2544 1674 2782 1744 psalmos
2803 1672 2860 1725 in
2873 1670 3122 1725 Ecclesia
3138 1670 3460 1735 canivetat;

1836 1782 1940 1819 nec
1971 1766 2110 1820 alios
2137 1766 2311 1820 libros
2339 1769 2538 1820 Practer
2569 1767 2832 1822 Canonem
2851 1764 2984 1834 legi.
3010 1763 3136 1817 Alia
3163 1762 3273 1816 fuit
3291 1762 3459 1816 disci-

133 1857 265 1907 vetus
283 1857 475 1908 auctor
503 1853 666 1924 apud
697 1854 1134 1924 Spelmannum,
1160 1854 1466 1908 Photinum
1508 1855 1734 1925 Lugdu-
1757 1849 1812 1919 Β
1836 1857 1990 1927 plina
2017 1857 2242 1912 concilii
2277 1873 2330 1910 iv
2366 1857 2623 1910 Toletani
2656 1857 2716 1909 in
2755 1871 2974 1910 canone
3023 1859 3106 1922 12,
3140 1853 3250 1909 alia
3283 1853 3456 1908 etiam

135 1963 358 2011 nensem,
389 1950 445 2000 et
469 1946 854 2016 Trophimum
875 1946 1270 1999 Arelatensem
1291 1947 1585 2017 episcopos
1611 1964 1737 2001 auc-

134 2043 260 2092 tores
281 2038 469 2106 fuisse,
497 2042 563 2092 ut
591 2054 794 2092 cursus
821 2038 1101 2091 Asiaticus
1129 2039 1187 2091 in
1217 2039 1330 2092 suis
1371 2039 1624 2094 ecclesiis
1655 2041 1735 2093 in-

134 2131 446 2185 stitueretur.
466 2131 594 2184 Alia
619 2131 866 2202 proinde
883 2131 1006 2200 ejus
1019 2130 1202 2199 reiori
1209 2148 1282 2201 go
1301 2132 1612 2202 quaarenda
1627 2137 1729 2187 est.

189 2226 260 2277 25.
291 2224 366 2277 De
387 2223 796 2294 Lugdunensis
815 2223 1070 2276 ecclesiae
1091 2239 1256 2276 cursu
1283 2224 1424 2277 nihil
1446 2225 1734 2295 antiquius

133 2317 344 2370 occurrit
362 2333 539 2386 quam
551 2315 715 2386 quod
727 2315 938 2386 legitur
949 2316 1007 2369 in
1019 2316 1321 2370 collatione
1336 2317 1733 2387 episcoporum

135 2423 262 2462 anno
288 2409 386 2462 499
419 2409 618 2462 habita
639 2425 835 2463 coram
857 2408 1212 2462 Gundobado
1236 2409 1574 2479 Burgundize
1595 2427 1730 2480 rege

133 2500 366 2554 adversus
383 2501 652 2555 Arianos.
687 2501 1039 2570 Designataa
1059 2517 1194 2572 rege
1225 2501 1451 2556 collatio
1475 2501 1548 2556 ad
1577 2501 1731 2556 diem
1755 2503 1766 2514 '

134 2593 316 2646 festum
353 2593 534 2647 sancti
567 2595 736 2648 Justi.
785 2595 847 2646 In
890 2593 1085 2664 vigilia
1120 2593 1294 2664 ipsius
1331 2594 1728 2662 solemnitatis,

133 2685 350 2756 episcopi
370 2687 758 2740 decreverunt
773 2685 846 2739 ad
868 2685 990 2756 ejus
1011 2687 1347 2757 jsepulcrum
1370 2691 1728 2757 pernoctare,

135 2783 180 2830 ut
197 2779 384 2832 futuras
405 2778 735 2833 collationis
756 2795 1076 2832 successum
1097 2781 1210 2834 Deo
1232 2780 1728 2835 commendarent.

135 2871 354 2925 «Evenit
383 2875 582 2926 autem
609 2875 678 2926 ut
709 2887 778 2925 ea
813 2875 1000 2938 nocte,
1031 2888 1162 2926 cum
1197 2873 1375 2927 lector
1415 2873 1728 2927 secundum

131 2978 321 3016 morem
349 2964 637 3035 inciperet
666 2963 974 3018 lectionem
1009 2981 1044 3018 a
1070 2965 1278 3035 Moyse,
1312 2965 1510 3020 incidit
1545 2966 1604 3019 in
1635 2967 1732 3020 illa

130 3055 272 3110 verba
296 3057 526 3111 Domini
557 3073 570 3111 :
599 3057 710 3114 Sed
724 3073 818 3126 ego
832 3058 1098 3112 ind-umbo
1124 3073 1213 3111 cor
1231 3059 1362 3126 ejus,
1381 3061 1488 3112 etc.
1513 3059 1729 3113 Deinde

128 3163 234 3202 cum
256 3155 376 3220 post
397 3151 655 3220 psalmos
677 3149 1011 3204 decantatos
1030 3151 1299 3204 recitaret
1323 3167 1389 3204 ex
1415 3152 1726 3222 prophetis,

129 3247 470 3297 occurrerunt
487 3243 672 3296 verba
698 3241 933 3296 Domini
955 3241 1229 3296 adEsiam
1251 3242 1492 3297 dicentis
1515 3261 1527 3298 :
1559 3245 1726 3308 Vade,

127 3339 165 3386 et
184 3334 309 3389 dices
325 3337 527 3406 populo
558 3337 690 3390 huic
715 3353 732 3390 :
762 3336 962 3390 Audite
990 3337 1286 3398 audientes,
1313 3339 1420 3390 etc.
1473 3338 1727 3408 Cumque

124 3425 284 3482 adhuc
313 3429 516 3498 psalmi
541 3428 792 3482 fuissent
813 3427 1122 3495 decantati,
1147 3431 1203 3482 et
1223 3429 1440 3499 legeret
1467 3447 1534 3483 ex
1552 3433 1727 3485 Evan-

125 3520 270 3588 gelio,
286 3521 486 3575 incidit
509 3522 572 3575 in
595 3521 796 3588 verba,
815 3521 1018 3594 quibus
1041 3521 1299 3576 Salvator
1318 3523 1622 3593 exprobrat
1638 3526 1727 3578 Ju-

122 3610 239 3665 daeis
262 3613 734 3668 incredulitatem
770 3631 782 3666 :
821 3616 915 3670 Vae
943 3615 1044 3668 tibi
1069 3616 1368 3677 Corazaim,
1411 3618 1516 3668 etc.
1551 3616 1724 3670 Deni-

122 3718 213 3773 que
237 3721 360 3760 cum
382 3708 556 3762 lectio
588 3707 758 3760 ﬁeret
783 3723 849 3760 ex
877 3707 1170 3777 Apostolo,
1204 3708 1573 3778 pronuntiata
1598 3713 1730 3763 sunt

118 3797 267 3853 verba
289 3800 382 3854 illa
416 3817 429 3855 :
459 3803 553 3856 An
580 3802 811 3856 divitias
843 3800 1096 3854 bonitatis
1114 3801 1244 3870 ejus,
1274 3803 1380 3854 etc.
1411 3800 1576 3863 Quod
1597 3818 1726 3856 cum

119 3889 176 3942 ab
201 3893 458 3948 omnibus
485 3893 780 3965 episcopis
809 3893 1172 3948 observatum
1199 3895 1417 3961 fuisset,
1451 3911 1727 3966 cognove-

117 3988 229 4037 runt
252 3985 529 4041 lectiones
569 3987 700 4040 illas
730 3985 809 4040 sic
845 3987 1176 4054 occurrisse,
1204 3989 1428 4043 volente
1455 3989 1723 4056 Domino,

119 4079 167 4127 ut
187 4077 386 4133 scirent
411 4081 757 4134 induratum
775 4097 897 4134 esse
924 4096 1024 4134 cor
1037 4080 1209 4151 regis.
1233 4103 1260 4131 ››
1290 4082 1367 4136 Ex
1393 4082 1500 4137 hoc
1517 4083 1725 4153 insigni

115 4167 217 4224 loco
242 4173 493 4244 quinque
531 4173 813 4227 discimus
859 4173 929 4226 de
975 4173 1212 4244 antiqua
1257 4175 1540 4245 psallendi
1574 4176 1726 4246 apud

115 4259 501 4333 Lugdunenses
534 4265 861 4336 disciplina.
891 4265 1147 4320 Primum
1169 4267 1226 4320 in
1259 4267 1465 4338 vigiliis
1496 4272 1721 4323 noctur-

114 4353 185 4408 nis
204 4362 442 4426 quatuor
468 4359 794 4414 lectionum
823 4375 1039 4430 genera
1058 4360 1209 4415 facta
1229 4360 1420 4428 fuisse,
1452 4361 1724 4416 nimirum

115 4461 166 4499 ex
199 4449 615 4521 Heptateucho,
645 4469 713 4507 ex
752 4453 1070 4524 Prophetis,
1103 4470 1169 4507 ex
1198 4454 1525 4524 Evangelio,
1557 4459 1615 4509 et
1658 4473 1723 4510 ex

1835 1949 2216 2020 quorumdam
2247 1948 2440 2002 Galliae
2469 1947 2860 2014 conciliorum,
2893 1950 2954 2000 ut
2976 1946 3338 2016 Agathensis,
3363 1963 3456 2000 ca-

1835 2058 1986 2094 none
2017 2045 2104 2108 30,
2134 2045 2191 2094 et
2227 2041 2590 2106 Turonensis,
2631 2055 2853 2094 canone
2886 2042 2974 2104 23,
3017 2037 3116 2092 ubi
3149 2037 3370 2109 hymni,
3405 2042 3461 2090 et

1835 2133 2070 2204 quidem
2096 2133 2464 2187 Ambrosiani
2488 2133 2557 2187 ad
2589 2131 2970 2186 ecclesiastica
2992 2129 3183 2184 ofﬁcia
3207 2130 3455 2200 proban-

1833 2233 1944 2296 tur,
1973 2229 2088 2283 imo
2117 2233 2175 2282 et
2202 2229 2447 2284 aliorum
2476 2232 2800 2295 auctorum,
2828 2229 2924 2298 qui
2947 2227 3102 2296 digni
3131 2230 3257 2280 sunt
3279 2228 3458 2292 forma

1832 2325 2067 2377 cantari.
2093 2322 2430 2392 Agobardus
2463 2319 2648 2393 401
2689 2320 2868 2388 addit,
2899 2318 3073 2373 cuivis
3102 2322 3301 2373 contra
3328 2335 3454 2372 sen-

1831 2414 1999 2468 tienti
2034 2416 2292 2468 sufﬁcere
2330 2414 2558 2481 debere,
2589 2413 2744 2484 quod
2793 2435 2820 2460 «
2860 2411 3003 2466 sicut
3043 2409 3103 2465 in
3145 2410 3344 2464 diebus
3385 2411 3458 2464 ad

1832 2507 2032 2561 missas
2084 2506 2314 2561 nonnisi
2354 2505 2545 2560 divina
2587 2505 2936 2575 generaliter
2972 2503 3200 2573 eloquia
3243 2503 3452 2556 decan-

1832 2602 2044 2667 tantur,
2069 2598 2148 2652 ita
2163 2603 2221 2651 et
2238 2597 2295 2652 in
2311 2597 2572 2653 noctibus
2593 2597 2666 2650 ad
2695 2613 2884 2651 sacras
2904 2597 3022 2650 Deo
3043 2594 3276 2665 Vigilias
3297 2595 3449 2648 exhi-

1831 2691 2049 2745 bendas
2071 2708 2138 2745 ea
2159 2691 2354 2761 procul
2378 2689 2550 2744 dubio
2577 2691 2666 2743 lex
2688 2689 2893 2742 debeat
2913 2687 3218 2742 observari.
3245 2709 3272 2737 »
3299 2687 3454 2742 Idem

1831 2783 2105 2854 probatin
2125 2782 2386 2854 sequenti
2398 2783 2540 2836 libro
2563 2782 2632 2835 de
2651 2781 3015 2836 Correctione
3027 2779 3452 2851 Antiphonarii,
3501 2805 3509 2811 -

1832 2877 1930 2930 ubi
1957 2877 2080 2930 haec
2105 2876 2303 2930 verba:
2329 2897 2355 2924 «
2384 2877 2506 2930 Non
2537 2890 2674 2944 ergo
2706 2873 3092 2944 cujuscunque
3139 2872 3449 2942 ﬁgmentis,

1831 2969 1931 3023 sed
1953 2969 2193 3040 Spiritus
2213 2968 2392 3022 sancti
2413 2967 2654 3038 eloquiis
2670 2967 2930 3037 Majestas
2955 2965 3147 3020 divina
3165 2963 3453 3018 laudanda

1832 3065 1934 3116 est.
1987 3083 2013 3110 δ)
2053 3063 2120 3115 Et
2155 3062 2324 3132 paulo
2361 3065 2488 3132 post
2524 3059 2722 3114 laudat
2766 3059 3048 3130 quosdam
3092 3080 3119 3108 ‹‹
3156 3057 3454 3128 religiosos

1831 3153 2000 3221 viros,
2025 3153 2118 3224 qui
2142 3153 2410 3224 subjectis
2435 3153 2543 3207 sibi
2564 3153 2832 3206 fratribus
2856 3155 3206 3223 prmceptum
3225 3152 3338 3204 tale
3361 3150 3455 3204 de-

1831 3247 2058 3314 derunt,
2082 3268 2108 3295 ››
2134 3251 2195 3300 ut
2227 3269 2254 3296 «
2286 3247 2472 3300 nullus
2499 3248 2810 3316 praesumat
2823 3244 3205 3316 responsoria,
3230 3247 3328 3298 aut
3357 3260 3453 3297 an-

1829 3339 2116 3410 tiphonas,
2131 3355 2257 3410 quae
2270 3341 2456 3394 solent
2467 3337 2639 3408 aliqui
2652 3338 2970 3409 composito
2986 3353 3126 3392 sono
3142 3353 3246 3406 pro
3266 3337 3448 3402 libitu,

1830 3449 1946 3487 non
1975 3449 2040 3486 ex
2065 3431 2338 3504 canonica
2363 3431 2652 3501 Scriptura
2679 3433 2972 3500 assumpta
2993 3446 3218 3496 canere,
3238 3429 3298 3483 in
3323 3445 3454 3484 con-

1829 3525 2167 3596 gregatione
2191 3525 2297 3578 ista
2311 3525 2399 3577 vel
2420 3523 2707 3589 meditari,
2731 3524 2816 3576 vel
2832 3521 3038 3576 dicere.
3064 3543 3092 3571 »
3119 3522 3257 3585 Quae
3276 3521 3450 3575 verba

1827 3623 1957 3672 sunt
1997 3621 2325 3672 sanctorum
2356 3615 2515 3670 Pauli
2555 3618 2612 3668 et
2657 3614 2934 3686 Stephani
2982 3614 3041 3667 in
3081 3614 3293 3683 regulae
3330 3630 3445 3667 suae

1827 3728 1950 3781 cap.
1995 3712 2076 3764 14.
2115 3711 2358 3764 Demum
2389 3708 2469 3762 ita
2503 3706 2789 3761 concludit
2827 3706 3164 3776 Agobardus
3192 3722 3205 3759 :
3239 3727 3267 3756 ‹‹
3295 3705 3444 3769 Qua-

1827 3807 2079 3876 propter,
2113 3801 2418 3857 auxiliante
2445 3800 2545 3854 Dei
2566 3799 2772 3870 gratia,
2805 3799 2965 3854 omni
2992 3799 3180 3854 studio
3219 3799 3449 3870 pietatis

1827 3897 2156 3951 instandum
2187 3899 2358 3966 atque
2390 3893 2811 3950 observandum
2844 3897 2947 3957 est,
2981 3896 3042 3946 ut
3071 3893 3214 3946 sicut
3248 3892 3322 3947 ad
3351 3909 3442 3946 ce-

1825 3989 2103 4044 lebranda
2127 3988 2430 4042 missarum
2461 3987 2742 4043 solemnia
2766 3986 2940 4041 habet
2963 3985 3210 4040 Ecclesia
3235 3985 3444 4039 librum

1827 4083 2231 4154 mysteriorum
2262 4081 2373 4136 ﬁde
2420 4082 2742 4153 purissima,
2769 4084 2826 4134 et
2845 4079 3126 4135 concinna
3167 4079 3444 4133 brevitate

1827 4180 2134 4251 digestum,
2148 4180 2322 4234 habet
2344 4180 2621 4235 etlibrum
2642 4179 2972 4246 lectionum,
2988 4195 3054 4231 ex
3073 4176 3444 4231 divinislibris

1825 4291 2082 4346 congrua
2105 4273 2328 4329 ratione
2367 4274 2690 4340 collectum,
2726 4271 2806 4326 ita
2841 4271 3017 4325 etiam
3053 4273 3112 4324 et
3149 4270 3300 4323 hunc
3330 4273 3442 4323 ter-

1825 4368 1968 4422 tium
1982 4366 2551 4424 ofﬁcialemlibellum
2569 4366 2624 4421 id
2643 4362 3216 4434 estAntiphonarium
3236 4361 3445 4416 habea-

1823 4478 1953 4515 mus
1969 4460 2237 4516 omnibus
2252 4459 2520 4514 humanis
2539 4457 2832 4528 ﬁgmentis
2851 4454 3230 4510 etmendaciis
3247 4471 3444 4524 expur-

109 4543 374 4638 itpostolo.
426 4545 656 4600 Deinde
702 4547 973 4601 lectiones
1005 4547 1132 4600 illas
1179 4547 1416 4602 fortuito
1462 4548 1520 4602 in
1564 4549 1722 4604 illum
1741 4566 1800 4638 D
1825 4557 2115 4624 gatum,et
2146 4570 2249 4624 per
2264 4555 2450 4606 totum
2462 4551 2596 4606 anni
2614 4551 2886 4605 circulum
2899 4564 2964 4600 ex
2978 4546 3294 4618 purissimis
3309 4562 3438 4600 san-

111 4631 242 4688 diem
256 4637 544 4706 incidisse,
555 4640 705 4694 forte
723 4640 878 4710 quod
890 4641 1338 4695 Pentateuchum
1351 4645 1408 4695 et
1419 4649 1719 4713 sequentes

108 4725 236 4794 libri,
258 4729 449 4804 400
473 4735 605 4786 tum
628 4733 945 4802 prophetae,
963 4734 1290 4804 Evangelia,
1315 4737 1371 4788 et
1389 4735 1548 4788 Pauli
1569 4736 1719 4808 Epis-

106 4819 218 4873 tole
242 4829 672 4896 consequenter
689 4825 1050 4896 legerentur;
1071 4829 1128 4880 et
1151 4827 1211 4880 in
1239 4828 1502 4898 sequenti
1529 4829 1717 4884 ofﬁcio

105 4910 220 4966 inde
247 4916 410 4973 lectio
442 4917 752 4988 inciperet,
783 4919 877 4973 ubi
909 4919 967 4972 in
990 4919 1270 4990 superiori
1293 4921 1570 4976 desiisset.
1593 4923 1718 4976 Ter-

106 5007 250 5077 tium,
271 5018 591 5070 nocturnas
611 5015 846 5086 Vigilias
871 5033 904 5071 a
930 5017 1177 5072 lectione
1195 5018 1510 5089 incaepisse.
1537 5020 1717 5084 Quar-

107 5102 210 5156 tum
240 5122 391 5174 vero,
426 5108 778 5162 lectionibus
805 5111 1165 5166 Psalmorum
1187 5116 1420 5166 cantum
1435 5112 1606 5167 fuisse
1637 5114 1720 5168 in-

105 5196 445 5266 terpositum.
481 5201 767 5264 Quintum
813 5202 1082 5275 denique,
1140 5205 1324 5259 nullas
1355 5205 1426 5260 de
1452 5207 1716 5277 passione

105 5292 262 5346 sancti
278 5293 421 5348 Justi
449 5295 734 5348 lectiones
759 5295 956 5352 factas.
983 5297 1149 5361 Quod
1163 5314 1338 5368 quam
1371 5299 1443 5354 ob
1473 5316 1598 5354 rem
1624 5301 1720 5356 ob-

105 5395 392 5454 servemus,
423 5404 492 5442 ex
518 5390 1008 5458 consequentibus
1034 5391 1402 5461 intelligetur.

163 5477 240 5530 ‘26.
277 5479 361 5533 Ab
387 5466 458 5534 eo
493 5485 761 5552 tempore
793 5481 866 5535 ad
891 5485 1162 5538 saeculum
1195 5501 1248 5539 1x
1278 5485 1421 5539 nihil
1451 5485 1522 5539 de
1553 5503 1718 5541 cursu

104 5564 452 5637 Lugdunensi
478 5573 713 5644 reperio
738 5573 796 5627 in
821 5577 1054 5631 vetustis
1078 5579 1488 5646 monumentis,
1511 5583 1720 5650 praeter

102 5657 168 5726 id,
189 5664 337 5734 quod
353 5666 530 5721 nobis
549 5667 1157 5738 suggeritAgobardus
1169 5671 1218 5741 ej
1228 5688 1291 5724 us
1311 5671 1466 5724 urbis
1481 5672 1720 5727 antistes

102 5751 151 5806 in
174 5755 311 5813 libro
341 5759 414 5814 de
443 5759 648 5814 divina
667 5760 1011 5830 Psalmodia,
1042 5763 1297 5834 itemque
1322 5764 1381 5818 in
1407 5763 1533 5820 aliis
1561 5765 1720 5821 libris

105 5843 163 5901 de
189 5850 560 5909 Correctione
581 5852 1004 5923 Antiphonarii,
1033 5860 1091 5910 et
1117 5861 1318 5912 contra
1338 5857 1717 5916 Amalarium.

403 5949 693 6014 PATROL.
743 5948 978 6017 LXXII.

1818 4653 1921 4705 ctae
1935 4647 2237 4718 Scriptura:
2253 4644 2438 4698 verbis
2454 4641 2928 4698 sufﬁcientissime
2943 4639 3292 4708 ordinatum;
3309 4654 3444 4709 qua-

1820 4747 1984 4798 tenus
2026 4740 2084 4794 in
2135 4739 2306 4794 sacris
2350 4736 2550 4792 ofﬁciis
2585 4734 2994 4808 peragendis...
3049 4750 3162 4786 una
3197 4748 3232 4786 a
3276 4731 3441 4786 nobis

1818 4839 1988 4906 atque
2002 4833 2205 4888 eadem
2222 4831 2572 4886 custodiatur
2582 4831 2768 4884 forma
2781 4826 3317 4893 orationum,forma
3331 4825 3440 4878 lec-

1819 4929 2062 4995 tionum,
2079 4930 2136 4980 et
2164 4927 2350 4980 forma
2369 4923 2880 4978 ecclesiasticarum
2902 4917 3379 4973 modulationum.
3405 4939 3434 4967 »

1889 5025 1975 5076 27.
2009 5021 2166 5074 Hunc
2205 5019 2380 5072 ritum
2415 5017 2474 5070 in
2504 5015 2784 5086 aliquibus
2823 5013 2998 5066 etiam
3030 5025 3182 5064 nunc
3228 5009 3442 5063 retinet

1819 5113 2052 5168 ecclesia
2082 5109 2505 5182 Lugdunensis;
2539 5108 2639 5162 sed
2680 5107 2738 5161 in
2767 5105 3071 5177 plerisque,
3101 5102 3354 5158 maxime
3380 5103 3437 5157 in

1817 5209 2174 5262 Psalmorum
2214 5201 2630 5267 distributione,
2671 5215 2801 5253 cum
2848 5199 3112 5252 Romana
3153 5195 3439 5250 convenit.

1817 5301 2009 5355 Nullos
2051 5299 2295 5370 hymnos
2326 5295 2518 5360 habet,
2562 5293 2669 5346 nisi
2701 5292 2774 5347 ad
2805 5289 3288 5362 Completorium;
3321 5289 3436 5344 lec-

1816 5398 2004 5452 tiones
2027 5413 2095 5450 ex
2119 5393 2269 5449 Actis
2289 5395 2618 5446 sanctorum
2641 5388 2913 5444 admittit.

1888 5493 1974 5544 28.
1994 5487 2274 5542 Eumdem
2291 5487 2473 5540 ferme
2494 5484 2668 5538 ritum
2681 5485 2869 5537 servat
2879 5481 3127 5536 Ecclesia
3147 5479 3436 5535 Viennen-

1819 5584 1913 5651 sis,
1946 5599 2073 5654 quae
2102 5582 2288 5636 nullos
2312 5578 2528 5651 pariter
2551 5579 2798 5648 hymnos
2838 5574 3010 5642 canit,
3035 5573 3144 5628 nisi
3168 5573 3242 5628 ad
3269 5574 3435 5628 Com-

1818 5675 2148 5749 pletorium,
2181 5671 2376 5746 402
2398 5671 2586 5726 varios
2611 5687 2715 5742 pro
2753 5669 2926 5724 variis
2955 5667 3134 5722 festis.
3162 5668 3224 5720 In
3252 5663 3440 5719 ofﬁcio

1819 5787 1923 5843 pro
1949 5767 2192 5824 mortuis
2213 5768 2490 5838 Vesperas
2513 5764 2754 5820 collocat
2775 5764 2906 5834 post
2932 5759 3170 5815 Laudes.
3194 5753 3354 5812 Unde
3377 5753 3436 5808 in

1821 5862 2065 5918 solemni
2123 5859 2514 5916 anniversario
2565 5856 2828 5914 omnium
2877 5852 3278 5908 defunctorum
3330 5846 3433 5899 Ve-

3047 5949 3118 6008 t3
