3970 6456
498 365 604 426 30Ῐί

1285 371 1614 427 APPENDIX
1655 371 1740 426 AD
1777 370 1994 426 OPERA
2034 367 2266 425 SANCTI
2303 366 2602 424 GERMANI
2639 367 3064 423 PARISIENSIS.

3787 366 3888 418 39¢.

495 500 692 554 speras
721 480 909 536 differt
931 479 989 533 in
1018 478 1171 532 diem
1193 479 1506 533 secundam
1531 479 1884 534 Novembris.
1907 480 1973 532 Et
1994 479 2114 550 qui-
2135 489 2193 562 Α
2213 478 2443 548 altaque
2478 479 2534 530 et
2572 476 2867 530 modulata
2916 491 3073 540 voce,
3116 473 3304 528 instar
3355 471 3721 528 clericorum
3785 471 3915 530 alii-

497 577 631 630 dem
676 577 782 628 hoc
814 573 1014 627 ordine
1047 571 1493 643 praescribuntur
1529 573 1587 626 in
1637 575 1857 626 vetusto
1904 573 2117 628 Ordine

495 671 754 722 Romano
777 683 884 719 ms.
909 667 969 718 In
984 665 1132 719 Actis
1153 665 1331 719 sancti
1355 665 1504 720 Clari
1527 665 1769 732 abbatis,
1797 665 1894 736 qui
1915 667 2117 721 sazculo

491 777 567 813 vn
599 759 809 826 ﬂoruit,
849 761 1223 812 recensentur
1249 758 1544 828 utriusque
1576 775 1738 812 sexus
1765 759 2118 812 monasteria

490 851 818 918 duodecim;
841 851 897 905 in
920 852 1126 923 quibus
1147 867 1488 904 numerosus
1506 851 1712 905 chorus
1729 851 1986 905 assiduas
1998 853 2116 906 Deo

489 945 687 999 laudes
728 945 1104 1016 persolvebat.
1153 945 1227 997 De
1265 943 1580 997 cathedrali
1617 944 1798 998 sancti
1844 945 2113 1012 Mauricii,

489 1038 726 1110 aliisque
755 1039 1012 1108 ejusdem
1045 1037 1198 1090 urbis
1227 1036 1478 1090 ecclesiis
1501 1037 1620 1090 haec
1651 1037 1843 1091 subdit
1871 1041 2070 1092 auctor
2099 1055 2112 1092 :

492 1154 518 1178 ‹‹
550 1133 724 1186 Porro
756 1131 814 1184 in
848 1131 1022 1184 domo
1045 1129 1250 1200 majori
1281 1133 1610 1184 sanctorum
1642 1133 1962 1200 martyrum
1985 1147 2117 1202 apo-

487 1225 745 1278 stolicam
779 1223 954 1276 vitam
981 1225 1263 1292 tenentes,
1289 1223 1348 1276 in
1382 1239 1677 1293 unumque
1707 1223 1960 1277 viventes
1990 1225 2110 1294 plu-

486 1317 618 1371 rimi
645 1315 834 1370 clerici
859 1319 1052 1380 erant;
1077 1315 1157 1369 ita
1179 1319 1240 1369 ut
1255 1315 1462 1369 turmis
1483 1315 1771 1386 dispositis
1792 1317 2113 1371 ofﬁciorum

488 1409 807 1464 ministeria
875 1412 1240 1480 peragerent.
1294 1409 1462 1479 Apud
1520 1412 1781 1464 sanctum
1841 1411 2113 1464 Severum

485 1519 714 1575 quoque
750 1506 925 1557 coetus
957 1501 1296 1556 clericorum
1327 1502 1690 1556 venerabilis.
1722 1503 1849 1556 Alia
1883 1519 2111 1574 quoque

482 1595 834 1650 venerabilia
865 1598 1196 1649 sanctorum
1231 1594 1288 1648 in
1310 1612 1490 1648 unum
1520 1595 1980 1650 conversantium
2011 1597 2110 1650 ha-

483 1690 732 1744 bitacula
761 1689 832 1743 ad
861 1688 1174 1759 sexaginta,
1209 1688 1311 1742 sub
1333 1705 1468 1744 cura
1494 1689 1778 1758 pontiﬁcis
1819 1689 2110 1759 degentia,

481 1782 540 1836 in
572 1781 877 1836 Viennensi
910 1781 1137 1835 dioecesi
1174 1781 1311 1834 satis
1341 1781 1740 1835 ordinabiliter
1781 1781 1887 1834 sita
1925 1785 2111 1837 erant.

2217 571 2425 636 Grazcc,
2450 569 2548 623 alii
2571 569 2788 630 Latine,
2813 584 3010 638 prosas
3035 567 3505 638 antiphonasque
3529 569 3884 631 cantarent,

2219 666 2280 716 ut
2293 680 2408 716 non
2427 663 2708 716 haberent
2723 661 2968 731 spatium
2983 659 3042 714 in
3055 661 3295 715 ecclesia
3307 660 3521 714 fabulis
3536 659 3884 730 occupari.»

2217 755 2498 810 Nimirum
2531 770 2648 808 non
2697 755 2881 808 solum
2914 753 3094 808 Latini
3133 753 3422 807 sermonis
3467 751 3763 807 homines
3799 751 3881 805 ibi

2217 851 2402 914 erant,
2421 847 2520 901 sed
2534 846 2710 900 etiam
2731 846 2910 901 Graeci
2926 849 3162 917 propter
3173 845 3466 900 coloniam
3480 845 3863 899 Phocensem
3874 886 3887 913 ,

2217 961 2342 1015 qua:
2357 943 2660 998 Massiliam
2685 943 3142 1014 immigraverat.
3156 943 3352 1013 Neque
3369 958 3510 996 vero
3528 958 3646 1013 per
3658 941 3722 996 id
3741 944 3889 994 tem-

2215 1054 2320 1108 pus
2350 1037 2550 1091 Latina
2587 1037 2782 1106 lingua
2808 1035 2867 1089 in
2901 1035 3097 1090 Galliis
3135 1035 3226 1089 ita
3254 1035 3571 1089 familiaris
3617 1039 3788 1102 erat,
3829 1039 3888 1088 ut

2216 1131 2396 1201 quivis
2423 1146 2552 1184 eam
2577 1129 2790 1200 absque
2813 1131 3166 1199 praeceptore
3188 1128 3622 1198 intelligerent.
3646 1129 3886 1182 Testem

2217 1221 2408 1295 404
2436 1223 2544 1276 huc
2558 1223 2783 1293 appello
2796 1221 3132 1291 Gregorium
3143 1263 3156 1288 ,
3172 1221 3370 1276 Galliae
3385 1225 3613 1276 nostrae
3630 1221 3884 1292 scripto-

2215 1332 2338 1369 rem
2361 1315 2671 1385 insignem,
2699 1315 2796 1385 qui
2822 1315 2888 1368 in-
2917 1331 3042 1390 cap.
3077 1317 3138 1368 l2
3161 1313 3232 1368 de
3255 1314 3394 1368 Vitis
3420 1315 3678 1368 Patrum
3695 1331 3888 1384 agens

2216 1408 2287 1462 de
2314 1409 2628 1462 Brachione
2655 1408 2882 1474 abbate,
2918 1407 3016 1478 qui
3053 1428 3080 1456 ‹‹
3117 1423 3248 1460 cum
3279 1411 3431 1460 esset
3457 1407 3664 1461 adhuc
3698 1407 3886 1461 laicus

2216 1501 2314 1570 (sic
2346 1501 2658 1572 legendum
2687 1517 2753 1554 ex
2779 1500 2898 1570 Ms.)
2929 1500 2986 1553 in
3015 1503 3183 1554 nocte
3205 1499 3294 1554 bis
3325 1502 3427 1554 aut
3450 1505 3548 1553 ter
3576 1500 3656 1553 de
3695 1503 3884 1554 stratu

2214 1611 2315 1648 suo
2328 1611 2700 1664 consurgens,
2715 1596 2885 1647 terrae
2899 1596 3218 1664 prostratus
3230 1593 3566 1648 orationem
3585 1593 3889 1648 fundebat

2213 1687 2286 1742 ad
2309 1687 2656 1753 Dominum;
2702 1687 2994 1740 nesciebat
3039 1689 3258 1753 tamen,
3293 1686 3394 1752 ait,
3424 1687 3571 1757 quid
3611 1691 3885 1750 caneret,

2214 1779 2347 1850 quia
2375 1780 2592 1834 litteras
2620 1779 2944 1848 ignorabat,
2980 1799 3006 1828 »
3040 1778 3099 1832 id
3141 1782 3226 1832 est
3271 1779 3537 1850 linguam
3575 1780 3884 1834 Latinam.

485 1875 576 1931 Sic
597 1878 730 1928 tunc
747 1874 1024 1945 temporis
1039 1873 1112 1927 ad
1138 1874 1384 1943 gloriam
1406 1874 1821 1944 omnipotentis
1834 1875 1934 1928 Dei
1954 1875 2116 1928 Vien-
2135 1863 2192 1934 B
2287 1875 2374 1928 30.
2391 1873 2582 1927 Redeo
2609 1873 2684 1926 ad
2713 1873 3040 1939 Caesarium,
3065 1872 3164 1942 qui
3187 1873 3257 1926 de
3283 1872 3552 1927 instituta
3581 1874 3890 1944 psallendi

487 1968 682 2022 nensis
705 1967 956 2021 Ecclesia
987 1967 1250 2021 ﬂorebat.
1279 1988 1306 2014 »
1340 1967 1426 2020 Ad
1470 1967 1592 2020 hinc
1619 1983 1780 2020 saera
1809 1967 1953 2033 loca,
1988 1983 2113 2036 qum

482 2061 718 2114 Viennae
767 2059 875 2113 illis
919 2059 1273 2130 temporibus
1309 2061 1510 2127 erant,
1564 2059 1853 2128 pertinere
1890 2060 2114 2113 videtur

483 2153 630 2206 Aviti
657 2151 998 2206 sanctissimi
1029 2152 1151 2222 ejus
1177 2151 1426 2222 episcopi
1458 2152 1850 2221 fragmentum
1877 2156 1926 2206 5.
1954 2174 1980 2200 ‹‹
2008 2154 2112 2207 No-

482 2248 689 2299 verunt
701 2245 984 2315 siquidem
999 2247 1222 2315 sceptra
1243 2243 1432 2298 saeculi
1447 2244 1628 2298 nostri
1641 2244 1698 2298 in
1721 2261 1833 2315 quo
1855 2245 2111 2299 sitvirtus

487 2339 764 2409 temporis
804 2338 916 2403 sui;
965 2354 1209 2408 quorum
1259 2337 1799 2408 inexpugnabiliter,
1847 2343 1998 2392 recte
2049 2342 2113 2392 ut

483 2431 845 2498 confidimus,
875 2432 1000 2501 plus
1019 2431 1141 2484 hzec
1172 2430 1436 2497 basilicis,
1463 2447 1637 2500 quam
1666 2431 2110 2502 propugnaculis

481 2525 615 2580 urbs
655 2524 930 2579 munitur.
977 2524 1237 2593 Cingitur
1273 2524 1526 2595 undique
1567 2541 1856 2578 sacrarum
1895 2525 2108 2579 aedium

479 2618 763 2672 tutamine
795 2617 952 2672 dives
979 2634 1267 2684 accessus;
1292 2621 1349 2671 et
1379 2617 1451 2670 ad
1501 2621 1820 2687 portarum,
1849 2619 2108 2688 quamvis

479 2712 820 2782 patentium,
855 2710 1058 2764 limina
1083 2709 1313 2776 tutiora,
1357 2709 1466 2762 nisi
1504 2711 1714 2764 sanctis
1741 2711 2104 2779 janitoribus,

477 2821 595 2859 non
615 2803 860 2858 venitur.
885 2803 1132 2856 Desistat
1163 2803 1298 2857 hinc
1328 2804 1500 2872 plane
1529 2807 1671 2856 nutu
1692 2819 1942 2874 superno
1975 2820 2107 2858 usus

479 2912 798 2951 armorum.
850 2917 878 2946 »
931 2898 992 2949 In
1033 2895 1122 2948 his
1171 2911 1341 2965 porro
1385 2895 1596 2949 sanctis
1638 2895 1776 2950 locis
1827 2897 2108 2966 psallendi

475 2989 651 3044 ritum
677 2988 921 3059 viguisse
943 2987 1231 3058 colligitur
1261 3005 1327 3040 ex
1361 2987 1448 3041 his
1472 2989 1786 3058 fragmenti
1812 2995 1842 3044 7
1873 2990 2060 3045 verbis
2089 3005 2102 3043 :

482 3104 510 3132 ‹‹
539 3082 719 3137 Gallia
749 3085 946 3136 nostra
971 3080 1254 3135 ﬂorescat.
1281 3081 1443 3135 Orbis
1463 3081 1750 3135 desideret
1768 3084 1921 3153 quod
1951 3085 2106 3138 locus

479 3175 708 3229 invexit.
738 3174 1049 3244 lncipiatur
1069 3173 1242 3228 hodie
1275 3174 1550 3228 exustioni
1579 3175 1884 3242 aeternitas,
1915 3177 2101 3248 digni-

476 3273 564 3322 tas
593 3267 838 3338 regioni.
868 3267 1253 3321 Laudantibus
1282 3267 1340 3320 in
1366 3268 1634 3338 praesenti
1663 3271 1867 3322 saeculo
1898 3271 2100 3338 Deum,

479 3360 793 3414 laudaturis
823 3360 1040 3431 pariter
1067 3360 1126 3414 in
1154 3360 1365 3428 futuro,
1394 3366 1631 3416 renovet
1665 3362 1852 3432 magis
1895 3363 2098 3431 obitus,

479 3470 652 3524 quam
671 3453 957 3521 terminet
983 3454 1290 3521 actionem,
1323 3475 1350 3502 ››
1377 3458 1484 3508 etc.
1513 3454 1671 3508 Idem
1693 3455 1750 3508 in
1774 3457 2100 3524 fragmento

477 3549 530 3613 6,
568 3546 837 3600 meminit
875 3544 1068 3619 403
1114 3568 1141 3595 ‹‹
1175 3548 1336 3600 lectae
1383 3548 1664 3618 passionis
1695 3570 1722 3597 »
1771 3553 2100 3604 sanctorum

472 3640 907 3710 Agaunensium
934 3639 992 3693 in
1027 3657 1229 3694 eorum
1271 3641 1597 3710 festivitate,
1629 3642 1784 3713 quod
1815 3664 1843 3691 ‹‹
1876 3659 1943 3696 ex
1964 3660 2098 3698 eon-

475 3733 790 3788 suetudinis
817 3733 1010 3788 debito
1041 3755 1068 3784 ››
1098 3735 1316 3788 factum
1347 3734 1500 3789 dicit.

545 3831 632 3881 29.
663 3826 829 3890 Quod
867 3830 1064 3881 sancto
1101 3827 1416 3897 Trophimo
1446 3828 1867 3882 Arelatensium
1913 3829 2100 3899 primo

475 3919 743 3991 episcopo
793 3919 994 3973 tribuit
1031 3923 1193 3973 vetus
1233 3923 1433 3974 auctor
1465 3921 1617 3990 apud
1661 3921 2099 3992 Spelmannum,

474 4029 591 4067 non
617 4012 764 4065 adeo
791 4011 1092 4081 antiquum
1113 4011 1338 4065 videtur
1366 4012 1708 4067 institutum.
1739 4015 1904 4085 Apud
1935 4015 2100 4070 Sido-

473 4105 634 4158 nium
663 4103 1078 4174 Apollinarem,
1102 4104 1160 4157 in
1187 4104 1283 4158 lib.
1316 4121 1387 4172 Iv,
1421 4105 1662 4177 epistola
1703 4110 1785 4173 Η,
1838 4108 2100 4163 Claudia-

474 4215 581 4251 nus
622 4197 958 4263 monachus,
989 4197 1246 4252 Mamerti
1290 4197 1625 4253 Viennensis
1673 4201 1924 4272 episcopi
1969 4219 2098 4272 ger-

472 4307 679 4346 manus
700 4292 759 4343 et
791 4289 1049 4357 vicarius,
1093 4291 1378 4363 laudatur,
1417 4293 1570 4362 quod
1608 4294 1861 4364 psalmos
1896 4297 2097 4367 praeci-

473 4384 682 4450 nuerit,
708 4387 766 4438 et
790 4384 1064 4438 lectiones
1089 4402 1192 4456 per
1221 4401 1439 4440 annum
1471 4387 1839 4442 ordinaverit.

2125 3225 2180 3300 Ο

690 4490 1014 4558 Psalmorum
1035 4489 1118 4558 hic
1143 4491 1438 4558 modulator
1466 4497 1517 4542 et
1537 4493 1852 4558 phonascus,

689 4556 820 4618 Ante
847 4553 1042 4618 altaria,
1069 4554 1222 4618 fratre
1252 4553 1560 4618 gratulante,

693 4617 973 4663 lnslructas
1002 4617 1180 4666 docuit
1204 4631 1389 4667 sonare
1425 4619 1633 4669 classes.

692 4677 788 4742 Ijic
815 4678 1136 4727 solemnibus
1163 4679 1348 4727 annuis
1371 4681 1589 4742 paravit,

692 4739 816 4797 Quas
839 4753 940 4802 quo
960 4744 1192 4804 tempore
1219 4741 1355 4790 lecta
1371 4739 1731 4794 convenirent.

475 4841 804 4896 Secundum
826 4843 1228 4911 Claudianum,
1254 4843 1502 4900 diviniin
1534 4846 1631 4902 illa
1655 4849 1906 4903 Ecclesia
1931 4849 2104 4906 ofﬁcii

473 4936 853 5007 amplificator
872 4937 1192 4992 censendus
1222 4941 1308 4992 est
1337 4942 1565 4994 sanctus
1589 4941 1866 4996 Caesarius
1892 4943 2104 5014 episco-

474 5049 599 5104 pus,
617 5033 757 5085 teste
771 5031 1054 5102 Cypriano
1077 5031 1344 5103 episcopo
1359 5033 1664 5088 Tolonensi
1682 5033 1738 5088 in
1757 5035 1902 5089 libro
1915 5037 2101 5106 primo

478 5126 548 5179 de
576 5125 698 5194 ejus
727 5123 869 5178 Vita.
904 5125 993 5179 Sic
1023 5124 1180 5178 enim
1207 5125 1418 5196 legitur
1437 5143 1579 5180 num
1606 5130 1669 5182 10
1694 5143 1706 5181 :
1735 5149 1763 5176 ‹‹
1786 5129 1866 5182 De
1889 5131 2104 5200 profec-

478 5219 631 5271 tibus
655 5219 848 5288 itaque
877 5221 1213 5272 cunctorum
1239 5220 1509 5274 sollicitus
1537 5223 1596 5275 et
1617 5221 1886 5292 providus
1903 5225 2104 5279 Pastor

480 5311 674 5364 statim
701 5310 947 5364 instituit
969 5315 1032 5364 ut
1051 5312 1305 5382 quotidie
1327 5314 1549 5383 Tertiae,
1574 5315 1892 5387 Sextazque,
1922 5322 1981 5372 et
1998 5319 2103 5374 No-

481 5421 569 5458 nze
593 5421 734 5474 opus
757 5404 812 5457 in
835 5405 1014 5458 sancti
1036 5406 1312 5477 Stephani
1332 5407 1564 5463 basilica
1581 5409 1770 5463 clerici
1791 5427 1921 5464 cum
1943 5411 2104 5482 hym-

477 5498 567 5552 nis
592 5502 922 5564 cantarent;
948 5502 1012 5554 ut
1037 5500 1084 5554 si
1105 5499 1230 5572 quis
1248 5502 1393 5556 forte
1420 5503 1778 5556 saecularium
1805 5506 1892 5558 vel
1925 5506 2102 5576 poeni-

477 5591 723 5647 tentium
750 5597 1010 5648 sanctum
1045 5611 1187 5666 opus
1217 5596 1448 5666 exsequi
1469 5595 1735 5662 ambiret,
1764 5597 1977 5668 absque
2005 5615 2097 5654 ex-

477 5686 770 5741 cusatione
784 5687 973 5758 aliqua
986 5687 1324 5758 quotidiano
1339 5687 1615 5742 interesse
1633 5693 1823 5759 posset
1835 5693 2043 5748 ofﬁcio.
2069 5716 2096 5745 »

477 5781 545 5834 Et
569 5797 726 5834 num.
751 5781 1043 5850 sequenti:
1063 5802 1091 5830 (ί
1111 5779 1336 5849 Adiecit
1350 5781 1525 5835 etiam
1548 5785 1721 5852 atque
1733 5787 2025 5855 compulit,
2042 5791 2104 5842 ut

475 5873 749 5928 laicorum
782 5873 1136 5942 pepularitas
1169 5873 1424 5927 Psalmos
1463 5878 1520 5928 et
1563 5874 1810 5946 hymnos
1848 5884 2097 5950 pararet,

2213 1965 2512 2036 disciplina
2542 1965 2722 2019 animi
2737 1965 2822 2019 sui
2844 1965 3102 2020 laatitiam
3127 1965 3205 2018 sic
3233 1964 3481 2020 effundit
3503 1965 3566 2020 in
3593 1984 3888 2021 sermone

2213 2062 2314 2113 288
2335 2057 2666 2129 appendicis
2687 2075 2848 2113 nova:
2867 2059 3302 2128 Augustinianaa
3329 2075 3340 2112 :
3367 2059 3698 2127 Gaudium,
3724 2061 3887 2131 quod

2212 2151 2357 2204 mihi
2381 2151 2660 2205 Dominus
2686 2151 2766 2219 'de
2801 2154 2986 2205 vestra
3022 2155 3220 2206 sancta
3255 2155 3313 2204 et
3345 2151 3510 2205 ﬁdeli
3551 2153 3886 2208 devotione

2211 2244 2509 2311 concessit,
2525 2243 2710 2298 verbis
2722 2261 2839 2298 non
2858 2245 3139 2314 praevaleo
3154 2243 3458 2314 explicare.
3474 2245 3694 2300 Plures
3720 2248 3885 2301 enim

2211 2341 2375 2391 erant
2405 2337 2542 2390 anni
2565 2337 2719 2408 quod
2745 2354 2848 2408 pro
2871 2337 2976 2392 hac
3002 2354 3064 2391 re
3092 2337 3376 2392 aestuabat
3395 2338 3604 2393 anima
3636 2357 3808 2408 mea,
3835 2347 3888 2394 et

2208 2433 2331 2484 tota
2343 2430 2530 2484 cordis
2543 2430 2862 2486 intentione
2877 2431 3280 2484 desiderabam
3297 2435 3359 2484 ut
3373 2431 3552 2486 istam
3573 2435 3889 2504 psallendi

2208 2522 2682 2578 consuetudinem
2710 2524 2866 2578 vobis
2879 2523 3004 2593 pius
3015 2524 3298 2578 Dominus
3319 2523 3670 2595 inspiraret.
3711 2528 3882 2582 Unde

2207 2616 2486 2670 henedico
2500 2617 2806 2670 Dominum
2821 2633 3036 2682 meum,
3053 2621 3111 2670 et
3127 2619 3674 2691 quantaspossumj
3685 2622 3890 2690 ugiter

2207 2709 2422 2779 gratias
2448 2727 2578 2779 ago,
2629 2709 2725 2780 qui
2772 2710 3042 2780 dignatus
3079 2715 3167 2764 est
3202 2711 3448 2781 implere
3498 2712 3882 2768 desiderium

2205 2819 2419 2856 meum.
2449 2803 2591 2858 Cum
2624 2803 2780 2857 enim
2801 2820 2899 2857 vos
2921 2820 3028 2874 ego
3061 2803 3138 2857 ita
3157 2805 3404 2874 psallere
3428 2805 3882 2874 desiderarem,

2207 2912 2320 2966 quo
2339 2896 2514 2951 modo
2537 2897 2594 2950 in
2619 2897 2742 2950 aliis
2759 2897 2957 2950 vicinis
2978 2897 3302 2952 civitatibus
3321 2899 3725 2969 psallebatur,
3756 2903 3883 2956 tali-

2207 2993 2296 3041 ter
2319 2989 2468 3042 Deus
2496 2989 2839 3059 prmparavit
2863 2989 3124 3043 animum
3144 2993 3426 3058 vestrum,
3457 2997 3526 3046 ut
3549 2993 3671 3048 hoc
3694 2996 3882 3050 etiam

2206 3081 2430 3148 melius,
2446 3082 2685 3137 Domino
2709 3081 3038 3151 adjuvante,
3068 3084 3428 3154 compleatis.
3462 3107 3492 3134 ››
3515 3086 3612 3140 Ad
3659 3088 3800 3143 haec
3829 3091 3882 3142 in

2205 3191 2474 3228 sermone
2497 3176 2627 3229 14οε
2665 3197 2692 3223 ‹‹
2713 3177 2781 3228 ΕΙ,
2802 3175 2930 3229 ideo
2953 3191 3094 3246 rogo
3117 3193 3236 3243 vos,
3259 3178 3472 3232 fratres
3507 3179 3882 3248 charissimi,

2204 3267 2277 3320 ad
2293 3267 2525 3338 Vigilias
2538 3268 2850 3321 matutinas
2867 3269 3082 3338 surgite
3099 3286 3112 3322 :
3129 3270 3202 3324 ad
3214 3271 3494 3338 Tertiam,
3513 3273 3592 3326 ad
3609 3274 3879 3334 Sextam.

2204 3360 2277 3414 ad
2298 3361 2520 3416 Nonam
2543 3365 2675 3414 ante
2699 3362 2894 3415 omnia
2916 3363 3240 3416 convenite.
3266 3365 3467 3418 Nullus
3501 3383 3566 3420 se
3592 3384 3632 3422 a
3668 3373 3881 3425 sancto

2203 3469 2378 3523 opere
2403 3454 2718 3521 subtrahat,
2761 3453 2870 3508 nisi
2908 3470 3082 3526 quem
3111 3456 3445 3524 inﬁrmitas,
3490 3464 3602 3514 aut
3638 3464 3881 3534 publica

2203 3544 2437 3613 utilitas,
2457 3548 2714 3600 autfor'te
2733 3550 2888 3601 certa
2915 3551 2974 3601 et
2997 3547 3234 3617 grandis
3260 3551 3586 3607 necessitas
3611 3558 3881 3611 tenuerit

2203 3641 2563 3708 occupatum.
2595 3640 2709 3692 Nec
2749 3641 2934 3694 solum
2963 3639 3122 3694 vobis
3163 3641 3432 3710 sufficiat,
3466 3647 3639 3716 quod
3677 3649 3744 3704 in
3790 3666 3876 3704 ec-

2203 3730 2373 3784 clesia
2399 3730 2620 3785 divinas
2650 3731 2922 3786 lectiones
2952 3733 3162 3788 auditis
3187 3751 3199 3800 ;
3224 3734 3327 3788 sed
3355 3735 3545 3792 etiam
3575 3739 3644 3794 in
3695 3742 3882 3797 domi-

2201 3823 2308 3877 bus
2327 3825 2526 3878 vestris
2553 3828 2652 3878 aut
2672 3825 2780 3896 ipsi
2806 3826 3001 3896 legite,
3031 3831 3130 3881 aut
3157 3828 3300 3883 alios
3340 3829 3623 3900 legentes
3673 3837 3876 3908 requi-

2201 3916 2331 3983 rite,
2365 3921 2422 3970 et
2448 3917 2695 3971 libenter
2713 3919 2926 3973 audite.
2961 3942 2988 3969 ››
3017 3922 3099 3974 lta
3118 3921 3399 3976 Caesarius
3426 3923 3506 3978 ad
3548 3927 3747 3984 laicos
3776 3931 3877 3984 bo-

2204 4009 2392 4064 mines
2425 4010 2665 4065 civitatis
2693 4013 3043 4067 Arelatensis
3071 4031 3085 4068 :
3117 4015 3213 4085 qui
3237 4037 3266 4064 «
3291 4015 3656 4087 frequenter
3684 4025 3870 4078 etiam

2203 4103 2277 4156 ad
2305 4103 2609 4158 Matutinos
2651 4107 2707 4158 et
2749 4106 3159 4161 Lucernarium
3205 4113 3446 4180 propter
3475 4113 3881 4172 advenientes

2201 4197 2482 4250 recitabat
2523 4198 2810 4267 homilias,
2848 4222 2874 4248 n
2919 4217 2985 4254 ex
3027 4202 3314 4273 Cypriano
3357 4205 3650 4278 episcopo
3702 4211 3874 4266 Tolo-

2203 4289 2367 4344 nensi
2391 4289 2449 4343 in
2477 4291 2598 4361 ejus
2623 4292 2768 4358 Vita,
2811 4310 2969 4348 num.
3000 4295 3053 4360 4,
3087 4315 3114 4344 α
3146 4298 3212 4349 ut
3240 4297 3432 4351 nullus
3471 4307 3643 4356 esset
3678 4305 3786 4376 qui
3823 4322 3879 4358 se

2203 4383 2273 4438 de
2303 4383 2633 4454 ignorantia
2669 4391 2980 4441 excusaret.
3011 4408 3039 4438 ››
3071 4391 3133 4442 ln
3165 4389 3256 4443 his
3289 4391 3517 4462 Vigiliis
3558 4399 3882 4453 matutinis

2202 4493 2320 4531 non
2365 4477 2551 4532 solum
2578 4478 2898 4549 Scripturas
2937 4497 3146 4550 sacras,
3187 4483 3290 4537 sed
3332 4484 3517 4540 etiam
3561 4491 3881 4560 passiones

2119 4591 2178 4664 Ι)
2203 4568 2394 4642 405
2424 4573 2932 4642 martyrumlectas
2952 4575 3126 4629 fuisse
3150 4593 3218 4630 ex
3236 4577 3449 4633 eodem
3482 4581 3759 4641 Caesarie
3792 4587 3880 4641 in-

2202 4663 2516 4734 telligimus
2532 4664 2590 4718 in
2611 4683 2882 4722 sermone
2909 4671 3012 4723 300
3035 4670 3374 4740 appendicis
3402 4689 3578 4730 novae
3595 4681 3881 4750 Augusti-

2204 4756 2392 4811 niana'.
2421 4775 2434 4812 :
2466 4779 2493 4808 »
2521 4759 2668 4812 Ante
2700 4759 2921 4831 aliquot
2945 4761 3068 4816 dies
3093 4768 3334 4834 propter
3363 4783 3488 4835 eos,
3519 4772 3632 4841 qui
3654 4778 3764 4828 aut
3789 4793 3881 4846 pe-

2204 4849 2306 4905 des
2337 4851 2552 4920 dolent,
2583 4856 2682 4908 aut
2714 4855 2906 4925 aliqua
2946 4857 3202 4926 corporis
3241 4857 3658 4930 inaequalitate
3715 4870 3874 4925 labo-

2203 4947 2352 5010 rant,
2367 4947 2836 5018 paternapietate
2851 4949 3122 5004 sollicitus
3133 4952 3443 5008 consilium
3464 4956 3636 5028 dedi,
3655 4967 3719 5016 et
3740 4981 3879 5035 quo-

2205 5037 2338 5092 dam
2363 5038 2537 5094 modo
2573 5041 2902 5111 supplicavi,
2923 5045 2985 5097 ut
3006 5045 3241 5114 quando
3259 5049 3362 5100 aut
3383 5050 3711 5119 passiones
3743 5075 3876 5128 pro-

2203 5130 2348 5198 lixae,
2377 5137 2475 5187 aut
2501 5137 2654 5187 certe
2690 5133 2897 5206 aliqua:
2929 5137 3206 5192 lectiones
3235 5141 3538 5212 longiores
3564 5148 3878 5222 leguntur,

2202 5225 2298 5295 qui
2328 5229 2478 5280 stare
2507 5243 2624 5281 non
2646 5233 2903 5298 possunt,
2937 5230 3232 5286 humiliter
3253 5237 3468 5290 etcum
3504 5240 3762 5299 silentio
3792 5264 3876 5300 se-

2203 5317 2424 5382 dentes,
2443 5321 2678 5374 attentis
2700 5322 2932 5376 auribus
2954 5324 3194 5380 audiant
3214 5344 3343 5398 quee
3364 5329 3683 5401 leguntur.
3718 5341 3764 5394 Ν
3773 5358 3880 5394 unc

2201 5428 2334 5466 vero
2366 5412 2572 5484 aliqua:
2595 5415 2665 5469 de
2687 5415 2910 5470 filiabus
2939 5419 3150 5472 nostris
3181 5424 3411 5490 putant,
3445 5429 3618 5504 quod
3641 5431 3764 5486 hoc
3784 5439 3879 5487 aut

2202 5521 2426 5574 omnes,
2449 5511 2548 5562 aut
2567 5512 2722 5563 certe
2749 5511 2942 5580 plures
2963 5529 3092 5582 quae
3109 5530 3268 5568 sanas
3294 5521 3432 5571 sunt
3452 5535 3743 5595 corpore,
3771 5529 3879 5582 fre-

2202 5607 2448 5698 quenter
2473 5606 2686 5660 debent
2711 5609 2918 5663 facere.
2939 5610 3084 5664 Nam
3103 5611 3199 5666 ubi
3225 5613 3473 5671 verbum
3490 5619 3604 5676 Dei
3628 5627 3878 5698 coeperit

2200 5697 2624 5770 recitari,quasi
2641 5699 2699 5753 in
2718 5701 2940 5756 lectulis
2963 5703 3096 5771 suis,
3121 5703 3203 5760 ita
3217 5707 3419 5776 jacere
3443 5714 3684 5786 volunt,
3714 5697 3747 5771 ii
3767 5723 3874 5774 etc.

2271 5794 2357 5846 31.
2388 5793 2466 5846 Ex
2492 5792 2580 5846 his
2607 5793 2948 5864 colligimus,
2979 5797 3170 5868 primo
3201 5799 3577 5870 publicarum
3622 5827 3875 5882 precum

2201 5883 2621 5942 institutionem
2653 5904 2770 5942 non
2811 5889 3005 5944 minus
3042 5891 3099 5945 in
3145 5893 3398 5959 gratiam
3444 5905 3658 5972 populi
3692 5924 3874 5979 quam
