3970 6412
85 403 154 447 2W

163 398 190 449 τ
1206 399 1290 456 DE
1327 400 1544 456 CURSU
1581 401 1950 457 GALLICANO
1985 401 2392 468 DlSQUlSlTlO.

3357 407 3458 458 398

83 504 222 558 cleri
241 503 454 559 factam
484 505 686 562 fuisse.
707 506 918 563 Deinde
938 507 1242 562 lectionum
1265 513 1520 580 tempore
1539 510 1734 565 fideles
1755 522 1814 594 Α
1833 510 2085 564 chalibus
2109 511 2464 582 praecipiunt,
2495 511 2742 584 itemque
2756 527 2858 583 pro
2887 511 3122 583 singulis
3146 511 3450 566 Dominicis
3523 495 3534 506 ’

81 597 304 651 stetisse
330 597 394 651 in
426 599 626 670 pedes,
657 601 908 672 exceptis
935 601 1198 656 inﬁrmis.
1227 602 1310 656 Ad
1349 603 1470 656 haec
1522 604 1736 659 nullam

81 690 178 743 hic
197 689 269 743 de
294 691 512 746 Primae
539 693 729 746 ofﬁcio
754 694 876 748 ﬁeri
902 695 1270 763 mentionem,
1295 694 1436 750 sicut
1449 712 1551 751 nec
1569 697 1737 752 etiam

79 783 139 836 in
169 783 601 839 'constitutione
647 787 906 857 lnjuriosi
956 787 1202 858 episcopi
1240 789 1612 859 Turonensis,
1667 791 1735 845 de

77 892 193 946 qua
219 875 492 932 inferius.
539 879 830 933 Postremo
866 880 1010 934 hanc
1056 880 1328 952 psallendi
1379 897 1636 936 normam
1676 883 1735 937 in

1835 607 1892 657 et
1915 603 2220 673 majoribus
2245 603 2656 660 festivitatibus.
2686 605 2770 658 Ab
2797 605 2996 660 eodem
3041 605 3282 660 Caesario
3323 621 3454 659 con-

1835 695 1938 749 diti
1965 700 2096 750 sunt
2121 713 2365 750 canones
2393 699 2610 752 concilii
2637 715 2674 752 II
2721 697 2992 763 Vasensis,
3035 697 3194 768 cujus
3238 713 3450 751 canone

1835 791 1864 842 3
1897 789 2174 858 statuitur,
2202 795 2263 844 ut
2294 791 2457 862 Kyrie
2484 791 2692 846 eleison
2719 791 2793 845 ad
2818 792 3133 853 Matutinos,
3160 795 3211 845 et
3237 791 3312 844 ad
3334 792 3459 845 mis-

1832 896 1942 943 sas,
1970 887 2018 936 et
2042 883 2118 936 ad
2147 885 2434 954 VeSperam
2457 881 2848 954 frequentetur.
2887 885 3023 937 Eam
3065 883 3135 936 ob
3179 899 3302 937 rem
3347 887 3457 936 Au-

1833 973 2030 1028 reliani
2047 976 2245 1043 regula
2273 977 2330 1031 id
2349 977 2652 1049 aliquando
2669 981 2774 1046 ter,
2807 976 3107 1046 aliquando
3123 975 3293 1030 etiam
3310 975 3450 1030 duo-

1833 1066 2015 1120 decies
2034 1069 2211 1138 repeti
2231 1069 2412 1138 jubet.
2436 1071 2699 1141 Ejusdem
2728 1069 2947 1124 concilii
2973 1085 3152 1122 canon
3191 1071 3222 1123 5
3259 1069 3450 1123 decer-

1831 1159 1936 1227 nit,
1993 1162 2060 1214 Ut
2090 1163 2147 1215 in
2177 1163 2416 1218 omnibus
2446 1163 2700 1218 clausulis
2727 1163 3060 1232 psalmorum
3094 1165 3216 1232 post
3271 1161 3455 1215 Gloria

1831 1252 2044 1307 dicatur
2095 1253 2246 1309 Sicut
2295 1260 2414 1310 erat
2450 1258 2510 1310 in
2547 1257 2808 1310 universis
2847 1253 2969 1324 ejus
3016 1253 3318 1326 provinciae
3365 1270 3447 1308 ec-

1832 1346 2025 1400 etesiis.

1902 1441 1988 1494 35.
2022 1440 2232 1494 Praeter
2257 1455 2322 1494 ea
2350 1439 2644 1494 Ferreolus
2670 1439 2974 1495 Ucetiensis
2993 1439 3243 1508 antistes,
3273 1438 3333 1492 in
3358 1455 3446 1493 re-

1829 1531 1978 1602 gulae
2005 1548 2118 1586 sua:
2143 1549 2266 1604 cap.
2298 1536 2362 1586 18
2393 1549 2406 1586 :
2437 1553 2466 1580 «
2491 1533 2657 1587 Gesta
2681 1537 3018 1604 martyrum,
3047 1532 3250 1604 inquit,
3285 1531 3341 1586 id
3367 1535 3450 1585 est

77 969 279 1022 vicinis
313 969 607 1040 Ecclesiis,
645 977 952 1044 antequam
982 973 1043 1026 in
1082 974 1409 1040 Arelatensi,
1445 974 1616 1030 fuisse
1657 975 1735 1029 in-

78 1061 366 1116 stitutam.

148 1158 242 1209 32.
279 1156 409 1209 Non
450 1155 704 1211 multum
748 1157 918 1212 distat
945 1157 1165 1212 Arelate
1194 1157 1445 1228 Massilia,
1474 1159 1572 1214 ubi
1609 1175 1730 1214 me-

72 1247 168 1300 dio
197 1248 418 1301 saeculo
444 1263 482 1300 ν
508 1254 762 1303 versatus
785 1252 870 1304 est
893 1249 1202 1305 Cassianus.
1242 1252 1292 1304 Is
1317 1251 1535 1306 duobus
1558 1252 1620 1306 in
1646 1252 1729 1306 lo-

72 1340 152 1391 cis
180 1355 394 1393 cursus
430 1340 707 1394 Gallicani
752 1341 1034 1407 meminit,
1076 1346 1131 1396 et
1164 1342 1351 1413 primo
1390 1344 1620 1414 quidem
1669 1343 1730 1397 in

69 1432 171 1486 lib.
205 1448 245 1486 ιι
277 1433 746 1500 lnstitutionum,
775 1451 896 1505 cap.
922 1437 953 1488 8
983 1450 996 1488 :
1030 1454 1058 1484 «
1095 1435 1237 1489 lllud
1274 1435 1443 1490 etiam
1476 1437 1626 1507 quod
1672 1436 1730 1490 in

72 1526 175 1578 hac
206 1526 517 1595 provincia
545 1526 812 1596 vidimus,
849 1530 909 1580 ut
937 1543 1048 1581 uno
1075 1532 1356 1598 cantante,
1387 1529 1445 1582 in
1487 1529 1731 1582 clausula

71 1618 281 1688 psalmi
311 1635 523 1673 omnes
536 1619 824 1674 adstantes
841 1621 1138 1674 concinant
1155 1637 1283 1674 cum
1315 1621 1582 1690 clamore,
1611 1623 1729 1678 ϐιο-
1827 1624 2114 1694 passiones
2135 1629 2456 1679 sanctorum
2482 1625 2754 1694 ﬁdelium,
2774 1643 2900 1696 quae
2917 1625 3290 1697 quorumdam
3305 1639 3452 1678 com-

69 1715 154 1764 ria
180 1715 354 1766 Patri
380 1717 436 1766 et
457 1713 594 1767 Filio
621 1718 674 1766 ct
697 1715 932 1782 Spiritui
959 1719 1162 1776 sancto,
1183 1730 1464 1784 nusquam
1481 1730 1583 1785 per
1602 1731 1724 1768 om-
1827 1718 2092 1787 paginata
2121 1718 2306 1772 studio
2347 1722 2404 1772 et
2446 1735 2708 1773 sermone
2743 1718 2962 1789 digesta
2999 1723 3148 1787 sunt,
3195 1721 3448 1787 tempore

68 1821 202 1858 nem
236 1801 550 1859 Orientem
575 1805 915 1872 audivimus,
943 1807 1041 1860 sed
1067 1822 1194 1860 cum
1225 1807 1482 1860 omnium
1507 1807 1727 1861 silentio
1751 1877 1789 1882 _
1826 1826 1937 1880 quo
1962 1811 2125 1864 nobis
2151 1811 2302 1866 diem
2331 1811 2688 1882 migrationis
2715 1827 2912 1866 eorum
2937 1811 3072 1865 anni
3089 1815 3237 1864 meta
3255 1825 3449 1863 cursus

69 1899 137 1950 ab
165 1914 238 1951 eo
281 1897 392 1968 qui
445 1900 661 1967 cantat,
697 1898 856 1951 ﬁnito
899 1899 1136 1969 psalmo,
1185 1899 1497 1954 orationem
1533 1916 1724 1954 succe-
1747 1877 1802 1948 B
1827 1904 1914 1957 sui
1946 1903 2166 1974 legibus
2210 1907 2594 1974 repraesentat,
2641 1903 2921 1958 recenseri
2960 1903 3018 1957 in
3060 1903 3304 1957 oratorio
3344 1919 3446 1956 au-

71 1991 234 2045 dere:
267 1991 383 2044 hac
412 2006 548 2044 vero
578 1991 985 2061 gloriﬁcatione
1019 1991 1303 2046 Trinitatis
1335 1993 1726 2048 tantummodo
1827 1995 2110 2050 dientibus
2135 1995 2348 2050 cunctis
2372 1995 2604 2050 omnino
2631 1995 3006 2049 decernimus.
3038 2016 3066 2044 »
3094 1995 3250 2058 Quod
3276 1994 3445 2048 etiam

66 2083 250 2138 solere
282 2083 644 2153 antiphonas
669 2083 984 2151 terminari,
1015 2105 1043 2133 »
1077 2085 1134 2138 id
1162 2088 1265 2154 est,
1307 2085 1353 2138 si
1376 2085 1519 2140 bene
1546 2085 1722 2140 inter-
1827 2087 1895 2142 de
1917 2087 2214 2142 Viennensi
2244 2092 2299 2141 et
2317 2087 2626 2142 Arelatensi
2677 2087 2933 2142 Ecclesiis
2971 2086 3228 2156 superius
3265 2085 3450 2139 obser-

63 2179 284 2246 pretor,
308 2179 557 2230 cantum
577 2177 883 2232 alternum.
913 2178 1050 2232 Nam
1077 2178 1230 2232 hunc
1267 2177 1592 2248 antipbonaa
1617 2195 1722 2232 no-
1825 2179 2096 2233 vavimus.
2143 2179 2395 2250 Denique
2439 2180 2672 2233 Faustus
2708 2195 2774 2232 ex
2825 2177 3102 2232 monacho
3158 2177 3446 2231 Lerinensi

65 2269 218 2323 mine
247 2269 417 2340 apud
445 2269 798 2340 antiquiores
819 2269 1328 2341 auctoresintelligi
1355 2268 1546 2342 406
1565 2288 1726 2342 supe—
1825 2271 2120 2342 episcopus
2149 2271 2457 2341 Regiensis,
2490 2274 2631 2325 teste
2657 2269 2883 2326 Sidonio
2914 2270 2973 2324 in
3017 2269 3117 2324 lib.
3163 2287 3235 2337 1x,
3283 2269 3446 2340 epist.

63 2363 178 2414 rius
218 2361 508 2416 vidimus.
549 2363 710 2416 Alter
744 2363 898 2416 locus
937 2367 1022 2418 est
1052 2363 1112 2417 in
1153 2363 1252 2418 lib.
1280 2379 1360 2432 in,
1393 2379 1514 2434 cap.
1543 2365 1596 2433 4,
1629 2365 1722 2418 ubi
1825 2366 1877 2430 3,
1907 2363 2012 2418 fuit
2040 2386 2068 2411 ‹‹
2095 2381 2326 2434 precum
2355 2363 2568 2434 peritus
2591 2363 3152 2434 insulanarum,quas
3174 2362 3243 2416 de
3274 2361 3446 2431 palae-

63 2456 171 2508 duo
213 2472 325 2510 nos
364 2455 536 2510 docet
578 2455 896 2510 Cassianus.
936 2456 1212 2524 Primum,
1262 2457 1602 2510 matutinam
1641 2473 1724 2511 so-
1822 2461 1939 2510 stra
1967 2456 2274 2512 eremitidis
2303 2456 2453 2509 etde
2483 2458 2679 2510 senatu
2725 2455 3112 2509 Lerinensium
3154 2453 3448 2508 cellulano-

63 2548 457 2618 lemnitatem,
482 2548 540 2602 id
574 2552 662 2603 est
686 2549 920 2619 Laudes,
954 2550 1238 2621 «expletis
1259 2548 1548 2604 nocturnis
1571 2551 1720 2621 psal-
1824 2564 1972 2616 rum,
2002 2548 2062 2602 in
2111 2549 2312 2602 urbem
2341 2563 2566 2618 quoque
2611 2547 2810 2616 (suam)
2854 2546 3159 2611 transtulit,
3202 2544 3346 2598 nihil
3375 2545 3445 2598 ab

63 2643 166 2695 mis
194 2645 255 2696 et
283 2641 677 2708 orationibus,
701 2645 829 2712 post
853 2643 1140 2697 modicum
1168 2643 1440 2714 temporis
1459 2644 1721 2699 interval-
1822 2641 2020 2695 abbate
2045 2644 2295 2694 mutatus
2323 2657 2424 2711 per
2452 2639 2819 2694 sacerdotem.
2843 2661 2870 2688 »
2919 2639 3012 2692 His
3057 2637 3317 2692 omnibus
3353 2637 3448 2692 ad-

63 2735 200 2804 lum,
225 2758 256 2784 ››
293 2735 361 2790 in
391 2734 588 2788 Galliae
607 2735 964 2789 monasteriis
982 2736 1154 2790 fuisse
1173 2737 1535 2793 celebratam.
1565 2738 1721 2802 Quod
1814 2733 2058 2804 jungere
2086 2749 2188 2804 par
2212 2738 2294 2788 est
2321 2733 2661 2804 metropoles
2686 2732 3124 2800 Narbonensem,
3158 2731 3442 2802 Burdega-

60 2827 230 2882 etiam
257 2829 324 2882 in
353 2829 564 2900 regula
585 2845 688 2882 sua
715 2828 974 2899 praecipit
999 2832 1222 2884 sanctus
1248 2831 1614 2900 Benedictus;
1645 2837 1722 2886 at-
1820 2827 2054 2894 lensem,
2085 2830 2140 2880 et
2175 2825 2596 2892 Bitllricensem,
2649 2841 2890 2895 quarum
2933 2823 3179 2894 episcopi
3219 2823 3274 2877 in
3315 2839 3446 2878 con-

59 2937 166 2990 que
187 2921 261 2976 de
295 2922 655 2976 Emeritensi
683 2921 926 2975 Ecclesia
952 2921 1153 2976 hiemis
1183 2925 1438 2994 tempore
1475 2924 1536 2978 in
1564 2940 1722 2978 more
1820 2919 1949 2973 cilio
1977 2918 2282 2990 Agathensi
2302 2917 2436 2972 anni
2467 2920 2590 2984 506,
2620 2933 2830 2971 canone
2857 2919 2946 2983 30,
2993 2915 3335 2982 sancierunt,
3377 2920 3444 2970 ut

59 3015 228 3069 fuisse
243 3014 660 3069 traditPaulus
676 3014 954 3069 Diaconus
975 3015 1036 3069 in
1051 3015 1151 3070 lib.
1175 3015 1242 3070 de
1270 3017 1525 3070 Patribus
1554 3018 1718 3072 Eme-
1819 3013 1968 3067 idem
1997 3012 2133 3066 ordo
2159 3011 2216 3066 in
2233 3011 2436 3066 divinis
2461 3009 2656 3065 ofﬁciis
2669 3009 2879 3081 ubique
2909 3012 3246 3076 servaretur,
3271 3024 3442 3086 quem

57 3108 400 3176 ritensibus,
433 3124 564 3179 cap.
602 3111 652 3162 t.
681 3107 1002 3162 Secundum
1030 3113 1132 3178 est,
1163 3109 1399 3164 alteram
1431 3130 1458 3158 «
1485 3109 1717 3164 matuti-
1820 3121 2092 3160 canonem
2112 3105 2397 3176 integrum
2427 3104 2486 3158 in
2511 3102 2980 3174 consequentibus
3006 3103 3336 3157 referemus.
3356 3101 3442 3156 Ad

58 3218 182 3255 nam
239 3200 708 3267 solemnitatem,
767 3222 794 3250 »
847 3201 1000 3272 quod
1044 3202 1245 3256 Primae
1306 3202 1550 3257 ofﬁcium
1613 3206 1716 3273 est,
1740 3239 1792 3273 η
1819 3200 1939 3253 haec
1964 3197 2266 3267 Gregorius
2285 3197 2344 3251 in
2358 3197 2610 3250 Historia:
2637 3195 2734 3250 lib.
2768 3212 2806 3264 ι,
2835 3197 3063 3265 cap.29,
3096 3195 3265 3249 tradit
3287 3195 3439 3265 apud

59 3316 83 3340 ιι
111 3296 171 3350 in
197 3293 472 3349 occiduis
499 3294 590 3348 vel
619 3294 871 3349 maxime
902 3295 1230 3365 regionibus
1270 3317 1298 3345 »
1347 3296 1716 3352 observatam.
1741 3285 1794 3313 υ
1821 3291 2117 3361 Biturigas,
2139 3287 2330 3362 408
2349 3305 2382 3343 a
2405 3288 2606 3370 primis
2623 3292 2863 3358 accepta:
2901 3286 3031 3341 ﬁdei
3071 3285 3438 3357 temporibus,

57 3389 116 3442 Et
164 3393 379 3443 tamen
441 3387 754 3456 Caesarius,
793 3391 859 3442 ut
899 3388 1070 3442 modo
1119 3388 1364 3444 vidimus
1388 3431 1402 3458 ,
1457 3389 1719 3445 Cassiano
1819 3384 2050 3440 clericos
2077 3383 2358 3438 ordinatos
2382 3382 2571 3448 fuisse,
2601 3381 2700 3452 qui
2747 3401 2775 3428 ‹‹
2806 3379 2980 3434 ritum
3017 3377 3291 3450 psallendi
3327 3395 3445 3434 sus-

59 3482 298 3536 inferior
363 3485 562 3548 aetate,
617 3480 834 3535 nullam
878 3481 1085 3535 Prima:
1143 3481 1276 3536 facit
1337 3482 1714 3551 mentionem;
1817 3479 2165 3548 ceperunt.»
2729 3547 2736 3552 _

53 3576 144 3630 sed
172 3580 388 3630 tamen
418 3573 480 3628 in
500 3574 815 3646 appendice
841 3575 1054 3646 regulae
1081 3591 1196 3630 suae
1222 3591 1348 3629 eam
1389 3575 1585 3630 diebus
1611 3577 1717 3630 Do-
1887 3574 1974 3626 36.
2004 3571 2128 3624 Haec
2155 3569 2271 3624 fere
2299 3573 2430 3622 sunt
2454 3583 2580 3639 quas
2601 3567 2668 3621 de
2697 3565 3076 3637 Lugdunensi,
3115 3563 3436 3633 Viennensi,

53 3669 279 3722 minicis
310 3684 384 3722 ac
409 3667 574 3721 festis
599 3667 938 3739 praescribit,
963 3671 1025 3721 ut
1042 3673 1234 3739 postea
1253 3668 1586 3724 videbimus.
1815 3662 2142 3732 Arelatensi,
2173 3661 2406 3732 aliisque
2421 3660 2618 3713 vicinis
2635 3658 2879 3714 ecclesiis
2905 3657 3066 3712 nobis
3095 3657 3438 3714 observanda

117 3763 361 3817 33.Non
377 3761 1718 3832 pratermittendushoclocaMuseus,seu(utpar
1815 3759 2210 3812 occurrerunt:
2243 3769 2312 3808 ex
2340 3753 2542 3824 quibus
2567 3750 2956 3821 intelligimus,
2988 3749 3171 3820 primo
3206 3747 3435 3820 quidem

51 3854 520 3910 vetustusCodex
532 3853 784 3926 praefert)
801 3854 1134 3926 Maseus,qui
1155 3855 1427 3910 «hortatu
1441 3855 1716 3910 sanctiVe-
1813 3850 2057 3922 psalmos
2095 3847 2164 3901 ab
2208 3863 2319 3900 uno
2359 3847 2562 3900 lectore
2605 3843 2906 3915 aliquando
2945 3841 3113 3896 fuisse
3152 3841 3432 3907 recitatos,

51 3949 192 4003 aerii
221 3947 496 4020 episcOpi
529 3947 922 4018 (Massiliensis)
945 3948 1226 4020 excerpsit
1253 3964 1320 4002 ex
1343 3947 1548 4002 sanctis
1576 3948 1718 4003 Scri-
1814 3944 2053 3997 testante
2079 3939 2360 4005 Cassiano,
2407 3943 2463 3992 et
2495 3942 2619 4008 post
2661 3936 2833 3991 tinem
2875 3935 3226 4006 singulorum
3268 3933 3436 3988 versi-

50 4042 232 4112 pturis
259 4041 572 4111 lectiones,
603 4040 776 4096 totius
804 4041 938 4096 anni
957 4041 1167 4096 festivis
1192 4045 1350 4112 aptas
1364 4041 1714 4108 diebus,res-
1815 4036 2073 4090 culorum
2100 4035 2283 4091 Gloria
2306 4033 2464 4088 Patri
2492 4031 2562 4085 ab
2588 4029 2849 4084 omnibus
2885 4031 3203 4096 cantatum;
3231 4026 3433 4082 deinde

49 4136 322 4205 ponsoria
355 4134 541 4189 etiam
572 4138 631 4188 et
671 4134 1022 4205 psalmorum
1076 4135 1318 4206 capitula
1361 4135 1716 4206 temporibus
1812 4146 1945 4184 vero
1970 4145 2092 4183 eam
2110 4126 2436 4198 psalmodiae
2455 4123 2808 4194 disciplinam
2829 4121 3172 4189 successisse,
3216 4123 3280 4174 ut
3319 4136 3436 4174 om-

50 4234 102 4281 et.
127 4229 492 4285 lectionibus
523 4228 918 4298 congruentia.
951 4228 1112 4292 Quod
1141 4245 1282 4298 opus
1306 4232 1419 4282 tam
1458 4244 1710 4283 necessa-
1813 4240 1914 4278 nes
1943 4225 2229 4285 canerent,
2259 4218 2407 4290 quod
2436 4216 2707 4271 Caesarius
2731 4215 2952 4270 Arelate
2975 4213 3288 4268 vicinarum
3330 4214 3430 4267 Ec-

49 4327 196 4382 rium
228 4343 264 4382 a
289 4327 522 4381 lectore
548 4323 612 4378 in
643 4325 884 4380 Ecclesia
921 4326 1339 4396 comprobatur,
1380 4329 1445 4380 ut
1481 4325 1712 4397 expedi-
1813 4315 2110 4371 clesiarum
2133 4311 2390 4382 exemplo
2408 4309 2666 4365 instituit.
2695 4309 2850 4364 Nunc
2877 4307 2948 4362 ad
2988 4307 3128 4362 alias
3164 4305 3430 4361 Ecclesiae

47 4427 164 4475 tum
195 4425 256 4477 et
287 4417 752 4476 sollicitudinem
780 4419 960 4488 tollat,
987 4422 1044 4474 et
1070 4435 1294 4473 moram
1311 4436 1327 4489 ;
1347 4418 1608 4490 plebique
1622 4418 1711 4473 in-
1810 4407 2265 4481 progrediamur-

49 4517 205 4584 gerat
245 4513 584 4580 scientiam,
631 4514 690 4566 et
717 4511 1028 4568 celebritati
1081 4512 1365 4568 decorem.
1399 4532 1426 4561 ››
1475 4513 1602 4566 Haec
1645 4527 1714 4566 ex
2544 4499 2690 4571 §llL

44 4608 326 4663 Gennadii
349 4623 488 4678 cap.
512 4608 605 4668 79,
635 4605 734 4659 ubi
763 4606 996 4660 observa
1048 4605 1316 4662 lectiones
1343 4605 1410 4660 ad
1448 4605 1564 4660 dies
1587 4609 1784 4684 tan-1)
1806 4623 1878 4676 De
1919 4619 2122 4685 origine
2157 4619 2207 4670 et
2238 4613 2644 4688 propagatio",-
2675 4599 2979 4688 άίηίηονίιφ
3031 4605 3328 4688 om?“er
3365 4605 3425 4656 in

45 4707 164 4755 tum
189 4701 444 4757 festivos
471 4699 780 4770 designari,
815 4715 930 4754 non
956 4698 1028 4754 ad
1051 4698 1290 4754 feriales.
1725 4679 1768 4684 —
1876 4679 2216 4770 ᾗυςᾷαηϐηεί
2237 4679 2490 4744 ἓϐσιῖηᾶα,
2518 4683 2698 4743 tertia,
2720 4684 2769 4735 et
2797 4681 3015 4749 quarta.
3044 4681 3095 4730 ει
3121 4679 3180 4730 in
3197 4679 3426 4744 utraque

111 4797 202 4850 34.
233 4797 368 4859 Qua
390 4761 630 4848 ratione
651 4761 909 4849 ordinata
922 4793 1134 4848 fuerint
1151 4792 1400 4848 Massiliae
1421 4791 1610 4847 divina
1621 4791 1704 4846 of-
1878 4761 2112 4829 Βθῖθίοαο

44 4889 182 4959 ficia,
231 4904 359 4943 non
409 4886 630 4958 liquet;
687 4891 745 4940 at
794 4887 862 4942 de
894 4886 1206 4942 Arelatensi
1244 4886 1359 4940 ritu
1397 4885 1707 4956 conjectare
1877 4891 1964 4944 37.
2004 4883 2336 4940 Psalmodiae
2374 4877 2770 4950 antiquitatem
2807 4875 2868 4929 in
2911 4873 3154 4929 secunda
3193 4871 3421 4942 Lugdu-

43 4998 355 5052 possumus
389 4996 468 5034 ex
497 4979 711 5050 regulis
739 4979 964 5034 Caesarii
993 4984 1050 5034 et
1073 4979 1383 5048 Aureliani,
1411 4978 1506 5050 qui
1540 4979 1707 5048 longe
1775 5043 1780 5052 ι
1807 4981 1988 5049 nensi,
2017 4979 2076 5033 id
2101 4981 2185 5032 est
2211 4977 2269 5030 in
2315 4969 2758 5042 Rothomagensi
2797 4967 3058 5035 Ecclesia,
3097 4964 3319 5020 nullum
3351 4964 3422 5018 il-

43 5076 339 5130 cliversum
374 5091 412 5128 ει
444 5073 811 5144 Lugdunensi
842 5073 1076 5128 modum
1097 5073 1488 5143 praescribunt.
1529 5071 1708 5125 Ambo
1805 5074 2036 5131 lustrius
2061 5067 2419 5126 commendat
2436 5061 2844 5129 testimonium,
2876 5074 3048 5130 quam
3073 5056 3292 5112 Paulini
3312 5057 3425 5128 epi-

45 5185 172 5223 vero
199 5169 355 5224 duos
391 5170 629 5220 tantum
655 5171 958 5221 nocturnos
985 5166 1194 5238 passim
1223 5166 1284 5220 in
1320 5164 1534 5236 Vigiliis
1568 5180 1703 5218 noc—
1807 5168 1948 5223 stola
1974 5166 2044 5220 ad
2077 5161 2396 5217 Victricium
2413 5154 2712 5228 ejus'urbis
2727 5153 3077 5224 episcopum.
3113 5171 3140 5200 «
3173 5149 3425 5220 Denique

47 5262 226 5316 turnis
254 5261 595 5332 assignant,
627 5264 683 5313 et
706 5259 974 5314 lectiones
1010 5264 1250 5331 uterque
1290 5258 1487 5312 missas
1522 5257 1708 5328 appel—
1806 5277 1957 5316 nunc
1984 5257 2422 5325 Rothomagum,
2451 5255 2508 5304 et
2531 5246 2724 5302 vicinis
2755 5249 2885 5300 ante
2909 5243 3234 5316 regionibus
3267 5244 3426 5298 tenui

1805 5353 2034 5410 nomine
2058 5348 2472 5423 pervulgatum,
2497 5343 2555 5396 in
2584 5339 2907 5412 longinquis
2929 5339 3098 5393 etiam
3126 5337 3428 5408 provinciis

1805 5445 2090 5504 nominari
2117 5437 2510 5497 venerabiliter
2542 5435 2826 5502 audimus,
2859 5436 2916 5487 et
2949 5432 3098 5486 inter
3137 5431 3308 5486 urbes
3343 5446 3429 5484 sa-

1807 5541 1974 5597 cratis
2002 5537 2138 5593 locis
2166 5533 2380 5591 nobiles
2399 5546 2530 5586 cum
2553 5527 2744 5584 divina
2762 5525 2925 5580 laude
2940 5523 3250 5579 numerari.
3267 5523 3422 5578 Haud

1805 5632 2112 5698 immerito,
2146 5645 2275 5684 cum
2295 5629 2469 5682 totam
2487 5622 2621 5692 illic,
2653 5619 2831 5692 qualis
2874 5618 2933 5672 in
2959 5617 3186 5673 Oriente
3211 5631 3422 5671 memo—

1805 5731 1982 5795 ratur,
2017 5722 2327 5778 Hierusales
2350 5717 2572 5785 faciem,
2613 5712 2996 5786 apostolorum
3019 5725 3244 5782 quoque
3271 5721 3419 5778 prae-

1807 5819 2044 5876 sentiam
2069 5814 2336 5872 meritum
2361 5815 2474 5866 tuae
2501 5806 2819 5866 Sanctitatis
2832 5802 3130 5860 adduxerit
3156 5817 3170 5854 :
3201 5797 3296 5870 qui
3315 5811 3413 5868 pe-

1807 5913 2088 5986 regrinam
2115 5905 2404 5964 memoriis
2440 5903 2552 5958 suis
2594 5901 2812 5968 urbem,
2859 5895 3058 5952 affectu
3102 5893 3416 5947 sanctorum

45 5354 178 5410 lant.
211 5357 284 5410 Et
318 5355 438 5408 tria
470 5352 710 5424 quidem
758 5351 906 5407 folia.
926 5353 998 5408 ad
1037 5367 1494 5423 unamquamque
1533 5350 1710 5422 exigit

43 5446 361 5518 Caesarius;
388 5450 516 5500 tres
543 5448 645 5500 aut
672 5450 912 5516 quatuor
935 5445 1190 5518 paginas,
1218 5461 1321 5516 pro
1345 5461 1610 5499 mensura
1635 5445 1704 5498 li-

45 5541 147 5608 bri,
178 5541 562 5606 Aurelianus,
603 5536 793 5609 407
825 5539 924 5610 qui
953 5539 1224 5594 lectiones
1266 5539 1336 5592 de
1360 5537 1708 5608 passionibus

44 5641 376 5708 martyrum
407 5634 476 5687 in
515 5647 722 5686 eorum
752 5631 906 5686 festis
957 5632 1290 5704 praescribit,
1328 5636 1394 5685 ut
1430 5631 1708 5702 permittit

46 5729 278 5785 tertium
292 5725 627 5784 concilium
646 5725 1102 5798 Carthaginense.
1121 5725 1203 5782 Ad
1219 5725 1342 5780 haec
1356 5724 1626 5780 Caesarius
1653 5727 1709 5779 et

47 5827 392 5882 Aurelianus
423 5823 490 5878 in
526 5817 828 5874 matutinis
864 5821 1141 5876 Laudibus
1173 5818 1454 5876 canticum
1489 5820 1703 5889 Magni-

44 5920 161 5983 [ἱραί
191 5926 248 5975 et
281 5921 596 5992 hymnum
631 5913 816 5974 Gloria
837 5917 900 5982 in
944 5916 1162 5970 excelsis
1205 5931 1306 5986 pro
1345 5915 1538 5972 diebus
1578 5930 1704 5985 pas-
