3970 6432
535 397 638 453 399

1315 393 1644 452 APPENDIX
1682 396 1768 450 AD
1803 394 2024 451 OPERA
2061 394 2292 452 SANCTI
2328 396 2626 453 GERMANI
2663 395 3088 453 PARISIENSIS.

3810 391 3906 447 400

537 508 856 578 spirituum,
884 506 939 559 et
953 503 1151 558 affectu
1185 519 1422 574 operum
1440 504 1780 572 divinorum,
1803 504 2026 558 sedibus
2041 503 2160 556 suis
2181 516 2240 588 Α
2259 505 2604 575 hymnorum
2632 505 2965 576 composuit,
2981 506 3120 558 teste
3145 501 3516 574 Hieronymo,
3551 503 3613 555 et
3641 502 3778 570 post
3794 515 3912 554 eum

537 602 878 670 comparant,
904 597 1001 667 qui
1030 596 1090 650 in
1125 601 1180 650 te
1219 597 1342 667 ipso
1365 597 1720 668 aptissimum
1761 596 1864 650 sibi
1911 596 2158 650 diverso-

534 693 682 746 rium
719 694 1116 760 repererunt...
1159 689 1262 743 Ubi
1298 689 1628 760 quotidiano
1681 689 1962 760 sapienter
2019 689 2161 759 psal-

533 784 769 838 lentium
813 798 916 853 per
947 781 1268 852 frequentes
1305 782 1561 836 ecclesias
1602 787 1658 836 et
1694 781 2033 836 monasteria
2070 797 2159 836 se-

531 881 682 930 creta
697 881 990 942 concentu,
1017 875 1337 929 castissimis
1363 875 1551 928 ovium
1574 879 1804 929 tuarum
1824 878 1879 929 et
1903 874 2162 929 cordibus

533 969 882 1024 delectantur
911 967 1102 1040 409
1131 971 1187 1021 et
1210 967 1456 1035 vocibus,
1509 989 1536 1016 »
1591 967 1800 1022 scilicet
1837 967 2002 1022 amici
2040 967 2156 1021 Dei.

533 1063 664 1117 Erat
688 1079 823 1133 ergo
846 1062 968 1131 jam
996 1067 1150 1128 tunc,
1180 1061 1237 1114 id
1263 1064 1348 1114 est
1391 1061 1492 1114 sub
1535 1062 1707 1115 finem
1753 1060 1939 1114 saeculi
1979 1077 2054 1127 Iv,
2095 1060 2157 1114 in

530 1155 628 1210 illa
671 1155 891 1209 civitate
927 1153 1284 1224 quotidianus
1300 1155 1661 1224 psallemium
1688 1157 2014 1220 concentus,
2044 1169 2158 1207 non

530 1249 699 1302 modo
738 1249 797 1302 in
821 1246 1191 1312 monasteriis,
1241 1246 1338 1301 sed
1385 1247 1557 1302 etiam
1608 1247 1668 1302 in
1717 1247 1840 1300 aliis
1891 1247 2155 1312 ecclesiis,

529 1341 788 1412 exemplo
815 1341 1242 1408 monachorum,
1274 1355 1414 1410 quos
1439 1340 1574 1394 huic
1600 1339 1937 1394 institutioni
1959 1355 2154 1394 exem-

526 1433 687 1505 plum
715 1434 1021 1504 praebuisse
1045 1434 1209 1488 facile
1233 1439 1376 1488 esset
1401 1433 1809 1488 demonstrare.

601 1529 689 1582 38.
721 1527 796 1581 De
822 1526 1052 1580 ecclesia
1075 1525 1406 1594 Turonensi,
1439 1541 1568 1597 quae
1613 1525 1777 1580 tertia
1813 1529 1897 1580 est
1937 1525 2158 1596 Lugdu-

528 1619 738 1688 nensis,
787 1619 844 1674 id
879 1619 1170 1674 memoriae
1223 1619 1469 1690 prodidit
1504 1619 1805 1690 Gregorius
1837 1617 1940 1671 sub
1985 1619 2157 1672 ﬁnem

531 1713 786 1768 Historia!
829 1729 963 1781 suae,
1002 1713 1341 1783 lnjuriosum
1378 1711 1703 1782 episcopum
1751 1711 1962 1765 ibidem
2001 1711 2157 1764 insti-

527 1805 698 1860 tuisse
728 1827 753 1853 «
784 1805 1028 1860 Tertiam
1055 1809 1111 1859 et
1131 1806 1354 1860 Sextam
1383 1827 1409 1853 »
1440 1804 1497 1858 in
1526 1803 1622 1857 illa
1651 1803 1909 1872 Ecclesia,
1958 1825 1984 1852 «
2003 1803 2156 1874 quod

527 1899 716 1966 modo,
741 1899 948 1966 subdit,
970 1898 1030 1952 in
1059 1897 1154 1952 Dei
1181 1897 1412 1951 nomine
1441 1899 1776 1968 perseverat.
1808 1918 1834 1946 ››
1877 1898 2003 1951 11ωο
2052 1897 2156 1950 sub
2177 1877 2233 1948 B

527 2007 742 2046 annum
773 1994 896 2045 530.
929 1991 1098 2044 Paulo
1125 1995 1270 2060 post,
1304 1991 1360 2044 id
1389 1995 1473 2044 est
1513 2007 1661 2044 anno
1699 1993 1822 2055 567,
1855 1989 2157 2044 concilium

524 2085 851 2138 Turonense
879 2100 918 2138 11
947 2083 1204 2138 ordinem
1228 2083 1501 2154 psallendi
1527 2081 1888 2154 praescripsit,
1917 2083 2014 2154 qui
2042 2087 2157 2136 tam

524 2179 584 2232 in
611 2181 731 2247 ipsa
757 2177 979 2231 basilica
1005 2181 1190 2231 saneta
1209 2175 1354 2231 beati
1385 2176 1626 2244 Martini,
1655 2192 1820 2245 quam
1843 2175 1903 2229 in
1931 2176 2058 2230 aliis
2083 2192 2160 2230 ee-

527 2271 698 2325 clesiis
723 2273 1058 2324 servaretur.
1089 2269 1264 2340 Hujus
1290 2269 1372 2323 rei
1411 2268 1592 2339 gratia
1635 2269 1894 2323 conditus
1933 2274 2017 2322 est
2062 2285 2154 2322 ca-

523 2379 639 2418 non
667 2366 746 2430 18,
766 2362 824 2416 in
852 2379 964 2433 quo
979 2362 1113 2434 quid
1146 2362 1380 2433 singulis
1400 2361 1532 2416 anni
1558 2361 1844 2416 mensibus
1869 2362 1944 2415 ad
1971 2365 2155 2418 Matu-

523 2460 692 2512 tinum
733 2455 1086 2526 psallendum
1127 2455 1214 2525 sit,
1235 2455 1520 2523 deﬁnitur,
1549 2455 1702 2509 nulla
1732 2455 1970 2508 aliarum
1997 2455 2160 2508 hora-

521 2565 651 2603 rum
676 2549 964 2603 mentione
991 2548 1158 2616 facta,
1190 2548 1298 2602 nisi
1328 2548 1508 2602 Sexta:
1550 2551 1606 2600 et
1635 2547 2008 2615 Duodecima},
2060 2546 2158 2600 sed

521 2646 742 2697 tantum
768 2642 1146 2712 comparando
1164 2645 1418 2695 veterum
1440 2641 1508 2694 de
1540 2641 1703 2696 Sexta
1735 2645 1792 2694 et
1819 2639 2158 2693 Duodecima

520 2735 840 2790 institutum
863 2750 992 2788 cum
1008 2733 1262 2787 Matutini
1281 2733 1689 2799 observatione,
1715 2749 1886 2802 quam
1931 2731 2155 2785 concilii

520 2829 714 2882 Patres
743 2827 1128 2893 instituerunt,
1155 2841 1360 2896 nempe
1386 2829 1591 2878 utnon
1617 2824 1806 2878 minus
1847 2840 2020 2894 quam
2061 2841 2155 2878 sex

521 2919 724 2990 psalmi
753 2919 812 2972 in
838 2917 1126 2984 Matutino,
1155 2917 1212 2970 id
1249 2921 1331 2971 est
1380 2917 1440 2970 in
1475 2922 1752 2970 nocturno
1791 2917 1994 2983 oflicio,
2035 2933 2158 2988 per-

523 3013 829 3078 solvantur,
863 3027 994 3064 cum
1025 3010 1095 3064 ad
1123 3009 1349 3064 Sextam
1384 3013 1441 3063 et
1483 3010 1880 3064 Duodecimam
1920 3011 2154 3064 totidem

524 3105 772 3175 psalmos
799 3106 1025 3158 Patrum
1053 3106 1260 3157 statuta
1291 3102 1682 3173 praeceperint,
1712 3103 1921 3157 scilicet
1945 3105 2153 3174 [Egyp-

522 3197 752 3263 tiorum,
781 3196 850 3251 de
879 3195 1082 3267 quibus
1106 3195 1398 3250 Cassianus
1426 3195 1485 3249 in
1536 3195 1680 3250 libro
1718 3213 1755 3249 ιι
1799 3213 2028 3250 suarum
2064 3199 2154 3250 ln-

524 3289 903 3356 stitutionum,
925 3288 1245 3359 capitibusti
1265 3291 1320 3340 et
1340 3291 1392 3356 6,
1411 3287 1512 3342 ubi
1533 3288 1682 3342 hunc
1703 3304 2006 3344 numerum
2023 3290 2157 3344 duo-

521 3382 705 3436 decim
729 3382 1096 3452 psalmorum,
1129 3385 1243 3434 tam
1275 3379 1334 3434 in
1358 3380 1715 3450 vespertinis,
1745 3398 1917 3452 quam
1962 3383 2021 3436 in
2059 3399 2157 3436 no-

524 3475 737 3530 cturnis
753 3473 1156 3528 conventiculis
1173 3473 1603 3528 custodiendum
1626 3490 1696 3527 an
1705 3474 1812 3545 geli
1835 3475 2156 3546 magisterio

522 3568 845 3624 institutum
868 3567 1038 3622 fuisse
1063 3565 1285 3621 dicitur.
1332 3567 1434 3621 Ubi
1473 3572 1746 3621 nocturna
1773 3568 2158 3622 conventicula

520 3677 635 3716 non
669 3663 778 3716 alia
806 3668 939 3715 sunt
972 3676 1146 3732 quam
1179 3659 1512 3714 Matutinum
1546 3660 1763 3714 concilii
1798 3661 2154 3731 Turonensis,

522 3755 682 3826 cujus
709 3757 896 3809 Patres
925 3754 994 3808 ad
1021 3754 1175 3808 hunc
1196 3753 1384 3807 locum
1425 3759 1814 3824 respexerunt.
1868 3755 2055 3824 Itaque
2087 3754 2157 3808 ad

453 3837 465 3846 “
520 3847 768 3904 Tertiam
797 3853 852 3900 et
877 3847 1122 3914 Sextam,
1153 3862 1293 3916 quas
1329 3845 1636 3914 lnjuriosus
1677 3847 1738 3900 in
1777 3847 1894 3900 dies
1938 3848 2159 3902 ordina-

521 3943 698 4008 verat,
727 3939 1028 3994 concilium
1056 3938 1262 4008 adjecit
1288 3937 1522 4007 singulis
1541 3939 1712 3992 etiam
1741 3938 1932 4012 410
1960 3941 2158 3994 diebus

523 4032 880 4088 Matutinum.
913 4035 1055 4084 Ante
1075 4031 1135 4084 id
1162 4034 1388 4100 tempus
1416 4032 1520 4085 sub
1548 4033 1824 4103 Perpetuo
1867 4038 2154 4104 metropo-

525 4126 624 4180 lita
651 4125 908 4179 habitum
939 4129 1022 4178 est
1038 4140 1186 4177 anno
1211 4125 1312 4178 465
1339 4125 1641 4178 concilium
1681 4127 2028 4196 Veneticum,
2067 4144 2158 4182 cu-

521 4219 618 4289 jus
643 4233 855 4272 canone
894 4221 956 4271 15
979 4217 1258 4271 sancitum
1288 4222 1372 4272 est
1403 4221 1465 4274 Ut
1492 4220 1632 4273 idem
1653 4221 1782 4274 ordo
1810 4235 2082 4275 sacrorum
2108 4226 2160 4276 et

518 4311 798 4384 psallendi
816 4311 1182 4365 observaretur
1207 4313 1352 4364 intra
1373 4314 1726 4381 provinciam,
1749 4317 1799 4367 et
1824 4315 1960 4367 sicut
1970 4329 2154 4380 unam,

525 4405 794 4475 inquiunt
817 4405 1027 4472 Patres,
1064 4420 1180 4457 cum
1224 4406 1506 4458 Trinitatis
1545 4407 1868 4472 confessione
1896 4407 2054 4474 ﬁdem
2089 4413 2160 4462 te-

526 4513 730 4560 nemus,
761 4513 925 4552 unam
952 4501 1002 4551 et
1029 4498 1324 4566 ofﬁciorum
1349 4499 1594 4567 regulam
1622 4504 1916 4553 teneamus.
1955 4500 2022 4554 Et
2064 4517 2156 4553 ca-

2177 3240 2231 3313 C

2267 598 2494 653 Isidoro.
2521 598 2860 652 Exciderunt
2884 595 3083 667 hymni
3107 595 3227 664 illi;
3280 595 3378 650 sed
3405 611 3503 649 eos
3532 593 3771 648 viderat
3805 593 3916 645 Hie-

2263 708 2558 762 ronymus,
2591 708 2660 745 ex
2679 708 2792 762 quo
2827 690 3119 758 discimus,
3149 689 3209 743 in
3253 689 3617 758 hymnorum
3663 686 3916 740 carmine

2263 785 2442 838 Gallos
2479 785 2750 839 indociles
2791 783 2861 837 ab
2907 782 3112 837 Hilario
3164 781 3371 850 vocari,
3425 786 3490 836 ut
3556 779 3688 852 ipse
3733 779 3917 834 Hiero-

2260 894 2466 948 nymus
2490 881 2724 932 testatur
2742 877 2802 931 in
2821 876 3156 948 prmfatione
3176 875 3310 930 libri
3343 893 3383 929 n
3412 873 3834 929 commentarii
3852 874 3915 927 ad

2259 971 2496 1025 Galatas.
2536 972 2688 1025 Unus
2733 987 2802 1024 ex
2844 969 2932 1023 his
2971 968 3195 1040 integer
3234 968 3492 1039 hymnus
3523 967 3690 1021 inter
3725 966 3913 1020 Hilarii

2259 1081 2430 1134 opera
2456 1064 2616 1118 nobis
2643 1063 2892 1134 reliquus
2920 1067 3022 1131 est,
3057 1061 3312 1115 iambicis
3332 1061 3601 1116 versibus
3631 1065 3914 1124 constans,

2259 1157 2359 1227 qui
2384 1156 2513 1210 ﬁliae
2537 1156 2656 1227 ejus
2679 1155 2845 1210 Abraa
2873 1155 3078 1208 missus
3105 1154 3332 1208 dicitur.
3374 1155 3435 1208 In
3471 1169 3542 1208 eo
3579 1153 3814 1224 hymno
3862 1153 3917 1205 tit

2259 1249 2474 1303 mentio
2513 1249 2816 1316 Matutinus,
2841 1248 2932 1302 cui
2957 1248 3112 1301 horae
3139 1247 3184 1300 is
3209 1249 3436 1318 aptatus
3458 1251 3571 1300 est.
3603 1246 3916 1300 Memoratu

2258 1341 2496 1412 dignum
2525 1341 2602 1410 id,
2633 1341 2783 1412 quod
2813 1339 3153 1394 Baudonivia
3181 1339 3242 1393 in
3279 1339 3393 1392 ﬁne
3429 1337 3571 1392 libri
3613 1354 3652 1391 ιι
3687 1338 3762 1392 de
3799 1337 3914 1390 Vita

2258 1439 2464 1489 sanctae
2485 1433 2846 1505 Radegundis
2860 1433 3050 1502 tradit,
3071 1432 3283 1486 scilicet
3302 1447 3532 1486 morem
3572 1435 3723 1485 tunc
3751 1430 3916 1484 fuisse

2261 1527 2370 1582 «in
2396 1527 2694 1582 festivitate
2729 1527 2877 1582 beati
2922 1525 3123 1580 Hilarii
3159 1525 3392 1597 reliquis
3425 1525 3811 1579 monasteriis
3824 1524 3921 1578 cir-

2255 1621 2534 1676 cumcirca
2560 1619 2675 1692 41
2692 1619 2741 1692 1
2779 1619 3076 1692 proximis,
3103 1618 3359 1689 usquein
3387 1619 3656 1673 mediam
3689 1623 3916 1673 noctem

2255 1714 2482 1784 Vigilias
2507 1713 2826 1782 celebrare;
2858 1717 2914 1767 et
2929 1713 2998 1767 de
3030 1711 3220 1766 media
3239 1716 3404 1766 nocte
3428 1727 3919 1784 unumquemque

2255 1807 2514 1862 abbatem
2540 1823 2671 1861 cum
2699 1806 2813 1861 suis
2834 1805 3102 1861 fratribus
3126 1805 3198 1859 ad
3233 1821 3402 1860 suum
3428 1805 3769 1874 [revertisse
3812 1821 3921 1860 mo~

2256 1900 2568 1954 nasterium
2587 1900 2657 1953 ad
2687 1916 2854 1954 suum
2882 1915 3109 1954 cursum
3139 1897 3576 1953 celebrandum.
3613 1921 3645 1946 ››
3669 1899 3921 1968 Denique

2255 1993 2316 2046 in
2343 1993 2583 2047 Ecclesia
2611 1993 2917 2048 Pictavensi
2947 1991 3328 2048 Collectarum
3357 2007 3496 2046 usus
3529 1993 3816 2046 nondum
3849 1993 3922 2045 in-

2256 2087 2498 2142 valuisse
2536 2087 2758 2142 videtur
2805 2093 3063 2159 tempore
3103 2087 3356 2143 Fulberti
3399 2085 3674 2158 episcopi
3718 2087 3924 2140 Camu-

2257 2179 2448 2248 tensis,
2493 2185 2559 2235 ut
2611 2181 2816 2252 colligo
2856 2197 2926 2235 ex
2971 2181 3205 2252 epistola
3261 2184 3328 2235 79
3384 2179 3456 2234 ad
3516 2179 3920 2249 Hildegarium

2259 2273 2434 2328 sancti
2477 2273 2669 2328 Hilarii
2711 2273 2960 2328 ecclesiae
3009 2273 3285 2328 decanum
3326 2289 3340 2326 :
3394 2295 3420 2320 ‹‹
3464 2271 3690 2326 Finitis
3739 2277 3922 2327 autem

2256 2367 2532 2437 capitulis,
2569 2372 2696 2438 post
2741 2367 3061 2421 orationem
3105 2365 3482 2432 Dominicam,
3529 2365 3648 2420 ubi
3700 2365 3921 2428 dicitur,

2255 2463 2494 2525 Domine,
2520 2461 2725 2514 exaudi
2749 2463 3044 2515 orationem
3083 2477 3277 2521 meam,
3327 2458 3522 2514 statim
3583 2465 3751 2514 esset
3795 2459 3918 2513 sub-

2256 2553 2438 2608 denda
2462 2553 2657 2622 oratio,
2685 2570 2810 2624 quae
2851 2569 2918 2607 ex
2943 2553 3089 2607 libro
3132 2551 3590 2608 Sacramentario
3621 2553 3920 2607 recitatur.

2256 2648 2447 2702 Patere
2472 2653 2662 2701 tamen
2690 2646 2992 2700 Ecclesiam
3021 2645 3270 2700 retinere
3309 2661 3484 2700 suum
3519 2661 3717 2700 usum
3755 2661 3923 2716 usque

2255 2739 2325 2794 ad
2355 2756 2620 2810 praesens.
2650 2761 2679 2787 »

2325 2834 2413 2886 40.
2442 2833 2526 2886 Ad
2551 2835 2808 2903 quartam
2835 2831 3273 2902 Lugdunensem
3303 2835 3442 2886 tunc
3456 2831 3815 2902 pertinebat
3841 2834 3926 2886 Pa~

2256 2925 2517 2980 risiorum
2557 2925 2768 2993 civitas,
2792 2924 2952 2995 cujus
2993 2924 3127 2978 cleri
3159 2924 3384 2979 fervens
3410 2925 3470 2978 in
3513 2924 3752 2980 divinis
3812 2927 3923 2979 lau-

2256 3018 2418 3074 dibus
2472 3017 2852 3090 persolvendis
2910 3018 3161 3072 studium
3203 3017 3363 3071 testis
3404 3017 3686 3088 locuples
3735 3017 3928 3074 asserit

2255 3111 2557 3166 Venantius
2599 3113 2957 3166 Fortunatus.
3002 3113 3050 3164 ls
3075 3111 3134 3165 in
3181 3109 3375 3164 libello
3421 3111 3494 3165 de
3541 3112 3688 3168 Vita
3761 3112 3927 3166 sancti

2255 3204 2517 3259 Germani
2541 3205 2712 3275 hujus
2743 3204 2902 3260 urbis
2931 3202 3202 3274 episcopi,
3253 3219 3390 3258 eum
3406 3202 3619 3260 laudat
3646 3205 3728 3261 ab
3772 3206 3927 3260 inde-

2255 3297 2397 3351 fessa
2423 3296 2751 3367 Vigiliarum
2779 3296 3114 3364 constantia,
3145 3311 3274 3366 qua:
3306 3311 3374 3350 ea
3403 3300 3552 3366 erat,
3576 3303 3660 3354 ut
3697 3321 3729 3350 ‹‹
3764 3299 3927 3370 quin-

2255 3389 2526 3462 quaginta
2546 3389 2793 3460 psalmos
2819 3390 2906 3443 vel
2930 3389 3176 3460 amplius
3201 3388 3261 3442 in
3284 3390 3510 3460 templo
3542 3391 3649 3445 sui
3692 3392 3930 3463 pectoris

2257 3483 2493 3537 Domino
2536 3483 2878 3549 decantaret,
2921 3503 2948 3532 »
2996 3482 3050 3536 id
3097 3487 3184 3536 est
3221 3481 3489 3536 recitaret
3535 3505 3566 3532 ‹‹
3611 3490 3926 3557 antequam

2255 3576 2502 3648 reliquos
2531 3576 2600 3630 de
2627 3592 2824 3646 sopore
2850 3580 3237 3630 commoneret
3259 3591 3604 3646 assurgere:
3662 3600 3694 3628 ››
3732 3577 3930 3634 deinde

2255 3673 2319 3725 ut
2359 3692 2384 3718 «
2413 3687 2469 3724 se
2499 3669 2850 3724 mutantibus
2894 3669 3132 3737 clericis,
3183 3667 3306 3722 sine
3357 3668 3780 3727 vicissitudine
3821 3672 3930 3742 ipse

2257 3763 2590 3818 decantandi
2628 3761 3014 3816 modulamina
3070 3778 3185 3816 non
3236 3761 3454 3818 ﬁniret.
3527 3787 3556 3812 ››
3635 3766 3932 3820 Postrema

2261 3879 2289 3905 «
2314 3856 2478 3910 tertia
2504 3855 2682 3910 noctis
2705 3856 2843 3910 hora
2875 3854 3203 3926 ingrediens
3231 3854 3292 3908 in
3320 3855 3667 3928 ecclesiam,
3704 3875 3832 3914 non
3860 3865 3930 3911 est

2257 3965 2511 4020 egressus
2538 3949 2774 4004 ulterius
2799 3947 3162 4020 psallentium
3201 3947 3273 4002 ab
3302 3947 3532 4017 ordine,
3582 3950 3784 4007 donec
3825 3952 3928 4006 cla-

2256 4047 2506 4097 rescente
2535 4042 2645 4108 die,
2676 4027 3001 4096 decantatus
3026 4040 3358 4096 solemniter
3383 4057 3599 4098 cursus
3629 4046 3932 4100 universus

2257 4139 2746 4190 consummaretur
2767 4151 2836 4190 ex
2865 4151 3150 4189 canone.»
3181 4134 3277 4188 Hic
3319 4134 3391 4189 de
3425 4136 3648 4192 multis
3693 4155 3808 4194 nos
3851 4137 3937 4193 ad-

2257 4231 2451 4283 monet
2479 4229 2837 4283 Fortunatus.
2867 4229 3074 4297 Primo,
3105 4227 3370 4299 episcopo
3415 4230 3610 4284 moris
3653 4232 3842 4288 fuisse
3882 4238 3934 4284 ut

2257 4321 2486 4377 clericos
2524 4339 2652 4376 suos
2704 4322 2775 4376 ad
2831 4321 3059 4393 Vigilias
3113 4325 3425 4376 nocturnas
3484 4325 3812 4392 excitaret,
3883 4342 3935 4378 ac

2256 4415 2492 4486 proinde
2521 4415 2626 4468 sub
2655 4415 2858 4470 eodem
2879 4419 3027 4469 tecto
3056 4413 3410 4470 cohabitasse
3440 4432 3690 4474 omnes.
3727 4418 3938 4474 Deinde

2258 4508 2486 4563 clericos
2513 4508 2617 4561 sibi
2644 4507 2884 4562 invicem
2913 4507 2973 4561 in
2997 4507 3236 4562 canendi
3258 4507 3410 4562 vices
3437 4512 3828 4568 successisse.
3863 4512 3940 4566 Ad

525 4607 674 4646 none
706 4592 769 4645 14
797 4607 811 4644 :
860 4593 925 4646 Ut
949 4591 1143 4652 clerici,
1167 4592 1264 4660 qui
1291 4593 1350 4644 in
1378 4593 1596 4645 civitate
1613 4593 1842 4658 fuerint,
1881 4597 2157 4649 matutinis

2327 4619 2382 4656 rc
2417 4602 2583 4658 tertia
2621 4601 2802 4656 noctis
2842 4602 2981 4656 hora
3024 4601 3258 4672 Vigilias
3301 4601 3478 4656 fuisse
3523 4603 3852 4660 inchoatas
3887 4607 3937 4659 in

529 4686 740 4753 hymnis
775 4685 1044 4738 intersint.
1086 4685 1209 4737 Jam
1255 4700 1392 4754 ergo
1427 4684 1486 4738 in
1526 4684 1813 4754 provincia
1855 4686 2164 4743 Turonensi

529 4777 666 4831 ordo
690 4776 962 4847 psallendi
989 4781 1112 4830 erat
1149 4776 1462 4846 institutus,
1496 4777 1592 4831 sed
1631 4777 1868 4832 fortasse
1904 4795 2023 4834 non
2060 4797 2162 4850 pro

531 4870 769 4940 singulis
795 4869 1009 4937 diebus,
1039 4869 1135 4923 sed
1162 4885 1265 4940 pro
1291 4869 1488 4924 diebus
1529 4870 1702 4924 festis.
1736 4871 1889 4926 Unde
1931 4873 2164 4942 lnjurio-

530 4980 625 5018 sus
651 4964 708 5017 in
735 4963 854 5018 dies
879 4961 1100 5016 feriales
1124 4961 1372 5016 Tertiam
1401 4967 1457 5017 et
1478 4963 1706 5017 Sextar’n
1728 4963 1990 5020 instituit.

603 5060 692 5111 39.
723 5055 1034 5110 Turonensi
1055 5055 1316 5110 Ecclesiae
1343 5055 1655 5127 adjungere
1705 5057 1847 5112 mihi
1885 5058 2046 5115 liceat
2077 5061 2164 5115 Pi-

529 5155 868 5218 ctavensem,
893 5165 1020 5219 quae
1056 5149 1186 5202 licet
1218 5148 1382 5202 alteri
1428 5149 1746 5222 metropoli,
1787 5167 1992 5224 nempe
2028 5155 2162 5208 Bur-

533 5242 839 5314 degalensi,
869 5243 1140 5312 subjecta,
1172 5259 1441 5312 magnam
1471 5247 1656 5298 tamen
1685 5261 1816 5299 cum
1846 5245 2161 5302 eaaffinita-

535 5341 647 5391 tem
669 5335 856 5397 habet,
885 5339 1006 5390 tum
1033 5335 1104 5390 ob
1131 5335 1415 5405 viciniam,
1441 5339 1564 5391 tum
1597 5338 1668 5392 ob
1694 5344 1953 5394 sanctum
1980 5341 2160 5395 Marti-

530 5445 693 5497 num,
733 5445 903 5500 quem
946 5429 1260 5484 Turonibus
1299 5431 1568 5486 concessit
1607 5431 1850 5486 Hilarius
1887 5435 2162 5490 sanctissi-

531 5539 659 5578 mus
688 5521 1039 5576 Pictavorum
1056 5523 1306 5578 antistes.
1338 5524 1471 5578 Huic
1499 5524 1652 5578 inter
1677 5524 1894 5594 primos
1909 5528 2157 5598 psalmo-

531 5617 638 5672 ἀίω
666 5616 947 5687 originem
975 5632 1094 5670 esse
1125 5617 1484 5671 tribuendam
1514 5616 1903 5689 conjiciebam,
1935 5625 2060 5674 tum
2091 5638 2161 5676 ex

531 5728 598 5766 eo
628 5710 781 5783 quod
807 5709 867 5763 in
892 5708 1197 5779 Phrygiam
1219 5709 1290 5763 ob
1311 5708 1643 5763 catholicam
1667 5707 1834 5764 ﬁdem
1855 5713 2156 5784 relegatus,

530 5801 969 5874 huncpsallendi
984 5817 1204 5854 morem
1243 5817 1312 5855 ex
1335 5801 1463 5855 Asia
1497 5801 1555 5855 in
1606 5801 1837 5858 Galliam
1874 5805 2034 5862 facile
2079 5808 2161 5862 in-

527 5897 733 5954 vehere
762 5893 946 5964 potuit
971 5909 984 5946 :
1015 5895 1135 5947 tum
1160 5893 1294 5965 quia
1322 5893 1646 5952 Latinorum
1677 5897 1898 5967 primus
1943 5899 2154 5958 librum

2261 4696 2502 4750 Ecclesia
2540 4695 2856 4748 Parisiaca:
2906 4710 3033 4766 qua:
3084 4693 3368 4748 laudabile
3419 4695 3535 4750 hoc
3591 4699 3936 4755 institutum

2261 4789 2431 4843 etiam
2456 4805 2608 4842 nunc
2641 4788 2903 4859 religiose
2947 4792 3152 4853 servat,
3203 4792 3520 4843 nocturnas
3571 4791 3834 4864 Vigilias
3875 4793 3938 4845 ad

2259 4883 2506 4937 mediam
2533 4885 2756 4936 noctem
2782 4881 3174 4953 persolvendo.
3204 4883 3505 4936 Postremo
3524 4887 3691 4940 sacri
3745 4902 3941 4942 cursus

2261 4993 2532 5031 canonem
2559 4981 2694 5030 tunc
2719 4980 2908 5030 ratum
2927 4973 3044 5046 41
3059 4973 3121 5047 2
3143 4991 3207 5028 ac
3229 4973 3412 5029 fixum
3431 4975 3646 5035 fuisse.
3679 4981 3768 5035 De
3789 4981 3939 5052 Lupo

2261 5069 2568 5125 Senonensi
2599 5069 2856 5141 episcopo
2893 5069 2954 5122 id
2992 5068 3164 5123 etiam
3207 5068 3414 5123 litteris
3460 5073 3792 5130 mandavit
3829 5075 3940 5144 ejus

2260 5167 2395 5221 Viue
2422 5167 2678 5238 scriptor,
2707 5166 2895 5238 ipsum
2926 5186 2953 5218 «
2983 5183 3050 5221 ea
3073 5167 3214 5220 hora
3239 5181 3354 5236 qua
3375 5165 3532 5221 clero
3552 5169 3940 5227 incumbebat

2261 5261 2540 5314 matutina
2564 5276 2837 5332 peragere
2869 5259 3167 5327 solemnia,
3211 5259 3330 5314 suis
3373 5261 3662 5320 manibus
3710 5266 3942 5338 signum

2257 5355 2525 5425 pulsasse.
2559 5377 2583 5400 ››

2329 5448 2417 5502 41.
2449 5448 2789 5502 Przeclarum
2822 5463 2952 5501 vero
2979 5450 3062 5502 est
3087 5447 3346 5517 ejusdem
3373 5448 3520 5504 cleri
3581 5453 3941 5509 Parisiacen-

2260 5539 2333 5594 sis
2360 5540 2430 5593 ob
2456 5541 2741 5596 assiduam
2766 5541 3137 5612 psalmodiam
3165 5541 3422 5612 elogium
3441 5545 3611 5614 apud
3663 5548 3940 5603 eumdem

2259 5633 2650 5703 Fortunatum,
2679 5633 2739 5688 in
2771 5633 2868 5687 lib.
2901 5649 2960 5703 ιι,
2988 5634 3244 5688 carmine
3278 5637 3344 5689 10
3377 5651 3392 5690 :

2477 5723 2624 5787 Celso.
2645 5721 2884 5787 Parisiaci
2917 5722 3044 5787 cleri
3068 5723 3362 5787 reverentia
3397 5724 3623 5787 pollens

2537 5785 2783 5854 Ecclesitg
2814 5783 3263 5854 genium,_gloria,
3287 5783 3509 5854 munus,
3537 5788 3736 5842 honos
3764 5807 3782 5854 ;

2476 5847 2714 5918 Carmine
2749 5846 2996 5918 Davidin
3021 5846 3198 5918 divina
3221 5851 3475 5918 poemata
3489 5846 3781 5918 peragens;

2535 5909 2780 5960 Cui-sibus
2805 5908 3022 5960 assiduis
3044 5908 3197 5960 dulce
3223 5908 3452 5962 revolvit
3483 5908 3648 5980 opus.
