3970 6414
103 392 171 446 θοι
1157 393 1244 451 DE
1280 397 1496 454 CURSU
1533 400 1903 456 GALLICANO
1939 401 2348 469 DlSQUlSlTlO.

244 493 366 560 lnge
393 495 983 560 sacerdotemleviticus
1005 499 1128 550 hinc
1153 501 1311 552 micat
1337 503 1467 554 ordo
1490 518 1505 554 :

301 557 424 628 illos
457 557 818 628 cani_ties_,'bos
839 559 970 628 stola
990 561 1380 628 pulchrategit.

244 618 453 695 ﬁliaiam
477 621 650 695 senio,
671 625 848 672 tamen
861 622 917 695 hi
931 618 1073 695 bene
1097 618 1328 695 vestipr
1351 627 1547 689 albent,

305 681 368 731 Ut
388 681 599 745 placeat
621 695 826 733 summo
858 683 998 748 picta
1025 698 1221 736 corona
1251 688 1376 737 Deo.

244 743 302 792 In
329 743 506 793 medio
535 745 825 795 Germanus
851 746 999 796 adest
1029 747 1238 798 antistes
1265 749 1464 799 honore

302 803 397 864 Qui
427 805 564 870 regit
589 805 714 856 hinc
741 807 982 871 juvenes,
1009 809 1227 872 subrigit
1253 809 1372 861 inde
1391 825 1562 862 senes.

90 925 152 978 Ex
173 921 529 994 sequentibus
562 923 819 979 versibus
843 924 1034 996 colligi
1062 925 1304 997 videtur,
1345 927 1692 1000 psalmorum

91 1017 287 1069 cantum
315 1031 347 1068 a
382 1014 576 1070 media
619 1021 785 1072 nocte
824 1018 896 1072 ad
931 1017 1119 1074 lucem
1144 1019 1475 1076 continuum
1499 1021 1686 1077 fuisse.

90 1111 245 1180 Atque
289 1106 398 1162 huc
423 1107 666 1164 fortasse
710 1114 924 1182 spectat
962 1111 1112 1182 quod
1153 1128 1221 1166 ex
1270 1113 1534 1168 Germani
1569 1115 1692 1170 Vita

90 1215 197 1254 mox
219 1198 539 1270 retulimus,
569 1202 804 1258 clericos
832 1203 938 1258 sibi
965 1204 1026 1260 in
1061 1205 1310 1260 canendo
1343 1207 1688 1263 successisse.

245 1309 388 1381 Miles
413 1309 481 1381 ad
504 1324 655 1361 arma
672 1312 832 1373 celer,
849 1313 1061 1381 signum
1079 1327 1203 1364 mox
1219 1315 1372 1366 tinnit
1401 1315 1457 1366 in
1476 1330 1646 1381 aures,

300 1371 465 1440 Erigit
485 1387 713 1440 excusso
740 1371 1188 1440 memb'rasOpore
1211 1381 1345 1426 toro.

245 1433 461 1502 Ad_vo[at
482 1437 606 1484 ante
635 1435 765 1502 alios
781 1437 1024 1501 mysteria
1041 1433 1189 1502 sacra
1217 1439 1488 1502 requirens

302 1495 540 1564 Undique
558 1497 786 1564 quisque
817 1495 912 1564 suo
938 1501 1134 1564 templa
1155 1495 1381 1564 petenda
1411 1501 1548 1550 loco.

245 1557 498 1626 ﬂagranti
524 1557 719 1608 studio'
736 1561 984 1622 pepulum
1013 1557 1206 1626 domus
1229 1561 1660 1626 irrigatiomnem,

347 1619 676 1686 artatimquei
694 1619 924 1686 monent,
937 1623 1054 1686 quis
1079 1622 1223 1684 prior
1246 1619 1504 1686 ire'valet.

244 1679 539 1748 Pervigiles
551 1679 742 1748 noctes
750 1683 824 1748 ad
848 1679 1016 1748 prima
1043 1679 1356 1748 crepuscula,
1367 1685 1612 1748 jungens,

305 1742 568 1793 Construit
589 1742 866 1808 angelicos
882 1745 1032 1796 turba
1063 1742 1291 1796 verenda
1313 1742 1518 1798 choros.

90 1853 248 1924 Neque
273 1855 492 1908 tantum
520 1869 753 1924 vocum,

91 1949 378 2000 mentorum
419 1962 598 2001 usum
646 1947 708 2002 in
749 1947 1025 2004 Parisiaca
1067 1949 1310 2006 Ecclesia
1347 1954 1482 2006 tunc
1522 1951 1693 2008 fuisse

91 2036 247 2094 subdit
267 2037 416 2094 idem
435 2039 634 2094 Poeta.

249 2157 359 2230 41
452 2165 592 2216 Hinc
607 2179 742 2231 puer
755 2165 956 2231 exiguis
965 2169 1274 2231 attemperat
1285 2181 1480 2231 organa
1494 2167 1694 2231 cannis;

307 2228 626 2292 Indesenei
658 2228 868 2292 largam'
887 2233 1057 2292 raptat
1080 2228 1145 2279 ab
1179 2243 1269 2278 ore
1303 2228 1496 2292 tubam.

246 2288 540 2353 Cimbalicgn
567 2303 732 2339 voces
741 2288 970 2353 'calamis
991 2290 1274 2341 miscentur
1295 2291 1478 2353 acutis,

316 2350 729 2414 Disparibnsque
757 2351 919 2414 tropis
941 2351 1111 2402 ﬁstula
1137 2353 1288 2414 dulce
1311 2350 1479 2402 sonat.

245 2411 504 2476 Tympana
526 2411 693 2486 rauca
719 2411 899 2462 senum
928 2413 1144 2478 puerilis
1166 2413 1292 2464 tibia
1316 2415 1527 2469 mulcet.

333 2476 502 2538 Atque
530 2474 810 2524 hommum
837 2479 1082 2539 reparant
1107 2475 1269 2526 verba
1293 2489 1485 2526 canora
1506 2476 1674 2540 lyram

93 2582 341 2640 Postremo
363 2601 481 2640 non
507 2585 700 2640 solum
726 2585 980 2654 clericos,
1013 2586 1111 2642 sed
1140 2586 1310 2641 etiam
1359 2587 1530 2641 laicos
1569 2602 1697 2641 can-

94 2676 246 2732 tandi:
279 2677 375 2732 Dei
406 2677 676 2734 laudibus
713 2677 934 2734 dedisse
977 2695 1209 2751 operam
1245 2683 1460 2734 constat
1499 2695 1569 2734 ex
1605 2694 1691 2734 se-

93 2770 258 2840 quenti
281 2785 444 2826 versu
472 2787 487 2825 :

167 2878 410 2930 Pontiﬁcis
442 2878 647 2930 meritis
671 2879 862 2942 clerus,
894 2879 1045 2944 plebs
1072 2879 1246 2945 psallit
1267 2882 1318 2931 et
1343 2880 1526 2930 infans.

149 3002 226 3056 42.
272 3002 396 3056 Haec
430 3007 570 3057 sunt
629 3017 759 3074 quae
801 3001 872 3056 de
924 3001 1158 3074 antiquo
1207 3017 1375 3057 cursu
1420 3001 1697 3056 Gallicano

95 3094 217 3163 apud
241 3095 499 3166 probatos
525 3098 792 3149 auctores
831 3094 1081 3166 reperire
1129 3094 1291 3149 nobis
1320 3094 1498 3149 licuit.
1529 3094 1700 3148 Caete-

3311 397 3413 463 toi

1711 521 1772 593 Α
1793 506 1987 580 eisque
2019 531 2047 558 ‹‹
2085 509 2426 566 sufﬁcientia
2459 511 2723 568 victualia
2751 512 3063 583 constituit,
3109 517 3169 569 et
3195 513 3414 586 praedia

1791 601 2056 671 quaedam
2086 602 2197 656 illis
2230 604 2488 672 contulit,
2535 623 2760 661 necnon
2795 607 3065 662 aerarium
3103 623 3414 663 commune

1791 693 1980 748 usibus
2007 711 2206 750 eorum
2244 697 2507 752 instituit.
2557 720 2586 748 »
2630 701 2712 754 Ita
2751 700 3102 755 Frodoardus
3145 701 3206 754 in
3243 701 3341 756 lib.
3374 717 3414 757 ιι

1791 802 1914 856 cap.
1931 791 1951 842 i
1968 791 2016 841 1.
2042 788 2420 860 AtRigoberti
2442 791 2581 845 Vitae
2606 791 2850 863 scriptor
2867 794 3037 864 paulo
3067 793 3234 848 aliter
3253 793 3410 848 idem

1791 881 2091 934 attestatur
2105 881 2194 935 his
2204 883 2390 936 verbis
2404 899 2418 938 :
2437 904 2464 933 «
2477 883 2822 939 Canonicam
2835 885 3050 940 clericis
3071 885 3410 958 religionem

1791 970 2226 1028 instituitJuxta
2247 991 2559 1030 numerum
2581 994 2810 1048 quoque
2824 995 3048 1045 eorum,
3073 982 3280 1050 quotus
3313 979 3412 1034 illo
3496 999 3509 1020 ι

1791 1063 1850 1118 in
1879 1066 2142 1135 tempore
2165 1070 2306 1133 erat,
2322 1069 2665 1124 sufﬁcientia
2683 1074 2742 1124 et
2759 1070 3030 1125 continua
3046 1070 3128 1125 eis
3146 1071 3412 1126 victualia

1791 1156 2104 1223 constituit,
2128 1162 2407 1228 quatenus
2437 1161 2626 1215 divino
2655 1163 2832 1216 cultui
2857 1162 3091 1217 liberius
3125 1166 3297 1234 atque
3331 1163 3415 1218 in-

1792 1249 2032 1303 stantius
2083 1249 2345 1305 insistere
2396 1253 2725 1323 quivissent.
2784 1255 2946 1308 Prius
2990 1255 3200 1326 quippe
3237 1271 3410 1326 quam

1793 1341 2126 1410 exOptabilis
2149 1342 2240 1396 hic
2270 1344 2418 1398 altor
2441 1361 2506 1400 ac
2533 1349 2698 1416 pater
2715 1362 2917 1401 eorum
2947 1347 3261 1413 adveniret,
3293 1364 3412 1402 non
3492 1355 3502 1359 ’

1793 1432 1873 1486 eis
1899 1433 2143 1488 dabatur
2169 1436 2477 1491 canonicus
2506 1437 2690 1508 panis,
2735 1442 2790 1492 et
2815 1455 2932 1492 non
2974 1443 3157 1506 erant,
3191 1443 3254 1494 ut
3281 1443 3414 1494 sunt

1799 1525 1990 1592 hodie,
2022 1526 2302 1594 canonici,
2332 1529 2434 1584 sed
2461 1529 2604 1584 sicut
2646 1531 3037 1586 matricularii.
3075 1533 3143 1585 Et
3181 1532 3256 1586 ad
3290 1533 3412 1586 haec

1793 1634 1886 1672 res
1913 1619 2172 1690 proprias
2193 1637 2324 1674 cum
2355 1621 2769 1678 habitatoribus
2795 1640 2992 1680 earum
3015 1624 3124 1678 illis
3148 1624 3412 1694 contutit,

1791 1709 1888 1780 qui
1917 1711 2153 1781 singulis
2177 1713 2608 1768 necessitatibus
2629 1732 2828 1770 eorum
2855 1719 3130 1788 perpetuo
3163 1717 3413 1771 deservi-

1791 1805 1938 1856 rent.
1961 1803 2184 1857 Primus
2204 1805 2614 1861 Rhemensium
2642 1807 2732 1862 hic
2750 1808 3046 1878 episcopus
3065 1810 3248 1862 fertur
3262 1823 3417 1863 com-

967 1855 978 1866 ο
1236 1857 1248 1869 ο
1491 1857 1502 1869 ο
1930 1855 1933 1856 ⁷
1961 1855 1981 1856 ί
2035 1855 2112 1857 ""
2128 1855 2174 1857 *'
2205 1855 2614 1861 “""""""‘"‘
2643 1855 2730 1862 "'V
2753 1855 3044 1878 'r'"""l"""
3065 1855 3141 1862 ’ν’
3158 1855 3237 1862 “““’
3265 1855 3392 1863 ⁷“’“““

1791 1910 1968 1948 mune
2013 1895 2093 1950 eis
2127 1895 2438 1952 instituisse
2475 1899 2762 1967 aerarium,
2807 1901 3154 1972 generaliter
3181 1901 3413 1956 illorum

1792 1987 1985 2041 usibus
2011 1987 2070 2041 in
2099 1991 2301 2044 saecula
2319 1991 2704 2060 profuturum.
2727 2015 2755 2042 ››
2779 1993 2942 2057 Quod
2963 1993 3304 2064 Rigobertus
3322 1993 3416 2048 hic

1793 2079 2018 2146 dicitur,
2059 2082 2398 2136 canonicam
2437 2083 2659 2137 clericis
2693 2085 3038 2154 religionem
3083 2085 3415 2151 instituisse,

1793 2171 1926 2239 sive,
1950 2175 2013 2226 ut
2039 2173 2400 2228 Frodoardus
2425 2175 2620 2244 habet,
2650 2177 2987 2244 restituisse,
3017 2176 3075 2232 id
3094 2177 3176 2232 ita
3204 2177 3412 2232 intelli-

1793 2265 2048 2334 gendum
2067 2269 2169 2332 est,
2190 2269 2253 2319 ut
2279 2283 2377 2322 eos
2403 2267 2478 2322 ad
2494 2284 2868 2323 communem
2886 2269 3062 2324 vitam
3083 2285 3419 2340 composue-

1792 2357 1884 2424 rit,
1927 2373 2236 2412 commune
2263 2359 2346 2413 eis
2385 2359 2693 2416 tribuendo
2725 2359 3026 2417 aerarium:
3075 2379 3205 2416 cum
3245 2367 3417 2416 antea

1792 2448 2008 2504 reditus
2031 2466 2370 2505 communes
2401 2469 2517 2506 non
2545 2453 2846 2520 haberent,
2881 2453 2981 2508 sed
3011 2455 3219 2524 stipem
3251 2470 3414 2509 suam

1793 2540 1852 2594 in
1891 2541 2011 2595 dies
2045 2542 2116 2596 ab
2156 2543 2420 2614 episcopo
2461 2545 2806 2615 acciperent,
2845 2546 2990 2600 sicut
3022 2545 3414 2612 matricularii,

1795 2634 2044 2688 ecclesiae
2076 2636 2336 2706 catalogo
2369 2635 2628 2706 ascripti.
2643 2638 2846 2692 Beatus
2884 2638 3178 2708 Remigius
3212 2637 3272 2692 in
3313 2654 3414 2692 suo

1794 2726 1968 2797 ipsius
1981 2729 2326 2782 testamento
2348 2729 2564 2782 clerum
2579 2730 2830 2784 ecclesiae
2852 2731 3192 2785 Rhemensis
3211 2734 3270 2786 et
3287 2747 3413 2785 ma-

1793 2819 2111 2874 tricularios
2141 2819 2698 2891 designathisverbis
2722 2839 2734 2876 :
2755 2843 2783 2872 «
2801 2823 3172 2878 Subdiaconis
3205 2823 3416 2878 solidos

1797 2911 2122 2980 duodecim,
2151 2913 2453 2967 lectoribus
2487 2913 2698 2969 solidos
2741 2913 2902 2981 duos,
2959 2915 3202 2970 ostiariis
3239 2920 3296 2970 et
3321 2916 3413 2986 ju-

1799 3003 2051 3058 nioribus
2063 3005 2274 3060 solidos
2285 3006 2428 3061 duos
2432 3007 2609 3077 jubeo
2625 3005 2766 3060 dari.
2784 3007 3134 3078 Pauperibus
3146 3008 3205 3062 in
3222 3008 3420 3063 matri-

1795 3098 1922 3150 cula
1931 3097 2148 3167 positis,
2173 3097 2288 3170 41
2305 3097 2363 3170 5
2384 3102 2517 3153 ante
2531 3100 2683 3154 fores
2695 3100 2948 3155 ecclesia:
2961 3103 3416 3172 exspectantibus

95 3201 196 3240 rum
223 3201 286 3241 ex
303 3186 426 3242 aliis
459 3186 840 3258 intelligimus
879 3186 1058 3242 serius
1110 3187 1262 3258 apud
1295 3186 1566 3258 quasdam
1593 3187 1695 3240 Ec-
1717 3229 1771 3304 Ο
1797 3188 2025 3259 stipem,
2065 3189 2401 3257 duo—solidi,
2428 3191 2583 3245 unde
2615 3208 2674 3246 se
2702 3191 2980 3259 reﬁciant,
3013 3191 3351 3248 inferantur.
3383 3216 3412 3245 »

96 3279 254 3304 Διηε..-
278 3280 667 3304 _--1.’.‘:__--_.
692 3279 966 3304 ---ιιι-,ιε
995 3295 1210 3304 “Au-..
1232 3279 1535 3304 -J...:--.....
1566 3278 1673 3304 ἓε-ἓ..
1799 3279 2074 3304 Ciuilis-..
2111 3281 2330 3304 ..ΔΑ-,1-
2369 3282 2430 3304 ,ιΔ
2460 3282 2698 3304 Π,-ι--ε-
2744 3284 2762 3304 1
2785 3283 3048 3304 ____I-_.__,_
3068 3285 3104 3304 -9
3143 3301 3231 3304 μ---
3271 3286 3290 3304 1
3321 3303 3335 3304 γ
3374 3303 3377 3304 ,

94 3279 257 3333 clesias
275 3280 672 3350 quotidianum
692 3279 972 3350 psallendi
995 3295 1215 3334 morem
1230 3279 1541 3334 admissum
1565 3278 1699 3333 fuis-

94 3386 156 3425 se.
185 3372 239 3427 ln
262 3373 503 3428 Ecclesia
527 3373 873 3428 Virdunensi
897 3373 1104 3428 Paulus
1130 3371 1441 3444 episcOpus,
1472 3371 1569 3443 qui
1596 3371 1698 3426 sub

93 3478 277 3518 annum
296 3466 396 3520 647
436 3465 631 3520 vivere
671 3465 854 3534 desiit,
894 3465 1048 3520 hunc
1081 3464 1258 3520 ritum
1291 3464 1554 3532 instituit,
1599 3467 1700 3519 aut

93 3561 216 3612 certe
236 3557 493 3626 restituit,
508 3557 745 3630 praediis
764 3558 911 3613 hanc
938 3558 999 3613 in
1028 3573 1151 3612 rem
1169 3574 1203 3612 a
1223 3557 1538 3628 Dagoberto
1562 3573 1698 3628 rege

91 3652 136 3701 et
154 3666 184 3702 a
207 3650 461 3706 Grimone
479 3651 542 3706 in
558 3651 752 3706 dotem
777 3635 1179 3706 canonicorum
1198 3650 1529 3721 impetratis.
1556 3650 1697 3705 Nam

91 3746 198 3798 ante
221 3742 274 3798 id
296 3749 521 3816 tempus
539 3743 780 3799 ecclesia
796 3743 894 3798 illa
925 3764 953 3794 «
983 3743 1059 3798 ita
1074 3743 1244 3798 rebus
1263 3742 1530 3798 destituta
1553 3747 1693 3812 erat,

91 3837 142 3888 ut
152 3851 306 3891 nemo
329 3837 676 3892 clericorum
702 3841 848 3892 esset
865 3836 967 3908 qui
987 3836 1207 3891 assidue
1235 3836 1318 3906 (ut
1341 3835 1419 3890 sic
1443 3834 1699 3906 praecipit

92 3928 456 3985 ecclesiasticus
484 3929 646 4000 ordo)
663 3929 977 3994 missarum
1012 3928 1302 3998 solemnia,
1345 3928 1434 3984 vel
1469 3943 1698 3982 consue-

91 4023 191 4074 tum
216 4023 559 4092 psalmorum
589 4021 734 4076 inibi
759 4022 1068 4092 compleret
1113 4037 1336 4076 cursum
1367 4038 1385 4089 ;
1439 4020 1536 4074 sed
1579 4035 1698 4091 prae

93 4109 251 4184 inopia
270 4115 360 4170 vix
386 4119 444 4171 et
489 4131 627 4170 cum
673 4129 883 4186 magno
927 4113 1118 4170 labore
1151 4129 1254 4185 per
1296 4113 1546 4184 singulos
1581 4112 1698 4168 dies

91 4204 387 4264 adveniebat
417 4207 628 4280 aliquis
668 4207 910 4262 forensis
955 4207 1269 4278 presbyter,
1315 4210 1372 4261 et
1407 4204 1694 4273 citissime,

91 4297 301 4372 satisque
313 4300 648 4358 indecenter
661 4301 939 4356 horarum
957 4303 1014 4356 et
1030 4299 1218 4354 missas
1231 4299 1400 4354 simul
1413 4297 1698 4369 complens

93 4389 268 4462 ofﬁcia,
301 4395 562 4450 mercede
609 4397 858 4466 accepta,
903 4391 1287 4448 revertebatur
1334 4391 1406 4447 ad
1447 4393 1692 4466 prOpria.

92 4481 330 4541 Similiter
359 4487 646 4543 secundus
673 4489 731 4542 et
753 4485 976 4552 tertius,
1003 4485 1321 4557 casterique,
1343 4485 1520 4540 donec
1543 4486 1697 4542 idem

89 4575 205 4631 ordo
227 4579 484 4636 confusus
509 4597 546 4634 a
569 4579 880 4635 novissimo
908 4577 1118 4634 rediret
1135 4577 1208 4634 ad
1231 4577 1502 4650 primum.
1534 4600 1562 4629 »
1583 4581 1692 4634 Ha-
1713 4589 1772 4660 D

89 4671 260 4725 etenus
297 4687 366 4728 ex
405 4672 592 4744 ipsius
637 4671 796 4727 Pauli
833 4671 1007 4742 Actis,
1050 4686 1180 4743 quae
1230 4670 1292 4725 in
1354 4671 1559 4726 seculo
1623 4687 1696 4728 vn

89 4765 254 4817 nostro
275 4763 582 4822 habentur.
960 4767 968 4773 κ

147 4855 226 4910 43.
252 4857 356 4911 Nec
381 4857 504 4914 fere
539 4857 652 4914 alio
679 4858 850 4914 modo
891 4856 984 4913 hic
1021 4857 1165 4912 ritus
1201 4857 1261 4912 in
1301 4855 1542 4912 Ecclesia
1579 4857 1696 4912 An-

90 4945 445 5006 tissiodorensi
475 4951 584 5008 sub
612 4951 788 5008 ﬁnem
813 4951 1004 5006 steculi
1028 4967 1102 5005 vn
1123 4949 1232 5006 fuit
1256 4949 1570 5005 institutus.
1597 4950 1699 5004 Te-

93 5039 242 5096 tricus
288 5045 499 5117 quippe
544 5044 860 5117 episcopus,
921 5043 1108 5116 primo
1169 5058 1287 5099 suae
1339 5041 1702 5098 ordinationis

93 5146 241 5201 anno,
267 5137 556 5193 constituit
589 5142 658 5193 ut
673 5137 920 5207 abbates,
942 5135 1417 5208 archipresbyteri
1444 5140 1500 5191 et
1535 5150 1700 5206 paro-

95 5223 368 5302 0111414
399 5229 621 5286 rurales
645 5246 777 5286 cum
805 5229 1102 5285 dominicis
1139 5228 1223 5299 (ut
1257 5231 1392 5284 Acta
1424 5227 1704 5300 episcopo-

96 5331 205 5373 rum
247 5321 474 5395 habent)
521 5323 762 5392 clericis,
816 5323 876 5377 in
925 5321 1154 5378 ecclesia
1203 5321 1380 5376 sancti
1435 5321 1704 5392 Stephani

96 5407 322 5470 divinum
368 5416 759 5488 persolverent
797 5415 1077 5484 ofﬁcium;
1121 5413 1201 5470 ita
1237 5418 1304 5469 ut
1342 5429 1444 5468 sua
1501 5413 1704 5485 cuique

99 5509 428 5579 monasterio,
455 5507 968 5580 archipresbytero,
992 5509 1082 5564 vel
1094 5506 1338 5580 parocho
1353 5505 1707 5562 hebdomade

100 5597 440 5672 incumberet,
469 5601 758 5673 assignato
781 5601 1017 5672 singulis
1043 5599 1322 5673 stipendio
1347 5615 1417 5655 ex
1427 5598 1706 5654 dominico

101 5691 317 5749 cellario.

161 5784 241 5838 44.
294 5787 504 5843 Eodem
561 5791 822 5858 tempore
871 5787 1021 5858 apud
1060 5786 1305 5843 Bhemos
1369 5783 1709 5856 Rigobertus

111 5879 333 5945 Pontifex
365 5902 391 5932 «
418 5879 756 5939 canonicam
781 5879 993 5940 clericis
1019 5879 1352 5954 religionem
1387 5877 1648 5952 restituit,
1676 5898 1705 5929 ››

1799 3279 2074 3336 Similiter
2109 3281 2335 3352 agendo
2364 3282 2434 3336 de
2460 3282 2707 3338 Ecclesia
2742 3283 3108 3353 Lugdunensi
3137 3301 3238 3340 seu
3270 3286 3414 3341 Lau-

1799 3372 2061 3439 dunensi,
2111 3374 2260 3428 solos
2301 3374 2700 3440 subdiaconos,
2744 3376 3004 3442 lectores,
3057 3376 3316 3432 ostiarios
3358 3381 3418 3432 et

1790 3464 2050 3534 juniores
2073 3467 2354 3532 nominat,
2371 3467 2527 3520 nulla
2546 3467 3009 3537 presbyterorum
3025 3471 3125 3522 aut
3150 3468 3416 3524 diacono-

1795 3573 1925 3610 rum
1954 3557 2249 3612 mentione
2275 3559 2444 3612 facta.
2463 3557 2645 3612 Perid
2666 3562 2895 3628 tempus
2917 3560 3133 3613 clerum
3153 3560 3415 3615 Ecclesia:

1798 3649 2134 3703 Rhemensis
2161 3649 2235 3703 ad
2257 3649 2446 3704 ofﬁcia
2465 3649 2658 3704 divina
2683 3650 2818 3704 satis
2844 3667 3218 3706 numerosum
3239 3653 3412 3708 fuisse

1797 3741 1929 3795 inde
1957 3741 2146 3812 colligi
2171 3744 2377 3812 potest.
2401 3741 2514 3797 Sed
2539 3758 2670 3795 cum
2695 3746 3020 3812 temporum
3036 3743 3297 3814 procellis
3314 3745 3414 3799 im-

1797 3834 2054 3888 minutus
2086 3833 2303 3901 fuisset,
2345 3850 2478 3888 eum
2509 3835 2755 3889 restituit
2791 3839 3018 3890 sanctus
3051 3835 3409 3907 Rigobertus.

1795 3927 1878 3980 Ab
1909 3927 2075 3997 hujus
2103 3929 2365 3998 tempore
2387 3931 2584 3982 auctus
2603 3931 2688 3982 est
2699 3929 2820 3982 sine
2837 3928 3009 3984 dubio
3020 3929 3080 3983 in
3102 3930 3414 3984 Rhemensi

1796 4019 2040 4074 Ecclesia
2059 4019 2282 4074 divinus
2303 4021 2504 4088 cultus,
2529 4021 2626 4092 qui
2651 4021 2876 4076 fortean
2904 4022 3062 4093 prius
3089 4023 3162 4077 ob
3187 4023 3414 4078 canoni-

1797 4128 1993 4166 corum
2019 4113 2324 4184 penuriam
2356 4129 2472 4168 non
2501 4113 2583 4168 ita
2603 4114 2876 4169 solemnis
2902 4118 3045 4170 erat.
3085 4117 3244 4171 Nunc
3279 4133 3414 4192 vero

1796 4207 1957 4258 tanta
1975 4205 2088 4260 illic
2117 4206 2418 4276 majestate
2441 4209 2500 4260 et
2517 4206 2736 4261 rituum
2769 4207 3048 4278 gravitate
3070 4209 3410 4277 celebratur,

1797 4299 2012 4368 quanta
2035 4297 2124 4352 vix
2151 4298 2212 4353 in
2241 4299 2356 4353 ulla
2379 4298 2491 4354 alia
2520 4299 2834 4354 cathedrali
2865 4301 3120 4356 ecclesia.

2523 4413 2678 4486 §1v.

1796 4508 2107 4562 Divinarum
2145 4508 2440 4575 ofﬁciorum
2463 4509 2733 4632 institue?
2754 4509 2811 4560 in
2827 4508 3233 4578 parochialibus
3258 4510 3414 4565 aliis-

2407 4593 2508 4632 aue
2531 4591 2613 4631 ccc
2711 4591 2778 4632 is.

2407 4593 2508 4646 que
2531 4591 2778 4632 eccwsus.

1867 4670 1952 4722 45.
1982 4669 2124 4724 Cum
2145 4667 2333 4722 ofﬁcia
2361 4667 2553 4723 divina
2593 4685 2711 4723 non
2753 4669 2941 4740 magis
2969 4669 3043 4724 ad
3077 4671 3413 4728 clericorum

1797 4777 2038 4833 pensum
2064 4777 2238 4832 quam
2260 4761 2334 4816 ad
2357 4761 2613 4816 ﬁdelium
2639 4763 2967 4834 exemplum
2995 4763 3254 4820 instituta
3282 4766 3413 4834 sint,

1799 4871 1914 4910 non
1944 4871 2148 4925 parum
2179 4854 2455 4909 intererat
2473 4858 2535 4909 ut
2559 4871 2674 4910 non
2695 4856 2880 4910 solum
2901 4855 2959 4909 in
2973 4857 3412 4929 cathedralibus,

1799 4947 1898 5002 sed
1925 4947 2099 5002 etiam
2121 4947 2179 5002 in
2206 4947 2624 5018 parochialibus
2643 4948 2883 5019 aliisque
2905 4949 3154 5003 ecclesiis
3170 4951 3419 5008 celebra-

1799 5043 2015 5108 rentur,
2039 5043 2321 5112 quatenus
2349 5058 2454 5112 per
2475 5041 2725 5096 ecclesias
2752 5041 3024 5112 cujusque
3037 5042 3335 5098 facultates
3359 5045 3418 5100 id

1801 5135 2015 5189 liceret.
2044 5133 2284 5204 Hujusce
2324 5134 2567 5189 instituti
2604 5135 2825 5188 nullum
2867 5135 3156 5206 antiquius
3191 5136 3418 5193 invenio

1801 5229 2265 5294 monumentum,
2295 5243 2470 5298 quam
2498 5227 2558 5282 in
2595 5227 2834 5282 concilio
2873 5229 3214 5300 Epaonensi,
3263 5231 3423 5302 cujus

1803 5336 2023 5374 canone
2043 5321 2110 5373 25
2131 5318 2190 5372 id
2213 5319 2586 5374 constitutum
2623 5323 2708 5374 est
2727 5337 2740 5374 :
2769 5322 3084 5378 Sanctorum
3099 5323 3342 5393 reliquie
3365 5327 3427 5380 in

1802 5415 2051 5469 oratoriis
2072 5412 2356 5468 vilioribus
2397 5428 2502 5468 non
2523 5418 2820 5484 ponantur,
2849 5416 2958 5470 nisi
2987 5416 3175 5482 forsan
3209 5417 3423 5473 clericos

1803 5507 2152 5577 cujuscunque
2171 5507 2443 5577 parochiw
2467 5507 2665 5561 uicinos
2689 5520 2796 5561 esse
2815 5509 3109 5578 contingat,
3139 5511 3235 5578 qui
3257 5511 3424 5564 sacris

1804 5601 2065 5656 cineribus
2084 5599 2358 5670 psallendi
2381 5601 2688 5668 frequentia
2714 5599 3070 5665 famulentur.
3100 5601 3216 5655 Mos
3246 5600 3422 5670 igitur

1807 5709 1874 5746 eo
1902 5695 2164 5763 tempore
2191 5694 2334 5759 arat,
2357 5691 2416 5747 id
2443 5695 2528 5746 est
2553 5691 2759 5746 saeculo
2771 5708 2824 5746 v1
2845 5691 3099 5760 ineunte,
3122 5695 3185 5746 ut
3205 5691 3264 5744 in
3285 5688 3422 5743 locis

1808 5783 1904 5838 ubi
1934 5786 2263 5839 sanctorum
2276 5784 2531 5856 reliquiae
2559 5783 3012 5850 asservabantur,
3027 5782 3214 5837 ofﬁcia
3229 5779 3417 5833 divina

1809 5892 1911 5950 per
1963 5877 2224 5950 proprios
2268 5881 2366 5933 aut
2409 5877 2622 5934 vicinos
2669 5876 2904 5932 clericos
2939 5871 3414 5947 persolverentur.
