3970 6416
527 373 632 432 403
1311 372 1641 430 ΑΡΡΕΝΒΙΧ
1681 371 1768 426 ΑΙ)
1803 369 2023 426 ΟΡΕΒΑ
2061 367 2095 421 S

2347 366 2627 421 IERMANI
2666 365 3091 422 PARISIENSIS.
3823 365 3915 418 tot

520 481 917 541 Consentanea
945 482 1029 534 est
1062 477 1195 534 huic
1233 477 1450 534 sanctio
1489 477 1714 534 concilii
1760 473 2150 533 Cabilonensis
2171 473 2454 558 Afideles
2481 473 2554 528 ad
2595 475 2904 529 nocturnas
2933 487 3131 543 preces
3167 472 3518 544 surgebant,
3564 489 3638 526 ex
3673 471 3915 528 Tertul-

522 573 714 630 medio
761 573 964 626 saeculo
988 587 1066 628 vn
1097 570 1290 644 416
1317 571 1609 638 celebrati,
1637 571 1696 624 in
1725 585 1943 625 canone
1969 573 2052 636 l3,
2078 571 2145 625 de
2243 569 2418 635 liano,
2448 566 2506 620 in
2535 565 2828 638 Apologia:
2851 581 2972 636 cap.
2995 568 3057 632 2;
3087 583 3154 620 ex
3177 565 3344 621 Plinii
3371 565 3625 637 epistola
3653 565 3737 621 ad
3781 567 3917 621 Tra-

517 668 765 724 oratoriis
789 681 906 734 quae
935 681 1034 736 per
1057 666 1220 721 villas
1243 668 1399 734 ﬁunt,
1426 670 1486 720 ut
1521 668 1631 720 sint
1662 667 1720 718 in
1742 667 2000 734 potestate
2029 665 2139 734 epi-
2234 662 2463 733 janum,
2498 660 2568 714 de
2601 658 2969 725 Christianis;
3005 663 3062 714 et
3091 658 3322 714 Eusebii
3349 659 3450 714 lib.
3480 677 3566 728 ω,
3624 675 3768 730 cap.
3813 662 3913 724 33;

512 775 822 830 scaporum;
852 761 950 828 qui
969 775 1036 814 em
1063 761 1420 827 facultatibus
1444 759 1642 814 ibidem
1683 758 1912 812 collectis
1943 773 2140 827 procu-
2241 752 2731 826 atqueNicephori
2751 751 2848 806 lib.
2876 768 2935 806 III
2956 769 3083 822 cap.
3107 752 3415 824 l7,quibus
3437 752 3594 808 adde
3611 752 3913 808 Hilarium

513 857 634 908 rent
670 856 733 907 ut
756 854 992 922 ofﬁcium
1017 853 1263 908 divinum
1281 853 1450 923 possit
1474 853 1708 922 impleri,
1739 855 1790 906 et
1817 866 1972 906 sacra
2000 852 2138 906 liba-
2239 847 2297 902 in
2343 849 2632 918 psalmum
2677 863 2864 912 cvvm,
2905 850 2962 900 et
2999 846 3373 900 Ambrosium
3418 845 3595 900 variis
3633 846 3696 900 in
3743 846 3911 900 locis.

513 948 664 1002 mina
683 947 1002 1001 consecrari.
2240 939 2525 996 Solemnis
2551 943 2675 993 erat
2705 939 2879 994 etiam
2900 939 3389 994 Lucernariihora
3412 940 3524 994 sub
3539 940 3734 994 ﬁnem
3767 939 3910 1005 diei,

585 1041 675 1094 46.
707 1039 1022 1095 Concilium
1054 1036 1410 1092 Emeritense
1437 1037 1498 1091 in
1528 1037 1837 1104 Lusitania,
1867 1041 1994 1109 post
2023 1055 2140 1094 me-
2239 1037 2381 1088 teste
2420 1033 2732 1088 Prudentio
2773 1050 2901 1086 cum
2951 1032 3094 1099 aliis,
3133 1035 3450 1102 antequam
3495 1033 3912 1104 Vesperarum

515 1132 676 1197 dium
697 1131 966 1186 szeculum
984 1147 1058 1184 vu
1074 1129 1146 1184 de
1169 1129 1534 1200 parochianis
1552 1131 1898 1202 presbyteris
1921 1131 2135 1198 statuit,
2241 1129 2567 1181 nostrarum
2600 1126 2742 1179 ritus
2769 1129 2917 1180 esset
2943 1124 3254 1179 institutus.
3285 1125 3550 1196 Scriptor
3597 1126 3909 1181 Constitu-

515 1241 738 1281 canone
786 1228 870 1290 19,
919 1227 986 1280 Ut
1015 1225 1080 1280 de
1116 1225 1342 1279 ecclesia:
1377 1239 1488 1278 sum
1519 1225 1741 1292 familia
1782 1225 1996 1280 clericos
2036 1225 2140 1280 sibi
2238 1220 2462 1274 tionum
2493 1218 2958 1290 apostolicarum,
2989 1219 3048 1272 in
3087 1218 3184 1272 lib.
3217 1235 3338 1284 vm,
3377 1236 3505 1290 cap.
3549 1220 3647 1286 34,
3699 1219 3915 1273 ﬁdeles

509 1320 746 1386 faciant,
763 1333 892 1388 quos
910 1333 1010 1387 per
1031 1319 1226 1372 bonam
1249 1319 1581 1372 voluntatem
1607 1320 1688 1373 ita
1713 1320 1982 1380 nutriant,
2010 1323 2070 1373 ut
2089 1322 2140 1373 et
2239 1328 2443 1366 omnes
2473 1311 2785 1366 universim
2815 1313 3114 1382 alloquens
3138 1327 3150 1364 :
3188 1332 3215 1360 «
3241 1312 3648 1379 Precationes,
3682 1313 3907 1383 inquit,

510 1410 1176 1482 officiumsanctumdigne
1195 1415 1488 1480 peragant,
1519 1415 1569 1465 et
1592 1411 1668 1465 ad
1682 1413 1960 1466 servitium
1982 1427 2137 1465 suum
2237 1405 2406 1460 facite
2441 1421 2636 1472 mane,
2676 1404 2864 1472 tertia,
2902 1408 3079 1471 sexta,
3107 1421 3282 1472 nona,
3307 1421 3576 1476 vespere,
3608 1409 3798 1476 atque
3837 1406 3912 1459 ad

509 1510 664 1576 aptos
691 1519 774 1560 eos
800 1505 1052 1558 habeant.
1085 1505 1228 1557 item
1255 1503 1409 1573 apud
1439 1505 1674 1574 Anglos,
1699 1519 1849 1558 auno
1880 1508 2001 1571 787,
2035 1504 2077 1558 di

2340 1497 2370 1550 li
2398 1501 2652 1551 cantum.
2687 1518 2714 1546 ››
2755 1497 2948 1569 418
2977 1498 3180 1551 Postea
3207 1497 3631 1568 refrigescente
3657 1499 3908 1570 pietate,

511 1601 729 1667 cretum
767 1600 853 1651 est
873 1597 932 1650 in
959 1595 1185 1651 concilii
1213 1596 1610 1652 Celichitensis
1631 1613 1756 1666 cap.
1791 1601 1842 1662 7,
1870 1601 1936 1653 Ut
1960 1613 2136 1652 omnes
2236 1589 2434 1643 diebus
2459 1590 2618 1644 festis
2644 1606 2708 1644 ac
2731 1589 3046 1644 Dominicis
3071 1590 3272 1644 ﬁdeles
3302 1608 3335 1645 a
3361 1590 3671 1645 Matutinis
3702 1593 3911 1646 abesse

509 1693 735 1747 ecclesia:
761 1691 992 1762 publicae
1015 1691 1278 1744 canonicis
1317 1691 1460 1745 horis
1483 1705 1694 1744 cursum
1718 1705 1875 1744 suum
1903 1705 2020 1745 cum
2047 1707 2132 1745 re-
2233 1683 2498 1753 religioni
2537 1683 2840 1736 duxerunt.
2880 1683 3040 1737 Unde
3089 1683 3372 1738 Ebroinus
3419 1683 3513 1737 die
3558 1685 3910 1752 Dominico,

508 1787 746 1840 verentia
770 1782 1197 1838 habeant.Unde
1219 1782 1512 1852 Eadgarus
1532 1799 1630 1836 rex
1655 1783 1860 1836 saeculo
1882 1800 1914 1836 x
1937 1783 2132 1850 edixit,
2235 1792 2366 1830 cum
2381 1775 2452 1830 ab
2471 1775 2578 1830 hoc
2593 1776 3000 1830 Matutinarum
3023 1776 3213 1831 ofﬁcio
3235 1776 3294 1830 in
3309 1776 3464 1831 aedes
3486 1794 3630 1831 suas
3653 1777 3910 1841 rediret,

509 1895 633 1948 cap.
667 1878 754 1944 45,
791 1897 818 1926 ‹‹
844 1877 916 1931 Ut
945 1875 1071 1947 quis
1108 1875 1268 1930 statis
1291 1875 1646 1947 temporibus
1677 1893 1989 1946 campanas
2018 1855 2211 1947 pul-B
2237 1869 2307 1922 ab
2341 1867 2679 1922 adversariis
2708 1874 2944 1923 necatus
2976 1872 3078 1923 est.
3112 1871 3272 1924 Nunc
3305 1886 3373 1924 eo
3409 1869 3658 1924 devenit
3690 1871 3909 1942 pietas,

507 1974 612 2037 set,
647 1974 704 2024 et
741 1972 802 2024 ut
823 1970 1012 2024 omnis
1039 1973 1173 2024 tunc
1192 1969 1459 2024 sacerdos
1489 1973 1722 2024 cantum
1755 1985 1922 2023 suum
1966 1970 2137 2024 hora-
2240 1964 2301 2015 ut
2330 1960 2427 2032 qui
2455 1979 2486 2014 a
2512 1961 2688 2015 missa
2705 1963 2791 2015 vel
2820 1962 3040 2032 privata
3073 1979 3188 2016 non
3211 1962 3464 2016 abfuerit
3495 1963 3720 2017 diebus
3753 1981 3908 2037 pra:-

507 2063 659 2118 rium
681 2062 740 2117 in
762 2062 999 2118 ecclesia
1017 2063 1239 2133 psallat.
1259 2082 1285 2108 »
1306 2062 1428 2116 Non
1449 2061 1561 2115 alia
1583 2061 1736 2131 apud
1758 2079 1862 2116 nos
1888 2061 2135 2132 discipli-
2238 2054 2436 2124 ceptis.
2487 2055 2718 2125 egregie
2757 2055 3056 2126 religiosus
3109 2056 3412 2110 habeatur.
3464 2055 3646 2120 Quod
3695 2060 3908 2111 tamen

508 2173 602 2211 na.
624 2157 766 2211 Nam
781 2155 933 2227 apud
957 2155 1340 2226 Reginonem,
1368 2153 1430 2207 in
1455 2154 1803 2208 Collectione
1827 2172 2136 2224 canonum,
2237 2147 2377 2202 citra
2413 2148 2695 2202 offensam
2736 2147 2952 2202 dictum
3003 2149 3074 2202 sit
3115 2149 3345 2219 piorum
3402 2150 3760 2218 hominum,
3809 2151 3909 2222 qui

505 2249 601 2304 lib.
621 2265 658 2318 ι,
685 2266 810 2319 cap.
837 2251 960 2315 208,
993 2247 1243 2302 refertur
1261 2246 1488 2302 concilii
1526 2247 1928 2302 Namnetensis
1968 2252 2140 2319 caput
2238 2243 2434 2294 HOSlI‘a
2451 2239 2628 2294 etiam
2655 2245 2845 2308 Male,
2888 2241 3210 2313 Priscorum
3241 2243 3728 2299 Christianorum
3768 2246 3904 2299 reli-

510 2345 592 2409 19,
621 2341 682 2396 in
707 2343 828 2397 haec
847 2340 1021 2395 verba
1049 2357 1061 2396 :
1090 2341 1392 2408 Presbyter,
1419 2356 1578 2395 mane
1607 2343 1926 2396 matutinali
1964 2344 2138 2412 ofﬁcio
2237 2333 2473 2403 gionem
2496 2350 2560 2388 ac
2587 2351 2779 2388 mores
2810 2351 2913 2406 pro
2944 2335 3180 2390 modulo
3213 2336 3540 2391 imitantur.

502 2437 730 2508 eapleto,
758 2449 986 2506 pensum
1021 2435 1295 2488 servitutis
1326 2449 1436 2488 suae
1461 2434 1697 2488 canendo
1726 2434 1807 2504 (id
1835 2437 1920 2488 est.
1947 2434 2133 2505 priva-
2991 2451 3022 2522 ἓ
3048 2453 3111 2506 γ’

503 2529 605 2584 tim
631 2527 950 2597 Ι’θ()ίὶίλιῐιάο)
983 2528 1244 2589 Primam.
1281 2529 1534 2588 Tertiam,
1566 2529 1804 2596 δθωιατην
1822 2530 2138 2598 Νοηατηίιιιθ
2267 2544 2580 2598 Divinorum
2609 2545 2906 2619 officiorum
2940 2547 2998 2598 in
3026 2546 3323 2619 Gallicanis
3349 2547 3588 2602 ecclesiis
3616 2554 3872 2619 antiqua

495 2623 802 2693 persolvat;
850 2623 932 2674 ita
975 2625 1153 2674 tamen
1178 2624 1238 2674 ut
1268 2625 1476 2690 postea,
1519 2621 1663 2676 horis
1699 2623 2132 2690 competentibus,
2731 2617 3002 2670 ordinatio
3031 2617 3373 2670 describitur.

489 2715 658 2784 juxta
678 2713 1112 2784 possibilitatem,
1137 2717 1235 2767 aut
1253 2729 1288 2766 a
1307 2728 1380 2775 se,
1399 2716 1496 2767 aut
1515 2729 1550 2768 a
1575 2713 1904 2768 scholaribus
1923 2715 2135 2783 publice
2303 2707 2390 2761 48.
2416 2708 2702 2761 Hactenus
2742 2707 2880 2778 quid
2919 2709 2990 2762 de
3033 2725 3201 2762 cursu
3242 2709 3539 2765 Gallicana
3601 2711 3668 2766 in
3724 2715 3906 2768 variis

499 2807 884 2876 compleantur.
911 2805 1160 2859 Verbum
1185 2807 1422 2860 canendo
1442 2805 1791 2875 interpretor
1822 2806 1894 2860 de
1915 2806 2067 2877 priva

2333 2799 2490 2852 :lesiis
2539 2801 2843 2854 observare
2875 2801 3052 2868 licuit,
3086 2801 3217 2855 rudi
3248 2818 3423 2872 opere
3460 2807 3901 2875 exposuimus;

501 2899 969 2965 recitatione,nec
982 2897 1155 2952 aliam
1170 2897 1708 2968 interpretationem
1723 2899 2022 2970 sequentia
2039 2917 2133 2970 pa-
2232 2893 2332 2946 sed
2353 2891 2410 2946 in
2433 2909 2546 2963 quo
2573 2894 2664 2947 hic
2693 2911 2894 2948 cursus
2921 2895 3282 2961 consisteret,
3311 2897 3580 2952 nondum
3615 2917 3687 2954 ex
3722 2919 3902 2974 supe-

500 2991 736 3045 tiuntur.
753 2990 842 3046 Sic
864 2993 1060 3044 autem
1079 2991 1196 3044 haec
1209 3007 1312 3044 vox
1329 2990 1571 3061 aliasque
1589 2991 1804 3044 similes
1821 2992 2130 3062 aliquando
2230 2985 2476 3040 rioribus
2505 2987 2641 3040 satis
2669 2987 2933 3042 distincte
2959 2988 3322 3060 intelligitur.
3353 2993 3576 3048 Idvero
3616 3003 3904 3052 accurate

501 3086 807 3138 sumuntur
832 3083 988 3154 apud
1011 3083 1296 3153 ejusmodi
1320 3087 1599 3152 auctores,
1627 3089 1688 3137 ut
1711 3084 1849 3138 alias
1867 3085 2127 3155 probavi-
2231 3078 2549 3133 describere
2573 3079 2802 3134 difﬁcile
2837 3085 2942 3144 est,
2981 3085 3103 3136 tum
3128 3083 3264 3153 quia
3291 3083 3504 3139 diversi
3541 3087 3807 3144 fuerunt
3839 3091 3899 3144 in

501 3193 648 3232 mus.
681 3178 748 3230 Et
769 3176 906 3246 quia
926 3177 1048 3230 hinc
1067 3175 1386 3230 observatio
1405 3176 1644 3246 alicujus
1665 3177 1948 3232 momenti
1971 3178 2128 3232 estin
2151 3217 2206 3291 Ο
2231 3171 2398 3225 variis
2433 3173 2746 3228 Galliarum
2775 3175 3036 3229 ECCleSiiS
3061 3176 3222 3242 Pii-115,
3253 3181 3378 3232 ὶιιῐῐὶ
3402 3178 3542 3249 quia
3569 3196 3688 3235 n08
3721 3183 3902 3253 hujus

502 3273 691 3291 ____1_-
714 3271 1050 3291 __-____--_l-
1093 3285 1264 3291 ---,---μ-
1290 3269 1856 3291 -nu..-:__1__1_:i_i____
1882 3271 2128 3291 h__._f_32
2231 3264 2310 3291 nn:
2356 3269 2545 3291 conta-nn
2587 3271 2960 3291 nsnn--m.\uln
2992 3267 3257 3291 J-f2-:__--l
3311 3271 3422 3291 C‘-J
3457 3274 3570 3291 1__,,

501 3273 696 3324 nostro
711 3271 1075 3340 argumento,
1093 3285 1269 3322 unum
1287 3269 1464 3323 affero
1481 3269 1864 3324 indubitatum
1882 3271 2133 3342 Remigii
2153 3264 2206 3291 υ
2231 3264 2313 3318 rei
2356 3269 2551 3320 vetera
2584 3271 2966 3321 monumenta
2988 3267 3281 3324 deﬁciunt.
3311 3271 3429 3325 Sed
3457 3274 3674 3328 tamen
3711 3293 3898 3346 gene-

498 3362 1012 3416 Antissiodorensis
1036 3362 1305 3416 monachi
1326 3362 1929 3434 testimonium,quiin
1953 3365 2129 3434 expli-
2230 3358 2348 3411 Polo
2375 3357 2666 3427 quoddam
2695 3359 2968 3413 Gallicani
3012 3377 3209 3415 cursus
3251 3363 3554 3434 specimen
3609 3369 3725 3422 sub
3781 3388 3898 3424 uno

499 3455 725 3510 catione
748 3472 919 3525 super
943 3456 1238 3510 Canonem
1262 3455 1470 3523 missae,
1488 3455 1585 3508 ubi
1615 3455 1898 3510 rationem
1918 3457 2126 3527 reddit,
2229 3453 2534 3521 conspectu
2563 3451 2652 3506 hic
2679 3469 2894 3522 ponere
2919 3454 3103 3508 visum
3137 3459 3242 3523 est,
3273 3457 3347 3511 ad
3375 3459 3681 3529 majorem
3711 3479 3898 3534 argu-

498 3565 598 3602 cur
618 3549 812 3604 Canon
855 3549 1022 3602 tacite
1053 3549 1360 3602 recitatur:
1397 3570 1422 3596 ‹‹
1461 3547 1694 3615 Idcirco,
1739 3548 1944 3620 inquit,
1973 3550 2130 3604 venit
2229 3543 2410 3598 monti
2436 3544 2591 3614 quod
2611 3548 2921 3600 tractamus
2947 3547 3410 3605 illustrationem.

500 3642 854 3696 consuetudo
874 3641 929 3695 in
945 3642 1278 3708 Ecclesia,ut
1291 3640 1458 3695 tacite
1473 3641 1596 3711 ipsa
1614 3641 1932 3697 obsecratio
1955 3647 2128 3712 atque
2297 3638 2386 3690 49.
2403 3637 2688 3708 Principio
2709 3638 2768 3692 id
2782 3639 3032 3694 maxime
3053 3647 3329 3698 curarunt
3357 3644 3581 3716 ubique
3596 3649 3893 3722 episcopi,

494 3733 844 3789 consecratio
862 3732 1098 3805 3417
1117 3733 1412 3787 sacerdote
1430 3737 1710 3800 cantetur,
1727 3751 1797 3789 ne
1816 3736 1988 3790 verba
2007 3738 2126 3789 tam
2231 3732 2290 3783 ut
2316 3729 2378 3784 in
2419 3731 2614 3800 quavis
2656 3731 2950 3802 provincia
2980 3735 3288 3790 uniformis
3319 3737 3380 3791 in
3417 3738 3639 3795 divinis
3679 3745 3898 3800 ofﬁciis

493 3844 654 3882 sacra
681 3827 1040 3881 vilescerent.
1073 3848 1100 3876 »
1136 3828 1258 3880 Non
1291 3825 1460 3880 aliter
1488 3827 2020 3897 accipiturVerbum
2031 3845 2126 3882 ca-
2227 3822 2368 3876 ritus
2388 3828 2726 3880 servaretur.
2749 3827 2984 3881 Exstant
3001 3828 3159 3882 varia
3178 3830 3286 3884 hac
3307 3831 3380 3884 de
3404 3849 3466 3887 re
3490 3833 3744 3892 decreta
3757 3856 3894 3894 cum

491 3921 655 3976 nendi
671 3920 730 3973 in
749 3919 1021 3990 praedicto
1039 3919 2128 3991 canoneconciliiNamnetcnsis;quod
2228 3917 2380 3986 ἓιΡιιίῖ1
2420 3917 2626 3984 GallOS,
2671 3921 2796 3972 tum
2842 3920 2996 3990 εἰ)υά
3040 3922 3341 3992 Ηίδρδηοδο
3392 3926 3656 3997 Ιηείεηίε
3699 3936 3797 3986 est
3834 3933 3893 3987 ίιι

495 4029 609 4083 quo
635 4017 900 4082 tempore
922 4011 1272 4065 celebratum
1301 4011 1390 4080 sit,
1415 4011 1700 4068 incertum
1739 4017 1842 4068 est.
1877 4015 1992 4068 Hoc
2031 4031 2123 4068 ca-
2229 4008 2424 4078 primis
2448 4009 2776 4066 constitutio
2807 4013 3065 4068 Toletani
3093 4016 3320 4070 concilii
3346 4034 3422 4083 IV,
3461 4020 3636 4091 cujus
3681 4025 3894 4080 Patres

493 4105 738 4175 pitulum
765 4103 1007 4158 totidem
1036 4105 1220 4158 verbis
1250 4106 1424 4160 refert
1461 4107 1799 4160 Hincmarus
1841 4106 1901 4159 in
1950 4107 2125 4177 primi
2226 4104 2354 4171 post
2399 4103 2714 4172 expositam
2750 4106 3092 4162 catholicam
3137 4109 3318 4165 ﬁdem
3363 4112 3510 4168 nihil
3575 4117 3894 4189 antiquius

492 4197 832 4268 Capitularis
875 4197 1109 4251 articulo
1142 4202 1191 4252 9.
1215 4199 1390 4253 Porro
1425 4198 1809 4268 psalmodiam
1835 4198 1894 4252 in
1919 4200 2118 4254 rurali-
2224 4195 2568 4262 habuerunt,
2603 4213 2776 4267 quam
2808 4203 2869 4252 ut
2904 4200 3258 4259 uniformem
3297 4206 3592 4274 psallendi
3629 4213 3890 4268 modum

491 4290 596 4344 bus
621 4289 796 4343 etiam
841 4290 1090 4344 ecclesiis
1129 4293 1334 4346 saeculo
1375 4308 1450 4346 vn
1481 4291 1727 4360 viguisse
1767 4291 1907 4346 illud
1951 4310 2120 4364 argu-
2223 4287 2588 4343 adstruerent
2616 4306 2837 4346 canone
2869 4295 2929 4347 2:
2971 4295 3187 4350 Placuit
3224 4283 3287 4352 ut
3325 4314 3509 4356 omnes
3544 4307 3891 4370 sacerdotes,

491 4387 686 4438 mento
702 4384 968 4454 est,quod
981 4388 1208 4472 sanctus
1229 4383 1444 4454 Eligius
1456 4383 1850 4438 Noviomensis
1863 4385 2117 4453 antistes,
2221 4383 2316 4450 qui
2340 4383 2614 4437 catholica
2648 4385 2774 4452 ﬁdei
2799 4385 2915 4457 41
2933 4385 2992 4459 9
3025 4391 3236 4445 unitate
3263 4394 3703 4462 complectimur,
3740 4403 3894 4456 nihil

491 4497 519 4524 ‹‹
547 4493 677 4530 cum
711 4476 980 4531 dioeceses
1014 4495 1164 4544 suas,
1189 4497 1216 4526 »
1243 4477 1301 4530 id
1333 4479 1418 4530 est
1437 4477 1754 4547 parochias,
1782 4500 1808 4527 ‹‹
1833 4481 1893 4532 ut
1912 4479 2122 4549 episco-
2219 4476 2368 4530 ultra
2393 4476 2662 4532 diversum
2687 4484 2785 4532 aut
2808 4480 3081 4536 dissonum
3104 4485 3163 4536 in
3181 4486 3554 4544 ecclesiasticus
3567 4505 3894 4550 sacramen-

487 4569 571 4639 pis
595 4586 720 4623 mos
747 4573 851 4636 est,
882 4570 1163 4636 visitaret;
1191 4589 1216 4622 ››
1243 4569 1315 4624 ob
1335 4586 1540 4640 pravos
1569 4570 1865 4639 cujusdam
1885 4573 2115 4642 presby—
2134 4582 2192 4652 D
2217 4571 2284 4624 tis
2309 4585 2570 4637 agamus;
2599 4586 2662 4626 ne
2681 4573 2931 4640 quaelibet
2953 4579 3140 4631 nostra
3167 4577 3459 4634 diversitas
3487 4585 3655 4652 apud
3670 4589 3892 4656 ignotos

485 4663 597 4716 teri
629 4679 844 4725 mores,
874 4682 900 4715 α
933 4663 992 4717 in
1022 4681 1136 4717 una
1160 4663 1392 4718 basilica
1419 4662 1712 4718 interdixit
1754 4681 1987 4720 cursum
2027 4666 2116 4720 vel
2215 4679 2305 4716 seu
2327 4663 2569 4718 carnales
2593 4665 2896 4722 schismatis
2922 4683 3153 4726 errorem
3187 4671 3444 4729 videatur
3479 4680 3797 4744 ostendere,
3841 4689 3892 4736 et

484 4755 908 4822 oblationem,»
941 4759 1004 4810 ut
1029 4755 1242 4828 legitur
1265 4755 1322 4810 in
1349 4755 1469 4826 ejus
1497 4757 1637 4812 Vita:
1664 4757 1760 4812 lib.
1789 4775 1848 4826 ιι,
1872 4775 1995 4828 cap.
2025 4762 2110 4813 20.
2214 4755 2399 4810 multis
2423 4760 2590 4810 exstet
2613 4759 2670 4810 in
2693 4759 3010 4814 scandalum
3036 4765 3277 4818 varietas
3298 4766 3702 4827 Eoclesiaru—m.
3742 4777 3891 4830 Unus

551 4850 638 4903 47.
685 4849 837 4905 Sane
873 4849 1126 4904 Riculqu
1172 4850 1378 4904 saeculo
1431 4867 1481 4904 ix
1526 4851 1824 4922 episcopus
1859 4851 2112 4906 Suessio-
2214 4863 2338 4918 ergo
2355 4849 2484 4904 ordo
2508 4851 2706 4905 orandi
2740 4857 2905 4922 atque
2942 4855 3220 4923 psallendi
3261 4873 3296 4910 a
3334 4860 3490 4916 nobis
3522 4879 3637 4932 per
3671 4881 3885 4922 omnem

485 4942 678 4998 nensis
701 4942 969 4997 eamdem
990 4943 1108 4997 fere
1129 4942 1598 4998 constitutionem
1623 4944 1798 4999 habet
1817 4944 2058 4998 articulo
2081 4948 2112 5000 3
2213 4945 2535 5012 Hispaniam
2559 4948 2608 5000 et
2635 4947 2870 5002 Galliam
2890 4955 3257 5017 conservetur;
3276 4967 3418 5008 unus
3441 4957 3648 5014 modus
3674 4963 3737 5016 in
3761 4966 3888 5017 mis-

482 5035 557 5089 ad
601 5052 734 5090 suos
778 5036 1100 5106 parochos:
1158 5059 1185 5086 «
1232 5037 1464 5104 Habete,
1514 5053 1727 5108 quaeso,
1772 5037 2020 5093 studium
2053 5037 2111 5093 in
2209 5051 2395 5091 sarum
2420 5038 2865 5103 solemnitatibus,
2880 5055 3019 5096 unus
3034 5044 3094 5096 in
3111 5048 3452 5114 vespertinis,
3469 5057 3886 5126 matutinisque

479 5129 732 5198 psalmos
757 5129 1063 5196 cantando,
1093 5130 1151 5184 in
1185 5129 1408 5185 divinos
1433 5129 1607 5184 libros
1636 5131 1906 5200 legendo,
1935 5131 1993 5185 in
2015 5149 2106 5186 ca-
2209 5131 2400 5198 ofﬁciis
2431 5145 2444 5185 :
2473 5146 2565 5186 nec
2590 5131 2805 5188 diversa
2825 5137 2896 5189 sit
2921 5135 3072 5190 ultra
3103 5139 3162 5190 in
3185 5139 3338 5194 nobis
3353 5141 3732 5203 ecclesiastica
3760 5167 3883 5204 con-

479 5220 717 5275 nonicas
742 5221 913 5275 horas
937 5223 1330 5290 custodiendo,
1355 5223 1412 5277 id
1431 5225 1517 5277 est
1535 5222 1810 5290 Primam,
1835 5223 2106 5293 Tertiam,
2208 5223 2450 5288 suetudo,
2473 5227 2604 5294 quia
2625 5242 2735 5282 una
2759 5227 2866 5295 ﬁde
2891 5231 3226 5285 continemur
3241 5238 3291 5286 et
3309 5248 3498 5302 regno.
3521 5240 3644 5294 Hoc
3664 5246 3812 5298 enim
3833 5250 3884 5299 et

477 5312 730 5379 Sextam,
755 5313 1056 5371 missarum
1090 5316 1430 5389 quotidiana
1449 5316 1832 5372 celebratione
1860 5319 2105 5387 Nonam,
2208 5319 2422 5386 antiqui
2442 5333 2668 5375 canones
2706 5321 3068 5386 decreverunt,
3112 5329 3176 5378 ut
3209 5341 3554 5398 unaquaeque
3573 5340 3880 5402 proxim-ia

475 5406 1488 5481 VesperasetCompletorium,atque
1501 5410 1838 5465 matutinale
1852 5412 2103 5466 ofﬁcium
2207 5414 2257 5463 et
2271 5411 2565 5480 psallendi,
2599 5418 2648 5468 et
2675 5416 3035 5470 ministrandi
3060 5433 3253 5487 parem
3282 5426 3741 5484 consuetudinem
3772 5433 3874 5486 ha-

477 5497 1198 5570 decantando;etinvitate
1225 5503 1606 5572 parochianos
1622 5506 1858 5573 vestros,
1887 5508 1949 5560 ut
1969 5505 2014 5559 si
2033 5505 2104 5560 ad
2209 5504 2346 5558 beat.
2385 5505 2500 5560 Hoc
2545 5505 2842 5562 decretum
2883 5509 3183 5564 conditum
3221 5516 3307 5566 est
3344 5531 3466 5570 non
3516 5521 3718 5578 solum
3767 5543 3873 5597 pro

471 5591 614 5647 alios
666 5611 860 5651 cursus
894 5595 1088 5651 venire
1148 5610 1264 5650 non
1309 5595 1616 5660 sufﬁciunt,
1660 5597 1863 5652 saltem
1903 5599 2105 5653 missas
2204 5597 2505 5667 Hispaniis,
2529 5600 2629 5654 sed
2651 5599 2825 5656 etiam
2842 5618 2946 5672 pro
2965 5603 3145 5658 Gallia
3165 5605 3715 5685 Narbonensi,quaa
3737 5591 3873 5675 tunc

471 5685 666 5742 audire
681 5687 1038 5760 frequentius
1057 5687 1342 5754 studeant,
1365 5687 1765 5757 etDominicis,
1789 5694 1959 5763 atque
1978 5691 2100 5748 aliis
2203 5689 2629 5761 Visigothorum
2657 5710 2840 5763 regno
2859 5695 3284 5752 continebatur.

469 5777 667 5835 diebus
690 5780 868 5846 festis,
892 5780 1186 5849 Vesperas,
1216 5780 1518 5836 Matu'tinas
1535 5784 1591 5835 et
1608 5781 1808 5837 missas
1828 5785 2098 5856 frequen-
2275 5787 2360 5838 50.
2395 5785 2500 5849 Qui
2523 5785 2636 5840 sint
2664 5785 2744 5839 illi
2771 5804 3022 5843 canones
3057 5807 3088 5842 a
3119 5791 3412 5848 Toletanis
3433 5798 3711 5858 Patribus
3741 5809 3865 5860 lau-

470 5873 591 5928 lare
633 5888 748 5928 non
789 5872 1251 5943 prietermittant.
1279 5896 1306 5923 ››
1332 5873 1538 5930 Primis
1563 5877 1826 5932 Ecclesia?
1858 5879 2097 5949 saeculis,
2203 5877 2340 5952 dati,
2373 5878 2748 5951 intelligimus
2777 5897 2844 5935 ex
2869 5881 3113 5940 decretis
3143 5885 3394 5944 aliorum
3439 5897 3864 5970 conciliorum,
