3970 6412
114 425 200 476 103
1205 421 1292 476 DE
1329 421 1543 478 CUItSU
1583 421 1754 477 αλιι

1856 419 1952 475 ΝΟ
1999 417 2410 486 ῡιδρυιδιτιο.

3371 417 3436 470 41)
3443 415 3473 469 6

111 543 318 601 nempe
374 526 760 585 Bracarensis
807 526 868 583 in
923 526 1234 596 Lusitania,
1267 527 1654 586 Gerundensis
1696 527 1756 584 in
1776 526 2168 612 ATuronensi
2197 523 2514 598 praemisso.
2539 524 2693 580 Hanc
2725 520 2882 579 enim
2909 539 3032 580 esse
3062 520 3224 580 istius
3253 520 3480 580 concilii

106 621 425 690 Catalania,
479 627 547 676 et
587 623 744 694 apud
779 623 970 678 Gallos
1006 621 1259 677 Venetici
1291 625 1350 676 et
1377 621 1750 693 Epaonensis.

110 717 192 772 Sic
220 715 404 771 habet
422 716 784 771 Meneticum
816 731 970 770 anno
995 716 1099 770 465
1119 715 1471 770 celebratum
1497 714 1557 770 in
1588 731 1756 770 cano-

112 827 178 863 ne
207 813 271 864 15
295 825 308 863 :
337 812 580 865 Rectum
608 824 819 879 quoque
843 809 1119 876 dumimus,
1147 813 1209 863 ut
1231 809 1316 862 vel
1341 810 1492 863 intra
1527 811 1751 878 provin-

111 907 240 957 ciam
271 905 532 958 nostram
562 918 840 957 sacrorum
881 902 1012 956 ordo
1037 907 1088 956 et
1111 902 1402 971 psallendi,
1415 917 1524 955 una
1543 903 1614 955 sit
1637 917 1755 956 con-

109 995 362 1061 suetudo;
399 999 456 1050 et
511 997 657 1050 sicut
705 1011 872 1050 unam
925 1010 1046 1048 cum
1097 996 1380 1049 Trinitatis
1430 995 1755 1061 confessione

110 1089 256 1158 ﬁdem
285 1091 560 1149 tenemus,
591 1102 760 1142 unam
797 1092 848 1141 et
885 1089 1172 1154 oﬂiciorum
1195 1088 1438 1155 regulam
1463 1091 1752 1154 teneamus,

110 1196 168 1234 ne
187 1181 414 1234 variata
441 1180 841 1240 observatione,
880 1181 940 1233 in
974 1180 1159 1248 aliqua
1196 1179 1403 1234 devotio
1435 1183 1621 1234 nostra
1648 1179 1755 1234 dis-

112 1288 320 1344 crepare
358 1273 654 1328 videatur.
701 1273 1039 1342 Epaonense
1087 1288 1242 1326 anno
1281 1275 1402 1338 517,
1443 1271 1504 1325 in
1532 1262 1753 1326 canone

113 1365 310 1434 27led
336 1365 678 1420 celebranda
703 1365 892 1420 divina
918 1367 1099 1433 ofﬁcia
1124 1363 1365 1419 ordinem
1389 1379 1544 1434 quem
1566 1369 1757 1420 metro-

113 1459 337 1530 politani
361 1462 577 1520 tenent,
604 1459 962 1528 provinciales
987 1458 1266 1512 observare
1289 1457 1570 1512 debebunt.

183 1555 265 1604 51.
303 1551 512 1621 Neque
541 1565 684 1605 vero
724 1551 911 1604 solum
954 1548 1014 1603 in
1053 1565 1398 1620 unaquaque
1441 1547 1751 1619 provincia,

119 1644 210 1697 sed
237 1643 420 1698 etiam
447 1643 510 1696 in
545 1645 673 1697 tota
697 1642 877 1698 Gallia
904 1641 1233 1696 communis
1260 1641 1497 1712 quidam
1517 1641 1659 1694 ritus
1680 1639 1756 1694 vi-

121 1735 300 1806 gebat,
331 1735 378 1789 si
408 1752 538 1790 non
571 1735 636 1788 in
683 1734 970 1802 omnibus,
1001 1735 1205 1788 saltem
1226 1733 1286 1787 in
1312 1733 1599 1804 plerisque
1623 1732 1752 1786 uni-

119 1827 332 1895 formis,
367 1827 470 1899 qui
504 1826 812 1882 communi
851 1825 1236 1897 appellatione
1283 1842 1480 1880 cursus
1513 1825 1752 1880 Gallica-

1856 625 2209 681 sententiam
2246 623 2556 696 persuadet
2579 624 2769 694 primo
2793 624 3026 678 Patrum
3059 624 3386 695 exemplum
3411 640 3480 680 ex

1851 719 2118 774 Cassiano
2147 718 2391 789 petitum
2416 717 2489 772 ad
2516 716 2881 788 probandum
2904 716 3208 772 duodecim
3233 718 3481 788 psalmo-

1852 829 1982 866 rum
2014 827 2325 866 numerum
2356 810 2508 882 apud
2524 809 2817 881 Egyptios
2841 809 3158 864 monachos
3181 812 3477 880 receptum

1854 909 1974 958 tam
2003 926 2031 954 «
2057 904 2116 958 in
2148 903 2463 970 nocturnis,
2493 925 2522 952 »
2553 919 2729 973 quam
2755 903 2861 956 «in
2886 901 3224 972 vespertinis
3237 918 3481 956 conven-

1852 998 2056 1052 ticulis.
2090 1019 2116 1046 »
2147 997 2364 1050 Deinde
2397 1011 2767 1066 nequaquam
2797 994 2916 1049 veri
2943 995 3133 1049 simile
3177 999 3262 1048 est
3290 996 3475 1049 solum

1853 1090 2112 1146 Laudum
2138 1089 2412 1155 ofﬁcium,
2445 1088 2672 1142 omissis
2701 1087 2964 1158 precibus
2994 1088 3307 1154 nocturnis,
3335 1089 3478 1142 aPa-

1855 1183 2034 1238 tribus
2061 1181 2404 1237 Turonensis
2429 1181 2632 1252 synodi
2659 1181 2832 1235 fuisse
2859 1180 3203 1234 institutum.
3243 1180 3330 1234 Ad
3357 1181 3478 1236 haec

1854 1276 1900 1330 is
1933 1293 2050 1330 non
2082 1278 2208 1330 erat
2244 1274 2502 1329 Laudum
2537 1273 2678 1328 ritus
2708 1291 2810 1344 per
2842 1273 2903 1328 id
2935 1277 3162 1344 tempus
3202 1273 3261 1328 in
3305 1273 3474 1329 Galli-

1853 1368 2009 1424 canis
2035 1367 2304 1434 ecclesiis,
2331 1366 2516 1438 qualis
2534 1366 2593 1420 in
2613 1383 2680 1420 eo
2707 1365 2946 1421 concilio
2969 1367 3312 1437 assignatur.
3331 1367 3476 1421 Nam

1853 1462 1927 1517 ad
1943 1461 2196 1516 ofﬁcium
2219 1459 2540 1530 «temporis
2563 1458 2830 1513 matutini
2852 1481 2878 1507 ››
2897 1475 2997 1512 seu
3019 1458 3277 1512 Laudum
3290 1459 3480 1513 Gallus

1850 1556 2238 1608 Arvernorum
2280 1553 2597 1624 episcopus,
2646 1551 2817 1606 morti
2865 1552 3176 1622 proximus,
3222 1551 3482 1606 recitavit

1856 1669 1883 1695 «
1914 1647 2202 1717 psalmum
2236 1644 2806 1716 quinquagesimum,
2837 1643 3346 1699 benedictionem»
3378 1660 3478 1697 seu

1853 1739 2139 1793 canticum
2167 1738 2343 1792 trium
2374 1754 2704 1808 puerorum,
2741 1740 2797 1790 et
2822 1758 2849 1785 «
2875 1735 3305 1791 Alleluiaticum
3336 1736 3480 1806 psal-

1857 1849 2040 1898 mum,
2073 1853 2100 1881 »
2150 1831 2207 1884 id
2233 1835 2320 1884 est
2366 1831 2654 1901 psalmum
2689 1845 2850 1883 CLVIII
2883 1833 2940 1883 et
2971 1829 3114 1883 duos
3153 1832 3478 1898 sequentes,

122 1938 218 1974 nus
247 1937 280 1974 a
305 1895 641 1990 majoribus
666 1895 1081 1974 nostrisdictus
1106 1921 1210 1985 est,
1240 1921 1304 1972 ut
1318 1917 1376 1971 in
1393 1916 1546 1971 Actis
1579 1916 1758 1971 sancti
1776 1895 1832 1967 B
1859 1925 1956 1994 qui
1983 1895 2223 1980 Ᾱιιειιιεα
2249 1939 2353 1993 pro
2369 1895 2539 1977 titulo
2562 1923 2798 1990 habent,
2827 1925 3074 1976 testante
3107 1895 3382 1992 Gregorio
3405 1921 3476 1975 de

123 2012 374 2068 Walarici
415 2012 691 2067 abbatis:
725 2034 752 2060 «
782 2006 1024 2067 Cursum
1055 2026 1188 2065 vero
1221 2013 1342 2064 tam
1375 2009 1756 2064 monasteria-

123 2108 248 2174 lem,
281 2122 464 2177 quam
489 2108 553 2159 et
585 2103 782 2177 420
813 2104 1170 2159 Gallicanum
1201 2119 1416 2172 magno
1449 2100 1636 2156 studio
1667 2101 1756 2155 in-

128 2198 453 2253 desinenter
493 2197 864 2252 observabat.
899 2219 926 2245 »
957 2196 1118 2250 Idem
1149 2195 1219 2249 de
1259 2197 1455 2249 sancto
1485 2193 1756 2250 Serenico

127 2291 345 2362 legitur,
379 2307 601 2361 nempe
631 2289 787 2360 quod
825 2310 852 2338 ‹‹
893 2289 1107 2358 absque
1151 2287 1424 2358 peculiari
1472 2285 1754 2357 supplica-

126 2385 290 2450 tione,
311 2385 655 2438 Romanum
675 2398 777 2437 seu
798 2381 1176 2448 Gallicanum,
1200 2396 1425 2434 necnon
1451 2382 1508 2433 et
1527 2381 1756 2434 Sancto-

129 2494 245 2531 rum
274 2475 574 2531 Benedicti
608 2478 667 2528 et
696 2473 1036 2529 Columbani
1073 2488 1303 2527 cursum
1335 2471 1490 2526 horis
1516 2470 1755 2541 singulis

131 2569 362 2623 Domino
407 2568 776 2622 decantaret.
809 2588 837 2615 »
867 2568 1064 2636 Itaque
1090 2564 1392 2620 Gallicana:
1419 2580 1621 2618 omnes
1649 2563 1750 2616 Ec-

132 2662 300 2716 clesim
330 2661 391 2716 in
421 2676 613 2715 unum
653 2659 908 2730 aliquem
938 2657 1178 2712 modum
1203 2655 1628 2727 conspirabant,
1657 2653 1752 2725 qui

133 2771 311 2808 cursus
339 2753 675 2808 Gallicanus
701 2751 1017 2806 dicebatur.

195 2851 274 2900 52.
314 2849 395 2901 De
428 2845 734 2900 nocturnis
762 2843 965 2899 officiis
992 2843 1048 2897 id
1079 2842 1278 2896 statuit
1303 2857 1457 2895 anno
1485 2843 1585 2895 567
1613 2856 1749 2895 con-

134 2939 310 2994 cilium
332 2941 674 2994 Turonense
708 2954 768 3002 ιι,
799 2951 1021 2990 canone
1050 2938 1111 2990 l8
1143 2949 1156 2990 :
1197 2937 1262 2990 Ut
1285 2936 1344 2988 in
1369 2934 1556 2989 diebus
1599 2934 1754 3000 festis

131 3033 198 3086 ad
217 3035 546 3088 Matutinum
567 3047 666 3086 sea:
689 3030 998 3098 antiphonz
1042 3029 1178 3082 binis
1223 3027 1451 3096 psalmis
1479 3026 1750 3096 eaplicen-

135 3129 275 3179 tur...
298 3125 606 3195 Septembri
617 3127 816 3194 septem
835 3122 1145 3191 antiphonae
1167 3121 1304 3174 binis
1321 3120 1578 3189 psalmis;
1608 3120 1754 3175 Octo-

1855 2017 1994 2070 Vitis
2017 2018 2252 2070 Patrum
2279 2033 2402 2085 cap.
2431 2020 2484 2068 '7.
2513 2017 2728 2068 Praeter
2753 2031 2821 2068 ea
2841 2014 2997 2067 idem
3017 2014 3326 2083 Gregorius
3352 2030 3482 2066 noc-

1855 2113 2054 2164 turnas
2079 2108 2288 2180 publici
2312 2107 2486 2162 ofﬁcii
2512 2123 2709 2178 preces
2737 2123 2854 2161 non
2879 2122 2994 2160 uno
3025 2105 3086 2159 in
3106 2107 3230 2160 loco
3255 2105 3478 2163 Matuti-

1855 2219 1958 2257 nas
1983 2203 2255 2272 appellat.
2283 2201 2507 2256 Primus
2533 2201 2691 2254 locus
2722 2202 2808 2252 est
2837 2199 2897 2252 in
2925 2198 3022 2252 lib.
3059 2199 3169 2252 ide
3198 2197 3478 2252 Miraculis

1856 2295 2036 2350 sancti
2059 2293 2285 2349 Martini
2313 2310 2436 2364 cap.
2467 2296 2534 2348 33
2568 2309 2582 2347 :
2619 2315 2647 2341 (ι
2675 2291 2865 2346 Tertia
2893 2295 3090 2346 autem
3121 2295 3308 2356 nocte,
3332 2294 3483 2361 post-

1855 2404 2028 2457 quam
2067 2386 2405 2441 advenimus
2455 2385 2530 2439 ad
2579 2388 2836 2439 sanctam
2879 2383 3194 2450 basilicam,
3245 2383 3482 2454 vigilare

1854 2477 2430 2550 disposuimus,|quod
2451 2481 2508 2531 et
2531 2477 2913 2547 implevimus.
2935 2498 2962 2525 ››
2978 2477 3087 2530 Has
3107 2475 3329 2546 vigilias
3349 2476 3481 2530 Gre-

1855 2572 2016 2642 gorio
2041 2587 2171 2626 cum
2197 2587 2298 2625 suo
2322 2569 2528 2624 clerico
2557 2569 2804 2639 privatas
2821 2568 2991 2622 fuisse
3007 2570 3232 2622 constat
3258 2585 3323 2622 ex
3348 2583 3485 2622 con-

1853 2667 2008 2718 textu
2051 2663 2416 2718 narrationis.
2462 2662 2624 2716 Mane
2666 2665 2861 2715 autem
2897 2662 3067 2727 facto,
3105 2659 3298 2714 subdit
3337 2661 3472 2714 Gre-

1854 2757 2068 2827 gorius,
2101 2756 2266 2826 signo
2293 2755 2367 2809 ad
2385 2753 2688 2809 Matutinas
2715 2756 3026 2818 commoto,
3050 2752 3260 2806 reversi
3284 2769 3479 2806 sumus

1853 2849 2188 2904 dormitum.
2213 2867 2242 2900 ››
2270 2849 2352 2902 En
2369 2847 2598 2917 signum
2621 2844 2812 2918 422
2833 2845 3191 2916 publicarum
3214 2844 3284 2898 de
3313 2847 3480 2898 nocte

1850 2958 2106 3012 precum,
2133 2957 2261 3010 quae
2289 2940 2378 2994 hic
2399 2939 2686 2994 Matutinze
2709 2941 3004 2992 vocantur.
3029 2938 3190 2991 Alter
3215 2937 3372 2991 locus
3395 2941 3480 2990 est

1852 3033 2005 3105 apud
2031 3033 2304 3088 eumdem
2345 3031 2683 3102 Gregorium
2728 3031 2785 3084 in
2830 3031 2928 3084 lib.
2967 3031 3038 3084 de
3081 3029 3219 3084 Vitis
3248 3031 3478 3084 Patrum

1851 3144 1974 3197 cap.
2004 3129 2055 3193 8,
2085 3125 2181 3179 ubi
2210 3125 2458 3180 Nicetius
2488 3123 2885 3194 Lugdunensis
2905 3122 3162 3189 antistes,
3194 3138 3326 3177 cum
3381 3122 3480 3176 ali-

137 3218 210 3270 bri
233 3223 340 3272 octo
364 3217 504 3272 binis
524 3217 788 3286 psalmis;
814 3215 1102 3272 Novembri
1110 3227 1294 3267 novem
1311 3213 1473 3266 ternis
1494 3211 1748 3280 psalmis;

139 3313 170 3325 ..
309 3311 322 3325 .
379 3313 390 3324 .
435 3311 453 3325 π
633 3314 646 3325 .
1117 3306 1365 3325 ._________._
1396 3308 1441 3325 ,Α
1469 3305 1747 3325 mnuum

1856 3218 2082 3290 quando
2116 3238 2144 3266 «
2169 3217 2592 3284 surrexissetad
2609 3215 2968 3282 Matutinum,
2990 3214 3324 3286 exspectatis
3345 3215 3482 3269 dua-

135 3311 390 3365 Deccmbri
411 3311 597 3364 decem
626 3311 792 3363 ternis
813 3308 1042 3378 psalmis
1059 3325 1076 3360 :
1104 3306 1369 3361 Januario
1389 3308 1441 3358 et
1462 3305 1751 3358 Februario
1775 3305 1826 3325 ν
1849 3312 1954 3366 bus
1978 3309 2328 3382 antiphonis,
2359 3325 2622 3380 egressus
2647 3308 2895 3380 (dicitur)
2926 3308 2984 3362 in
3010 3307 3347 3376 sacrarium;
3379 3307 3477 3361 ubi

134 3403 304 3457 itidem
323 3417 489 3472 usque
517 3403 597 3456 ad
619 3402 851 3456 Pascha.
878 3399 985 3455 Ubi
1023 3399 1210 3453 obiter
1248 3397 1500 3463 adverte,
1532 3412 1750 3450 annum

137 3494 383 3549 desinere
409 3495 471 3548 in
497 3494 738 3549 Pascha.
773 3492 885 3547 Sed
922 3491 1059 3562 quid
1085 3490 1193 3544 sibi
1216 3490 1415 3545 volunt
1442 3489 1560 3542 haec
1591 3487 1748 3542 simi-

137 3586 309 3656 liaque
338 3587 514 3641 verba
543 3603 558 3641 :
592 3587 701 3643 Sea:
725 3586 1037 3654 antiphonae
1065 3584 1202 3637 binis
1225 3583 1452 3652 psalmis
1479 3581 1748 3650 explicen-

136 3681 350 3732 tur?An
382 3679 578 3750 plures
619 3677 954 3748 antiphonse
985 3691 1160 3746 quam
1198 3673 1452 3728 Psalmi?
1481 3674 1598 3726 Imo
1629 3671 1752 3726 bini

136 3774 222 3824 aut
245 3771 390 3826 terni
418 3770 635 3842 psalmi
660 3786 765 3840 pro
797 3768 1035 3839 singulis
1063 3765 1410 3836 antiphonis.
1440 3765 1501 3818 Id
1520 3781 1586 3818 ex
1613 3781 1749 3818 con-

138 3865 493 3934 sequentibus
513 3863 878 3934 intelligitur,
903 3861 1000 3915 ubi
1015 3860 1264 3926 additur,
1289 3862 1350 3913 ut
1368 3859 1451 3913 vel
1477 3858 1753 3912 duodecim

134 3957 318 4025 psalmi
346 3957 732 4028 expediantur
754 3955 828 4009 ad
857 3953 1217 4008 Matutinum.
1250 3953 1398 4022 Ergo
1426 3951 1528 4005 sub
1555 3951 1749 4021 singu-

143 4048 200 4101 lis
230 4050 559 4120 antiphonis
585 4048 708 4103 bini
729 4047 942 4103 Psalmi
965 4045 1337 4100 canebantur.

203 4145 282 4196 53.
308 4143 456 4206 Quid
482 4144 682 4197 Patres
707 4139 912 4211 synodi
936 4137 1284 4195 Turononsis
1301 4135 1559 4192 Matutini
1585 4151 1748 4190 voca-

143 4234 260 4290 bulo
281 4235 369 4290 hic
385 4236 734 4307 signiﬁcent,
759 4250 876 4288 non
903 4233 1040 4286 levis
1063 4234 1147 4286 est
1161 4230 1483 4284 difﬁcultas.
1509 4227 1753 4292 Quidam

147 4327 281 4382 hunc
310 4329 498 4383 locum
521 4327 593 4382 de
614 4329 898 4382 nocturno
927 4324 1116 4380 ofﬁcio
1144 4323 1614 4392 interpretantur,
1634 4319 1755 4390 qui-

144 4419 264 4474 dam
287 4421 354 4475 de
377 4421 514 4476 solis
535 4419 824 4474 Laudibus
846 4417 1166 4481 matutinis,
1188 4431 1330 4486 quas
1347 4413 1755 4468 Matutinorum

147 4513 360 4568 nomine
374 4516 602 4568 sanctus
615 4510 957 4566 Benedictus
973 4509 1186 4580 aliique
1205 4510 1427 4562 veteres
1449 4505 1752 4576 designare

1852 3404 1990 3459 dum
2047 3403 2343 3469 resideret,
2386 3401 2661 3456 diaconus
2704 3399 3134 3470 responsorium
3189 3401 3476 3470 psalmum

1851 3513 2056 3551 canere
2085 3495 2274 3566 ccepit,
2303 3515 2332 3544 »
2361 3493 2637 3548 nimirum
2656 3496 2786 3564 post
2811 3493 3134 3547 lectionem.

1923 3590 2010 3644 54.
2039 3591 2234 3658 Itaque
2270 3586 2587 3641 secundum
2615 3585 3008 3656 praescriptum
3051 3584 3276 3640 concilii
3300 3585 3474 3638 Turo-

1853 3680 2062 3748 nensis,
2086 3679 2386 3734 duodecim
2398 3677 2706 3732 minimum
2727 3676 2982 3748 psalmis,
2999 3676 3362 3731 continenter
3373 3677 3476 3730 sub

1853 3791 1948 3828 sex
1969 3771 2300 3843 antiphonis
2329 3770 2598 3835 recitatis,
2633 3769 3016 3823 succedebant
3041 3768 3316 3822 lectiones
3345 3785 3476 3822 cum

1852 3866 1966 3921 suis
2009 3863 2406 3936 responsoriis.
2449 3864 2529 3917 De
2573 3879 2774 3916 mense
2806 3863 3063 3932 Augusto
3095 3860 3237 3916 nulli
3270 3861 3478 3931 psalmi

1851 3957 2312 4030 praescribuntur,
2340 3955 2440 4009 sed
2465 3955 2574 4010 hoc
2599 3957 2825 4009 tantum
2847 3971 2860 4008 :
2881 3957 3006 4010 Toto
3032 3955 3274 4023 Augusto
3299 3956 3477 4008 mani-

1851 4055 2082 4106 cationes
2105 4053 2260 4119 ﬁant,
2298 4051 2428 4118 quia
2483 4050 2803 4115 festivitates
2837 4052 2963 4102 sunt
3001 4051 3051 4102 et
3085 4049 3256 4102 missa:
3275 4052 3484 4102 sancto-

1851 4160 1990 4199 rum.
2024 4143 2208 4207 Quem
2246 4142 2436 4196 locum
2465 4140 2708 4212 explicat
2746 4139 3045 4194 Aimoinus
3070 4140 3130 4194 in
3160 4139 3257 4194 lib.
3293 4155 3353 4194 ιιι
3381 4140 3476 4194 Hi-

1853 4235 2042 4292 storiae
2069 4237 2436 4300 Francorum,
2467 4250 2593 4304 cap.
2625 4237 2684 4288 81
2723 4249 2736 4287 :
2769 4253 2798 4282 »
2826 4234 3002 4287 Porro
3035 4235 3154 4287 toto
3202 4233 3480 4303 Augusto,

1852 4332 2090 4400 propter
2128 4328 2358 4382 crebras
2397 4326 2750 4392 festivitates,
2785 4325 3202 4380 manicationes
3243 4325 3480 4379 fiebant.

1851 4421 2133 4477 Manicare
2161 4424 2354 4476 autem
2391 4437 2564 4476 mane
2599 4435 2838 4490 surgere
2870 4417 3094 4471 dicitur.
3131 4438 3158 4465 ‹‹
3189 4417 3302 4471 Sed
3343 4417 3482 4486 quid

1855 4512 2283 4584 consequentiae
2307 4517 2412 4578 est,
2436 4516 2499 4566 ut
2518 4511 2654 4582 quia
2673 4514 2794 4565 toto
2814 4510 3070 4579 Augusto
3087 4524 3258 4562 mane
3281 4524 3481 4578 surge-

146 4605 331 4660 solent.
357 4606 482 4660 lam
512 4605 774 4677 superius
800 4619 932 4675 pag.
965 4605 1066 4657 110
1107 4599 1508 4672 praemisimus,
1535 4597 1754 4652 Matuti-

1861 4607 2029 4660 batur
2047 4605 2120 4660 ob
2137 4605 2469 4674 frequentes
2489 4602 2845 4668 festivitates,
2865 4600 3006 4654 nulli
3020 4599 3226 4670 psalmi
3243 4599 3317 4654 ad
3331 4600 3486 4654 hunc

149 4713 273 4752 num
286 4697 1002 4767 seuhlatutinosambiguaa
1029 4711 1148 4750 esse
1172 4691 1626 4764 significationis,
1642 4707 1754 4761 quo

149 4799 363 4854 nomine
385 4800 698 4871 aliquando
731 4797 953 4853 Laudes
979 4796 1063 4867 (ut
1094 4793 1406 4863 vocamus),
1445 4791 1756 4863 aliquando

149 4889 336 4946 Prima:
377 4893 631 4948 officium
671 4890 1011 4963 exprimitur
1047 4888 1200 4959 apud
1237 4887 1601 4951 Cassianum;
1651 4883 1754 4938 ali-

150 4985 360 5052 quando
385 5002 520 5041 vero
547 4986 735 5057 ipsum
762 4988 1112 5040 nocturnum
1139 4980 1415 5058 officium,
1449 4977 1604 5049 quod
1630 4993 1752 5031 ma-

153 5076 332 5131 tutinis
359 5079 514 5134 horis
530 5076 811 5132 celebrari
833 5093 961 5130 mos
987 5078 1112 5129 erat
1131 5075 1190 5128 in
1222 5071 1534 5127 Dominicis
1558 5069 1760 5124 diebus

155 5172 202 5220 et
221 5169 366 5224 festis
379 5171 621 5226 minoris
638 5169 820 5243 421
854 5167 1256 5224 solemnitatis.
1281 5163 1530 5236 Duplicis
1548 5162 1760 5234 quippe

158 5264 362 5328 generis
382 5268 546 5320 erant
575 5267 869 5319 nocturna:
899 5277 1098 5332 preces
1131 5277 1144 5314 :
1178 5258 1302 5314 alia:
1331 5256 1549 5328 Vigiliae
1580 5255 1640 5309 in
1677 5270 1762 5308 so-

161 5353 507 5410 lemnioribus
525 5357 680 5411 festis
707 5355 949 5422 usitatae,
979 5355 1058 5406 sic
1084 5352 1271 5417 dictas,
1291 5349 1446 5421 quod
1465 5348 1537 5403 ab
1564 5348 1764 5402 ineun-

163 5448 228 5509 te,
253 5451 345 5502 aut
361 5453 512 5504 certe
533 5467 567 5504 a
583 5448 780 5503 media
803 5451 969 5502 nocte
983 5442 1452 5500 circiterinitium
1465 5441 1758 5505 ducerent;

164 5537 273 5593 alite
295 5541 576 5596 Matutine:
601 5541 663 5595 in
689 5539 956 5611 profestis
975 5541 1033 5592 et
1052 5535 1386 5600 Dominicis,
1420 5533 1624 5605 quibus
1644 5536 1761 5586 tar-

168 5629 275 5684 dius
302 5638 588 5688 nocturnae
619 5649 818 5704 preces
849 5630 1338 5702 persolvebantur.
1364 5627 1427 5681 In
1455 5627 1562 5681 hoc
1583 5624 1760 5696 signi-

169 5722 315 5778 ficatu
333 5726 670 5781 Matutinum
696 5723 938 5778 sumitur
958 5723 1017 5777 in
1038 5721 1278 5777 concilio
1295 5718 1600 5774 Venetensi
1624 5717 1766 5772 anni

177 5814 278 5880 165,
303 5834 512 5873 canone
544 5820 630 5885 14,
667 5815 762 5870 ubi
787 5815 1111 5888 praecipitur
1125 5818 1186 5868 ut
1209 5814 1390 5868 clerici
1412 5815 1507 5882 qui
1529 5814 1587 5865 in
1628 5812 1761 5864 civi-

194 5913 268 5962 ale
290 5911 486 5977 fuerint
503 5911 792 5968 matutinis
815 5909 1025 5981 hymnis
1051 5907 1329 5976 intersint;
1349 5909 1408 5963 et
1435 5904 1496 5961 in
1525 5901 1764 5962 concilio

1857 4713 2118 4754 mensem
2141 4697 2584 4767 prmscribantur
2601 4695 2629 4749 ‘l
2655 4695 2913 4749 Fortasse
2945 4693 3099 4763 quod
3129 4692 3318 4747 missu:
3353 4709 3482 4748 san-

1857 4795 2080 4847 ctorum
2107 4793 2242 4844 tunc
2263 4805 2489 4843 summo
2515 4803 2686 4842 mane
2713 4786 3041 4840 dicerentur
3065 4786 3138 4840 ob
3163 4785 3366 4839 messis
3390 4785 3521 4840 ne-'

1857 4885 2202 4939 cessitatem.
2226 4883 2370 4936 Nam
2417 4880 2750 4935 festivitates
2787 4879 2899 4932 illae
2923 4879 3210 4949 pleraeque
3239 4878 3488 4932 celebra-

1861 4977 2014 5032 tione
2057 4976 2248 5031 missze
2277 4974 2760 5029 terminabuntur.
2788 4970 3271 5042 Antiphonarium
3310 4971 3486 5026 Turo-

1861 5087 2037 5125 nense
2079 5071 2412 5124 recensetur
2447 5067 2600 5121 inter
2635 5066 2829 5130 libros,
2871 5080 3014 5135 quos
3046 5063 3240 5118 medio
3283 5064 3489 5119 saeculo

1860 5180 1956 5218 vm
1998 5162 2160 5217 Wido
2189 5161 2366 5217 abbas
2403 5157 2828 5215 Fontanellensi
2866 5157 3220 5211 monasterio
3255 5155 3492 5227 largitus

1861 5260 1966 5312 est.
1990 5254 2156 5320 Quod
2187 5254 2256 5308 de
2284 5253 2502 5309 mensis
2527 5251 2767 5323 Augusti
2793 5251 2982 5305 missis
3009 5249 3359 5320 quotidianis
3383 5253 3495 5304 tra-

1863 5347 1946 5402 dit
1973 5346 2300 5411 concilium,
2320 5347 2493 5415 longe
2522 5345 2738 5400 recedit
2765 5362 2798 5399 a
2823 5359 2982 5398 more
3009 5342 3492 5409 Cisterciensium,

1863 5441 1920 5495 id
1948 5443 2034 5494 est
2061 5438 2533 5503 Barbellensium,
2579 5439 2639 5492 in
2676 5437 2906 5492 dimcesi
2935 5435 3245 5492 Parisiensi
3289 5452 3493 5490 mona-

1863 5535 2102 5588 chorum
2135 5549 2148 5587 :
2173 5531 2272 5604 qui
2304 5553 2333 5582 «
2357 5530 2716 5586 messionum
2741 5533 3007 5600 tempore
3037 5529 3340 5583 cessabant
3361 5545 3394 5582 a
3410 5544 3495 5581 so-

1863 5627 2164 5680 lemnitate
2181 5625 2546 5691 missarum,»
2563 5622 2841 5694 quoniam
2857 5621 3199 5692 colligendis
3211 5619 3496 5690 segetibus

1867 5723 2032 5773 erant
2060 5719 2339 5789 occupati.
2389 5717 2665 5782 Quocirca
2685 5715 2986 5786 Philippus
3015 5716 3303 5784 Augustus
3331 5710 3490 5763 insti-

1867 5811 1973 5866 tuit
1998 5814 2060 5865 ut
2090 5811 2371 5882 «singulis
2397 5810 2598 5864 diebus
2627 5826 2820 5875 mane,
2845 5808 2902 5862 in
2931 5805 3254 5861 remedium
3276 5801 3486 5855 animae

1865 5903 2041 5976 patris
2078 5903 2165 5959 sui
2197 5903 2465 5961 Ludovici
2497 5905 2606 5971 VII,
2635 5902 2734 5974 qui
2761 5900 2886 5956 istic
2903 5898 3155 5970 sepultus
3181 5898 3283 5964 est,
3306 5913 3334 5944 «
3363 5892 3486 5948 Mis-
