3970 6422
452 415 552 477 407

1227 416 1557 472 ΑΡΡΕΝΒΙΧ
1596 419 1682 472 AD
1717 417 1942 472 OPERA
1978 413 2210 468 SANCTI
2247 415 2544 470 GERMANI
2581 415 3004 470 PABJSIENSIS.

3735 407 3850 466 408

449 543 642 584 sarum
673 525 950 582 solemnia
991 524 1437 579 celebrarentur.
1473 545 1500 574 ››
1547 523 1762 590 Quibus
1806 521 2070 595 peractis,
2098 535 2157 609 Α
2178 539 2338 591 num,
2372 523 2676 578 lectionem
2702 526 2760 576 et
2783 522 3135 594 capitellum.
3158 519 3264 576 Ubi
3281 518 3522 576 videsin
3552 518 3853 575 omnibus

453 643 481 671 ι‹
514 621 557 676 si
589 637 730 692 quas
756 619 1036 674 haberent
1061 634 1277 672 messes
1305 638 1330 667 ››
1357 617 1648 685 monachi,
1673 615 1864 690 423
1887 615 2075 687 quoti-

452 714 544 768 die
575 715 808 784 possent
837 711 946 765 illis
971 711 1259 766 metendis
1280 727 1518 781 operam
1547 710 1704 764 dare.
1731 731 1758 758 »
1791 709 1968 780 Hujus
1994 709 2080 763 rei

453 805 710 876 diploma
739 804 938 858 datum
968 807 1053 858 est
1083 821 1237 858 anno
1271 807 1423 870 1186,
1455 803 1672 857 editum
1707 803 1763 856 in
1793 801 1890 858 lib.
1923 819 1976 855 γι
2006 801 2076 855 de

450 899 530 953 Re
553 897 946 969 diplomatica.

521 995 608 1046 55.
651 991 738 1044 Ad
769 990 1001 1062 Vigilias
1035 1007 1133 1044 seu
1176 993 1484 1044 nocturnas
1528 1006 1726 1060 preces
1767 989 2074 1059 aliquando

444 1084 551 1155 ipsi
579 1083 848 1155 episcOpi,
879 1082 1184 1153 aliquando
1219 1082 1266 1135 is
1291 1082 1380 1136 cui
1408 1083 1528 1137 huic
1556 1083 1628 1136 ab
1655 1083 1738 1135 eis
1766 1081 2078 1136 commissa

442 1177 649 1244 fuerat,
677 1176 909 1231 clericos
935 1175 1275 1230 excitabant.
1311 1177 1390 1229 De
1413 1179 1608 1229 sancto
1647 1177 1934 1230 Germano
1969 1177 2072 1228 Pa-

440 1270 711 1325 risiorum
733 1268 1000 1340 episcopo
1027 1271 1368 1324 Fortunatus
1391 1268 1582 1334 tradit,
1599 1269 1657 1322 id
1679 1285 1782 1339 per
1801 1286 1858 1322 se
1885 1269 2072 1339 ipsum

442 1363 794 1435 praestitisse,
821 1365 885 1415 ut
911 1362 1170 1433 superius
1191 1361 1457 1416 vidimus.
1488 1361 1765 1416 Caesarius
1785 1363 2076 1416 Arelaten-

445 1457 518 1510 sis
559 1457 708 1510 hanc
759 1472 958 1510 curam
1003 1455 1296 1526 Stephano
1338 1455 1581 1510 diacono
1618 1455 1963 1524 injunxerat,
2009 1471 2073 1508 ex

443 1549 582 1604 Vita
611 1549 732 1618 ejus
760 1548 856 1602 lib.
891 1565 949 1614 ιι,
981 1565 1142 1602 num.
1171 1549 1223 1602 4.
1249 1548 1360 1612 Qui
1403 1547 1680 1602 Caesarius
1721 1547 1779 1601 id
1807 1548 2072 1601 observa-

442 1643 558 1708 bat,
592 1661 620 1690 ‹‹
648 1643 708 1695 ut
735 1642 920 1694 nullus
948 1657 1202 1707 suorum,
1234 1640 1330 1711 qui
1359 1657 1552 1694 secum
1575 1641 1908 1705 manebant,
1939 1644 2071 1694 ante

442 1735 646 1790 horam
677 1733 1002 1804 legitimam
1037 1733 1402 1788 excitaretur.
1429 1755 1456 1782 ››
1481 1735 1562 1786 Ita
1591 1735 1818 1786 sanctus
1840 1733 2075 1786 Benedi-

441 1831 566 1881 ctus
598 1827 852 1882 ofﬁcium
883 1825 1247 1897 signiﬁcandi
1279 1825 1453 1880 ofﬁcii
1485 1825 1661 1880 divini
1694 1825 1942 1896 imponit
1973 1825 2072 1878 ab-

2180 615 2380 671 ofﬁciis
2431 617 2714 686 hymnum
2759 615 2994 685 psalmis
3044 617 3102 668 et
3142 613 3478 685 antiphonis
3529 611 3849 684 postponi,

2181 726 2354 780 quem
2379 725 2482 764 nos
2495 709 2566 762 ad
2579 708 2828 763 Primam
2850 712 2908 762 et
2923 713 3040 762 tres
3057 708 3474 777 subsequentes
3486 707 3675 761 horas
3698 721 3856 776 pras-

2180 819 2395 874 ponere
2416 803 2686 857 solemus.
2709 801 3042 856 Lucernarii
3065 799 3340 867 ofﬁcium,
3369 803 3433 854 ut
3448 798 3850 854 Duodecimus

2177 896 2472 966 praevium,
2496 895 2889 950 celebrabalur
2913 911 2981 948 eo
3014 896 3281 964 tempore
3309 910 3423 964 quo
3451 894 3724 946 lucernae
3756 909 3852 946 ac-

2175 989 2571 1044 cendebantur
2592 988 2666 1042 ad
2695 987 3126 1053 Duodecimam,
3150 986 3208 1040 id
3236 989 3321 1040 est
3342 986 3418 1040 ad
3440 987 3765 1056 Vesperas.

2249 1086 2333 1136 59.
2364 1085 2426 1135 In
2455 1081 2680 1136 concilii
2715 1079 3062 1134 Turonensis
3091 1096 3315 1134 canone
3360 1079 3744 1150 praelaudato
3781 1079 3849 1132 ﬁt

2176 1175 2394 1230 mentio
2422 1175 2492 1229 de
2521 1175 2692 1230 Sexta
2707 1178 2763 1228 et
2785 1173 3160 1240 Duodecima,
3191 1189 3309 1227 non
3337 1172 3716 1239 deﬁniendo,
3739 1171 3850 1226 sed

2174 1269 2566 1339 comparando
2600 1267 2894 1338 utriusque
2933 1267 3122 1321 ofﬁcia
3151 1266 3222 1320 ab
3255 1266 3514 1336 antiquis
3561 1265 3850 1320 Patribus

2177 1361 2432 1415 instituta
2460 1359 2650 1432 425
2679 1377 2809 1414 cum
2836 1360 3131 1426 Matutino,
3161 1359 3323 1429 cujus
3366 1359 3634 1412 ofﬁcium
3673 1359 3739 1412 in
3773 1375 3846 1412 eo

2172 1454 2410 1509 concilio
2450 1455 2737 1508 deﬁnitur.
2768 1454 2858 1508 Sic
2889 1453 3099 1524 quippe
3127 1455 3631 1522 argumentantur
3662 1451 3849 1522 hujus

2173 1547 2394 1601 concilii
2415 1548 2610 1600 Patres
2641 1564 2653 1600 :
2699 1548 2837 1614 Quia
2865 1549 3091 1601 Patrum
3118 1550 3333 1601 statuta
3355 1551 3757 1616 prmccperunt
3783 1549 3848 1598 ut

2171 1641 2246 1694 ad
2279 1643 2496 1697 Semtam
2531 1656 2623 1694 sesc
2654 1641 2856 1710 psalmi
2889 1641 3145 1694 dicantur
3179 1654 3297 1694 cum
3334 1640 3616 1701 Alleluia,
3655 1643 3714 1694 et
3769 1639 3850 1692 ad

2172 1734 2544 1788 Duodecimam
2577 1733 2858 1787 duodecim
2877 1733 3082 1802 psalmi
3119 1735 3247 1786 item
3291 1748 3412 1786 cum
3437 1731 3722 1793 Alleluia,
3749 1747 3851 1786 cur

2175 1827 2250 1880 ad
2275 1828 2605 1881 Matutinum
2628 1841 2735 1879 non
2759 1827 2886 1879 item
2914 1827 3000 1879 vel
3023 1825 3302 1880 duodecim
3326 1826 3725 1895 explicentur?
3764 1825 3849 1878 Ex

442 1919 584 1987 bati,
618 1923 718 1973 aut
744 1919 1009 1990 diligenti
1039 1918 1207 1972 alicui
1235 1919 1540 1987 fratri,'_cui
1566 1918 1742 1972 abbas
1765 1917 1914 1972 vices
1945 1935 2073 1972 suas
2094 1897 2150 1969 B
2176 1917 2379 1988 quibus
2402 1917 2588 1971 verbis
2610 1917 2847 1971 dubium
2868 1922 2952 1972 est
2979 1935 3052 1971 an
3079 1917 3386 1971 concilium
3413 1917 3654 1970 statutis
3673 1920 3844 1971 vete-

443 2012 826 2067 commiserit.

515 2107 603 2159 56.
642 2104 960 2158 Concilium
995 2104 1366 2158 Narbonense
1397 2103 1536 2157 anni
1585 2105 1704 2170 589,
1747 2119 1970 2158 canone
2012 2108 2064 2169 2,

437 2196 716 2268 praecipit,
740 2200 804 2250 ut
831 2199 889 2251 in
909 2199 1016 2266 ﬁne
1045 2196 1294 2266 cujusque
1323 2197 1524 2266 psalmi
1553 2195 1736 2266 gloria
1763 2197 1998 2258 dicatur,
2019 2200 2070 2251 et

433 2306 534 2360 per
557 2291 852 2344 intervalla
894 2289 1177 2358 majorum.
1213 2291 1357 2343 Nam
1385 2289 1593 2359 psalmi
1632 2289 1966 2359 prolixiores
2009 2289 2066 2343 in

439 2382 581 2436 duas
625 2385 972 2452 pausationes
1006 2381 1426 2447 dividebantur,
1459 2385 1510 2436 et
1537 2397 1640 2452 per
1682 2397 2072 2452 quamcumque

431 2477 807 2545 pausationem
859 2476 1043 2532 Gloria
1090 2477 1375 2530 Trinitatis
1433 2476 1842 2530 decantabatur.
1903 2474 2067 2538 Quod

437 2567 610 2622 etiam
638 2567 836 2622 statuit
859 2571 1086 2622 sanctus
1116 2567 1474 2621 Benedictus.
1506 2567 1591 2621 Ad
1627 2567 1746 2621 haec
1773 2569 1922 2624 Sicut
1951 2571 2070 2622 erat

439 2663 567 2730 post
592 2661 778 2717 Gloria
821 2661 985 2714 addit
1031 2659 1338 2714 concilium
1384 2661 1630 2714 Vasense
1674 2677 1732 2724 ιι,
1766 2676 1985 2714 canone
2013 2663 2063 2713 5.

436 2753 698 2823 Denique
729 2756 936 2823 printer
961 2755 1182 2821 hymnos
1211 2755 1590 2809 Ambrosumos
1619 2752 1922 2807 concilium
1957 2753 2064 2806 Tu-

434 2862 682 2900 ronense
706 2861 744 2898 ΙΙ
771 2862 906 2899 mox
923 2845 1243 2909 laudatum,
1269 2861 1490 2899 canone
1513 2848 1600 2910 23,
1622 2845 1874 2899 admittit
1890 2845 2066 2899 etiam

437 2955 535 2992 eos
567 2936 667 3008 qui
691 2937 846 3006 digni
866 2941 994 2992 sunt
1017 2939 1196 3004 forma
1218 2940 1452 2992 cantari.

505 3033 590 3083 57.
619 3029 826 3084 Primae
857 3029 1110 3084 ofﬁcium
1139 3031 1372 3100 quando
1395 3030 1653 3100 primum
1683 3029 1740 3083 in
1771 3031 1948 3085 Gallia
1981 3048 2066 3085 re-

434 3125 667 3193 ceptum
707 3122 796 3187 sit,
823 3139 938 3177 non
967 3125 1208 3176 constat.
1243 3123 1564 3188 Cassianus,
1595 3123 1651 3175 in
1675 3123 1772 3177 lib.
1797 3139 1814 3176 Ι
1844 3125 2066 3178 Institu-

435 3215 682 3282 tionum,
712 3232 834 3285 cap.
877 3216 928 3280 4,
961 3217 1158 3269 auctor
1197 3218 1281 3268 est
1309 3216 1456 3269 hanc
1490 3237 1517 3264 «
1561 3215 1897 3270 Matutinam
1929 3216 2063 3287 (quo

438 3308 677 3362 nomine
717 3307 922 3362 Primze
959 3307 1212 3362 ofﬁcium
1259 3308 1548 3380 intelligit)
1588 3309 1645 3362 in
1692 3309 1942 3363 occiduis
1979 3311 2066 3364 vel

440 3401 689 3454 maxime
704 3399 1036 3472 regionibus
1049 3401 1412 3456 observatam
1437 3423 1464 3449 »
1496 3401 1687 3455 fuisse.
1705 3402 1869 3466 Quod
1899 3420 1971 3456 an
1995 3403 2065 3456 de

431 3493 612 3548 Gallia
641 3492 1088 3562 intelligendum
1125 3494 1216 3560 sit,
1251 3494 1513 3548 dubitare
1553 3495 1704 3561 licet,
1750 3512 1880 3549 cum
1909 3497 2066 3549 nulla

438 3585 656 3640 mentio
671 3585 876 3640 Prima
897 3587 998 3640 ﬁat
1019 3587 1076 3640 in
1104 3587 1510 3641 constitutione
1528 3587 1789 3658 lnjuriosi
1817 3588 2065 3658 episcopi

438 3679 801 3742 Turonensis,
837 3679 935 3749 qui
963 3679 1213 3733 Tertiam
1243 3684 1300 3732 et
1334 3681 1565 3734 Sextam
1617 3680 1879 3747 instituit,
1912 3683 2068 3736 nulla

433 3771 640 3825 Primae
663 3771 816 3826 fucta
829 3771 1322 3836 mentione.Quod
1334 3772 1511 3826 etiam
1731 3773 1802 3826 de
1819 3773 2064 3828 Cmsario

432 3863 746 3918 Arelatensi
761 3864 1021 3934 superius
1037 3863 1302 3917 vidimus.
1316 3865 1388 3917 At
1407 3865 1610 3935 reponi
1626 3869 1832 3936 potest,
1859 3867 2064 3920 Primae

435 3955 670 4026 quidem
687 3956 941 4010 ofﬁcium
957 3955 1157 4010 diebus
1170 3955 1557 4022 ferialibus,de
1572 3958 1776 4028 quibus
1789 3958 1907 4029 agit
1919 3959 2067 4029 lnju-

433 4049 570 4102 riosi
592 4048 946 4115 constitutio,
963 4065 1079 4102 non
1091 4047 1262 4102 fuisse
1278 4050 1689 4120 prmscriptum,
1705 4051 1807 4104 sed
1836 4055 2064 4105 tantum

434 4141 648 4195 festivis
678 4157 744 4194 ac
776 4141 1104 4196 Dominicis.
1139 4142 1302 4196 Certe
1329 4143 1608 4198 Caesarius
1649 4143 1708 4197 in
1739 4145 1940 4214 regula
1965 4161 2066 4200 sua

434 4233 524 4286 his
537 4234 671 4288 solis
693 4237 900 4304 praeter
927 4234 1241 4289 Sabbatum
1265 4236 1485 4302 diebus,
1510 4236 1727 4290 scilicet
1752 4237 2066 4306 majoribus

443 4326 604 4380 festis
625 4330 682 4380 et
708 4326 1038 4395 Dominicis,
1070 4329 1322 4383 Primam
1354 4328 1673 4400 praescribit
1710 4329 1796 4382 his
1833 4329 2018 4383 verbis
2050 4347 2062 4385 :

441 4419 714 4474 «Deinde
760 4419 1004 4486 dicenda
1043 4425 1129 4475 est
1176 4421 1370 4476 Prima
1407 4437 1538 4475 cum
1586 4421 1819 4490 psalmis
1867 4439 1980 4489 sex,
2011 4427 2067 4477 et

431 4512 701 4581 hymnus,
733 4514 1005 4581 Fulgentis
1045 4519 1234 4570 auctor
1273 4515 1484 4569 aetheris
1520 4530 1536 4566 :
1585 4514 1878 4569 Lectiones
1915 4516 2062 4582 duas,

2169 2028 2297 2065 rum
2327 2013 2560 2065 Patrum
2588 2010 2820 2080 (scilicet
2841 2010 3242 2076 Orientalium,
3271 2010 3342 2063 de
3367 2010 3585 2080 quibus
3608 2010 3846 2065 Cassia-

2171 2121 2276 2158 nus
2307 2103 2364 2156 in
2391 2103 2535 2157 libro
2571 2103 2631 2172 11)
2667 2103 2975 2158 adhaeserit
3018 2103 3075 2156 in
3119 2102 3471 2174 assignando
3525 2103 3733 2157 Sexta:
3783 2107 3842 2156 et

2169 2196 2531 2252 Duodecimas
2553 2196 2760 2251 ofﬁcio.

2240 2293 2326 2344 60.
2351 2289 2713 2343 Duodecimus
2737 2289 2988 2343 ofﬁcium
3005 2306 3037 2343 a
3053 2289 3448 2360 Completorio
3473 2289 3840 2344 distinctum

2169 2383 2338 2436 fuisse
2353 2385 2511 2453 patet
2523 2399 2588 2436 ex
2609 2383 2809 2452 regula
2823 2382 3136 2436 Aureliani.
3159 2383 3220 2436 In
3245 2382 3426 2437 veteri
3451 2383 3676 2437 Missali
3699 2385 3839 2439 Gal-

2169 2475 2353 2530 licano
2397 2476 2524 2529 duas
2568 2476 2898 2529 referuntur
2941 2475 3237 2529 orationes
3277 2492 3383 2546 pro
3431 2476 3840 2544 Duodecima,

2169 2585 2375 2638 nempe
2419 2585 2522 2638 pro
2571 2567 2788 2638 Vigiliis
2827 2568 3146 2622 Nativitatis
3187 2568 3418 2622 Domini
3456 2573 3515 2622 et
3558 2571 3839 2625 Paschse.

2167 2660 2452 2714 Posterior
2479 2661 2684 2714 horam
2717 2664 2899 2724 notat,
2929 2661 3112 2714 Deum
3168 2661 3567 2730 deprecando,
3608 2667 3680 2718 ut
3707 2680 3840 2718 ver-

2167 2759 2317 2824 gente
2327 2753 2414 2807 die
2427 2769 2623 2808 vocem
2636 2753 2858 2824 rugitus
2879 2753 3164 2820 exaudiat,
3183 2757 3238 2806 et
3249 2757 3674 2823 superveniente
3703 2757 3844 2810 cali-

2166 2849 2288 2916 gine
2321 2848 2486 2900 noctis
2529 2845 2728 2899 ﬁdeles
2772 2845 3002 2900 luminis
3041 2845 3126 2898 sui
3173 2846 3485 2916 splendore
3538 2847 3832 2903 illustret.

2167 2942 2362 3010 Itaque
2389 2943 2636 3008 vergente
2657 2939 2764 2999 die,
2781 2938 2837 2991 id
2866 2941 2953 2991 est
2972 2939 3114 2992 hora
3142 2938 3282 2992 lucis
3295 2939 3526 3006 ultima,
3547 2941 3669 2996 hoc
3706 2943 3841 2996 ofﬁ-

2167 3031 2316 3085 cium
2341 3031 2682 3085 celebratur.

2237 3128 2322 3178 61.
2352 3124 2627 3178 Cassarius
2657 3123 2730 3178 ad
2755 3124 3166 3178 Lucernarium
3191 3141 3293 3178 seu
3320 3127 3613 3196 Vesperas
3643 3128 3839 3183 bene-

2165 3217 2478 3272 dictionem
2505 3218 2716 3288 populo
2757 3217 3212 3287 impertiebatur,
3247 3235 3314 3271 ex
3343 3219 3485 3272 Vitas
3515 3220 3652 3289 ejus
3681 3222 3839 3277 libro

2169 3297 2226 3375 Ii,
2251 3326 2414 3363 num.
2444 3313 2507 3363 12
2538 3327 2550 3364 :
2576 3331 2602 3358 ‹‹
2631 3311 2864 3363 Factum
2895 3313 2981 3363 est
3011 3313 3072 3363 ut
3092 3311 3348 3380 quodam
3375 3314 3660 3383 tempore
3695 3332 3841 3386 qua-

2164 3407 2296 3457 tuor
2321 3403 2370 3456 ei
2399 3401 2650 3472 episcopi
2678 3402 2749 3456 ad
2784 3419 3082 3456 occursum
3111 3403 3400 3470 venirent,
3431 3421 3571 3459 cum
3614 3409 3839 3478 quibus

2166 3496 2237 3549 ad
2265 3495 2672 3548 Lucernarium
2700 3494 2772 3548 ad
2818 3495 3116 3549 basilicam
3156 3497 3339 3550 sancti
3383 3498 3685 3570 Stephani
3732 3502 3833 3556 de-

2167 3589 2404 3642 scendit.
2435 3589 2694 3658 Cumque
2722 3589 2945 3657 expleto
2967 3588 3314 3643 Lucernario
3337 3589 3836 3650 benedictionem

2166 3682 2374 3752 populo
2404 3681 2672 3747 dedisset,
2704 3703 2730 3728 ››
2763 3683 2869 3734 etc.
2903 3683 3117 3734 Praeter
3143 3698 3212 3735 ea
3243 3699 3393 3753 saepe
3425 3684 3714 3742 homilias
3734 3695 3837 3744 aut

2167 3775 2284 3845 ipse
2318 3773 2764 3828 «memoriter»
2802 3773 3100 3840 recitabat,
3129 3779 3246 3841 aut,
3297 3776 3342 3829 si
3389 3779 3640 3848 quando
3677 3784 3838 3836 vale-

2166 3867 2303 3921 tudo
2339 3883 2454 3921 non
2484 3867 2724 3932 sinebat,
2760 3883 2863 3937 per
2905 3867 3047 3921 alios
3091 3867 3321 3922 recitari
3369 3872 3644 3940 curabat,
3683 3878 3834 3942 tam,

2170 3980 2196 4007 ‹‹
2225 3960 2297 4013 ad
2316 3959 2636 4027 Matutinos,
2663 3979 2690 4008 »
2719 3975 2892 4030 quam
2919 3981 2946 4008 ‹‹
2970 3961 3043 4015 ad
3063 3961 3504 4032 Lucernarium,
3537 3970 3604 4020 ut
3633 3969 3838 4023 nullus

2167 4056 2332 4118 esset,
2363 4052 2458 4122 qui
2505 4069 2562 4106 se
2603 4053 2672 4106 de
2709 4053 3040 4124 ignorantia
3077 4058 3394 4110 excusaret.
3431 4078 3460 4106 »
3506 4060 3720 4132 Neque
3775 4063 3834 4116 id

2165 4147 2348 4200 solum
2392 4145 2592 4199 diebus
2621 4146 2854 4210 festivis,
2886 4146 2987 4200 sed
3029 4150 3086 4200 et
3129 4148 3426 4203 ferialibus
3473 4156 3832 4221 praestabat.

2167 4237 2394 4309 Legesis
2423 4238 2884 4293 admonitionem
2919 4239 2978 4293 in
3010 4257 3343 4296 sermonem
3372 4246 3442 4298 22
3471 4249 3836 4318 appendicis

2167 4347 2328 4386 novae
2355 4330 2804 4402 Augustinianze.
2853 4333 2933 4386 De
2963 4333 3070 4387 hac
3118 4333 3556 4406 benedictione,
3589 4357 3726 4410 quas
3761 4345 3836 4397 ab

2167 4424 2446 4496 episcopis
2487 4425 2573 4478 vel
2613 4425 2978 4496 priesbyteris
3019 4427 3077 4480 in
3117 4427 3235 4482 ﬁne
3281 4428 3717 4488 Matutinorum
3775 4441 3834 4490 et

2167 4519 2544 4588 Vesperarum
2567 4516 2830 4582 dabatur,
2854 4518 3137 4588 legendus
3164 4524 3250 4574 est
3273 4538 3464 4576 canon
3489 4527 3562 4580 3O
3589 4529 3832 4584 concilii

434 4621 545 4659 una
567 4605 637 4658 de
655 4605 864 4672 Veteri,
895 4606 1008 4661 alia
1035 4607 1105 4660 de
1137 4623 1284 4661 novo
1314 4608 1702 4674 Testamento,
1731 4611 1789 4661 et
1830 4609 2060 4679 capitel-
2083 4618 2142 4690 D
2165 4609 2524 4681 Agathensis.
2553 4613 2622 4664 Et
2649 4613 2779 4680 quia
2796 4615 3040 4666 convenit
3066 4614 3311 4669 ordinem
3338 4615 3540 4690 426
3571 4623 3837 4678 Ecclesiae

427 4697 566 4750 lum.
591 4699 707 4752 Hoc
739 4698 913 4753 modo
941 4699 1242 4754 Dominica
1273 4700 1358 4752 vel
1381 4700 1630 4755 Sabbato
1659 4702 1716 4753 et
1746 4701 2059 4770 majoribus

427 4788 824 4844 festivitatibus
854 4791 978 4845 ﬁeri
1006 4791 1196 4845 debet.
1232 4813 1259 4839 η
1291 4791 1457 4855 Quod
1485 4792 1530 4846 si
1553 4792 1828 4847 Caesarius
1856 4795 2058 4849 Primai

429 4881 682 4936 ofﬁcium
711 4883 1244 4938 sanctimonialibus
1266 4900 1368 4954 pro
1398 4884 1600 4938 diebus
1621 4885 1913 4941 ferialibus
1940 4905 2056 4942 non

425 4974 714 5046 imposuit,
756 4977 938 5031 multo
979 4977 1170 5030 minus
1210 4976 1463 5032 insolens
1518 4994 1638 5032 esse
1685 4979 1854 5034 debet
1902 4981 2057 5051 quod

423 5066 582 5121 idem
617 5068 673 5121 in
708 5069 945 5124 ecclesia
972 5086 1074 5124 sua
1103 5069 1438 5136 cathedrali,
1459 5070 1718 5142 itemque
1750 5073 2058 5142 lnjuriosus

428 5158 485 5212 in
523 5177 624 5214 sua
671 5159 810 5213 illud
854 5161 1076 5216 eisdem
1105 5163 1304 5217 diebus
1334 5165 1892 5234 praetermittendum
1923 5183 2056 5220 cen-

426 5253 663 5305 suerint.
682 5251 942 5307 Totidem
961 5256 1210 5323 psalmos
1233 5257 1592 5324 etlectiones,
1617 5275 1747 5312 cum
1767 5259 2053 5330 capitello,

427 5343 816 5414 eumdemque
844 5345 1124 5415 hymnum
1152 5349 1224 5403 ad
1248 5349 1500 5404 Primam
1533 5351 1778 5404 instituit
1795 5353 2052 5408 Aurelia-

425 5453 550 5501 nus,
576 5436 675 5490 sed
704 5453 833 5491 eam
863 5437 1060 5496 diebus
1089 5441 1328 5514 singulis
1350 5444 1670 5514 assignasse
1692 5443 1931 5499 videtur.

503 5531 587 5584 58.
630 5529 785 5584 Idem
812 5531 884 5586 ad
914 5533 1325 5606 subsequentes
1361 5537 1535 5589 horas
1577 5534 1752 5604 exigit
1791 5553 1884 5591 sex
1913 5540 2056 5608 psal-

425 5637 569 5687 mos,
604 5624 726 5676 tum
757 5628 884 5694 post
911 5626 1313 5698 autiphonam,
1337 5628 1642 5696 hymnum,
1669 5627 1973 5685 lectionem
1997 5635 2056 5684 et

425 5713 751 5784 rapitellum
772 5734 784 5780 ;
810 5718 882 5772 ad
901 5719 1312 5774 Lucernarium
1332 5719 1616 5788 psalmum
1634 5718 2048 5790 directaneum,

425 5807 790 5877 antiphonas,
807 5809 968 5876 duas,
987 5810 1290 5880 hymnum,
1307 5811 1700 5880 etcapitellum
1718 5829 1730 5877 ;
1747 5814 1818 5868 ad
1833 5815 2052 5870 Duode-

417 5897 629 5956 cimam
658 5901 909 5973 psalmos
957 5900 1161 5958 decem
1195 5906 1252 5960 et
1281 5906 1427 5973 octo,
1458 5903 1858 5978 autiphonam,
1885 5908 2048 5980 hym-

2159 4705 2226 4757 ab
2264 4704 2506 4757 omnibus
2525 4703 2808 4770 aequaliter
2836 4705 3119 4768 custodiri,
3139 4707 3476 4763 studendum
3517 4717 3626 4775 est,
3659 4722 3727 4769 ut
3751 4719 3831 4772 si-

2158 4801 2247 4851 cut
2270 4796 2465 4865 ubique
2491 4798 2571 4864 ﬁt,
2601 4799 2650 4849 et
2671 4800 2794 4866 post
2819 4799 3167 4867 antiphanas,
3214 4802 3570 4860 Collectiones
3599 4823 3711 4877 per
3738 4825 3832 4864 or-

2157 4889 2336 4944 dinem
2364 4889 2434 4944 ab
2461 4890 2718 4958 episcopis
2741 4890 2830 4943 vel
2851 4892 3200 4960 presbyteris
3223 4894 3521 4962 dicantur;
3549 4903 3608 4954 et
3636 4902 3838 4970 hymni

2156 4984 2416 5037 matutini
2436 4983 2521 5036 vel
2542 4985 2838 5051 vespertini
2859 4985 3047 5040 diebus
3071 4988 3320 5042 omnibus
3343 4988 3756 5060 decantentur;
3780 5003 3833 5050 et

2156 5077 2214 5129 in
2241 5076 2566 5130 conclusione
2594 5079 2991 5132 mat-utinamm
3024 5079 3112 5132 vel
3135 5083 3582 5150 vespertinan
3623 5092 3830 5145 missa-

2157 5184 2297 5230 rum,
2339 5173 2459 5238 post
2497 5169 2718 5236 hymnos
2765 5171 3024 5240 capitella
3057 5171 3122 5226 de
3160 5173 3392 5242 psalmis
3433 5176 3735 5248 dicantur,-
3779 5188 3832 5236 et

2149 5261 2302 5330 plebs
2333 5261 2552 5315 collecta
2590 5265 2830 5318 oratione
2866 5263 2940 5317 ad
2975 5279 3254 5334 vesperam
3287 5267 3358 5320 ab
3396 5271 3657 5342 episcopo
3705 5291 3828 5330 cum

2158 5353 2512 5408 benedictione
2542 5355 2876 5410 dimittatur.

2227 5449 2311 5500 62.
2344 5447 2470 5500 Haec
2489 5450 2620 5500 sunt
2644 5465 2769 5518 quae
2793 5448 2862 5502 de
2889 5465 3055 5503 cursu
3078 5450 3371 5507 Gallicano
3401 5457 3565 5526 apud
3591 5465 3827 5517 veteres

2155 5543 2418 5593 auctores
2448 5541 2749 5596 observare
2799 5543 3107 5611 potuimus.
3151 5544 3376 5602 Saeculo
3409 5565 3464 5602 1x
3499 5553 3824 5610 uniformis

2155 5648 2330 5702 penes
2351 5633 2582 5688 clericos
2605 5637 2731 5688 erat
2754 5635 3091 5704 psalmodim
3117 5637 3443 5708 disciplina,
3470 5647 3538 5698 ut
3556 5663 3630 5700 ex
3652 5650 3826 5703 Ama-

2153 5724 2276 5779 larii
2305 5727 2707 5796 supplemento
2737 5726 2810 5780 ad
2840 5727 3050 5781 librum
3069 5728 3138 5782 de
3159 5729 3368 5785 divinis
3385 5734 3633 5806 Ofﬁciis,
3661 5742 3818 5796 aliis-

2151 5835 2261 5886 que
2289 5818 2656 5889 scriptoribus
2695 5819 3088 5890 intelligimus.
3124 5822 3184 5876 ld
3216 5823 3440 5881 factum
3465 5845 3502 5883 a
3533 5834 3812 5904 tempore

2151 5927 2262 5983 quo
2289 5912 2496 5970 Paulus
2521 5928 2672 5986 papa
2709 5911 2769 5969 in
2807 5912 3048 5971 Galliam
3083 5917 3404 5977 transmisit
3442 5922 3820 5998 Antiphona—
