3970 6408
127 407 216 464 409

1201 413 1288 467 DE
1323 413 1540 469 CURSU
1577 413 1946 469 GALLICANO
1983 414 2392 482 DlSQUISITlO.

3349 411 3452 468 410

124 515 252 570 rium
277 513 632 582 Romanum,
662 514 822 586 cujus
846 519 1174 588 exemplum
1195 518 1515 576 Harduinus
1531 521 1731 575 Fonta-
1749 532 1809 606 Α
1826 519 2192 592 languentem
2217 535 2512 576 sacrorum
2537 519 2927 576 ministrorum
2947 518 3220 594 pietatem
3235 517 3454 592 legibus

120 607 266 662 uelle
282 607 534 682 reclusus
554 609 693 663 tunc
715 607 1076 680 descripsisse
1092 615 1469 667 memoratur.
1491 615 1738 668 Psalmo-

123 700 213 754 diae
235 699 429 765 ritum,
461 699 564 769 qui
599 699 772 754 hodie
800 717 1030 772 quoque
1064 702 1125 756 in
1159 705 1443 774 plerisque
1489 705 1736 760 ecclesiis

123 792 420 855 Gallicanis,
455 791 634 861 viget,
655 793 954 864 descripsit
978 795 1284 866 Gregorius
1306 799 1394 852 Vll
1411 798 1470 851 in
1497 799 1734 852 concilio

124 886 384 949 Romano,
445 883 610 954 cujus
650 885 945 940 decretum
996 887 1242 943 refertur
1293 889 1363 944 de
1407 890 1730 946 Consecrat.

125 977 234 1030 dist.
267 980 313 1040 5,
343 992 468 1046 cap.
505 979 568 1032 1n
593 977 700 1032 die.

133 1129 144 1136 ,
837 1071 868 1143 §
904 1073 989 1126 VI.

123 1164 182 1215 De
205 1161 522 1236 obligatione
549 1163 858 1236 clericorum
883 1165 959 1218 ad
981 1179 1192 1219 cursum
1211 1168 1474 1236 privatim
1497 1170 1728 1223 recitan-

345 1231 507 1297 dum,-
550 1235 646 1287 τιὸί
673 1234 739 1288 de
762 1235 1139 1291 itincrantibus
1163 1231 1482 1305 (st—inﬁrmis.

180 1348 257 1400 63.
289 1345 464 1400 Tanta
491 1346 834 1402 Christianis
853 1348 1120 1403 omnibus
1145 1350 1325 1404 Deum
1353 1351 1624 1420 precandi
1647 1368 1732 1405 ra-

119 1438 186 1491 tio
209 1440 261 1490 et
288 1438 602 1492 necessitas
638 1439 940 1506 incumbit,
981 1444 1040 1494 ut
1068 1441 1272 1511 jugem
1309 1446 1367 1496 et
1407 1459 1520 1498 non
1561 1443 1733 1496 inter.

123 1529 330 1583 missam
343 1530 415 1584 ab
429 1531 515 1584 eis
531 1531 858 1585 orationem
873 1532 1063 1603 exigat
1075 1535 1400 1604 Apostolus,
1421 1538 1727 1605 quantum-

119 1621 185 1674 vis
205 1621 432 1676 diversis
461 1624 796 1678 fluctuantis
827 1642 893 1678 ac
923 1625 1147 1678 miseras
1177 1625 1305 1679 vitae
1348 1626 1730 1682 incommodis

119 1730 171 1767 ac
195 1714 332 1768 curis
361 1715 780 1770 distrahantur.
809 1718 930 1770 Non
977 1717 1168 1771 minor
1210 1719 1330 1771 sine
1371 1719 1562 1785 dubio,
1609 1719 1728 1774 imo

120 1807 342 1861 strictior
369 1807 620 1862 assiduae
652 1809 1000 1879 precationis
1031 1810 1305 1880 obligatio
1336 1811 1569 1866 clericos
1599 1829 1726 1882 spe-

1836 611 2122 681 excitaret,
2149 617 2214 668 ut
2238 613 2439 668 saltem
2459 613 2675 685 aliquot
2687 613 2852 668 horas
2875 613 3352 668 divinislaudibus
3371 611 3457 666 in-

1835 708 2140 774 sumerent,
2154 722 2398 777 quorum
2418 706 2601 761 omnis
2617 706 2879 776 cogitatio
2893 705 2954 760 in
2967 707 3147 761 Deum
3175 709 3233 760 et
3255 706 3324 761 de
3338 706 3454 760 Deo

1835 812 1952 852 esse
1982 797 2224 853 deberet.
2257 798 2382 854 Sive
2409 814 2544 870 ergo
2583 815 2649 853 ea
2681 799 2772 853 lex
2811 803 2913 868 est,
2945 799 3060 853 sive
3082 798 3448 864 consuetudo,

1837 905 1951 958 qua
1978 890 2223 944 ministri
2249 891 2393 946 sacri
2415 891 2487 946 ad
2513 891 2824 946 recitandas
2851 891 3018 945 horas
3045 890 3341 945 canonicas
3365 893 3452 945 te-

1833 984 2058 1050 nentur,
2097 987 2284 1036 sancta
2321 987 2376 1037 et
2417 982 2748 1038 inviolabilis
2793 999 2912 1038 esse
2963 982 3175 1038 debet:
3209 998 3341 1038 cum
3383 981 3457 1036 sit

1833 1073 2096 1142 quaedam
2116 1073 2510 1146 interpretatio
2527 1075 2674 1146 juris
2693 1075 2890 1144 divini,
2918 1078 3152 1146 ortaque
3167 1075 3239 1129 sit
3253 1091 3323 1130 ex
3334 1075 3455 1145 ipsa

1832 1165 2167 1220 clericorum
2202 1167 2548 1234 conditione,
2595 1168 2694 1238 qui
2733 1167 2833 1222 toti
2877 1167 3067 1222 divino
3111 1167 3286 1222 cultui
3320 1168 3454 1221 sunt

1831 1257 2156 1328 mancipati.
2197 1258 2304 1314 Sed
2332 1259 2421 1312 his
2449 1260 2692 1325 omissis,
2721 1260 2832 1314 duo
2857 1259 3016 1314 nobis
3039 1260 3147 1314 hoc
3173 1260 3294 1315 loco
3335 1260 3448 1314 dis-

1831 1349 2107 1420 quirenda
2131 1353 2282 1406 sunt.
2317 1353 2520 1418 Unum,
2551 1367 2664 1422 quo
2690 1368 2759 1406 ex
2783 1357 3036 1423 tempore
3071 1353 3194 1407 haec
3231 1352 3448 1408 divino-

1834 1457 1963 1496 rum
1989 1441 2306 1497 ofﬁciorum
2337 1443 2555 1514 privata
2595 1445 2844 1499 recitatio
2871 1445 2932 1498 in
2961 1444 3198 1499 Ecclesia
3228 1429 3481 1518 recepta‘

1831 1533 1921 1601 sit,
1960 1535 2275 1604 prmsertim
2313 1535 2464 1605 apud
2505 1536 2705 1590 Gallos.
2748 1537 3022 1605 Alterum,
3069 1553 3184 1608 quo
3217 1537 3450 1594 demum

1829 1626 2029 1680 saeculo
2053 1626 2112 1680 in
2140 1627 2325 1698 legem
2349 1628 2584 1684 evaserit
2603 1629 2694 1684 hae
2719 1630 3083 1699 consuetudo,
3123 1635 3180 1685 et
3212 1647 3286 1684 an
3321 1631 3446 1686 fue-

1829 1717 1904 1771 rit
1929 1717 2021 1772 lex
2049 1717 2151 1772 illa
2179 1718 2474 1789 generalis.

1899 1813 1987 1864 65.
2016 1813 2195 1881 Atque
2219 1814 2284 1865 ut
2322 1828 2356 1864 a
2379 1811 2554 1882 priori
2591 1812 2882 1884 incipiam,
2929 1831 3046 1869 non
3077 1831 3192 1872 uno
3225 1815 3286 1870 in
3327 1815 3448 1870 loco

119 1903 232 1965 rtat,
254 1903 445 1971 utpote
470 1901 570 1971 qui
591 1902 757 1971 quasi
771 1901 1170 1972 quidaminter
1187 1903 1364 1958 Deum
1383 1907 1440 1957 et
1463 1902 1728 1958 homines
1747 1887 1804 1958 B
1827 1901 2133 1956 Venantius
2153 1903 2490 1958 Fortunatus
2507 1910 2802 1974 memorat,
2819 1906 3096 1962 Germano
3111 1907 3450 1962 Parisiorum

121 1993 392 2063 sequestri,
419 1992 660 2063 speciali
691 1993 853 2046 titulo
881 1993 1156 2063 Majestati
1189 1994 1391 2048 divinae
1415 1995 1729 2050 consecrati

120 2101 172 2137 ac
213 2084 518 2155 mancipati
553 2088 708 2150 sunt,
753 2089 924 2155 atque
971 2103 1005 2139 a
1051 2087 1293 2140 terrenis
1329 2087 1730 2142 sollicitudinis

119 2177 278 2247 magis
299 2175 486 2249 427
504 2176 676 2230 liberi
704 2180 760 2231 et
777 2177 1086 2232 immunes.
1105 2177 1466 2249 Quapropter
1487 2181 1730 2250 apostoli

119 2269 181 2322 sic
209 2269 446 2324 orationi
477 2286 608 2324 sese
643 2269 950 2324 adstrictos
977 2287 1098 2324 esse
1124 2271 1468 2337 sentiebant,
1515 2275 1595 2339 ut,
1637 2289 1727 2326 re-

117 2361 230 2414 licta
255 2361 507 2416 diaconis
529 2362 827 2416 inferioris
849 2363 1154 2418 ministerii
1177 2380 1332 2430 cura,
1358 2367 1507 2419 totos
1527 2381 1587 2418 se
1609 2381 1730 2434 pre-

119 2454 372 2526 cationiet
389 2454 792 2525 praedicationi
805 2455 966 2509 verbi
983 2455 1084 2509 Dei
1103 2456 1362 2510 addictos
1389 2457 1728 2526 proﬁteren-

119 2550 210 2599 tur.
241 2546 348 2600 Sed
376 2546 662 2618 quoniam
691 2547 949 2601 humana
974 2547 1353 2614 imbecillitas,
1387 2554 1557 2620 atque
1585 2549 1730 2603 adeo

121 2639 387 2710 multiplex
412 2641 654 2711 hujusce
676 2640 803 2694 vita!
824 2641 1132 2694 necessitas
1153 2657 1269 2694 non
1299 2641 1511 2711 patitur
1541 2645 1601 2695 ut
1626 2642 1728 2696 ho-

121 2732 284 2784 mines
307 2733 583 2786 continua
605 2732 819 2786 mentis
845 2732 1166 2788 intentione
1189 2733 1249 2786 in
1271 2734 1374 2788 Dei
1392 2733 1655 2788 laudibus
1676 2737 1734 2789 et

121 2825 351 2879 oratione
369 2827 757 2896 occupentur;
775 2824 894 2879 imo
917 2825 1092 2880 etiam
1106 2826 1222 2880 Deo
1234 2827 1421 2898 magis
1435 2830 1730 2897 acceptum

121 2917 179 2970 sit
204 2922 260 2970 ut
283 2919 469 2972 clerici
493 2918 627 2973 aliis
648 2917 868 2972 ordinis
911 2917 998 2971 sui
1047 2918 1266 2984 ofﬁciis,
1313 2936 1440 2990 qua:
1489 2919 1732 2990 proximi

119 3009 301 3064 caritas
329 3010 523 3081 exigit,
554 3009 879 3064 identidem
898 3010 1268 3076 incumbant;
1295 3011 1425 3065 ideo
1445 3011 1734 3066 «diversas

121 3102 298 3156 orandi
321 3104 513 3170 horas,
549 3125 578 3152 ››
604 3107 670 3157 ut
698 3103 1078 3173 Hieronymus
1116 3104 1189 3158 ad
1237 3103 1605 3158 Eustochium
1649 3106 1730 3160 lo-

121 3195 308 3264 quitur,
339 3219 366 3245 «
388 3197 610 3251 habere
637 3195 870 3261 debent,
902 3199 961 3249 ut
1002 3195 1048 3248 si
1093 3196 1241 3250 forte
1285 3195 1478 3266 aliquo
1520 3197 1736 3250 fuerint

120 3303 271 3357 opere
291 3289 538 3343 nimium
553 3287 798 3354 detenti,
820 3288 1008 3358 ipsum
1027 3305 1124 3342 eos
1136 3288 1210 3342 ad
1231 3289 1485 3343 ofﬁcium
1507 3292 1735 3360 tempus

119 3380 424 3436 admoneat.
451 3404 478 3430 ››
501 3383 694 3452 Atque
717 3381 824 3434 hoc
847 3380 1081 3434 demum
1096 3385 1264 3451 pacto
1277 3381 1433 3452 jugis
1459 3381 1736 3436 orationis

119 3477 442 3545 praeceptum
463 3475 712 3545 implere
739 3477 997 3544 possunt,
1023 3490 1090 3527 ex
1109 3474 1450 3543 Augustino,
1470 3496 1496 3524 ‹‹
1515 3473 1559 3528 si
1577 3476 1732 3528 nullo

117 3564 195 3619 die
222 3565 680 3622 intermittantur
704 3583 881 3636 opera
921 3565 1145 3620 orandi.
1176 3588 1203 3614 »
1241 3568 1434 3632 Porro,
1481 3569 1542 3620 ut
1575 3566 1732 3620 idem

117 3662 320 3712 sanctus
344 3661 558 3714 Doctor
585 3658 668 3712 ait
686 3659 747 3712 in
772 3658 1014 3729 cpistola
1043 3658 1116 3712 ad
1139 3659 1406 3725 Probam,
1431 3679 1458 3708 α
1479 3657 1608 3712 ideo
1631 3675 1734 3728 per

117 3755 252 3805 certa
277 3752 576 3808 intervalla
598 3753 872 3806 horarum
905 3768 970 3805 ac
990 3753 1318 3821 temporum
1343 3751 1520 3804 etiam
1547 3751 1734 3804 verbis

119 3859 370 3912 rogamus
390 3846 598 3911 Deum,
631 3846 694 3898 ut
713 3843 850 3914 ipsis
869 3861 1065 3898 rerum
1095 3843 1273 3913 signis
1300 3860 1404 3898 nos
1434 3843 1618 3898 acrius
1646 3860 1734 3897 ex-

115 3935 351 3992 citcmus.
379 3936 627 4008 Dignior
657 3935 818 3990 enim
852 3939 1126 4006 sequetur
1147 3935 1400 4001 effectus,
1425 3951 1598 4006 quem
1628 3935 1735 3988 fre-

119 4029 360 4096 quentior
384 4028 666 4101 praecedit
693 4029 950 4083 affectus.
978 4052 1004 4078 η
1201 4084 1210 4089 .

177 4123 255 4176 64.
288 4122 500 4177 Sancta
528 4123 654 4176 haec
681 4120 963 4176 institutio
986 4121 1126 4175 nulli
1153 4136 1268 4175 non
1295 4119 1604 4191 probatur:
1633 4121 1734 4174 sed

119 4212 294 4268 durior
318 4215 520 4269 multis
551 4214 784 4268 videtur
813 4213 911 4268 illa
938 4213 1214 4284 obligatio
1242 4229 1356 4283 qua
1385 4211 1488 4266 sub
1511 4211 1737 4266 lethalis

117 4307 311 4374 peccati
339 4322 512 4378 paena
537 4309 664 4362 haec
697 4306 1020 4362 divinorum
1059 4305 1380 4360 ofﬁciorum
1415 4304 1676 4359 recitatio
1700 4321 1735 4360 a

116 4399 270 4452 sacris
288 4400 570 4456 ministris
601 4399 864 4471 exigitur.
914 4399 1166 4454 Censent
1195 4397 1408 4469 quippe
1450 4396 1735 4468 ejusmodi

118 4488 361 4545 homines
386 4493 674 4548 novitiam
702 4492 851 4546 hanc
873 4507 996 4544 esse
1047 4489 1486 4560 obligationem,
1537 4488 1735 4560 priscis

1753 3239 1807 3312 C

1827 1991 2106 2063 episc0po,
2159 1993 2258 2064 qui
2298 1995 2487 2050 medio
2530 1997 2735 2050 saeculo
2779 2013 2832 2050 v1
2877 1998 3035 2066 vixit,
3087 1999 3240 2053 hunc
3279 1999 3450 2054 fuisse

1828 2099 2065 2153 morem,
2094 2090 2157 2140 ut
2180 2085 2572 2156 quotidianum
2603 2104 2834 2143 cursum
2866 2089 3124 2159 religiose
3165 2091 3448 2162 persolve-

1827 2180 1933 2231 ret.
1961 2177 2102 2230 Nam
2126 2177 2188 2231 in
2215 2177 2336 2248 ejus
2362 2178 2502 2233 Vitm
2529 2180 2714 2250 capite
2741 2183 2806 2236 63
2832 2181 3180 2237 mentionem
3213 2183 3345 2238 facit
3379 2183 3452 2237 de

1833 2288 1860 2316 «
1889 2272 2116 2322 cantato
2145 2285 2315 2324 cursu
2341 2269 2544 2324 Tertia:
2567 2292 2595 2320 ››
2626 2287 2731 2342 per
2743 2272 3110 2342 Germanum,
3132 2274 3192 2328 id
3215 2279 3299 2330 est
3315 2274 3454 2330 reci-

1829 2361 1979 2428 tato;
2008 2364 2064 2414 et
2089 2360 2404 2431 signantius
2429 2363 2610 2434 capite
2639 2367 2705 2418 76
2739 2383 2753 2419 :
2783 2386 2810 2414 «
2835 2365 2942 2428 Qui
2967 2367 3226 2437 equitans
3249 2366 3310 2421 in
3352 2367 3448 2421 iti-

1827 2467 1984 2520 nere,
2014 2451 2224 2524 inquit,
2256 2469 2480 2524 semper
2503 2455 2572 2509 de
2601 2457 2712 2510 Deo
2739 2455 2972 2528 aliquid,
3001 2462 3099 2514 aut
3123 2459 3290 2514 verbo
3315 2476 3450 2514 con-

1830 2543 1977 2612 tulit,
2005 2549 2103 2599 aut
2126 2546 2388 2614 cantavit,
2430 2563 2659 2602 cursum
2701 2548 2856 2604 nudo
2895 2550 3072 2620 capite
3099 2551 3308 2620 dicens,
3349 2551 3453 2606 etsi

1829 2635 1928 2690 nix
1951 2640 2049 2690 aut
2073 2636 2258 2692 imber
2281 2643 2530 2709 urgeret.
2563 2658 2592 2690 ι)
2621 2641 2925 2711 Gregorius
2954 2658 3087 2697 vero
3113 2644 3449 2698 Turonensis

1829 2726 1908 2782 ita
1931 2728 2123 2782 cursui
2149 2729 2436 2785 recitando
2463 2731 2634 2786 etiam
2657 2731 2908 2788 addictus
2937 2738 3075 2804 erat,
3101 2740 3163 2789 ut
3191 2756 3219 2785 «
3245 2752 3448 2806 exper-

1833 2819 2080 2889 gefactus
2109 2820 2254 2878 circa
2279 2822 2532 2878 medium
2548 2825 2746 2892 noctis,
2761 2825 2832 2880 ad
2851 2843 3080 2881 cursum
3101 2827 3453 2883 reddendum

1831 2915 2110 2983 surgeret,
2140 2935 2168 2961 »
2197 2913 2258 2968 in
2274 2914 2528 2970 Historiae
2553 2917 2650 2972 lib.
2677 2933 2798 2986 VIII,
2828 2935 2951 2989 cap.
2982 2923 3068 2974 l5.
3089 2918 3280 2992 429
3309 2921 3375 2974 Et
3392 2919 3455 2974 in

1829 3003 1930 3058 lib.
1955 3021 2008 3072 v,
2037 3021 2161 3076 cap.
2195 3010 2278 3074 t7,
2312 3023 2442 3061 cum
2464 3007 2512 3062 is
2536 3009 2687 3080 apud
2711 3009 2946 3066 Parisios
2963 3016 3280 3066 versaretur
3302 3017 3453 3068 tem-

1831 3112 1967 3166 pore
1994 3097 2211 3151 concilii
2241 3114 2254 3152 :
2287 3121 2314 3148 «
2333 3099 2408 3153 Ea
2424 3116 2552 3154 vero
2571 3105 2757 3170 nocte,
2779 3102 2984 3174 inquit,
3016 3103 3320 3158 decantatis
3347 3121 3452 3159 no-

1832 3189 2180 3243 cturnalibus
2206 3191 2455 3261 hymnis,
2491 3214 2517 3240 »
2545 3192 2602 3248 id
2628 3199 2712 3248 est
2735 3195 3002 3264 privatim
3030 3178 3297 3263 recitatis,
3328 3216 3356 3248 ‹‹
3373 3213 3456 3251 os-

1832 3279 1976 3335 tium
2013 3282 2319 3336 mansionis
2363 3288 2571 3338 nostrm
2617 3287 2880 3356 gravibus
2907 3287 3074 3342 audio
3131 3287 3457 3343 verberibus

1833 3373 1978 3444 cogi.
2015 3395 2043 3422 ››
2083 3374 2236 3428 Idem
2271 3375 2340 3430 de
2372 3392 2429 3430 se
2467 3377 2584 3448 ipse
2627 3383 2862 3433 testatur
2902 3379 2962 3434 in
3007 3380 3103 3435 lib.
3141 3397 3215 3446 1x,
3247 3383 3452 3452 cap.‘6.

1831 3466 2022 3536 Neque
2050 3465 2102 3520 id
2131 3467 2402 3537 peculiari
2441 3469 2714 3540 religione
2751 3471 3014 3541 faciebat,
3055 3473 3149 3527 sed
3189 3489 3256 3528 ex
3297 3489 3454 3528 more

1833 3557 2073 3612 aliorum
2101 3560 2474 3616 sacerdotum.
2503 3563 2642 3616 Nam
2667 3562 2726 3616 in
2754 3563 2898 3620 libro
2929 3564 2997 3619 de
3023 3564 3204 3619 Gloria
3243 3565 3456 3619 confes-

1833 3667 2023 3704 sorum
2049 3667 2169 3720 cap.
2197 3645 2287 3720 3'1,
2313 3653 2433 3722 agit
2457 3653 2526 3707 de
2565 3654 2812 3725 quodam
2853 3655 3199 3726 presbytero,
3251 3656 3349 3727 qui
3393 3657 3452 3711 in

1831 3742 2032 3798 itinere
2071 3742 2558 3813 constitutus,cum
2597 3747 2748 3816 apud
2793 3763 3099 3818 pauperem
3146 3749 3454 3820 quemdam

1831 3835 2142 3906 hospitatus
2165 3841 2330 3902 esset,
2378 3856 2406 3889 ‹(
2443 3838 2609 3909 juxta
2645 3856 2864 3895 morem
2896 3841 3247 3896 sacerdotum
3291 3847 3451 3897 nocte

1830 3927 1900 3982 ab
1927 3931 2104 3982 stratu
2129 3945 2229 3983 suo
2254 3931 2689 4001 consurrexisse,
2722 3936 2779 3986 et
2804 3933 3047 3988 orationi
3091 3933 3369 3989 adstitisse
3421 3956 3451 3984 »ι

1831 4019 2180 4090 perhibetur.
2221 4023 2376 4077 Unde
2423 4023 2482 4078 in
2522 4024 2619 4080 lib.
2659 4025 2728 4080 de
2769 4025 2906 4080 Vitis
2935 4028 3186 4095 Patrum,
3232 4043 3353 4098 cap.
3394 4031 3450 4096 7,

1832 4112 2130 4184 Gregorius
2151 4113 2517 4186 Lingonensis
2531 4118 2756 4188 pracsul,
2787 4140 2816 4168 «
2854 4122 3015 4174 nocte
3030 4119 3099 4175 de
3124 4123 3303 4175 stratu
3327 4136 3453 4189 suo,

1833 4205 1990 4260 nullo
2021 4205 2314 4278 sentiente,
2343 4225 2710 4280 consurgens,
2743 4211 2814 4266 ad
2830 4212 3162 4283 orationem,
3186 4214 3299 4268 Deo
3327 4217 3452 4270 tan-

1831 4301 1956 4352 tum
1982 4303 2141 4367 teste,
2168 4301 2472 4372 pergebat;
2505 4303 2646 4358 ostio
2671 4302 2935 4358 divinitus
2950 4310 3216 4372 reserato,
3243 4310 3456 4362 attente

1833 4390 2529 4464 psallebatinbaptisterio.
2553 4417 2581 4444 ››
2609 4397 2720 4450 Hoc
2739 4397 3116 4466 psallentium,
3142 4417 3170 4450 α
3186 4403 3456 4469 tanquam

1834 4483 2143 4538 multarum
2167 4501 2386 4554 vocum,
2401 4503 2503 4556 per
2519 4487 2693 4543 trium
2717 4488 2985 4543 horarum
3006 4494 3063 4544 et
3082 4490 3200 4544 fere
3214 4490 3456 4560 amplius

121 4584 454 4654 temporibus
488 4585 779 4655 ignotam,
825 4601 930 4638 nec
981 4584 1095 4636 una
1149 4582 1413 4636 Ecclesiae
1461 4581 1814 4669 universal)
1836 4575 2081 4645 spatium
2103 4576 2454 4632 audiebatur.
2485 4599 2512 4626 ››
2558 4580 2770 4648 Postea,
2819 4599 2847 4631 α
2885 4580 3117 4652 impleto
3149 4598 3335 4650 cursu,
3373 4599 3458 4638 re-

116 4674 231 4745 lege
253 4675 612 4748 impositam,
643 4677 744 4731 sed
765 4694 798 4730 a
820 4675 1170 4730 scholasticis
1196 4677 1253 4728 et
1273 4691 1307 4728 a
1327 4690 1562 4728 casuum
1591 4673 1738 4728 arbi-

118 4768 211 4820 tris
240 4769 558 4825 inductam.
587 4771 656 4824 Et
676 4769 912 4841 quidem
933 4768 1252 4840 optandum
1277 4769 1427 4821 esset
1447 4769 1507 4830 ut
1527 4766 1738 4822 Christi

121 4859 499 4917 ministrorum
527 4863 789 4918 voluntas
809 4861 890 4916 ita
906 4863 1108 4932 sponte
1137 4877 1239 4914 sua
1266 4861 1521 4914 curreret
1549 4859 1622 4914 ad
1648 4859 1733 4913 of-

120 4952 234 5008 ﬁcia
253 4955 504 5026 pietatis,
533 4959 595 5010 ut
624 4955 780 5009 nullo
812 4955 1006 5025 legum
1027 4953 1261 5008 stimulo
1285 4952 1590 5022 indigeret.
1623 4951 1736 5006 Sed

117 5046 260 5101 tanta
271 5051 354 5102 est
365 5047 704 5120 depravatio
717 5046 1386 5113 consuetudinum,tanta
1397 5044 1735 5116 Opinionum

115 5139 335 5208 vanitas,
369 5145 433 5195 ut
459 5143 658 5211 legum
689 5139 1038 5194 adminicula
1065 5137 1387 5192 necessaria
1419 5136 1532 5190 sint
1555 5137 1627 5192 ad
1653 5153 1738 5191 re-

117 5233 384 5288 vocandos
409 5235 600 5288 bonos
627 5249 842 5298 mores,
872 5250 943 5286 ne
974 5231 1203 5303 penitus
1225 5231 1551 5294 intereant;
1587 5233 1643 5284 et
1663 5229 1738 5284 ad

119 5323 464 5380 retinendam
485 5327 790 5397 pietatem,
811 5323 1002 5397 428
1033 5341 1105 5378 ne
1133 5323 1237 5378 Dei
1263 5322 1469 5378 oblivio
1497 5321 1735 5376 tandem

118 5415 322 5472 animos
362 5420 624 5490 occupet.
665 5417 828 5480 Quod
860 5434 997 5471 sane
1025 5432 1380 5487 magnopere
1410 5414 1735 5469 timendum

119 5513 247 5562 esset
275 5511 345 5564 de
375 5511 575 5565 multis
607 5526 834 5574 eorum,
863 5509 961 5580 qui
991 5509 1184 5563 divino
1199 5507 1371 5563 cultui
1401 5507 1733 5578 mancipati,

119 5598 186 5652 ita
201 5617 387 5657 rerum
403 5601 669 5657 saeculari
678 5617 772 5654 um
787 5601 934 5655 curis
951 5619 1017 5656 ac
1039 5599 1341 5656 desideriis
1355 5599 1733 5668 abripiuntur,

121 5694 172 5743 ut
194 5693 293 5748 nisi
324 5695 397 5749 ad
427 5696 616 5749 Deum
641 5693 994 5764 precandum
1022 5692 1272 5764 quadam
1300 5692 1426 5760 lege
1454 5690 1734 5745 admone-

119 5788 317 5854 rentur,
339 5787 531 5842 minus
553 5786 629 5841 de
649 5786 766 5838 Deo
787 5785 1089 5855 cogitaturi
1106 5786 1296 5838 essent
1315 5799 1488 5854 quam
1511 5781 1619 5852 ipsi
1640 5799 1736 5836 sas-

121 5877 339 5934 cularcs.
367 5882 568 5952 Itaque
588 5877 667 5932 ad
697 5877 950 5932 Ecclesia:
977 5876 1314 5946 religionem
1337 5873 1658 5946 pertinebat
1677 5878 1737 5930 ut

1837 4671 2056 4722 vertens
2077 4669 2148 4724 ad
2177 4669 2465 4740 lectulum,
2497 4670 2575 4725 ita
2601 4688 2657 4726 se
2684 4677 2844 4728 caute
2884 4689 3056 4744 super
3095 4679 3334 4730 stratum
3359 4675 3460 4731 de-

1837 4763 2099 4834 ponebat,
2126 4767 2193 4818 ut
2223 4781 2451 4835 prorsus
2474 4782 2643 4820 nemo
2669 4767 2922 4824 sentiret.
2951 4790 2978 4816 ››
3011 4769 3259 4841 Denique
3288 4769 3459 4844 (quod

1835 4855 2080 4911 maxime
2106 4857 2178 4912 ad
2205 4873 2328 4912 rem
2359 4858 2507 4929 facit)
2533 4860 2834 4931 Gregorius
2861 4862 3198 4917 Turonensis
3237 4862 3460 4921 Salonio

1836 4953 1892 5002 et
1914 4948 2212 5020 Sagittario
2238 4947 2532 5023 episcopis,
2573 4953 2728 5024 quod
2753 4970 2982 5009 cursum
3021 4971 3241 5010 sacrum
3272 4957 3457 5028 negli-

1837 5045 2056 5110 gerent,
2085 5042 2223 5097 vitio
2241 5044 2407 5099 vertit
2431 5044 2488 5098 in
2509 5044 2608 5100 lib.
2638 5062 2688 5112 v,
2717 5063 2840 5116 cap.
2859 5049 2921 5101 2i
2947 5062 3008 5100 :«
3037 5047 3202 5101 Nulla
3230 5064 3462 5119 prorsus

1836 5132 1904 5186 de
1929 5134 2041 5188 Deo
2065 5139 2183 5190 erat
2209 5136 2443 5202 mentio,
2470 5137 2661 5192 nullus
2683 5139 2914 5194 omnino
2949 5155 3146 5194 cursus
3172 5141 3461 5197 memorias
3543 5209 3554 5216 ‘

1836 5225 2164 5282 habebatur.
2188 5249 2216 5275 ››

1907 5320 1992 5372 66.
2010 5319 2288 5374 Incertum
2299 5337 2411 5392 quo
2421 5327 2678 5395 tempore
2707 5323 3046 5380 celebratum
3071 5325 3144 5381 sit
3164 5327 3465 5384 concilium

1837 5412 2229 5480 Namnetense,
2259 5414 2420 5485 cujus
2443 5431 2720 5471 canonem
2751 5421 2815 5472 16
2846 5417 3074 5474 adducit
3099 5419 3329 5476 ineunte
3355 5438 3461 5476 sas-

1836 5509 1964 5560 cuto
1994 5521 2024 5562 x
2052 5505 2268 5578 Regino
2289 5507 2458 5560 abbas
2481 5508 2826 5564 Prumiensis
2848 5511 2907 5564 in
2933 5511 3034 5566 lib.
3067 5529 3106 5580 ι,
3139 5529 3264 5584 cap.
3307 5517 3412 5569 208
3443 5532 3457 5570 :

1832 5599 2132 5668 Presbyter,
2155 5615 2310 5654 mane
2335 5602 2652 5655 matutinali
2666 5603 2840 5671 ofﬁcio
2862 5605 3091 5674 captato,
3109 5621 3332 5674 pensum
3354 5621 3463 5660 ser-

1834 5693 2023 5746 vitutis
2049 5707 2160 5746 suae
2181 5693 2416 5748 canendo
2444 5693 2521 5762 (id
2563 5698 2646 5748 est
2689 5694 2990 5766 recitando)
3027 5699 3286 5758 Primam,
3327 5699 3456 5750 Ter-

1836 5785 1988 5845 tiam,
2013 5785 2252 5848 Sectam,
2281 5789 2594 5856 Nonamque
2627 5788 2918 5857 persolvat,
2959 5791 3086 5853 etc.,
3125 5803 3251 5857 quas
3297 5801 3460 5856 supe-

1835 5875 1950 5930 rius
1973 5875 2288 5934 retulimus.
2307 5877 2665 5933 Particularis
2689 5879 2920 5950 quidem
2933 5879 3056 5932 haec
3071 5875 3322 5946 Synodus
3350 5881 3452 5942 est,
