3970 6412
449 395 545 456 »ΞΗ

1226 395 1558 452 ΑΡΡΕΝΒΙΧ
1592 394 1680 450 AD
1717 393 1936 450 OPERA
1972 393 2206 450 SANCTI
2242 393 2542 451 GERMANI
2578 390 3006 448 PARJSIENSIS.

3730 380 3847 436 412

445 528 563 570 non
590 510 916 569 universalis
943 525 956 566 :
991 511 1086 567 sed
1112 514 1304 566 tamen
1330 508 1452 582 ejus
1479 507 1778 564 auctoritas
1815 507 1961 563 valet
1997 506 2068 563 ad
2091 523 2149 593 Α
2169 508 2503 564 censebatur
2534 503 2864 578 gravissima
2897 501 2992 558 illa
3029 495 3323 572 obligatio,
3361 509 3486 552 non
3530 491 3653 593 pia
3684 490 3850 593 meri

447 605 791 679 probandam
832 603 1086 660 Ecclesiae
1129 608 1264 658 tunc
1301 603 1572 675 temporis
1608 601 2071 657 consuetudinem

446 717 510 754 ac
533 700 741 770 legem.
777 697 1130 769 Suﬁ'ragatur
1168 697 1610 768 Chrodegangus
1660 695 1941 751 Mettensis
1977 711 2073 748 an-

445 793 602 846 tistes
627 795 752 862 post
775 791 1025 847 medium
1053 791 1320 845 saeculum
1349 789 1548 862 430
1578 805 1694 843 νηί.
1743 790 1792 842 ls
1821 789 1972 843 enim
2013 787 2074 842 in

446 885 660 954 regulae
686 884 968 939 canonicis
994 884 1339 955 praescriptas
1376 900 1500 954 cap.
1544 885 1612 937 27
1657 882 1732 936 ita
1769 881 2026 953 praecipit
2057 897 2070 936 :

452 994 478 1023 α
509 972 861 1044 Quicumque
894 989 962 1028 ex
989 973 1135 1028 clero
1172 973 1231 1026 in
1272 971 1471 1026 itinere
1509 987 1638 1025 cum
1685 971 1944 1042 episcopo
1989 969 2076 1024 vel

449 1083 578 1122 cum
605 1067 716 1122 alio
741 1067 1193 1138 proﬁciscuntur,
1215 1065 1473 1119 ordinem
1496 1080 1685 1134 suum,
1713 1064 1771 1118 in
1799 1067 2078 1134 quantum

449 1160 556 1215 iter
579 1161 665 1214 vel
695 1159 837 1214 ratio
864 1159 1204 1230 permiserit,
1236 1173 1352 1212 non
1375 1157 1705 1229 negligant;
1735 1161 1792 1211 et
1829 1173 1945 1210 non
1985 1171 2079 1210 eos

451 1254 660 1308 debent
696 1253 983 1324 praeterire
1020 1252 1177 1306 horae
1217 1251 1554 1318 constituta,
1601 1253 1718 1304 tam
1763 1250 1832 1304 de
1883 1248 2079 1303 ofﬁciis

451 1347 654 1401 divinis
681 1363 851 1416 quam
865 1345 1112 1400 aliunde.
1135 1367 1162 1393 »
1184 1345 1376 1415 Neque
1397 1344 1453 1398 id
1477 1343 1664 1398 solum
1690 1343 1768 1414 pii
1797 1341 1998 1396 moniti
2025 1344 2082 1396 et

453 1440 669 1494 consilii
685 1439 862 1494 instar
880 1442 1019 1505 erat,
1048 1438 1146 1493 sed
1165 1438 1241 1492 ita
1265 1440 1617 1508 praeceptum
1633 1436 1992 1504 censebatur,
2019 1437 2083 1488 ut

454 1533 552 1604 qui
601 1549 758 1587 secus
807 1533 1085 1599 fecissent,
1132 1531 1346 1601 peccati
1405 1547 1462 1584 se
1513 1546 1638 1584 reos
1686 1532 2078 1600 agnoscerent.

455 1627 610 1681 Unde
650 1625 934 1692 Alcuinus,
963 1625 1024 1679 in
1061 1625 1304 1678 formula
1340 1623 1718 1688 confessionis,
1762 1622 1868 1676 col.
1922 1623 2018 1675 166
2064 1636 2078 1674 :

461 1741 486 1768 ‹‹
513 1719 739 1774 Peccavi
755 1719 912 1800 quod
932 1718 1225 1788 negligens
1239 1717 1323 1771 fui
1344 1717 1412 1771 de
1431 1732 1558 1770 meo
1571 1731 1760 1784 cursu,
1784 1730 1956 1786 quem
1983 1729 2086 1784 per

456 1813 621 1866 horas
648 1812 940 1866 canonicas
959 1811 1245 1866 exsolvere
1275 1811 1479 1879 debui;
1510 1813 1567 1864 et
1593 1809 1663 1864 de
1693 1824 1821 1864 mea
1847 1807 2085 1878 psalmo-

455 1905 564 1972 dia,
595 1910 651 1960 et
673 1906 742 1960 de
770 1905 912 1960 meis
937 1903 1310 1972 orationibus,
1344 1907 1450 1958 etc.
1485 1921 1513 1954 »

529 2002 617 2052 67.
647 1998 863 2053 Seeculo
889 2013 942 2052 ix
969 1997 1200 2050 ineunte
1228 1995 1505 2049 scribebat
1543 1997 1739 2048 auctor
1769 1992 1886 2058 ille,
1926 1991 2087 2061 cujus

459 2091 671 2146 librum
695 2091 763 2145 de
785 2090 1174 2144 Benedictione
1205 2088 1300 2143 Dei
1323 2087 1624 2144 Stevartius
1645 2085 1837 2153 edidit,
1865 2101 2085 2139 nuncu-

460 2187 657 2256 patum
687 2183 984 2236 Bathurico
1013 2183 1271 2252 episcopo
1301 2179 1706 2251 Ratisponensi.
1737 2180 1832 2233 Hic
1868 2195 1998 2233 vero
2030 2178 2089 2233 in

461 2275 793 2349 praefatione
818 2292 919 2330 sua
943 2275 1119 2346 carpit
1143 2273 1444 2328 nonnullos
1465 2273 1776 2328 sacerdotes
1803 2277 1858 2326 et
1883 2271 2092 2342 episco-

462 2387 584 2442 pos,
613 2369 733 2440 qui,
767 2373 829 2423 ut
853 2369 1085 2423 liberius
1113 2367 1280 2440 genio
1307 2367 1605 2438 indulgere
1635 2365 1870 2436 possint,
1900 2365 2090 2435 prius-

461 2479 631 2536 quam
658 2462 968 2517 dormitum
989 2465 1138 2529 eant,
1172 2483 1199 2510 «
1227 2465 1528 2514 nocturnas
1547 2459 1774 2528 Vigilias
1817 2457 2091 2513 desidiose

461 2557 854 2628 persolventes,
888 2558 1068 2610 stratu
1096 2570 1228 2608 mox
1272 2553 1570 2608 decubant.
1617 2552 1920 2622 Surgentes
1960 2565 2092 2604 vero

462 2649 600 2704 dum
617 2665 676 2703 se
699 2649 947 2702 vestibus
987 2647 1251 2715 induunt,
1293 2645 1495 2700 diurna
1536 2647 1822 2715 peragunt
1863 2642 2089 2697 ofﬁcia:

461 2744 723 2812 putantes
753 2740 860 2794 sibi
889 2739 1144 2794 sufﬁcere
1171 2755 1343 2809 pssse,
1364 2738 1410 2792 si
1436 2738 1634 2792 saltem
1662 2752 1893 2806 quoquo
1927 2735 2094 2788 modo

461 2835 556 2889 illa
581 2834 897 2901 decantent,
931 2852 958 2882 »
988 2832 1044 2886 id
1071 2837 1152 2886 est
1171 2831 1424 2885 recitent.
1476 2850 1503 2878 ‹‹
1549 2828 1736 2900 Ignari
1772 2827 1905 2899 quia
1941 2827 2096 2881 horae

465 2929 597 2980 sunt
621 2925 681 2980 in
713 2930 900 2979 sancta
926 2923 1166 2979 Ecclesia
1206 2922 1543 2991 constitutae,
1583 2921 1790 2992 quibus
1823 2937 1927 2991 per
1947 2920 2097 2974 diem

467 3024 524 3074 et
545 3022 768 3073 noctem
812 3017 1014 3071 divina:
1045 3015 1328 3070 servitutis
1361 3014 1544 3068 ofﬁcia
1586 3013 2094 3085 persolvantur.....

466 3113 612 3175 Quas
638 3111 684 3164 si
702 3109 1068 3180 negligimus,
1097 3114 1415 3162 sanctorum
1429 3109 1659 3162 Patrum
1675 3105 1944 3161 institutis
1961 3121 2094 3159 con-

466 3203 732 3271 traimus;
775 3203 981 3274 quibus
1025 3202 1300 3256 contraire
1345 3200 1724 3271 periculosum
1761 3203 1862 3254 est.
1907 3200 2098 3269 Neque

471 3296 622 3350 enim
649 3300 884 3366 possunt
909 3293 1364 3348 communionem
1409 3299 1659 3348 sanctam
1699 3292 1958 3346 Ecclesim
2000 3293 2100 3346 ha-

468 3389 621 3457 bere,
640 3387 1152 3459 quiejusinstituta,
1171 3387 1273 3441 etsi
1309 3403 1425 3440 non
1448 3386 1649 3455 verbis,
1675 3384 1940 3456 operibus
1968 3400 2100 3439 vero

471 3481 811 3553 impugnare
835 3481 1128 3536 nituntur:
1159 3481 1296 3535 dum
1322 3479 1473 3550 quod
1498 3477 1918 3549 permaximum
1935 3482 2018 3532 est
2037 3477 2099 3532 in

472 3579 658 3629 sancta
691 3574 948 3642 Ecclesia,
991 3575 1038 3628 si
1065 3590 1195 3627 cum
1238 3572 1508 3627 charitate
1552 3577 1607 3626 et
1638 3571 1859 3642 pietatis
1911 3570 2098 3624 studio

471 3672 794 3738 peragatur,
826 3668 884 3722 id
913 3672 996 3722 est
1016 3667 1198 3722 laudis
1225 3666 1427 3720 divinae
1449 3665 1765 3736 psalmodia
1789 3663 2098 3732 modulata,

472 3767 526 3817 et
551 3762 851 3816 missarum
869 3761 1159 3828 solemnia,
1183 3775 1285 3814 nec
1303 3759 1658 3830 temporibus
1683 3757 1970 3828 congruis,
1997 3773 2102 3810 nec

473 3855 745 3925 religiosis
787 3854 1073 3908 celebrant
1109 3851 1423 3906 affectibus.
1485 3873 1512 3899 ››
1557 3851 1737 3913 Quam
1774 3850 1942 3920 longe
1985 3852 2104 3904 erat

473 3953 667 4002 auctor
690 3947 787 4000 ille
814 3963 848 4000 a
876 3945 1153 4000 sententia
1178 3959 1375 3998 eorum
1403 3943 1501 4014 qui
1543 3943 1862 3998 divinorum
1895 3941 2106 3996 ofﬁcio-

475 4057 604 4096 rum
631 4038 1020 4094 recitationem
1045 4037 1130 4092 vel
1155 4037 1215 4091 in
1241 4035 1422 4109 431
1459 4052 1632 4090 unam
1660 4035 1969 4106 conjiciunt
2005 4035 2106 4088 ho—

477 4149 618 4202 ram,
650 4133 736 4186 vel
771 4131 921 4185 inter
955 4139 1187 4203 ἀδιάφορα
1225 4133 1527 4200 reponunt.
1565 4131 1637 4182 At
1675 4145 1846 4200 quam
1881 4127 2105 4198 religio-

477 4225 589 4279 sior
617 4228 737 4280 erat
762 4223 1072 4295 Liudgerus
1097 4223 1408 4294 episcopus,
1447 4222 1546 4294 qui
1574 4222 1729 4276 nulla
1761 4221 1912 4292 regis
1952 4236 2104 4275 reve-

479 4317 659 4372 rentia
701 4317 884 4389 potuit
933 4318 1205 4388 tantisper
1249 4315 1450 4370 abduci
1491 4332 1524 4369 a
1586 4331 1754 4369 cursu
1817 4313 2102 4368 recitando

479 4411 648 4482 (quod
673 4411 845 4466 etiam
865 4411 933 4465 de
955 4417 1142 4465 sancto
1169 4410 1318 4464 Saba
1344 4407 1596 4479 legitur),
1623 4411 1793 4462 noctu
1819 4423 1950 4462 cum
1988 4406 2102 4460 cle-

478 4503 605 4558 ricis
632 4503 748 4558 suis
773 4503 960 4558 divine
983 4503 1164 4558 ofﬁcia
1192 4502 1505 4574 persolvere
1530 4499 1746 4554 solitus.

2170 601 2386 658 consilii
2415 599 2752 656 admonitio.
2783 596 2927 652 Audi
2960 595 3233 650 Iacobum
3275 609 3310 648 a
3347 589 3606 646 Vitriaco
3637 586 3703 642 in
3737 585 3848 641 Hi-

2172 695 2358 750 storia
2385 691 2746 750 occidentalis
2771 707 2897 762 cap.
2926 690 3033 744 34:
3066 707 3096 740 «
3121 687 3273 743 Licet
3310 690 3510 740 autem
3561 679 3852 736 sacerdos

2171 789 2417 861 privatas
2460 786 2742 842 orationes
2784 788 2841 838 et
2882 787 3122 838 secretas
3173 777 3622 852 deprecationes
3665 773 3852 828 variis

2175 882 2321 936 circa
2349 897 2511 935 curas
2527 879 2852 933 animarum
2871 873 3340 946 occupationibus
3365 871 3635 926 intentus
3657 867 3854 939 possit

2175 974 2478 1047 aliquando
2514 971 2822 1036 dimittere,
2849 969 3020 1024 horas
3038 973 3230 1022 tamen
3256 963 3560 1020 canonicas
3588 976 3715 1014 non
3747 959 3856 1014 de-

2174 1069 2270 1124 bet
2329 1067 2609 1122 omittere.
2649 1063 2788 1118 Alias
2827 1062 2980 1117 enim
3021 1059 3302 1115 orationes
3331 1061 3468 1111 sunt
3496 1052 3854 1120 voluntatis,

2177 1163 2266 1216 hae
2289 1164 2479 1215 autem
2508 1155 2874 1213 necessitatis.
2901 1175 2930 1204 »
2961 1153 3055 1208 His
3097 1151 3240 1208 adde
3275 1149 3606 1204 sanctiones
3650 1143 3853 1200 conci-

2176 1255 2236 1310 lii
2281 1251 2610 1308 Basileensis
2647 1254 2704 1306 et
2757 1246 3148 1304 Lateranensis
3195 1244 3300 1298 sub
3343 1244 3537 1298 Leone
3589 1242 3660 1308 X,
3709 1255 3856 1310 qua:

2178 1345 2536 1402 beneﬁciatos
2563 1343 2896 1413 (Basileense
2923 1339 3080 1394 addit
3103 1337 3276 1392 sacris
3300 1335 3610 1390 ordinibus
3637 1331 3851 1388 initia-

2180 1441 2282 1510 tos)
2312 1439 2383 1494 ad
2413 1437 2799 1493 recitationem
2823 1431 3088 1489 Breviarii
3117 1430 3470 1499 astringunt.

2251 1535 2339 1588 70.
2368 1533 2643 1586 Praetereo
2689 1528 2822 1582 alias
2871 1527 3108 1580 aliarum
3135 1523 3518 1578 Ecclesiarum
3564 1519 3860 1575 constitu-

2180 1625 2379 1694 tiones,
2409 1623 2589 1696 qualis
2615 1625 2699 1676 est
2734 1619 2954 1675 concilii
2990 1617 3240 1673 Toletani
3276 1634 3331 1672 1v
3369 1617 3430 1671 in
3479 1629 3710 1670 canone
3758 1615 3856 1679 10,

2183 1719 2280 1773 ubi
2303 1716 2684 1772 sacerdotibus
2703 1718 2759 1770 et
2787 1713 3054 1784 subjectis
3079 1709 3294 1766 clericis
3323 1710 3429 1764 sub
3471 1709 3643 1780 gravi
3668 1707 3728 1762 in
3739 1710 3863 1762 ter-

2181 1811 2491 1866 minatione
2505 1806 2696 1881 432
2715 1806 2974 1878 praecipit
2992 1804 3343 1858 Dominicam
3355 1803 3690 1858 orationem
3707 1820 3862 1876 quo-

2103 1894 2161 1964 B
2185 1904 2320 1959 tidie
2343 1909 2441 1958 aut
2465 1906 2524 1956 in
2544 1903 2780 1972 publico,
2811 1904 2908 1954 aut
2933 1902 2993 1953 in
3014 1901 3234 1970 privato
3263 1898 3444 1966 ofﬁcio
3464 1899 3728 1952 recitari.
3765 1900 3854 1954 Ex

2186 2013 2298 2068 quo
2325 1995 2662 2066 intelligitur
2701 1993 2980 2065 privatam
3021 1990 3199 2046 divini
3237 1991 3408 2044 ofﬁcii
3439 1990 3860 2046 recitationem

2187 2089 2402 2144 clericis
2439 2089 2590 2159 apud
2616 2088 2885 2158 Hispanos
2910 2085 3080 2140 etiam
3111 2089 3247 2138 tunc
3265 2089 3628 2155 praeceptam
3647 2083 3857 2153 fuisse,

2188 2183 2246 2236 id
2271 2187 2355 2237 est
2379 2186 2508 2236 ante
2535 2181 2803 2235 saeculum
2824 2194 2920 2233 vn.
2951 2177 3160 2232 Eodem
3191 2177 3397 2231 saeculo
3425 2178 3588 2248 apud
3616 2177 3856 2232 Graecos

2187 2277 2445 2343 Joannes,
2501 2277 2878 2344 cognomento
2924 2269 3438 2341 Eleemosynarius,
3494 2291 3524 2320 ‹‹
3582 2271 3863 2326 divinum

2190 2367 2421 2438 quidem
2448 2365 2835 2421 ecclesiastica
2861 2364 3072 2435 regulae
3098 2363 3349 2416 ofﬁcium
3371 2379 3508 2416 cum
3521 2363 3863 2418 attentione

2193 2459 2416 2528 mentis,
2469 2459 2767 2529 cordisque
2807 2456 3145 2512 contritione
3180 2455 3483 2528 praeﬁnitis
3527 2457 3865 2528 peragebat

2192 2552 2558 2624 temporibus.
2593 2573 2620 2601 ››
2650 2550 2755 2606 Ubi
2787 2554 2982 2604 auctor
3016 2550 3240 2604 Gnaeus
3265 2556 3394 2605 θείαν
3423 2557 3748 2622 λειτουργίαν
3777 2556 3863 2606 τοῦ

2193 2650 2584 2711 ἐκκλησιαστικοῦ
2635 2650 2833 2706 κανόνος
2885 2643 3150 2714 appellat.
3211 2643 3286 2696 De
3354 2641 3546 2696 ofﬁcio
3619 2643 3862 2714 publico

2193 2738 2590 2810 intelligendus
2638 2737 2858 2792 concilii
2890 2735 3346 2806 Carthaginensis
3386 2751 3445 2789 1v
3497 2752 3699 2790 canon
3749 2738 3859 2792 49:

2197 2834 2430 2890 Clericus
2447 2834 2542 2902 qui
2562 2833 2761 2900 absque
2785 2830 3087 2900 corpusculi
3105 2831 3194 2884 sui
3216 2829 3604 2898 inequalitate
3628 2831 3864 2899 Vigiliis

2195 2927 2358 2988 deest,
2397 2925 2681 2995 stipendiis
2714 2926 2983 2994 privetur.
3029 2922 3240 2976 Eodem
3273 2925 3492 2992 spectat
3545 2939 3747 2978 canon
3799 2925 3864 2979 14

2197 3019 2414 3074 concilii
2440 3017 2764 3074 Venetensis
2798 3033 2811 3070 :
2846 3017 3099 3078 Clericus,
3127 3031 3284 3085 quem
3310 3017 3463 3070 intra
3488 3031 3687 3072 muros
3733 3019 3863 3072 cici-

2198 3115 2324 3167 tatis
2347 3127 2680 3167 suwmanere
2707 3112 3024 3170 constiterit,
3049 3113 3100 3163 et
3123 3125 3157 3163 α
3175 3111 3464 3164 matutinis
3488 3109 3726 3178 hymnis
3745 3113 3864 3166 sine

2194 3206 2466 3277 probabili
2493 3206 2830 3259 excusatione
2858 3203 3199 3271 aegritudinis
3242 3204 3499 3257 inventus
3542 3205 3733 3269 fuerit
3778 3206 3865 3259 de-

2195 3301 2381 3367 fuisse,
2407 3302 2606 3368 septem
2648 3297 2834 3352 diebus
2886 3313 2920 3350 a
2951 3297 3316 3350 communione
3345 3295 3626 3350 habeatur
3663 3301 3860 3352 extra-

2198 3408 2348 3456 neus,
2375 3395 2479 3445 etc.

2270 3489 2356 3539 7t.
2386 3485 2507 3538 Non
2533 3485 2716 3537 solum
2741 3482 3090 3550 itinerantes,
3129 3481 3228 3534 sed
3281 3480 3457 3536 etiam
3497 3483 3864 3554 gravissimis

2199 3577 2408 3632 morbis
2427 3575 2658 3642 detenti,
2681 3575 2930 3629 ofﬁcium
2967 3574 3223 3628 divinum
3241 3579 3342 3628 aut
3365 3573 3476 3646 ipsi
3509 3577 3860 3642 recitabant,

2199 3675 2298 3726 aut
2325 3686 2516 3724 coram
2542 3685 2600 3724 se
2626 3667 2850 3723 recitari
2875 3667 3170 3722 curabant.
3205 3667 3284 3720 De
3305 3668 3591 3739 Eugendo
3619 3686 3730 3725 seu
3756 3674 3866 3724 An-

2203 3768 2371 3834 gento
2399 3763 2596 3816 abbate
2624 3760 2862 3830 Jurensi,
2891 3761 2991 3832 qui
3016 3760 3120 3814 sub
3143 3775 3364 3814 annum
3387 3764 3494 3816 510
3521 3762 3599 3816 ad
3620 3779 3865 3834 superos

2202 3857 2359 3924 abiit,
2390 3855 2446 3910 id
2472 3854 2740 3910 traditum
2770 3859 2854 3909 est
2877 3853 2946 3907 ab
2967 3869 3254 3924 anonymo
3275 3853 3507 3924 aequali,
3533 3856 3699 3926 quod
3731 3873 3864 3912 cum

2204 3949 2350 4002 ultra
2379 3947 2807 4018 sexagenariam
2827 3951 3050 4001 aetatem
3082 3965 3110 3997 «
3133 3962 3230 4000 sex
3257 3946 3378 4000 fere
3392 3947 3708 4004 mensibus
3730 3950 3868 4004 inae-

2202 4041 2468 4114 qualitate
2487 4057 2754 4112 corporea
2777 4039 3073 4108 laboraret,
3105 4055 3406 4110 nunquam
3443 4044 3653 4096 tamen
3691 4059 3864 4098 cano-

2202 4135 2328 4190 nico
2353 4150 2532 4206 usque
2556 4135 2626 4188 ad
2650 4134 2850 4188 horam
2879 4133 3146 4188 defuisset
3160 4132 3372 4186 cursui.
3405 4153 3434 4182 »
3459 4133 3629 4188 Idem
3659 4137 3862 4190 scribi-

2203 4233 2298 4284 tur
2345 4229 2414 4282 de
2467 4226 2761 4282 Benedicto
2797 4225 3100 4280 Anianensi
3135 4225 3360 4294 abbate,
3413 4225 3484 4280 de
3534 4228 3868 4284 Adalhardo

2203 4320 2542 4389 Corbeiensi,
2583 4324 2638 4373 et
2663 4319 2803 4374 aliis.
2831 4322 2899 4374 At
2928 4317 3282 4386 Benedictus,
3311 4327 3714 4390 cognomento
3741 4323 3868 4377 Bis-

2203 4431 2393 4485 copus,
2425 4413 2574 4467 Beda
2596 4412 2852 4482 testante)
2880 4428 3011 4466 cum
3039 4431 3067 4462 «
3097 4427 3211 4465 non
3231 4409 3392 4466 facile
3409 4412 3485 4467 ad
3504 4415 3869 4486 explendum

2205 4508 2428 4562 solitum
2454 4506 2776 4577 psalmodiaa
2793 4521 3023 4560 cursum
3047 4504 3306 4576 linguam
3325 4521 3608 4562 vocemve
3635 4513 3867 4580 poterat

549 4601 636 4652 68.
669 4599 783 4652 Huc
811 4601 1023 4668 spectat
1049 4595 1244 4650 Leonis
1268 4611 1426 4666 papae
1448 4595 1512 4648 lV
1541 4593 1776 4648 homilia
1811 4595 2012 4686 quarta
2035 4590 2106 4646 ad
2125 4615 2184 4686 D
2205 4601 2411 4668 levare,
2435 4615 2536 4670 per
2566 4598 2814 4670 singulas
2845 4597 3064 4651 diurnae
3087 4597 3202 4650 sive
3246 4601 3552 4653 nocturnas
3597 4601 3874 4655 orationis

479 4691 831 4761 presbyteros
858 4695 914 4743 et
939 4689 1252 4744 sacerdotes
1275 4707 1288 4742 :
1318 4708 1346 4737 ‹‹
1373 4687 1542 4742 Omni
1567 4691 1729 4740 nocte
1772 4685 1843 4740 ad
1884 4688 2110 4738 noctur-

479 4800 579 4838 nas
605 4784 768 4837 horas
793 4782 1008 4853 surgite
1034 4799 1050 4850 ;
1083 4798 1311 4836 cursum
1338 4785 1586 4835 vestrum
1627 4778 1782 4833 horis
1817 4776 1983 4832 certis
2019 4777 2112 4831 de-

481 4881 728 4946 cantate;
774 4875 1074 4930 missarum
1100 4874 1500 4930 celebrationes
1537 4867 1735 4928 de'vote
1773 4869 2047 4941 peragite,
2080 4890 2108 4917 ››

480 4970 638 5034 Quod
673 4969 909 5025 totidem
951 4967 1134 5022 verbis
1167 4967 1370 5040 repetit
1419 4965 1718 5021 Ratherius
1767 4963 1827 5018 in
1877 4960 2114 5016 homilia

482 5063 746 5134 synodica
768 5062 840 5117 ad
863 5077 997 5116 suos
1023 5062 1396 5133 presbyteros.

554 5158 642 5210 59.
671 5154 883 5209 Szeculo
912 5171 948 5208 x
985 5155 1227 5209 occurrit
1259 5154 1322 5208 in
1371 5150 1591 5206 statutis
1631 5147 1874 5220 Eadgari
1911 5147 2115 5219 Anglo-

483 5265 614 5302 rum
639 5247 790 5318 regis
815 5247 1054 5301 formula
1072 5245 1454 5314 confessionis,
1499 5243 1646 5316 apud
1684 5241 2110 5313 Spelmannum,

483 5358 616 5411 pag.
645 5340 749 5394 459
779 5357 793 5394 :
829 5363 856 5390 «
882 5341 1160 5396 Conﬁteor
1178 5357 1270 5395 me
1297 5340 1464 5394 horas
1489 5353 1642 5392 meas
1675 5335 1967 5390 canonicas
2008 5349 2112 5388 ne-

485 5434 742 5504 glexisse.
783 5456 809 5483 »
856 5436 920 5490 Et
945 5451 1016 5490 ne
1041 5435 1167 5506 quis
1192 5435 1312 5489 leve
1341 5435 1634 5505 peccatum
1679 5445 1795 5484 esse
1828 5429 2010 5498 putet,
2055 5426 2114 5480 id

483 5527 728 5582 maxime
758 5527 1182 5594 advertendum,
1216 5526 1366 5598 quod
1401 5527 1548 5580 inter
1571 5519 1991 5576 accusationum
2018 5535 2113 5573 ca-

483 5621 619 5691 pita,
643 5638 769 5692 quae
796 5622 994 5676 Joanni
1018 5623 1104 5676 XII
1133 5621 1356 5690 objecta
1383 5622 1534 5683 sunt,
1561 5619 1731 5683 atque
1759 5612 2020 5666 Ottonem
2045 5610 2116 5665 ad

483 5732 616 5770 eum
642 5715 1123 5770 exauctorandum
1163 5712 1542 5774 adduxerunt,
1585 5720 1764 5760 unum
1817 5709 1918 5774 est,
1963 5703 2115 5775 quod

488 5827 514 5857 «
559 5809 853 5863 Matutinas
899 5811 956 5861 et
993 5805 1286 5860 canonicas
1328 5803 1497 5858 horas
1538 5815 1656 5854 non
1699 5797 2051 5864 celebrasset,
2079 5815 2108 5844 »

485 5901 636 5972 apud
661 5898 1091 5971 Liutprandum,
1125 5897 1183 5952 in
1208 5895 1306 5952 lib.
1340 5911 1392 5950 v1
1423 5911 1544 5968 cap.
1571 5897 1626 5948 7.
1651 5893 1774 5946 Jam
1810 5907 1946 5962 ergo
1981 5895 2118 5946 tunc

2210 4695 2376 4748 horas
2403 4693 2617 4764 aliquos
2641 4692 2711 4746 ad
2732 4707 2790 4746 se
2811 4690 3056 4744 fratrum
3084 4689 3350 4744 vocabat:
3381 4691 3604 4762 quibus
3617 4695 3873 4749 Psalmos

2211 4789 2500 4843 consuetos
2520 4785 2739 4840 duobus
2765 4784 2823 4838 in
2848 4783 3034 4838 choris
3051 4783 3475 4852 resonantibus,
3500 4789 3562 4840 et
3583 4787 3716 4858 ipse
3742 4805 3868 4843 cum

2212 4882 2309 4949 eis,
2355 4884 2634 4952 quatenus
2672 4881 2912 4948 poterat,
2962 4876 3254 4947 psallebat.
3299 4896 3328 4924 »
3383 4877 3558 4941 Quod
3609 4880 3755 4936 item
3812 4883 3874 4935 de

2211 4974 2448 5029 Gervino
2475 4971 2796 5028 Centulensi
2836 4969 3037 5024 abbate
3079 4969 3377 5023 memoriae
3412 4971 3730 5040 proditum
3777 4981 3871 5031 est.

2286 5063 2482 5138 433
2528 5068 2617 5118 72.
2645 5068 2714 5118 At
2742 5063 2804 5117 hi
2825 5061 3088 5116 monachi
3109 5067 3291 5116 erant.
3323 5062 3526 5118 Certe:
3565 5068 3676 5122 sed
3708 5069 3872 5123 etiam

2213 5159 2397 5216 clerici
2439 5157 2608 5230 paulo
2645 5157 2840 5210 minus
2878 5172 3051 5226 quam
3083 5154 3351 5210 monachi
3396 5157 3516 5210 Deo
3556 5161 3872 5217 consecrati

2213 5256 2380 5321 sunt;
2407 5250 2618 5322 duplici
2635 5250 2803 5304 titulo
2823 5248 3078 5320 plerique
3107 5248 3310 5303 divinis
3328 5248 3536 5306 ofﬁciis
3564 5255 3876 5310 recitandis

2215 5344 2462 5410 obnoxii,
2516 5360 2725 5415 nempe
2773 5342 2938 5397 titulo
2973 5341 3434 5412 consecrationis,
3487 5349 3550 5400 et
3613 5347 3875 5403 beneﬁcii

2214 5437 2594 5506 ecclesiastici,
2623 5436 2776 5508 quod
2800 5434 3092 5489 monachis
3137 5451 3254 5490 non
3294 5438 3606 5507 competit.
3655 5443 3727 5496 Et
3766 5441 3879 5512 qui—

2215 5533 2342 5586 dem
2380 5531 2586 5598 Gallus,
2626 5533 3012 5584 Arvernorum
3059 5527 3357 5600 episcopus
3396 5535 3663 5603 sanctus,
3708 5533 3878 5588 morti

2215 5623 2524 5696 proximus,
2559 5644 2586 5670 ‹‹
2611 5621 2946 5678 adveniente
2975 5621 3065 5676 die
3090 5621 3277 5690 tertia,
3313 5644 3342 5671 ››
3376 5638 3511 5692 quae
3541 5631 3675 5681 erat
3702 5626 3878 5682 Domi-

2215 5717 2340 5774 nica
2366 5717 2503 5786 dies,
2548 5716 2864 5770 albescente
2896 5713 3021 5785 jam
3060 5715 3218 5784 coelo,
3271 5713 3603 5788 interrogat
3654 5720 3798 5793 quid
3824 5721 3875 5774 in

2215 5811 2445 5866 ecclesia
2487 5809 2812 5882 psallerent.
2861 5829 2888 5856 «
2928 5807 3201 5862 Dixerunt
3237 5808 3718 5868 benedictionem
3759 5829 3870 5868 sese

2215 5904 2469 5979 psallere,
2498 5923 2526 5955 η
2555 5902 2610 5959 id
2633 5906 2716 5957 est
2747 5901 3030 5958 canticum
3059 5901 3380 5960 Benedicite.
3419 5924 3449 5952 ‹‹
3485 5906 3562 5962 At
3600 5905 3702 5964 ille
3735 5907 3874 5980 psal-
