3970 6408
172 408 263 466 illi

1239 412 1325 466 AD
1361 413 1578 470 CURSU
1615 415 1984 472 GALLICANO
2021 415 2430 484 DlSQUlSlTlO.

3397 420 3499 476 4H

170 534 253 574 mo
293 517 778 590 quinquagesimo
813 523 872 576 et
910 519 1312 576 benedictione
1354 521 1677 592 decantata,
1723 526 1780 578 et
1799 535 1860 609 Α
1879 528 2149 598 apusculo
2177 530 2264 583 39.
2293 528 2412 582 lmo
2437 529 2494 582 et
2518 527 2969 600 Chrodegangns
2990 526 3502 602 Mettensisepisco-

169 610 498 668 alleluiatico
515 629 648 668 cum
659 613 924 685 capitello
941 615 1184 686 expleto,
1212 615 1629 672 consummavit
1657 617 1778 672 ofﬁ-

169 706 305 760 cium
331 709 516 760 totum
553 707 830 778 temporis
865 707 1152 776 matutini,
1186 731 1213 758 »
1242 709 1462 763 Laudes
1487 726 1770 766 vocamus.

169 801 284 854 Haec
307 817 374 854 ex
403 800 685 870 Gregorio
713 801 783 854 de
809 801 947 856 Vitis
970 803 1226 870 Patrum,
1250 819 1374 873 cap.
1403 806 1454 857 6.

230 897 312 948 73.
340 892 428 948 Ad
458 893 800 948 itinerantes
836 895 991 966 quod
1019 896 1242 963 attinet,
1272 912 1390 950 non
1429 897 1602 952 modo
1639 897 1771 950 reli-

169 985 317 1056 giosi,
349 986 450 1040 sed
474 986 656 1042 etiam
695 987 884 1042 clerici
920 989 1218 1044 saeculares
1252 989 1428 1044 etiam
1463 989 1777 1059 antiquitus

169 1079 348 1134 divina
381 1079 577 1134 ofﬁcia
622 1081 1043 1151 per-solvebant.
1090 1083 1150 1135 Id
1196 1083 1469 1152 exemplis
1517 1082 1776 1152 superius

169 1173 457 1243 probatum
494 1176 603 1240 est,
643 1173 857 1228 scilicet
890 1191 955 1228 ex
999 1174 1272 1245 Gregorio
1309 1175 1626 1230 Turonensi
1654 1175 1772 1246 epi-

167 1282 321 1336 scopo
341 1269 398 1319 et
429 1281 494 1320 ex
522 1267 727 1336 regula
748 1267 1182 1338 Chrodegangi;
1203 1285 1274 1322 ne
1304 1272 1563 1339 repetam
1586 1285 1772 1322 exem-

169 1361 310 1429 plum
335 1359 517 1414 sancti
565 1359 840 1415 Germani
891 1359 1144 1432 episcopi
1193 1361 1522 1426 Parisensis,
1573 1361 1776 1432 quibus

168 1452 300 1507 adde
323 1454 654 1523 exemplum
679 1452 983 1524 Epiphanii
1010 1454 1263 1524 episcopi
1280 1455 1608 1509 Ticinensis.
1637 1454 1774 1508 Inde

167 1549 242 1599 est
267 1546 416 1616 quod
441 1545 634 1599 clerici
663 1562 864 1600 omnes
885 1548 1142 1601 Psalmos
1161 1547 1442 1602 memoria
1460 1550 1658 1602 tenere
1683 1547 1777 1600 de-

166 1639 362 1694 bebant
387 1655 454 1692 ex
479 1655 775 1694 canonum
803 1639 1146 1711 praescripto.
1168 1640 1351 1704 Quam
1377 1640 1449 1694 ob
1475 1657 1598 1694 rem
1627 1641 1774 1696 Gen-

167 1732 356 1785 nadius
384 1733 424 1787 C
455 1733 512 1786 P.
543 1731 872 1802 patriarcha
908 1753 935 1782 ιι
977 1732 1272 1786 neminem
1312 1733 1634 1800 ordinabat,
1679 1735 1777 1804 qui

165 1823 485 1878 Psalterium
508 1841 628 1878 non
649 1823 817 1878 sciret
836 1825 1191 1891 memoriter,
1210 1846 1239 1874 »
1269 1842 1337 1878 ex
1355 1824 1653 1880 Theodoro
1679 1826 1777 1880 Le-

1875 639 1981 692 pus
2010 621 2068 676 in
2099 623 2312 692 regulae
2337 638 2460 693 cap.
2491 624 2592 677 26:
2624 644 2650 672 «
2673 623 2785 677 Nec
2810 639 2939 677 cum
2963 623 3198 690 baculis,
3225 626 3324 678 aut
3351 639 3502 678 cam-

1873 715 2042 782 butis,
2072 719 2170 769 aut
2201 715 2442 769 fustibus
2467 715 2529 769 in
2553 715 2748 780 choro,
2777 716 3021 786 exceptis
3049 716 3349 784 debilibus,
3398 716 3499 771 sed

1873 809 2137 878 religiose
2159 807 2268 862 illis
2287 808 2555 862 standum
2575 811 2629 862 et
2654 808 3014 878 psallendum
3043 813 3144 863 est.
3174 809 3317 864 Sunt
3342 810 3498 865 enim

1876 901 2110 970 quidam
2125 903 2230 955 clei
2243 901 2460 955 icorum
2487 900 2584 972 qui
2597 900 2655 955 in
2673 901 3033 955 saecularibus
3049 902 3294 971 negotiis
3317 905 3376 956 et
3393 902 3504 956 dis-

1876 993 2291 1063 ceptationibus
2322 1008 2478 1065 pene
2515 997 2702 1049 totum
2739 993 3171 1065 infatigabiliter
3211 995 3502 1049 deducunt

1877 1085 2060 1150 diem;
2085 1090 2142 1140 et
2161 1103 2290 1141 mox
2305 1089 2366 1141 ut
2384 1087 2681 1142 ecclesiam
2703 1087 2776 1141 ad
2805 1087 3062 1140 divinum
3083 1087 3334 1142 ofﬁcium
3366 1105 3496 1159 per-

1877 1179 2168 1248 agendum
2179 1179 2534 1251 intraverint,
2549 1180 2630 1234 ita
2648 1179 2872 1251 fatigati
2883 1180 3168 1246 videntur,
3183 1182 3362 1236 utnec
3377 1197 3500 1236 ora-

1874 1271 2017 1326 tioni
2043 1288 2262 1340 vacare,
2296 1289 2399 1327 nec
2433 1274 2504 1328 ad
2545 1274 2902 1344 psallendum
2931 1277 3081 1328 stare
3109 1278 3324 1344 queant
3356 1290 3368 1328 :
3398 1275 3498 1327 sed

1877 1365 2063 1436 potius
2084 1366 2368 1433 sedentes,
2398 1383 2513 1420 non
2541 1366 2765 1431 divinis,
2789 1367 2888 1420 sed
2905 1367 3062 1420 vanis
3079 1368 3265 1420 solent
3284 1367 3498 1421 instare

1874 1458 2136 1528 loquelis,
2169 1482 2196 1507 »
2245 1463 2352 1512 etc.
2383 1458 2531 1523 Quid
2575 1459 2650 1513 sit
2683 1459 2968 1513 cambutis
2999 1459 3172 1513 inniti
3207 1459 3266 1512 in
3309 1459 3498 1513 ofﬁcio

1875 1550 2086 1616 divino,
2125 1551 2496 1621 intelligimus
2527 1569 2594 1605 ex
2622 1551 2746 1605 Vita
2778 1569 2885 1606 ms.
2915 1551 3094 1606 sancti
3118 1551 3348 1606 Victurii
3376 1551 3499 1622 epi-

1874 1643 2027 1714 scopi
2046 1645 2510 1711 Cenomanensis,
2541 1644 2630 1698 cui
2646 1647 2872 1699 sanctus
2894 1644 3211 1700 «Martinus
3227 1643 3386 1697 dedit
3407 1643 3501 1697 ba-

1874 1737 2062 1790 culum
2085 1735 2222 1806 (seu)
2247 1739 2713 1804 sustentaculum,
2735 1753 2906 1808 super
2927 1737 3081 1808 quod
3103 1738 3291 1790 solent
3311 1752 3496 1790 sacer-

1876 1827 2038 1882 dotes
2061 1828 2290 1899 fusis(id
2308 1831 2394 1882 est
2409 1829 2736 1899 fundendis)
2759 1829 3113 1884 orationibus
3136 1828 3494 1882 sustentari.»

164 1921 306 1970 ctore
349 1917 503 1988 apud
553 1917 1005 1971 eruditissimum
1031 1917 1335 1984 Valesium,
1358 1934 1490 1988 pag.
1523 1919 1642 1972 534.
1689 1920 1775 1972 An
1795 1893 1852 1964 B
1876 1923 1936 1974 In
1963 1893 2288 1991 pervetusto
2318 1921 2545 1988 Codice,
2573 1922 2670 1992 qui
2691 1893 2878 1976 Vitam
2903 1921 3084 1976 sancti
3108 1921 3500 1976 AmandiTra—

165 2011 422 2065 lectiones
451 2010 631 2065 etiam
667 2010 979 2064 recitarent
1008 2010 1364 2076 itinerantes,
1397 2011 1505 2064 erit
1535 2011 1779 2066 fortasse
1870 2013 2141 2084 jectensis
2157 2013 2407 2084 episcopi
2423 2014 2699 2080 continet,
2723 2014 2875 2085 apud
2898 2015 3178 2068 Elnonem
3193 2017 3498 2079 asservato,

164 2104 252 2174 qui
279 2103 549 2174 inquirat.
587 2104 738 2158 Sane
766 2103 1036 2158 monachi
1061 2104 1262 2157 saltem
1289 2103 1510 2157 libellos
1535 2121 1635 2158 seu
1669 2105 1774 2159 Co-

163 2197 302 2251 dices
324 2197 494 2267 hujus
513 2197 601 2252 rei
629 2197 815 2268 gratia
843 2197 1164 2267 gestabant.
1184 2198 1326 2251 Nam
1357 2199 1420 2250 ut
1437 2196 1701 2251 omittam
1719 2197 1779 2251 id

163 2291 304 2360 quod
325 2291 393 2344 de
405 2289 640 2361 Equitio
653 2289 860 2344 abbate
874 2292 1072 2344 narrat
1085 2289 1392 2359 Gregorius
1408 2290 1661 2360 Magnus,
1681 2290 1778 2360 qui

164 2383 414 2453 Equitius
435 2405 464 2433 «ι
491 2399 689 2438 sacros
708 2381 941 2438 Codices
967 2383 1027 2436 in
1053 2382 1290 2453 pelliciis
1317 2382 1553 2436 sacculis
1581 2383 1777 2437 dextro

163 2476 401 2546 laevoque
416 2477 601 2530 latere
628 2479 860 2546 portare
878 2475 1117 2542 solebat,
1142 2496 1168 2524 »
1193 2474 1347 2546 quod
1362 2475 1534 2529 etiam
1555 2474 1626 2529 de
1649 2475 1780 2530 Fru-

161 2572 340 2623 ctuoso
370 2569 645 2639 episcopo
685 2568 1014 2622 Bracarensi
1051 2567 1314 2638 legimus,
1348 2566 1539 2640 434
1563 2568 1774 2638 Grego-

160 2661 263 2716 rius
281 2663 341 2716 IX
371 2662 441 2716 de
469 2661 777 2716 monachis
807 2662 958 2716 foras
986 2659 1324 2731 profecturis
1341 2659 1398 2714 id
1419 2660 1632 2727 statuit,
1661 2681 1689 2709 ‹‹
1719 2662 1780 2714 ut

163 2754 256 2823 ipsi
282 2755 452 2809 horas
492 2754 693 2808 dicant
735 2753 792 2807 in
837 2753 946 2820 via,
998 2756 1058 2807 et
1100 2754 1172 2807 de
1214 2752 1372 2807 libris
1412 2752 1780 2823 provideatur

159 2847 366 2902 iisdem.
399 2869 427 2896 »
461 2847 525 2902 Id
554 2847 788 2917 generis
807 2846 950 2901 duos
975 2863 1080 2916 pro
1103 2845 1508 2900 itinerantibus
1542 2845 1779 2900 Codices

162 2938 210 2992 in
233 2939 473 2994 sacrario
500 2937 871 2995 Cisterciensi
890 2938 1202 3008 aliquando
1222 2937 1486 3004 vidimus,
1509 2954 1652 3008 quos
1671 2937 1778 2992 hoc

159 3032 318 3088 modo
345 3032 620 3086 describit
637 3031 919 3102 Iosephus
946 3031 1334 3101 Meglingerus
1355 3029 1413 3084 in
1441 3029 1648 3084 Itinere
1676 3047 1777 3084 suo

134 3125 502 3180 ‘Cisterciensi
535 3142 548 3179 :
584 3145 613 3174 «ι
639 3124 841 3179 Libelli
874 3123 1048 3178 trium
1081 3123 1394 3193 digitorum
1415 3122 1778 3177 latitudinem

162 3233 266 3272 non
287 3219 589 3286 excedunt,
605 3220 733 3290 plus
755 3221 951 3290 tamen
972 3215 1350 3286 longitudinis
1371 3215 1605 3270 habent.
1629 3216 1776 3270 Dum

159 3311 366 3365 clausos
393 3311 624 3382 aspicis,
652 3310 811 3382 parvi
839 3311 1154 3380 apparent;
1177 3311 1238 3363 at
1255 3307 1438 3378 aperti
1463 3307 1630 3378 triplo
1661 3325 1778 3363 ma-

153 3401 298 3471 jores
324 3404 600 3472 evadunt,
642 3403 812 3469 foliis,
843 3419 970 3473 quae
1013 3417 1077 3455 ex
1103 3401 1443 3455 membrana
1481 3400 1611 3455 rudi
1639 3418 1775 3455 con-

159 3499 318 3562 stant,
350 3501 438 3552 ter
475 3496 857 3568 complicatis,
889 3495 1179 3560 deorsum,
1209 3497 1266 3548 et
1282 3493 1562 3548 ambobus
1589 3493 1778 3548 lateri-

157 3583 270 3638 bus.
292 3587 486 3656 Neque
516 3585 575 3640 in
602 3587 845 3655 utraque
869 3586 1028 3654 parte
1049 3583 1254 3637 litteris
1281 3583 1592 3652 implentur
1616 3581 1776 3652 pagi-

160 3693 257 3742 nae,
289 3679 386 3732 sed
419 3678 666 3732 interius
693 3679 953 3741 tantum;
987 3676 1068 3730 ita
1095 3678 1157 3730 ut
1184 3675 1316 3730 licet
1339 3675 1542 3729 folium
1573 3691 1606 3728 a
1639 3674 1776 3729 folio

157 3769 431 3842 sejungas,
467 3771 579 3825 nisi
607 3769 771 3840 plicse
801 3768 1180 3839 explicentur,
1212 3767 1382 3846 nulla:
1413 3765 1615 3821 litterae
1644 3783 1777 3837 pro-

157 3866 314 3928 stent,
370 3864 509 3927 Quae
562 3862 803 3933 quidem
863 3860 1264 3914 minutissimas
1312 3859 1506 3930 paucis
1551 3859 1778 3930 syllabis

159 3957 293 4009 totas
338 3956 615 4026 periodos
672 3953 1006 4009 brevissimo
1063 3952 1407 4023 compendio
1458 3952 1774 4006 absolvunt.

155 4048 304 4102 Nulla
328 4065 617 4119 compage
646 4064 745 4100 seu
776 4047 1116 4117 tegumento
1155 4044 1507 4110 vinciuntur;
1533 4043 1634 4098 sed
1664 4060 1777 4098 uno

157 4139 207 4194 in
233 4143 408 4196 latere
438 4143 606 4196 ﬁlum
625 4140 854 4210 colligat
879 4139 1038 4206 folia,
1067 4155 1141 4192 ne
1165 4137 1449 4203 difﬂuant,
1479 4154 1544 4191 ac
1570 4136 1777 4191 deinde

157 4237 396 4289 sacculus
422 4253 493 4289 ex
517 4233 678 4289 corio
699 4233 922 4287 libellos
948 4231 1168 4302 recipit.
1199 4252 1226 4280 ››
1255 4232 1384 4284 Haec
1413 4230 1528 4284 ille.

219 4329 300 4382 74.
337 4329 571 4394 Quanta
598 4342 771 4398 porro
793 4325 1115 4379 reverentia
1147 4323 1351 4377 divinis
1375 4322 1574 4378 ofﬁciis
1599 4323 1775 4376 inter-

155 4435 266 4473 esse
295 4423 553 4476 solerent
579 4419 830 4490 majores
862 4417 1062 4484 nostri,
1091 4415 1470 4488 intelligimns
1518 4433 1584 4470 ex
1628 4415 1778 4469 facto

153 4515 320 4568 sancti
349 4512 579 4569 Martini
607 4511 861 4582 episcopi
884 4509 1250 4574 Turonensis,
1275 4525 1448 4579 quem
1476 4508 1578 4562 «in
1609 4509 1782 4562 eccle-

1876 2106 1992 2160 vidi
2013 2106 2296 2176 ejusmodi
2317 2107 2718 2176 episcoporum
2741 2107 3044 2176 imagines,
3063 2105 3160 2177 qui
3188 2122 3302 2160 una
3323 2121 3500 2159 manu

1878 2199 2090 2269 pedum
2107 2199 2392 2269 pastorale
2415 2202 2662 2269 gestant,
2683 2199 2796 2253 alia
2811 2199 3079 2253 baculum
3104 2214 3422 2264 recurvum,
3444 2199 3504 2251 et

1879 2291 2112 2361 quidem
2141 2291 2484 2358 breviorem,
2513 2309 2625 2362 quo
2652 2309 2710 2344 se
2745 2291 2850 2362 ipsi
2889 2292 3042 2345 inter
3065 2291 3352 2346 orandum
3388 2307 3502 2344 sus-

1877 2383 2195 2437 tentabant.
2233 2383 2408 2438 Hodie
2437 2399 2664 2454 quoque
2693 2383 2749 2437 in
2791 2384 3028 2438 ecclesia
3053 2383 3233 2438 sancti
3271 2382 3502 2452 Georgii

1877 2475 2323 2546 apudVenetias,
2347 2475 2629 2546 ejusmodi
2651 2475 2931 2530 cambutis
2951 2476 3102 2530 inter
3115 2475 3394 2530 orandum
3419 2475 3503 2530 uti

1877 2569 2062 2622 solent
2086 2567 2351 2622 homines
2364 2568 2669 2638 promiscui
2701 2585 2882 2635 sexus,
2917 2572 2982 2622 ut
3005 2585 3099 2622 me
3123 2567 3348 2622 monuit
3377 2583 3501 2621 eru-

1877 2661 2026 2714 ditus
2051 2663 2110 2714 et
2136 2661 2476 2715 venerabilis
2511 2661 2780 2716 Claudius
2809 2663 3166 2717 Castellanus
3193 2659 3503 2715 canonicus

1877 2753 2135 2809 Ecclesia:
2171 2754 2520 2809 Parisiensis.
2543 2755 2629 2808 Ad
2657 2755 2776 2808 haec
2796 2754 2854 2808 in
2887 2755 3079 2808 libello
3108 2753 3346 2824 supplici
3376 2769 3498 2806 mo-

1877 2848 2192 2902 nachorum
2215 2847 2579 2901 Fuldensium
2604 2847 2677 2900 ad
2695 2848 2960 2902 Carolum
2981 2847 3250 2917 Magnum
3279 2846 3339 2900 hi
3367 2862 3496 2900 con-

1877 2943 2212 3010 queruntur,
2242 2940 2397 3010 quod
2433 2957 2550 3011 prie
2580 2939 2834 3010 Ratgarii
2865 2939 3088 2994 abbatis
3123 2938 3332 2992 duritia
3359 2939 3494 3008 ipsis

1876 3032 2119 3086 inﬁrmis
2136 3054 2162 3080 «
2179 3049 2282 3085 nec
2303 3033 2568 3086 baculum
2592 3048 2695 3102 pro
2710 3031 3121 3086 sustentatione
3145 3031 3294 3084 ferre
3320 3031 3508 3096 liceat,

1878 3142 1981 3179 nec
2006 3125 2079 3178 ad
2100 3125 2548 3193 inclinatorium,
2581 3125 2736 3195 quod
2765 3142 2870 3179 nos
2906 3125 3212 3178 formulam
3243 3123 3503 3178 dicimus.

1876 3215 2158 3270 morando
2188 3215 2490 3270 iuhmrere.
2507 3237 2534 3265 »
2563 3216 2732 3270 Multo
2756 3215 2946 3268 minus
2964 3214 3116 3268 sanis
3137 3213 3346 3284 (neque
3371 3228 3508 3266 vero

1878 3309 1922 3362 it
1945 3311 2149 3378 petunt
2179 3308 2506 3378 Fuldenses)
2539 3309 2658 3362 haec
2685 3307 3046 3378 indulgentia
3067 3305 3507 3371 concedebatur,

1880 3405 1940 3454 ut
1951 3400 2142 3474 436
2157 3405 2415 3472 tempore
2429 3401 2602 3454 divini
2619 3400 2795 3454 ofﬁcii
2809 3401 3073 3454 formula:
3087 3398 3507 3452 incumberent.

1946 3499 2032 3548 73.
2065 3495 2150 3548 Ad
2193 3497 2512 3550 extremum
2555 3493 2804 3547 maxime
2845 3493 2940 3562 pia
2985 3495 3042 3545 et
3089 3493 3284 3544 sancta
3314 3493 3401 3543 est
3429 3491 3513 3560 (ut

1870 3588 1995 3657 jam
2024 3585 2287 3655 diximus)
2317 3585 2415 3640 illa
2443 3585 2952 3640 ecclesiasticarum
2983 3583 3378 3654 precationum
3409 3582 3500 3636 in-

1878 3679 2115 3745 stitutio,
2150 3679 2264 3732 sive
2291 3678 2536 3749 publice,
2563 3677 2676 3732 sive
2707 3677 2973 3748 privatim
3017 3675 3328 3729 recitandae
3373 3673 3506 3728 sint.

1879 3772 2024 3836 Quid
2045 3771 2198 3825 enim
2221 3771 2406 3841 aptius
2427 3771 2499 3825 ad
2520 3771 2634 3824 Deo
2663 3770 2919 3824 debitum
2952 3769 3167 3822 cultum
3203 3768 3512 3822 honorem-

1879 3882 1986 3934 que
2004 3863 2442 3936 persolvendum
2462 3863 2490 3918 ‘?
2519 3863 2767 3934 autquid
2780 3863 2853 3917 ad
2866 3861 3224 3916 excitandam
3251 3858 3508 3914 ﬁdelium

1878 3941 2152 4028 pietatem
2168 3955 2656 4013 accommodatius
2675 3957 2832 4010 utvel
2861 3972 2960 4010 suo
2976 3955 3150 4026 ipsius
3171 3952 3501 4008 testimonio

1879 4050 2136 4120 probavit
2163 4049 2529 4120 Augustinus,
2561 4065 2736 4120 quam
2781 4050 3139 4103 Psalmorum
3183 4047 3241 4102 in
3275 4045 3513 4100 ecclesia

1879 4147 2078 4196 cantus
2099 4142 2126 4196 ?
2143 4144 2270 4198 Jam
2285 4159 2418 4196 vero
2434 4141 2574 4196 nihil
2595 4141 2666 4195 ad
2688 4141 3080 4196 refricandam
3101 4140 3197 4194 Dei
3220 4139 3348 4211 Opt.
3371 4139 3510 4193 Max.

1877 4234 2218 4289 memoriam
2237 4234 2521 4288 efﬁcacius
2543 4251 2718 4304 quam
2733 4234 3019 4304 ejusmodi
3037 4249 3234 4304 preces
3252 4231 3514 4303 privatim

1880 4327 2186 4381 recitandae
2233 4345 2244 4380 :
2293 4343 2537 4398 quarum
2586 4326 2862 4397 obligatio
2891 4327 2936 4379 si
2984 4325 3274 4380 nonnullis
3320 4322 3518 4377 durior

1879 4420 2104 4474 videtur
2126 4423 2184 4474 et
2211 4421 2514 4486 morosior,
2560 4419 2881 4472 timendum
2905 4421 2990 4471 est
3010 4435 3081 4471 ne
3109 4417 3168 4470 id
3195 4434 3261 4470 ex
3305 4415 3517 4469 divina-
3543 4427 3548 4433 '

1878 4529 2008 4566 rum
2024 4529 2217 4566 rerum
2232 4513 2401 4566 taedio
2431 4515 2487 4565 et
2512 4510 2742 4564 fastidio
2765 4510 3000 4564 oriatur.
3029 4495 3172 4564 Cum
3209 4507 3364 4561 enim
3390 4508 3518 4560 Bre-

155 4606 228 4659 sia
257 4624 429 4662 nemo
463 4621 727 4677 unquam
754 4603 956 4658 sedere
981 4601 1292 4674 conspexit,
1326 4624 1353 4650 »
1399 4604 1461 4655 ut
1486 4601 1696 4670 legitur
1723 4599 1781 4654 in
1801 4607 1860 4678 D
1882 4603 2655 4675 viarium(quodvocant)tria
2667 4602 3326 4670 contineatmagnopere
3355 4597 3515 4652 utilia

156 4698 242 4753 lib.
274 4716 308 4754 ιι
341 4700 410 4753 de
439 4700 568 4770 ejus
589 4697 734 4752 Vita.
764 4696 928 4760 Quod
952 4697 1129 4750 etiam
1153 4695 1223 4749 de
1246 4697 1440 4749 sancto
1463 4693 1780 4764 Epiphanio

151 4797 418 4851 Ticinensi
463 4796 740 4868 episcopo
773 4793 1074 4860 Ennodius
1111 4793 1286 4848 tradit
1333 4808 1344 4844 :
1394 4813 1421 4840 ››
1479 4793 1528 4844 Is
1563 4791 1780 4860 junctis

153 4889 381 4960 pedibus
409 4906 599 4960 usque
631 4888 704 4942 ad
733 4886 1294 4942 consummationem
1325 4883 1550 4956 mystici
1593 4884 1782 4954 operis

151 4987 288 5036 stare
310 5001 368 5038 se
391 4983 614 5036 debere
635 4980 958 5046 constituit;
983 4979 1062 5032 ita
1081 4981 1141 5033 ut
1155 4979 1397 5034 humore
1411 4975 1781 5046 vestigiorum

151 5076 319 5130 locum
349 5092 523 5130 suum
553 5073 903 5145 depingeret
931 5075 988 5126 et
1015 5073 1186 5142 longe
1213 5069 1622 5140 aspicientibus
1640 5067 1784 5122 indi-

151 5173 313 5223 caret.
329 5167 668 5248 »Quosdagn
683 5170 878 5221 tamen
894 5165 1152 5222 formulis
1165 5162 1495 5218 accubuisse
1511 5161 1784 5216 discimus

153 5279 212 5314 ex
233 5262 512 5333 Gregorio
543 5260 606 5314 in
629 5259 726 5312 lib.
770 5275 889 5324 VIII,
922 5275 1044 5328 cap.
1079 5259 1166 5322 3t,
1203 5255 1296 5309 ubi
1331 5255 1401 5310 de
1441 5257 1781 5310 Praetextato

149 5352 599 5426 Rothomagensi
618 5351 886 5423 pontiﬁce
906 5367 1084 5421 agens
1107 5367 1117 5404 :
1143 5372 1169 5397 ‹‹
1191 5346 1780 5418 Adveniente,inquit,

147 5446 439 5504 dominicae
453 5443 898 5501 resurrectionis
916 5443 1028 5509 die,
1043 5466 1070 5492 ››
1097 5443 1156 5498 id
1171 5444 1256 5496 est
1275 5439 1583 5506 dominica,
1605 5459 1634 5488 «
1650 5455 1782 5494 cum

147 5541 401 5596 sacerdos
429 5536 852 5611 (Prmtextatus)
881 5536 953 5590 ad
975 5535 1276 5608 implenda
1297 5531 1677 5589 ecclesiastica
1705 5532 1784 5586 of-

150 5633 266 5688 ﬁcia
285 5634 358 5688 ad
380 5630 692 5689 ecclesiam
719 5629 998 5684 maturius
1015 5630 1396 5700 properasset,
1437 5623 1784 5694 antiphonas

140 5725 290 5794 juxta
311 5721 805 5782 consuetudinem
850 5721 1099 5794 incipere
1147 5719 1339 5792 435
1392 5734 1494 5790 per
1519 5715 1783 5771 ordinem

145 5821 321 5891 cucpit.
341 5821 610 5889 Cumque
643 5815 794 5868 inter
817 5815 1176 5884 psallendum
1201 5813 1468 5867 formulae
1485 5809 1786 5864 decumbe-

149 5917 243 5979 rel,
275 5936 300 5960 ››
326 5916 434 5967 etc.
483 5911 546 5966 ld
587 5897 790 5964 tamen
837 5907 1124 5980 improbat
1161 5908 1360 5962 Petrus
1391 5903 1674 5973 Damiaui,
1724 5902 1783 5958 in

1882 4700 1938 4751 et
1969 4696 2348 4750 aediﬁcatione
2367 4697 2556 4766 plena,
2577 4695 2677 4748 Dei
2705 4693 2970 4748 videlicet
2995 4693 3214 4760 laudes,
3245 4691 3516 4746 lectiones

1881 4793 1938 4842 et
1963 4788 2272 4856 orationes,
2321 4788 2464 4842 nihil
2503 4786 2728 4842 homini
2771 4785 3042 4856 religioso
3086 4784 3328 4849 suavius,
3374 4783 3516 4836 nihil

1881 4882 2148 4947 sanctius,
2178 4897 2352 4952 quam
2380 4881 2477 4935 Dei
2509 4880 2706 4934 laudes
2748 4896 2814 4932 ex
2841 4877 3082 4933 Psalmis
3133 4877 3512 4948 depromptae,

1882 4992 2008 5045 qum
2027 4977 2285 5029 mentem
2304 4975 2377 5028 ad
2399 4975 2575 5028 Deum
2598 4973 2828 5044 rapiunt
2848 4975 3076 5026 etsacro
3099 4969 3272 5024 divini
3297 4969 3518 5024 amoris

1882 5068 2136 5137 igniculo
2163 5067 2500 5122 accendunt.
2527 5065 2673 5131 Quid
2695 5081 2828 5119 vero
2851 5062 3242 5119 ecclesiasticis
3263 5061 3515 5116 homini-

1881 5161 1986 5214 bus
2009 5160 2298 5231 antiquius
2321 5178 2443 5214 esse
2473 5161 2644 5214 debet
2665 5161 2764 5214 aut
2782 5156 3120 5212 familiarius
3136 5172 3308 5227 quam
3329 5155 3520 5209 lectio-

1884 5271 1986 5308 nes
2030 5270 2096 5306 ex
2145 5253 2452 5323 Scripturis
2481 5252 2704 5320 divinis,
2742 5269 2868 5323 qua:
2895 5250 3206 5322 plurimum
3247 5249 3305 5303 in
3349 5248 3520 5302 sacris

1884 5345 2083 5399 ofﬁciis
2115 5346 2305 5400 locum
2336 5345 2596 5400 habent?
2619 5345 2877 5416 Denique
2909 5343 3005 5414 qui
3036 5342 3288 5414 pressius
3319 5343 3376 5396 et
3397 5340 3524 5396 soli-

1885 5435 2009 5493 dius
2039 5437 2112 5492 ad
2134 5437 2499 5492 devotionem
2519 5453 2693 5500 quam
2717 5437 3010 5493 orationes
3032 5453 3132 5490 seu
3162 5435 3426 5490 Collectas
3449 5433 3520 5488 ab

1883 5531 2134 5586 Ecclesia
2161 5531 2434 5603 probatze,
2465 5547 2595 5612 cum
2628 5530 2920 5602 frequenti
2956 5528 3292 5584 recitatione
3324 5525 3515 5582 Domi-

1885 5625 2027 5678 nicae
2058 5623 2445 5696 precationis?
2472 5623 2620 5677 Nihil
2648 5623 2841 5694 itaque
2868 5622 2969 5676 Dei
3001 5620 3277 5676 ministris
3305 5633 3508 5673 convc-

1887 5718 2136 5772 nientius
2164 5717 2380 5771 institui
2409 5720 2635 5787 poterat
2659 5733 2832 5786 quam
2864 5715 3090 5769 illarum
3120 5727 3351 5784 precum
3375 5710 3506 5760 Bre-

1884 5809 2146 5874 viarium,
2170 5809 2216 5863 si
2244 5810 2418 5864 modo
2447 5827 2479 5862 a
2509 5808 2688 5863 nimia
2721 5807 3145 5880 prolixitate,‘et
3173 5803 3243 5855 ab
3279 5797 3512 5853 incertis

1885 5902 2135 5958 historiis
2148 5901 2218 5957 sit
2229 5905 2626 5974 rcpurgatum.
2653 5901 2713 5956 ld
2737 5917 2840 5972 pro
2863 5915 2962 5953 sua
2976 5887 3512 5968 providentia'iden-
