3970 6412
413 401 516 465 415
1206 406 1537 463 APPENDIX
1573 405 1661 461 AD
1696 399 1918 459 OPERA
1953 392 2186 450 SANCTl
2221 393 2518 450 GERMANI
2555 381 2986 450 PARlSlENSlS.
3679 386 3801 442 416

413 515 591 575 tidem
634 521 902 574 curarunt
926 513 1134 571 summi
1157 513 1470 586 pontiﬁces,
1506 509 1863 570 emendando
1897 509 2028 562 Bre-
2053 512 2112 586 Α
2129 499 2204 557 tis
2243 501 2446 572 ofﬁcia,
2478 500 2696 572 aliaque
2731 500 2791 555 id
2837 513 3016 572 genus
3060 495 3330 554 exercitia
3367 494 3624 553 virtutis.
3654 495 3803 551 Hac

413 611 588 667 viario
605 608 1036 681 Romano,quod
1061 607 1300 664 aliorum
1327 607 1652 678 exemplum
1676 619 1794 660 esse
1809 601 2030 657 debeat.
2131 597 2350 666 oportet
2375 594 2582 663 facere,
2617 593 2714 649 sed
2738 592 2858 665 pias
2883 591 3057 648 etiam
3081 591 3439 664 precationes
3466 605 3592 646 non
3618 587 3806 645 omit-

418 701 524 758 Sed
576 700 710 772 quia
751 699 929 753 multa
966 697 1026 752 in
1061 697 1180 752 dies
1217 715 1252 752 a
1283 697 1418 752 viris
1442 695 1618 751 doctis
1645 693 2030 755 illustrantur,
2131 693 2274 743 tere.

417 810 542 851 eam
565 794 626 849 in
643 809 700 850 se
725 808 923 848 curam
948 793 1118 848 etiam
1139 792 1506 862 susceperunt
1521 785 1772 858 episcopi
1787 782 2035 838 maxime
2206 785 2294 836 77.
2327 781 2516 852 Neque
2543 780 2747 836 desunt
2785 781 3045 852 diligenti
3081 796 3146 834 ac
3189 779 3424 835 cordato
3460 777 3590 834 viro
3635 782 3803 834 tem-

414 887 698 956 Gallicani,
717 903 966 958 quorum
991 887 1096 940 hac
1115 884 1174 938 in
1194 901 1256 938 re
1272 882 1538 938 sedulitas
1553 885 1609 935 et
1622 877 1821 949 religio
1841 875 2028 949 437
2134 873 2286 946 poris
2295 873 2585 930 intervalla
2599 878 2658 928 et
2668 873 2823 928 feria
2836 875 2909 929 ad
2925 878 3232 946 utrumque
3249 872 3674 944 prastandum,
3691 871 3809 926 ubi

414 981 549 1035 alios
578 981 648 1036 ad
687 981 838 1036 idem
867 996 1010 1052 opus
1031 977 1233 1032 merito
1258 975 1468 1030 incitat.
1495 975 1564 1028 Et
1587 972 1817 1044 quidem
1856 970 1917 1024 in
1941 986 2034 1025 ec-
2135 968 2307 1024 semel
2329 967 2450 1038 ejus
2476 967 2733 1022 animum
2765 967 2966 1038 pietas,
3001 971 3059 1022 et
3099 965 3422 1022 divinarum
3448 981 3680 1032 rerum,
3713 980 3812 1020 se-

414 1073 736 1128 clesiasticis
763 1071 958 1127 ofﬁciis
991 1092 1018 1122 «
1048 1087 1164 1124 non
1189 1068 1412 1124 novella
1438 1065 1624 1122 audiri
1651 1065 1814 1120 decet
1837 1063 1924 1118 vel
1953 1063 2034 1117 le-
2135 1059 2301 1115 clusis
2326 1060 2620 1115 inutilibus
2649 1059 2818 1129 curis,
2845 1059 3157 1116 sollicitudo
3191 1059 3486 1128 imbuerit,
3519 1075 3663 1114 cum
3707 1058 3805 1112 le-

415 1165 524 1234 via,
553 1185 580 1217 »
613 1170 676 1221 ut
709 1165 902 1220 scribit
927 1163 1241 1218 Bernardus
1270 1161 1330 1216 in
1355 1160 1588 1232 epistola
1634 1162 1738 1214 312
1769 1157 1840 1212 ad
1867 1158 2036 1210 Arre-
2139 1169 2339 1226 gamus
2353 1153 2648 1208 saculares
2672 1151 2820 1213 viros
2849 1155 2970 1222 (nec
2997 1157 3190 1208 nostra
3213 1156 3380 1208 atate
3396 1153 3580 1208 etiam
3603 1167 3810 1206 exem-

415 1274 718 1326 marenses,
756 1279 783 1307 ‹‹
811 1257 909 1312 sed
934 1261 1082 1312 certe
1114 1254 1438 1311 authentica
1467 1256 1523 1307 et
1547 1251 1797 1322 antiqua,
1829 1266 1958 1320 qua
1983 1253 2041 1303 et
2137 1247 2234 1319 pla
2257 1247 2500 1317 desunt),
2529 1245 2645 1301 imo
2687 1246 2857 1301 etiam
2889 1261 3075 1317 reges,
3107 1246 3206 1318 qui
3255 1251 3490 1302 strenue
3520 1261 3656 1301 rem
3683 1261 3808 1316 pu-

413 1351 710 1407 Ecclesiam
737 1350 1036 1419 aedificent,
1057 1353 1114 1404 et
1132 1347 1568 1404 ecclesiasticam
1589 1343 1881 1399 redoleant
1917 1357 2040 1413 gra-
2137 1339 2342 1396 blicam
2367 1355 2469 1410 per
2509 1355 2569 1394 se
2612 1339 2718 1410 ipsi
2755 1339 3242 1408 administrabant,
3287 1339 3439 1394 inter
3478 1342 3570 1394 tot
3607 1353 3806 1410 nego-

413 1445 662 1500 vitatem.
691 1443 850 1508 Quod
875 1443 923 1497 si
971 1459 1118 1497 nova
1147 1441 1344 1506 audire
1368 1439 1525 1507 libet,
1553 1442 1610 1492 et
1639 1453 1805 1492 causa
1848 1433 2038 1504 requi-
2139 1432 2349 1487 tiorum
2386 1432 2579 1486 turbas
2629 1432 2841 1486 eisdem
2888 1432 3306 1504 precationibus
3358 1449 3479 1488 non
3516 1432 3806 1488 defuisse.

414 1537 509 1604 rit,
538 1553 624 1604 ea,
652 1541 715 1591 ut
739 1536 874 1604 dixi,
895 1534 1216 1606 recipienda
1257 1531 1596 1598 censuerim,
1625 1545 1752 1601 qua
1778 1527 2042 1582 cordibus
2140 1525 2316 1595 Hujus
2341 1524 2424 1580 rei
2448 1528 2613 1580 testes
2640 1525 2781 1580 duos
2808 1526 3056 1596 appello,
3089 1526 3380 1581 Alfredum
3409 1525 3639 1581 scilicet
3679 1528 3809 1580 An-

415 1625 785 1694 audientium,
817 1640 931 1695 quo
961 1623 1225 1694 gratiora,
1255 1637 1322 1676 eo
1359 1619 1578 1674 utiliora
1623 1617 1820 1672 reddat
1844 1621 1900 1671 et
1922 1615 2040 1670 elo-
2143 1618 2367 1688 glorum
2417 1633 2635 1688 regem,
2691 1622 2748 1672 et
2789 1622 3048 1673 sanctum
3097 1619 3468 1674 Ludovicum.
3523 1617 3812 1674 Alfredus

415 1718 535 1790 quii
558 1718 803 1788 dignitas
830 1721 887 1771 et
911 1715 1173 1770 auctoris.
1200 1716 1373 1768 Porro
1393 1729 1555 1767 sensa
1579 1709 1895 1765 indubitata
1923 1723 2038 1762 res-
2141 1711 2373 1782 quippe,
2392 1710 2670 1766 referente
2689 1710 2823 1766 Vita
2849 1712 2972 1782 ejus
2987 1711 3259 1782 scriptore
3278 1716 3547 1766 accurato
3563 1715 3808 1778 Assem,

415 1811 719 1883 plendeant
770 1810 1019 1877 veritate,
1071 1811 1271 1862 sonent
1313 1804 1611 1876 justitiam,
1665 1801 2118 1883 humilitatem“
2148 1824 2176 1850 «
2203 1803 2350 1857 inter
2391 1802 2537 1856 bella
2579 1807 2636 1857 et
2670 1803 2968 1874 prasentis
3014 1803 3142 1860 vita
3185 1805 3515 1876 frequentia
3554 1803 3816 1876 impedi-

415 1869 703 1970 suadeant,
735 1903 974 1957 doceant
997 1869 1334 1972 aquitatem
1353 1915 1367 1953 :
1389 1913 1519 1968 qua
1539 1869 1712 1951 etiam
1734 1895 1930 1949 lumen
1958 1910 2047 1949 ve-
2063 1869 2122 1941 B
2146 1900 2358 1964 menta,
2391 1910 2613 1949 necnon
2635 1869 2992 1967 paganorum
3018 1869 3405 1952 infestatio-nes
3433 1901 3494 1952 et
3513 1869 3817 1969 quotidia-

417 2001 599 2056 ritatis
628 1999 912 2054 mentibus
955 1997 1200 2069 pariant,
1231 1997 1473 2050 formam
1499 1992 1772 2061 moribus,
1819 2007 2047 2046 crucem
2145 2005 2246 2044 nas
2273 1986 2524 2058 corporis
2563 1987 2942 2057 inﬁrmitates,
2991 1990 3143 2045 inter
3168 1990 3336 2062 regni
3372 1990 3813 2062 gubernacula,

416 2093 584 2161 vitiis,
613 2091 903 2146 affectibus
931 2089 1306 2156 devotionem,
1329 2086 1584 2142 sensibus
1613 2084 1985 2155 disciplinam.
2015 2103 2044 2134 π
2147 2081 2516 2137 nihilominus
2544 2079 2776 2140 missam
2804 2083 3057 2154 quotidie
3085 2083 3301 2150 audire,
3333 2084 3594 2155 psalmos
3625 2099 3814 2156 quos-

415 2187 518 2241 Tot
543 2185 736 2251 verba,
755 2187 842 2238 tot
865 2184 1110 2252 oracula,
1134 2180 1485 2236 sanctissimo
1514 2178 1770 2234 Ecclesia
1797 2179 1956 2232 Patre
1983 2193 2048 2232 ac
2147 2177 2280 2232 dam
2307 2179 2364 2230 et
2389 2173 2690 2244 orationes,
2720 2179 2776 2230 et
2800 2175 2969 2231 horas
2993 2175 3226 2232 diurnas
3253 2180 3311 2232 et
3351 2182 3680 2232 nocturnas
3712 2194 3813 2234 ce-

421 2279 650 2334 doctore
679 2276 872 2347 digna.
2145 2269 2384 2336 lebrare,
2439 2271 2494 2322 et
2543 2267 2820 2322 ecclesias.
2860 2274 3143 2334 nocturno
3182 2274 3462 2342 tempore,
3523 2271 3818 2326 orationis

491 2375 578 2426 76.
599 2371 903 2436 Caterum,
932 2373 993 2422 ut
1013 2369 1084 2423 ad
1128 2383 1358 2438 scopum
1383 2365 1634 2433 redeam,
1663 2379 1868 2435 parum
1899 2363 2046 2418 inte-
2147 2383 2333 2438 causa,
2360 2369 2504 2423 clam
2544 2379 2577 2415 a
2612 2363 2728 2418 suis
2756 2363 2911 2419 adire
2955 2364 3187 2418 solebat.
3221 2382 3249 2415 η
3292 2363 3381 2419 Sic
3423 2379 3563 2418 vero
3611 2368 3818 2420 totum

420 2469 533 2520 rest
557 2479 672 2536 quo
691 2463 823 2534 jure
851 2461 1101 2533 primum
1129 2460 1358 2514 inducta
1378 2459 1449 2513 sit
1473 2458 1594 2513 hac
1613 2456 1880 2512 Breviarii
1906 2456 2046 2510 reci-
2147 2461 2444 2533 cujuslibet
2476 2461 2586 2516 diei
2618 2474 2849 2515 cursum
2878 2456 3252 2528 expendebat,
3294 2477 3323 2506 ‹‹
3359 2460 3424 2512 ut
3450 2461 3586 2512 octo
3635 2458 3818 2514 horas

419 2557 573 2612 tandi
601 2555 886 2627 obligatio,
916 2556 1038 2626 lege
1065 2571 1140 2608 an
1169 2551 1596 2619 consuetudine,
1626 2567 1758 2606 cum
1791 2549 2048 2621 legitimo
2147 2555 2208 2609 in
2235 2554 2548 2620 scribendo,
2581 2552 2822 2624 legendo
2849 2553 2906 2606 et
2943 2550 3188 2618 orando;
3232 2554 3358 2605 octo
3388 2549 3452 2605 in
3491 2567 3642 2606 cura
3680 2569 3817 2608 cor-

418 2651 788 2705 fundamento
810 2647 1104 2716 innitatur,
1130 2645 1337 2702 scilicet
1361 2648 1646 2716 praecepto
1665 2643 1916 2714 generali
1936 2659 2049 2714 quo
2147 2647 2328 2718 poris;
2356 2651 2478 2702 octo
2497 2647 2556 2701 in
2571 2644 2922 2716 expediendo
2941 2643 3105 2714 regni
3129 2643 3360 2714 negotio
3374 2643 3816 2716 transigeret,»

418 2742 722 2798 Christiani
748 2756 945 2796 omnes
963 2740 1032 2794 ad
1045 2740 1248 2811 jugem
1268 2737 1654 2810 precationem
1679 2740 1966 2804 tenentur,
1994 2739 2052 2790 et
2149 2741 2303 2812 quod
2331 2740 2400 2795 de
2433 2756 2500 2795 eo
2531 2738 2724 2794 scribit
2750 2736 3064 2791 Willelmus
3107 2737 3425 2791 monachus
3450 2738 3816 2794 Malmesbu-

420 2835 645 2906 speciali
677 2835 772 2888 Dei
821 2832 1218 2888 ministrorum
1254 2830 1597 2896 conditione,
1628 2828 1728 2900 qui
1771 2833 1892 2882 toto
1931 2843 2050 2882 sese
2149 2833 2367 2888 riensis.
2396 2832 2621 2888 Utinam
2645 2830 2846 2885 similis
2876 2829 3142 2884 sedulitas
3166 2830 3390 2885 animos
3431 2836 3675 2887 nostros
3714 2849 3817 2888 oc-

421 2927 609 2982 divino
636 2925 812 2980 cultui
841 2923 1254 2995 manciparunt.
1281 2924 1330 2976 ls
1348 2921 1504 2976 enim
1527 2921 1782 2976 divinum
1803 2925 1862 2974 et
1895 2936 2052 2990 apos—
2149 2929 2398 2996 cuparet.
2429 2925 2506 2979 Do
2548 2927 2738 2978 sancto
2783 2922 3061 2978 Ludovico
3099 2921 3161 2976 id
3205 2923 3504 2978 memoria
3550 2926 3822 2996 prodidit

424 3020 658 3076 tolicum
682 3019 750 3072 de
777 3017 1128 3071 indesinente
1153 3015 1406 3070 oratione
1435 3018 1785 3085 praceptum
1811 3013 2051 3084 implere
2151 3023 2346 3073 auctor
2371 3019 2495 3090 ejus
2523 3015 2754 3088 aqualis
2777 3015 2839 3069 in
2865 3030 3126 3070 sermone
3157 3014 3394 3085 inedito,
3427 3033 3612 3088 quem
3651 3034 3816 3074 nun-

423 3117 702 3179 censetur,
735 3131 762 3160 ‹‹
794 3109 894 3181 qui
917 3108 1196 3164 canonicis
1220 3107 1375 3162 horis
1399 3107 1672 3179 quotidie,
1693 3108 1858 3178 juxta
1877 3106 2050 3161 ritum
2149 3128 2322 3182 quam
2345 3111 2478 3166 satis
2503 3109 2761 3165 laudatus
2780 3107 3056 3162 Antonius
3072 3108 3421 3164 Herovallius
3446 3110 3626 3166 nobis
3655 3127 3820 3168 com-

423 3203 806 3260 ecclesiastica
825 3201 1159 3270 traditionis,
1189 3201 1510 3272 psalmodiis
1521 3200 1888 3272 precibusque
1913 3217 2048 3254 con-
2071 3226 2124 3300 Ο
2149 3204 2458 3260 municavit
2485 3220 2499 3258 :
2533 3222 2560 3255 ε(
2589 3202 2802 3256 Omnes
2831 3201 2998 3256 horas
3027 3201 3340 3268 canonicas,
3369 3207 3427 3258 et
3455 3203 3529 3258 de
3558 3204 3823 3276 gloriosa

423 3298 594 3352 suetis
624 3298 799 3350 Deum
827 3295 1055 3349 laudare
1085 3297 1141 3348 et
1173 3311 1377 3365 rogare
1413 3310 1528 3348 non
1565 3293 1797 3363 desistit,
1830 3313 1856 3344 ι)
1884 3298 1945 3348 ut
1971 3293 2051 3348 ait
2083 3293 2124 3300 ⁷
2151 3297 2378 3369 Virgine
2407 3312 2632 3368 semper
2650 3311 2782 3350 cum
2807 3299 2938 3349 nota
2961 3294 3263 3362 audiebat;
3293 3295 3580 3352 submisse
3612 3302 3818 3354 tamen

425 3391 570 3444 Beda
595 3389 655 3443 in
679 3389 841 3443 Luca
871 3403 993 3458 cap.
1030 3390 1114 3441 18.
1143 3387 1285 3442 Sunt
1309 3387 1538 3458 quidem
1565 3390 1620 3441 et
1644 3387 1756 3441 alia
1794 3403 1910 3441 non
1938 3386 2048 3440 mi-
2150 3391 2375 3448 easdem
2404 3389 2554 3444 inter
2586 3405 2643 3444 se
2674 3393 2729 3443 et
2757 3388 3114 3459 capellanum
3143 3403 3315 3442 suum
3341 3393 3399 3444 et
3443 3406 3554 3460 pro
3609 3391 3822 3448 defun-

425 3480 867 3537 norismomenti
882 3497 1168 3534 sacrorum
1182 3479 2046 3547 ministrorumofﬁciaetonera;
2151 3484 2255 3540 ctis
2284 3499 2492 3539 novem
2518 3481 2786 3538 lectiones
2821 3481 3073 3552 quotidie
3108 3480 3350 3536 dicebat.
3378 3483 3570 3538 Media
3611 3485 3816 3560 439

427 3591 609 3645 neque
633 3574 704 3628 ad
747 3573 852 3627 hoc
892 3588 1073 3627 unum
1121 3572 1201 3626 eis
1235 3572 1505 3643 assignati
1547 3577 1680 3626 sunt
1703 3577 1818 3626 tam
1845 3572 2054 3644 copiosi
2152 3583 2317 3632 nocte
2359 3575 2626 3647 surgebat
2653 3575 2725 3629 ad
2767 3573 3153 3629 conﬁtendum
3203 3575 3470 3645 Domino,
3506 3582 3568 3632 et
3609 3579 3820 3651 regina

429 3667 682 3724 Ecclesia
731 3670 1059 3737 proventus,
1088 3665 1248 3736 quasi
1277 3665 1513 3719 recitato
1540 3665 1716 3719 semel
1743 3665 2050 3734 Breviario,
2152 3671 2315 3725 bona
2355 3668 2646 3724 memoria
2687 3667 2994 3739 aliquando
3040 3683 3174 3722 eum
3221 3673 3461 3739 propter
3510 3669 3714 3742 frigus
3749 3673 3819 3728 de

426 3759 677 3815 muneris
721 3759 807 3813 sui
851 3774 1141 3812 summam
1210 3757 1398 3812 statim
1467 3757 1833 3828 expleverint.
1883 3761 2052 3823 Qua-
2154 3763 2490 3818 vestimento
2530 3761 2718 3833 aliquo
2767 3761 3077 3832 operiebat.
3125 3780 3153 3812 ι»
3196 3761 3286 3816 Sic
3323 3761 3474 3816 nulli
3520 3780 3819 3837 unquam,

427 3853 555 3906 dam
583 3852 794 3924 quippe
818 3851 925 3906 alia
949 3851 1020 3904 ab
1059 3848 1448 3905 ecclesiasticis
1473 3849 1603 3904 viris
1630 3850 1954 3921 exiguntur,
1982 3852 2056 3906 le-
2156 3857 2327 3912 etiam
2370 3853 2816 3926 occupatissimo,
2871 3853 3052 3908 deerit
3087 3857 3315 3925 tempus
3371 3859 3430 3910 et
3487 3856 3686 3914 otium
3748 3859 3820 3915 ad

427 3945 535 3999 ctio
586 3949 643 3999 et
687 3943 937 3999 studium
977 3947 1298 3997 sanctarum
1335 3941 1750 4013 Scripturarum
1797 3949 1854 3999 et
1889 3960 2058 3999 sacra
2159 3950 2270 4004 Deo
2313 3947 2648 4016 vacandum,
2677 3946 2725 4000 si
2784 3945 3010 4018 pietatis
3053 3946 3308 4002 studium
3359 3964 3482 4005 non
3537 3950 3818 4009 defuerit.

424 4036 762 4106 traditionis,
788 4034 961 4090 divini
1004 4032 1198 4108 438
1235 4034 1388 4090 verbi
1441 4035 1778 4107 pradicatio,
1815 4039 2057 4095 charita-

1504 4415 1697 4489 440
1768 4379 2716 4498 APPENDIX

582 4565 1136 4669 Continens
1198 4567 1858 4699 probationes
1944 4574 2444 4702 quasdam
2521 4573 3004 4706 Liturgia
3095 4565 3672 4680 Gallicana

1529 4725 1622 4810 et
1703 4743 2071 4815 cursus
2156 4712 2700 4816 Gallicani.
3519 4731 3526 4740 '

1901 4905 2322 4920 ᾜ

463 5007 501 5062 l.
543 5023 804 5066 nommcx
844 5023 1004 5064 ram
1047 5023 1344 5071 seven-ws,
1384 5024 1452 5064 AD
1492 5024 1687 5066 mssu
1739 5026 2016 5069 OFFICIUM.
2074 5025 2134 5099 D
2226 5017 2384 5071 Dicat
2411 5016 2690 5086 presbyter
2730 5033 2746 5070 :
2783 5016 2888 5071 Per
2945 5013 3135 5070 omnia
3168 5014 3375 5070 sacula
3443 5020 3819 5076 saculorum.

866 5105 952 5158 Ea:
975 5102 1190 5158 Missali
1215 5102 1622 5157 Mozarabum'.
2157 5108 2222 5174 ιι).
2253 5111 2453 5164 Amen.

495 5195 630 5250 Ecce
680 5210 852 5266 super
889 5200 1109 5250 montes
1152 5195 1325 5266 pedes
1361 5195 1794 5268 evangelizantis
1835 5213 2052 5268 pacem,
2229 5204 2290 5257 In
2315 5202 2551 5256 adventu
2577 5203 2789 5258 Domini
2812 5216 2919 5257 non
2946 5201 3198 5264 dicimus,
3235 5200 3433 5258 Gloria
3461 5202 3529 5258 in
3561 5206 3821 5272 excelsis,

425 5286 667 5355 alleluia,
699 5291 756 5341 et
773 5288 1156 5342 annuntiantis
1181 5288 1348 5356 bona,
1377 5289 1598 5344 alleluia
1627 5305 1640 5344 :
1672 5289 1893 5344 celebra
1915 5291 2060 5345 Juda
2162 5296 2447 5351 Dominicis
2475 5295 2658 5350 diebus
2693 5299 2742 5350 et
2766 5296 2944 5362 feriis,
2972 5294 3065 5349 sed
3093 5297 3308 5348 tantum
3345 5294 3545 5353 diebus
3585 5301 3820 5366 festiuis.

425 5378 750 5434 festivitates
777 5384 903 5433 tuas
937 5379 1178 5444 alleluia,
1215 5385 1272 5434 et
1309 5382 1479 5437 redde
1523 5382 1759 5436 Domino
1800 5387 1926 5437 vota
1963 5387 2062 5437 tua
2874 5385 3086 5444 Oratio.’

426 5471 668 5526 alleluia.
699 5471 736 5532 Ῡ
769 5512 782 5525 .
809 5471 1078 5526 Dominus
1105 5471 1256 5525 dabit
1279 5474 1513 5528 verbum
1542 5475 2060 5545 evangelizantibus
2233 5482 2378 5534 Deus
2404 5481 2500 5552 qui
2529 5498 2631 5553 per
2655 5481 2941 5552 angelicos
2979 5481 3181 5535 choros
3213 5480 3536 5540 adventum
3563 5486 3694 5541 Filii
3746 5485 3825 5542 tui

431 5565 489 5618 in
517 5564 725 5618 virtute
771 5563 971 5618 multa.
998 5567 1087 5618 Ps.
1117 5563 1186 5618 Et
1214 5565 1404 5620 redde.
1434 5573 1473 5634 7
1509 5607 1522 5620 .
1549 5566 1733 5620 Gloria
1782 5573 1837 5623 et
1880 5569 2062 5624 honor
2163 5573 2388 5628 Domini
2425 5573 2601 5629 nostri
2638 5575 2768 5628 Jesu
2794 5571 3000 5628 Christi
3030 5573 3374 5630 annuntiare
3415 5577 3682 5648 voluisti,
3729 5579 3826 5652 qui

433 5656 578 5712 Patri
605 5660 662 5712 et
689 5655 826 5711 Filio
855 5663 910 5712 et
930 5655 1164 5726 Spiritui
1191 5662 1380 5712 sancto
1405 5658 1465 5712 in
1505 5658 1705 5712 sacula
1727 5663 2063 5717 saculorum
2164 5684 2267 5739 per
2294 5668 2627 5737 angelorum
2654 5665 2954 5738 praeconia,
2989 5665 3177 5720 Gloria
3227 5666 3288 5722 in
3335 5671 3584 5726 excelsis
3611 5673 3746 5738 Deo,
3771 5677 3825 5726 et

433 5765 618 5806 amen.
653 5751 718 5804 Et
746 5749 938 5806 redde.
2167 5763 2224 5818 in
2254 5765 2404 5817 terra
2431 5778 2539 5834 pax
2577 5759 2904 5816 hominibus
2934 5759 3100 5815 bona
3130 5760 3459 5828 voluntatis,
3489 5765 3823 5822 adclaman-

504 5876 526 5904 '
559 5876 691 5934 Vide
713 5893 842 5950 pag.
871 5879 939 5932 25
970 5879 1024 5934 et
1049 5889 1206 5946 seqq.
