3970 6416
189 359 290 412 417

845 361 931 416 AD
969 363 1454 422 PRECEDENTIA
1495 367 1824 424 LlTURGlE
1863 370 2279 428 MONUMENTA
2317 372 2652 428 APPENDIX
2689 373 2914 428 PRIMA.

3452 375 3554 430 418

187 464 338 518 tibus
367 463 794 563 demonstrasti,
826 471 1070 527 concede
1096 476 1160 526 ut
1202 474 1263 527 in
1317 475 1486 544 hujus
1531 475 1825 530 dominicae
1852 493 1909 563 Α
1931 481 2119 534 Habeo
2149 481 2328 550 igitur
2355 481 2596 551 gloriam
2623 481 2682 535 in
2705 481 2926 537 Christo
2951 481 3081 535 Jesu
3117 479 3184 535 ad
3217 480 3416 536 Deum.
3440 483 3558 535 Non

185 559 619 614 resurrectionis
657 561 976 633 festivitate,
1015 582 1128 635 pax
1168 567 1332 621 terris
1371 568 1586 622 reddita
1630 586 1831 624 conva-

183 651 375 720 lescat,
411 657 468 706 et
491 653 765 727 fraternae
789 656 1101 713 dilectionis
1138 659 1364 715 caritate
1404 661 1671 717 innovata
1709 679 1829 733 per-

185 748 445 799 maneat.
477 745 542 808 ἢὶ.
571 749 773 803 Amen.

253 840 417 892 Dicat
443 840 715 895 sacerdos.

253 931 366 984 Per
392 931 845 986 misericordiam
874 937 1050 1002 tuam,
1083 937 1226 990 Deus
1256 943 1465 1004 noster,
1502 939 1602 1009 qui
1642 955 1700 992 es
1738 939 1829 993 be-

182 1023 470 1092 nedictus,
500 1028 558 1078 et
581 1025 740 1092 vivis,
773 1030 828 1080 et
862 1028 1051 1081 omnia
1079 1030 1229 1100 regis
1251 1031 1310 1084 in
1357 1032 1561 1085 saecula
1603 1033 1828 1086 saeculo-

181 1131 335 1169 rum.
388 1113 454 1176 Β).
500 1118 702 1171 Amen.
747 1116 807 1176 Ῡ.
856 1119 1123 1174 Dominus
1159 1122 1230 1176 sit
1255 1138 1478 1193 semper
1519 1123 1822 1178 vobiscum.

183 1216 246 1282 at.
277 1213 506 1266 Etcum
535 1212 739 1284 spiritu
770 1219 887 1269 tuo.
1282 1224 1285 1226 ’

376 1354 566 1409 Lectio
594 1355 725 1409 libri
752 1356 927 1410 Esaiae
954 1358 1270 1429 prophetae.
1303 1363 1552 1430 Capttulo
1582 1378 1632 1414 ις.

253 1495 320 1556 ἢ).
356 1493 476 1546 Deo
508 1494 743 1563 gratias.

250 1585 399 1638 Ecce
446 1585 770 1640 dominator
796 1587 1064 1640 Dominus
1111 1589 1464 1643 exercituum
1507 1588 1823 1660 confringet

177 1676 556 1747 lagunculam
580 1677 762 1749 441
799 1679 858 1732 in
885 1684 1126 1747 terrore,
1157 1685 1212 1733 et
1241 1681 1442 1734 excelsi
1467 1685 1678 1735 statura
1697 1698 1819 1735 suc-

178 1770 469 1838 cidentur,
501 1771 838 1826 etsublimes
857 1772 1326 1840 humiliabuntur,
1357 1779 1411 1828 et
1430 1774 1824 1828 subvertentur

1932 573 2084 627 enim
2111 574 2293 627 audeo
2321 573 2530 644 aliquid
2575 575 2730 644 loqui
2769 591 2964 629 eorum
3011 591 3137 644 quae
3175 591 3278 645 per
3312 591 3403 628 me
3440 591 3554 627 non

1930 665 2098 720 efﬁcit
2132 666 2404 732 Christus,
2447 667 2506 720 in
2547 667 2922 722 obedientiam
2957 666 3232 737 gentium,
3288 667 3345 720 in
3386 667 3557 721 verbo

1929 762 1985 811 et
2019 759 2196 825 factis,
2226 758 2285 812 in
2310 759 2516 814 virtute
2544 759 2835 829 signorum
2856 764 2909 813 et
2934 759 3342 830 prodigiorum,
3366 759 3425 812 in
3451 760 3558 812 vir-

1926 854 2044 905 tute
2075 851 2310 921 Spiritus
2339 852 2548 920 sancti;
2579 851 2658 905 ita
2683 857 2747 905 ut
2781 851 2850 905 ab
2879 850 3068 922 442
3105 852 3412 906 Jerusalem
3455 867 3558 921 per

1927 943 2224 997 circuitum
2258 961 2436 1015 usque
2485 945 2552 998 ad
2603 945 2880 1014 Illyricum
2921 944 3256 1014 repleverim
3296 945 3553 1014 Evange-

1924 1035 2067 1089 lium
2091 1035 2315 1090 Christi.
2346 1037 2434 1092 Sic
2461 1042 2650 1091 autem
2679 1036 2973 1108 praedicavi
3020 1036 3126 1090 hoc
3167 1035 3552 1106 Evangelium,

1925 1144 2042 1182 non
2066 1128 2163 1182 ubi
2186 1129 2509 1184 nominatus
2555 1135 2637 1183 est
2678 1129 2947 1197 Christus,
2991 1145 3062 1182 ne
3101 1145 3271 1198 super
3309 1129 3554 1183 alienum

1923 1220 2356 1275 fundamentum
2383 1222 2743 1288 aedificarent,
2769 1222 2913 1276 sicut
2947 1221 3220 1292 scriptum
3262 1226 3380 1274 est:
3426 1221 3554 1284 Qui-

1923 1313 2026 1366 bus
2050 1330 2164 1367 non
2192 1318 2275 1368 est
2301 1314 2697 1368 annuntiatum
2723 1314 2790 1368 de
2811 1330 2876 1368 eo
2904 1314 3201 1380 videbunt,
3233 1318 3288 1368 et
3317 1313 3413 1384 qui
3438 1330 3551 1368 non

1922 1405 2223 1460 audierunt
2259 1406 2596 1478 intelligent.
2642 1409 2874 1478 Propter
2916 1406 3067 1476 quod
3099 1410 3154 1460 et
3202 1405 3553 1477 impediebar

1922 1498 2232 1568 plurimum
2262 1498 2452 1552 venire
2489 1500 2558 1553 ad
2593 1515 2706 1567 vos,
2748 1502 2804 1553 et
2844 1499 3159 1568 prohibitus
3203 1514 3327 1551 sum
3373 1514 3553 1568 usque

1922 1590 2125 1644 adhuc.
2163 1591 2318 1644 Nunc
2341 1608 2470 1645 vero
2494 1591 2730 1646 ulterius
2750 1591 2938 1645 locum
2965 1607 3078 1645 non
3115 1591 3327 1644 habens
3372 1591 3429 1643 in
3466 1590 3553 1643 his

1921 1683 2263 1753 regionibus,
2307 1683 2673 1754 cupiditatem
2713 1688 2902 1737 autem
2929 1683 3144 1738 habens
3187 1682 3449 1737 veniendi
3483 1683 3551 1735 ad

1921 1791 2016 1829 vos
2049 1792 2116 1829 ex
2161 1775 2352 1829 multis
2393 1777 2516 1845 jam
2569 1777 3014 1846 praecedentibus
3062 1776 3253 1843 annis;
3311 1791 3439 1828 cum
3493 1776 3551 1828 in

177 1863 472 1916 condensa
497 1864 672 1918 saltus
700 1865 820 1934 ejus
849 1865 1018 1931 ferro,
1051 1869 1108 1920 et
1147 1865 1387 1919 Libanus
1425 1883 1554 1920 cum
1594 1866 1822 1920 excelsis
1843 1851 1897 1920 Β
1922 1868 2240 1938 Hispaniam
2279 1868 2558 1939 proﬁcisci
2591 1885 2828 1939 coepero,
2857 1885 3018 1938 spero
3047 1869 3194 1939 quod
3223 1868 3552 1938 praeteriens

177 1956 369 2010 cadet.
407 1954 564 2027 [Cap.
594 1955 688 2028 XL]
725 1959 792 2011 Et
817 1958 1139 2028 egredietur
1163 1959 1319 2029 virga
1349 1959 1417 2013 de
1460 1959 1645 2013 radice
1672 1960 1821 2013 Jesse

175 2053 233 2102 et
260 2048 370 2102 flos
399 2049 471 2103 de
510 2050 696 2103 radice
725 2049 846 2119 ejus
884 2051 1164 2119 ascendet,
1211 2056 1267 2105 et
1303 2051 1614 2121 requiescet
1653 2067 1824 2122 super

176 2157 314 2195 eum
335 2142 582 2212 Spiritus
625 2143 866 2212 Domini,
914 2143 1142 2212 spiritus
1187 2144 1470 2214 sapientiae
1515 2150 1569 2198 et
1613 2145 1822 2198 intelle-

175 2239 323 2302 ctus,
357 2234 589 2305 spiritus
620 2235 835 2288 consilii
867 2239 924 2289 et
959 2236 1328 2302 fortitudinis,
1368 2237 1595 2307 spiritus
1638 2237 1818 2290 scien-

173 2327 272 2380 tia:
306 2333 367 2382 et
395 2327 620 2398 pietatis
645 2344 657 2380 :
700 2333 754 2382 et
779 2328 1017 2399 replebit
1043 2344 1174 2382 eum
1205 2329 1435 2399 spiritus
1461 2329 1678 2383 timoris
1713 2331 1816 2383 Do-

175 2420 346 2474 mini.
381 2421 508 2474 Non
538 2421 853 2475 secundum
901 2421 1172 2475 visionem
1206 2421 1497 2476 oculorum
1521 2422 1818 2491 judicabit,

175 2529 370 2584 neque
385 2513 704 2567 secundum
725 2514 983 2568 auditum
1002 2515 1224 2568 aurium
1248 2518 1478 2585 arguet;
1501 2515 1595 2569 sed
1609 2514 1823 2584 judica-

174 2605 262 2659 bit
299 2606 362 2659 in
394 2606 620 2675 justitia
657 2623 953 2676 pauperes,
1005 2613 1062 2660 et
1108 2612 1309 2676 arguet
1346 2607 1403 2659 in
1429 2607 1694 2677 aequitate
1721 2623 1822 2677 pro

176 2699 502 2752 mansuetis
545 2703 735 2752 terrae.
764 2700 832 2752 Et
861 2699 1136 2769 percutiet
1161 2703 1370 2754 terram
1397 2699 1554 2769 virga
1583 2700 1694 2753 oris
1715 2700 1820 2766 sui,

174 2795 234 2845 et
261 2790 475 2860 spiritu
498 2790 785 2845 labiorum
801 2791 1622 2862 suoruminterﬁcietimpium.
1637 2793 1704 2846 Et
1720 2792 1825 2846 erit

166 2883 403 2954 justitia
423 2883 724 2954 cingulum
751 2884 1078 2938 lumborum
1099 2884 1147 2954 ej
1158 2901 1240 2952 us,
1260 2889 1314 2938 et
1341 2884 1478 2938 ﬁdes
1493 2883 1823 2938 cinctorium

173 2991 393 3030 renum
443 2976 586 3045 ejus.
643 2976 924 3030 Habitabit
952 2977 1119 3046 lupus
1152 2992 1281 3030 cum
1312 2981 1490 3047 fagno,
1522 2981 1578 3031 et
1617 2977 1825 3046 pardus

173 3085 314 3123 cum
348 3068 518 3122 haedo
559 3069 855 3122 accubabit
887 3086 900 3122 :
945 3069 1151 3122 vitulus
1191 3074 1249 3142 et
1279 3070 1366 3122 leo
1404 3073 1460 3123 et
1497 3069 1612 3122 ovis
1659 3069 1826 3122 simul

1921 1959 2142 2013 videam
2181 1977 2294 2027 vos,
2335 1965 2392 2013 et
2433 1978 2465 2014 a
2503 1961 2657 2014 vobis
2697 1961 2940 2014 deducar
2983 1961 3136 2025 illuc,
3188 1961 3233 2013 si
3279 1961 3432 2014 vobis
3485 1977 3553 2015 ex

1920 2057 2081 2122 parte
2101 2053 2350 2122 primum
2375 2053 2579 2106 fruitus
2607 2053 2786 2107 fuero.
2816 2054 2972 2106 Nunc
3016 2053 3193 2121 igitur
3233 2053 3556 2123 proﬁciscar

1919 2143 1980 2197 in
2019 2145 2328 2200 Jerusalem
2359 2145 2677 2200 ministrare
2717 2145 2938 2199 sanctis.
2983 2145 3366 2200 Probaverunt
3403 2145 3555 2198 enim

1921 2237 2234 2291 Macedonia
2267 2241 2324 2292 et
2371 2237 2578 2292 Achaia
2617 2237 2970 2292 collationem
3005 2237 3255 2309 aliquam
3282 2237 3463 2292 facere
3497 2239 3558 2292 in

1922 2346 2199 2399 pauperes
2243 2335 2564 2384 sanctorum
2586 2330 2684 2401 qui
2711 2337 2842 2385 sunt
2872 2330 2929 2383 in
2965 2331 3290 2385 Jerusalem.
3346 2330 3560 2385 Placuit

1922 2421 2075 2475 enim
2105 2422 2202 2488 eis,
2232 2427 2287 2475 et
2317 2427 2449 2476 sunt
2473 2423 2750 2476 debitores
2777 2439 2995 2476 eorum.
3029 2424 3166 2476 Nam
3208 2423 3253 2475 si
3288 2423 3552 2492 spiritua-

1921 2514 2060 2568 lium
2087 2531 2282 2568 eorum
2307 2515 2606 2585 participes
2632 2515 2764 2569 facti
2795 2519 2925 2569 sunt
2951 2514 3208 2584 gentiles,
3254 2515 3460 2569 debent
3501 2521 3556 2569 et

1921 2607 1981 2661 in
2007 2606 2328 2660 carnalibus
2362 2608 2679 2661 ministrare
2725 2608 2823 2660 eis.
2869 2609 2980 2660 Hoc
3022 2607 3198 2676 igitur
3239 2623 3368 2660 cum
3419 2624 3551 2661 con-

1923 2716 2295 2767 summavero,
2323 2704 2378 2754 et
2403 2700 2755 2770 assignavero
2792 2700 2869 2754 eis
2899 2700 3148 2754 fructum
3177 2700 3346 2765 hunc,
3386 2701 3555 2770 profi-

1923 2793 2095 2846 ciscar
2119 2809 2220 2863 per
2244 2808 2340 2845 vos
2380 2792 2440 2846 in
2483 2792 2823 2862 Hispaniam.
2872 2791 2995 2847 Scio
3045 2797 3234 2846 autem
3283 2792 3551 2862 quoniam

1923 2885 2151 2940 veniens
2179 2886 2249 2938 ad
2275 2901 2392 2951 vos,
2424 2884 2481 2938 in
2508 2884 2849 2938 abundantia
2900 2883 3300 2939 benedictionis
3340 2885 3556 2940 Christo

1924 2978 2168 3031 veniam.
2199 2980 2261 3044 R).
2289 2981 2488 3032 Amen.

1996 3072 2150 3124 Dicat
2169 3071 2415 3125 sacerdos
2445 3089 2462 3124 :
2509 3069 2778 3124 Dominus
2804 3069 2874 3123 sit
2899 3085 3122 3140 semper
3147 3070 3457 3126 vobiscum.
3485 3068 3554 3132 Β).

172 3161 587 3229 morabuntur,
628 3166 684 3216 et
707 3178 850 3231 puer
875 3162 1144 3231 parvulus
1170 3161 1411 3216 minabit
1448 3178 1561 3216 eos.
1612 3162 1824 3216 Vitulus
1849 3205 1896 3231 η
1926 3163 1993 3216 Et
2021 3178 2172 3216 cum.

173 3260 235 3309 et
260 3271 436 3308 ursus
473 3259 794 3324 pascentur,
824 3254 991 3307 simul
1016 3254 1369 3324 requiescent
1395 3254 1561 3308 catuli
1605 3270 1822 3323 eorum,

173 3354 235 3402 et
264 3348 356 3401 leo
380 3347 541 3417 quasi
569 3347 673 3401 bos
701 3347 957 3401 comedet
982 3347 1191 3417 paleas.
1224 3349 1289 3400 Et
1326 3347 1695 3401 delectabitur
1733 3348 1822 3401 in-

170 3441 307 3495 fans
333 3440 408 3493 ab
436 3439 610 3494 ubere
639 3456 809 3510 super
832 3439 1110 3494 foramina
1137 3439 1366 3510 aspidis,
1393 3445 1448 3493 et
1493 3440 1554 3494 in
1587 3456 1826 3494 caverna

171 3533 395 3603 reguli,
427 3532 528 3603 qui
566 3532 878 3586 ablactatus
904 3532 1094 3599 fuerit,
1131 3548 1362 3586 manum
1415 3549 1576 3586 suam
1617 3533 1822 3588 mittet.

171 3628 305 3681 Non
335 3625 626 3680 nocebunt
652 3631 709 3680 et
748 3642 862 3679 non
913 3624 1170 3680 occident
1215 3625 1274 3678 in
1321 3625 1585 3679 universo
1635 3630 1826 3680 monte

170 3725 386 3775 sancto
413 3735 562 3786 meo,
593 3719 726 3789 quia
747 3718 961 3788 repleta
996 3722 1079 3772 est
1116 3721 1267 3772 terra
1315 3717 1544 3772 scientia
1582 3718 1822 3787 Domini,

171 3815 330 3870 sicut
355 3828 521 3882 aquae
545 3812 716 3865 maris
746 3810 1068 3881 Operientis.
1100 3813 1161 3864 In
1191 3811 1280 3864 die
1321 3810 1416 3864 illa
1458 3811 1638 3866 Radix
1678 3813 1825 3865 Jesse

173 3907 284 3978 qui
313 3910 429 3960 stat
456 3906 515 3958 in
537 3904 766 3975 signum
795 3904 1156 3976 populorum,
1182 3905 1363 3974 ipsum
1395 3909 1588 3974 gentes
1623 3905 1822 3974 depre-

174 3999 496 4064 cabuntur,
548 4002 604 4051 et
647 3997 754 4051 erit
810 3997 1134 4068 sepulcrum
1193 3997 1315 4066 ejus
1368 3997 1693 4066 gloriosum.
1759 4003 1823 4067 ιι).

172 4096 394 4150 Amen.

253 4188 421 4241 Dicat
442 4183 729 4253 presbyter
745 4185 803 4245 in
823 4197 983 4236 cornu
997 4185 1276 4236 sinistrum
1295 4183 1520 4236 altaris:
1549 4183 1825 4236 Dominus

173 4280 254 4334 sit
303 4292 538 4348 semper
578 4275 889 4330 vobiscum.
950 4272 1013 4336 Β).
1059 4277 1124 4329 Et
1165 4292 1316 4329 cum.
1362 4277 1666 4330 Psallendo.
1719 4276 1825 4339 Qui

173 4372 282 4427 dat
311 4371 506 4424 nivem
535 4370 682 4423 sicut
708 4370 919 4436 lanam,
943 4368 1208 4422 nebulam
1233 4368 1385 4422 velut
1406 4368 1656 4423 cinerem
1673 4385 1825 4438 spar-

175 4466 301 4537 git;
331 4464 434 4534 qui
458 4463 667 4516 emittit
686 4461 1241 4532 chrystallumsuam
1267 4462 1410 4515 sicut
1436 4461 1613 4516 frusta
1638 4461 1820 4532 panis.

1847 3205 1899 3278 C

1961 3255 2146 3309 Lectio
2177 3254 2349 3308 sancti
2385 3254 2669 3323 Evangelii
2708 3256 3018 3310 secundum
3045 3257 3274 3310 Lucam.
3317 3258 3448 3326 Cap.
3479 3271 3557 3312 ιιι.

1996 3345 2059 3407 ἢ).
2095 3349 2294 3404 Chorus
2322 3366 2337 3401 :
2372 3346 2553 3400 Gloria
2583 3347 2702 3412 tibi,
2724 3347 2976 3402 Domine.

1993 3442 2153 3493 Anno
2179 3439 2377 3510 quinto
2397 3439 2613 3493 decimo
2633 3439 2855 3509 imperii
2885 3440 3090 3494 Tiberii
3129 3441 3380 3511 Caesaris,
3425 3457 3550 3512 pro-

1926 3537 2153 3586 curante
2185 3532 2380 3585 Pontio
2405 3531 2580 3584 Pilato
2609 3532 2886 3600 Judaeam,
2918 3533 3195 3586 tetrarcha
3232 3539 3422 3588 autem
3461 3536 3561 3588 Ga-

1923 3625 2061 3678 lileaz
2103 3625 2336 3690 Herode,
2380 3623 2639 3693 Philippo
2682 3629 2872 3678 autem
2914 3625 3088 3678 fratre
3126 3625 3245 3694 ejus
3279 3627 3558 3680 tetrarcha

1929 3717 2125 3770 ltureze
2163 3720 2218 3770 et
2253 3715 2621 3769 Traconitidis
2656 3715 2922 3785 regionis,
2960 3720 3015 3770 et
3050 3715 3266 3770 Lisania
3324 3718 3561 3772 Abilina:

1925 3809 2232 3876 tetrarcha;
2289 3809 2390 3861 sub
2449 3807 2796 3878 principibus
2853 3809 3202 3864 sacerdotum
3267 3813 3433 3864 Anna
3500 3816 3560 3866 et

1925 3901 2169 3973 Caipha;
2197 3901 2406 3954 factum
2435 3907 2518 3955 est
2541 3901 2776 3955 verbum
2804 3901 3026 3955 Domini
3055 3919 3224 3972 super
3241 3903 3559 3958 Johannem

1926 3995 2200 4049 Zachariae
2243 3993 2425 4048 ﬁlium
2473 3993 2531 4047 in
2577 3994 2830 4064 deserto;
2861 3999 2917 4048 et
2940 3994 3094 4049 venit
3116 3996 3174 4048 in
3203 4012 3431 4051 omnem
3459 4014 3548 4052 re-

1928 4089 2155 4158 gionem
2177 4087 2449 4156 Jordanis,
2482 4087 2794 4158 praedicans
2837 4089 3181 4159 baptismum
3218 4090 3562 4160 paenitentiae

1924 4180 1983 4234 in
2027 4181 2416 4235 remissionem
2452 4184 2830 4250 peccatorum,
2882 4181 3025 4236 sicut
3067 4182 3337 4252 scriptum
3381 4189 3462 4238 est
3504 4183 3563 4238 in

1925 4272 2070 4328 libro
2114 4290 2442 4328 sermonum
2486 4275 2675 4344 Esayte
2726 4274 3062 4344 prophetae:
3117 4277 3232 4329 Vox
3274 4276 3565 4330 clamantis

1923 4367 1983 4420 in
2011 4367 2228 4421 deserto
2257 4386 2272 4420 :
2299 4368 2494 4420 Parate
2516 4366 2664 4419 viam
2700 4367 2946 4434 Domini,
2994 4371 3169 4421 rectas
3204 4368 3368 4422 facite
3403 4369 3565 4424 semi-

1924 4463 2010 4512 tas
2037 4460 2176 4529 ejus.
2207 4459 2401 4513 Omnis
2434 4458 2594 4511 vallis
2617 4458 2975 4528 implebitur;
3007 4465 3062 4512 et
3091 4460 3272 4512 omnis
3314 4476 3476 4514 mons
3509 4467 3563 4515 et

174 4562 331 4614 Ante
369 4556 573 4610 faciem
596 4554 826 4626 frigoris
873 4554 993 4624 ejus
1036 4553 1163 4626 quis
1201 4553 1515 4608 subsistet?
1553 4551 1614 4612 Ῡ.
1666 4551 2080 4636 MittitDcollis
2128 4551 2551 4618 humiliabitur;
2596 4555 2651 4603 et
2702 4555 2867 4603 erunt
2909 4567 3078 4619 prava
3130 4552 3188 4604 in
3230 4551 3459 4620 directa,
3509 4558 3565 4608 et

172 4651 433 4706 verbum
465 4665 635 4703 suum
661 4652 718 4702 et
741 4647 1058 4718 liquefaciet
1078 4664 1164 4716 ea,
1213 4647 1311 4701 ﬁat
1345 4647 1574 4718 spiritus
1610 4647 1730 4716 ejus
1773 4651 1828 4701 et

172 4745 373 4800 ﬂuent
399 4759 586 4813 aquae.
617 4745 682 4797 P.
715 4743 880 4795 Ante.

254 4839 424 4893 Dicat
449 4835 694 4890 sacerdos
722 4853 738 4888 :
767 4833 1064 4889 Silentium
1092 4833 1280 4888 facite.

254 4928 572 5000 Sequentia
610 4927 871 4998 Epistolas
912 4927 1066 4980 Pauli
1121 4925 1354 4998 apostoli
1401 4925 1470 4979 ad
1523 4924 1825 4979 Romanos.

175 5025 323 5096 Cap.
355 5038 450 5076 xv.

253 5113 604 5186 Respondeat
631 5114 819 5168 chorus
846 5131 861 5166 :
894 5112 1006 5167 Deo
1034 5111 1267 5182 gratias.-

254 5209 512 5265 Fratres.
550 5207 748 5261 Certus
783 5221 909 5260 sum
949 5221 1054 5275 ego
1095 5204 1213 5275 ipse
1253 5205 1320 5259 de
1356 5204 1528 5273 vobis,
1563 5203 1830 5274 quoniam

175 5311 236 5361 et
267 5303 381 5374 ipsi
408 5299 566 5372 pleni
609 5299 740 5354 estis
790 5298 1109 5366 dilectione,
1151 5298 1352 5369 repleti
1397 5297 1552 5351 omni
1579 5295 1828 5366 scientia,

174 5400 259 5454 ita
317 5401 386 5450 ut
423 5392 652 5465 possitis
695 5392 838 5447 alter
883 5391 1217 5445 alterutrum
1253 5407 1508 5446 monere.
1553 5389 1832 5444 Audacius

175 5495 388 5546 autem
414 5485 613 5557 scripsi
652 5482 827 5553 vobis,
870 5483 1089 5550 fratres,
1123 5499 1189 5537 ex
1231 5488 1407 5553 parte,
1450 5488 1738 5554 tamquam
1773 5482 1832 5536 in

175 5581 531 5640 memoriam
561 5595 659 5632 vos
687 5575 983 5644 reducens,
1012 5582 1245 5647 propter
1283 5575 1524 5646 gratiam
1553 5592 1679 5646 quae
1707 5575 1834 5629 data

176 5681 266 5734 est
295 5674 447 5730 mihi
488 5690 521 5727 a
549 5672 689 5738 Deo,
722 5673 784 5724 ut
808 5669 916 5724 sim
933 5668 1190 5723 minister
1219 5668 1424 5723 Christi
1446 5670 1577 5722 Jesu
1605 5668 1662 5722 in
1691 5684 1830 5739 gen-

175 5770 356 5840 tibus,
393 5764 760 5823 sanctiﬁcans
803 5760 1176 5833 Evangelium
1226 5761 1340 5830 Dei,
1386 5766 1450 5815 ut
1498 5761 1594 5815 ﬁat
1628 5759 1833 5816 oblatio

179 5864 447 5940 gentium
491 5860 733 5930 accepta
774 5861 829 5911 et
880 5853 1218 5911 sanctificata
1248 5853 1308 5909 in
1357 5853 1567 5927 Spiritu
1621 5858 1831 5910 sancto.

1928 4660 2124 4714 aspera
2150 4644 2209 4696 in
2235 4643 2348 4696 vias
2374 4643 2571 4712 planas
2596 4658 2609 4696 :
2643 4645 2700 4694 et
2719 4642 2928 4696 videbit
2955 4643 3136 4697 omnis
3166 4660 3293 4697 caro
3321 4645 3559 4699 salutare

1931 4736 2046 4790 Dei.
2079 4736 2299 4790 Dicebat
2325 4751 2459 4805 ergo
2489 4735 2558 4788 ad
2587 4735 2776 4789 turbas
2802 4735 2901 4805 qui
2929 4736 3182 4790 exierant
3219 4741 3285 4791 ut
3317 4737 3558 4808 baptiza-

1928 4834 2126 4884 rentur
2154 4829 2222 4882 ab
2251 4829 2370 4899 ipso
2397 4847 2413 4882 :
2454 4827 2750 4882 Genimina
2789 4829 3128 4899 viperarum,
3157 4831 3282 4900 quis
3319 4831 3561 4885 ostendit

1929 4922 2083 4976 vobis
2111 4922 2308 4993 fugere
2334 4939 2365 4975 a
2405 4924 2641 4976 ventura
2677 4921 2795 4975 ira?
2837 4920 3002 4976 facite
3043 4938 3177 4992 ergo
3219 4923 3432 4977 fructus
3475 4924 3559 4978 di-

1932 5032 2074 5086 gnos
2121 5015 2487 5086 paenitentiae.
2527 5016 2593 5068 Et
2639 5030 2710 5068 ne
2749 5013 3025 5084 cmperitis
3067 5015 3296 5070 dicere:
3340 5018 3563 5072 Patrem

1931 5108 2204 5162 habemus
2228 5107 2532 5162 Abraham.
2566 5107 2698 5160 Dico
2713 5107 2866 5160 enim
2891 5107 3067 5176 vobis,
3088 5107 3221 5178 quia
3253 5114 3453 5180 potens
3485 5115 3572 5164 est

1932 5202 2075 5255 Deus
2102 5201 2169 5256 de
2191 5200 2471 5270 lapidibus
2496 5199 2616 5253 istis
2659 5199 2923 5253 suscitare
2965 5200 3106 5254 ﬁlios
3148 5201 3405 5257 Abrahae.
3447 5205 3569 5258 Jam

1932 5294 2083 5348 enim
2127 5293 2335 5347 securis
2371 5292 2441 5346 ad
2481 5292 2726 5346 radicem
2761 5292 2974 5346 arboris
3014 5293 3191 5364 posita
3243 5300 3346 5350 est.
3375 5297 3570 5352 Omnis

1933 5403 2068 5458 ergo
2088 5386 2254 5440 arbor
2276 5383 2466 5456 443
2480 5401 2594 5439 non
2619 5385 2825 5439 faciens
2844 5386 3090 5441 fructum
3119 5387 3333 5443 bonum
3353 5390 3570 5444 excide-

1937 5484 2046 5549 tur,
2077 5483 2133 5534 et
2156 5479 2216 5532 in
2241 5478 2432 5549 ignem
2452 5477 2726 5532 mittetur.
2758 5479 2823 5532 Et
2847 5478 3276 5551 interrogabant
3298 5498 3429 5537 eum
3457 5485 3569 5536 tur-

1933 5573 2039 5641 bae,
2079 5572 2326 5626 dicentes
2354 5587 2367 5625 :
2397 5570 2541 5634 Quid
2577 5586 2711 5642 ergo
2739 5570 3049 5626 faciemus?
3077 5574 3438 5645 Respondens
3461 5590 3564 5627 au-

1932 5669 2049 5720 tem
2086 5664 2304 5719 dicebat
2337 5664 2448 5718 illis
2492 5681 2507 5731 ;
2554 5663 2658 5727 Qui
2697 5663 2870 5719 habet
2909 5665 3046 5720 duas
3082 5667 3298 5720 tunicas
3334 5667 3425 5719 det
3450 5681 3565 5717 non

1933 5757 2186 5827 habenti,
2214 5762 2270 5814 et
2295 5757 2394 5829 qui
2413 5756 2582 5812 habet
2607 5773 2756 5812 escas
2789 5757 3047 5813 similiter
3076 5758 3259 5813 faciat.
3288 5758 3567 5810 Venerunt

1932 5856 2120 5909 autem
2147 5855 2202 5908 et
2246 5850 2532 5924 publicani
2557 5855 2622 5908 ut
2649 5850 3084 5923 baptizarentur,
3125 5853 3179 5904 et
3205 5849 3465 5904 dixerunt
3491 5846 3560 5907 ad
