3970 6472
386 379 489 433 419

1169 377 1498 433 ΑΡΡΕΝΒῘΧ
1537 378 1624 432 AD
1660 377 1878 434 OPERA
1917 373 2149 433 SANCTI
2185 377 2483 434 GERMANI
2522 375 2946 433 PARISIENSIS.

3671 371 3795 428 tam

385 487 550 540 illum
579 501 594 540 :
623 481 896 556 Magister,
920 483 1056 555 quid
1081 484 1352 540 faciemus
1369 487 1396 540 ?
1415 490 1486 540 At
1509 487 1600 541 ille
1621 487 1762 541 dixit
1788 487 1857 540 ad
1885 503 1978 540 eos
2005 502 2019 538 :
2045 499 2103 570 Α
2125 490 2181 540 et
2206 487 2264 540 in
2295 490 2603 557 conspectu
2629 485 2924 540 seniorum
2958 481 3207 538 alleluia.
3241 459 3458 552 illaec
3483 481 3653 536 dicet
3677 484 3797 536 Do-

389 579 540 634 Nihil
564 577 804 648 amplius
839 593 1013 648 quam
1040 578 1191 648 quod
1219 580 1590 634 constitutum
1620 585 1704 634 est
1730 579 1908 648 vobis,
1938 581 2020 633 fa-

389 671 564 726 ciatis.
591 671 1012 739 lnterrogabant
1031 676 1221 726 autem
1243 688 1376 726 eum
1404 677 1460 728 et
1483 673 1708 740 milites,
1732 673 1975 727 dicentes
2005 691 2018 728 :

387 763 531 828 Quid
547 762 815 816 faciemus
834 767 1002 817 etnos
1021 764 1048 817 ‘l
1070 765 1137 818 Et
1153 765 1232 818 ait
1245 765 1356 818 illis
1381 781 1394 818 :
1416 765 1716 820 Neminem
1739 767 2022 821 concutia-

390 855 480 923 tis,
503 871 689 926 neque
719 855 1061 910 calumniam
1087 857 1322 924 faciatis,
1347 862 1404 912 et
1437 858 1686 913 contenti
1717 865 1889 914 estote
1921 859 2022 913 sti-

389 948 614 1020 pendiis
644 949 857 1004 vestris.
896 950 1261 1004 Existimante
1297 955 1487 1005 autem
1515 952 1749 1022 populo,
1783 958 1838 1007 et
1867 953 2022 1024 cogi-

389 1041 638 1096 tantibus
679 1042 940 1096 omnibus
978 1043 1037 1096 in
1081 1043 1340 1097 cordibus
1386 1044 1501 1098 suis
1543 1044 1613 1098 de
1651 1045 1920 1114 Johanne,
1953 1063 2024 1101 ne

389 1135 534 1189 forte
559 1135 678 1204 ipse
705 1141 847 1189 esset
881 1135 1170 1203 Christus;
1203 1137 1494 1208 respondit
1519 1137 1800 1192 Johannes
1835 1139 2025 1194 dicens

391 1227 658 1282 omnibus
685 1245 698 1282 :
733 1230 846 1298 Ego
877 1229 1107 1299 quidem
1135 1246 1283 1300 aqua
1308 1230 1532 1301 baptizo
1563 1248 1680 1300 vos,
1707 1231 1896 1286 veniet
1922 1249 2024 1287 au-

227 1355 240 1435 1
280 1342 364 1423 /
392 1324 509 1375 tem
536 1321 734 1424 fortior
761 1337 854 1376 me
878 1327 1007 1393 post
1041 1339 1154 1392 me,
1184 1323 1344 1394 cujus
1372 1340 1487 1378 non
1521 1341 1648 1379 sum
1683 1325 1889 1396 dignus
1915 1326 2024 1379 sol-

392 1429 523 1467 vere
551 1413 852 1483 corrigiam
878 1415 1378 1471 calciamentorum
1397 1417 1542 1488 ejus.
1574 1419 1691 1488 Ipse
1721 1435 1817 1472 vos
1842 1419 2025 1490 bapti-

397 1507 545 1560 zabit
573 1505 632 1560 in
661 1507 869 1578 Spiritu
899 1513 1092 1563 sancto
1123 1513 1180 1563 et
1209 1509 1349 1579 igni,
1377 1511 1536 1581 cujus
1564 1511 1942 1566 ventilabrum
1968 1511 2027 1566 in

397 1617 571 1654 manu
603 1600 742 1670 ejus,
775 1605 831 1654 et
855 1601 1122 1672 purgabit
1157 1619 1346 1656 aream
1373 1619 1554 1672 suam,
1585 1608 1642 1658 et
1666 1605 2030 1674 congregabit

396 1694 648 1749 triticum
675 1693 732 1748 in
759 1693 1032 1748 horreum
1072 1712 1258 1766 suum,
1287 1697 1477 1767 paleas
1504 1701 1696 1752 autem
1735 1698 2032 1752 comburet

393 1787 515 1858 igni
555 1787 992 1858 inextinguibili.
1025 1790 1195 1844 Multa
1223 1790 1454 1861 quidem
1483 1795 1540 1845 et
1568 1791 1675 1845 alia
1702 1791 2024 1860 exhortans,

397 1880 816 1950 evangelizabat
840 1883 1068 1952 populo.
1099 1879 1162 1944 Β).
1192 1887 1391 1939 Amen.

467 1977 623 2030 Dicat
653 1976 935 2045 presbyter
981 1995 998 2030 :
1037 1975 1308 2031 Dominus
1341 1977 1413 2031 sit
1458 1994 1682 2049 semper
1716 1978 2025 2034 vobiscum.

399 2070 464 2136 Β).
494 2069 562 2121 Et
589 2084 740 2122 cum.

470 2163 627 2216 Dicat
679 2163 906 2215 chorus:
936 2161 1148 2215 Lauda.
1201 2163 1460 2217 Alleluia.
1509 2173 1569 2233 ψ.
1624 2164 1776 2219 Mitte
1844 2165 2026 2231 nobis,

401 2253 664 2319 Domine,
689 2253 958 2308 auxilium
993 2253 1062 2308 de
1085 2258 1302 2322 sancto,
1330 2260 1388 2310 et
1407 2257 1477 2312 de
1507 2256 1644 2312 Sion
1677 2263 1737 2312 tu
1761 2274 1895 2312 erue
1928 2276 2030 2313 nos

402 2346 650 2400 alleluia.
681 2349 899 2402 Interim
940 2349 1156 2418 quando
1195 2351 1382 2405 eho-ms
1417 2352 1554 2405 dicit
1593 2352 1852 2420 Alleluia,
1880 2353 2033 2422 offert

402 2440 645 2494 sacerdos
678 2441 907 2496 hostiam
949 2457 1066 2496 cum
1094 2443 1276 2506 calice,
1315 2448 1366 2498 et
1400 2459 1517 2499 cum
1557 2447 1890 2500 orationibus
1916 2461 2033 2515 qua

403 2538 715 2603 sequuntur.

471 2627 846 2698 Acceptabilis
871 2628 942 2682 sit
967 2629 1245 2700 Majcstati
1265 2633 1395 2697 tuae,
1421 2630 1790 2702 omnipotens
1817 2635 2032 2686 aeterne

401 2723 566 2787 Deus,
600 2719 722 2774 haec
747 2721 982 2788 oblatio,
1011 2737 1185 2792 quam
1210 2723 1310 2777 tibi
1337 2724 1630 2778 offerimus
1656 2741 1760 2796 pro
1782 2725 2034 2778 reatibus

405 2817 464 2867 et
489 2813 834 2867 facinoribus
865 2815 1075 2867 nostris
1106 2819 1164 2868 et
1194 2832 1296 2885 pro
1329 2815 1638 2870 stabilitate
1681 2823 1890 2873 sanctae
1939 2835 2032 2872 ca-

405 2905 629 2960 tholica:
663 2909 721 2959 et
743 2907 1181 2976 apostolicus"...
1213 2909 1348 2962 ﬁdei
1379 2910 1708 2965 cultoribus.
1737 2913 1846 2966 Per
1875 2911 2030 2966 Chri-

407 3002 558 3052 stum
584 2997 894 3052 Dominum
915 3003 1194 3054 nostrum.
1219 3002 1280 3053 In
1311 3001 1547 3056 nomine
1563 3004 1742 3058 Patris
1759 3012 1798 3074 οξ·
1817 3009 1875 3058 et
1914 3004 2032 3059 Filii

410 3094 468 3145 et
496 3091 738 3162 Spiritus
770 3092 968 3146 sancti.
1001 3095 1206 3146 Amen.
1237 3097 1562 3150 Dimittendo
1587 3101 1842 3166 patenam
1877 3114 2036 3168 super

407 3186 731 3255 corporales.
781 3187 982 3240 Deinde
1015 3188 1250 3256 accipiat
1280 3189 1495 3243 calicem
1533 3193 1914 3261 sanctiﬁcando
1937 3195 2032 3248 sic.

411 3279 475 3332 ln
504 3277 741 3332 nomine
769 3278 951 3333 Patris
970 3287 1008 3350 -ι-
1030 3283 1088 3334 et
1108 3280 1229 3334 Filii
1258 3285 1317 3334 et
1343 3281 1584 3352 Spiritus
1607 3285 1807 3353 sancti,
1841 3304 2031 3342 amen.

1129 3381 1318 3432 Oratio.

483 3464 786 3519 Offerimus
806 3463 927 3532 tibi,
950 3464 1212 3532 Domine,
1237 3469 1474 3522 calicem
1495 3469 2037 3526 adbcnedicendum

415 3558 758 3629 sanguinem
781 3560 986 3614 Christi
1012 3560 1110 3614 filii
1142 3561 1246 3627 tui,
1276 3561 1770 3635 deprecamurque
1793 3567 2039 3620 clemen-

409 3651 549 3706 tiam
585 3655 768 3722 tuam,
809 3657 872 3708 ut
919 3657 1053 3708 ante
1087 3659 1456 3725 conspectum
1487 3657 1694 3712 divinae
1732 3659 2038 3729 Majestatis

409 3748 542 3812 tuae,
580 3763 711 3801 cum
747 3747 923 3802 odore
960 3749 1253 3803 suavitatis
1297 3750 1586 3817 ascendat,
1626 3767 1732 3821 per
1765 3753 2036 3808 eumdem

409 3839 698 3894 Christum
725 3841 1034 3895 Dominum
1063 3845 1344 3896 nostrum.
1367 3845 1572 3896 Amen.
1616 3845 1788 3900 Ponat
1821 3847 2038 3902 calicem

407 3949 566 4004 super
593 3950 770 3996 aram,
789 3940 841 3988 et
868 3938 1102 4004 accipiat
1128 3936 1354 4004 ﬁliolam
1377 3939 1491 3990 sine
1513 3940 1952 4007 sanctiﬁcatione,
1988 3946 2039 3996 et

404 4031 576 4096 ponat
595 4041 757 4096 super
781 4027 1001 4082 calicem
1029 4027 1253 4082 dicendo
1278 4030 1354 4082 sic
1381 4047 1398 4082 :

1126 4129 1313 4179 Oratio.

487 4211 685 4284 444
735 4213 892 4266 Hanc
947 4212 1320 4281 oblationem,
1373 4231 1717 4286 quaesumus,
1770 4218 2035 4287 Domine,

411 4307 668 4377 placatus
713 4305 970 4373 admitte,
1010 4309 1068 4360 et
1107 4307 1365 4362 omnium
1428 4310 1793 4364 offerentium
1839 4329 2038 4367 eorum

411 4416 514 4470 pro
546 4399 752 4470 quibus
791 4399 891 4453 tibi
931 4400 1170 4455 offertur
1192 4405 1428 4472 peccata
1459 4403 1716 4474 indulge,
1751 4422 1856 4476 per
1879 4405 2036 4461 Chri-

411 4497 560 4548 stum
588 4493 894 4548 Dominum
922 4498 1202 4563 nostrum,
1232 4512 1422 4552 amen.

482 4591 551 4644 Et
575 4589 724 4643 dicat
738 4587 943 4658 junctis
959 4591 1206 4645 manibus
1226 4591 1538 4648 inclinanda
1556 4607 1630 4647 se.

1119 4692 1312 4742 Oratio.

482 4783 544 4834 In
583 4775 784 4849 spiritu
815 4774 1150 4831 humilitatis
1184 4781 1242 4832 et
1266 4778 1325 4832 in
1365 4777 1559 4834 animo
1595 4779 1840 4834 contrito
1878 4781 2045 4834 susci-

411 4874 657 4945 piamur,
678 4869 942 4938 Domine,
965 4873 1086 4938 ate,
1110 4876 1168 4925 et
1185 4871 1261 4926 sic
1282 4872 1383 4926 fiat
1403 4872 1742 4927 sacrificium
1761 4877 2040 4943 nostrum,

411 4971 474 5021 ut
500 4984 534 5021 a
561 4971 618 5021 te
654 4965 1030 5036 suscipiamur
1059 4965 1251 5032 hodie,
1283 4968 1347 5020 ut
1385 4967 1610 5036 placeat
1635 4966 1758 5033 tibi,
1800 4967 2042 5022 Domine

414 5063 580 5114 Deus.
612 5060 772 5126 Veni,
803 5062 997 5113 sancte
1033 5059 1274 5130 Spiritus
1305 5059 1710 5127 sanctificator,
1755 5061 2044 5116 sanctiﬁca

415 5155 521 5208 hoc
549 5153 888 5207 sacrificium
929 5153 998 5206 de
1028 5153 1295 5208 manibus
1325 5153 1468 5207 meis
1497 5153 1598 5207 tibi
1630 5158 2039 5226 praeparatum.

413 5249 516 5302 Hie
537 5251 709 5318 ponat
751 5249 1017 5301 incensum
1054 5250 1112 5302 in
1150 5247 1442 5311 thuribulo,
1484 5252 1534 5302 et
1565 5250 1793 5304 incenset
1835 5251 2041 5318 sacriﬁ-

414 5344 557 5394 cium
595 5342 644 5393 si
670 5340 957 5410 placuerit.
995 5345 1185 5396 Postea
1221 5343 1436 5396 inclinet
1467 5357 1520 5398 se
1557 5343 1802 5398 sacerdos
1837 5345 1895 5397 in
1931 5359 2041 5398 me-

415 5435 568 5488 dium
593 5433 786 5488 altaris
813 5433 1015 5503 junctis
1039 5435 1309 5499 manibus,
1341 5441 1391 5490 et
1416 5437 1563 5491 dicat
1587 5437 1706 5490 alta
1735 5451 1856 5490 voce
1883 5455 1900 5490 :
1927 5436 2041 5490 Ad-

408 5527 606 5598 juvate
632 5542 745 5595 me,
786 5528 1011 5596 fratres,
1047 5528 1104 5583 in
1147 5529 1500 5584 orationibus
1540 5527 1758 5595 vestris,
1789 5531 1846 5581 et
1885 5533 2043 5584 orate

417 5637 522 5692 pro
549 5637 643 5674 me
692 5621 765 5675 ad
805 5623 1006 5678 Deum.
1045 5625 1244 5682 Chorus
1282 5622 1602 5693 respondeat
1648 5637 1665 5672 :
1705 5619 1949 5692 Adjuvet
1989 5627 2043 5677 te

419 5716 590 5768 Pater
617 5719 675 5768 et
703 5716 871 5771 Filius
901 5720 960 5771 et
989 5716 1230 5787 Spiritus
1246 5718 1493 5770 sanctus.
1521 5717 1592 5771 Et
1605 5715 1852 5770 sacerdos
1869 5721 2047 5772 vertat

417 5823 472 5863 se
489 5809 565 5864 ad
583 5811 847 5880 populum
871 5814 922 5866 et
938 5811 1114 5879 faciat
1138 5809 1465 5880 o/fertorium
1481 5810 1530 5864 si
1549 5809 1798 5873 voluerit,
1827 5815 1877 5865 et
1899 5811 2048 5866 dicat

419 5903 606 5956 chorus
631 5905 967 5973 sacriﬁcium.
1000 5901 1289 5971 Regnabit
1322 5901 1596 5958 Dominus
1621 5902 1679 5958 in
1707 5903 2042 5974 Jerusalem,

2121 579 2332 645 minus,
2359 579 2465 632 erit
2495 579 2654 649 quasi
2684 581 2848 648 pater
2875 575 3271 631 habitantibus
3313 577 3675 641 Jerusalem,
3735 578 3797 627 et

2125 672 2222 742 qui
2261 671 2589 726 inhabitant
2614 671 2672 724 in
2702 671 2860 738 Sion,
2891 673 2947 724 et
2971 669 3120 724 dabo
3163 670 3387 723 clavem
3419 669 3642 724 domus
3677 668 3800 722 Da-

2123 769 2215 822 vid
2242 786 2412 840 super
2439 769 2710 822 humeros
2737 769 2879 839 ejus,
2913 772 2971 822 ct
3001 768 3226 839 aperies
3259 785 3272 834 ;
3309 771 3367 822 et
3404 784 3525 822 non
3562 769 3656 820 est
3687 765 3797 838 qui

2125 867 2353 920 claudat
2375 868 2710 932 Jerusalem,
2735 865 2980 920 alleluia.

2195 967 2293 1020 Hic
2319 967 2552 1034 accipiat
2577 965 2820 1018 sacerdos
2851 981 3054 1034 aquam
3098 967 3157 1018 in
3203 965 3485 1025 manibus,
3533 969 3589 1018 et
3633 963 3798 1016 dicat

2125 1058 2336 1112 silentio
2378 1073 2538 1127 super
2574 1058 2894 1112 oblationem
2935 1074 3052 1111 cum
3092 1058 3264 1112 tribus
3291 1057 3487 1126 digitis
3511 1073 3528 1108 :
3559 1058 3630 1110 In
3680 1073 3796 1110 no-

2126 1149 2281 1204 mine
2307 1150 2486 1204 Patris
2506 1151 2544 1212 ’ἒ
2565 1154 2622 1204 et
2653 1149 2774 1204 Filii
2800 1154 2858 1204 et.
2883 1149 3125 1220 Spiritus
3155 1150 3336 1204 sancti
3371 1165 3598 1220 regnas
3633 1150 3800 1204 Deus

2128 1238 2184 1292 in
2213 1240 2418 1292 saecula
2448 1240 2807 1307 saeculorum,
2842 1256 3035 1293 amen.

2195 1343 2418 1397 Inclinat
2445 1358 2498 1397 se
2521 1348 2645 1397 ante
2667 1343 2862 1404 altare,
2881 1348 2932 1397 et
2955 1343 3100 1398 dicat
3127 1343 3186 1395 in
3209 1343 3428 1396 silentio
3457 1343 3636 1396 istam
3666 1355 3800 1395 ora-

2129 1437 2321 1490 tionem
2348 1454 2365 1489 :

2199 1524 2478 1577 Accedam
2511 1523 2582 1576 ad
2615 1527 2667 1577 te
2695 1523 2752 1577 in
2778 1523 3100 1578 humilitate
3136 1523 3369 1594 spiritus
3396 1521 3541 1592 mei,
3573 1523 3802 1593 loquar

2131 1615 2203 1669 ad
2229 1619 2306 1681 te,
2341 1615 2473 1686 quia
2511 1617 2753 1670 multam
2787 1633 2968 1686 spem,
3010 1619 3067 1669 et
3111 1617 3528 1671 fortitudinem
3572 1616 3804 1670 dedisti

2130 1708 2292 1763 mihi.
2319 1710 2398 1762 Tu
2423 1725 2582 1779 ergo,
2606 1709 2684 1762 ﬁli
2715 1709 2912 1776 David,
2945 1709 3042 1780 qui
3060 1711 3347 1764 revelatus
3367 1710 3688 1781 mysterio,
3722 1709 3803 1763 ad

2132 1819 2235 1857 nos
2259 1801 2316 1856 in
2345 1819 2579 1856 carnem
2606 1802 2830 1869 venisti,
2859 1804 3014 1856 clave
3046 1803 3228 1858 crucis
3252 1808 3366 1858 tuae
3397 1808 3637 1858 secreta
3662 1820 3803 1858 cor-

2050 1865 2105 1936 B
2130 1897 2215 1950 dis
2245 1896 2361 1950 mei
2407 1895 2664 1967 adaperi,
2706 1865 2940 1950 mittens
2979 1913 3159 1950 unum
3205 1897 3276 1951 de
3319 1897 3646 1968 Seraphin,
3695 1897 3806 1968 qui

2129 1989 2396 2044 candenti
2421 1989 2670 2043 carbone
2699 1989 2819 2056 illo,
2843 1989 2940 2060 qui
2958 1990 3029 2044 de
3058 1989 3224 2044 altari
3256 1993 3354 2045 tuo
3378 1991 3658 2044 sublatus
3687 1994 3802 2058 est,

2131 2082 2424 2136 sordentia
2466 2082 2618 2136 labia
2654 2098 2786 2136 mea
2825 2083 3120 2149 emundet,
3178 2087 3444 2138 mentem
3495 2083 3805 2149 enubilet,

2131 2175 2376 2230 docendi
2425 2175 2726 2229 materiam
2781 2175 3194 2243 subministret,
3250 2179 3315 2230 ut
3368 2177 3585 2247 lingua
3662 2193 3802 2248 quae

2131 2269 2521 2342 proximorum
2553 2269 2782 2322 utilitati
2819 2285 2922 2338 per
2952 2269 3253 2323 caritatem
3281 2270 3478 2332 servit,
3512 2287 3596 2324 ne
3631 2286 3802 2325 erro-

2133 2367 2209 2420 ris
2235 2367 2464 2420 insonet
2503 2383 2719 2433 casum,
2765 2365 2867 2420 sed
2911 2366 3167 2420 veritatis
3212 2368 3454 2422 resultet
3504 2368 3642 2422 sine
3680 2369 3806 2422 ﬁne

2133 2459 2502 2530 praeconium,
2534 2477 2638 2530 per
2663 2462 2718 2513 te
2745 2460 2894 2513 Deus
2924 2476 3088 2514 meus
3117 2459 3214 2530 qui
3234 2461 3370 2514 vivis
3391 2465 3450 2515 et
3477 2478 3716 2532 regnas
3745 2462 3808 2516 in

2134 2554 2337 2608 saecula
2364 2554 2723 2622 saeculorum,
2753 2570 2944 2608 amen.
3017 2537 3031 2549 ’

2703 2720 2931 2764 INCIPIT
2972 2720 3183 2764 MISSA.

2203 2807 2358 2859 Dicat
2388 2805 2663 2874 presbyter
2697 2821 2714 2856 :
2741 2805 3018 2859 Dominus
3059 2805 3130 2859 sit
3174 2821 3407 2876 semper
3453 2807 3808 2864 vobiscum.

2135 2899 2196 2964 Β).
2228 2902 2294 2954 Et
2321 2918 2450 2955 cum
2472 2900 2692 2972 spiritu.

2831 2989 3023 3038 Oratio.

2207 3081 2395 3155 445
2428 3083 2749 3137 Adventum
2776 3082 3004 3136 Domini
3033 3083 3216 3138 nostri
3238 3085 3372 3138 Jesu
3400 3086 3649 3156 Christi,
3685 3089 3812 3144 fra-

2136 3181 2252 3232 tres
2287 3176 2659 3242 dilectissimi,
2702 3176 2846 3230 votis
2883 3177 3152 3231 omnibus
3196 3179 3640 3248 praestolantes,
3701 3184 3811 3238 Dei

2135 3271 2317 3324 Patris
2352 3269 2832 3340 omnipotentiam
2857 3269 3255 3340 imploremus,
3287 3275 3351 3325 ut
3377 3274 3565 3328 corda
3596 3282 3811 3331 nostra

2135 3363 2415 3434 puriﬁcet,
2445 3366 2502 3416 et
2533 3379 2773 3433 corpora
2800 3363 3172 3418 immaculata
3201 3370 3531 3422 conservet.
3562 3369 3684 3423 Det
3707 3371 3812 3425 ha-

2135 3457 2418 3511 bilitatcm
2438 3455 2695 3509 fidelium
2717 3457 3008 3510 mentibus
3030 3457 3282 3512 ﬁdeliter
3315 3475 3616 3530 quaerere,
3644 3463 3812 3535 quod

2137 3549 2304 3604 saluti
2341 3553 2533 3620 posset
2564 3549 2856 3620 prodesse.
2885 3551 3291 3621 Exspectemus
3318 3554 3695 3611 conscientia
3729 3575 3816 3612 se-

2137 3661 2273 3697 cura
2292 3647 2618 3711 venturum,
2645 3659 2817 3713 quem
2845 3660 3018 3714 super
3043 3661 3280 3699 omnem
3311 3647 3728 3720 principatum
3756 3657 3812 3706 et

2137 3739 2479 3808 potestatem
2497 3737 2783 3790 credimus
2801 3739 3134 3792 exaltatum.
3155 3738 3349 3794 Simus
3363 3741 3549 3796 etiam
3569 3760 3686 3814 per
3697 3745 3813 3799 sin-

2139 3831 2274 3901 gula
2302 3834 2598 3884 momenta
2625 3830 2867 3896 solliciti,
2901 3833 2964 3884 ut
2995 3847 3331 3887 mereamur
3367 3834 3603 3892 habere
3640 3840 3808 3910 prin-

2139 3923 2369 3994 cipium,
2387 3940 2558 3994 quem
2571 3923 2862 3977 credimus
2881 3927 2938 3976 et
2954 3925 3294 3980 fatemurad
3304 3927 3677 3996 judicandos
3701 3950 3810 3987 nos

2139 4017 2292 4070 vivos
2320 4021 2378 4069 et
2397 4021 2654 4072 mortuos
2677 4017 2744 4073 in
2765 4017 2948 4087 gloria
2971 4033 3094 4072 esse
3119 4022 3453 4076 venturum.
3488 4021 3556 4085 Β).
3581 4026 3804 4080 Amen.

2139 4113 2294 4165 Dicat
2311 4112 2593 4180 presbyter
2615 4123 2633 4158 :
2662 4112 2772 4165 Per
2801 4109 3258 4166 misericordiam
3293 4117 3478 4183 tuam,
3504 4117 3670 4172 Deus
3697 4137 3804 4174 no-

2141 4207 2274 4269 ster,
2317 4203 2414 4273 qui
2450 4220 2510 4256 es
2552 4203 2908 4269 benedictus,
2949 4209 3007 4259 et
3045 4205 3184 4259 vivis
3215 4209 3275 4260 et
3309 4209 3519 4264 omnia
3543 4213 3711 4284 regis
3746 4215 3806 4268 in

2140 4297 2344 4351 szecula
2357 4297 2713 4351 saeculorum.
2735 4295 2796 4359 Β).
2819 4300 3024 4352 Amen.
3045 4302 3201 4355 Dicat
3218 4302 3508 4371 presbyter
3535 4306 3810 4363 elevando

2139 4405 2350 4446 manus.
2399 4390 2658 4445 Oremus.
2703 4390 2765 4455 Ri.
2829 4393 3050 4456 Chorus,
3091 4393 3288 4464 Agios,
3333 4397 3540 4466 Agios,
3599 4401 3806 4472 Agios,

2141 4483 2380 4539 Domine
2414 4485 2582 4552 Deus,
2613 4501 2709 4538 rex
2731 4489 2968 4554 interne,
3002 4486 3104 4541 tibi
3131 4488 3334 4543 laudes
3365 4492 3426 4544 et
3453 4493 3705 4562 gratias.

2063 4599 2123 4671 D
2215 4577 2403 4642 Postea
2428 4586 2575 4641 dicat
2591 4587 2874 4657 presbyter
2899 4603 2917 4639 :

2215 4680 2523 4735 Ecclesiam
2565 4685 2824 4734 sanctam
2851 4682 3201 4738 catholicam
3229 4685 3288 4739 in
3326 4687 3708 4745 orationibus
3747 4691 3806 4746 in

2143 4778 2336 4828 mente
2370 4774 2706 4840 habeamus,
2739 4777 2800 4828 ut
2843 4791 2972 4829 eam
3011 4765 3291 4833 Dominus
3318 4780 3459 4848 ﬁde,
3497 4787 3560 4837 et
3589 4801 3717 4856 spe,
3749 4791 3809 4840 et

2143 4868 2377 4922 caritate
2407 4867 2686 4938 propitius
2711 4869 2989 4939 ampliare
3017 4870 3310 4940 dignetur.
3329 4873 3558 4930 Omnes
3585 4880 3804 4950 lapsos,

2143 4961 2412 5033 captivos,
2432 4961 2710 5028 inﬁrmos,
2729 4965 2900 5032 atque
2921 4965 3264 5034 peregrinos
3281 4967 3340 5020 in
3363 4974 3576 5025 mente
3591 4973 3807 5028 habea-

2143 5072 2290 5121 mus,
2321 5057 2382 5108 ut
2406 5071 2503 5108 eos
2527 5055 2802 5109 Dominus
2831 5056 3112 5127 propitius
3157 5059 3479 5131 redimere,
3507 5082 3726 5121 sanare
3749 5070 3806 5122 et

2143 5149 2470 5203 confortare
2507 5148 2795 5218 dignetur.
2837 5147 2899 5212 ﬂ}.
2953 5153 3156 5209 Chorus
3199 5167 3217 5202 :
3268 5156 3515 5224 Praesta,
3560 5164 3804 5229 aeterne,

2145 5241 2512 5312 omnipotens
2537 5242 2704 5295 Deus.

2214 5346 2367 5398 Dicat
2387 5345 2666 5412 presbyter
2691 5346 2860 5400 aliam
2889 5350 3209 5405 orationem.

2214 5437 2473 5504 Puriﬁca,
2503 5438 2742 5492 Domine
2767 5440 2934 5508 Deus,
2961 5442 3134 5496 Pater
3159 5445 3570 5518 omnipotens,
3605 5469 3805 5524 pecca-

2145 5533 2335 5584 torum
2356 5547 2566 5586 arcana
2595 5536 2942 5602 nostrorum,
2974 5540 3326 5610 cunctasque
3361 5545 3663 5615 propitius
3689 5563 3807 5600 ma-

2145 5624 2299 5678 culas
2310 5624 2475 5680 ablue
2489 5629 2876 5697 peccatorum,
2893 5645 2957 5682 ac
2974 5634 3208 5700 prmsta,
3233 5633 3510 5703 Domine,
3539 5644 3607 5694 ut
3621 5641 3799 5696 bene-

2144 5717 2273 5772 ﬁcio
2301 5717 2530 5790 pietatis
2551 5723 2684 5787 tuae,
2709 5721 2918 5774 nostris
2945 5723 3284 5780 criminibus
3313 5731 3654 5802 emundati,
3680 5753 3804 5790 me-

2145 5811 2423 5867 tuendum
2437 5813 2868 5886 terribilemque
2883 5815 3199 5874 adventum
3213 5821 3452 5878 Domini
3467 5829 3663 5884 nostri
3674 5831 3700 5886 J
3709 5847 3805 5884 esu

2147 5905 2351 5962 Christi
2383 5907 2479 5963 filii
2509 5908 2586 5963 tui
2617 5914 3014 5981 exspectemus
3035 5912 3284 5973 interriti
3318 5935 3332 5973 :
3358 5918 3588 5992 sicque,
3617 5927 3674 5978 te
3705 5923 3808 5980 ini-
