3970 6430
133 395 208 448 421

755 385 843 444 AD
881 387 1368 446 PBJECEDENTIA
1405 388 1734 446 LlTURGle

1853 387 2181 446 DNUMENTA
2219 389 2550 446 APPENDIX
2591 391 2814 447 PRIMA.

3353 393 3453 447 4‘2?

134 501 344 566 serante,
384 495 475 550 hic
516 495 813 568 percipere
859 513 1182 552 mereamur
1218 496 1472 551 omnium
1513 497 1735 551 veniam
1757 510 1814 582 Α
1835 498 2015 552 socies
2043 497 2451 564 numerandos,
2483 515 2624 568 quos
2655 498 2714 551 in
2754 495 2888 551 ﬁdei
2928 495 3264 568 primordio,
3297 515 3330 551 a
3358 499 3449 552 Jo-

135 591 454 655 delictorum,
482 593 548 643 ut
583 593 749 644 tuum
783 589 844 664 in
867 589 1061 644 futuro
1079 589 1362 660 judicium
1405 589 1564 643 nobis
1603 606 1731 644 sen-

135 686 314 738 tiamus
337 682 566 737 omnino
596 682 984 750 mitissimum,
1015 687 1072 736 et
1093 682 1341 736 dextera:
1369 686 1479 736 tua:
1506 681 1732 752 partici-

134 796 217 849 pes
252 777 392 846 facti,
429 793 463 828 a
508 779 564 829 te
600 791 925 829 mereamur
960 778 1248 846 perpetua:
1286 774 1412 828 vitae
1448 774 1736 844 percipere

135 869 428 941 premium,
456 872 738 938 tuumque
778 883 1194 937 consequemur
1222 866 1515 936 invictum,
1545 865 1734 920 inﬁni-

137 969 240 1016 tum
263 964 316 1016 et
340 958 716 1014 fortissimum
741 975 1007 1030 regnum.
1041 959 1106 1022 nl.
1135 961 1335 1013 Amen.

192 1056 331 1110 Dicat
369 1052 650 1123 presbyter
678 1071 694 1105 :
727 1052 833 1104 Per
870 1050 1313 1105 misericordiam
1353 1055 1534 1118 tuam,
1577 1053 1722 1105 Deus

135 1151 320 1212 noster,
347 1145 407 1200 in
442 1145 607 1215 cujus
645 1148 967 1214 conspectu,
1005 1147 1332 1198 sanctorum
1356 1144 1740 1214 apostolorum

138 1247 183 1296 et
215 1243 538 1309 martyrum,
585 1237 968 1292 confessorum
1003 1241 1171 1307 atque
1199 1235 1483 1306 virginum
1512 1237 1740 1290 nomina

137 1333 436 1388 recitantur.
465 1329 527 1390 Ri.
563 1331 786 1388 Chorus.
829 1333 1029 1384 Amen.
1068 1332 1222 1384 Dicat
1249 1331 1525 1399 presbyter
1554 1348 1570 1382 τ
1599 1329 1740 1383 Otie-

137 1431 252 1481 runt
271 1426 375 1478 Deo
402 1423 644 1478 Domino
669 1422 1013 1477 oblationem
1040 1422 1355 1476 sacerdotes
1373 1421 1572 1491 nostri,
1595 1437 1740 1492 papa

137 1517 490 1586 Romensis,et
507 1515 720 1586 reliqui
747 1531 850 1586 pro
881 1531 942 1570 se
976 1519 1034 1570 et
1060 1531 1164 1586 pro
1194 1513 1351 1568 omni
1370 1515 1520 1568 clero
1545 1531 1609 1568 ac
1627 1515 1740 1585 ple-

135 1612 275 1666 bibus
302 1609 549 1664 Ecclesiae
585 1608 813 1662 sibimet
839 1607 1200 1678 consignatis,
1237 1607 1325 1660 vel
1351 1623 1454 1677 pro
1479 1607 1740 1660 universa

133 1703 472 1758 fraternitate.
491 1703 635 1756 Item
647 1700 1140 1755 oﬁ'eruntuniversi
1153 1699 1486 1770 presbyteri,
1501 1699 1736 1768 diaconi,

135 1796 316 1864 clerici,
355 1812 417 1850 ac
456 1794 658 1866 populi
686 1793 1113 1848 circumstantes
1146 1791 1340 1864 446
1369 1792 1428 1846 in
1464 1793 1739 1846 honorem

1835 591 2028 645 hanne
2059 591 2120 644 in
2148 590 2397 645 Jordane
2429 591 2776 661 panitentiee
2798 591 2966 644 undis
2994 607 3273 660 aquarum
3303 591 3458 644 ablu-

1834 686 1942 748 tos,
1978 700 2011 736 a
2042 685 2097 736 te
2144 687 2435 753 postremo
2479 699 2582 753 per
2615 683 2814 736 Filium
2842 683 2900 738 in
2929 683 3140 753 Spiritu
3172 686 3368 737 sancto
3401 687 3457 737 et

1835 775 1954 845 igni
2003 775 2405 845 cognoscimus
2457 775 2791 845 baptizatos.
2843 778 3174 846 Respondeat
3220 778 3454 831 chorus:

1834 870 2037 922 Amen.
2069 871 2223 924 Dicat
2260 870 2539 938 presbyter
2569 885 2586 920 :
2615 868 2760 932 Quia
2788 872 2848 922 tu
2885 884 2944 922 es
2973 884 3104 922 vera
3131 867 3317 939 447
3349 885 3456 939 pax

1838 963 2032 1014 nostra
2059 964 2117 1014 et;
2144 961 2388 1014 Charitas
2419 961 2758 1032 indisrupta,
2788 961 2924 1014 vivis
2944 964 3132 1015 tecum
3163 964 3220 1014 et
3249 977 3456 1031 regnas

1838 1069 1967 1106 cum
2001 1052 2211 1122 Spiritu
2237 1057 2434 1108 sancto
2458 1071 2602 1108 unus
2621 1053 2840 1108 Deusin
2866 1055 3072 1108 saecula
3097 1055 3452 1108 saeculorum.

1840 1143 1882 1208 at
1907 1187 1920 1199 .
1955 1147 2154 1202 Chorus
2179 1165 2194 1200 :
2223 1147 2427 1200 Amen.
2456 1150 2611 1202 Dicat
2639 1148 2921 1217 presbyter
2949 1149 3170 1202 elevatis
3212 1149 3458 1202 manibus

1835 1240 1894 1291 in
1920 1239 2106 1292 caelum
2135 1257 2152 1291 :
2181 1239 2372 1292 Gratia
2410 1238 2508 1292 Dei
2555 1239 2736 1294 Patris
2780 1239 3210 1310 omnipotentis,
3253 1256 3361 1310 pax
3391 1257 3455 1294 ac

1840 1330 2066 1384 dilectio
2092 1331 2316 1385 Domini
2340 1331 2518 1384 nostri
2545 1333 2674 1385 Jesu
2705 1332 2910 1386 Christi
2932 1337 2989 1385 et
3013 1332 3456 1388 communicatio

1839 1423 2081 1493 Spiritus
2119 1424 2297 1478 sancti
2337 1424 2410 1477 sit
2440 1441 2668 1494 semper
2707 1441 2836 1478 cum
2869 1425 3134 1479 omnibus
3161 1425 3343 1480 nobis.
3379 1423 3452 1486 Β).

1841 1518 2082 1573 Chorus:
2125 1518 2195 1570 Et
2232 1533 2360 1571 cum
2406 1517 2670 1571 omnibus
2712 1518 2879 1571 bona:
2933 1519 3257 1573 voluntatis.
3308 1521 3460 1574 Dicat

1831 1601 2148 1678 presb'yter:
2187 1609 2488 1673 Quomodo
2519 1609 2734 1676 astatis,
2782 1627 2981 1679 pacem
3013 1610 3202 1664 facite.
3236 1613 3296 1678 ιι).
3333 1612 3460 1668 Cho-

1837 1717 1947 1756 rus.
1977 1703 2181 1756 Pacem
2206 1719 2394 1755 meam
2427 1701 2500 1756 do
2517 1702 2694 1767 vobis,
2718 1719 2919 1772 pacem
2945 1719 3138 1757 meam
3169 1719 3460 1758 commen-

1841 1793 1912 1847 do
1942 1794 2127 1858 vobis;
2161 1811 2277 1848 non
2317 1795 2459 1848 sicut
2488 1794 2736 1848 mundus
2775 1795 2891 1862 dat,
2925 1812 3126 1866 pacem
3166 1795 3238 1850 d0
3279 1796 3454 1850 vobis.

137 1893 432 1944 sanctorum
457 1903 562 1958 pro
592 1903 650 1941 se
679 1890 736 1940 et
763 1886 898 1944 suis.
931 1883 996 1949 Β).
1027 1887 1261 1943 Chorus:
1289 1885 1541 1940 Ott‘erunt
1564 1901 1666 1955 pro
1683 1869 1816 1940 seB
1841 1890 1899 1952 fr.
1935 1887 2153 1940 Novum
2199 1887 2537 1941 mandatum
2577 1887 2650 1942 do
2693 1887 2870 1954 vobis,
2923 1892 2984 1940 ut
3023 1887 3270 1958 diligatis
3319 1888 3458 1942 invi-

139 1987 183 2036 et
199 1997 291 2053 pro
309 1981 573 2036 universa
593 1979 969 2034 fraternitate.
989 1981 1142 2033 Dicat
1161 1979 1402 2032 sacerdos
1423 1997 1439 2032 :
1461 1977 1742 2032 Facientes

137 2073 714 2129 commemorationem
761 2070 1219 2125 beatissimorum
1267 2070 1644 2140 apostolorum
1687 2073 1744 2122 et

137 2172 447 2238 martyrum,
493 2164 758 2237 gloriosa:
799 2167 1004 2218 sancta:
1040 2163 1224 2218 Mariae
1262 2161 1518 2232 virginis,
1544 2162 1744 2216 Zacha-

137 2259 236 2328 riae,
289 2258 575 2326 Johannis,
641 2257 945 2324 lnfantum,
994 2255 1162 2323 Petri,
1219 2255 1395 2321 Pauli,
1452 2254 1740 2319 Johannis,

136 2352 320 2420 Jacobi,
380 2351 648 2417 Andrem,
701 2348 964 2420 Philippi,
1020 2349 1270 2416 Thomas,
1326 2347 1740 2415 Bartholomaei,

137 2445 374 2513 Matthaai,
399 2443 612 2511 Jacobi,
645 2443 892 2498 Simonis
919 2445 976 2495 et
1000 2441 1178 2511 Iudae,
1212 2439 1473 2509 Matthiae,
1500 2439 1666 2495 Marci
1689 2443 1746 2493 et

136 2538 298 2592 Lucas.
327 2535 386 2599 κ).
419 2539 627 2595 Chorus
652 2547 670 2580 -'
697 2536 764 2590 Et
804 2534 1061 2589 omnium
1099 2537 1433 2603 martyrum.
1475 2534 1628 2588 Dicat
1661 2548 1744 2586 sa-

137 2631 326 2685 cerdos:
348 2631 482 2684 ltem
509 2645 619 2700 pro
646 2627 938 2698 spiritibus
965 2626 1316 2698 pausantium
1340 2625 1548 2693 Hilarii,
1571 2625 1741 2678 Atha-

137 2723 276 2788 nasii,
305 2722 542 2791 Martini,
571 2720 878 2788 Ambrosii,
907 2719 1226 2790 Augustini,
1255 2716 1552 2788 Fulgentii,
1575 2717 1746 2770 Lean-

137 2815 227 2884 dri,
259 2815 486 2884 Ysidori,
519 2814 716 2884 David,
748 2813 977 2880 Juliani,
1008 2812 1147 2867 item
1165 2811 1390 2878 Juliani,
1415 2809 1580 2876 Petri,
1607 2809 1744 2864 item

136 2909 284 2978 Petri,
319 2908 611 2975 Johannis,
641 2907 799 2963 Servi
837 2905 952 2973 Dei,
993 2905 1245 2973 Visitani,
1285 2903 1520 2968 Viventi,
1553 2901 1742 2970 Felici,

137 3001 396 3072 Cypriani,
445 3000 753 3068 Vincentii,
802 2997 1070 3066 Gerontii,
1116 2997 1414 3064 Zacharias,
1461 2994 1743 3065 Cenapoli,

139 3092 406 3163 Dominici,
457 3093 626 3161 Justi,
679 3090 992 3158 Saturnini,
1050 3089 1274 3158 Salvati,
1335 3089 1472 3142 item
1521 3087 1743 3156 Salvati,

137 3186 401 3257 Bernardi,
419 3185 749 3254 Reimundi,
767 3184 1053 3252 Johannis,
1073 3181 1390 3248 Celebruni,
1405 3179 1743 3248 Gundisalvi,

1841 1995 1984 2032 cem.
2004 1983 2299 2035 Rciteretur
2319 1998 2336 2033 :
2360 1981 2564 2032 Pacem
2587 1996 2780 2033 meam
2801 1980 2874 2033 do
2896 1979 3072 2034 vobis.
3104 1987 3163 2048 Ῠ.
3193 1980 3383 2034 Gloria
3405 1985 3462 2034 et

1841 2071 2028 2125 honor
2049 2071 2200 2125 Patri
2232 2075 2290 2124 et
2314 2071 2452 2125 Filio
2483 2075 2541 2124 et
2561 2071 2792 2142 Spiritui
2815 2075 3009 2126 sancto
3041 2071 3098 2125 in
3133 2073 3336 2126 saecula
3365 2090 3461 2126 sa:~

1843 2164 2102 2217 culorum
2135 2179 2326 2218 amen.
2348 2167 2647 2220 Reiteretur
2674 2183 2690 2218 :
2723 2165 2928 2218 Pacem
2951 2180 3161 2218 meam.

1910 2259 2130 2311 Interim
2165 2257 2381 2326 quando
2409 2258 2608 2314 Chorus
2647 2257 2779 2312 dicit
2811 2273 2827 2308 :
2853 2258 3060 2311 Pacem
3090 2273 3300 2323 meam,
3331 2259 3465 2312 aceto

1837 2351 1959 2419 piat
1991 2350 2232 2404 sacerdos
2270 2365 2458 2420 pacem
2495 2351 2560 2403 de
2594 2355 2796 2420 patena
2837 2350 3058 2404 dicendo
3095 2353 3170 2404 sic
3199 2369 3214 2404 :
3249 2349 3460 2404 Habetc

1843 2443 2096 2495 osculum
2129 2441 2448 2495 dilectionis
2475 2446 2530 2494 et
2554 2442 2807 2512 paeis,ut
2823 2442 2938 2513 apti
2957 2442 3075 2495 sitis
3088 2442 3461 2497 sacrosanctis

1844 2533 2124 2603 mysteriis
2161 2534 2374 2588 Dei.....
2421 2536 2489 2588 Et
2525 2537 2711 2588 statim
2749 2535 2839 2588 det
2875 2550 3060 2604 pacem
3109 2535 3329 2589 diacono
3379 2537 3466 2589 vel

1835 2643 2028 2698 puero,
2052 2632 2102 2682 et
2122 2642 2258 2696 puer
2281 2628 2497 2696 populo.
2528 2630 2712 2680 Postea
2739 2628 2958 2680 inclinet
2982 2643 3037 2680 se
3057 2628 3299 2682 sacerdos
3326 2627 3459 2696 jun-

1841 2723 1938 2774 ctis
1961 2721 2208 2773 manibus
2231 2724 2280 2772 et
2305 2720 2483 2773 dicat:
2507 2719 2756 2773 lntroibo
2787 2718 2858 2772 ad
2890 2719 3067 2773 altare
3098 2719 3212 2774 Dei.
3235 2722 3297 2786 η).
3330 2721 3460 2776 Cho-

1842 2829 1934 2867 rus
1962 2829 1978 2864 :
2009 2812 2094 2865 Ad
2114 2815 2290 2865 Deum
2319 2811 2414 2882 qui
2433 2811 3049 2881 laetiﬁcatjuventutem
3071 2828 3282 2866 meam.
3319 2814 3466 2867 Pres-

1846 2906 1994 2973 byter
2015 2910 2185 2974 ponat
2208 2920 2428 2958 manum
2455 2920 2616 2974 super
2638 2906 2853 2958 calicem
2884 2909 2934 2958 et
2958 2905 3106 2958 dicat
3133 2918 3149 2952 .'
3184 2907 3363 2958 Aures
3393 2905 3466 2959 ad

1843 2997 2167 3052 Dominum.
2201 3003 2262 3066 κ).
2293 2999 2492 3054 Chorus
2519 3013 2534 3049 :
2567 2997 2853 3050 Habemus
2871 2996 2944 3050 ad
2960 2997 3289 3052 Dominum.
3318 3001 3469 3052 Dicat

1838 3091 2119 3161 presbyter
2150 3109 2166 3144 :
2201 3090 2437 3146 Sursum
2475 3089 2670 3144 corda.
2705 3089 2768 3152 η).
2805 3092 3004 3148 Chorus
3040 3107 3057 3142 .·
3090 3091 3365 3144 Levemus
3396 3090 3469 3144 ad

1846 3181 2175 3237 Dominum.
2200 3185 2353 3238 Dicat
2372 3184 2652 3252 presbyter
2679 3184 2991 3238 inclinanda
3014 3199 3068 3238 se
3081 3183 3283 3250 junctis
3301 3163 3498 3246 mam}.

137 3229 401 3257 uv‘mu‘,
419 3229 749 3254 ⁸“ν¹⁵⁴⁶“⁸¹““¹¹“⁵’
767 3229 1053 3252 ’ν’⁸“”⁶⁶⁵’““’ἳ
1079 3229 1390 3248 *”’“”“”““’““⁷
1413 3229 1689 3235 ”“’“”’“””⁷“’
1705 3229 1743 3248 ”⁷
1846 3229 2175 3237 ““⁷“’⁴¹⁵“””“¹“”““
2200 3229 2349 3238 """""
2372 3229 2426 3252 ι’·
2447 3229 2636 3252 νννΰ’“’”
2681 3229 2987 3238 ""’""""""'
3014 3229 3065 3238 *ν
3081 3229 3281 3250 J“""'"’
3304 3229 3462 3246 """""I

135 3279 352 3350 Martini,
407 3278 693 3347 Roderici,
743 3277 1033 3346 Johannis,
1077 3274 1312 3344 Guterii,
1361 3273 1560 3342 Sancii,
1614 3229 1822 3326 itemC
1852 3277 1946 3330 bus
1975 3295 1990 3330 :
2018 3276 2136 3330 Deo
2163 3291 2227 3328 ac
2260 3275 2504 3329 Domino
2541 3278 2736 3329 nostro
2777 3277 2908 3329 Jesu
2946 3275 3166 3330 Christo
3201 3275 3336 3330 Filio
3369 3276 3467 3329 Dei

136 3370 319 3440 Sancii,
345 3371 645 3441 Dominici,
673 3370 900 3440 Juliani,
931 3368 1197 3440 Philippi,
1225 3365 1512 3438 Stephani,
1551 3365 1750 3420 Johan-

135 3464 228 3533 nis,
257 3465 392 3520 item
427 3463 730 3534 Johannis,
769 3463 990 3518 Felicis.
1020 3463 1082 3530 Β).
1112 3461 1312 3516 Chorus
1343 3478 1358 3514 :
1390 3460 1456 3514 Et
1493 3457 1750 3513 omnium

134 3558 501 3628 pausantium.

194 3673 340 3725 Dicat
357 3669 649 3741 presbyter
667 3671 792 3739 post
820 3670 1042 3722 nomina
1074 3685 1090 3720 :

193 3767 259 3822 Te
302 3783 658 3840 quasumus,
707 3765 946 3819 Domine
987 3765 1118 3818 Jesu
1158 3761 1398 3829 Christe,
1441 3765 1506 3816 ut
1531 3759 1751 3814 dilectio

134 3861 386 3915 adventus
414 3859 499 3915 tui
527 3859 608 3914 ita
633 3859 693 3912 in
727 3857 893 3912 nobis
919 3860 1268 3928 permaneat,
1297 3869 1368 3908 ne
1393 3855 1462 3908 ad
1497 3859 1552 3909 te
1587 3853 1754 3909 corda

133 3959 308 4008 nostra
326 3969 609 4025 umquam
625 3951 922 4020 recedant;
948 3951 1138 4021 sicque
1159 3966 1265 4004 nos
1272 3949 1394 4020 jam
1406 3948 1466 4001 in
1482 3952 1756 4002 aeternam

135 4047 540 4102 advocationem
577 4044 842 4110 asscribe,
873 4047 939 4097 ut
967 4043 1037 4097 ad
1072 4042 1329 4097 futurum
1362 4057 1478 4095 non
1515 4041 1752 4095 confun-

138 4139 341 4210 damur,
355 4157 489 4195 cum
503 4139 577 4194 ad
592 4137 972 4210 judicandum
989 4135 1208 4190 veneris
1219 4135 1434 4189 orbem.
1451 4130 1515 4196 Β).
1536 4135 1754 4200 Chorus,

135 4235 316 4288 Amen.
359 4237 520 4289 Dicat
554 4231 839 4302 presbyter
876 4249 892 4284 :
931 4229 1073 4293 Quia
1117 4231 1180 4283 tu
1224 4245 1281 4282 es
1327 4227 1438 4281 vita
1479 4227 1754 4295 vivorum,

132 4325 320 4381 sanitas
337 4327 731 4391 inﬁrmorum,
765 4339 829 4378 ac
865 4323 1087 4394 requies
1115 4321 1372 4376 omnium
1398 4319 1654 4374 fidelium
1667 4319 1760 4374 de-

129 4418 435 4476 functorum
463 4421 529 4476 in
562 4423 779 4475 aeterna
805 4416 1010 4471 saecula
1028 4416 1386 4494 saeculorum.
1417 4417 1481 4481 ιι).
1514 4414 1714 4472 Chorus
1739 4431 1756 4467 :

135 4514 324 4568 Amen.

705 4587 878 4639 Oratio
903 4587 968 4638 ad
996 4600 1198 4652 pacem.

198 4676 346 4730 Dicat
369 4675 658 4746 presbyter
686 4693 704 4728 :

199 4768 431 4824 Domine
451 4769 606 4824 Deus
631 4767 1011 4839 omnipotens,
1035 4765 1134 4837 qui
1161 4781 1263 4836 pro
1291 4761 1526 4818 humani
1549 4761 1769 4834 generis

135 4861 512 4934 redemptione
552 4867 902 4918 coaeternum
939 4860 1042 4915 tibi
1081 4857 1536 4930 eozequalemque
1567 4854 1769 4910 Filium

137 4961 377 5032 angelica
414 4959 878 5028 annuntiatione,
917 4974 1022 5028 per
1056 4956 1245 5012 Mariae
1280 4954 1518 5026 virginis
1543 4957 1771 5008 uterum

136 5067 302 5124 usque
327 5055 401 5110 ad
427 5073 537 5110 nos
563 5052 789 5109 voluisti
815 5050 1219 5120 transmittere,
1247 5054 1416 5121 atque
1443 5051 1574 5102 ante
1600 5046 1770 5118 ipsius

137 5146 250 5202 Filii
276 5150 361 5204 tui
397 5150 715 5204 adventum
753 5147 1065 5201 Johannem
1103 5145 1369 5216 dignatus
1399 5159 1458 5196 es
1491 5140 1770 5196 destinare

137 5255 469 5309 praeconem,
501 5247 573 5297 ut
608 5257 710 5312 per
748 5241 874 5312 ejus
911 5237 1214 5294 veridicam
1250 5237 1310 5291 in
1340 5236 1560 5291 deserto
1595 5227 1770 5288 eremi

137 5335 603 5403 praedicationem
620 5333 866 5406 populus
880 5332 1158 5405 paenitens
1177 5335 1543 5385 veternorum
1559 5327 1770 5382 facino-

142 5443 260 5483 rum
287 5430 576 5502 acciperet
613 5427 855 5494 veniam,
882 5443 986 5498 per
1011 5425 1143 5480 novi
1175 5428 1366 5478 autem
1389 5421 1638 5477 hominis
1675 5418 1774 5474 Dei

139 5538 372 5593 regnum
435 5521 880 5593 evangelizantis
946 5519 1147 5574 divinae
1209 5515 1494 5572 Trinitatis
1549 5515 1776 5585 plenam

140 5617 376 5672 mundus
430 5614 714 5686 consequi
760 5617 1052 5668 mereatur
1105 5609 1449 5666 ineﬁ'abilem
1497 5606 1770 5679 gratiam;

142 5708 277 5764 dona
311 5710 482 5766 nobis
513 5709 578 5763 in
605 5702 714 5762 hoc
761 5712 1016 5778 tempore
1051 5704 1338 5760 Adventus
1378 5698 1665 5769 Unigeniti
1694 5697 1778 5753 tui

142 5803 394 5860 eamdem
433 5802 596 5876 pacis
643 5799 883 5872 gratiam
931 5815 1102 5872 quam
1135 5797 1198 5854 in
1231 5793 1524 5870 praeterita
1568 5791 1778 5864 largire

141 5895 394 5966 dignatus
441 5913 504 5953 es
553 5893 794 5962 srecnla;
847 5897 902 5948 et
937 5892 1047 5948 illis
1098 5907 1200 5947 nos
1260 5889 1321 5946 in
1373 5900 1604 5943 occursu
1643 5883 1778 5942 ﬁdei

1853 3368 1949 3438 qui
1981 3371 2066 3422 est
2094 3367 2152 3421 in
2186 3367 2358 3434 coelis,
2411 3367 2616 3438 dignas
2656 3367 2854 3420 laudes
2899 3366 3217 3438 dignasque
3258 3368 3470 3438 gratias

1852 3461 2184 3515 referamus.
2225 3463 2295 3515 Et
2337 3461 2558 3514 dicendo
2595 3476 2611 3511 :
2649 3459 2868 3514 Gratias
2924 3459 3264 3526 referamus,
3311 3463 3472 3516 elevet

1851 3553 2092 3609 sacerdos
2120 3567 2310 3607 manus
2334 3555 2390 3607 in
2432 3553 2623 3606 altum.
2659 3549 2720 3614 Β).
2751 3554 2950 3610 Chorus
2977 3563 2992 3598 :
3017 3553 3261 3623 Dignum
3297 3556 3354 3606 et
3375 3553 3468 3622 ju-

1857 3649 2005 3700 stum
2028 3648 2132 3700 est.
2165 3647 2350 3700 Postea
2375 3645 2525 3700 dicat
2540 3645 2820 3715 presbyter
2844 3664 2860 3699 :

2566 3744 2763 3795 inlatio.

1928 3831 2175 3902 Dignum
2196 3833 2253 3884 et
2265 3831 2484 3902 justum
2519 3832 2604 3884 est
2627 3847 2731 3884 nos
2763 3829 2863 3884 tibi
2897 3826 3110 3900 gratias
3137 3847 3330 3902 agere,
3364 3831 3472 3888 Do-

1859 3924 2014 3978 mine
2055 3927 2269 3990 sancte,
2300 3925 2467 3977 Pater
2509 3926 2741 3987 aeterne,
2775 3923 3142 3994 omnipotens
3171 3924 3338 3990 Deus,
3373 3943 3477 3996 per

1857 4019 2046 4072 Jesum
2082 4017 2364 4071 Christum
2403 4015 2602 4070 Filium
2651 4018 2810 4069 tuum
2849 4016 3153 4071 Dominum
3184 4023 3476 4088 nostrum,

1857 4127 2030 4181 quem
2055 4109 2348 4164 Johannes
2374 4107 2558 4162 ﬁdelis
2595 4109 2812 4164 amicus
2843 4110 3133 4180 praecessit
3159 4113 3476 4178 nascendo;

1857 4207 2145 4278 praecessit
2182 4207 2238 4260 in
2271 4207 2510 4260 desertis
2549 4206 2728 4260 eremi
2775 4207 3162 4276 praedicando,
3194 4210 3483 4279 praecessit

1857 4300 2235 4371 baptizando;
2269 4299 2420 4353 viam
2447 4315 2677 4370 quoque
2708 4308 3039 4371 praeparans
3062 4301 3263 4371 judicii
3300 4319 3363 4356 ac
3391 4319 3478 4356 re-

1859 4393 2196 4464 demptoris,
2226 4392 2556 4448 convocavit
2583 4396 2913 4462 peccatores
2944 4394 3015 4447 ad
3046 4394 3440 4464 paenitentiam
3465 4413 3480 4461 ;

1860 4490 1918 4540 et
1949 4487 2225 4558 populum
2256 4485 2533 4541 Salvatori
2573 4485 2902 4556 adquirens,
2929 4485 3236 4556 baptizavit
3264 4485 3320 4540 in
3357 4489 3482 4542 Jor-

1783 4591 1842 4662 D
1865 4579 2013 4634 dane
2035 4581 2268 4650 peccata
2295 4577 2527 4648 propria
2555 4577 2927 4643 confitentes;
2957 4593 3072 4632 non
3101 4577 3366 4632 homines
3395 4580 3481 4634 in-

1867 4671 2132 4726 novando
2191 4672 2424 4742 plenam
2465 4670 2764 4725 conferens
2804 4671 3068 4741 gratiam,
3114 4670 3215 4725 sed
3247 4671 3485 4744 piissimi

1867 4764 2174 4821 Salvatoris
2199 4779 2542 4818 ammonens
2578 4766 2902 4834 exspectare
2934 4765 3333 4835 praesentiam;
3368 4782 3485 4820 non

1827 4907 1834 4911 .
1867 4857 2165 4912 remittens
2185 4857 2306 4929 ipse
2336 4859 2568 4928 peccata
2597 4855 2670 4910 ad
2691 4873 2750 4910 se
2777 4856 3152 4925 venientibus,
3176 4857 3276 4911 sed
3291 4857 3488 4912 remis-

1869 4951 2090 5007 sionem
2124 4953 2489 5022 peccatorum
2521 4949 2595 5003 ad
2621 4949 2877 5004 futurum
2907 4950 3182 5020 pollicens
3207 4967 3330 5008 esse
3357 4967 3481 5010 cre-

1870 5044 2172 5110 dentibus;
2217 5046 2279 5097 ut
2311 5042 2789 5097 descendentibus
2833 5042 2892 5096 in
2927 5059 3077 5114 aqua
3114 5045 3486 5116 pmnitentiee,

1871 5138 1942 5191 ab
1968 5137 2064 5192 illo
2095 5138 2396 5207 sperarent
2410 5134 2732 5189 remedium
2751 5133 3146 5207 indulgentiae,
3167 5155 3338 5210 quem
3360 5158 3491 5196 ven-

1870 5233 2062 5284 turum
2097 5228 2409 5283 audiebant
2440 5228 2675 5299 plenum
2717 5227 2870 5284 dono
2901 5229 3153 5284 veritatis
3182 5235 3240 5286 et
3269 5235 3489 5304 gratim.

1873 5321 2195 5394 Baptizatur
2220 5321 2394 5391 igitur
2425 5321 2495 5374 ab
2522 5337 2590 5375 eo
2621 5321 2876 5376 Christus
2897 5339 2962 5376 ex
2984 5325 3268 5380 elemento
3289 5327 3492 5382 visibili

1874 5419 1931 5470 et
1953 5415 2152 5486 spiritu
2173 5413 2464 5468 invisibili:
2497 5413 2854 5469 ducebantur
2882 5433 2988 5486 por
3014 5417 3385 5475 obedentiam
3419 5421 3492 5476 ad

1873 5507 2356 5574 misericordiam;
2384 5523 2490 5577 per
2519 5507 2700 5561 filium
2747 5508 2954 5562 sterilis
2999 5510 3073 5565 ad
3101 5511 3283 5568 ﬁlium
3309 5514 3488 5585 Virgi-

1875 5602 1994 5667 nis;
2024 5617 2128 5672 per
2161 5597 2353 5672 448
2379 5599 2702 5654 Johannem
2747 5601 3046 5658 hominem
3090 5621 3387 5677 magnum,
3417 5608 3490 5662 ad

1873 5695 2158 5751 Christum
2190 5693 2489 5748 hominem
2529 5693 2729 5748 Deum.
2775 5694 2883 5759 Qui
2915 5713 3042 5750 cum
3068 5697 3236 5753 Patre
3278 5703 3334 5751 et
3363 5697 3486 5766 Spi-

1876 5788 1987 5845 ritu
2008 5790 2205 5843 sancto
2233 5787 2480 5843 adorant
2497 5787 2687 5859 angeli
2715 5791 2886 5860 atque
2904 5789 3251 5860 archangeli,
3274 5788 3486 5848 throni.

1879 5880 2300 5937 dominationes
2325 5883 2384 5936 et
2408 5883 2738 5952 potestates,
2769 5881 2848 5936 ita
2879 5881 3130 5937 dicentes
3163 5895 3178 5941 ;
