3970 6416
488 365 592 420 423
1267 357 1601 414 APPENDIX
1638 359 1724 413 AD
1761 357 1980 412 OPERA
2017 353 2250 412 SANCTI
2287 353 2584 410 GERMANI
2623 349 3050 407 PARISIENSIS.
3800 335 3904 392 424

565 469 629 534 Β).
655 473 852 530 Chorus
877 488 893 523 :
1302 517 1320 531 ,
2134 476 2192 546 Α

567 565 826 629 Sanctus,
871 562 1130 627 Sanctus,
1174 559 1434 626 Sanctus,
1490 559 1768 614 Dominus
1806 559 1953 612 Deus
2008 557 2107 610 Sa-

492 657 690 713 baoth.
742 653 899 708 Pleni
934 655 1065 706 sunt
1103 653 1224 706 caeli
1273 656 1330 705 et
1369 655 1523 706 terra
1571 651 1753 722 gloria
1798 647 2114 719 majestatis

490 755 631 814 tuae;
668 763 888 802 osanna
904 745 1020 799 filio
1046 745 1246 814 David,
1271 761 1490 800 osanna
1508 745 1567 798 in
1591 744 1839 797 excelsis.
1870 741 2112 796 Benedi-

491 845 612 894 ctus
638 839 734 910 qui
767 838 921 892 venit
940 839 998 892 in
1025 837 1259 892 nomine
1279 837 1525 902 Domini,
1545 853 1763 891 osanna
1781 835 1838 888 in
1860 833 2110 888 excelsis.

2887 720 3209 785 Corporatio

560 962 718 1016 Dicat
739 959 1023 1030 presbyter
1035 963 1159 1028 post
1185 958 1428 1012 Sanctus
1461 971 1473 1008 :

561 1063 705 1115 Vere
741 1064 967 1114 sanctus
1007 1063 1063 1113 et
1097 1058 1379 1128 gloriosus
1411 1056 1686 1112 Dominus
1734 1058 1929 1108 noster
1959 1055 2117 1108 Jesus

491 1155 746 1210 Christus
776 1153 943 1206 Filius
972 1156 1116 1219 tuus,
1149 1168 1320 1222 quem
1349 1150 1485 1204 olim
1524 1148 1811 1203 credimus
1849 1147 2114 1200 incarna-

489 1252 615 1302 tum
638 1247 806 1301 fuisse
836 1262 939 1316 pro
965 1246 1146 1299 salute
1177 1244 1414 1298 humani
1446 1242 1706 1313 generis;
1732 1243 1790 1294 et
1831 1256 1982 1294 nunc
2024 1255 2116 1292 ex-

492 1344 814 1412 spectamus
837 1339 910 1392 ad
927 1338 1210 1409 judicium
1229 1340 1534 1391 venturum
1561 1335 1620 1389 in
1639 1333 1822 1406 gloria
1847 1331 2120 1387 claritatis

492 1451 623 1489 cum
680 1434 946 1488 omnibus
979 1432 1207 1496 sanctis,
1241 1431 1360 1502 ipse
1419 1429 1695 1484 Dominus
1731 1444 1795 1481 ac
1828 1426 2122 1480 redemtor

497 1532 762 1582 internus.

2269 1012 2282 1504 ὶ
2479 1233 2624 1284 Mors
2785 1016 2796 1510 ι
2912 1231 3183 1280 Nativitas
3301 1010 3316 1503 ι
3393 1227 3794 1278 Resurrectio

2785 1516 2796 1821 Ι
2869 1745 3234 1796 Circumcisio
3303 1513 3315 1821 Ι
3520 1740 3730 1792 Gloria

2788 2089 2800 2411 Ι
2905 2337 3191 2402 Apparitio

2869 2832 2888 2849 ‘
2969 2867 3161 2916 Passio

2912 1231 3183 1280 Nativitas
3301 1227 3312 1280 Ι
3393 1227 3794 1278 Resurrectio

2273 1207 2282 1304 Ι
2479 1233 2624 1284 Mors
2786 1207 2794 1304 Ι
2912 1231 3183 1280 Nativitas
3301 1207 3312 1304 |

563 1647 762 1702 Deinde
801 1647 950 1700 dicat
976 1645 1256 1716 presbyter
1293 1645 1351 1696 in
1387 1643 1598 1696 silentio
1627 1641 1833 1709 junctis
1877 1639 2123 1692 manibus

495 1739 804 1794 inclinanda
828 1755 881 1794 se
909 1744 1034 1793 ante
1059 1738 1234 1792 altare
1257 1737 1396 1790 hanc
1419 1737 1712 1790 orationem
1742 1754 1760 1786 .-

565 1839 795 1906 Adesto,
851 1840 1070 1904 adesto,
1111 1840 1242 1892 Jesu
1292 1838 1444 1892 bone
1503 1835 1780 1906 pontifex,
1828 1833 1887 1885 in
1930 1831 2200 1905 medioB

499 1934 699 2000 nostri,
730 1933 876 1986 sicut
904 1932 1057 1986 fuisti
1083 1932 1141 1984 in
1173 1931 1368 1984 medio
1396 1929 1804 1998 discipulorum
1862 1929 2122 1989 tuorum;

499 2026 680 2080 sancti
699 2027 854 2089 {‘ﬁca
871 2025 1019 2079 hanc
1050 2023 1423 2089 oblationem,
1443 2023 1481 2084 ᾧ
1507 2025 1570 2074 ut
1589 2019 1944 2074 sanctiﬁcata
1972 2025 2010 2086 οι-
2033 2034 2123 2069 su-

499 2135 727 2173 mamus
756 2135 860 2188 per
887 2134 1094 2171 manus
1109 2115 1289 2172 sancti
1317 2114 1509 2184 angeli
1534 2113 1637 2178 tui,
1661 2114 1856 2166 sancte
1887 2109 2124 2164 Domine

502 2228 568 2266 ac
598 2211 890 2264 redemtor
920 2214 1154 2264 aeterne.
1181 2208 1457 2264 Dominus
1483 2206 1852 2260 nosterlesus
1874 2202 2128 2258 Christus

503 2303 562 2358 in
595 2321 708 2374 qua
737 2307 906 2358 nocte
932 2302 1266 2357 tradebatur
1296 2300 1514 2370 accepit
1545 2314 1780 2370 panem,
1827 2301 1885 2350 et
1914 2293 2127 2366 gratias

499 2413 682 2467 agens
711 2397 858 2450 bene
901 2401 938 2465 -ξο
978 2394 1118 2449 dixit
1155 2411 1220 2448 ac
1260 2392 1432 2463 fregit
1477 2409 1490 2446 :
1533 2391 1802 2460 deditque
1840 2387 2128 2458 discipulis

502 2490 616 2544 suis
643 2489 857 2556 dicens,
881 2487 1120 2558 accipite
1149 2492 1206 2540 et
1233 2485 1580 2540 manducate
1613 2501 1625 2538 :
1665 2485 1777 2537 Hoc
1809 2486 1895 2535 est
1923 2497 2128 2550 corpus

501 2599 698 2638 meum
723 2582 876 2654 quod
907 2597 1012 2652 pro
1043 2580 1202 2636 vobis
1229 2579 1488 2634 tradetur
1509 2577 1605 2649 (a).
1640 2579 1742 2630 Hic
1767 2577 1998 2630 elecetur
2021 2589 2129 2627 cor—

499 2697 622 2754 pus.
651 2681 1134 2750 Quotiescumque
1162 2675 1663 2742 manducaveritis,
1698 2675 1807 2728 hoc
1847 2671 2040 2726 facite-
2071 2670 2128 2722 in

505 2791 700 2828 meam
728 2779 766 2841 -ξο
796 2771 1430 2827 commemorationem.
1471 2767 1744 2824 Similiter
1779 2770 1836 2818 et
1872 2764 2128 2828 calicem,

503 2869 812 2938 postquam
836 2863 1094 2930 coenavit,
1119 2863 1314 2917 dicens
1344 2879 1357 2916 :
1389 2859 1485 2914 Hic
1511 2859 1550 2921 +
1581 2862 1667 2912 est
1695 2857 1836 2911 calix
1865 2856 1994 2910 novi
2027 2856 2128 2909 Te-

506 2959 778 3013 stamenti
831 2958 890 3010 in
944 2972 1076 3011 meo
1123 2954 1401 3024 sanguine
1445 2953 1545 3024 qui
1583 2968 1687 3022 pro
1727 2949 1884 3004 vobis
1927 2952 1985 3002 et
2029 2965 2131 3019 pro

507 3052 702 3107 multis
732 3050 1058 3104 effundetur
1080 3047 1140 3102 in
1181 3047 1582 3101 remissionem
1612 3047 1998 3114 peccatorum.
2033 3043 2134 3096 Hic

505 3146 738 3201 elevetur
779 3145 924 3198 calim
960 3147 1230 3212 coopertus
1265 3156 1384 3194 cum
1433 3139 1626 3207 ﬁliola.
1667 3136 2132 3204 Quotiescunque

506 3191 720 3201 """“"'""
782 3191 920 3198 ’ν’-’π
964 3191 1078 3212 "'1'
1098 3191 1127 3196 ’ν
1150 3191 1225 3196 νην
1433 3191 1486 3207 ιν
1676 3191 1710 3200 ~
2038 3191 2057 3204 ι

506 3237 784 3304 biberitis,
813 3236 921 3290 hoc
944 3235 1114 3290 facite
1138 3233 1194 3287 in
1224 3229 1473 3292 meam-1‘
1499 3227 2132 3284 commemorationem.
2156 3191 2210 3265 Ο
2309 3227 2500 3301 450
2531 3228 2810 3284 Dominus
2837 3229 2908 3282 sit
2928 3245 3160 3300 semper
3186 3229 3513 3285 vobiscum.
3550 3227 3621 3292 li}.
3654 3232 3730 3286 Et
3755 3246 3900 3286 cum.

509 3334 578 3388 Et
603 3347 720 3386 cum
737 3335 1054 3400 perventum
1079 3330 1247 3395 fuerit
1268 3327 1361 3380 ubi
1379 3326 1510 3379 dicit
1539 3343 1555 3378 :
1588 3326 1648 3377 1n
1672 3339 1864 3376 meam
1891 3337 2137 3375 comme-
2307 3325 2462 3378 Dicat
2485 3323 2765 3393 presbyter
2785 3342 2802 3376 :

510 3423 917 3490 morationem,
945 3425 1099 3478 Dicat
1118 3421 1398 3492 presbyter
1413 3420 1530 3473 alta
1555 3433 1676 3472 voce
1691 3417 1931 3470 omnibus
1955 3415 2136 3468 diebus
2307 3415 2503 3470 Fidem
2535 3432 2710 3486 quam
2738 3417 2908 3470 corde
2939 3417 3228 3471 credimus
3256 3434 3356 3472 ore
3379 3422 3590 3473 autem
3615 3419 3901 3474 dicamus.

505 3524 705 3592 praeter
739 3519 968 3584 festivis.
1016 3517 1149 3570 Pari
1185 3514 1338 3568 modo
1373 3513 1466 3567 ubi
1502 3511 1680 3564 dicit:
1718 3511 1780 3562 In
1819 3507 2135 3562 claritatem
2237 3513 2304 3566 Et
2329 3510 2494 3564 elevet
2517 3510 2760 3564 sacerdos
2787 3525 2976 3580 corpus
3003 3511 3206 3568 Christi
3230 3517 3292 3566 ut
3317 3513 3587 3566 videatur
3614 3529 3654 3566 a
3677 3513 3900 3583 populo.

511 3612 583 3667 de
609 3610 870 3685 caelia-Et
893 3609 1130 3679 qualibet
1166 3609 1279 3662 vice
1305 3605 1626 3676 respondeat
1651 3605 1852 3660 Chorus
1882 3617 1898 3652 :
1929 3603 2132 3654 Amen.
2236 3605 2304 3658 Et
2333 3603 2480 3658 dicat
2505 3604 2691 3657 chorus
2715 3603 3026 3671 Symbolum
3055 3604 3172 3658 bini
3193 3619 3256 3658 ac
3288 3605 3424 3666 bini,
3456 3606 3765 3660 videlicet:

583 3705 1043 3774 Quotiescunque
1096 3697 1581 3755 manducaveritis
1635 3711 1848 3767 panem
1889 3695 2040 3748 hunc
2080 3696 2138 3746 et
2309 3695 2610 3750 Credimus
2638 3695 2696 3749 in
2719 3712 2900 3749 unum
2928 3696 3109 3749 Deum
3135 3697 3369 3750 Patrem
3393 3697 3898 3768 omnipotentem,

511 3799 747 3854 calicem
781 3797 952 3850 istum
981 3794 1260 3859 biberitis,
1294 3794 1546 3846 mortem
1574 3789 1803 3844 Domini
1828 3785 2134 3842 annuntia-
2237 3788 2516 3843 factorem
2547 3788 2668 3842 cmli
2701 3791 2980 3856 etterraa;
3013 3789 3331 3844 visibilium
3359 3791 3643 3846 omnium
3679 3796 3741 3846 et
3765 3791 3902 3846 invi-

511 3892 644 3948 bitis
675 3891 859 3945 donec
883 3887 1090 3942 veniet.
1121 3889 1182 3940 In
1209 3884 1530 3940 claritatem
1553 3881 1592 3944 ἦε
1623 3882 1694 3936 de
1721 3881 1888 3935 caelis.
1919 3882 1980 3947 ιι).
2013 3881 2138 3937 Cho-
2239 3881 2488 3936 sibilium
2507 3881 2885 3936 conditorem.
2907 3883 2974 3936 Et
2994 3882 3052 3936 in
3074 3900 3254 3936 unum
3281 3885 3613 3939 Dominum
3638 3891 3901 3940 nostrum

2869 1745 3234 1796 Circumcisio

2905 2337 3191 2402 Apparitio
3308 2334 3320 2402 |
3481 2334 3768 2399 Regnum

516 3999 608 4040 rus
632 4003 648 4038 ε
669 3985 872 4036 Amen,
2235 3977 2426 4030 Jesum
2455 3975 2740 4029 Christum
2760 3974 2963 4028 Filium
2989 3974 3090 4028 Dei
3125 3975 3522 4046 unigenitum,
3556 3982 3616 4032 et
3647 3996 3722 4032 ex
3740 3981 3901 4033 Patre

587 4078 743 4132 Dicat
762 4074 1040 4145 presbyter
1064 4074 1187 4142 post
1214 4067 1403 4122 Pridie
1433 4084 1446 4119 :
2239 4070 2438 4122 natum
2467 4070 2599 4121 ante
2633 4066 2828 4120 omnia
2857 4070 3083 4132 saecula,
3109 4070 3296 4122 Deum
3320 4087 3388 4123 ex
3416 4071 3564 4135 Deo,
3593 4072 3826 4126 Lumen
3843 4087 3900 4124 ex

1232 4186 1424 4237 οηιίο,
2237 4161 2496 4228 Lumine,
2534 4163 2708 4214 Deum
2739 4177 2936 4230 verym
2959 4179 3025 4216 ex
3056 4163 3174 4217 Deo
3203 4179 3362 4230 vero,
3398 4167 3615 4218 natum
3662 4183 3790 4220 non
3825 4166 3898 4219 fa-

2237 4257 2412 4319 ctum,
2443 4254 2744 4308 omousion
2776 4253 2948 4320 Patri,
2978 4255 3087 4308 hoc
3129 4259 3216 4309 est
3259 4257 3529 4326 ejusdem
3562 4276 3708 4313 cum
3740 4261 3902 4314 Patre

2239 4341 2598 4407 substantiae;
2641 4357 2745 4412 per
2785 4359 2961 4412 quem
3007 4344 3209 4398 omnia
3247 4345 3406 4400 facta
3456 4351 3619 4414 sunt,
3673 4365 3812 4419 qua:
3850 4347 3900 4400 in

2239 4431 2396 4496 caelo,
2421 4435 2479 4484 et
2506 4446 2632 4500 quo).
2661 4431 2718 4484 in
2749 4433 2904 4484 terra
2937 4447 2950 4486 :
2976 4431 3073 4502 qui
3105 4437 3346 4504 propter
3385 4453 3495 4489 nos
3514 4433 3823 4503 homines,
3854 4439 3904 4488 et

2155 4555 2216 4628 D
2237 4528 2472 4594 propter
2501 4527 2756 4578 nostram
2789 4525 3034 4578 salutem
3065 4525 3367 4581 descendit
3396 4528 3470 4582 de
3503 4531 3668 4584 caelis
3695 4549 3709 4597 ;
3736 4536 3795 4584 et
3828 4530 3902 4584 in-

2157 4617 2208 4628 "
2239 4621 2505 4672 carnatus
2535 4620 2620 4670 est
2649 4617 2718 4671 de
2742 4617 2955 4688 Spiritu
2982 4623 3180 4674 sancto
3224 4637 3290 4674 ex
3326 4621 3511 4676 Maria
3554 4623 3816 4696 virgine,
3855 4628 3904 4676 et

588 4700 776 4752 Postea
799 4695 948 4750 dicat
970 4691 1288 4762 presbyter:

2267 4727 2415 4765 [omo
2435 4712 2617 4765 factus
2641 4714 2744 4764 est.
2772 4712 2976 4764 Passus
3002 4711 3105 4766 sub
3127 4713 3335 4767 Pontio
3367 4715 3584 4783 Pilato,
3622 4691 3898 4789 sepultus,

586 4787 778 4862 449
803 4789 878 4842 Te
906 4786 1232 4857 praestante,
1273 4785 1465 4836 sancte
1497 4777 1759 4846 Domine,
1791 4777 1886 4849 qui
1917 4782 1979 4831 tu
2020 4777 2129 4830 1133C

2267 4805 2407 4860 ertia
2451 4804 2542 4858 die
2581 4804 2920 4870 resurrexit;
2967 4806 3228 4860 ascendit
3264 4807 3339 4862 ad
3376 4809 3580 4875 caelos,
3621 4811 3792 4866 sedet
3837 4810 3899 4865 ad

516 4884 716 4942 omnia
753 4880 918 4936 DObiS
947 4876 1200 4948 indignis
1226 4875 1400 4930 δεννίδ
1439 4872 1745 4976 ίυίθχδιάθ
1775 4872 1929 4925 bona
1959 4887 2137 4937 creas,
2241 4897 2534 4952 dexteram
2583 4897 2682 4950 Dei
2727 4897 2908 4950 Patris
2953 4899 3409 4970 omnipotentis;
3439 4872 3587 4957 inde
3629 4909 3899 4959 venturus

516 4974 755 5077 δδἾίξίΓΫ
783 4967 1217 5077 βθξξῗντνηῶξίδῗ
1239 4968 1296 5032 ’θ’
1329 4965 1508 5077 δέθΠῖ
1551 4962 1611 5015 ὼ
1633 4968 1778 5077 (“si
1817 4977 1880 5064 δέ
1906 4965 2140 5077 priest?
2241 4993 2326 5045 est
2352 4989 2614 5061 judicare
2645 4991 2798 5045 vivos
2829 4993 2885 5044 et
2912 4995 3194 5060 mortuos,
3226 4993 3390 5064 cujus
3426 4997 3609 5067 regni
3643 5015 3766 5053 non
3805 4999 3900 5052 erit

518 5067 703 5134 nobis,
739 5067 804 5118 ut
843 5063 915 5116 sit
949 5059 1255 5114 benedicta
1301 5076 1334 5112 a
1369 5062 1423 5112 te
1465 5057 1583 5110 Deo
1621 5058 1817 5110 nostro
1845 5055 1902 5108 in
1936 5055 2129 5108 saecula

2267 5083 2388 5150 inis,
2419 5087 2475 5136 et
2505 5083 2561 5137 in
2591 5081 2865 5154 Spiritum
2897 5085 3160 5140 sanctum
3195 5087 3542 5157 Dominum,
3587 5091 3895 5146 vivificato-

521 5159 879 5215 saeculorum-
910 5153 973 5218 “)-
1007 5155 1206 5212 σῘῑοηιε
1228 5169 1244 5204 τ
1269 5155 1474 5206 Αωθηο
2240 5194 2384 5242 rem,
2409 5180 2466 5230 et
2496 5193 2563 5230 ex
2587 5153 2753 5230 Patre
2784 5181 2842 5231 et
2861 5177 2999 5232 Filio
3018 5177 3460 5250 procedentem,
3483 5153 3629 5240 cum
3647 5187 3820 5241 Patre
3853 5187 3898 5238 et

591 5285 660 5336 Et
677 5285 798 5334 tunc
818 5277 1096 5348 presbyter
1117 5276 1348 5344 accipiat
1367 5287 1557 5344 corpus
1583 5272 1796 5326 Domini
1819 5270 1887 5324 de
1915 5273 2140 5340 patena,
2240 5268 2380 5322 Filio
2413 5267 2776 5322 adorandum
2803 5273 2862 5322 et
2899 5271 3464 5340 congloriﬁcandum
3490 5291 3505 5342 ;
3534 5278 3643 5347 qui
3688 5280 3897 5334 locutus

521 5379 570 5431 et
597 5375 762 5444 ponat
787 5385 946 5440 super
959 5369 1174 5422 calicem
1199 5368 1606 5438 discoopertum,
1628 5369 1679 5419 et
1705 5365 1857 5418 dicat
1879 5363 1996 5418 alta
2021 5377 2142 5416 voce
2241 5365 2328 5416 est
2356 5377 2458 5432 per
2493 5361 2822 5432 prophetas.
2853 5363 2921 5416 Et
2945 5380 3122 5418 unam
3151 5367 3417 5420 sanctam
3452 5371 3820 5428 catholicam
3852 5373 3898 5424 et

519 5466 762 5524 omnibus
793 5463 997 5524 diebus,
1021 5459 1265 5514 videlicet
1290 5461 1498 5527 festiuis
1533 5463 1584 5513 et
1612 5458 1919 5520 Dominicis,
1944 5460 2143 5526 praeter
2243 5453 2612 5525 apostolicam
2633 5455 2964 5510 Ecclesiam.
2989 5457 3286 5513 Conﬁteor
3306 5475 3498 5516 unum
3523 5462 3828 5535 baptisma
3847 5464 3893 5518 in

518 5566 581 5619 ξπ
609 5559 754 5622 locis,
773 5557 832 5610 in
854 5555 1044 5624 quibus
1067 5555 1166 5609 erit
1190 5555 1486 5624 antiphona
1509 5551 1738 5622 prop-ria
1774 5549 1848 5604 ad
1893 5550 2139 5617 confrac-
2241 5547 2641 5602 remissionem
2672 5553 3057 5620 peccatorum.
3085 5552 3506 5622 Exspectamus
3527 5559 3898 5614 resurrectio-

520 5659 718 5714 tionem
736 5650 900 5724 panis
925 5669 942 5704 :
2242 5656 2379 5696 nem
2403 5645 2784 5711 mortuorum,
2818 5645 2876 5696 et
2893 5643 3069 5698 vitam
3099 5645 3327 5702 venturi
3361 5650 3588 5708 saeculi.
3622 5655 3833 5709 Amen.

589 4288 830 4346 Domine
862 4289 992 4342 Jesu
1033 4284 1272 4350 Christe,
1309 4283 1458 4335 hanc
1491 4281 1736 4335 hostiam
1780 4280 1964 4334 vivam
2010 4280 2133 4334 illu-

516 4388 793 4445 stratione
824 4385 1101 4440 adventus
1129 4381 1208 4435 tui
1236 4378 1560 4446 sanctifica;
1593 4381 1652 4432 ut
1677 4395 1744 4432 ex
1779 4394 1847 4432 ea
1873 4377 2134 4443 libantes,

515 4483 867 4540 mundemur
895 4493 928 4532 a
961 4476 1222 4540 crimine,
1269 4477 1326 4526 et
1355 4477 1514 4526 tuam
1537 4472 1780 4542 gratiam
1813 4487 2140 4525 mereamur

515 4577 813 4651 percipere
841 4573 961 4626 sine
993 4572 1128 4624 fine.
1164 4571 1226 4637 η).
1255 4570 1459 4621 Amen.

593 5869 666 5948 ta)
694 5867 894 5922 Forma
919 5865 1024 5920 ista
1050 5863 1483 5920 consecrationis
1511 5857 1764 5932 ponitur,
1797 5873 1868 5916 ne
1893 5856 2199 5934 antiquitas
2222 5858 2570 5933 ignoremur,
2602 5859 2699 5917 sed
2725 5859 2892 5917 hodie
2919 5867 3174 5918 servetur
3200 5861 3474 5922 Ecclesiae
3504 5869 3774 5943 traditio,
3800 5873 3892 5925 etc.
