3970 6398
88 373 181 426 423

741 371 828 426 AD
868 368 1376 430 PRECEDENTIX
1393 373 1722 431 LlTURGIE
1759 373 2174 432 MOMUMENTA
2210 377 2540 434 APPENDIX
2576 379 2802 435 PRIMA.

3343 383 3447 438 426

149 479 215 533 Et
235 475 436 532 deinde
447 476 631 545 faciat
638 479 919 548 presbyter
933 483 1296 552 sic:Frangat
1316 483 1712 539 Eucharistiam
1733 495 1791 568 Α
1811 483 1996 539 suavis
2032 487 2119 540 est
2155 485 2450 541 Dominus.
2495 487 2750 555 Alleluia,
2797 485 3044 557 alleluia,
3079 486 3324 543 alleluia.
3383 495 3444 555 ψ.

86 588 178 642 per
201 571 462 633 medium,
487 573 542 626 et
559 576 737 643 ponat
748 573 982 629 mediam
997 579 1212 645 partem
1243 577 1304 629 in
1321 580 1546 646 patena,
1574 582 1625 632 et
1654 578 1724 636 de

90 666 192 720 alia
205 667 366 734 parte
384 665 571 730 faciat
588 667 823 736 quinque
831 669 1158 738 particulas,
1179 672 1230 722 et
1241 672 1413 738 ponat
1426 671 1484 724 in
1487 674 1716 740 patena;

93 763 136 813 et
160 759 392 826 accipiat
413 758 594 813 aliam
607 763 844 829 partem,
859 764 912 815 et
934 761 1112 828 faciat
1135 765 1371 830 quatuor
1389 764 1719 832 particulas,

95 855 137 906 et
160 853 326 920 ponat
351 851 412 903 in
434 855 646 920 patena
669 853 918 907 similiter
935 869 1037 922 per
1056 853 1293 908 ordinem
1321 855 1501 921 factas
1519 872 1620 927 per
1641 858 1720 912 lo-

96 944 226 998 culos
245 945 376 997 istos
401 945 505 1012 qui
529 958 701 1014 supra
727 949 872 999 sunt.
899 947 971 1000 Et
991 948 1178 1001 statim
1199 952 1395 1016 purget
1425 948 1550 1004 bene
1577 949 1721 1019 digi-

98 1041 192 1101 tos;
225 1039 274 1089 et
299 1040 550 1106 cooperto
575 1036 740 1092 calice
761 1039 939 1104 faciat
962 1039 1237 1094 Memento
1257 1054 1359 1110 pro
1384 1043 1542 1096 vivis.

156 1131 338 1184 Postea
392 1129 554 1184 dicat
597 1129 878 1200 presbyter
927 1131 1002 1186 ad
1045 1133 1337 1188 orationem
1395 1136 1724 1190 Dominicam

99 1222 362 1292 zqualiter
385 1223 560 1278 istam
588 1224 908 1278 orationem.

790 1325 1023 1375 Oremus.

163 1408 400 1464 Verbum
418 1408 609 1464 Patris
621 1410 772 1482 quod
787 1412 940 1464 cum‘
955 1410 1170 1466 factum
1185 1427 1264 1482 es,
1286 1415 1348 1468 ut
1362 1411 1646 1468 habitares
1664 1413 1725 1469 in

103 1501 274 1571 nobis;
303 1505 519 1574 praesta
533 1502 721 1573 nobis,
746 1507 807 1558 ut
833 1503 932 1575 qui
955 1508 1010 1559 te
1035 1503 1250 1560 venisse
1271 1505 1396 1576 jam
1421 1505 1722 1575 credimus,

103 1595 164 1649 ab
187 1595 336 1650 omni
362 1599 736 1667 peccatorum
763 1611 1040 1652 eruamur
1051 1597 1406 1669 contagione,
1432 1614 1562 1654 cum
1585 1616 1726 1670 prse-

108 1687 355 1758 ceptionis
390 1692 509 1743 tua:
547 1688 794 1744 oraculis
849 1690 1384 1761 proclamaverimus
1447 1708 1478 1746 e
1538 1693 1722 1748 terris.

1819 576 2152 634 Benedicam
2179 578 2479 635 Dominum
2499 578 2558 635 in
2578 580 2734 634 omni
2757 584 3046 651 tempore:
3077 596 3304 652 semper
3320 579 3443 636 laus

1819 669 1940 741 ejus
1966 670 2027 725 in
2066 686 2163 726 ore
2200 687 2352 727 meo.
2395 675 2456 727 P.
2503 673 2756 743 Alleluia,
2799 673 3046 744 alleluia,
3102 672 3348 729 alleluia.
3379 672 3441 734 Ῠ.

1820 763 2079 819 Redimet
2100 763 2369 820 Dominus
2393 764 2610 820 animas
2636 781 2926 821 servorum
2951 781 3206 834 suorum,
3239 769 3296 822 et
3332 781 3449 820 non

1821 861 2172 934 derelinquet
2215 880 2409 920 omnes
2444 863 2544 936 qui
2582 867 2809 936 sperant
2832 863 2892 919 in
2920 880 3071 919 eum.
3099 866 3160 918 P.
3191 862 3446 931 Alleluia,

1823 953 2064 1023 alleluia,
2091 955 2331 1012 alleluia.
2362 957 2422 1018 Ῡ.
2453 957 2642 1013 Gloria
2681 961 2735 1012 et
2774 957 2960 1013 honor
2999 956 3169 1026 Patri,
3220 959 3277 1012 et
3310 955 3450 1010 Filio

1823 1051 1878 1102 et
1891 1047 2121 1118 Spiritui
2135 1047 2326 1122 452
2341 1055 2550 1122 sancto,
2571 1051 2631 1106 in
2648 1051 2855 1106 saecula
2873 1049 3230 1104 saeculorum.
3247 1050 3424 1104 Amen
3435 1089 3448 1104 .

1821 1141 1884 1194 P.
1913 1139 2166 1212 Alleluia,
2204 1141 2447 1212 alleluia,
2477 1141 2718 1198 alleluia.
2766 1145 2830 1198 In
2867 1142 3088 1198 dicendo
3126 1141 3350 1197 Gustate
3396 1146 3454 1196 et

1822 1231 2022 1300 videte,
2051 1211 2288 1305 accipiat
2305 1211 2584 1306 presbyter
2608 1211 2804 1292 alia;
2797 1235 3131 1306 particulam
3149 1238 3446 1304 sequentem

1822 1341 1940 1396 quae
1967 1327 2167 1382 dicitur
2204 1327 2408 1396 Gloria,
2456 1333 2506 1383 et
2541 1333 2714 1400 ponat
2755 1343 2916 1399 super
2955 1329 3172 1384 calicem
3209 1331 3260 1382 et
3304 1325 3452 1382 dicat

1822 1434 1939 1474 cum
1985 1421 2198 1476 silentio
2246 1423 2409 1476 istam
2442 1425 2773 1478 orationem:
2821 1423 3026 1476 Panem
3067 1421 3346 1476 caalestem
3382 1419 3452 1475 de

1822 1527 2016 1568 mensa
2035 1513 2254 1568 Domini
2275 1513 2565 1585 accipiam,
2589 1518 2645 1570 et
2669 1530 2876 1570 nomen
2906 1513 3131 1568 Domini
3157 1513 3446 1568 invocabo.

1823 1607 1894 1660 Et
1943 1606 2091 1661 dicat
2137 1606 2381 1662 sacerdos
2450 1608 2730 1663 Memento
2767 1624 2870 1680 pro
2907 1607 3172 1675 mortuis,
3229 1606 3452 1662 tenendo

1823 1698 1980 1753 illam
2009 1701 2342 1769 particulam
2382 1716 2542 1770 super
2577 1701 2816 1764 calicem,
2855 1705 2906 1756 et
2958 1701 3098 1756 dicto
3147 1700 3449 1770 Memento,

105 1782 253 1836 Pater
275 1785 488 1848 noster,
517 1781 622 1853 qui
648 1797 707 1837 es
741 1781 802 1836 in
848 1782 1020 1838 caelis.
1065 1784 1130 1849 Β).
1171 1784 1368 1840 Amen.
1415 1783 1728 1840 Sanctiﬁce—
1747 1861 1783 1864 ἑ
1825 1790 1972 1846 dicat
1993 1793 2126 1847 istas
2141 1795 2404 1848 orationes
2428 1809 2546 1862 qua
2566 1797 2881 1864 sequuntur.

107 1877 190 1929 tur
209 1889 415 1929 nomen
435 1878 630 1930 tuum.
661 1871 724 1935 ιδ).
753 1877 954 1930 Amen.
973 1875 1246 1932 Adveniat
1269 1891 1512 1946 regnum
1535 1881 1722 1933 tuum.
1745 1861 1802 1934 B
1896 1883 2130 1939 Domine
2158 1885 2302 1940 Deus
2328 1861 2510 1955 meus,
2539 1886 2612 1940 da
2798 1901 3000 1956 corpus
3025 1888 3081 1940 et
3117 1884 3453 1957 sanguinem

110 1971 164 2034 κ).
184 1969 376 2022 Amen.
399 1966 526 2021 Fiat
548 1966 812 2022 voluntas
837 1972 965 2023 tuas
994 1967 1135 2024 sicut
1161 1968 1224 2022 in
1242 1969 1374 2024 caelo
1388 1973 1444 2024 et
1468 1969 1528 2024 in
1554 1974 1724 2025 terra.

111 2057 166 2122 II).
191 2062 382 2116 Amen.
409 2061 629 2115 Panem
655 2064 914 2115 nostrum
940 2060 1334 2132 quotidianum
1350 2062 1423 2117 da
1447 2062 1608 2117 nobis
1630 2063 1728 2118 ho-

112 2151 207 2208 die.
235 2159 300 2223 ιι).
326 2151 469 2218 Quia
494 2153 648 2208 Deus
675 2169 755 2208 es.
787 2151 970 2225 451
1007 2155 1075 2209 Et
1101 2153 1320 2211 dimitte
1340 2155 1503 2210 nobis
1541 2155 1726 2212 debita

53 2220 88 2252 λ
112 2220 302 2314 nostra,
329 2245 473 2301 sicut
508 2249 570 2301 et
605 2261 710 2300 nos
754 2220 1096 2302 dimittimus
1122 2247 1466 2304 debitoribus
1500 2249 1723 2304 nostris.

115 2335 168 2399 η).
196 2341 384 2394 Amen.
407 2339 475 2393 Et
498 2354 578 2393 ne
607 2354 711 2393 nos
748 2337 981 2394 inducas
1007 2339 1068 2394 in
1092 2340 1482 2397 tentationem.
1513 2339 1575 2404 nl.
1621 2341 1727 2398 Sed

116 2427 272 2486 libera
293 2446 395 2486 nos
423 2446 458 2486 a
480 2429 665 2486 malo.
693 2433 849 2487 Dicat
863 2432 1150 2502 presbyter
1176 2451 1193 2487 :
1220 2432 1462 2489 Liberati
1485 2450 1519 2488 a
1551 2433 1724 2504 malo,

119 2522 406 2578 confirmati
471 2539 705 2596 semper
775 2523 836 2578 in
891 2524 1062 2592 bono,
1141 2525 1350 2581 servire
1402 2541 1729 2582 mereamur

118 2615 214 2671 Deo
251 2631 311 2670 ac
345 2616 590 2672 Domino
624 2620 838 2672 nostro.
879 2618 1052 2688 Pone,
1090 2617 1344 2690 Domine,
1391 2618 1584 2675 ﬁnem.
1628 2621 1728 2676 Hic

114 2710 354 2777 percutiat
376 2715 592 2780 pectus,
621 2711 870 2782 peccatis
906 2711 1112 2766 nostris
1143 2728 1158 2766 :
1201 2712 1271 2768 da
1317 2712 1589 2784 gaudium
1625 2713 1726 2769 tri-

120 2799 322 2870 bulatis,
360 2803 555 2874 przebe
607 2803 1080 2876 redemptionem,
1111 2805 1364 2876 captivis,
1429 2805 1730 2862 sanitatem

122 2892 354 2964 inﬁmis,
379 2896 644 2968 requiem
671 2896 949 2952 defunctis
979 2914 994 2952 :
1043 2898 1282 2954 concede
1322 2914 1522 2971 pacem
1567 2903 1625 2956 et
1650 2914 1732 2955 se-

123 2986 392 3046 curitatem
416 2989 477 3046 in
506 2989 776 3051 omnibus
800 2989 1000 3046 diebus
1037 2976 1266 3047 nostris.
1305 2991 1524 3064 Frange
1563 2992 1732 3048 auda-

124 3078 249 3136 ciam
270 3082 633 3140 inimicorum
657 3088 1005 3155 nostrorum,
1033 3090 1090 3142 et
1115 3084 1319 3140 exaudi
1348 3085 1496 3141 Deus
1523 3085 1728 3141 oratio-

124 3187 210 3228 nes
234 3190 517 3233 servorum
542 3182 781 3234 tuorum
817 3178 1078 3234 omnium
1100 3177 1356 3234 ﬁdelium
1381 3178 1725 3234 Christiano-

126 3280 254 3336 rum,
282 3269 340 3324 in
365 3270 471 3325 hac
497 3270 616 3341 die,
648 3274 705 3326 et
729 3271 790 3326 in
807 3270 965 3326 omni
993 3275 1268 3344 tempore.
1297 3272 1406 3328 Per
1423 3271 1729 3328 Dominum

126 3364 354 3417 nostrum
380 3364 572 3419 Iesum
620 3363 910 3419 Christum
953 3363 1160 3419 Filium
1192 3369 1357 3420 tuum
1393 3363 1491 3437 qui
1537 3369 1728 3421 tecum

127 3451 240 3508 vivit
265 3459 318 3511 et
338 3461 560 3528 regnat,
588 3455 652 3512 in
680 3457 896 3513 unitate
924 3456 1163 3530 Spiritus
1188 3458 1383 3528 sancti,
1423 3458 1590 3528 Deus,
1625 3474 1731 3532 per

128 3547 293 3602 omnia
314 3550 516 3606 sascula
540 3551 900 3607 seculorum.
931 3547 996 3615 π).
1027 3553 1231 3608 Amen.

186 3642 264 3696 Sic
277 3644 446 3709 faciat
463 3645 784 3715 presbyter:
813 3646 1063 3714 Accipiat
1085 3645 1240 3700 modo
1259 3645 1592 3716 particulam
1614 3661 1732 3716 quae

132 3731 309 3790 dicitur
331 3737 615 3809 Regnum,
645 3737 712 3794 de
745 3742 971 3809 patena,
1001 3743 1052 3793 et
1080 3743 1256 3807 ponat
1293 3753 1456 3810 super
1491 3739 1727 3795 calicem.

132 3827 184 3880 ln
205 3831 418 3900 tempore
442 3833 851 3888 resurrectionis
876 3831 1146 3896 videlicet,
1160 3831 1306 3888 dicat
1327 3832 1496 3888 tribus
1507 3833 1730 3898 vicibus,

135 3917 254 3975 Vicit
272 3921 375 3978 Leo
403 3923 472 3980 de
497 3923 652 3979 tribu
673 3925 701 3979 J
706 3924 816 3979 uda
840 3924 1002 3980 radix
1025 3924 1215 3994 David,
1231 3924 1478 3982 alleluia.
1504 3928 1734 3998 Respon-

136 4011 442 4072 death
459 4017 704 4088 qualibet
730 4021 841 4074 vice
871 4036 888 4072 :
918 4017 1023 4083 Qui
1047 4019 1203 4075 sedes
1229 4035 1401 4092 super
1437 4019 1732 4089 cherubin,

137 4103 288 4163 Radix
313 4109 501 4183 David,
533 4111 782 4168 alleluia.
822 4113 897 4168 Et
931 4116 1120 4183 postea
1161 4113 1309 4168 dicat
1343 4115 1504 4170 istam
1538 4116 1735 4171 oratio-

136 4212 233 4254 nem
259 4203 390 4258 inter
413 4219 467 4260 se
489 4206 757 4261 submissa
783 4221 903 4262 voce
924 4224 942 4260 :

193 4292 378 4352 Sancta
401 4299 627 4370 sanctis,
656 4301 716 4356 et
749 4298 1069 4370 coniunctio
1097 4298 1343 4372 corporis
1371 4299 1594 4356 Domini
1627 4317 1731 4358 no-

139 4385 223 4440 stri
240 4387 358 4444 lesu
385 4391 626 4462 Christi;
660 4391 736 4448 sit
761 4391 1114 4448 sumentibus
1142 4396 1198 4449 et
1225 4393 1550 4465 potantibus
1574 4393 1735 4450 nobis

139 4478 195 4532 ad
224 4483 449 4556 veniam,
486 4489 544 4541 et
579 4485 861 4543 defunctis
899 4485 1156 4542 ﬁdelibus
1195 4490 1498 4560 praestetur
1542 4487 1614 4543 ad
1642 4503 1734 4543 re-

1826 1975 1948 2030 Filii
1975 1977 2060 2031 tui
2077 1976 2302 2032 Domini
2319 1977 2496 2032 nostri
2511 1979 2640 2032 Jesu
2668 1977 2874 2032 Christi
2898 1977 2977 2032 ita
3003 1992 3250 2047 sumere,
3273 1981 3336 2032 ut
3351 1994 3456 2048 per

1825 2067 1966 2124 illud
1998 2069 2382 2125 remissionem
2411 2070 2666 2125 omnium
2689 2074 3049 2141 peccatorum
3077 2085 3298 2126 merear
3319 2070 3456 2124 acci-

1825 2177 1979 2233 pere,
2013 2166 2070 2218 et
2096 2166 2195 2218 tuo
2224 2167 2416 2218 sancto
2441 2162 2652 2234 Spiritu
2679 2163 2908 2234 repleri,
2935 2164 3080 2218 Deus
3104 2165 3317 2233 noster,
3359 2163 3458 2234 qui

1826 2255 1966 2310 vivis
1989 2259 2046 2312 et
2069 2272 2272 2329 regnas
2295 2256 2355 2312 in
2377 2255 2580 2312 saecula
2607 2256 2961 2328 saeculorum,
2992 2271 3180 2312 amen.

2546 2385 2738 2436 Oratio.

1897 2497 2008 2549 Ave
2033 2493 2093 2548 in
2119 2509 2324 2563 aevum,
2353 2495 2700 2551 sanctissima
2720 2511 2854 2551 caro
2875 2496 3098 2566 Christi,
3143 2496 3204 2551 in
3245 2510 3450 2568 perpe-

1825 2590 1991 2642 tuum
2015 2603 2237 2642 summa
2261 2587 2531 2644 dulcedo:
2555 2604 2763 2660 panem
2790 2589 3066 2644 caelestem
3083 2588 3375 2660 accipiam,
3397 2593 3455 2646 et

1827 2695 2036 2736 nomen
2068 2681 2291 2736 Domini
2322 2680 2615 2736 invocabo.
2645 2684 2744 2738 Hic
2765 2684 2944 2750 faciat
2965 2685 3178 2752 signum
3206 2697 3325 2738 cum
3352 2685 3457 2739 Ho-

1827 2777 1955 2838 stia,
1982 2778 2032 2829 et
2055 2778 2232 2829 sumat
2245 2775 2576 2844 particulam
2603 2791 2766 2844 quam
2782 2777 2840 2829 in
2867 2791 3032 2830 manu
3057 2775 3236 2838 habet,
3261 2779 3314 2830 et
3333 2790 3453 2830 coo-

1824 2869 2007 2938 periat
2053 2867 2286 2931 calicem,
2339 2871 2392 2922 et
2429 2869 2610 2922 veniat
2661 2867 2736 2922 ad
2760 2873 3041 2938 patenum,
3081 2872 3133 2922 et
3183 2873 3458 2924 consumat

1831 2975 2004 3016 omnes
2022 2960 2322 3031 particulas
2341 2975 2440 3030 per
2463 2960 2724 3015 ordinem.
2753 2963 2824 3016 Et
2848 2960 3040 3016 deinde
3059 2962 3289 3030 accipiat
3305 2964 3459 3032 pate-

1829 3069 1957 3108 nam
1985 3058 2037 3108 et
2056 3057 2230 3123 ponat
2258 3067 2419 3124 super
2444 3054 2684 3122 calicem,
2714 3058 2764 3108 et
2783 3057 2978 3124 purget
2998 3053 3122 3110 bene
3141 3069 3258 3109 cum
3284 3054 3457 3124 digito

1825 3147 2072 3217 pollicem
2100 3151 2150 3202 et
2177 3147 2325 3201 dicat
2355 3147 2492 3202 hanc
2518 3141 2813 3202 orationem
2839 3164 2858 3200 :

1748 3225 1803 3301 C
1897 3243 2010 3294 Ave
2034 3238 2096 3293 in
2120 3254 2326 3309 aevum,
2353 3239 2586 3294 caelestis
2610 3243 2794 3311 potus,
2826 3238 2924 3311 qui
2949 3238 3092 3294 mihi
3117 3243 3247 3295 ante
3269 3239 3459 3296 omnia

1829 3337 1885 3389 et
1910 3347 2080 3404 supra
2103 3332 2296 3388 omnia
2319 3331 2498 3387 dulcis
2517 3347 2596 3387 es.

2473 3449 2586 3501 Alia
2609 3450 2792 3502 oratio.

1897 3555 2111 3626 Corpus
2141 3558 2198 3610 et
2231 3552 2458 3625 sanguis
2494 3552 2718 3608 Domini
2752 3551 2928 3609 nostri
2963 3554 3096 3609 Jesu
3123 3553 3328 3609 Christi
3357 3569 3458 3610 cu-

1829 3645 2031 3702 stodiat
2053 3662 2257 3718 corpus
2283 3649 2339 3700 et
2367 3645 2621 3700 animam
2645 3660 2831 3701 meam
2853 3644 2917 3700 in
2952 3644 3129 3700 vitam
3163 3650 3455 3716 aeternam,

1833 3755 2021 3794 amen.
2050 3740 2152 3794 Hic
2179 3741 2413 3810 accipiat
2436 3741 2787 3805 sanguinem;
2805 3742 2857 3793 et
2879 3739 3008 3794 dum
3038 3739 3283 3795 sacerdos
3307 3755 3454 3795 sum-

1830 3836 1959 3889 serit
1982 3834 2316 3902 sanguinem,
2347 3831 2494 3887 dicat
2517 3831 2824 3887 immediate
2851 3832 2988 3887 hanc
3015 3835 3308 3888 orationem
3333 3852 3350 3887 :

1902 3925 2138 3980 Domine
2179 3925 2324 3980 Deus
2362 3941 2543 3995 meus,
2597 3925 2763 3980 Pater
2805 3929 2862 3981 et
2899 3925 3068 3980 Filius
3114 3929 3170 3980 et
3215 3925 3458 3998 Spiritus

1833 4024 2081 4083 sanctus,
2121 4018 2211 4073 fac
2249 4035 2341 4074 me
2371 4023 2426 4074 te
2453 4034 2678 4090 semper
2704 4034 2960 4090 quaerere
2986 4023 3042 4074 et
3065 4018 3320 4090 diligere,
3349 4025 3404 4075 et
3426 4036 3460 4074 a

1832 4118 1887 4168 te
1918 4128 2022 4184 per
2069 4113 2214 4167 hanc
2256 4116 2502 4167 sanctam
2551 4111 3014 4168 communionem
3064 4128 3239 4185 quam
3285 4113 3463 4169 sumsi

1833 4221 2150 4278 numquam
2191 4205 2472 4276 recedere,
2521 4205 2656 4278 quia
2694 4209 2758 4261 tu
2801 4222 2859 4262 es
2896 4207 3064 4277 Deus,
3092 4210 3148 4262 et
3173 4209 3384 4278 praeter
3406 4210 3463 4262 te

1832 4316 1950 4356 non
1979 4303 2064 4356 est
2087 4298 2230 4355 alius
2257 4297 2317 4354 in
2343 4299 2548 4354 saecula
2573 4299 2924 4369 saeculorum,
2953 4315 3140 4356 amen.

1906 4395 2094 4451 Cantet
2116 4394 2304 4449 chorus
2341 4395 2788 4448 communionem:
2829 4393 3043 4448 Refecti
3080 4391 3287 4449 Christi
3331 4408 3457 4447 cor-

1833 4503 1974 4560 pore
2013 4489 2070 4542 et
2115 4485 2412 4558 sanguine,
2463 4490 2519 4540 te
2565 4485 2877 4556 laudamus,
2918 4485 3171 4556 Domine,
3211 4483 3456 4554 alleluia,

141 4571 323 4666 quiem.
353 4580 420 4634 Et
442 4581 628 4635 mittat
642 4579 982 4651 particulam
1005 4582 1066 4635 in
1107 4578 1360 4644 calicem,
1382 4585 1434 4636 et
1470 4585 1737 4652 cooperiat
1753 4591 1814 4666 D
1835 4579 2078 4649 alleluia,
2107 4579 2350 4634 alleluia.

143 4665 345 4734 calicem,
365 4676 412 4726 et
422 4672 698 4729 dicatalta
714 4688 836 4730 voce
859 4676 955 4738 sic,
972 4675 1022 4728 si
1039 4689 1145 4730 non
1161 4675 1334 4742 fuerit
1354 4675 1434 4730 ibi
1449 4675 1706 4732 diaconus
1719 4696 1738 4733 :

201 4759 480 4822 Humiliate
512 4782 614 4822 vos
653 4766 1050 4823 benedictioni.
1091 4767 1365 4824 Dominus
1402 4767 1473 4824 sit
1517 4784 1740 4841 semper

145 4850 418 4912 vobiscum.
447 4855 514 4921 Β).
542 4860 610 4915 Et
632 4875 765 4915 cum
783 4859 1006 4932 spiritu.
1028 4861 1350 4918 Benedictio.
1381 4861 1622 4918 lllustret
1641 4879 1738 4918 vos

145 4945 438 5017 unigenitus
454 4951 628 5031 Filius
638 4953 740 5010 Dei
755 4953 972 5010 lumine
987 4954 1258 5010 adventus
1281 4955 1388 5026 sui,
1416 4954 1513 5027 qui
1533 4971 1627 5010 vos
1645 4971 1737 5012 re-

148 5033 332 5098 dimere
356 5057 472 5100 non
496 5045 838 5118 dedignatus
861 5052 946 5103 est
972 5048 1156 5120 pretio
1181 5047 1470 5120 sanguinis
1499 5047 1735 5121 proprii.

150 5132 201 5195 Bl-
224 5134 403 5192 Amen.
432 5139 700 5212 Accingat
721 5157 820 5197 vos
833 5140 1135 5197 virtutibus
1161 5142 1333 5214 pacis,
1364 5147 1421 5197 et
1445 5141 1585 5198 ditet
1604 5158 1736 5198 mu-

148 5223 346 5282 neribus
393 5232 654 5304 copiosis.
711 5230 774 5295 nl.
832 5237 1033 5291 Amen.
1094 5235 1397 5307 Ipsumque
1440 5235 1740 5292 Dominum

150 5327 346 5389 semper
367 5322 613 5382 habeatis
640 5331 1040 5399 protectorem,
1072 5344 1244 5400 quem
1271 5327 1626 5400 omnipotens
1643 5330 1739 5384 Pa-

151 5408 222 5461 ter
243 5415 509 5474 suscitavit
533 5419 604 5475 de
619 5420 772 5476 tribu
795 5421 936 5477 Iuda
959 5416 1250 5480 victorem.
1276 5418 1340 5484 Β).
1367 5424 1568 5478 Amen.
1582 5425 1740 5479 Dicat

147 5504 429 5574 Presbyter:
455 5511 560 5567 Per
583 5513 1026 5571 misericordiam
1058 5515 1238 5587 ipsius
1268 5514 1368 5570 Dei
1403 5515 1600 5586 nostri,
1639 5515 1740 5588 qui

1906 4676 2011 4730 Eat
2019 4672 2520 4729 sacerdosadcornu
2537 4672 2753 4736 altaris,
2767 4676 2817 4727 et
2828 4671 2975 4726 dicat
2986 4671 3121 4726 hanc
3129 4665 3424 4728 brationem
3442 4689 3458 4727 :

1907 4765 2118 4822 Refecti
2162 4765 2366 4820 Christi
2413 4781 2648 4837 corpore
2703 4769 2760 4821 et
2807 4765 3082 4836 sanguine
3132 4765 3458 4836 pariterque

1837 4858 2185 4929 sanctificati,
2239 4859 2350 4914 Deo
2391 4858 2542 4914 Patri
2585 4857 2959 4930 omnipotenti
3001 4856 3205 4928 gratias
3255 4857 3462 4912 refera-

1837 4969 1984 5023 mus,
2003 4957 2070 5009 ut
2092 4969 2198 5008 nos
2223 4952 2482 5008 eamdem
2511 4951 2980 5008 resurrectionem
2995 4953 3052 5006 et
3065 4949 3457 5006 sanctiﬁcatio-

1836 5061 1970 5102 nem
1993 5045 2264 5102 habentes
2290 5045 2402 5113 hic,
2432 5044 2565 5100 etin
2579 5045 2770 5100 futuro
2795 5043 2996 5099 saeculo
3019 5041 3258 5114 gloriam
3281 5044 3462 5114 perci-

1835 5135 2080 5212 piamus.
2105 5136 2167 5202 II).
2186 5142 2385 5194 Amen.
2407 5139 2563 5194 Dicat
2569 5138 2876 5209 presbyter:
2895 5137 3002 5192 Per
3015 5135 3461 5192 misericordiam

1837 5236 2014 5302 tuam,
2053 5232 2199 5287 Deus
2235 5234 2444 5298 noster,
2487 5230 2584 5302 qui
2627 5246 2688 5284 es
2731 5229 3078 5300 benedictus,
3121 5233 3178 5286 et
3218 5229 3376 5300 vivis,
3407 5234 3466 5286 et

1837 5325 2028 5380 omnia
2049 5324 2200 5396 regis
2221 5324 2284 5378 in
2309 5322 2514 5403 sarcula
2540 5323 2894 5378 saeculorum.
2926 5323 2991 5403 nl.
3029 5325 3232 5379 Amen.
3269 5322 3462 5378 Domi-

1835 5435 1944 5474 nus
1966 5417 2038 5472 sit
2061 5433 2285 5490 semper
2308 5417 2618 5472 vobiscum.
2659 5414 2852 5490 453
2889 5414 2953 5481 Β).
2999 5417 3069 5471 Et
3107 5433 3258 5472 cum.
3307 5418 3464 5472 Dicat

1829 5513 2110 5585 presbyter
2149 5512 2237 5567 vel
2276 5512 2564 5568 diaconus:
2595 5510 2878 5566 Solemnia
2913 5509 3195 5581 completa
3234 5514 3367 5565 sunt
3401 5509 3461 5563 in

154 5597 222 5646 est
243 5594 568 5674 benedictus,
597 5609 654 5662 et
672 5606 826 5678 vivit,
854 5612 912 5663 et
937 5607 1130 5664 omnia
1153 5607 1305 5680 regit
1326 5607 1389 5662 in
1413 5608 1615 5664 saecula
1641 5625 1739 5664 sa:-
1836 5605 2065 5662 nomine
2091 5604 2315 5661 Domini
2339 5605 2519 5662 nostri
2543 5605 2674 5660 Jesu
2697 5603 2936 5674 Christi;
2976 5607 3170 5660 votum
3205 5606 3459 5659 nostrum

157 5686 398 5774 culorum.
426 5692 491 5758 ιν).
517 5700 716 5756 Amen.
757 5701 1032 5758 Dominus
1072 5701 1146 5758 sit
1175 5717 1398 5774 semper
1422 5701 1734 5758 vobiscum.

1835 5700 1908 5756 sit
1933 5703 2225 5771 acceptum
2253 5715 2383 5756 cum
2406 5715 2564 5772 pace.
2610 5694 2676 5762 Β).
2715 5699 2831 5754 Deo
2874 5697 3104 5771 gratias.
3139 5699 3250 5755 Ista
3289 5691 3460 5750 oratio

161 5772 211 5838 Pi.
234 5781 294 5839 Et
312 5801 455 5848 cum.
479 5793 637 5849 Dicat
661 5793 850 5850 chorus
878 5813 896 5850 :
925 5795 1154 5852 Gustata
1180 5799 1238 5852 et
1261 5772 1444 5852 videte
1471 5794 1739 5868 quoniam
1831 5813 2001 5873 supra
2023 5797 2171 5857 dicta
2196 5801 2260 5870 fit
2283 5801 2343 5856 in
2367 5799 2603 5856 medium
2621 5798 2838 5856 altaris.

217 5886 234 5909 '
258 5889 345 5949 ilic
372 5896 636 5956 mendum
657 5901 1129 5975 typographicum
1151 5905 1345 5977 patet:
1375 5903 1662 5966 evidenter
1688 5908 2002 5984 legendum
2027 5923 2167 5965 cano
2193 5911 2404 5980 factum
2428 5923 2500 5966 es.
2534 5909 2682 5964 EDIT.

443 5986 718 6056 Panos.
765 5989 999 6057 LXXII.

3063 5955 3155 6052 Μ’
