3970 6412
451 370 555 424 4‘27

1241 352 1572 412 APPENDIX
1610 350 1696 406 AD
1733 346 1953 405 OPERA
1989 341 2222 400 SANCTI
2257 338 2556 399 GERMANI
2592 330 3018 394 PARISIENSIS.

3734 315 3847 368 428

523 481 588 534 In
635 479 742 533 ista
781 474 943 529 missa
981 473 1030 523 et
1062 468 1122 522 in
1166 465 1291 520 aliis
1327 479 1435 519 non
1471 463 1700 517 vertitur
1730 456 1973 515 sacerdos
2005 453 2081 509 ad
2101 466 2160 540 Α
2179 451 2532 520 Sacriﬁcium.
2562 445 2828 503 Parvulus
2856 445 3025 496 natus
3053 439 3138 492 est
3163 431 3348 502 nobis,
3377 431 3436 486 et
3469 425 3636 483 ﬁlius
3665 423 3853 479 datus

444 573 727 644 populum,
753 569 861 621 nisi
885 561 1100 634 quando
1127 559 1329 614 dixerit
1354 571 1371 604 -·
1399 556 1674 626 Adjuvate
1694 567 1810 619 me,
1851 551 2076 617 fratres,

449 666 510 720 in
539 659 882 719 orationibus
908 653 1126 712 vestris.

586 757 648 810 II.
690 769 747 809 IN
783 765 1096 808 nmmum
1133 762 1327 802 bonum
1364 759 1550 801 nosrm
1587 755 1709 796 JESU
1747 752 1952 794 CHRISTI

569 836 579 846 ’
950 837 1020 874 ΔΙ)
1059 833 1256 874 ΜῐεεΔὶί
1294 829 1563 872 ΟΡΡΙΟῙΠΠ.

809 919 895 972 Eae
918 913 1098 969 eodem
1123 911 1337 968 Missali
1354 905 1727 964 Mozarabum.

525 1011 782 1080 Alleluia,
811 1006 1143 1062 Benedictus
1169 1001 1268 1074 qui
1294 1000 1468 1071 venit,
1499 996 1742 1064 alleluia,
1773 996 1836 1050 In
1854 991 2084 1048 nomine

453 1105 696 1173 Domini,
725 1100 966 1169 alleluia,
991 1096 1236 1153 alleluia.

527 1208 590 1269 ψ.
615 1200 763 1255 Deus
788 1193 1058 1250 Dominus
1076 1193 1141 1246 et
1159 1187 1349 1244 illuxit
1376 1185 1562 1242 nobis.
1584 1187 1647 1240 P.
1672 1183 1744 1254 (a)
1773 1183 1834 1235 In
1853 1177 2086 1234 nomine

455 1291 700 1348 Domini.
736 1295 797 1356 ψ.
825 1285 1011 1344 Gloria
1043 1288 1100 1340 et
1135 1285 1320 1340 honor
1355 1279 1527 1349 Patri,
1571 1281 1627 1334 et
1667 1275 1828 1342 Filio,
1875 1277 1931 1328 et
1969 1269 2089 1343 Spi-

455 1386 592 1442 ritui
621 1384 810 1439 sancto
832 1381 894 1436 m
929 1378 1138 1435 saecula
1172 1375 1530 1442 saeculorum,
1566 1385 1754 1426 amen.
1793 1369 1856 1422 P.
1895 1367 1958 1420 ln
1988 1379 2089 1419 no-

456 1479 612 1534 mine
635 1475 878 1533 Domini.

528 1573 686 1628 Dicat
735 1568 1046 1641 presbyter:
1101 1565 1206 1618 Per
1244 1559 1434 1616 omnia
1473 1555 1675 1612 saecula
1725 1552 2086 1608 saeculorum.

461 1664 526 1729 ﬂ}.
557 1667 758 1720 Amen.

534 1761 691 1814 Dicat
716 1756 1025 1828 presbyter:
1054 1749 1237 1805 Gloria
1259 1746 1322 1800 in
1347 1742 1577 1801 excelsis
1603 1745 1733 1798 Deo.

2179 550 2266 600 est
2285 519 2448 598 nobis
2476 558 2490 596 :
2521 547 2578 596 et
2595 539 2774 594 factus
2801 539 2885 591 est
2905 529 3260 605 principatus
3279 525 3402 598 ej'us
3428 536 3614 594 super
3630 519 3789 572 hum
3797 531 3856 569 e-

2179 654 2271 693 ros
2295 635 2434 708 ejus,
2463 630 2706 701 alleluia,
2735 627 2978 684 alleluia.

2867 735 3113 783 MISSA.

2251 821 2388 876 Ecce
2419 832 2571 873 nunc
2608 818 2832 886 tempus
2858 807 3221 880 acceptabile,
3251 819 3381 860 ecce
3401 815 3565 858 nunc
3589 797 3724 854 dies
3758 811 3854 848 sa-

2180 914 2334 970 lutis.
2360 913 2482 967 Lux
2513 928 2548 964 a
2571 914 2720 964 terra
2746 905 2974 979 prodiit,
3021 915 3294 958 exeamus
3329 914 3366 952 a
3403 891 3696 951 tenebris.
3731 889 3855 944 Ad-

2180 1010 2407 1063 vocatus
2455 1020 2485 1059 e
2535 1001 2670 1058 caelo
2718 997 3034 1065 descendit,
3085 993 3243 1066 quod
3291 992 3522 1063 oportet
3569 999 3856 1057 agamus,

2183 1099 2486 1156 Redemtor
2532 1093 2733 1150 mundi
2768 1089 3052 1164 apparuit,
3078 1103 3184 1160 pro
3207 1085 3474 1141 libertate
3493 1081 3856 1136 clamemus.

2185 1192 2348 1248 Venit
2371 1191 2444 1245 ad
2468 1192 2709 1260 aegrotos
2721 1183 2996 1252 medicus,
3011 1181 3248 1238 vulnera
3261 1175 3661 1250 proferamus.
3683 1169 3862 1224 Panis

2184 1285 2342 1341 vivus
2368 1280 2724 1337 credentibus
2750 1278 2916 1332 datus
2959 1278 3062 1338 est,
3109 1273 3267 1328 hunc
3313 1281 3643 1324 sumamus.
3704 1263 3864 1316 Fons

2185 1376 2451 1451 perennis
2474 1372 2734 1428 ﬁdelibus
2762 1374 2920 1425 ortus
2948 1371 3053 1437 est,
3081 1365 3302 1421 animas
3326 1361 3720 1434 impleamus,
3753 1371 3861 1409 cu-

2181 1471 2276 1543 jus
2295 1465 2897 1525 misericordiavirtute
2917 1465 2973 1517 et
2993 1459 3174 1532 gratia
3194 1458 3254 1512 in
3267 1457 3363 1512 illo
3387 1453 3527 1510 ﬁdei
3548 1465 3864 1524 processu,

2181 1563 2420 1636 justitizn
2456 1562 2633 1628 cultu,
2669 1553 3031 1614 confessionis
3075 1552 3278 1626 gradu,
3320 1544 3605 1604 castitatis
3642 1543 3868 1598 affectu

2191 1661 2342 1712 stare
2377 1671 2480 1712 nos
2521 1653 2706 1722 faciat,
2751 1651 2812 1706 in
2853 1665 2967 1721 quo
3007 1647 3224 1702 animas
3265 1641 3532 1698 ﬂoruisse
3561 1637 3700 1706 sibi,
3743 1652 3870 1690 non

2192 1749 2404 1806 eruisse
2430 1746 2743 1803 convincat.
2774 1745 2960 1814 Atque
2986 1739 3048 1796 in
3073 1739 3172 1794 illo
3200 1741 3354 1793 statu
3380 1735 3556 1789 illum
3581 1731 3710 1786 vita
3753 1746 3867 1784 no-

535 1823 734 1908 Postea-
751 1823 917 1912 dicta,
949 1845 1133 1901 Gloria
1154 1843 1215 1898 in
1243 1839 1495 1906 excelsis,
1533 1838 1680 1893 dicat
1717 1835 1854 1890 hanc
1891 1833 2092 1888 oratio-

2278 1859 2309 1898 a
2321 1842 2645 1908 delectetur,
2660 1837 2940 1907 nobisque
2959 1831 3284 1898 fructiﬁcet,
3301 1829 3363 1884 in
3379 1845 3498 1900 quo
3519 1842 3584 1882 se
3598 1823 3870 1897 generis,

463 1961 622 2002 nem:

539 2036 712 2092 Hodie
736 2032 899 2088 nobis
921 2031 1220 2086 thesaurus
1244 2030 1411 2082 natus
1435 2028 1538 2080 est.
1588 2021 1763 2078 Hodie
1801 2019 1964 2076 nobis
2006 2018 2096 2073 lu-

426 2177 434 2184 .
471 2145 639 2186 cerna
668 2125 930 2197 Virginis,
963 2139 1137 2196 quam
1164 2120 1402 2194 Spiritus
1430 2120 1654 2174 sanctus
1677 2114 1880 2188 ignivit
1904 2127 2100 2168 verum

471 2225 668 2280 lumen
695 2217 975 2292 apparuit.
1009 2216 1184 2271 Hodie
1211 2229 1488 2270 cmcorum
1513 2210 1766 2266 medicus
1793 2211 1960 2264 natus
1997 2209 2098 2260 est.

472 2317 648 2372 Hodie
676 2310 1114 2386 paralyticorum
1141 2307 1373 2362 sanitas.
1401 2305 1573 2360 Hodie
1611 2301 1881 2358 debilium
1906 2299 2100 2354 ﬁrma-

471 2413 752 2476 mentum,
769 2401 1181 2460 inﬁrmantium
1198 2401 1398 2454 virtus.
1422 2397 1592 2452 Hodie
1607 2393 1942 2452 resurrectio
1957 2408 2106 2447 mor-

473 2508 704 2559 tuorum
729 2498 974 2555 Salvator
1007 2497 1199 2550 noster
1235 2491 1479 2547 advenit.
1525 2488 1696 2544 Hodie
1749 2485 1911 2542 nobis
1956 2485 2106 2540 inter

471 2600 701 2653 noctem
736 2590 979 2663 ignitam
1001 2589 1100 2643 lux
1124 2603 1275 2642 nova
1301 2582 1582 2658 apparuit.
1611 2581 1784 2636 Hodie
1807 2579 1968 2635 nobis
1997 2578 2108 2635 Sal-

477 2693 634 2745 vator
656 2684 903 2754 advenit,
932 2698 1104 2754 quem
1122 2679 1415 2753 propheta:
1429 2675 1814 2748 praedixerant
1841 2689 1911 2728 ex
1939 2671 2109 2727 Maria

478 2781 706 2853 Virgine
741 2776 1116 2834 nasciturum.
1171 2771 1343 2827 Hodie
1389 2769 1551 2825 nobis
1576 2767 1853 2840 praesepio
1898 2763 2110 2837 positus

477 2877 788 2948 perpetuus
809 2869 974 2926 Panis
997 2866 1138 2922 lucis
1162 2863 1474 2921 ostenditur
1497 2862 1596 2934 qui
1622 2861 1766 2916 dixit
1791 2877 1806 2915 :
1837 2861 1956 2931 Ego
1984 2874 2112 2913 sum

479 2967 642 3040 panis
669 2979 834 3020 verus
860 2961 960 3034 qui
985 2960 1056 3015 de
1082 2959 1220 3014 caelo
1246 2955 1529 3013 descendi.
1562 2955 1617 3010 Si
1643 2953 1770 3026 quis
1807 2957 2000 3008 autem
2043 2951 2112 3006 de

481 3075 630 3133 pane
671 3058 778 3114 isto
822 3051 1247 3109 manducaverit
1290 3066 1408 3104 non
1455 3047 1664 3104 esuriat
1706 3047 1768 3102 in
1813 3049 2110 3101 aetermun.

484 3155 694 3209 Praesta
717 3149 898 3216 nobis,
929 3146 1184 3216 Domine,
1213 3160 1317 3217 per
1347 3141 1590 3214 gloriam
1619 3139 1923 3196 nativitatis
1947 3142 2058 3193 tua:
2082 3153 2116 3190 a

489 3246 652 3301 malis
702 3241 944 3315 propriis
981 3238 1232 3308 liberari,
1272 3241 1328 3292 et
1359 3237 1420 3290 in
1458 3235 1568 3290 tuis
1601 3233 1860 3290 laudibus
1897 3247 2118 3302 semper

491 3337 738 3408 gloriari.
767 3333 831 3399 Β).
861 3336 1063 3388 Amen.

560 3431 868 3501 Prophetia.
896 3424 1081 3482 Lectio
1107 3423 1240 3478 libri
1266 3421 1444 3477 Esaiae
1469 3421 1786 3493 prophetae.
1820 3421 1954 3490 Cap.
1986 3435 2060 3472 1x.

561 3524 626 3590 Β).
652 3526 764 3579 Deo
792 3519 1017 3594 gratias.

560 3617 750 3672 Primo
772 3619 1025 3684 tempore
1053 3610 1286 3666 allevata
1313 3611 1398 3662 est
1424 3611 1575 3664 terra
1601 3605 1846 3661 Zabulon
1880 3607 1937 3659 et
1969 3607 2122 3658 terra

492 3709 790 3784 Neptalim,
823 3709 955 3776 etc.,
983 3719 1150 3776 usque
1191 3702 1266 3758 ad
1311 3701 1462 3757 zelus
1503 3699 1728 3756 Domini
1771 3695 2124 3754 exercituum

490 3804 656 3860 faciet
678 3803 806 3858 hoc.
835 3797 901 3862 Β).
929 3801 1133 3854 Amen.

564 3899 723 3954 Dicat
757 3894 1038 3966 presbyter
1067 3906 1082 3944 :
1134 3886 1406 3944 Dominus
1451 3885 1524 3941 sit
1559 3899 1782 3956 semper
1813 3882 2120 3938 vobiscum.

496 3995 560 4062 nl.
589 3992 657 4047 Et
679 4003 814 4043 cum
836 3983 996 4057 spiri.

569 4079 763 4154 454
784 4081 941 4136 Dicat
965 4077 1154 4132 chorus
1173 4073 1458 4145 psallendo
1486 4089 1502 4124 :

570 4174 841 4230 Dominus
867 4169 1009 4225 dixit
1033 4168 1102 4223 ad
1128 4183 1221 4229 me
1249 4183 1264 4220 :
1291 4165 1463 4220 Filius
1480 4179 1643 4219 meus
1667 4178 1726 4218 es
1741 4165 1824 4231 tu,
1840 4177 1946 4234 ego
1963 4160 2129 4216 hodie

503 4267 677 4341 genui
697 4271 774 4322 te.
806 4262 868 4324 Ῠ.
894 4264 1025 4318 Pete
1052 4275 1216 4328 ame,
1255 4263 1311 4314 et
1347 4257 1488 4313 dabo
1529 4255 1633 4312 tibi
1673 4259 1868 4328 gentes
1903 4254 2128 4310 heredi-

503 4366 678 4417 tatem
704 4363 882 4428 tuam,
909 4360 965 4412 et
987 4352 1397 4427 possessionem
1441 4353 1600 4406 tuam
1631 4349 1904 4405 terminos
1941 4353 2128 4404 terrae.

500 4459 564 4513 P.
593 4457 731 4526 Ego.
760 4454 918 4508 Dicat
937 4449 1222 4521 presbyter
1247 4464 1265 4500 :
1293 4444 1590 4501 Silentium
1618 4443 1802 4500 facite.

2196 1953 2312 1993 non
2333 1933 2584 1990 criminis
2599 1930 2797 2001 nostri,
2819 1943 3160 2001 permanens
3187 1926 3358 1993 Deus,
3387 1921 3450 1976 in
3475 1919 3656 1975 nobis
3683 1917 3878 1971 nasci-

2195 2035 2358 2086 turus
2384 2025 2642 2094 inseruit,
2669 2028 2725 2079 et
2751 2039 2857 2094 pro
2896 2019 3060 2076 nobis
3090 2017 3409 2074 moriturus
3448 2010 3761 2084 apparuit.
3807 2007 3875 2071 ﬂ}.

2197 2125 2400 2178 Amen.
2437 2119 2790 2174 Concedente
2824 2113 3008 2187 gratia
3054 2107 3436 2166 miserationis
3475 2105 3666 2172 illius,
3701 2102 3877 2172 cujus

2200 2230 2445 2287 regnum
2486 2217 2543 2270 et
2581 2209 2887 2282 imperium
2921 2207 3064 2278 juge
3099 2208 3158 2260 et
3197 2201 3516 2275 gloriosum
3557 2198 3624 2253 in
3656 2194 3879 2252 saecula

2202 2308 2557 2366 saeculorum.
2587 2307 2651 2372 nl.
2681 2305 2882 2362 Chorus
2910 2315 2928 2349 :
2955 2301 3156 2354 Amen.

2861 2401 2976 2452 Alia
3007 2399 3192 2451 oratio.

2273 2497 2366 2565 Te,
2395 2491 2631 2549 Domine
2654 2491 2784 2545 Jesu
2807 2486 3046 2552 Christe,
3075 2488 3134 2539 te
3177 2485 3360 2539 Deum
3399 2479 3723 2552 pluraliter
3769 2477 3880 2532 ho-

2204 2587 2387 2644 mines
2412 2586 2740 2653 salvantem,
2773 2585 2830 2637 et
2871 2578 3164 2636 hominem
3203 2575 3266 2631 in
3311 2577 3430 2630 Deo
3477 2571 3884 2644 singulariter

2205 2685 2498 2756 potentem
2520 2680 2866 2744 invocamus,
2904 2672 3225 2740 laudamus,
3268 2659 3548 2741 rogamus
3589 2668 3667 2722 ut
3702 2665 3882 2730 adsis,

2207 2791 2423 2849 parcas,
2449 2769 2786 2839 miserearis,
2809 2768 3085 2840 ignoscas,
3125 2765 3224 2819 des
3270 2762 3331 2816 in
3372 2761 3573 2832 corde,
3624 2763 3888 2830 votaque

2210 2869 2530 2940 compleas;
2577 2865 2674 2920 des
2695 2863 2758 2918 in
2807 2877 2924 2930 ore,
2967 2859 3256 2929 verbaque
3299 2855 3582 2912 exaudias
3606 2896 3622 2923 ,
3679 2853 3791 2908 des
3823 2853 3888 2906 in

2212 2978 2399 3034 opere,
2422 2961 2686 3031 factaque
2710 2955 3030 3011 benedicas.
3057 2953 3179 3006 Non
3201 2949 3457 3022 petimus
3477 2947 3764 3003 renovari
3789 2963 3891 3001 no-

2210 3056 2316 3126 bis,
2347 3055 2491 3110 sicut
2514 3053 2575 3107 in
2598 3052 2704 3106 hac
2732 3049 2822 3104 die
2852 3047 2990 3102 olim
3020 3051 3144 3101 acta
3169 3048 3275 3115 est,
3305 3041 3632 3114 corporalis
3660 3041 3886 3096 nativi-

2213 3153 2302 3205 tas
2328 3153 2458 3217 tua;
2487 3145 2584 3202 sed
2607 3143 2854 3216 petimus
2894 3137 3248 3210 incorporari
3297 3135 3465 3191 nobis
3519 3133 3893 3189 invisibilem

2215 3241 2564 3298 divinitatem
2585 3242 2763 3304 tuam,
2791 3239 2856 3290 ut
2879 3233 3032 3306 quod
3048 3230 3374 3304 praestitum
3408 3233 3498 3284 est
3541 3228 3889 3295 carnaliter,

2217 3333 2408 3408 455
2435 3333 2532 3388 sed
2547 3328 2872 3402 singularitr
2932 3332 3068 3381 tunc
3088 3325 3295 3392 Mariae,
3312 3339 3472 3378 nunc
3493 3321 3894 3394 spiritualiter

2215 3431 2516 3502 praestetur
2540 3423 2825 3492 Ecclesiae;
2868 3425 2934 3476 ut
2957 3423 3012 3475 te
3039 3419 3179 3474 ﬁdes
3203 3417 3534 3472 indubitata
3565 3415 3890 3488 concipiat,

2217 3527 2273 3578 te
2303 3536 2464 3576 mens
2478 3519 2548 3574 de
2576 3515 2936 3588 corruptione
2961 3513 3200 3568 liberata
3225 3509 3538 3584 parturiat,
3561 3514 3624 3566 te
3653 3525 3896 3581 semper

2219 3615 2409 3671 anima
2431 3613 2636 3668 virtute
2654 3607 2926 3664 Altissimi
2954 3605 3294 3662 obumbrata
3318 3603 3644 3659 contineat.
3665 3605 3754 3660 Ne
3786 3604 3899 3660 dis~

2221 3709 2384 3766 cedas
2421 3723 2454 3761 a
2488 3704 2668 3772 nobis,
2713 3703 2810 3759 sed
2853 3700 3122 3773 procedas
3167 3714 3238 3754 ex
3276 3697 3465 3753 nobis.
3513 3697 3606 3753 Sis
3648 3714 3718 3754 re
3759 3715 3899 3754 vera

2222 3800 2556 3858 Emmanuel
2587 3802 2781 3854 noster
2808 3795 3103 3850 nobiscum
3129 3793 3298 3848 Deus.
3330 3791 3608 3864 Digneris
3651 3809 3902 3849 manere

2223 3897 2284 3952 in
2301 3894 2486 3962 nobis,
2506 3897 2561 3949 et
2573 3905 2831 3964 pugnare
2849 3905 2956 3962 pro
2967 3886 3160 3956 nobis;
3182 3889 3240 3942 te
3253 3885 3410 3942 enim
3425 3891 3768 3958 pugnante,
3793 3904 3902 3942 nos

2225 3995 2518 4052 vincimus.
2548 3991 2706 4048 Solve
2728 4007 2849 4060 nos,
2894 4001 3242 4060 quaesumus,
3294 4000 3330 4038 a
3356 3983 3572 4056 pannis
3615 3985 3906 4056 putribus

2224 4093 2606 4163 peccatorum,
2633 4084 2732 4158 qui
2755 4089 2812 4140 te
2841 4098 2946 4155 pro
2982 4078 3227 4153 peccatis
3250 4078 3469 4134 nostris
3512 4077 3805 4151 dignatus
3845 4094 3908 4134 es

2226 4180 2530 4256 putredine
2552 4177 2720 4250 ligari
2750 4190 3092 4248 pannorum.
3121 4173 3232 4228 Lac
3258 4176 3429 4228 tuum
3469 4171 3756 4228 Ecclesiae
3785 4177 3907 4228 tua:

2229 4274 2490 4348 parvulos
2513 4271 2748 4342 nutriat,
2777 4269 2918 4324 adeo
2946 4266 3204 4322 inﬁrmos
3228 4265 3508 4321 delicatus
3547 4266 3793 4322 olerum
3820 4267 3908 4321 ci-

2231 4371 2337 4426 bus
2361 4372 2571 4441 pascat,
2595 4369 2657 4421 ut
2680 4364 2750 4419 ad
2766 4360 3200 4436 percipiendum
3217 4359 3526 4415 fortiorem
3545 4376 3616 4415 ac
3644 4360 3910 4416 solidum

2233 4465 2421 4520 cibum
2445 4459 2738 4516 validiores
2757 4456 3009 4530 quotidie
3036 4455 3182 4511 vires
3204 4458 3484 4510 crescant.
3517 4456 3592 4510 Et
3615 4455 3704 4511 ita
3726 4471 3915 4511 nove-

574 4567 921 4641 Principium
947 4563 1197 4637 epistolae
1220 4561 1380 4618 Pauli
1414 4561 1654 4633 apostoli
1679 4559 1750 4616 ad
1779 4559 2060 4628 Hebraeos,
2149 4567 2210 4640 D
2232 4558 2410 4615 rimus
2435 4554 2741 4612 defecatam
2771 4552 3124 4608 voluntatem
3153 4552 3212 4605 et
3244 4548 3422 4604 ﬁdem
3465 4547 3752 4605 exhibere
3805 4550 3908 4603 ﬁr-

579 4738 644 4806 n).
672 4735 786 4790 Deo
817 4730 1044 4804 gratias.
1219 4659 1352 4728 cap.
1374 4671 1416 4711 Ι.

579 4830 800 4885 Fratres
828 4822 1136 4880 multifarie
1162 4820 1468 4892 multisque
1486 4819 1690 4890 modis,
1718 4822 1850 4890 etc.,
1876 4833 2042 4890 usque
2065 4816 2140 4874 ad

508 4928 565 4982 et
603 4921 737 4978 anni
763 4919 849 4976 tui
872 4935 988 4974 non
1015 4915 1297 4972 deﬁcient.
1325 4915 1662 4984 Respondeat
1685 4915 1873 4968 chorus
1889 4931 1908 4966 :
1935 4913 2135 4968 Amen.

545 5029 734 5088 Lectio
759 5027 940 5084 sancti
967 5021 1256 5094 Evangelii
1280 5021 1594 5078 secundum
1621 5019 1853 5075 Lucam.
1882 5021 2012 5090 Cap.
2041 5036 2104 5076 Π.

583 5135 816 5188 Factum
841 5134 924 5186 est
949 5130 1143 5184 autem
1161 5140 1294 5180 cum
1315 5127 1502 5180 essent
1515 5123 1596 5178 ibi
1621 5121 1840 5194 impleti
1867 5124 2000 5177 sunt
2024 5121 2144 5178 dies

510 5231 576 5283 ut
601 5230 823 5298 pareret
851 5240 864 5278 :
897 5228 953 5278 et
995 5219 1215 5292 peperit
1249 5217 1450 5286 ﬁlium,
1501 5221 1632 5286 etc.,
1674 5231 1841 5286 usque
1881 5216 1956 5270 ad
2001 5213 2144 5270 sicut

513 5321 727 5376 dictum
756 5321 840 5372 est
863 5315 933 5370 ad
965 5313 1108 5366 illos.
1139 5315 1202 5380 Β).
1236 5312 1438 5366 Amen.
1465 5311 1678 5367 Lauda.

585 5411 846 5468 Alleluia.
876 5407 938 5468 y'.
960 5403 1388 5460 Redemtionem
1427 5403 1582 5457 misit
1623 5403 1894 5459 Dominus
1935 5401 2146 5475 populo

516 5524 638 5578 suo,
664 5499 957 5561 mandavit
984 5497 1045 5550 in
1064 5500 1342 5550 aeternum
1369 5500 1768 5551 testamentum
1794 5473 1959 5552 suum
1983 5473 2148 5551 :rsan-

515 5606 670 5656 ctum
699 5601 756 5653 et
782 5590 1035 5650 terribile
1069 5604 1280 5642 nomen
1309 5589 1449 5660 ejus.
1477 5591 1542 5644 P.
1560 5587 1813 5645 Alleluia.
1833 5592 2150 5661 Dicatp'res-

523 5694 711 5764 byter:
741 5685 1018 5759 Adjuvate
1045 5697 1160 5752 me,
1199 5679 1420 5752 fratres,
1441 5681 1503 5736 in
1541 5679 1888 5738 orationibus
1929 5682 2146 5740 vestris.

591 5880 665 5953 (α)
691 5876 1031 5935 Praecentor.

2235 4651 2565 4719 missimam,
2593 4652 2657 4703 ut
2677 4647 2894 4718 jugiter
2920 4645 3206 4700 enitamur
3231 4641 3448 4698 auxilio
3475 4645 3586 4698 tuo
3617 4643 3694 4698 ad
3721 4642 3913 4699 vitam

2235 4743 2528 4820 pervenire
2551 4744 2906 4814 perpetuam.
2940 4737 3005 4804 Β).
3035 4741 3240 4794 Amen.

2860 4843 2985 4892 Post
3001 4837 3236 4891 nomina.

2311 4930 2529 4989 Famuli
2551 4929 2636 4986 tui
2660 4925 2883 5000 indigni
2911 4931 2968 4982 et
2995 4925 3194 4996 exigui
3222 4922 3551 4979 sacerdotes
3579 4923 3914 4982 tremendae

2239 5026 2648 5098 maiestatituee
2677 5022 2953 5096 spiritales
2977 5019 3230 5075 victimas
3267 5016 3672 5090 immolantes,
3715 5019 3916 5075 biferi-

2239 5139 2369 5181 mus
2392 5121 2514 5191 tibi,
2545 5121 2708 5189 Deus,
2738 5115 2986 5172 hostiam
3008 5111 3462 5182 immaculatam,
3481 5127 3676 5182 quam
3705 5117 3926 5168 mater—

2241 5233 2350 5273 nus
2381 5219 2576 5270 uterus
2619 5211 2923 5284 impolluta
2969 5206 3300 5279 virginitate
3349 5205 3641 5276 produxit
3661 5247 3677 5274 ,
3726 5207 3926 5280 pudor

2243 5309 2437 5378 edidit,
2457 5305 2819 5362 sanctiﬁcatio
2847 5303 3064 5376 genuit,
3078 5299 3377 5372 integritas
3399 5298 3578 5370 fudit,
3595 5300 3923 5372 hostiaque

2244 5403 2534 5459 immolata
2556 5401 2712 5468 vivit,
2745 5403 2802 5456 et
2828 5397 3020 5454 vivens
3038 5394 3261 5467 jugiter
3298 5392 3692 5464 immolatur;
3723 5395 3926 5450 hostia

2245 5514 2373 5570 quae
2408 5496 2526 5551 sola
2560 5496 2674 5550 Deo
2725 5493 2943 5565 placere
2981 5487 3272 5562 praevalet,
3317 5485 3456 5559 quia
3481 5487 3782 5544 Dominus
3809 5491 3922 5543 est.

2246 5592 2396 5646 Hanc
2417 5589 2542 5661 tibi,
2573 5603 2794 5644 summe
2817 5587 3001 5655 Pater,
3030 5582 3326 5638 offerimus
3351 5596 3462 5652 pro
3485 5586 3694 5638 sancta
3720 5583 3921 5638 Eccle-

2246 5685 2329 5740 sia
2360 5688 2488 5754 tua,
2520 5699 2625 5757 pro
2668 5679 3042 5736 satisfactione
3082 5675 3279 5733 saeculi
3327 5673 3740 5748 delinquentis
3757 5718 3774 5746 ,
3813 5692 3924 5748 pro

2248 5778 2653 5836 emundatione
2671 5775 2990 5830 animarum
3005 5775 3356 5840 nostrarum,
3382 5785 3495 5842 pro
3512 5771 3770 5828 sanitate
3787 5785 3918 5826 om-

2247 5873 2410 5931 nium
2433 5872 2814 5942 inﬁrmorum,
2833 5885 2897 5924 ac
2912 5866 3110 5941 requie
3135 5865 3224 5922 vel
3252 5863 3633 5938 indulgentia
3659 5863 3922 5922 ﬁdelium
