3970 6424
84 366 176 418 419

725 362 813 418 ΑΙ)
851 362 1340 418 ΡΒίΕΟΕΟΕΝΤΙΑ
1376 363 1706 419 LI'I'URGIE
1745 364 2157 420 MONUMENTA
2194 366 2523 421 APPENDIX
2562 366 2787 421 PRIMA.

3326 366 3429 420 430

85 472 493 539 defunctorum,
533 474 603 525 ut
628 474 849 526 mutata
877 474 1024 525 sorte
1052 469 1300 525 tristium
1328 471 1709 541 mansionum,
1734 484 1793 556 Α
1812 472 1975 526 Dedit
2000 472 2081 526 illi
2108 477 2396 543 tamquam
2422 488 2574 527 rosas
2600 476 2897 543 martyres,
2941 472 3095 527 velut
3115 470 3231 527 lilia
3257 471 3429 541 virgi-

85 563 218 619 felici
268 563 651 635 perfruantur
700 562 961 619 societate
1006 563 1312 634 justorum.
1357 564 1421 628 η).
1461 565 1660 619 Chorus
1689 583 1707 619 :

85 660 265 711 Amen.

662 726 743 777 Ad
766 739 953 791 pacem
978 726 1160 775 oratio.

147 819 436 875 Excelsum
462 823 523 874 te
551 820 733 875 Deum
759 819 971 891 pariter
1008 824 1178 890 atque
1219 819 1496 876 humilem
1524 820 1709 875 homi-

88 928 206 968 nem
230 911 521 967 Christum
560 914 757 967 Jesum
780 911 1027 982 Iacclives
1064 913 1269 967 seivuli
1306 914 1587 985 supplices
1612 913 1710 968 de-

89 1021 387 1077 precamur,
416 1008 487 1059 ut
525 1021 729 1077 pacem
758 1021 932 1076 quam
959 1021 1294 1060 ascensurus
1321 1007 1392 1060 ad
1417 1007 1580 1061 caelos
1603 1006 1715 1061 tuis

91 1098 214 1152 caris
233 1097 444 1152 noticia
469 1098 911 1164 commendasti,
943 1098 1136 1165 dones,
1164 1101 1516 1169 augmentes,
1543 1099 1712 1169 perﬁ-

90 1192 187 1245 cias
208 1195 373 1262 atque
404 1190 717 1246 custodias.
748 1193 929 1261 Atque
946 1190 1023 1245 ita
1041 1191 1140 1245 ﬁat
1157 1207 1266 1262 pax
1292 1196 1389 1246 tua
1409 1192 1469 1246 in
1488 1192 1713 1261 virtute,

91 1289 140 1339 et
159 1284 500 1339 abundantia
526 1284 594 1338 in
629 1283 882 1338 turribus
914 1283 1049 1353 tuis,
1092 1298 1163 1338 ne
1191 1284 1357 1338 ofﬁcii
1397 1286 1582 1339 oscula
1607 1285 1719 1339 sint

92 1377 321 1447 tegmina
338 1377 496 1432 virus
525 1376 737 1432 occulti
758 1394 775 1445 ;
802 1376 898 1431 sed
926 1376 1026 1448 qui
1051 1376 1477 1432 decantantibus
1502 1378 1719 1449 angelis

91 1486 269 1541 pacem
304 1470 561 1524 tribuisti
596 1470 929 1524 hominibus
967 1469 1129 1523 bonae
1167 1470 1488 1537 voluntatis,
1518 1471 1578 1525 in
1613 1471 1719 1525 hoc

95 1564 173 1617 die
216 1563 421 1618 Natalis
477 1562 696 1618 efficias
750 1578 850 1618 nos
900 1563 1131 1617 nuntios
1176 1580 1239 1617 ac
1268 1563 1410 1616 ﬁlios
1455 1564 1624 1634 pacis.
1655 1561 1718 1626 ιι).

94 1658 272 1711 Amen.

817 1724 1000 1774 Inlatio

156 1818 389 1888 Dignum
414 1823 471 1873 et
491 1818 725 1889 justum
753 1821 837 1872 est
861 1834 961 1871 nos
986 1816 1407 1888 omnipotentiae
1444 1823 1499 1872 et
1527 1818 1721 1888 pietati

100 1915 196 1965 tute
215 1911 419 1966 referre
448 1927 599 1983 quas
629 1927 791 1982 posse
817 1910 1113 1965 donaveris
1164 1910 1356 1965 Iaudes
1373 1953 1386 1979 ,
1413 1911 1723 1966 clementis-

101 2004 223 2059 sime
247 2006 436 2073 Pater;
462 2004 607 2076 quia
629 2009 759 2076 post
783 2003 962 2058 multa
985 2006 1240 2075 tempora
1268 2003 1327 2057 in
1352 2004 1455 2057 hac
1476 2004 1564 2060 die
1594 2009 1723 2059 ante

102 2114 202 2151 non
237 2097 411 2152 multa
452 2102 746 2169 tempora,
772 2096 870 2168 qui
919 2096 1022 2151 tibi
1056 2096 1143 2151 vel
1184 2096 1289 2149 sibi
1326 2112 1549 2167 semper
1582 2101 1721 2168 erat,

102 2190 243 2244 nobis
266 2196 429 2245 natus
449 2194 538 2245 est
551 2189 814 2245 Christus
832 2190 991 2244 Jesus
1009 2188 1337 2260 unigenitus
1356 2193 1487 2244 tuus
1512 2209 1525 2245 :
1547 2190 1725 2245 factus

105 2282 276 2356 456
307 2289 391 2340 est
428 2283 657 2339 ancilla:
702 2299 818 2338 suae
848 2282 1018 2353 ﬁlius,
1046 2282 1315 2337 Dominus
1351 2283 1549 2337 matris
1575 2300 1721 2354 suae;

102 2383 277 2448 partus
302 2378 506 2448 Mariae,
532 2378 760 2432 fructus
784 2376 1062 2446 Ecclesiae,
1081 2376 1180 2447 qui
1212 2376 1281 2430 ab
1307 2376 1400 2430 illa
1419 2377 1625 2448 editur,
1655 2377 1725 2431 ab

106 2471 197 2525 ista
221 2471 553 2544 suscipitur;
589 2470 694 2542 qui
717 2486 820 2543 per
843 2470 1003 2524 illam
1026 2469 1260 2541 pusillus
1286 2469 1592 2541 egreditur,
1624 2486 1727 2541 per

107 2564 251 2619 istam
272 2566 549 2619 miriﬁcus
575 2563 873 2620 dilatatur.
892 2564 985 2617 Ille
1003 2563 1241 2618 salutem
1258 2562 1481 2634 populis
1496 2564 1722 2627 creavit,

108 2657 215 2713 haec
248 2658 521 2731 populos;
542 2657 647 2712 illa
673 2673 807 2712 vero
835 2657 1012 2711 vitam
1038 2656 1300 2728 portavit,
1325 2656 1446 2710 haec
1472 2656 1721 2727 lavacro;

109 2751 160 2804 in
177 2751 318 2807 illius
340 2751 619 2807 membris
646 2751 902 2807 Christus
922 2750 1143 2805 infusus
1168 2754 1270 2821 est,
1298 2750 1359 2805 in
1387 2749 1545 2805 istius
1568 2751 1726 2821 aquis

112 2843 337 2901 Christus
369 2845 608 2901 indutus
651 2848 755 2900 est.
793 2846 899 2918 Der
934 2843 1111 2914 illam,
1154 2844 1252 2915 qui
1281 2848 1420 2914 erat,
1449 2843 1724 2914 nascitur;

111 2954 201 3008 per
226 2938 380 2994 istam
414 2940 516 3012 qui
549 2937 803 3010 perierat
828 2937 1134 2993 invenitur.
1171 2938 1230 2991 In
1264 2937 1357 2991 illa
1386 2937 1727 3009 Redemptor

115 3032 343 3101 gentium
374 3032 732 3101 viviﬁcatur;
772 3032 832 3086 in
856 3031 964 3086 ista
1001 3035 1197 3102 gentes
1230 3030 1597 3085 viviﬁcantur.
1625 3031 1731 3085 Per

114 3124 247 3179 illam
272 3126 420 3182 venit
452 3131 520 3181 ut
552 3129 788 3198 peccata
826 3124 1073 3194 tolleret;
1102 3140 1204 3195 per
1237 3123 1404 3179 istam
1440 3124 1573 3178 tulit
1596 3140 1727 3195 pec-

116 3222 218 3272 cata
242 3224 467 3291 propter
492 3236 627 3292 quae
663 3218 835 3274 venit.
865 3219 973 3273 Per
1005 3216 1167 3271 illam
1192 3234 1294 3271 nos
1331 3217 1596 3288 ploravit;

115 3309 258 3367 istam
289 3329 388 3367 nos
422 3312 666 3368 curavit.
702 3313 766 3366 In
798 3311 895 3365 illa
934 3309 1141 3387 infans,
1174 3309 1230 3365 in
1267 3310 1373 3365 ista
1398 3310 1617 3381 gigans.
1648 3310 1728 3364 lbi

118 3404 301 3475 exulat,
330 3406 420 3461 hic
448 3404 793 3477 triumphat.
827 3402 934 3461 Per
956 3384 1115 3459 magi
1140 3404 1448 3475 crepundia
1469 3404 1724 3475 gestavit,

115 3512 205 3567 per
230 3498 388 3555 istam
422 3516 607 3571 regna
641 3498 899 3569 subjecit.
938 3498 1091 3552 Illam
1129 3496 1350 3569 parvuli
1379 3497 1727 3568 jocunditate

118 3588 374 3661 demulsit,
402 3593 586 3664 ipsam
613 3591 809 3663 sponsi
829 3590 1156 3646 credulitate
1182 3590 1497 3661 despondit.
1524 3591 1728 3645 Extant

119 3681 334 3755 denique
348 3685 578 3758 pretiosi
599 3685 813 3739 amoris
835 3684 1164 3756 incorrupta
1192 3683 1546 3739 commercia.
1567 3682 1729 3738 Dedit

120 3791 330 3846 sponsus
377 3795 600 3851 sponsae
650 3794 768 3835 sua:
817 3795 1076 3844 munera,
1127 3793 1301 3850 aquas
1347 3776 1514 3847 vivas,
1551 3776 1610 3830 id
1643 3780 1728 3831 est

118 3868 341 3926 Christus
377 3871 664 3943 Ecclesiae,
694 3876 750 3927 et
777 3872 983 3944 quibus
1019 3871 1193 3927 semel
1219 3870 1291 3925 ad
1316 3869 1576 3942 placendi
1602 3885 1723 3925 me-

119 3961 272 4019 ritum
295 3965 599 4021 lavaretur.
638 3965 803 4021 Dedit
826 3966 1017 4021 oleum
1042 3965 1273 4033 laetitia,
1304 3981 1417 4037 quo
1449 3963 1726 4019 odorifero

120 4064 383 4128 unguento
398 4059 723 4115 chrismatis
739 4065 1074 4131 ungeretur.
1095 4058 1318 4114 Vocavit
1333 4073 1457 4113 eam
1472 4057 1541 4111 ad
1562 4073 1723 4111 men-

122 4162 225 4205 sam
247 4166 418 4223 suam,
445 4153 615 4225 adipe
633 4153 912 4209 frumenti
940 4152 1166 4209 satiavit
1189 4152 1366 4222 illam,
1394 4151 1524 4206 vino
1549 4150 1727 4206 suavi-

121 4243 232 4297 tatis
251 4243 517 4317 implevit,
534 4246 775 4319 justitiae
798 4246 1072 4318 imposuit
1090 4248 1519 4315 ornamentum;
1550 4244 1725 4299 dona-

121 4334 190 4389 vit
215 4336 533 4397 deauratum
559 4341 839 4396 virtutum
865 4341 1133 4395 varietate
1156 4339 1454 4408 vestitum;
1478 4338 1725 4393 animam

123 4443 264 4486 suam
279 4449 375 4503 pro
401 4434 496 4489 illa
516 4433 741 4506 posuit;
766 4439 1039 4505 suscepta:
1064 4439 1120 4489 et
1143 4434 1365 4488 calcatae
1384 4431 1580 4487 mortis
1595 4448 1725 4504 spo-

126 4519 252 4579 liain
267 4524 447 4583 dotem
464 4528 561 4585 ille
579 4531 927 4600 regnaturus
946 4528 1124 4583 victor
1150 4525 1434 4596 exhibuit;
1454 4541 1513 4581 se
1539 4526 1726 4598 ipsum

1808 582 1929 632 nes,
1952 565 2110 636 quasi
2136 565 2309 619 violas
2338 565 2711 620 continentes.
2744 566 2867 619 Hzec
2894 566 2966 619 ad
2989 565 3143 619 illam
3179 580 3282 635 per
3320 565 3431 617 mi-

1808 660 2014 714 nistros
2041 658 2338 731 voluntatis
2368 659 2488 730 ejus
2532 659 2809 729 apostolos
2845 659 3095 713 conferta
3128 657 3312 728 operis
3348 658 3436 711 sui

1810 753 2063 823 impensa
2088 751 2418 807 transmisit.
2442 752 2597 807 Unde
2628 767 2781 806 nunc
2813 768 2846 805 a
2875 751 3087 805 dextris
3129 750 3250 821 ejus
3290 750 3435 805 felici

1812 850 1868 901 et
1896 845 2135 915 gloriosa
2155 845 2507 915 perennitate
2535 845 2860 913 consistens,
2891 854 3025 899 eum
3059 848 3268 910 tecum,
3310 859 3433 897 om-

1811 938 2069 1008 nipotens
2091 940 2273 1008 Pater,
2292 943 2349 993 et
2372 954 2502 993 cum
2517 943 2706 993 sancto
2736 937 2945 1008 Spiritu
2964 940 3297 1008 regnantem
3308 952 3435 989 cum

1813 1030 2075 1085 omnibus
2113 1032 2327 1102 angelis
2369 1030 2687 1087 conﬁtendo
2734 1030 3033 1085 conlaudat
3069 1034 3125 1085 et
3166 1029 3318 1084 dicit.
3369 1026 3431 1090 Isi.

1815 1124 2017 1179 Chorus
2046 1142 2063 1177 :
2088 1124 2340 1193 Sanctus,
2373 1124 2625 1192 Sanctus,
2654 1124 2905 1179 Sanctus.

1885 1220 2043 1271 Dicat
2058 1218 2342 1287 presbyter
2364 1222 2487 1287 post
2515 1218 2750 1272 Sanctus
2780 1235 2795 1272 :

1888 1311 2026 1364 Vere
2085 1315 2335 1377 sanctus,
2396 1325 2526 1365 vere
2572 1310 2899 1365 benedictus
2930 1309 3202 1364 Dominus
3250 1313 3439 1365 noster

1816 1403 1971 1457 Jesus
1994 1402 2244 1457 Christus
2269 1402 2457 1475 45³7
2490 1402 2640 1457 ﬁlius
2667 1407 2819 1473 tuus,
2846 1403 2946 1474 qui
2970 1404 3175 1458 venite
3200 1403 3350 1458 caelis
3374 1408 3439 1457 ut

1819 1500 2241 1551 conversaretur
2268 1496 2327 1550 in
2354 1496 2550 1551 terris:
2583 1512 2714 1551 caro
2737 1495 2914 1551 factus
2942 1500 3044 1566 est,
3071 1500 3135 1551 ut
3160 1497 3438 1551 habitaret

1764 1650 1771 1671 Ὗ
1820 1589 1879 1643 in
1907 1589 2067 1643 nobis
2091 1589 2343 1643 Christus
2367 1589 2637 1644 Dominus
2662 1605 2725 1643 ac
2751 1589 3034 1644 redemtor
3058 1594 3321 1646 internus.

1892 1684 2051 1736 Dicat
2059 1683 2345 1752 presbyter
2364 1687 2489 1752 post
2515 1682 2698 1737 Pridie
2722 1698 2736 1735 :

1895 1776 2021 1829 Haec
2068 1774 2301 1829 Domine
2345 1775 2489 1829 dona
2522 1778 2620 1829 tua
2662 1779 2719 1829 et
2745 1780 3022 1846 praacepta
3049 1779 3351 1845 servantes,
3382 1776 3441 1830 in

1741 1865 1797 1935 B
1820 1867 1993 1923 altare
2011 1872 2175 1922 tuum
2202 1867 2362 1938 panis
2383 1884 2447 1921 ac
2474 1867 2589 1922 vini
2612 1867 2933 1923 holocausta
2955 1868 3443 1940 proponimus,ro-

1824 1966 2019 2032 gantes
2046 1960 2488 2032 profusissimam
2518 1963 2629 2015 tua:
2653 1961 3050 2016 misericordiae
3064 1961 3353 2032 pietatem,
3380 1968 3446 2016 ut

1822 2054 1882 2108 in
1910 2054 2109 2109 eodem
2135 2053 2355 2124 spiritu,
2384 2070 2496 2125 quo
2537 2058 2594 2109 te
2633 2053 2692 2108 in
2724 2070 2891 2109 carne
2924 2054 3217 2125 virginitas
3252 2055 3442 2109 incor-

1823 2151 1992 2218 rupta
2014 2146 2287 2217 concepit,
2318 2146 2419 2201 has
2444 2146 2654 2201 hostias
2689 2147 2927 2201 Trinitas
2963 2146 3201 2201 indivisa
3236 2147 3443 2202 sancti-

1823 2238 1988 2309 ﬁcet;
2018 2243 2080 2294 ut
2102 2255 2233 2294 cum
2258 2255 2293 2293 a
2314 2239 2479 2293 nobis
2504 2239 2680 2295 fuerit
2701 2256 2820 2294 non
2844 2239 3051 2294 minori
3073 2238 3444 2311 trepidatione

1824 2348 1996 2403 quam
2019 2332 2379 2388 veneratione
2394 2336 2678 2405 percepta,
2701 2332 2971 2405 quicquid
2986 2337 3180 2388 contra
3195 2332 3445 2387 animam

1823 2425 1970 2481 male
2016 2426 2151 2481 vivit
2186 2425 2457 2495 intereat;
2494 2426 2763 2498 quicquid
2797 2426 3087 2482 interierat
3129 2427 3447 2483 nullatenus

1824 2518 2132 2574 reviviscat.
2160 2519 2225 2585 η).
2252 2521 2450 2575 Amen.

1895 2614 2051 2668 Dicat
2072 2612 2354 2682 presbyter
2378 2612 2453 2666 ad
2475 2614 2769 2668 orationem
2794 2616 3157 2669 Dominicam:

1894 2706 2053 2770 Quod
2086 2705 2183 2761 Via
2217 2709 2279 2760 ut
2316 2721 2685 2777 sequeremur
2718 2707 2977 2777 ostendit,
3029 2706 3180 2779 quod
3226 2708 3349 2763 Vita
3380 2712 3447 2763 ut

1824 2800 2189 2871 loqueremur
2211 2798 2451 2868 edocuit,
2479 2800 2634 2871 quod
2658 2799 2869 2855 Veritas
2892 2804 2959 2855 ut
2994 2805 3317 2857 teneremus
3343 2802 3443 2856 ain-

1827 2892 2027 2959 stituit,
2052 2891 2175 2960 tibi,
2204 2907 2425 2946 summe
2450 2893 2635 2960 Pater,
2667 2909 2798 2948 cum
2822 2897 3065 2949 tremore
3099 2894 3280 2949 cordis
3314 2911 3445 2965 pro-

1827 2986 2132 3041 clamemus
2156 3001 2186 3039 e
2212 2984 2396 3040 terris.
2422 2986 2589 3041 Pater
2614 2989 2825 3042 noster.

1897 3081 2056 3135 Dicat
2071 3078 2356 3148 presbyter
2384 3078 2800 3134 benedictionem
2831 3102 2847 3135 .-

1897 3172 2172 3226 Dominus
2199 3173 2356 3227 Jesus
2378 3171 2632 3227 Christus
2658 3172 2755 3244 qui
2782 3172 2919 3227 olim
2957 3188 3061 3244 pro
3090 3173 3251 3228 nobis
3284 3174 3449 3231 hodie

1747 3234 1801 3308 C
1827 3264 2089 3336 dignatus
2112 3268 2196 3320 est
2219 3265 2390 3334 nasci,
2417 3265 2537 3336 ipse
2561 3282 2655 3320 vos
2671 3233 2771 3320 sua
2785 3233 3075 3322 nativitate
3102 3265 3362 3323 viviﬁcet.
3384 3273 3447 3338 η).

1826 3361 2025 3414 Amen.
2057 3359 2124 3413 Et
2147 3358 2245 3430 qui
2267 3358 2561 3413 infantiam
2591 3374 2820 3415 sumens
2837 3359 3221 3430 humanitatis,
3249 3359 3450 3416 vilibus

1827 3452 2057 3507 indutus
2083 3456 2166 3507 est
2188 3451 2411 3522 pannis,
2458 3452 2762 3506 caelestium
2801 3451 3077 3508 virtutum
3114 3469 3210 3507 vos
3252 3453 3452 3509 vestiat

1824 3544 2188 3600 indumentis.
2224 3551 2288 3616 η).
2323 3544 2476 3600 Chor.
2510 3547 2709 3600 Amen.
2740 3544 2931 3617 Sitque
2978 3550 3289 3601 vestrorum
3334 3561 3452 3600 cor-

1826 3638 1985 3694 dium
2010 3638 2246 3693 interior
2268 3643 2478 3709 pastus,
2506 3638 2604 3709 qui
2623 3638 2681 3692 in
2700 3638 2974 3709 praesepio
2989 3639 3203 3710 positus
3222 3639 3450 3695 creden-

1824 3732 1973 3788 tibus
2020 3748 2078 3787 se
2122 3732 2296 3787 voluit
2347 3730 2645 3787 monstrari
2696 3731 3020 3786 vescendus.
3078 3729 3142 3795 Β).
3203 3732 3406 3787 Chorus
3433 3754 3449 3789 .-

1825 3828 2021 3882 Amen.
2052 3826 2158 3881 Per
2180 3824 2623 3880 misericordiam
2660 3823 2834 3896 ipsius
2874 3824 2973 3879 Dei
3016 3824 3194 3879 nostri
3233 3825 3332 3897 qui
3368 3832 3451 3881 est

1825 3918 2169 3988 benedictus,
2202 3922 2259 3974 et
2281 3918 2435 3989 vivit,
2463 3922 2519 3973 et
2536 3918 2727 3973 omnia
2746 3918 2894 3990 regit
2916 3918 2977 3973 in
2998 3918 3203 3974 szecula
3228 3920 3450 3975 saeculo-

1824 4028 1974 4068 rum.
2004 4009 2068 4076 Β).
2093 4015 2291 4067 Amen.

1896 4108 2052 4161 Dicat
2085 4107 2400 4176 presbyter:
2446 4104 2721 4160 Dominus
2764 4104 2835 4160 sit
2862 4121 3087 4177 semper
3137 4106 3446 4167 vobiscum.

1825 4201 1927 4254 Hic
1951 4200 2098 4254 dicat
2125 4200 2314 4255 chorus
2340 4214 2359 4248 :
2382 4200 2608 4255 Gustate
2636 4203 2692 4254 et
2718 4198 2919 4254 videte.

2244 4311 2366 4360 Post
2392 4308 2811 4359 communionem
2844 4307 3026 4358 oratio.

1897 4399 2110 4455 Gratias
2136 4399 2236 4453 tibi
2260 4399 2500 4470 agimus,
2530 4399 2764 4453 Domine
2790 4398 2952 4467 Deus,
2984 4402 3041 4453 et
3067 4402 3121 4453 te
3145 4400 3322 4456 Deum
3349 4399 3447 4453 be-

1825 4493 2138 4549 nedicimus
2163 4493 2232 4548 de
2260 4493 2349 4548 die
2374 4492 2434 4546 in
2455 4492 2627 4561 diem,
2657 4490 2756 4562 qui
2780 4506 2882 4545 nos
2906 4490 2967 4546 in
2991 4490 3095 4545 hac
3124 4491 3213 4547 die
3241 4494 3445 4545 sanctae

126 4612 207 4669 ille
233 4616 287 4672 in
314 4620 431 4676 cibo
458 4639 522 4677 ac
543 4583 687 4695 potu
716 4622 1163 4693 indumentoque
1194 4583 1482 4676 concessit.
1512 4583 1723 4674 Pi‘omi-
1745 4604 1804 4676 D
1827 4586 2207 4695 aflemfliltatis,
2249 4583 3025 4695 t2“;2f”f‘f’fer‘?udi3‘f?ms
3071 4600 3151 4695 gf
3197 4585 3300 4695 Fac
3342 4600 3447 4695 rios

128 4707 187 4762 sit
208 4710 254 4765 ei
276 4728 329 4768 se
348 4714 430 4768 illi
450 4715 720 4770 daturum
748 4732 994 4788 regnum
1017 4719 1328 4785 aeternum;
1349 4713 1531 4786 ipsam
1559 4712 1725 4784 polli-

129 4800 251 4856 citus
273 4810 352 4861 cst
372 4809 729 4864 statuendam
749 4809 811 4863 in
831 4809 1077 4864 dextera
1103 4824 1219 4863 suae
1236 4811 1394 4879 parte
1413 4805 1723 4877 Reginam;

129 4898 369 4953 concessit
403 4906 459 4957 et
493 4902 605 4974 ipsi
634 4902 788 4975 quod
819 4918 1147 4958 concessum
1186 4905 1273 4957 est
1296 4899 1578 4968 Genitrici,
1618 4898 1728 4953 im-

129 4988 271 5059 pleri,
290 5009 400 5049 non
433 4995 666 5066 violari;
695 5013 914 5068 parere,
940 5013 1060 5052 non
1083 4994 1399 5067 corrumpi;
1425 4994 1511 5049 illi
1535 4994 1727 5061 semel,

132 5079 208 5135 isti
239 5100 469 5159 semper,
518 5089 715 5146 sedere
752 5095 1045 5162 tamquam
1084 5106 1347 5161 sponsam
1390 5088 1451 5143 in
1485 5088 1731 5145 thalamo

134 5174 556 5251 pulchritudinis,
588 5188 645 5239 et
668 5184 1043 5256 multiplicare
1066 5183 1210 5238 ﬁlios
1241 5182 1456 5254 gremio
1484 5180 1729 5253 pietatis,

136 5265 361 5327 Fetosam
392 5291 511 5331 esse
545 5276 789 5348 prolem,
819 5294 938 5333 non
971 5277 1203 5334 fetidam
1239 5276 1614 5331 voluntatum.
1646 5273 1732 5329 Sic

138 5362 183 5411 et
218 5361 327 5432 ipsa
353 5366 408 5421 in
449 5368 568 5441 ipso
606 5386 712 5442 per
750 5370 939 5443 ipsum
979 5371 1132 5426 dives
1172 5370 1387 5438 effecta,
1432 5384 1635 5440 sponso
1669 5378 1745 5421 ac'

140 5450 346 5513 Domino
386 5477 485 5517 suo
516 5463 764 5518 humilia
802 5464 977 5521 refert
1021 5479 1288 5534 munera;
1316 5463 1424 5519 hoc
1463 5462 1617 5517 enim
1664 5460 1733 5516 de

141 5551 339 5620 Propria
365 5572 463 5611 suo
488 5556 777 5614 offerendo
800 5559 951 5631 quod
970 5557 1227 5629 credidit,
1246 5557 1353 5613 hoc
1379 5557 1448 5612 de
1475 5554 1735 5627 exemplo

143 5643 271 5708 Ψιθά
292 5661 415 5703 eum
438 5651 769 5722 redamavit,
797 5652 903 5708 hoc
932 5654 1003 5709 de
1029 5653 1177 5708 dono
1200 5650 1375 5724 ipsius
1400 5650 1459 5706 id
1482 5650 1661 5722 ipsam
1681 5652 1737 5703 et

146 5737 358 5801 Potuisse
379 5745 528 5815 quod
555 5743 760 5813 voluit,
786 5745 845 5802 id
871 5747 1052 5821 ipsam
1083 5747 1325 5804 voluisse
1352 5744 1503 5820 quod
1533 5742 1735 5818 potuit,

209 5874 270 5951 (α)
293 5879 419 5940 Vide
444 5900 571 5957 pag.
604 5888 675 5941 99
704 5888 759 5941 et
787 5901 939 5960 seqq.

1827 4681 1978 4737 diem
2002 4680 2173 4735 istum
2196 4676 2497 4733 nativitatis
2516 4680 2629 4732 tuae
2655 4692 2757 4748 per
2776 4677 2951 4732 multa
2980 4677 3257 4733 curricula
3279 4694 3449 4732 anno-

1826 4790 1954 4829 rum
1975 4774 2035 4828 in
2058 4788 2192 4845 pace
2217 4775 2274 4827 et
2292 4770 2696 4843 tranquillitate
2723 4771 3002 4843 suscipere
3019 4787 3149 4826 cum
3167 4771 3320 4826 fideli
3344 4788 3447 4842 po-

1826 4868 1960 4940 pulo
1986 4872 2102 4922 tuo.
2133 4863 2196 4930 ﬂ).
2228 4866 2469 4923 Chorus:
2514 4867 2713 4921 Amen.
2753 4868 2813 4929 ψ.
2867 4866 2973 4919 Per
3006 4863 3448 4919 misericordiam

1828 4965 2009 5032 tuam,
2063 4961 2209 5017 Deus
2253 4964 2460 5029 noster,
2513 4959 2612 5031 qui
2656 4975 2715 5014 es
2756 4958 3082 5013 benedictus
3124 4960 3181 5011 et
3207 4956 3343 5011 vivis
3395 4963 3452 5013 et

1829 5055 2018 5110 omnia
2034 5054 2186 5125 regis
2210 5053 2269 5109 in
2296 5053 2500 5107 saecula
2514 5052 2867 5107 saeculorum.
2891 5054 2954 5119 η).
2976 5052 3174 5105 Amen.
3189 5048 3251 5111 Ῠ.
3268 5051 3451 5105 Domi-

1828 5164 1937 5203 nus
1970 5148 2041 5202 sit
2078 5162 2299 5218 semper
2330 5145 2639 5200 vobiscum.
2680 5147 2744 5211 ni.
2774 5144 2842 5197 Et
2880 5158 3027 5198 cum.
3072 5140 3134 5203 Ῠ.
3168 5142 3450 5199 Solemnia

1831 5240 2108 5312 completa
2134 5243 2265 5294 sunt
2287 5238 2346 5293 in
2362 5237 2593 5293 nomine
2610 5235 2829 5291 Domini
2850 5235 3029 5291 nostri
3047 5236 3176 5291 Iesu
3199 5236 3404 5292 Christi
3433 5255 3446 5292 :

1831 5339 2023 5390 votum
2038 5337 2297 5389 nostrum
2310 5331 2382 5387 sit
2389 5335 2682 5403 acceptum
2695 5346 2824 5386 cum
2835 5346 2994 5402 pace.
3009 5327 3075 5393 lsi.
3090 5331 3204 5385 Deo
3221 5328 3447 5402 gratias.

1833 5467 1922 5520 III.
1972 5478 2168 5519 INCIPIT
2224 5475 2477 5516 EPISTULA
2526 5473 2713 5513 SANCTI
2758 5473 3008 5515 AGUS'I‘INI
3070 5474 3139 5513 AD
3206 5472 3450 5513 SANCTUM

1946 5552 2030 5591 DEI
2067 5548 2322 5589 BIBIANUM
2362 5545 2671 5587 SANTONICE
2710 5544 2971 5585 CIVITATIS
3008 5544 3351 5586 ANTESTITEM.

2002 5648 2089 5701 Er
2111 5662 2211 5701 ms.
2240 5645 2428 5700 Codice
2456 5644 2634 5698 sancti
2648 5643 2797 5697 Petri
2821 5642 3171 5698 Carnutensis
3200 5641 3294 5711 (a).

1906 5738 2098 5816 458
2116 5738 2356 5797 Domino
2378 5753 2509 5795 vere
2531 5739 2746 5809 sancto,
2772 5735 2983 5810 palmae
3009 5728 3447 5804 triumphatione
