3970 6444
497 351 592 407 431
1278 349 1610 405 APPENDIX
1649 349 1736 404 AD
1773 347 1995 404 OPERA
2032 346 2264 404 SANCTI
2300 345 2599 403 GERMANI
2636 341 3064 402 PARISIENSIS.
3197 326 3223 336 ”
3774 337 3870 396 43-2

497 461 778 530 decorato,
809 460 864 514 et
885 455 1190 530 pontificali
1224 455 1408 512 ofﬁcio
1437 463 1719 528 coronato,
1757 457 1989 512 Bibiano
2024 473 2117 511 or-
2139 468 2200 540 Α
2217 457 2472 529 pleverit.
2503 458 2666 528 Apud
2691 474 2794 512 nos
2818 457 3010 528 itaque
3034 471 3102 509 ex
3133 451 3256 524 ejus
3280 449 3676 508 sollemnitate
3699 449 3870 505 absti-

497 555 725 624 todoxo,
754 551 1063 623 Agustinus
1085 551 1186 605 Dei
1224 567 1515 607 servorum
1560 569 1770 622 servus,
1792 551 1853 605 in
1881 550 2120 607 Domino
2217 551 2412 606 nentia
2435 568 2468 604 a
2493 551 2754 606 carnibus
2779 550 2867 605 vel
2891 547 3177 619 conjugali
3212 547 3416 618 copula
3440 545 3578 600 ﬁliis
3607 544 3871 600 Ecclesia:

495 647 753 702 salutem.
795 644 1026 698 Litteras
1067 645 1410 715 apostolatus
1445 645 1630 714 vestri,
1667 643 1952 700 carissimo
2004 645 2120 699 ﬁlio
2219 643 2514 714 indicatur,
2541 646 2608 698 ut
2635 644 2705 698 ad
2733 643 3086 698 Nativitatem
3135 639 3359 695 Domini
3403 639 3671 695 securius
3721 655 3870 693 com-

491 743 684 794 nostro
706 736 946 807 Trojano
971 741 1158 792 vestro
1185 737 1418 793 diacono
1446 739 1748 806 deferente,
1778 737 1850 792 ad
1860 753 1960 792 nos
1987 753 2118 808 per-
2218 737 2530 792 municent.
2558 736 2784 791 Rectius
2805 739 2994 791 autem
3010 734 3117 789 hoc
3135 749 3278 806 opus
3297 733 3359 788 in
3385 732 3571 788 sancti
3597 731 3874 788 Johannis

489 831 706 887 venisse
752 830 1087 902 comperite;
1141 833 1199 886 et
1249 831 1387 886 dum
1435 831 1667 901 sospitas
1720 833 1906 886 vestra
1956 831 2120 885 nobis
2219 829 2582 901 conceptione
2625 828 2982 884 instituitur:
3032 827 3168 899 quia
3218 826 3340 897 ipse
3393 824 3701 898 praecessit
3750 829 3873 880 ante

489 923 688 979 fuisset
710 923 1010 978 certiﬁcata
1036 939 1142 996 per
1159 924 1448 995 paginam,
1476 923 1753 979 immensa
1772 923 2120 980 reddidimus
2219 922 2542 992 Dominum,
2567 926 2623 977 et
2645 938 2750 992 per
2774 920 3128 993 praeconium
3144 919 3358 991 angeli,
3381 923 3438 974 et
3461 935 3572 990 per
3589 918 3635 972 si
3644 918 3873 990 gniﬁca-

491 1018 606 1072 Deo
652 1017 832 1072 laudis
874 1016 1172 1088 praeconia.
1218 1017 1284 1071 Et
1327 1016 1581 1088 quamvis
1633 1017 1807 1072 simus
1863 1017 2120 1073 absentes
2217 1015 2386 1070 tionis
2414 1019 2752 1084 contactum,
2784 1015 2921 1069 dum
2952 1012 3227 1068 Dominus
3261 1013 3333 1067 de
3372 1011 3640 1083 Virgine,
3681 1029 3874 1067 servus

493 1127 745 1183 corpore,
774 1114 1080 1180 praesentes
1109 1113 1299 1165 tamen
1327 1110 1594 1181 ﬂorigera
1622 1110 1870 1180 caritate,
1901 1113 2116 1168 exhila-
2217 1124 2347 1164 vero
2383 1113 2709 1163 nasceretur
2744 1123 2811 1162 ex
2846 1108 3038 1163 vetula
3075 1110 3131 1160 et
3168 1105 3358 1161 sterile
3397 1110 3587 1160 matre
3605 1122 3623 1174 ;
3672 1110 3733 1160 et
3763 1105 3878 1177 ipse

489 1205 600 1259 rati
627 1219 822 1259 sumus
856 1203 1012 1258 valde
1052 1219 1156 1274 pro
1197 1203 1502 1259 sanctitatis
1542 1220 1796 1274 rumore,
1838 1209 1893 1260 et
1934 1205 2117 1260 excel-
2217 1202 2438 1257 clausus
2459 1207 2641 1272 utero,
2670 1203 2928 1257 exultans
2953 1201 3014 1254 in
3041 1199 3270 1270 gaudio,
3292 1200 3560 1254 clausum
3576 1198 3874 1254 Christum

487 1298 637 1353 lente
681 1295 927 1351 culmine
957 1297 1256 1352 sacerdotii
1283 1297 1470 1368 vestri,
1513 1297 1613 1369 qui
1647 1297 1814 1368 longe
1851 1298 2030 1354 radiat
2057 1298 2118 1352 in
2216 1295 2464 1366 Virginis
2512 1296 2636 1350 alvo
2679 1295 2916 1367 mystico
2958 1291 3217 1348 salutavit
3272 1293 3586 1364 praesagio.
3658 1292 3771 1348 Sed
3825 1298 3878 1347 et

488 1389 643 1462 orbe,
671 1406 787 1444 non
811 1389 996 1444 solum
1023 1389 1338 1446 Occidentis
1364 1393 1420 1445 et
1456 1390 1668 1458 Galliae,
1709 1407 1907 1445 verum
1945 1391 2118 1446 etiam
2216 1389 2444 1461 quando
2466 1389 2748 1444 Iohannes
2773 1387 2945 1443 sensit
2988 1386 3291 1441 imminere
3329 1385 3487 1442 diem
3530 1385 3734 1441 obitus
3768 1385 3873 1455 sui,

488 1483 731 1538 Orientis
759 1488 816 1538 et
841 1482 1076 1554 Affricae,
1108 1483 1446 1539 meritorum
1487 1483 1700 1538 lumine
1729 1489 2114 1555 percurrente.
2216 1483 2342 1538 ideo
2372 1483 2529 1537 misit
2553 1483 2622 1537 ad
2649 1481 2955 1537 Dominum
2987 1480 3181 1536 dicens
3212 1497 3226 1534 :
3260 1482 3341 1534 Tu
3369 1495 3424 1535 es
3459 1482 3565 1550 qui
3604 1483 3874 1534 venturus

486 1576 723 1632 Oramus
749 1580 940 1631 autem
967 1577 1166 1647 Deum,
1208 1581 1274 1632 ut
1297 1577 1511 1632 bonum
1549 1594 1689 1648 opus
1723 1577 1783 1632 in
1823 1577 1981 1632 vobis
2018 1577 2118 1648 qui
2217 1591 2290 1639 es,
2319 1592 2393 1630 an
2423 1577 2594 1630 alium
2629 1576 3034 1645 estectam-us?
3059 1573 3223 1644 quasi
3252 1573 3470 1629 diceret
3508 1572 3596 1626 illi
3626 1589 3641 1627 :
3685 1573 3877 1627 Indica

487 1670 673 1742 coepit,
718 1670 838 1741 ipse
884 1674 1063 1742 coepta
1112 1669 1401 1742 perﬁciat;
1447 1670 1728 1742 simulque
1782 1671 1938 1725 vobis
1988 1687 2119 1742 sup-
2213 1669 2358 1724 mihi
2385 1664 2578 1724 utrum
2603 1685 2706 1740 per
2728 1672 2786 1723 te
2805 1668 2876 1723 ad
2903 1666 3113 1724 inferni
3139 1665 3389 1721 claustra
3415 1667 3760 1734 descendas,
3806 1681 3879 1720 an

483 1763 706 1836 pliciter
747 1763 1010 1835 petimus,
1058 1768 1124 1818 ut
1162 1763 1423 1834 precibus
1463 1763 1660 1820 vestris
1699 1763 1879 1834 adjuti
1905 1779 2118 1819 merea-
2214 1762 2284 1816 ad
2311 1762 2668 1818 liberandum
2698 1777 2877 1834 genus
2906 1761 3226 1816 humanum
3252 1759 3435 1814 alium
3463 1760 3670 1815 mittas
3700 1779 3714 1816 :
3745 1761 3878 1832 quia

483 1873 617 1912 mur
639 1858 709 1912 de
745 1857 959 1929 laqueis
983 1857 1153 1928 hujus
1179 1857 1368 1912 saeculi
1405 1857 1653 1912 liberari.
1701 1859 1778 1912 De
1823 1873 1888 1912 eo
1925 1861 2115 1912 autem
2135 1841 2193 1912 B
2216 1855 2358 1911 sicut
2384 1860 2439 1911 te
2465 1856 2524 1910 in
2549 1855 2716 1910 terris
2742 1855 2956 1927 positus
2981 1853 3238 1909 docendo
3264 1858 3320 1908 et
3344 1853 3701 1924 baptizando
3725 1871 3878 1926 prae-

485 1951 638 2022 quod
676 1949 838 2005 nobis
896 1950 1112 2022 dignati
1153 1950 1338 2005 fuistis
1385 1949 1703 2022 injungere,
1744 1954 1810 2004 ut
1861 1951 2117 2006 ordinem
2215 1965 2447 2005 currens
2472 1949 2652 2020 digito
2665 1948 2965 2004 oriendum
2981 1947 3385 2016 demonstravi,
3405 1947 3486 2002 ita
3506 1947 3644 2002 volo
3661 1949 3882 2020 populo

483 2045 771 2115 Hypponaa
795 2043 1086 2114 Regiensis
1111 2043 1378 2112 ecclesiae,
1420 2043 1662 2114 qualiter
1699 2043 1892 2100 divina
1935 2043 2119 2098 officia
2215 2043 2275 2098 in
2303 2041 2552 2098 tenebris
2591 2041 2890 2112 resedenti,
2924 2046 2981 2096 et
3023 2045 3081 2096 te
3115 2041 3371 2113 quotidie
3406 2041 3738 2112 postulanti
3782 2043 3883 2098 ad-

483 2151 588 2208 per
610 2136 952 2191 Testamenti
979 2140 1034 2191 et
1052 2136 1186 2190 Novi
1206 2141 1262 2191 et
1281 2135 1491 2192 Veteris
1516 2136 1783 2208 paginam
1813 2138 2117 2192 annualem
2215 2139 2447 2192 ventum
2485 2141 2650 2192 tuum
2688 2137 2880 2207 jussus
2925 2152 2959 2188 a
3001 2139 3077 2202 te,
3129 2134 3392 2202 Domine,
3442 2135 3729 2190 nuntiare
3752 2137 3781 2190 ?
3817 2138 3882 2191 Et

482 2229 756 2302 persolvit
773 2229 1328 2300 harmoniam,vobis
1341 2229 1588 2302 dirigere
1606 2231 1970 2300 deberemus;
1991 2230 2116 2286 ideo
2215 2229 2381 2286 certis
2407 2229 2496 2284 his
2541 2229 2609 2284 de
2653 2229 2834 2284 causis
2879 2229 2939 2283 in
2976 2227 3299 2283 celebritate
3333 2227 3636 2284 Adventus
3681 2231 3884 2284 Domi-

483 2323 555 2377 ad
583 2339 834 2395 praesens
876 2339 992 2378 non
1017 2324 1326 2394 potuimus,
1355 2323 1486 2395 quia
1513 2323 1572 2378 in
1613 2324 1758 2379 libro
1802 2325 2117 2379 Exameron
2215 2323 2346 2393 nici,
2377 2323 2719 2378 sollemnitas
2744 2321 3111 2394 anteponitur
3138 2321 3417 2376 Johannis
3443 2323 3752 2394 Baptistae.
3778 2325 3885 2380 Sed

483 2421 703 2472 nostros
713 2416 959 2472 notarios
977 2419 1274 2488 occupatos
1300 2416 1669 2472 habebamus.
1689 2417 1795 2472 Sed
1822 2435 1952 2472 cum
1977 2417 2117 2472 illud
2215 2421 2272 2472 et
2296 2416 2419 2472 vide
2452 2417 2710 2473 ordinem
2735 2421 3060 2488 temporum
3085 2415 3145 2470 in
3173 2415 3427 2488 idipsum
3452 2433 3726 2488 congrue
3755 2436 3888 2474 con-

483 2527 625 2582 opus
666 2509 857 2578 fuerit,
898 2510 1128 2592 favente.
1160 2510 1424 2580 Domino,
1466 2515 1942 2582 consummatum,
1983 2527 2116 2566 mox
2215 2510 2559 2565 cordantem.
2592 2511 2654 2564 In
2681 2509 3082 2582 aequinoctium
3121 2511 3408 2580 autumni,
3464 2511 3713 2583 quando
3759 2529 3886 2568 cre-

482 2603 804 2660 obedientes
861 2608 1044 2659 vestro
1081 2603 1322 2675 imperio
1375 2621 1478 2676 per
1525 2605 1802 2659 famulum
1844 2608 2112 2672 vestrum,
2216 2607 2379 2658 scunt
2401 2603 2669 2674 tenebrae,
2700 2608 2835 2658 tunc
2859 2603 3103 2658 traditur
3119 2603 3407 2658 Johannes
3431 2603 3611 2660 fuisse
3639 2623 3893 2680 concep-

483 2699 664 2752 ﬁlium
703 2699 764 2753 in
795 2698 1018 2754 Christo
1044 2703 1322 2765 nostrum,
1353 2698 1670 2770 Eugepium
1697 2698 2112 2771 presbyterum,
2213 2701 2338 2766 tus;
2361 2701 2418 2752 et
2445 2697 2546 2752 sub
2567 2700 2760 2752 rotatu
2785 2698 3040 2768 ejusdem
3055 2697 3331 2768 temporis
3348 2713 3578 2768 passus.
3611 2700 3678 2754 In
3705 2702 3888 2773 aequi-

480 2791 636 2846 vobis
670 2791 930 2846 libellum
957 2790 1268 2862 dirigemus
1297 2808 1310 2846 :
1339 2791 1400 2846 in
1425 2808 1538 2862 quo
1567 2791 1740 2846 totius
1774 2791 1908 2846 anni
1951 2791 2113 2862 opiﬁ-
2213 2791 2470 2846 noctium
2499 2791 2724 2863 quando
2748 2792 2846 2846 lux
2875 2790 3222 2861 extenditur,
3245 2795 3302 2845 ct
3325 2791 3586 2847 tenebrae
3602 2794 3892 2850 minuun-

485 2884 636 2939 cium
653 2883 1059 2939 inlectionibus
1073 2884 1282 2940 Divinis
1297 2885 1652 2956 perﬂorando
1662 2885 2112 2956 perstrinximus,
2213 2887 2326 2952 tur,
2353 2888 2489 2938 tunc
2513 2884 2752 2940 traditur
2775 2884 3030 2940 Christus
3059 2889 3116 2939 et
3143 2889 3451 2955 conceptus
3478 2889 3653 2941 utero
3683 2889 3885 2961 Virgi-

481 2977 812 3049 incipientes
849 2977 1108 3032 ordinem
1139 2977 1426 3034 Adventus
1477 2979 1748 3032 Dominici
1797 2979 1867 3033 ab
1921 2983 2115 3034 octavo
2215 2977 2336 3047 nis;
2371 2982 2427 3033 et
2447 2977 2549 3032 sub
2576 2978 2775 3034 eodem
2801 2978 3078 3033 curriculo
3107 2977 3328 3032 adﬁxus
3362 2979 3625 3050 patibulo
3669 2984 3889 3038 crucis.

483 3071 750 3126 Calendas
781 3071 1025 3126 octubris
1063 3071 1470 3143 aequinoctium
1510 3073 1856 3142 autumnale,
1911 3089 2014 3144 pro
2051 3089 2116 3127 eo
2215 3070 2278 3124 In
2303 3071 2562 3142 solstitio,
2583 3071 2644 3126 in
2669 3088 2780 3143 quo
2804 3071 2925 3127 dies
2949 3070 3152 3142 incipit
3179 3071 3388 3140 minui,
3419 3078 3479 3128 et
3502 3090 3624 3130 nox
3645 3079 3885 3149 augeri,

484 3165 637 3238 quod
662 3165 860 3220 eadem
885 3164 975 3219 die
998 3165 1281 3220 Iohannes
1304 3182 1620 3236 praecursor
1635 3166 1855 3221 Domini
1878 3183 1911 3220 a
1935 3166 2114 3237 majo-
2138 3212 2188 3238 η
2213 3163 2495 3221 Iohannes
2529 3164 2776 3220 creditur
2814 3169 3003 3232 natus,
3045 3169 3111 3221 ut
3144 3164 3398 3221 famulus
3432 3183 3446 3221 :
3490 3167 3555 3222 in
3595 3169 3699 3225 illo
3745 3187 3888 3226 vero

487 3212 637 3238 1"“
667 3212 860 3220 "'"'—
889 3212 974 3219 *κ*
999 3212 1278 3220 "—"'“"'
1306 3212 1612 3236 [την-’ωη-
1635 3212 1855 3221 νν⁶··“·’
1879 3212 1911 3220 ν’
1935 3212 2080 3237 ·⁶⁶“··ιΙν
2216 3212 2493 3221 "'““““"
2531 3212 2768 3220 "'"""‘“
2815 3212 3003 3232 ""'""’7
3051 3212 3110 3221 "'
3144 3212 3397 3221 ""‘“—“"
3433 3212 3446 3221 '
3490 3212 3555 3222 ⁸⁸·-
3595 3212 3698 3225 “⁸ν
3757 3212 3888 3226 ’νιν

483 3258 642 3314 ribus
664 3257 870 3312 nostris
894 3257 1137 3312 traditur
1163 3263 1218 3312 et
1234 3259 1450 3330 Angelo
1478 3260 1771 3314 nuntiante
1791 3264 2110 3332 conceptus,
2136 3212 2191 3288 C
2215 3257 2470 3328 solstitio,
2501 3275 2572 3314 ex
2597 3275 2708 3332 quo
2732 3258 2851 3315 dies
2882 3263 3146 3332 augetur,
3177 3263 3233 3314 et
3289 3261 3548 3316 tenebrae
3589 3263 3890 3320 minuun-

485 3356 543 3407 et
568 3351 798 3406 Herodis
825 3351 1033 3406 funesti
1077 3350 1260 3422 gladio
1296 3352 1626 3408 trucidatus.
1672 3355 1768 3408 Est
1813 3358 1868 3409 et
1909 3357 2116 3424 praeter
2213 3353 2326 3420 tur,
2355 3355 2518 3407 natus
2549 3357 2632 3407 est
2647 3351 2839 3426 460
2867 3371 2940 3411 ex
2961 3357 3182 3430 virgine
3224 3363 3401 3419 Maria
3443 3361 3735 3417 Salvator.
3781 3361 3893 3415 Pro

483 3445 846 3500 Nativitatem
910 3444 1018 3499 alia
1080 3445 1421 3501 sollemnitas
1469 3447 1744 3502 Johannis
1812 3448 2073 3520 Baptista:
2095 3489 2110 3517 ,
2213 3445 2320 3499 hoc
2348 3445 2742 3518 quatripartito
2770 3452 3006 3506 rotantis
3031 3455 3169 3510 anni
3210 3456 3500 3512 curriculo
3541 3455 3727 3511 etiam
3749 3453 3894 3509 libri

484 3543 686 3612 quarto
713 3539 924 3594 scilicet
947 3539 1220 3594 Calendas
1245 3539 1607 3610 Septembris,
1647 3540 1873 3612 quando
1913 3541 2112 3596 inven-
2213 3537 2385 3609 hujus
2410 3538 2582 3594 ﬁdem
2605 3541 2966 3600 terminando
2995 3547 3398 3621 distinximus;
3443 3555 3515 3606 ut
3551 3549 3694 3622 quia
3731 3565 3886 3620 qua-

484 3637 607 3689 tum
647 3633 859 3706 legitur
910 3635 1078 3705 caput
1115 3632 1381 3688 dominici
1426 3634 1805 3704 prtecursoris.
1849 3635 2004 3699 Quod
2051 3639 2118 3690 ut
2213 3635 2344 3687 tuor
2370 3637 2626 3706 tempora
2648 3636 2784 3691 anni
2832 3638 2940 3693 isto
2986 3641 3250 3700 videntur
3304 3644 3512 3700 ordine
3547 3642 3890 3710 terminari,

487 3726 686 3798 opinor
703 3727 950 3783 decrevit
974 3727 1102 3784 ideo
1127 3726 1466 3798 dispensatio
1496 3729 1747 3799 Deitatis,
1775 3732 1841 3783 ut
1879 3729 2014 3800 quia
2055 3728 2116 3784 in
2213 3725 2290 3781 ita
2315 3727 2485 3782 etiam
2523 3731 2766 3800 quatuor
2800 3733 3106 3791 voluminis
3142 3737 3316 3809 hujus
3353 3738 3494 3793 libri
3539 3738 3896 3794 distinctum

486 3823 637 3878 unda
664 3821 1037 3893 baptismatis,
1059 3821 1442 3876 ministerium
1468 3821 1782 3892 dumtaxat,
1813 3822 1964 3893 quod
1985 3825 2116 3878 ante
2215 3819 2453 3876 reddent
2486 3822 2736 3878 ofﬁcium
2771 3841 2876 3896 per
2923 3827 3203 3886 circulum
3245 3832 3405 3902 anni,
3455 3832 3646 3887 instar
3699 3831 3897 3887 sancti

487 3915 689 3972 faciem
715 3914 922 3970 Christi
957 3913 1280 3986 praedicavit
1305 3914 1608 3984 Johannes,
1646 3931 1934 3969 sacramur
1971 3932 2118 3970 mer—
2215 3913 2520 3986 Evangelii,
2529 3914 2696 3987 juxta
2710 3919 2861 3989 quod
2882 3925 3008 3976 rota
3021 3923 3262 3979 inferius
3273 3925 3638 3997 praesignata
3652 3925 3896 3980 videtur

491 4008 741 4063 sionibus
765 4007 951 4077 trinis,
981 4007 1108 4062 ideo
1135 4006 1380 4061 trifarias
1405 4007 1753 4074 sollemniter
1785 4008 1983 4064 reddat
2023 4010 2120 4064 Ec—
2189 4008 2522 4079 \attendere.
2580 4011 2860 4082 Deprecor
2898 4020 3090 4071 autem
3135 4022 3212 4088 te,
3253 4022 3311 4074 et
3356 4035 3566 4075 omnes
3614 4019 3691 4075 ad
3741 4036 3900 4092 quos

493 4101 658 4156 clesia
683 4101 804 4172 ejus
830 4100 1044 4155 laudes.
1073 4101 1138 4154 Et
1163 4100 1294 4172 quia
1315 4100 1382 4156 de
1402 4100 1498 4155 illo
1527 4101 1798 4172 scriptum
1819 4100 2010 4175 459
2037 4107 2120 4157 est
2216 4100 2459 4156 formula
2483 4103 2588 4158 ista
2610 4104 2836 4176 legendi
2863 4111 3206 4179 pervenerit,
3235 4116 3303 4166 ut
3327 4113 3729 4184 omnipotenti
3772 4114 3896 4168 Do-

492 4195 723 4250 vocibus
751 4192 1096 4265 propheticis
1141 4197 1197 4248 et
1224 4193 1559 4248 testimoniis
1603 4195 1899 4250 Salvatoris
1928 4213 1942 4250 :
1987 4197 2119 4252 Ecce
2216 4194 2375 4250 mino
2393 4212 2498 4266 pro
2529 4213 2620 4254 me
2641 4213 2872 4256 exorare
2889 4201 3228 4275 dignemini,
3258 4210 3552 4278 quatenus
3579 4225 3689 4280 pro
3705 4207 3904 4280 hujus

497 4305 588 4357 ego
629 4289 782 4343 mitto
811 4288 1061 4356 angelum
1094 4303 1266 4342 meum
1307 4289 1404 4356 qui
1438 4289 1779 4357 praeparabit
1811 4292 1956 4344 viam
1995 4295 2120 4345 ante
2218 4289 2402 4360 operis
2471 4290 2660 4349 labore
2734 4294 3143 4366 aliquantulam
3201 4301 3357 4371 apud
3407 4299 3611 4372 ipsum
3677 4319 3904 4375 capere

492 4385 690 4453 faciem
715 4386 902 4449 tuam;
929 4381 1055 4436 ideo
1081 4387 1136 4436 et
1159 4381 1228 4436 ab
1250 4380 1370 4452 ejus
1396 4385 1669 4453 conceptu
1696 4383 1780 4438 vel
1807 4383 1963 4438 obitu
2005 4384 2120 4438 Ad-
2217 4398 2439 4438 merear
2503 4386 2698 4456 gratias
2746 4389 3090 4458 portionem.
3137 4393 3274 4447 Data
3325 4393 3612 4450 Calendas
3659 4397 3903 4468 Iunias,

494 4481 694 4534 ventus
717 4475 923 4533 Christi
938 4475 1270 4530 inchoamus
1298 4475 1570 4531 officium.
1600 4476 1845 4548 Dignum
1855 4482 1938 4532 est
1963 4495 2122 4532 nam—
2219 4476 2472 4548 Hippone
2498 4478 2696 4552 Regio,
2715 4483 2950 4538 Arcadio
2977 4488 3034 4540 et
3057 4485 3300 4542 honorio
3327 4489 3592 4562 Agustis.

493 4588 626 4646 que,
652 4575 719 4626 ut
741 4571 810 4626 ab
839 4569 1038 4626 eodem
1076 4569 1167 4624 die
1205 4585 1382 4642 usque
1425 4570 1495 4625 ad
1527 4571 1884 4628 Nativitatem
1921 4572 2125 4628 Christi
2143 4586 2202 4660 D
2294 4572 2541 4627 Fcliciter
2600 4575 2824 4644 emplicit
2887 4579 3122 4648 epistula
3185 4584 3365 4637 sancti
3429 4584 3707 4654 Agustini
3778 4593 3909 4660 cpi.

494 4667 906 4740 prophetarum
966 4680 1182 4736 organa
1232 4664 1664 4737 tympanizando
1726 4667 1957 4722 resultet
2018 4668 2120 4722 Ec-
2223 4673 2389 4738 scopi.

497 4761 682 4819 clesia.
2537 4741 2622 4795 Ν.
2665 4756 2842 4799 SERMO
2880 4759 2934 4799 IN
2971 4759 3176 4802 VIGILIA
3213 4763 3551 4808 EPIPHANUE.

567 4855 674 4913 Sed
714 4855 847 4928 quia
887 4857 1020 4909 sunt
1054 4853 1312 4908 nonnulli
1348 4839 1446 4926 qui
1481 4855 1801 4910 Adventum
1840 4855 2060 4910 Domini
2092 4873 2126 4910 a
2465 4841 2552 4895 Εα)
2594 4843 2762 4896 veteri
2800 4843 3141 4900 Lectionario
3181 4845 3473 4905 Gallicana
3527 4853 3628 4925 (τι).

497 4951 795 5010 festivitate
833 4947 984 5004 beati
1037 4947 1257 5003 Martini
1304 4948 1638 5003 Turonensis
1681 4949 1834 5004 urbis
1882 4949 2126 5022 episcopi
2293 4949 2524 5006 Audivit
2563 4951 2857 5009 nobiscum
2896 4956 3098 5013 caritas
3145 4963 3353 5031 vestra,
3391 4964 3780 5038 Evangelista
3824 4969 3921 5024 di-

496 5047 760 5103 videntur
785 5043 1116 5116 insipienter
1140 5041 1412 5112 excolere,
1440 5059 1541 5098 nos
1567 5059 1660 5098 eos
1687 5060 1802 5099 non
1827 5047 2127 5117 reprehen—
2225 5049 2384 5100 cente
2428 5062 2442 5100 :
2497 5041 2628 5102 Cum
2659 5052 2830 5104 ‘natus
2874 5065 3004 5118 esse,
3046 5050 3254 5124 inquit,
3307 5058 3456 5112 Deus
3511 5061 3578 5114 in
3616 5063 3923 5119 Bethleem.

503 5141 710 5205 dimus,
738 5138 870 5210 quia
896 5153 1012 5192 non
1031 5153 1226 5192 omnes
1253 5137 1442 5191 omnia
1482 5141 1736 5208 possunt,
1784 5143 1842 5194 et
1880 5140 2127 5196 maxime
2225 5137 2424 5193 Iudaee
2445 5141 2504 5194 in
2534 5140 2720 5196 diebus
2747 5145 2975 5198 Herodis
2994 5149 3138 5214 regis
3165 5165 3184 5199 :
3208 5164 3321 5204 ecce
3339 5155 3495 5220 magi
3515 5163 3812 5212 “venerunt
3847 5161 3929 5214 ab

505 5249 638 5288 cum
659 5231 952 5302 Apostolus
993 5231 1175 5285 dicat:
1227 5233 1526 5302 Unicuique
1567 5233 1707 5286 sicut
1749 5235 1892 5288 Deus
1942 5235 2130 5289 divisit
2230 5231 2444 5286 Oriente
2465 5235 2860 5304 Hyerusolyma
2883 5239 3120 5296 dicentes
3147 5255 3164 5290 :
3203 5243 3308 5297 Ubi
3337 5250 3418 5299 est
3453 5250 3559 5316 qui
3604 5256 3790 5306 natus
3838 5259 3931 5309 est

504 5340 814 5382 mensuram
838 5325 983 5394 ﬁdei.
1008 5323 1112 5378 Sed
1138 5324 1306 5394 longe
1335 5325 1495 5380 aliter
1517 5331 1599 5382 est
1611 5327 1900 5398 plenitudo
1916 5329 2130 5384 ordinis
2227 5327 2342 5380 Rem
2363 5324 2668 5382 Iuda’omm
2683 5333 2712 5384 Ρ
2742 5331 2991 5388 Vidimus
3010 5336 3154 5390 enim
3171 5336 3388 5392 Stellam
3414 5339 3542 5408 eius
3561 5343 3627 5397 in
3653 5343 3929 5412 071.071“.

506 5425 562 5477 et
589 5417 875 5489 religionis
903 5419 1128 5471 nostrai.
1155 5417 1422 5473 Martinus
1441 5419 1650 5474 etenim
1697 5424 1919 5476 sanctus
1960 5422 2130 5494 longe
2231 5426 2282 5476 et
2309 5423 2551 5477 venimus
2593 5423 2824 5478 adorare
2871 5441 3012 5482 eum.
3049 5427 3205 5484 Felix
3237 5429 3338 5484 illa
3381 5431 3612 5506 civitas,
3668 5438 3929 5512 fratres,

505 5516 635 5589 post
660 5509 1040 5565 ascensionem
1077 5509 1320 5580 Domini,
1357 5512 1444 5566 vel
1469 5517 1596 5582 post
1628 5513 1976 5570 nativitatem
2005 5533 2132 5588 pro-
2231 5515 2320 5570 cui
2342 5514 2475 5570 civis
2513 5520 2678 5572 natus
2715 5523 2799 5574 est
2850 5519 3033 5575 Deus!
3077 5538 3208 5594 quae
3259 5525 3564 5597 singulare
3619 5509 3934 5590 meritum

507 5608 630 5676 diit,
663 5605 749 5660 vel
779 5608 904 5675 post
939 5605 1183 5657 mortem
1217 5603 1486 5672 discessit,
1530 5604 1739 5676 quippe
1785 5609 1884 5678 qui
1924 5610 2132 5665 nostris
2230 5614 2360 5665 ante
2401 5610 2707 5666 adventum
2741 5613 3036 5669 Salvatoris
3076 5617 3382 5688 accipiens,
3419 5621 3626 5692 prima
3676 5626 3934 5684 laudari

508 5698 862 5773 temporibus
894 5711 1070 5768 prope
1103 5695 1242 5763 fuit,
1275 5697 1529 5767 quamvis
1566 5696 1626 5750 in
1674 5697 1829 5754 brevi
1876 5705 2131 5775 tempore
2231 5703 2440 5760 meruit
2455 5720 2560 5776 per
2573 5705 2927 5777 prophetam,
2949 5723 3122 5779 quam
3139 5709 3384 5768 disceret
3398 5731 3586 5786 quem
3603 5722 3931 5780 sumebat.

507 5797 662 5854 fama
687 5791 996 5850 sanctitatis
1021 5791 1080 5844 et
1102 5787 1324 5845 virtutis
1348 5788 1500 5845 illius
1525 5790 1707 5847 totum
1735 5796 2014 5852 mundum
2037 5814 2130 5854 re-
2232 5791 2389 5850 Felix
2411 5797 2494 5862 tu,
2525 5793 2715 5851 civitas
2739 5795 3026 5854 Bethleem
3051 5798 3066 5854 l
3095 5800 3230 5872 quia
3249 5817 3370 5858 non
3391 5819 3455 5862 es
3469 5806 3732 5868 minima
3749 5811 3934 5870 inter

585 5891 654 5966 (α)
680 5889 812 5944 Vide
841 5903 976 5960 pag.
1013 5887 1134 5939 M5.
