3970 6424
103 435 197 490 433

762 439 852 494 ΑΙ)
891 439 1376 497 ΡΡιιΕΟΕΒΕΝΤΙΑ
1412 441 1740 498 ΙιΙΤυΒϐιίΕ

1827 442 1918 498 ON
1922 444 2104 500 UMEN
2108 446 2192 501 TA
2227 447 2558 504 APPENDIX
2595 450 2821 506 PRIMA.

3375 455 3479 512 434

101 540 383 616 principes
408 541 582 600 Iuda.
611 544 700 600 Ex
741 549 800 602 te
842 547 996 603 enim
1037 548 1258 620 prodiet
1290 551 1410 606 Rex
1447 549 1546 624 qui
1596 555 1756 623 reget
1775 552 2074 636 Avagitus
2106 555 2358 626 majores
2399 555 2649 626 gemitus
2695 557 3028 629 exigebant.
3054 559 3219 616 Nulla
3244 558 3472 632 domus,

99 635 383 709 populum
412 652 618 693 meum
638 639 872 696 Israhel.
912 640 1059 706 Quid
1083 641 1202 713 agit
1223 642 1383 710 Iuda,
1411 659 1612 699 eorum
1648 659 1750 699 cae-

100 729 230 785 citas
263 729 581 802 mentium,
624 733 728 804 qui
761 733 1069 790 adventum
1103 734 1406 792 Salvatoris
1442 752 1547 792 nec
1579 736 1746 792 intel-

97 823 272 895 ligere
299 829 670 896 meruerunt,
699 843 808 882 nec
831 843 996 882 nosse
1011 826 1040 882 ’ἰ
1065 828 1371 900 Impletum
1408 833 1492 886 est
1533 829 1748 886 cunctis

97 916 395 988 propheta:
426 932 776 989 responsum
805 936 820 974 :
849 919 1194 976 Salvatorem
1218 925 1480 977 nostrum
1503 922 1749 994 prodidit

97 1010 317 1066 caelum.
355 1011 598 1075 Quando
617 1012 776 1068 enim
794 1012 972 1068 latere
996 1017 1236 1085 poterat,
1258 1031 1431 1087 quem
1453 1016 1600 1072 Deus
1616 1019 1746 1072 ante

94 1103 444 1174 praedixerat
458 1107 487 1158 ?
531 1105 824 1162 Bethleem
864 1106 1056 1162 civitas
1101 1107 1315 1179 accepit
1351 1109 1422 1164 de
1477 1108 1746 1165 astriferis

92 1196 352 1268 partibus
379 1197 588 1268 civem,
618 1202 676 1254 et
699 1215 806 1271 per
822 1215 1035 1255 novum
1058 1199 1302 1256 incolam
1328 1202 1540 1274 grande
1579 1202 1746 1258 meri-

90 1292 210 1344 tum
234 1290 469 1358 transit,
491 1291 630 1364 quia
654 1309 772 1348 non
796 1295 978 1365 potest
1005 1292 1158 1348 ﬁniri
1186 1294 1339 1366 quod
1373 1295 1600 1351 meruit.
1636 1296 1744 1352 Sed

87 1387 280 1455 postea
326 1399 510 1456 quam
559 1387 758 1456 partus
795 1385 888 1441 ille
931 1386 1139 1441 caelesti
1183 1385 1346 1458 signo
1389 1392 1742 1445 monstrante

87 1480 354 1548 repertus
370 1481 462 1533 est
484 1477 776 1550 visusque,
805 1494 1003 1549 magos
1027 1479 1347 1534 veneranda
1377 1479 1624 1535 turbavit
1648 1481 1739 1536 in-

88 1569 479 1638 fanﬁa.§Nihil
502 1570 587 1626 ibi
603 1571 838 1626 omnino
853 1571 1236 1627 contemtibile
1256 1571 1316 1627 in
1328 1571 1438 1628 illis
1462 1573 1740 1646 vagitibus

87 1663 211 1731 fuit,
239 1663 388 1734 quia
425 1663 715 1719 humanos
742 1665 891 1720 Deus
925 1680 1120 1720 sensus
1163 1665 1406 1737 aspexit;
1451 1667 1549 1722 sed
1584 1670 1737 1738 post-

88 1772 260 1828 quam
287 1757 602 1828 probatam
627 1756 804 1829 ipsius
829 1757 1026 1814 sideris
1063 1758 1252 1828 ﬁdem,
1293 1758 1551 1815 fallentes
1582 1760 1738 1832 magi

88 1849 278 1920 regale
303 1854 692 1921 praeceptum,
721 1853 939 1906 exteras
962 1853 1196 1907 tenuere
1224 1851 1520 1923 regiones;
1560 1853 1735 1908 Hero-

1853 647 2040 702 nullus
2097 647 2329 703 orbitati
2367 653 2680 706 restaverat
2716 652 2891 720 locus,
2919 651 3015 706 ubi
3064 669 3181 708 non
3229 653 3474 726 diligens

1848 739 2150 796 crudelitas
2161 741 2286 796 fuit.
2301 743 2576 798 Jacebant
2595 743 2790 798 brevia
2805 745 3040 800 vulnera
3050 747 3468 817 membrorum,

1849 835 1908 886 et
1942 835 2126 888 velato
2176 835 2332 890 vultu
2374 835 2522 890 tristi
2565 837 2821 892 colorata
2863 838 3080 909 pallore
3131 843 3469 896 cunctorum

1846 925 2136 981 mentibus
2166 928 2448 999 lacrymas
2485 929 2720 984 dabant.
2752 929 2978 986 Minutis
3021 931 3302 986 mortibus
3349 936 3471 990 tota

1845 1017 2040 1073 civitas
2070 1020 2414 1091 replebatur,
2447 1025 2504 1078 et
2535 1022 2800 1086 omnium
2829 1023 3163 1094 posteritate
3184 1027 3466 1095 truncata,

1843 1111 1952 1165 hoc
1981 1113 2166 1166 solum
2193 1113 2388 1182 evasit,
2422 1115 2576 1186 quod
2594 1115 2854 1185 vagitum
2871 1115 3086 1172 habere
3105 1133 3222 1172 non
3238 1119 3467 1174 meruit.

1844 1205 1906 1257 In
1951 1203 2052 1258 illa
2092 1207 2308 1260 matres
2345 1205 2593 1261 ﬁliorum
2639 1207 2956 1278 perniciem
2995 1208 3188 1282 462
3231 1209 3470 1266 intentae

1843 1295 2122 1366 grandine
2165 1297 2503 1367 liberorum,
2540 1316 2656 1354 una
2693 1299 2912 1356 femina
2954 1301 3088 1356 felix
3113 1302 3308 1371 evasit,
3338 1320 3467 1375 quae
3555 1353 3565 1360 .

1841 1388 1948 1444 fuit
1965 1389 2124 1460 virgo
2153 1392 2282 1462 post
2310 1394 2561 1462 partum.
2597 1391 2744 1456 Quid
2753 1393 2902 1463 juvit
2922 1395 3170 1464 replesse
3194 1398 3283 1450 tot
3309 1395 3470 1452 fune-

1839 1481 1996 1537 ribus
2024 1483 2283 1538 terram?
2323 1483 2462 1555 quid
2490 1484 2708 1556 profuit
2735 1488 2896 1541 tanta
2937 1486 3112 1542 ubera
3159 1488 3466 1545 ﬂuentibus

1839 1575 2096 1643 siccasse,
2128 1593 2259 1630 cum
2289 1577 2548 1632 futurum
2579 1579 2799 1634 malum
2824 1581 2970 1635 Deus
3003 1583 3134 1636 ante
3161 1581 3465 1652 praedixit?

1837 1668 2072 1723 Constat
2124 1685 2262 1740 ergo
2297 1669 2593 1725 Iudaicam
2649 1674 2886 1742 gentem
2927 1672 3186 1728 nascenti
3215 1675 3462 1730 Domino

1835 1776 2161 1831 praeparare
2219 1761 2562 1832 perniciem;
2617 1763 2878 1836 adeoque
2937 1765 3146 1820 eodem
3201 1767 3462 1838 tempore

1838 1853 1992 1908 Deus
2007 1853 2261 1908 Christus
2285 1855 2464 1909 voluit
2492 1855 2720 1923 docere,
2755 1857 2891 1928 quia
2911 1857 3140 1913 Iudaeus
3158 1875 3276 1914 non
3296 1876 3464 1914 nove-

86 1943 169 1998 dis
224 1943 389 2014 regis
437 1942 682 1998 vitantes
723 1948 1034 2015 aspectum,
1080 1943 1383 2016 voluerunt
1427 1948 1738 2004 monstrare
1757 1927 1814 2000 Β
1837 1948 1928 2000 rat
1957 1947 2112 2018 quod
2131 1947 2312 2002 ﬁeret.
2339 1947 2452 2002 Sed
2477 1948 2611 2019 quia
2636 1927 2913 2005 Dominus
2933 1950 3187 2006 Christus
3210 1952 3463 2023 passioni

83 2035 314 2108 plenius
336 2035 529 2108 461
561 2036 716 2108 quod
735 2036 1032 2093 timebant.
1045 2037 1309 2108 Majorem
1325 2053 1427 2094 rex
1446 2038 1740 2096 stimulum

84 2129 275 2199 sentit,
324 2129 423 2184 cui
466 2145 586 2185 non
622 2129 940 2190 ostenditur
984 2130 1137 2202 quod
1178 2135 1420 2186 veretur.
1459 2131 1566 2187 Sed
1608 2149 1738 2188 cum

83 2222 358 2278 sollicitus
383 2239 510 2294 rex,
540 2224 822 2278 mnsaeto
859 2227 1118 2296 tempore
1153 2223 1441 2295 veniendi,
1478 2224 1738 2282 fallentes

81 2333 282 2388 magos
327 2315 587 2372 deviasse
635 2320 1019 2388 cognosceret,
1073 2316 1255 2389 adque
1300 2317 1423 2388 ejus
1477 2317 1737 2375 animum

80 2410 415 2482 incognitus
457 2409 691 2465 infantis
735 2413 994 2482 aspectus
1039 2408 1270 2465 diversis
1299 2409 1545 2466 motibus
1579 2411 1735 2467 dissi-

81 2507 277 2574 paret;
307 2503 425 2558 hoc
450 2501 711 2575 prodidit
736 2503 970 2558 crudelii
996 2507 1116 2559 arte
1143 2502 1378 2574 consilii,
1404 2507 1470 2559 ut
1493 2504 1565 2559 ad
1584 2504 1736 2560 inve-

80 2597 359 2652 niendam
379 2595 722 2652 successoris
745 2595 1066 2667 infantiam,
1112 2596 1415 2653 occidendo
1452 2580 1734 2670 quaereret

81 2691 231 2762 quod
271 2689 512 2759 latebat,
555 2689 705 2745 sicut
743 2689 1018 2762 scriptum
1063 2694 1146 2746 est
1174 2707 1188 2745 :
1235 2692 1365 2749 Cum
1404 2691 1608 2746 videret
1629 2693 1732 2748 He-

80 2785 255 2847 rodes,
286 2783 444 2854 quod
473 2783 692 2839 delusus
713 2787 849 2838 esset
873 2799 908 2838 a
949 2786 1146 2851 magis,
1189 2786 1364 2840 iratus
1404 2785 1732 2841 vehementer

76 2879 228 2932 misit
251 2881 320 2932 ut
349 2876 728 2932 occiderentur
756 2891 938 2931 omnes
967 2878 1208 2944 infantes
1247 2879 1308 2931 in
1353 2878 1638 2941 Bethleem,
1679 2883 1730 2933 et

79 2973 130 3024 in
162 2971 426 3025 omnibus
445 2970 648 3040 ﬁnibus
675 2971 792 3038 ejus
819 2985 854 3024 a
883 2970 1089 3024 bimam
1111 2974 1162 3025 et
1201 2971 1372 3038 infra.
1414 2968 1567 3024 Felix
1608 2973 1728 3026 erat

74 3063 243 3118 ludus
268 3061 549 3134 parvulis,
585 3061 866 3118 moriendi
906 3061 1170 3132 conditio,
1211 3062 1310 3134 qui
1342 3078 1447 3134 pro
1484 3062 1722 3128 Christo,

73 3159 424 3213 meruerunt
451 3155 596 3227 pati.
621 3155 882 3212 Furentis
924 3155 1079 3230 regis
1109 3171 1312 3212 vesana
1355 3155 1565 3211 saevitia
1598 3173 1722 3212 mo-

72 3249 360 3306 rientibus
404 3248 626 3320 profuit
653 3265 670 3304 :
699 3248 800 3320 qui
835 3248 974 3304 dum
1001 3263 1380 3304 successorem
1412 3264 1580 3304 suum
1604 3248 1724 3304 dili-
1742 3287 1797 3363 Ο

283 3341 618 3363 -..-,-ιει-ι-
653 3341 932 3363 ..--...-ξ..ξι
1005 3342 1201 3363 ,ιη-η
1241 3341 1415 3363 si-.-“
1449 3345 1720 3363 Nam.--

75 3344 232 3414 genti
275 3341 620 3398 crudelitate
653 3341 955 3414 perquirit,
999 3342 1203 3413 dignos
1239 3341 1418 3397 iratus
1449 3345 1723 3414 martyres

69 3437 224 3492 fecit.
263 3437 416 3491 Nam
457 3434 728 3506 Herodes,
775 3451 948 3507 quem
996 3438 1220 3490 tantum
1274 3435 1498 3491 ravidus
1531 3451 1724 3491 sensus

66 3529 282 3585 furoris
357 3527 583 3583 facibus
647 3528 934 3599 eregebat,
1000 3533 1278 3600 quantum
1338 3544 1499 3584 amor
1547 3528 1726 3584 dulcis

67 3620 376 3696 potestatis
403 3619 766 3691 accendebat,
785 3620 1073 3676 carniﬁces
1085 3637 1216 3676 suos
1235 3621 1308 3676 ad
1321 3620 1725 3694 inquirendum

66 3716 225 3772 misit
279 3713 558 3781 infantes,
619 3713 784 3786 quasi
849 3714 948 3785 qui
994 3714 1173 3770 Deum
1226 3717 1415 3786 posset
1471 3714 1724 3772 invenire

68 3825 204 3864 cum
229 3805 432 3864 vellet.
461 3809 719 3878 Pergunt
743 3805 805 3862 in
829 3807 1114 3863 civitatem
1128 3805 1374 3862 ministri
1401 3805 1572 3878 regis,
1601 3823 1720 3862 cru-

64 3903 201 3958 dele
248 3902 562 3974 portantes
615 3899 950 3971 imperium,
1015 3903 1074 3954 et
1121 3900 1328 3954 durum
1370 3903 1722 3971 praeceptum

64 3997 353 4062 ferentes,
371 3993 434 4048 in
452 3993 666 4064 gladiis
678 3993 753 4047 ad
774 3995 1028 4048 matrum
1054 3994 1336 4063 lacrymas
1351 3993 1717 4048 festinabant.

64 4087 345 4144 Infantile
386 4086 610 4141 bellum
647 4085 709 4140 in
747 4085 1012 4142 domibus
1063 4085 1397 4156 gerebatur;
1439 4089 1496 4139 et
1529 4102 1721 4141 secum

63 4184 189 4237 sola
217 4182 530 4253 pugnante
559 4177 798 4247 saevitia,
819 4177 1394 4234 orbitatiscrudelitas
1407 4177 1716 4234 eminebat.

59 4275 480 4330 Mactabantur
519 4272 580 4326 in
621 4271 785 4326 cunis
826 4271 1097 4340 infantes,
1124 4271 1184 4326 in
1220 4270 1426 4342 quibus
1461 4271 1719 4326 nondum

62 4371 193 4422 erat
238 4365 527 4422 nascendi
565 4363 920 4421 conscientia
966 4381 981 4418 :
1037 4367 1096 4418 et
1143 4363 1280 4418 illud
1324 4363 1719 4419 membrorum

59 4462 304 4516 initium
361 4459 623 4530 primum
669 4457 841 4512 funus
891 4456 1057 4512 discit
1095 4473 1216 4512 esse
1260 4472 1433 4528 quam
1491 4473 1713 4528 corpus.

57 4554 507 4610 Occidebantur
545 4550 712 4606 initia
756 4551 1176 4618 membrorum,
1223 4549 1596 4604 minutissimi
1633 4551 1712 4605 la-'

1837 2039 2157 2110 prohibitus
2203 2039 2291 2094 vel
2326 2039 2534 2094 dilatus
2571 2043 2676 2110 est,
2721 2041 2925 2097 maluit
2953 2042 3254 2099 virtutibus
3301 2045 3459 2114 disci,

1838 2147 2015 2202 quam
2043 2134 2177 2186 ante
2199 2134 2425 2204 tempus
2447 2132 2649 2188 occidi.

1887 2225 1949 2277 ν.
1983 2239 2366 2282 ΤΕΞΤΑΠΕΝῚἯΜ
2402 2241 2674 2281 ILLUSTRIS
2713 2241 2976 2284 MATRONE
3012 2242 3405 2286 ERMENTRUDIS.

1832 2319 1918 2375 Ea:
1941 2318 2276 2387 autographa
2312 2319 2642 2387 Dionysiano
2677 2320 2737 2374 in
2773 2320 2966 2376 charta
3000 2323 3325 2390 Egyptiaca
3360 2321 3457 2395 (a).

2020 2409 2434 2465 sacratissimus
2467 2411 2634 2466 ﬁscus
2670 2411 2984 2484 pereipeat.
3009 2413 3071 2469 Si
3094 2429 3229 2470 vero
3261 2415 3458 2472 omnia

1835 2502 1990 2573 quod
2012 2502 2071 2557 in
2091 2503 2245 2557 hunc
2264 2505 2678 2558 testamentum
2709 2505 3058 2561 inserui......
3093 2507 3452 2578 custodieris,

1833 2595 2114 2668 quidquid
2141 2595 2246 2650 tibi
2271 2595 2531 2668 superius
2559 2597 2840 2668 delegavi,
2859 2597 2919 2652 in
2949 2599 3044 2654 tuo
3059 2599 3191 2670 jure
3211 2600 3455 2670 perenni

1829 2691 2094 2760 tempore
2123 2692 2723 2760 permaneant
2747 2689 2808 2744 in
2834 2691 2986 2746 hunc
3015 2693 3450 2764 testamentum,

1829 2780 2164 2852 cuicumque
2189 2799 2306 2837 non
2327 2781 2610 2854 depotavi,
2629 2782 2754 2851 tibi,
2779 2782 3108 2838 dulcissime
3120 2785 3218 2854 ﬁli,
3234 2785 3450 2841 habere

1829 2873 2015 2944 cupio.
2049 2873 2436 2929 Similiter.....
2471 2874 2924 2930 demandatione
2949 2876 3119 2932 bona:
3152 2878 3452 2934 memoriae

1826 2965 2166 3021 Deorovaldi
2197 2966 2350 3021 dono
2376 2965 2480 3022 tibi
2519 2983 2709 3022 eanna
2749 2971 3027 3039 argentea
3051 2970 3278 3024 valente
3325 2971 3453 3042 plus

1823 3059 2016 3114 minus
2041 3058 2254 3114 solidos
2290 3076 2415 3114 xxv.
2443 3061 2513 3114 Et
2539 3076 2573 3115 a
2600 3063 2764 3132 parte
2795 3077 2927 3116 mea
2955 3061 3110 3117 dono
3140 3062 3244 3118 tibi
3275 3080 3449 3120 caueo

1825 3155 2101 3222 argenteo
2141 3151 2366 3208 valente
2413 3153 2515 3208 sol.
2554 3169 2680 3221 xxx,
2722 3155 2780 3208 et
2821 3153 3197 3210 medietatem
3233 3155 3446 3226 ovium,

1823 3243 2198 3316 quasVigilius
2207 3243 2623 3313 adtendit,cum
2633 3249 2862 3318 pastore
2875 3247 3112 3302 nomine
3124 3247 3445 3319 Gaugiulfo.

1827 3336 2011 3392 Simili
2038 3336 2214 3392 modo
2245 3337 2315 3392 de
2350 3337 2642 3394 Latiniaeo
2673 3343 2732 3394 et
2751 3339 3098 3408 Balbiniaco,
3132 3343 3252 3396 tam
3274 3343 3447 3397 vestis

1827 3446 2000 3501 quam
2029 3446 2280 3484 aer-amen
2303 3431 2392 3484 vel
2417 3430 2690 3500 utinsilia,
2713 3435 2772 3486 et
2797 3431 2866 3486 de
2885 3432 3138 3487 bovebus
3163 3449 3230 3488 ex
3251 3435 3447 3490 omnia

1823 3523 2220 3590 medietatem,
2246 3522 2370 3591 tibi,
2393 3523 2719 3579 dulcissime
2757 3523 2857 3592 ﬁli,
2886 3524 3100 3580 habere
3148 3526 3438 3598 praecipio.

1821 3615 1951 3670 Pari
1979 3615 2308 3671 conditione
2339 3632 2407 3670 ex
2431 3616 2881 3672 demandatione
2925 3617 3096 3672 bonae
3146 3620 3444 3676 memoriae

1823 3707 2163 3764 Deorovaldi
2203 3708 2355 3764 dono
2399 3708 2522 3776 tibi,
2556 3708 2879 3764 dulcissime
2923 3709 3024 3779 ﬁli,
3059 3710 3129 3765 de
3175 3711 3440 3782 portione

1825 3801 1946 3873 ejus
1961 3803 2019 3856 et
2034 3801 2104 3856 de
2120 3802 2472 3874 proprietate
2496 3818 2630 3858 mea
2653 3801 2940 3873 mancipia
2964 3801 3052 3858 his
3075 3803 3438 3874 nominebus,

1823 3895 2190 3966 Unnegiselo,
2230 3895 2636 3966 Aunemundo,
2681 3899 2740 3950 et
2775 3895 2920 3951 ﬁlias
2955 3896 3220 3966 Patricio,
3262 3897 3323 3952 id
3357 3903 3444 3954 est

1821 3989 2070 4057 Fedane,
2112 3990 2170 4043 et
2204 3988 2572 4060 Ausegunde,
2601 3989 2659 4044 et
2691 3988 3042 4060 Agnechilde
3073 3992 3131 4044 et
3167 3990 3443 4046 Baecione

1821 4099 1951 4138 cum
1980 4081 2206 4154 gregim
2231 4097 2566 4153 porcorum;
2588 4081 2768 4138 vineae
2790 4083 3100 4154 pedaturas
3126 4083 3286 4152 duas,
3306 4084 3442 4140 sitas

1819 4174 1878 4229 in
1922 4178 2120 4230 monte
2161 4174 2498 4244 Maurilioni,
2537 4191 2679 4246 quas
2711 4175 3150 4232 (Theodaharius
3185 4180 3245 4232 et
3281 4177 3441 4233 Gari-

1817 4267 2068 4323 mundus
2095 4269 2308 4333 colunt.
2334 4267 2526 4323 Vineae
2546 4267 2827 4340 pedatura
2836 4269 3026 4338 tertia,
3047 4269 3154 4324 sita
3163 4269 3222 4325 in
3242 4274 3440 4326 monte

1816 4361 2162 4429 Metobaure,
2185 4377 2316 4416 eum
2335 4361 2578 4416 vinitore
2607 4361 3109 4418 Guntrachario....
3138 4363 3327 4418 Vinea:
3345 4380 3442 4434 pe-

1817 4455 2020 4510 datura
2045 4457 2270 4525 quarta,
2301 4453 2409 4509 sita
2435 4453 2791 4521 Taurimaco,
2821 4471 2996 4526 quem
3016 4455 3317 4510 lmnerdus
3342 4471 3437 4510 eo-

1814 4546 1880 4601 lit
1909 4562 2038 4600 cum
2066 4545 2310 4600 vinitore
2329 4545 2682 4616 Munegisilo.
2700 4545 2892 4600 Vineae
2910 4546 3190 4616 pedatura
3217 4545 3436 4618 quinta,

55 4651 314 4715 ctantes,
375 4647 438 4700 et
479 4644 700 4715 accepti
751 4660 784 4699 a
821 4643 1102 4699 matribus
1137 4641 1356 4715 parvuli
1399 4643 1460 4698 in
1501 4642 1789 4724 duritiaD
1812 4640 1918 4694 sita
1951 4639 2011 4692 in
2037 4641 2236 4692 monte
2261 4637 2626 4706 Vultoricino,
2659 4654 2832 4708 quem
2882 4637 3068 4694 Sevila
3111 4639 3266 4704 colit,
3306 4656 3438 4694 cum

52 4739 331 4812 lapidum
402 4737 803 4805 vibrabantur,
858 4739 924 4792 ut
959 4737 1032 4791 ad
1070 4737 1454 4792 execrandum
1493 4736 1714 4791 malum

51 4848 342 4888 saxorum
371 4846 585 4902 aspera
622 4829 808 4884 meles
841 4831 998 4884 artus
1033 4831 1349 4901 spargeret.
1387 4829 1456 4882 Et
1481 4829 1714 4883 necatos

50 4926 293 4999 excepit
328 4925 546 4980 nolens
591 4925 750 4978 terra
791 4921 1056 4990 conlisos,
1109 4925 1282 4992 atque
1333 4921 1542 4976 iterum
1592 4921 1715 4992 ipsa

49 5019 421 5076 mortalibus
448 5017 808 5089 sepulturam
845 5015 1108 5086 prwbuit,
1143 5015 1240 5086 qui
1280 5014 1504 5086 pridem
1549 5017 1714 5070 natos

46 5117 78 5168 f
79 5117 208 5168 este
237 5111 518 5182 suscepit.
553 5109 672 5164 Sub
700 5111 1009 5181 conspectu
1037 5111 1288 5163 matrum
1304 5107 1716 5179 premebantur

49 5208 294 5278 vagitus
338 5203 666 5272 infantum,
719 5205 778 5256 et
825 5203 1110 5273 laerymas
1159 5217 1289 5256 suas
1325 5200 1386 5255 in
1419 5203 1715 5256 maternos

47 5301 262 5355 oculos
283 5296 692 5369 reportabant.
711 5295 971 5351 Salvator
990 5297 1186 5349 noster
1221 5293 1372 5348 inter
1407 5293 1715 5350 infantium

45 5397 274 5448 funera
328 5389 708 5462 quaerebatur
744 5404 758 5442 :
811 5387 910 5458 qui
951 5387 1026 5442 ad
1068 5387 1177 5442 hoc
1215 5387 1478 5458 permisit
1508 5403 1613 5458 pro
1655 5404 1715 5442 se

45 5487 322 5540 infantes
351 5481 565 5548 occidi,
595 5483 661 5534 ut
696 5495 802 5550 pro
839 5479 962 5550 ipso
1010 5478 1189 5534 ceteri
1227 5479 1513 5534 discerent
1545 5479 1712 5535 mori.

43 5577 358 5633 Natabant
384 5574 600 5630 domus
627 5570 910 5642 sanguine
937 5571 1340 5643 parvulorum;
1365 5585 1472 5625 nec
1493 5570 1602 5625 fuit
1619 5571 1717 5643 qui

41 5668 622 5726 consolarialterum
650 5667 865 5736 posset,
885 5663 1020 5736 quia
1042 5679 1160 5718 non
1178 5666 1303 5719 erat
1321 5661 1418 5734 qui
1436 5663 1718 5736 lacrymas

43 5779 177 5818 non
195 5761 469 5818 haberet.
500 5756 722 5815 Invicta
753 5755 968 5812 orbitas
1003 5758 1236 5812 cunctos
1267 5758 1612 5828 aequaverat,
1660 5759 1718 5812 et

45 5869 377 5912 commune
387 5851 625 5909 malum
637 5847 852 5922 ubique
861 5849 1106 5906 luctibus
1117 5847 1717 5921 gerebatur.0ppressi

137 5950 209 6021 (α)
233 5946 382 6007 Vide
409 5959 560 6020 pag.
593 5941 718 6001 184.

1811 4731 2074 4786 vinitore.
2104 4731 2233 4785 Haec
2263 4729 2461 4786 omnia
2491 4746 2664 4802 supra
2693 4730 2902 4786 scribta
2940 4731 3062 4801 tibi,
3110 4731 3437 4788 dulcissime

1811 4824 1912 4894 ﬁli,
1939 4841 2006 4878 ex
2037 4841 2169 4895 mea
2190 4825 2484 4879 voluntate
2529 4825 2618 4878 vel
2667 4841 2735 4880 ex
2784 4824 3236 4881 demondatione
3294 4825 3437 4881 divae

1813 4917 2114 4973 memoriae
2129 4917 2468 4974 Deorovaldi
2488 4917 2702 4972 habere
2721 4917 3007 4973 constitui.
3031 4917 3208 4973 Vinea
3240 4917 3347 4973 sita
3376 4918 3438 4974 in

1811 5013 2011 5067 monte
2036 5009 2228 5083 463
2255 5011 2450 5066 Me.....
2469 5027 2642 5082 quem
2675 5009 3116 5066 Habundaneius
3143 5011 3296 5080 colit,
3321 5027 3440 5066 me-

1815 5104 2090 5160 dietatem
2115 5106 2326 5158 sanctze
2357 5103 2672 5158 ecclesiae...
2711 5103 2924 5158 eliense
2955 5103 3091 5158 dare
3121 5104 3390 5176 praecipio
3421 5121 3435 5161 :

1813 5197 1989 5254 aliam
2014 5195 2388 5252 medietatem
2412 5186 2489 5250 de
2522 5195 2654 5267 ipsa
2676 5195 2845 5250 vinea
2889 5195 3215 5252 dulcissimo
3241 5199 3439 5270 nepoti

1814 5306 1945 5346 meo
1999 5288 2316 5359 Bertigisilo
2359 5288 2574 5344 habere
2614 5289 2812 5360 jubeo.
2844 5288 3042 5358 Vinea,
3076 5306 3252 5361 quam
3273 5291 3441 5364 Agila

1814 5383 2034 5438 femina
2062 5380 2283 5450 tenuit;
2311 5383 2368 5436 et
2395 5379 2644 5450 vineam,
2675 5397 2849 5452 quam
2865 5382 3260 5438 Imnacharius
3280 5385 3436 5454 colit,

1818 5475 2156 5532 dulcissimae
2196 5473 2352 5547 nepti
2389 5490 2534 5530 meae
2563 5476 2900 5530 Deorovarae
2931 5491 3062 5530 eum
3091 5475 3216 5548 ipso
3247 5479 3436 5532 Imna-

1817 5569 2010 5626 chario
2035 5568 2247 5624 habere
2266 5567 2554 5640 praecipio.
2572 5568 2997 5640 Vineaplantas,
3012 5569 3110 5641 qui
3133 5573 3264 5625 sunt
3277 5586 3438 5625 secus

1816 5661 2044 5716 vineam
2079 5661 2344 5731 Sevilam,
2386 5659 2711 5718 dulcissimo
2755 5661 2950 5734 nepoti
2985 5677 3118 5718 meo
3151 5661 3433 5718 Berterico

1815 5753 2030 5810 habere
2059 5754 2349 5827 praecipio.
2383 5754 2563 5810 Vinea
2589 5771 2762 5828 quem
2781 5754 3127 5811 Vincimalus
3153 5755 3214 5808 in
3233 5753 3430 5806 monte

1814 5845 2162 5905 Vultoricino
2189 5848 2342 5918 colit,
2371 5852 2428 5905 et
2445 5849 2655 5924 puella,
2689 5848 2927 5906 nomine
2947 5841 3348 5909 Sunnechilde,
3373 5840 3430 5894 et
