3970 6410
493 422 596 478 433

1283 417 1616 472 APPENDIX
1651 417 1738 472 AD
1773 417 1992 471 OPERA
2029 417 2263 472 SANCTI
2301 418 2598 474 GERMANI
2637 417 3062 474 PARISIENSIS.

3764 418 3882 473 436

497 527 704 586 ancilla
726 524 963 583 nomine
981 521 1196 593 Iverim,
1219 539 1350 579 cum
1368 521 1486 579 ﬁlio
1498 522 1756 580 Leudino
1777 521 2121 578 dulcissimm
2143 533 2202 609 Α
2221 525 2417 582 harius
2447 524 2709 581 similiter
2732 540 2864 580 cum
2894 524 3070 578 boves
3100 524 3165 577 ut
3183 521 3453 578 laborent
3469 522 3680 594 jubeo,
3711 524 3885 581 unde

496 639 652 679 norm
676 635 824 676 mem
844 620 1162 673 Bertovarm
1178 618 1392 673 habere
1408 617 1606 690 jubeo.
1629 620 1770 672 Item
1791 615 2117 673 dulcissimo

497 714 690 786 nepoti
713 729 845 767 meo
871 711 1206 782 Bertegisilo
1231 710 1498 766 ichriario
1527 714 1828 782 argenteo,
1861 713 1920 766 et
1947 726 2114 766 man-

495 807 642 879 cipia
669 805 758 860 his
789 805 1154 873 nominebus,
1183 804 1506 873 Sunniulfo,
1539 807 1598 859 et
1635 820 1832 860 sorore
1875 803 1998 875 ejus
2023 803 2116 860 Gi-

492 905 798 972 bethrude,
828 907 886 959 et
915 903 1060 960 ﬁlias
1097 903 1413 972 Anthimio,
1447 907 1505 958 et
1531 901 1648 958 ﬁlio
1678 903 2000 958 The.........
2029 920 2119 958 nm

485 1001 720 1073 juniore
769 999 982 1054 habere
1028 998 1332 1052 constituo.
1377 996 1543 1068 Nepti
1595 1013 1742 1051 mem
1783 999 2118 1052 Deorovarm

493 1095 730 1150 scutella
761 1095 1038 1162 argentea
1067 1090 1394 1160 cruciolata,
1423 1094 1481 1146 et
1499 1089 1788 1162 mancipia
1815 1090 1905 1145 his
1930 1090 2118 1145 nomi-

495 1189 695 1256 nebus,
730 1185 1134 1242 Tanechildem
1179 1185 1644 1256 lmnegunthem,
1685 1183 2116 1255 lmnegisilum;

493 1285 553 1338 et
574 1279 810 1336 lectaria
835 1279 910 1335 ad
933 1279 1084 1334 lecto
1111 1294 1227 1332 uno
1255 1277 1352 1349 qui
1380 1277 1590 1332 melior
1613 1276 1806 1345 fuerit,
1840 1281 1898 1331 et
1940 1293 2118 1348 puero

495 1374 731 1430 nomine
769 1371 1162 1438 Gundofredo,
1197 1374 1255 1426 et
1300 1370 1508 1425 ancilla
1555 1371 1789 1425 nomine
1832 1369 2116 1441 Theigun-

495 1468 652 1536 dem,
706 1482 934 1522 necnon
967 1469 1026 1520 et
1062 1465 1252 1536 puella
1293 1463 1526 1519 nomine
1554 1463 1968 1518 Andechildem
1995 1463 2120 1518 dari

493 1561 799 1616 constituo.
831 1557 1169 1614 Dulcissimo
1208 1557 1404 1628 nepoti
1439 1573 1570 1612 meo
1598 1556 1902 1624 Berterico,
1939 1573 2119 1627 puero

494 1653 729 1710 nomine
757 1651 1068 1722 Medigisilo
1101 1651 1314 1706 habere
1334 1649 1533 1721 jubeo.

563 1745 827 1803 Baselicis
856 1743 1175 1800 constitutis
1193 1742 1459 1810 Parisius,
1487 1742 1546 1797 id
1583 1745 1670 1796 est
1701 1741 1965 1798 baselicm
1998 1759 2122 1798 san-

491 1840 565 1897 cti
584 1838 758 1907 Petri,
786 1837 946 1893 urcio
966 1839 1244 1907 argenteo
1265 1837 1492 1892 valente
1515 1835 1744 1891 soledus
1760 1835 2038 1903 duodece,
2063 1839 2122 1891 et

489 1935 626 1989 ﬁbla
649 1903 826 1988 aurea
868 1903 1163 2002 gemmata
1190 1929 1266 1985 ad
1289 1932 1488 1984 mento
1515 1928 1640 1983 dari
1685 1929 1989 1984 constituo.
2015 1929 2119 1984 Ba-
2139 1903 2196 1974 B

395 2085 410 2097 ,
491 2027 678 2081 selicm
700 2025 932 2079 domum
959 2023 1146 2079 Marim
1174 2025 1411 2092 gravata
1443 2024 1720 2091 argentea
1755 2022 1981 2076 valente
2013 2023 2116 2077 sol.

495 2118 774 2186 duodece,
803 2119 862 2170 et
889 2132 1054 2170 cruce
1088 2131 1266 2171 aurea
1288 2116 1516 2170 valente
1537 2114 1641 2170 sol.
1665 2117 1845 2185 septe,
1878 2113 2003 2169 dari
2025 2115 2118 2184 ju-

492 2211 623 2266 beo.
653 2207 918 2264 Baselicm
944 2206 1140 2263 domni
1169 2207 1389 2263 Stefani
1411 2207 1583 2262 anolo
1619 2223 1794 2262 aureo
1847 2206 2120 2278 nigellato

492 2304 717 2358 valente
739 2302 842 2356 sol.
877 2303 1144 2373 quatuor,
1172 2299 1296 2354 dari
1325 2301 1474 2355 volo.
1502 2299 1751 2355 Basilicm
1770 2299 1970 2355 domni
1991 2301 2123 2354 Ger-

492 2397 610 2450 vasi
643 2397 816 2451 anolo
855 2411 1053 2462 aureo,
1105 2409 1322 2448 nomen
1357 2409 1553 2448 meum
1600 2393 1657 2446 in
1698 2409 1758 2446 se
1807 2393 2120 2448 habentem

490 2489 783 2557 scribtum,
812 2488 936 2544 dari
963 2487 1253 2560 prmcipio.
1279 2486 1542 2541 Baselicm
1583 2485 1764 2541 sancti
1804 2486 2123 2542 Sinsuriani

493 2583 644 2654 (Sic),
664 2581 722 2637 in
754 2599 867 2654 qua
897 2581 1066 2636 bonm
1091 2579 1508 2635 recordationis
1538 2579 1686 2634 ﬁlius
1713 2595 1876 2634 meus
1906 2581 2123 2634 Deoro-

489 2673 1036 2747 valdus'requiescit,
1066 2675 1234 2729 freno
1260 2673 1488 2727 valente
1514 2673 1618 2727 sol.
1653 2671 1932 2739 duodece,
1959 2675 2019 2727 et
2037 2689 2126 2727 ca-

488 2768 642 2823 ballo
670 2770 871 2834 strato,
901 2769 960 2822 et
985 2781 1220 2821 carruca
1236 2765 1296 2819 in
1317 2781 1432 2835 qua
1453 2764 1655 2818 sedere
1675 2763 1963 2831 consuevi,
1991 2781 2122 2818 cum

491 2862 700 2927 boves;
724 2862 782 2914 et
827 2857 1063 2914 lectaria
1093 2874 1225 2913 cum
1257 2857 1415 2912 omni
1452 2859 1702 2911 stratura
1727 2873 1848 2924 sua,
1881 2873 1982 2928 pro
2023 2857 2122 2912 de-

491 2953 722 3009 votione
747 2968 881 3007 mea
907 2955 965 3005 et
1006 2951 1268 3022 requiem
1301 2949 1642 3006 Deorovaldi
1671 2949 1795 3004 dari
1834 2949 2123 3021 prmcipio.

492 3046 620 3101 Alia
649 3061 886 3100 carruca
911 3059 1045 3098 cum
1090 3043 1264 3098 boves
1294 3043 1381 3096 vel
1410 3041 1571 3097 omni
1607 3044 1857 3096 stratura
1884 3061 2005 3110 sua,
2033 3060 2125 3098 ec-

493 3137 667 3194 clisim
703 3135 809 3193 vici
854 3135 1258 3192 Boniciacinsis
1287 3135 1413 3190 dari
1439 3135 1638 3206 jubeo.
1667 3134 1941 3190 Similiter
1965 3135 2126 3192 villa-

495 3249 640 3298 rem,
687 3230 776 3285 cui
816 3229 1154 3284 vocabulum
1193 3231 1280 3282 est
1313 3229 1593 3295 Volonno,
1633 3243 1762 3282 cum
1801 3227 2124 3300 adjacentia

495 3341 617 3392 sua,
640 3341 811 3395 supra
845 3322 1067 3378 scribtm
1103 3321 1340 3376 ecclisim
1367 3320 1770 3388 Bonisiacinse,
1801 3338 1904 3392 pro
1930 3338 2120 3376 reme-

494 3417 655 3473 dium
700 3416 914 3473 animm
954 3431 1100 3470 mem
1141 3415 1356 3469 habere
1392 3414 1684 3486 prmcipio.
1736 3416 2122 3471 Sacrosanctm

495 3511 745 3565 ecclesim
772 3508 1014 3565 civitatis
1039 3508 1390 3564 Parisiorum
1421 3507 1686 3563 missorio
1713 3512 2012 3578 argenteo,
2031 3524 2122 3564 va-

492 3605 648 3659 lente
700 3605 804 3660 sol.
851 3601 1290 3674 quinquaginta,
1342 3601 1468 3655 dari
1525 3600 1814 3672 prmcipio.
1855 3601 2122 3656 Basclicm

495 3700 704 3753 sanctae
733 3698 941 3753 Cruces
969 3697 1058 3750 vel
1089 3694 1300 3750 Domni
1324 3693 1586 3749 Vincenti
1625 3694 1894 3750 cocliaria
1921 3710 2124 3765 argen-

495 3795 588 3846 tea
617 3791 755 3845 dece
783 3789 908 3845 dari
923 3789 1122 3859 jubeo.
1144 3787 1404 3842 Lectaria
1427 3803 1532 3859 par
1551 3803 1689 3854 uno,
1717 3789 1775 3840 et
1800 3786 2124 3842 vestimenti

495 3883 610 3938 mei
640 3883 870 3954 pareclo
897 3897 1012 3936 uno
1043 3880 1315 3935 fratribus
1341 3881 1416 3935 ad
1439 3880 1629 3934 minsa
1659 3879 1920 3934 baselicm
1943 3880 2127 3935 sancti

498 3975 718 4031 Dionisi
767 3974 892 4028 dari
934 3973 1225 4044 prmcipio.
1257 3972 1383 4027 Alia
1419 3974 1638 4043 pariclo
1681 3973 2012 4027 vestimenti
2051 3973 2127 4028 ad

497 4069 621 4122 vico
651 4065 949 4122 Bonisiaca
985 4065 1256 4120 fratribus
1285 4063 1409 4120 dari
1437 4065 1630 4138 464
1656 4065 1958 4120 constituo.
1991 4067 2126 4120 Ter-

501 4161 582 4216 tio
612 4159 826 4230 pariclo
864 4157 1191 4212 vestimenti
1231 4158 1439 4213 Emilia
1480 4159 1554 4213 ad
1598 4158 1719 4213 vico
1761 4159 1884 4213 dari
1925 4158 2124 4228 jubeo.

502 4255 645 4308 Item
676 4269 780 4323 pro
807 4251 1128 4306 remedium
1163 4268 1382 4306 anemm
1412 4269 1576 4319 mem,
1596 4253 1684 4306 vel
1717 4269 1783 4306 ex
1811 4252 2128 4329 demanda-

499 4346 663 4402 cionc
680 4346 848 4400 bonm
865 4345 1289 4400 recordacionis
1308 4345 1386 4399 ﬁli
1408 4345 1523 4400 mei
1545 4345 1886 4400 Deorovaldi
1911 4345 2126 4412 villam,

501 4435 591 4492 cui
617 4435 957 4491 vocabulum
989 4438 1075 4488 est
1099 4434 1410 4502 Latiniaco,
1445 4434 1553 4489 sita
1586 4434 1646 4488 in
1674 4435 1964 4488 territurio
1994 4435 2128 4488 Mel-

500 4529 682 4597 dinse,
705 4545 838 4583 cum
853 4527 1088 4598 campis,
1112 4527 1397 4584 colonecis
1417 4527 1491 4584 ad
1508 4527 1717 4583 eadem
1751 4527 2127 4599 pertinentes,

2221 620 2410 676 oblata
2451 619 2522 674 ad
2562 618 2811 674 baselica
2849 616 3030 672 sancti
3077 615 3400 672 Sinsuriani
3437 633 3548 689 pro
3592 618 3883 690 requiem

2218 712 2560 769 Deorovaldi
2607 711 2898 767 offeretur.
2931 709 3114 766 Simili
3141 711 3320 766 modo
3345 711 3534 766 vinem
3574 713 3886 784 pedatura

2219 825 2354 874 una,
2387 807 2494 862 sita
2521 805 2876 872 Tauriniaco,
2905 807 2964 860 et
2987 821 3164 876 quem
3189 804 3374 876 Pinpo
3404 805 3564 873 colit,
3595 806 3886 862 baselicm

2218 900 2516 958 Domni....
2541 899 2701 970 eorgi
2729 898 2994 970 (Georgii)
3023 898 3189 954 Cal...
3216 897 3392 970 (Gala)
3413 898 3541 954 dari
3562 900 3882 972 praecipio.

2218 995 2409 1051 Vinem
2455 993 2734 1065 pedatura
2763 1009 2899 1059 una,
2929 992 3038 1046 sita
3068 992 3129 1048 in
3174 995 3374 1047 monte
3417 993 3660 1061 Buxata,
3693 1010 3886 1065 quem

2217 1089 2408 1145 Juvius
2437 1086 2590 1154 colit,
2628 1085 2865 1141 ecclisim
2896 1085 3325 1140 Boninsiacinse
3371 1085 3499 1140 dari
3549 1087 3882 1142 constituo.

2219 1182 2416 1250 Vinea,
2445 1197 2620 1253 quem
2647 1179 2878 1235 Uvassio
2907 1179 3062 1247 colit,
3092 1195 3226 1234 cum
3248 1177 3374 1250 ipso
3405 1179 3753 1235 Uvassione.
3804 1221 3820 1234 .
3868 1220 3882 1234 .

2221 1385 2394 1440 quem
2430 1409 2443 1422 .
2488 1409 2501 1422 .
2547 1410 2559 1422 .
2607 1409 2619 1420 .
2665 1408 2677 1420 .
2723 1406 2736 1421 .
2781 1407 2794 1420 .
2839 1407 2852 1420 .
2881 1366 3070 1420 colere
3095 1365 3326 1432 debeat,
3359 1365 3633 1422 baselicm
3665 1366 3886 1422 domni

2221 1461 2558 1518 Sinsuriani.
2602 1501 2615 1514 .
2660 1500 2673 1514 .
2719 1500 2731 1514 .
2778 1500 2790 1513 .
2835 1499 2848 1512 .
2894 1499 2906 1513 .
2952 1499 2965 1512 .
3007 1459 3203 1513 oblata
3253 1499 3266 1512 .
3313 1499 3326 1513 .
3371 1500 3386 1514 .
3431 1500 3444 1513 .
3490 1501 3503 1513 .
3551 1499 3565 1514 .
3613 1501 3626 1514 .
3676 1501 3691 1514 .
3750 1461 3886 1514 dari

2220 1555 2524 1611 constituo.
2538 1552 2728 1607 Vinem
2747 1551 3026 1622 pedatura
3039 1567 3173 1619 una,
3189 1551 3298 1606 sita
3313 1551 3374 1607 in
3394 1556 3600 1608 monte
3627 1553 3886 1620 Blixata,

2222 1665 2394 1720 quem
2425 1645 2783 1702 Leudefredo
2813 1645 2966 1712 colit,
2987 1645 3250 1700 baselicm
3278 1645 3462 1700 sancti
3496 1687 3510 1700 .
3557 1687 3570 1700 .
3618 1687 3632 1701 .
3683 1687 3697 1700 .
3746 1687 3762 1700 .
3796 1663 3889 1701 ar-

2221 1741 2325 1797 tini
2351 1743 2494 1813 (ch.
2525 1738 2771 1809 Martini)
2813 1739 2863 1792 ci
2894 1741 3138 1809 perente
3179 1738 3304 1794 dari
3338 1739 3522 1810 jubeo
3555 1780 3570 1794 .
3620 1780 3634 1794 .
3684 1781 3698 1794 .
3750 1780 3765 1794 .
3808 1781 3823 1794 .
3873 1781 3887 1794 .

2221 1835 2558 1890 libertorum
2602 1848 2867 1888 meorum
2909 1848 3166 1887 nomena
3192 1831 3252 1887 in
3282 1873 3296 1887 .
3343 1873 3357 1888 .
3404 1873 3418 1888 .
3461 1873 3476 1888 .
3507 1836 3888 1888 testamento

2219 1928 2352 1984 abin
2385 1968 2400 1982 .
2443 1968 2457 1983 .
2503 1967 2516 1982 .
2561 1967 2574 1981 .
2622 1968 2635 1982 .
2667 1925 2739 1980 cti
2785 1925 3069 1980 constituo
3113 1925 3548 1998 Medibergane,
3585 1927 3887 1992 Honorio,

2217 2020 2672 2087 Gundileubane,
2714 2018 2908 2085 Piane,
2953 2018 3284 2074 Sumthulfo
3329 2019 3695 2087 Ciuccirane,
3748 2020 3890 2075 Hic-

2219 2113 2674 2181 chicione,Maxa
2726 2129 2899 2167 uxore
2935 2111 3279 2184 Chioberga,
3313 2112 3666 2181 Sinderedo,
3702 2114 3892 2185 Angi-

2221 2209 2374 2273 lone,
2419 2205 2775 2261 Leudefredo
2815 2222 2946 2260 cum
2989 2222 3164 2260 uxore
3200 2206 3589 2274 Vuandilone,
3618 2207 3890 2263 Chaide-

2221 2317 2386 2368 runa,
2410 2299 2779 2364 Childeruna,
2809 2299 3250 2370 Thrasteberga,
3282 2299 3761 2369 Theodachario,
3791 2301 3892 2355 Vi-

2223 2393 2358 2464 gilio
2385 2409 2516 2448 cum
2546 2409 2716 2447 uxore
2742 2391 3022 2458 Sunnine,
3049 2393 3275 2463 Agione
3302 2410 3435 2448 cum
3453 2394 3572 2448 ﬁlio
3593 2411 3706 2450 suo
3725 2396 3893 2450 Gari-

2222 2487 2381 2554 lulfo,
2409 2485 2724 2540 Vincimalo
2767 2502 2899 2539 cum
2946 2502 3120 2540 uxore
3158 2486 3454 2553 Maurella,
3481 2487 3708 2542 Mellita
3749 2503 3891 2543 cum

2221 2581 2338 2635 ﬁlio
2369 2596 2470 2634 suo
2491 2579 2744 2650 juniore,
2773 2578 3053 2634 Coccione
3079 2595 3212 2633 cum
3253 2579 3373 2634 ﬁlio
3422 2596 3526 2635 suo
3567 2580 3889 2652 Daigisilo,

2222 2673 2503 2729 Mudilane
2533 2688 2666 2726 cum
2693 2671 2822 2726 ﬁliis
2851 2671 2965 2726 suis
2992 2671 3331 2742 Munegisilo
3359 2676 3418 2727 et
3452 2673 3890 2741 Monechrude,

2222 2765 2528 2833 Acchione,
2561 2766 2814 2828 Bonane,
2843 2764 3290 2832 Leubosaintho,
3319 2765 3548 2821 Gibulfo
3570 2767 3703 2822 filio
3725 2768 3891 2839 Vigi-

2225 2859 2321 2913 lio.
2351 2861 2764 2925 Dommoruna,
2794 2857 3248 2926 Childerimane,
3282 2858 3528 2926 Basone,
3571 2859 3893 2932 Childegi-

2225 2953 2363 3018 selo,
2397 2951 2837 3022 Childegunthe.
2871 2950 3187 3007 Chrodulfo
3217 2993 3231 3007 .
3277 2993 3292 3006 .
3339 2994 3353 3008 .
3400 2993 3414 3007 .
3439 2951 3638 3026 465
3677 2953 3896 3009 Sinde-

2224 3045 2498 3115 bergane,
2557 3043 2932 3111 Monechilde,
2984 3045 3260 3112 Eterno,
3313 3044 3722 3114 Bauderuna;
3785 3049 3894 3103 hos

2226 3153 2432 3192 omnes
2482 3153 2613 3192 cum
2645 3136 2804 3192 omni
2853 3136 3145 3208 peculiare
3185 3154 3409 3205 eorum,
3457 3142 3582 3193 tam
3623 3143 3890 3209 areolas,

2225 3230 2515 3301 hospitio],
2539 3230 2872 3296 ahortellus,
2899 3211 2988 3283 vel
3009 3230 3286 3298 vineolas,
3315 3234 3529 3287 etcum
3549 3232 3610 3286 id
3631 3235 3807 3304 quod
3833 3235 3893 3289 in

2225 3323 2568 3395 quibuslibet
2595 3323 2766 3377 rebus
2795 3323 3008 3378 habere
3038 3323 3327 3392 videntur,
3361 3324 3577 3380 liberos
3630 3327 3892 3382 liberas-

2222 3433 2332 3488 que
2363 3433 2486 3470 esse
2513 3415 2812 3486 prmcipio;
2845 3420 2903 3470 et
2918 3415 3202 3487 quidquid
3229 3417 3438 3472 exinde
3469 3419 3667 3474 facere
3690 3423 3896 3476 voluc-

2222 3510 2356 3576 rint,
2383 3509 2638 3563 habeant
2664 3508 2910 3563 liberam
2941 3512 3313 3580 potestatem.

2293 3602 2571 3658 Similiter
2609 3602 2934 3656 Mumolane
2969 3619 3102 3657 cum
3134 3603 3298 3657 omni
3325 3603 3625 3674 peculiare
3655 3623 3770 3664 suo
3801 3609 3894 3664 in-

2225 3712 2480 3766 genuum
2503 3712 2626 3750 esse
2643 3695 2912 3766 prmcipio
2937 3713 2950 3750 :
2970 3696 3286 3752 luminaria
3300 3700 3530 3752 tantum
3544 3698 3605 3753 in
3635 3703 3894 3758 ecclesia

2226 3788 2520 3843 Bonisiaca
2567 3787 2895 3843 ministrare
2944 3788 3192 3844 stodeat.
3235 3791 3694 3848 Vualacharium
3755 3813 3893 3851 cum

2225 3882 2387 3936 omni
2419 3881 2706 3953 peculiare
2729 3897 2853 3948 suo,
2869 3884 3080 3936 etcum
3099 3881 3276 3936 boves
3297 3899 3443 3954 quos
3458 3884 3712 3956 bajolat,
3729 3887 3896 3960 inge-

2226 3991 2405 4029 nuum
2430 3992 2498 4030 ea
2528 3974 2867 4030 condicione
2894 3991 3017 4028 esse
3040 3974 3244 4046 jubeo,
3273 3979 3336 4031 ut
3361 3976 3520 4047 ligna
3541 3982 3791 4036 tantum
3821 3983 3896 4037 ad

2228 4069 2418 4122 oblata
2443 4067 2774 4122 faciendum
2801 4067 3132 4130 ministrare
3164 4075 3456 4140 procuret.
3499 4071 3895 4131 Gundefredo

2227 4177 2358 4215 cum
2383 4161 2557 4216 boves
2573 4160 2717 4215 duos
2744 4161 3007 4216 laborare
3027 4162 3320 4234 prmcipio,
3345 4163 3502 4220 unde
3531 4181 3673 4222 cera
3695 4169 3776 4224 ad
3799 4171 3897 4224 ba-

2229 4253 2400 4308 selica
2447 4254 2647 4310 domni
2692 4254 3011 4310 Sinsuriani
3056 4259 3450 4328 comparetur.
3504 4259 3894 4328 Martiniano,

2227 4347 2605 4402 Theoderuna
2644 4363 2776 4402 cum
2813 4347 2930 4402 ﬁlio
2975 4365 3078 4403 suo
3115 4349 3366 4418 seniore,
3400 4368 3534 4406 cum
3583 4357 3895 4424 peculiare

2230 4457 2452 4509 eorum,
2474 4441 2619 4495 sicut
2635 4457 2806 4512 supra
2829 4441 3421 4512 scribtibenemereti,
3445 4444 3754 4518 ingenuos
3769 4469 3894 4506 esse

2223 4533 2420 4604 jubeo.
2453 4533 2635 4588 Simili
2659 4533 2835 4588 modo
2866 4551 2969 4605 pro
3015 4535 3343 4592 remedium
3374 4537 3594 4594 animm
3625 4558 3811 4611 mem,
3842 4549 3898 4598 et

499 4639 631 4678 cum
661 4622 840 4694 pratis
869 4621 1109 4693 pascuis,
1139 4620 1310 4688 silvis,
1334 4623 1420 4676 vel
1448 4621 1610 4676 omni
1629 4621 1761 4692 jure
1792 4625 1850 4677 et
1879 4621 2128 4678 termino
2148 4629 2208 4701 Ι)
2231 4643 2298 4680 ex
2323 4625 2773 4681 demandatione
2803 4627 2884 4681 ﬁli
2902 4627 3016 4682 mei
3042 4630 3405 4698 Deorovaldi,
3438 4632 3713 4703 Gygonc,
3760 4637 3901 4709 Sep—

501 4733 626 4782 suo,
656 4715 790 4786 quia
809 4715 868 4770 in
895 4714 1159 4786 portione
1187 4731 1358 4786 supra
1383 4715 1692 4770 memorati
1715 4714 1818 4768 ﬁlii
1845 4715 1960 4768 mei
1979 4715 2127 4770 Deo-

501 4807 720 4864 rovaldi
766 4807 1024 4876 obvenit,
1075 4823 1206 4862 cum
1252 4807 1414 4862 omni
1469 4807 1800 4878 integritate
1866 4807 2127 4863 baselicm

501 4901 684 4957 sancti
709 4899 1048 4969 Sinsuriani,
1083 4899 1178 4954 ubi
1212 4901 1504 4972 sepultura
1532 4901 1748 4955 habere
1791 4899 2127 4971 dinuscitur,

501 5011 604 5066 pro
633 4994 896 5066 requiem
919 4993 1042 5066 ejus
1069 4993 1196 5048 dari
1215 4993 1504 5064 praccipio.
1533 4993 1811 5048 Similiter
1844 4993 2127 5064 porcario,

501 5086 736 5142 nomine
765 5087 1064 5155 Gudilane,
1111 5103 1242 5141 cum
1275 5086 1498 5158 gregim
1532 5103 1858 5158 porcorum,
1891 5091 1950 5141 et
1987 5087 2128 5142 Bau-

504 5181 744 5234 domere
767 5196 897 5234 eum
921 5179 1144 5251 gregim
1169 5179 1380 5248 ovium,
1405 5183 1462 5234 et
1481 5184 1686 5252 troppo
1706 5181 2129 5252 jumentorum,

505 5272 602 5343 qui
634 5275 766 5326 sunt
797 5271 870 5325 ad
899 5289 1071 5343 supra
1113 5273 1324 5345 scripta
1352 5272 1482 5328 villa
1516 5273 1828 5342 Latiniaco,
1871 5274 2130 5346 supradi-

504 5367 610 5419 ctm
629 5364 893 5419 baselicm
917 5365 1095 5420 sancti
1127 5365 1446 5422 Sinsuriani
1466 5367 1681 5422 habere
1698 5367 1896 5438 jubeo.

576 5458 854 5514 Goderico
884 5463 942 5514 et
963 5460 1283 5518 Gunderico
1310 5461 1370 5516 in
1399 5478 1571 5534 supra
1597 5461 1870 5532 scriptam
1915 5463 2129 5531 villam,

504 5568 678 5626 quem
707 5551 966 5608 baselicm
988 5553 1188 5610 domni
1214 5554 1535 5612 Sinsuriani
1562 5553 1829 5624 deligavi,
1861 5555 1942 5611 ita
1955 5557 2132 5626 jubeo

502 5650 565 5702 ut
597 5645 878 5717 laborent,
912 5648 1064 5703 unde
1100 5648 1175 5704 ad
1225 5649 1349 5719 ipsa
1392 5646 1642 5702 basileca
1679 5645 1871 5703 oblata
1912 5648 2135 5704 cotidim

503 5739 878 5796 ministretur.
902 5741 1180 5796 Leudulfo
1197 5756 1329 5795 cum
1346 5739 1534 5809 vinea,
1563 5754 1737 5810 quem
1759 5739 2024 5798 Sabucito
2046 5758 2138 5797 co-

499 5833 582 5901 lit,
611 5833 685 5889 ad
716 5833 990 5902 oraturio,
1020 5833 1120 5904 qui
1149 5833 1236 5887 est
1259 5831 1320 5887 in
1349 5831 1484 5887 villa
1513 5829 1825 5898 Latiniaco,
1859 5833 2012 5889 unde
2036 5834 2137 5890 ibi-

505 5926 638 5981 dem
673 5926 866 5980 oblata
887 5927 1169 5993 occurrat,
1198 5923 1324 5979 dari
1348 5925 1494 5981 volo.
1523 5923 1852 5992 Baudulfus,
1876 5925 2138 5984 Sumtha-

2227 4718 2428 4774 teredo
2445 4735 2574 4773 cum
2600 4736 2776 4774 uxore
2803 4719 3131 4790 Goderuna,
3158 4722 3576 4794 Theodonivia,
3601 4727 3902 4785 Baudoni-

2228 4811 2337 4879 via,
2365 4813 2606 4878 Carano,
2635 4813 2879 4868 Patricio
2914 4829 3048 4868 cum
3079 4832 3256 4871 uxore
3293 4817 3564 4886 Eusebia,
3597 4807 3898 4894 ‘Dagarico

2229 4921 2359 4959 cum
2385 4921 2560 4960 uxore
2594 4907 2900 4972 Aurovefa,
2933 4907 3290 4977 Ciuncileno,
3333 4910 3740 4971 Blidemundo
3763 4935 3896 4972 cum

2231 4998 2346 5052 ﬁlia
2385 4997 2754 5066 Blidechilde,
2784 4999 3129 5068 Manileubo,
3181 5003 3499 5072 Trasilane,
3547 5007 3895 5076 Eumundo,

2231 5091 2533 5145 lmneredo
2590 5107 2721 5146 cum
2765 5109 2940 5147 uxore
2987 5093 3238 5165 Torigia,
3298 5096 3612 5166 Chadulfo,
3669 5104 3896 5170 Aridia,

2230 5184 2572 5253 Rocculane,
2603 5184 3311 5254 Babiccono,Gunthivera
3335 5207 3349 5256 ;
3373 5191 3482 5245 hos
3513 5208 3734 5250 omnes
3765 5215 3895 5252 cum

2233 5277 2393 5331 omni
2422 5277 2728 5348 peculiare,
2764 5280 2884 5333 tam
2921 5281 3165 5348 areolas,
3215 5298 3394 5352 quam
3431 5283 3791 5358 hospiciola,
3818 5291 3896 5344 vi-

2235 5371 2430 5425 neolas
2457 5371 2544 5424 vel
2565 5371 2861 5439 hortellus,
2895 5388 3026 5427 cum
3044 5373 3105 5428 id
3131 5374 3288 5445 quod
3309 5379 3593 5447 prmsenti
3620 5383 3897 5455 tempore

2233 5463 2448 5518 habere
2477 5463 2762 5530 videntur,
2789 5463 3080 5535 ingenuus
3099 5483 3226 5523 esse
3261 5469 3578 5538 constituo,
3605 5473 3893 5532 Baudulfo

2235 5553 2736 5626 etSumthahario,
2767 5573 2898 5612 cum
2929 5558 3105 5614 boves
3130 5577 3276 5632 quos
3295 5561 3588 5633 bajolant,
3618 5567 3893 5628 laborare

2235 5649 2521 5721 praecipio,
2547 5649 2700 5705 unde
2721 5650 2918 5706 oblata
2945 5650 3018 5706 ab
3042 5651 3297 5709 baselica
3323 5655 3536 5712 Domni
3558 5657 3891 5718 Sinsuriani

2228 5741 2448 5814 jugiter
2472 5743 2851 5799 ministretur.
2898 5745 2984 5800 Ita
3024 5744 3122 5814 do,
3151 5747 3234 5803 ita
3259 5745 3402 5819 ligo,
3439 5748 3524 5805 ita
3574 5755 3790 5825 testor,
3818 5757 3891 5810 ita

2236 5851 2335 5890 vos
2364 5835 2506 5892 mihi
2537 5835 2770 5901 Quiritis
2808 5835 3206 5894 testimonium
3245 5839 3658 5913 perhibetote;
3709 5849 3888 5910 eiteri,

2236 5928 2542 6004 citermque
2565 5929 2831 6001 proximi,
2859 5930 3272 6005 proximmque,
3295 5933 3614 5994 exheredis
3639 5942 3796 6000 mihi
3815 5959 3888 5997 es-
