3970 6420
174 419 262 474 i3?
825 423 914 478 AD
957 423 1440 480 PRzECEDENTlA
1477 425 1806 482 LITURGLE
1843 426 2254 484 MONUMENTA
2291 430 2624 488 APPENDIX
2660 433 2885 489 PRIMA.

3417 439 3521 495 438

168 535 284 589 tote
313 547 328 588 :
363 532 694 606 proculque
721 533 994 591 habetote
1027 534 1071 590 si
1099 551 1228 607 quae
1251 533 1436 590 lituras
1459 535 1549 590 vel
1579 551 1808 594 caraxa-
1832 545 1892 619 Α
1914 535 2224 593 Germania
2249 538 2431 592 Pratis
2455 554 2606 603 mss.,
2632 541 2791 604 ibid.,
2826 542 2887 595 in
2919 538 3079 597 Coma
3109 543 3364 616 Domini).
3397 545 3530 602 Post

168 632 309 684 tura:
336 627 398 682 in
431 627 548 683 hoc
571 631 926 685 testamento
956 645 1088 684 meo
1121 633 1273 698 sunt,
1296 645 1404 701 ego
1429 629 1538 686 feci
1569 630 1809 704 fierique

167 721 440 794 praecipi,
487 721 630 776 dum
679 721 824 778 mihi
870 721 1076 794 saepius
1116 723 1268 778 volui
1320 721 1622 778 recenseri.
1661 723 1811 780 Addi

167 815 348 870 etiam
389 815 691 885 constitui,
728 815 775 871 si
809 815 936 887 quis
973 819 1173 871 contra
1211 817 1364 870 hunc
1398 819 1809 872 testamentum

166 907 367 963 venire
385 909 660 977 voluerit,
685 912 785 965 aut
801 911 1160 964 voluntatem
1184 925 1377 964 meam
1398 909 1458 964 in
1479 909 1670 982 aliquo
1691 927 1811 966 cor-

165 1018 448 1072 rumpere
473 1002 868 1073 temptaverit,
901 1019 935 1056 a
962 1001 1368 1058 communione
1396 1003 1658 1058 omnium
1677 1019 1807 1058 san-

165 1097 400 1150 ctorum
429 1099 492 1150 et
521 1111 556 1150 a
578 1094 905 1150 limenebus
931 1094 1298 1150 ecclesiarum
1317 1095 1612 1151 efficeatur
1632 1097 1812 1152 extra-

166 1204 333 1255 nens,
373 1191 435 1242 et
471 1187 712 1259 insuper
746 1189 880 1243 ante
911 1188 1162 1245 tribunal
1187 1188 1396 1244 Christi
1419 1189 1810 1245 anathimatus

165 1283 542 1352 permaneat.
560 1283 766 1336 Actum
785 1279 1032 1335 Parisius
1053 1281 1155 1336 sub
1173 1280 1266 1336 die
1283 1283 1341 1336 et
1355 1284 1615 1352 tempore
1637 1298 1810 1354 supra

164 1373 406 1444 scripto.
423 1373 673 1444 Signum
685 1382 724 1446 -ι-
741 1373 1220 1428 Erminethrudiae
1240 1373 1562 1429 testatricis.
1585 1374 1622 1436 -ιι
1635 1377 1810 1430 Mum-

163 1467 360 1520 molus
408 1483 588 1533 com.,
637 1469 883 1538 rogante
927 1469 986 1520 et
1031 1468 1314 1538 prmsente
1361 1467 1805 1535 Ermenthrude,

162 1559 322 1614 hunc
345 1561 768 1614 testamentum
795 1559 947 1614 subs.
971 1559 1220 1630 Scupilio
1243 1559 1543 1631 spatarius,
1566 1563 1807 1630 rogante

162 1651 682 1718 Erminethrudiae,
711 1651 843 1706 huic
869 1653 1284 1706 testamentum
1314 1651 1464 1705 subs.
1494 1668 1590 1706 no.
1623 1651 1715 1706 die
1751 1654 1810 1705 et

161 1761 324 1799 anno
369 1744 582 1814 quibus
620 1761 812 1815 supra.
845 1743 1248 1816 Munegiselus,
1283 1746 1525 1813 rogante
1567 1747 1626 1798 et
1659 1759 1806 1814 prai-

161 1839 330 1892 sente
358 1835 896 1903 Ermminethrude,
919 1837 1072 1891 hunc
1099 1839 1515 1891 testamentum
1535 1837 1664 1890 test.
1683 1877 1696 1890 .
1720 1877 1733 1890 .
1755 1877 1768 1891 .
1791 1877 1804 1890 .

161 1947 261 1985 no.
291 1929 394 1984 die
427 1933 489 1983 et
513 1928 712 2002 466
740 1901 894 1984 anno
928 1928 1132 2000 quibus
1159 1945 1350 2000 supra.
1389 1927 1808 1983 Baudacharius
1827 1901 1884 1972 B

160 2023 450 2079 defensor
483 2023 638 2077 subs.
668 2021 944 2077 Eusebius
983 2025 1218 2093 rogatus
1259 2022 1330 2077 ab
1363 2020 1808 2076 Erminethrude

159 2117 322 2171 hunc
353 2118 774 2172 testamentum
807 2116 1024 2187 scripsi,
1057 2115 1238 2186 relegi
1266 2117 1324 2170 et
1351 2114 1502 2170 subs.

231 2213 324 2265 Εω
351 2214 674 2265 testamento
697 2212 874 2266 sancti
899 2211 1128 2276 Remigii
1144 2209 1461 2265 Rhemorum
1483 2209 1735 2278 episcopi.

232 2304 350 2358 Vas
383 2307 736 2374 argenteum
767 2304 971 2358 decem
1003 2305 1061 2356 et
1091 2304 1217 2357 octo
1246 2301 1523 2356 librarum
1553 2301 1704 2356 inter
1727 2303 1806 2370 to,

161 2397 338 2450 heres
385 2411 524 2450 mea
565 2395 823 2466 (Ecclesia
862 2394 1191 2464 Rhemensis)
1232 2397 1289 2448 et
1322 2393 1612 2448 dioecesim
1647 2395 1807 2448 tuam

163 2488 480 2544 ecclesiam
509 2489 971 2555 Laudunensem,
997 2487 1162 2543 factis
1187 2487 1270 2558 (id
1295 2492 1374 2540 est
1397 2486 1686 2558 faciendis)
1713 2503 1809 2557 pa-

163 2581 317 2636 tenis
344 2583 526 2652 atque
551 2581 824 2636 calicibus
845 2581 919 2635 ad
947 2579 1332 2634 ministerium
1360 2581 1804 2646 sacrosanctum,

159 2677 342 2746 prout
377 2673 558 2741 valui,
599 2676 715 2730 Deo
753 2675 1046 2728 annuente
1077 2671 1358 2726 distribui.
1391 2671 1562 2726 Aliud
1589 2688 1686 2726 vas
1714 2688 1804 2726 ar-

158 2771 474 2838 genteum,
507 2766 666 2838 quod
703 2765 848 2820 mihi
885 2768 1138 2821 Domnus
1173 2763 1406 2818 illustris
1435 2763 1808 2820 Chludovicus

155 2861 368 2931 (quem
404 2859 478 2913 de
519 2875 682 2914 sacro
716 2858 1079 2930 baptismatis
1116 2858 1275 2912 fonte
1312 2856 1552 2928 suscepi)
1589 2857 1807 2914 donare

157 2953 448 3023 dignatus
469 2955 575 3019 est,
599 2951 706 3006 tibi
730 2951 932 3006 heredi
953 2967 1100 3004 mea:
1127 2949 1379 3004 ecclesia:
1401 2966 1572 3021 supra
1591 2966 1809 3005 memo-

155 3049 307 3100 ratae
319 3043 505 3114 jubeo
528 3043 869 3099 turriculum
893 3046 951 3098 et
969 3042 1352 3114 imaginatum
1376 3042 1614 3098 calicem
1637 3042 1710 3114 (a)
1729 3043 1808 3098 fa-

155 3137 403 3194 bricari.
446 3178 460 3192 .
504 3178 518 3190 .
558 3178 572 3191 .
610 3136 872 3202 Vineam,
903 3152 1079 3206 quam
1117 3135 1491 3190 Bebrimodus
1519 3135 1673 3202 facit,
1704 3134 1807 3190 tibi

156 3233 414 3286 eatenus
439 3229 804 3301 derelinquo,
829 3231 892 3283 ut
913 3228 1114 3283 diebus
1138 3227 1296 3282 festis
1323 3231 1380 3282 et
1405 3227 1674 3282 omnibus
1692 3228 1802 3282 Do-
1826 3259 1880 3332 Ο

155 3323 422 3390 minicis,
441 3322 619 3378 sacris
640 3321 917 3376 altaribus
935 3337 1067 3376 mea
1084 3319 1360 3376 offeratur
1379 3319 1590 3375 oblatio
1605 3319 1700 3391 (b).
1718 3361 1730 3374 .
1752 3361 1765 3375 .
1789 3360 1802 3375 .

153 3417 415 3472 Vineam
447 3415 544 3484 do,
578 3430 756 3486 quam
785 3414 950 3486 posui
973 3413 1348 3480 Vindonissae,
1381 3413 1484 3466 sub
1511 3429 1580 3468 ea
1607 3411 1804 3468 condi-

154 3510 349 3578 tione,
381 3511 446 3563 ut
479 3525 514 3563 a
553 3507 815 3579 patribus
845 3506 980 3574 suis,
1013 3505 1280 3562 omnibus
1313 3505 1514 3560 diebus
1547 3505 1704 3560 festis
1741 3521 1808 3560 ac

149 3601 503 3670 Dominicis,
533 3617 642 3672 pro
674 3599 1230 3655 commemoratione
1261 3615 1392 3653 mea
1422 3598 1595 3654 sacris
1620 3597 1808 3654 altari-

149 3696 268 3751 bus
299 3693 586 3750 offeratur
615 3693 853 3748 oblatio.

509 3810 599 3864 Vl.
641 3823 963 3864 FRAGMENTA
1002 3821 1470 3862 CEREMONIALIUM.

147 3909 233 3960 De
279 3905 544 3974 passione
604 3916 716 3955 non
766 3901 1011 3974 legenda
1062 3901 1336 3974 Dominica
1384 3898 1696 3952 Palmarum
1745 3899 1806 3952 in

699 3971 880 4026 missis
915 3972 1154 4040 privatis
1199 3969 1281 4039 (ο).

229 4065 547 4122 Dominica
575 4063 636 4118 in
661 4062 892 4118 Palmis.
919 4103 932 4116 .
966 4103 978 4116 .
1007 4103 1020 4116 .
1053 4103 1066 4116 .
1096 4060 1434 4117 Sacerdotes
1459 4059 1532 4114 ad
1558 4059 1805 4130 privatas

149 4161 376 4216 missas
413 4173 598 4212 unam
642 4158 870 4210 tantum
917 4154 1229 4210 Collectam
1277 4152 1498 4218 dicant;
1545 4153 1800 4224 Evange-

146 4255 305 4309 lium
345 4269 361 4306 :
395 4251 532 4306 Cum
565 4251 1098 4319 appropinquasset;
1135 4246 1462 4318 passionem
1500 4246 1688 4299 nullus
1721 4247 1801 4299 le-

145 4349 282 4418 gat,
307 4343 422 4399 nisi
452 4343 664 4398 fratres
689 4341 791 4414 qui
816 4341 876 4396 in
906 4339 1109 4396 formis
1134 4340 1387 4394 cantant.
1417 4338 1801 4409 (Lanfrancus,

146 4443 211 4494 in
247 4441 460 4493 Decret.
483 4451 592 4505 pro
617 4434 736 4489 0rd.
765 4435 944 4490 sancti
963 4432 1186 4494 Bened.,
1207 4447 1340 4502 pag.
1373 4431 1541 4501 260.).

227 4533 297 4586 1n
318 4528 526 4584 Ramis
541 4528 872 4582 Palmarum
891 4525 964 4580 ad
981 4523 1380 4579 matutinalem
1403 4523 1640 4578 missam
1662 4539 1804 4578 non-

1908 627 2162 684 Primam
2185 629 2450 686 dicentur
2465 635 2690 704 septem
2714 633 2940 704 psalmi,
2965 638 3022 689 et
3041 635 3304 706 Letania;
3327 642 3528 710 postea

1907 721 2200 778 veniemus
2255 741 2473 794 sessum
2524 723 2712 798 467
2763 725 2822 780 in
2873 727 3139 784 claustro.
3191 729 3528 788 Sacerdotes

1908 813 2072 870 ibunt
2106 815 2320 871 dictum
2358 817 2562 873 missas
2597 835 2747 888 suas,
2785 822 2844 873 et
2881 835 3083 875 omnes
3123 821 3336 878 debent
3379 825 3525 880 cele-

1907 907 2075 963 brare
2103 908 2195 964 die
2224 909 2348 978 illa;
2378 913 2435 966 et
2461 911 2836 968 celebrabunt
2863 911 2986 967 sine
3015 913 3170 985 igne.

1908 1023 2018 1078 VII.
2087 1039 2272 1080 PASSIO
2343 1042 2773 1084 BEATISSIMORUM
2847 1044 3138 1087 MARTYRUM

2519 1112 2916 1155 CANTIANORUM.

1978 1190 2066 1243 Ea:
2091 1203 2192 1243 ms.
2221 1187 2409 1244 Codice
2432 1191 2541 1244 viri
2567 1191 2858 1247 clarissimi
2891 1193 3060 1248 Ulrici
3090 1195 3339 1251 Obrechti
3362 1195 3456 1268 (d).

1979 1271 2186 1336 Omnia
2215 1280 2279 1353 (e)
2311 1297 2438 1352 quae
2465 1298 2499 1337 a
2529 1283 2736 1338 sanctis
2761 1287 2923 1355 gesta
2952 1289 3084 1340 sunt
3115 1287 3203 1341 vel
3229 1291 3528 1358 geruntur,

3209 1046 3526 1090 SANCTORUM

1909 1372 1955 1426 si
1985 1373 2112 1444 quis
2138 1373 2378 1429 voluerit
2405 1374 2654 1429 studiose
2684 1377 3038 1447 perquirere,
3068 1382 3125 1433 et
3151 1377 3254 1433 sibi
3286 1383 3341 1434 et
3362 1381 3534 1451 pluri-

1907 1465 2014 1520 mis
2055 1465 2447 1521 aidiﬁcationis
2481 1467 2709 1522 exhibet
2748 1468 3018 1524 fructum.
3061 1471 3131 1524 Et
3167 1470 3311 1526 sicut
3359 1473 3532 1528 arbor

1909 1557 2202 1613 fructifera
2227 1577 2342 1614 non
2367 1559 2488 1614 sine
2521 1577 2689 1615 causa
2715 1561 2993 1632 probatur
3011 1566 3227 1618 terram
3253 1581 3531 1636 occupare

1907 1651 2044 1706 dum
2064 1649 2215 1720 vivit,
2240 1668 2371 1706 cum
2395 1655 2452 1706 et
2477 1653 2600 1724 ipsa
2627 1653 2740 1707 suis
2766 1655 2955 1725 pomis
2980 1658 3236 1724 ornatur,
3261 1660 3320 1711 et
3343 1657 3531 1712 omnis

1907 1743 2002 1814 qui
2025 1761 2090 1798 ex
2116 1761 2184 1798 eo
2210 1745 2394 1799 fructu
2420 1745 2759 1816 perceperit,
2787 1746 3100 1818 saginatur.
3131 1747 3447 1804 Scribimus
3468 1752 3534 1804 ut

1907 1835 1966 1890 in
1997 1837 2169 1908 gestis
2203 1837 2546 1905 invenimus,
2581 1838 2718 1908 quid
2749 1839 2992 1910 egerint,
3028 1840 3166 1911 quid
3201 1841 3372 1896 locuti
3407 1842 3530 1896 fue-

1907 1929 2042 1998 rint,
2067 1929 2203 2001 quid
2218 1929 2367 2001 passi
2387 1929 2500 1984 sint
2521 1930 2720 1985 sancti.
2749 1931 3060 1986 Ostenditis
3079 1950 3176 1988 vos
3198 1951 3319 1988 esse
3341 1935 3532 1990 catho-

1907 2021 2066 2088 licos,
2097 2021 2194 2092 qui
2229 2021 2494 2076 victorias
2527 2021 2734 2077 Christi
2767 2023 3017 2079 libenter
3045 2025 3255 2096 legitis,
3288 2026 3534 2082 libenter

1909 2113 2135 2170 auditis.
2157 2117 2454 2186 Interrogo
2475 2131 2574 2170 vos
2601 2115 2700 2185 qui
2724 2115 2832 2170 ista
2850 2113 3003 2170 inter
3027 2118 3425 2190 apochryphas
3442 2118 3532 2173 Iit-

1908 2211 2060 2262 teras
2095 2207 2409 2262 exvolanda
2447 2206 2688 2262 censetis
2726 2224 2739 2262 :
2770 2224 2874 2279 per
2914 2225 3056 2279 quos
3091 2213 3315 2265 constat
3347 2227 3534 2267 canon

1907 2300 2328 2371 Scripturarum
2349 2299 2613 2355 omnium
2630 2299 2951 2355 divinarum
2963 2300 2992 2356 ‘?
3013 2302 3295 2373 numquid
3313 2319 3418 2374 per
3434 2319 3534 2358 eos

1908 2392 2006 2464 qui
2034 2409 2138 2464 pro
2167 2391 2291 2464 ipso
2319 2409 2542 2448 canone
2571 2391 2753 2448 occidi
2778 2393 2965 2465 magis
2993 2396 3331 2465 optaverant
3357 2412 3532 2466 quam

1906 2487 2092 2542 vinci?
2123 2487 2270 2552 Quid
2305 2503 2444 2558 ergo
2483 2489 2796 2542 tenuerunt
2829 2489 3156 2560 martyres?
3199 2489 3396 2544 Fidem
3439 2507 3533 2544 re-

1907 2584 2080 2649 ctam,
2111 2597 2240 2651 quae
2275 2579 2448 2634 sacris
2485 2580 2871 2635 voluminibus
2909 2584 3065 2636 certo
3107 2581 3387 2637 librorum
3421 2599 3530 2637 nu-

1907 2689 2068 2728 mero
2097 2672 2438 2728 continetur.
2466 2673 2660 2744 Agunt
2684 2672 2792 2727 illis
2819 2673 3033 2744 gratias
3058 2673 3246 2744 apices
3273 2675 3532 2729 sacratis-

1907 2766 2056 2833 simi,
2079 2765 2176 2837 qui
2196 2783 2299 2836 per
2319 2781 2518 2820 eorum
2545 2765 3031 2836 perseverantiam
3059 2769 3447 2837 perseverant.
3462 2768 3534 2822 Et

1907 2858 2037 2913 ideo
2062 2859 2261 2913 volunt
2289 2874 2487 2912 eorum
2524 2860 2685 2928 gesta
2715 2857 3016 2926 conscribi,
3043 2861 3107 2912 ut
3133 2858 3193 2912 in
3221 2862 3530 2930 conspectu

1906 2951 2005 3005 Dei
2043 2953 2101 3004 et
2138 2950 2443 3005 hominum
2487 2967 2718 3022 semper
2751 2950 3060 3006 laudentur
3097 2951 3298 3022 sancti,
3329 2951 3426 3024 qui
3470 2951 3531 3006 in

1907 3045 2212 3114 conspectu
2240 3042 2670 3098 incredulorum
2695 3059 2799 3114 pro
2827 3059 3029 3098 eorum
3056 3043 3392 3100 defensione
3419 3045 3532 3099 tor-

1906 3139 2104 3191 menta
2122 3135 2402 3191 immania
2421 3137 2798 3206 pertulerunt.
2812 3135 2962 3191 Nihil
2982 3140 3194 3208 praeter
3213 3137 3534 3209 Scripturas

1905 3227 2209 3284 canonicas
2241 3227 2602 3299 recipientes,
2639 3218 2747 3283 ista
2779 3228 3029 3284 studiose
3069 3229 3530 3300 conscripsimus,

1907 3321 2275 3376 ostendentes
2305 3320 2520 3391 dogma
2543 3319 2889 3376 catholicum
2916 3337 3021 3392 per
3047 3322 3356 3377 catholicos
3382 3339 3534 3377 mar-

1907 3417 2058 3485 tyres
2086 3412 2450 3468 custoditum.
2479 3413 2815 3484 Exemplum
2837 3413 3078 3484 posteris
3105 3413 3327 3482 damus,
3351 3415 3530 3470 aediﬁ-

1905 3505 2204 3570 cationem
2217 3504 2580 3560 credentibus
2609 3505 2908 3574 tradimus,
2936 3508 3120 3560 artem
3150 3506 3285 3560 belli
3322 3506 3530 3562 Christi

1906 3597 2180 3653 militibus
2199 3597 2685 3652 demonstramus.
2714 3598 2950 3654 Constat
2969 3614 3068 3652 eos
3089 3597 3240 3653 nolle
3266 3615 3529 3669 pugnare

1905 3691 1953 3744 si
1978 3706 2208 3744 necesse
2233 3689 2322 3757 sit,
2355 3688 2453 3760 qui
2480 3691 2684 3744 nolunt
2710 3690 2904 3761 legere
2940 3692 3310 3762 pugnatores.
3338 3692 3526 3764 Impe-

1905 3785 2035 3837 rent
2068 3781 2359 3837 silentium
2389 3781 2746 3850 inﬁdelibus,
2783 3784 3042 3852 spectent
3076 3782 3299 3854 pugiles
3328 3783 3526 3839 diabo-

1903 3875 2040 3931 licos
2065 3875 2162 3946 qui
2189 3875 2432 3930 athletas
2453 3873 2684 3930 Domini
2709 3877 2966 3946 spectare
2993 3878 3392 3931 contemnunt.
3413 3877 3528 3932 Nos

1903 3968 2123 4023 divinas
2155 3967 2391 4022 virtutes
2429 3967 2738 4040 loquimur,
2773 3968 3092 4036 scribimus,
3124 3968 3524 4039 praedicamus.

1901 4060 2250 4117 Prohibeant
2276 4059 2490 4128 aemuli,
2521 4060 2814 4132 imperent
2847 4059 3136 4116 silentium
3165 4060 3368 4130 timidi,
3397 4079 3527 4117 vcr-

1901 4154 2107 4208 berent
2129 4155 2570 4208 contemnentes
2603 4170 2616 4208 :
2646 4154 2906 4224 legentes
2934 4153 3254 4225 increpent,
3285 4153 3531 4210 libenter

1901 4247 2024 4300 haec
2044 4245 2345 4301 audientes
2362 4248 2648 4313 accusent;
2673 4244 2865 4319 468
2888 4245 3170 4318 gloriosos
3193 4246 3408 4302 facient
3426 4247 3532 4301 mi-

1901 4338 2031 4393 lites
2070 4339 2308 4394 vulnera
2345 4355 2450 4410 pro
2490 4337 2857 4412 imperatoris
2895 4339 3064 4394 laude
3109 4342 3389 4411 suscepta,
3425 4356 3528 4410 pro

1901 4431 2061 4502 cujus
2080 4447 2276 4486 amore
2297 4431 2475 4487 etiam
2495 4431 2720 4487 animas
2735 4448 2952 4503 ponere
2973 4431 3222 4487 libenter
3238 4435 3523 4502 optamus.

1901 4523 2341 4594 Triumphorum
2363 4523 2572 4578 Christi
2595 4540 2658 4578 ac
2683 4522 3051 4578 victoriarum
3078 4524 3302 4578 labores
3322 4524 3530 4578 exerci-

140 4624 269 4680 nisi
296 4639 423 4678 una
441 4621 697 4677 Collecta
713 4623 801 4674 est
821 4617 1094 4684 dicenda;
1118 4633 1224 4671 nec
1242 4615 1432 4688 passio
1453 4615 1682 4688 legitur,
1701 4615 1801 4671 sed
1820 4615 1879 4686 ι)
1902 4615 2052 4670 tibus
2079 4615 2148 4670 de
2187 4615 2419 4670 occultis
2453 4615 2592 4670 foris
2629 4615 2997 4686 proferimus.
3025 4615 3250 4671 Scimus
3282 4631 3525 4686 pugnas,

139 4719 255 4774 illa
287 4718 528 4771 tantum
559 4713 730 4768 lectio
761 4711 944 4766 sancti
975 4707 1270 4781 Evangelii
1297 4724 1312 4764 :
1341 4709 1472 4764 Cum
1503 4710 1805 4780 appropin-
1909 4725 2050 4780 quas
2068 4707 2149 4762 illi
2174 4707 2471 4762 visibiliter
2493 4707 2644 4779 passi
2670 4707 2801 4775 sint,
2821 4707 3178 4764 invisibiliter
3203 4707 3368 4763 nobis
3389 4707 3532 4762 exci-

132 4813 356 4884 quaret
390 4810 563 4864 Iesus.
603 4805 772 4871 Quod
807 4804 984 4860 etiam
1015 4801 1231 4858 cunctis
1265 4801 1680 4870 sacerdotibus,
1713 4803 1811 4872 qui
1906 4800 2018 4856 tari
2039 4799 2388 4872 quotidie,et
2404 4801 2783 4872 neglegenter
2797 4803 3124 4872 pugnantes
3141 4801 3326 4857 acrius
3341 4800 3532 4855 vulne-

134 4904 416 4978 privatas
445 4899 652 4954 missas
678 4897 1057 4964 cantaverint,
1088 4895 1435 4968 praecipitur,
1469 4896 1532 4949 ut
1557 4894 1671 4948 sint
1705 4911 1810 4966 pa-
1907 4893 2204 4965 rari.Ergo
2226 4895 2290 4948 ut
2308 4909 2472 4949 arma
2497 4895 2832 4966 pertractes,
2855 4893 3104 4949 adtende
3123 4894 3434 4960 bellantes;
3455 4891 3530 4948 da

134 4995 262 5052 rati
291 4993 374 5050 ad
403 4993 548 5048 duas
570 4989 968 5065 processiones
991 5006 1118 5060 quae
1145 4989 1242 5044 illo
1267 4988 1360 5042 die
1389 4989 1522 5042 sunt
1541 4986 1807 5059 agendae.
1909 4987 2168 5041 mentem
2193 4985 2408 5054 studiis,
2436 4987 2502 5040 ut
2525 4986 2704 5041 hostis
2726 4985 2962 5057 incipiat
2989 4988 3046 5040 te
3075 4985 3300 5040 timere.

132 5088 504 5162 (Udalricus,
529 5088 591 5141 in
617 5085 712 5141 lib.
739 5101 758 5140 ι
787 5083 1116 5140 Consuetud.
1145 5081 1418 5144 Cluniac.,
1453 5095 1575 5150 cap.
1612 5079 1722 5151 54.)
1978 5082 2030 5134 2.
2059 5079 2421 5134 Beatissimos
2443 5081 2724 5151 martyres
2753 5077 3039 5146 Cantium,
3067 5078 3434 5150 Cantianum,
3469 5085 3528 5136 et

217 5179 484 5246 Quando
514 5177 732 5234 erimus
757 5176 908 5232 circa
929 5176 1110 5230 ﬁnem
1131 5176 1393 5242 Tractus,
1426 5171 1660 5229 sacrista
1683 5173 1807 5244 pul-
1909 5171 2350 5241 Cantianellum,
2381 5188 2416 5226 a
2441 5171 2758 5242 paedagogo
2789 5187 2889 5225 suo
2909 5173 3078 5226 Proto
3105 5172 3269 5227 valde
3291 5173 3404 5229 fide
3435 5191 3526 5230 ca-

134 5275 509 5332 sabitunam
528 5286 771 5343 parvam
789 5284 1134 5340 campanam
1152 5284 1256 5339 pro
1275 5265 1689 5339 congregando
1709 5265 1808 5321 do-
1909 5265 2119 5319 tholica
2147 5264 2321 5318 fuisse
2351 5263 2600 5320 edoctos.
2634 5305 2647 5318 .
2675 5305 2688 5318 .
2715 5263 2809 5336 qui
2839 5263 2910 5318 de
2931 5279 3144 5336 genere
3171 5266 3528 5337 Aniciorum,

139 5368 359 5424 minos
389 5364 466 5420 ad
493 5363 850 5420 audiendam
875 5361 1226 5434 passionem,
1251 5359 1386 5430 quia
1416 5359 1545 5430 ipsa
1573 5375 1690 5414 non
1717 5358 1810 5412 de-
1908 5358 2017 5412 hoc
2039 5359 2124 5410 est
2139 5356 2280 5410 divas
2297 5355 2591 5412 memoria:
2609 5355 2801 5414 Carini
2817 5355 3201 5430 imperatoris,
3219 5365 3533 5416 noscuntur

133 5465 252 5518 bet
288 5457 416 5531 legi
448 5456 559 5511 nisi
592 5456 654 5510 in
693 5471 912 5526 magna
945 5453 1121 5508 missa
1157 5453 1609 5524 (Consuetudines
1636 5453 1813 5507 sancti
1908 5448 2216 5520 progeniti,
2239 5453 2299 5504 et
2317 5449 2469 5504 intra
2489 5449 2690 5504 urbem
2711 5451 2979 5520 Romam,
3001 5451 3060 5506 in
3083 5456 3289 5524 quarta
3305 5453 3530 5510 decima

245 5575 306 5644 α)
339 5571 486 5644 Vide
515 5586 706 5644 pagg.
725 5572 792 5644 66
824 5571 882 5624 et
906 5571 994 5624 93.

250 5593 283 5630 [ι
339 5575 486 5628 Vide
515 5586 694 5644 pagg.
725 5575 792 5625 66
824 5575 882 5624 et
906 5575 994 5624 93.

250 5575 307 5718 bi
337 5643 484 5718 Viiiie
515 5657 655 5714 ρας·
689 5641 810 5718 ἕβέο
1039 5664 1048 5670 ’

1908 5561 2178 5638 Christum
2199 5567 2368 5638 Deum
2385 5580 2569 5620 verum
2589 5565 2883 5622 colentibus
2907 5568 3178 5635 fratribus
3192 5584 3297 5638 per
3324 5583 3529 5623 omnem

1907 5635 2146 5699 Italiam,
2194 5637 2254 5691 in
2288 5637 2512 5692 Domino
2547 5652 2752 5692 omnem
2794 5639 3041 5693 salutem.
3087 5635 3280 5694 Omnia
3325 5653 3444 5706 quae
3491 5652 3528 5690 a

245 5707 301 5788 ος
329 5714 478 5788 Vide
687 5714 808 5788 [ᾗ.
1906 5707 2140 5788 Sanctis,
2173 5722 2374 5788 usque
2392 5707 2465 5761 ad
2495 5711 2834 5788 sequentem
2863 5709 3445 5788 versuthcribimus‘
3463 5710 3525 5759 ut

247 5776 310 5858 ά)
344 5785 492 5858 Vide
509 5776 664 5858 ‘pa'g.
699 5782 876 5858 386_._
981 5847 996 5858 _
1242 5848 1253 5858 Δ
1337 5847 1354 5858 _
1477 5845 1488 5856 θ
1548 5847 1558 5858 ¹
1601 5844 1632 5858 η
1699 5847 1731 5858 η
1907 5778 1968 5858 in
2001 5779 2164 5858 gestis
2187 5776 2512 5858 inuenimus,
2541 5776 2670 5844 οἱα,
2706 5779 2912 5858 quibus
2947 5777 3187 5847 omissis,
3218 5776 3524 5832 resumitur

247 5800 310 5858 α)
353 5800 492 5840 Viae
525 5800 664 5908 ﬂag.
700 5800 821 5836 duo.
1054 5847 1064 5858 .
1100 5847 1110 5858 .
1477 5845 1488 5856 .
1601 5844 1610 5855 .
1699 5847 1710 5858 ο
1907 5800 1968 5830 'm
2001 5800 2164 5857 genus
2187 5800 2512 5842 invenimus,
2541 5800 2670 5844 δια,
2706 5800 2912 5849 quibus
2947 5800 2958 5833 ε

243 5855 657 5930 ε)ίΡαεεῇομρειο
669 5847 1214 5930 apudﬂombritium
1227 5847 1529 5930 Ambrosio
1543 5845 1809 5929 tribuitur
1911 5847 2076 5903 lectio
2109 5865 2144 5906 a
2173 5848 2434 5922 sequenti
2458 5865 2702 5907 numero
2734 5853 2958 5922 quarto.

143 5917 262 5989 sub
279 5917 416 5986 'hoc
447 5923 624 5983 initio
655 5938 670 5979 :
704 5917 898 5981 Servus
927 5917 1128 5977 Christi
1159 5918 1476 5976 Ambrosius
1506 5919 1803 5992 episcopus,
