3970 6422
414 382 516 438 439

1194 376 1527 433 ΑΡΡΕΝΒΙΧ
1563 377 1651 431 AD
1687 373 1909 430 OPERA
1947 370 2180 428 SANCTI
2217 369 2516 448 GERMANI
2551 368 2976 427 PARISIENSIS.

3681 367 3819 425 440

416 487 680 560 regione,
726 485 848 544 nati
889 487 1061 558 atque
1101 483 1289 540 edocti
1322 482 1661 557 probantur,
1701 478 2041 538 Dioclitiano
2063 489 2123 566 Α
2215 475 2532 534 Beatissimi
2551 493 2686 532 vero
2708 479 2992 549 martyres
3017 491 3254 533 ascenso
3276 473 3350 548 (α)
3373 475 3647 532 vehiculo
3670 475 3818 548 jun-

418 584 618 640 Romaa
661 581 1004 653 imperante,
1049 582 1106 634 et
1138 577 1481 634 Maximiano
1519 575 1776 650 partibus
1814 573 2038 648 Illyrici,

417 675 622 732 Carino
645 689 874 746 quoque
901 671 1055 727 intra
1081 671 1288 728 Gallias
1311 673 1463 750 bene
1492 673 1701 743 agente
1729 685 1869 740 erga
1891 667 2048 724 Chri-

422 769 654 836 stianos,
681 765 778 839 qui
797 782 916 822 non
937 768 1067 838 post
1090 767 1340 821 multum
1366 767 1598 837 tempus
1617 763 1918 818 defunctus
1939 763 2042 816 est.

416 863 550 918 Post
600 860 760 931 cujus
819 859 1042 917 obitum
1098 858 1519 914 sceleratissimi
1568 855 1940 913 Dioclitianus
1991 857 2051 910 et

416 953 787 1012 Maximianus
824 969 930 1026 per
971 969 1172 1008 omnes
1209 950 1530 1024 provincias
1573 951 1804 1006 decreta
1846 965 2049 1021 posue-

418 1049 574 1116 runt,
612 1051 676 1102 ut
709 1046 804 1102 ubi
842 1045 1147 1102 Christiani
1189 1045 1604 1112 invenirentur,
1643 1043 1691 1097 si
1731 1041 2046 1098 sacriﬁcare

419 1143 879 1207 contemnerent,
895 1138 1128 1194 diversis
1138 1137 1322 1210 poenis
1339 1137 1772 1210 adﬂigerentur.
1787 1137 2048 1208 Cumque

419 1235 510 1291 his
527 1233 690 1290 dictis
703 1231 1022 1288 beatissimi
1038 1233 1324 1304 martyres
1341 1230 1609 1288 Cantiani
1623 1229 1684 1284 in
1699 1229 1845 1285 urbe
1867 1229 2051 1284 Roma

418 1328 662 1384 fuissent
687 1325 886 1398 positi,
919 1324 1156 1381 consilio
1183 1324 1380 1380 habito
1408 1340 1540 1379 cum
1566 1324 1736 1379 beato
1766 1325 1959 1388 Proto,
1989 1323 2052 1376 ut

418 1421 679 1493 iniquam
695 1419 945 1477 vitarent
965 1418 1334 1487 sententiam,
1357 1417 1578 1490 praedia
1599 1434 1700 1472 sua
1720 1415 2049 1471 suburbano

419 1513 606 1587 posita
637 1513 740 1569 sub
783 1512 971 1585 specie
1001 1509 1342 1568 visitationis
1377 1509 1616 1566 circuire
1651 1509 2047 1564 decreverunt.

491 1611 544 1664 3.
563 1606 672 1689 Qui
691 1606 899 1662 eodem
921 1608 1185 1677 tempore
1201 1604 1263 1660 in
1283 1603 1488 1660 urbem
1502 1603 1951 1676 Aquilegensem
1967 1617 2054 1656 re-

416 1701 706 1774 pedarunt
727 1715 740 1755 :
763 1699 821 1754 in
845 1715 961 1771 qua
978 1700 1117 1754 tunc
1137 1697 1417 1770 temporis
1436 1714 1553 1754 non
1575 1713 1752 1769 parva
1770 1711 1906 1750 rura
1925 1711 2053 1767 pos-

420 1794 704 1852 sidebant.
733 1792 846 1848 Sed
869 1792 1004 1865 quia
1022 1794 1221 1848 lumen
1243 1791 1304 1846 in
1326 1791 1581 1850 tenebris
1605 1791 1786 1846 latere
1808 1805 1926 1844 non
1946 1805 2048 1860 po-

418 1890 586 1956 terat,
607 1903 838 1942 necesse
861 1889 987 1942 erat
1007 1889 1071 1941 ut
1091 1902 1189 1942 eos
1210 1884 1489 1941 Dominus
1511 1884 1585 1940 ad
1606 1881 1850 1956 gloriam
1871 1879 2054 1937 nomi-
2071 1861 2128 1934 B

422 1981 511 2036 nis
541 1979 629 2035 sui
659 1981 984 2035 coronaret.
1004 1979 1264 2050 Cumque
1291 1977 1353 2032 in
1382 1976 1828 2048 Aquilegensem
1847 1975 2051 2030 urbem

419 2073 604 2129 sancti
645 2072 888 2128 fuissent
928 2070 1212 2142 ingressi,
1259 2069 1553 2125 duriorem
1595 2069 1874 2124 saevitiam
1915 2084 2054 2140 erga

421 2163 776 2222 Christianos
795 2163 1152 2236 repperiunt,
1173 2179 1348 2235 quam
1367 2161 1722 2234 reliquerant
1739 2163 1956 2218 Romae.
1972 2163 2054 2218 Ita

417 2257 578 2314 enim
606 2273 811 2314 omnes
836 2259 1166 2312 sanctorum
1185 2257 1275 2311 vel
1301 2257 1694 2312 confessorum
1715 2271 1820 2326 pro
1842 2253 2052 2310 Christi

420 2349 658 2406 nomine
681 2349 990 2406 multitudo
1011 2349 1070 2404 in
1098 2349 1339 2404 vinculis
1365 2364 1663 2404 carcerum
1691 2347 1950 2403 custodia
1975 2349 2058 2402 te-

423 2445 729 2512 nebantur,
758 2445 822 2498 ut
851 2443 1185 2498 enumerari
1211 2459 1327 2498 non
1353 2441 1695 2514 potuissent,
1724 2443 1933 2512 agente
1956 2438 2057 2495 sci-

418 2537 554 2593 licet
581 2536 838 2594 Dulcidio
868 2535 1134 2608 prmside,
1161 2553 1278 2590 una
1303 2551 1434 2590 cum
1467 2533 1717 2590 Sisinnio
1748 2533 1980 2588 comite.

491 2632 544 2686 4.
571 2629 888 2686 Audientes
914 2629 1112 2702 itaque
1144 2631 1370 2684 sanctos
1391 2629 1494 2684 Dei
1518 2627 1838 2695 advenisse,
1861 2625 2056 2682 statim

419 2723 668 2780 inveniri
691 2723 763 2778 ab
785 2722 1210 2795 apparitoribus
1234 2721 1737 2794 praecipiuntur,ut
1758 2719 1866 2774 diis
1887 2720 2060 2775 thura

419 2819 726 2888 ponerent.
753 2817 908 2871 Tunc
944 2815 1268 2870 beatissimi
1299 2817 1584 2886 martyres
1623 2812 1966 2884 aspicientes
1998 2812 2058 2867 in

423 2910 628 2964 caelum
657 2907 1084 2979 responderunt
1113 2923 1126 2962 :
1158 2908 1272 2962 Nos
1303 2905 1603 2962 daemoniis
1629 2921 1746 2960 non
1777 2903 2058 2960 sacriﬁca-

423 3018 574 3070 mus,
599 3000 736 3072 quia
756 3000 1032 3072 scriptum
1054 3002 1140 3054 est
1161 3015 1174 3055 :
1196 3000 1388 3055 Omnes
1411 3001 1492 3054 dii
1510 3001 1749 3068 gentium
1772 2999 2056 3061 daemonia,

422 3097 684 3152 Dominus
715 3097 898 3148 autem
934 3093 1086 3148 caelos
1117 3094 1268 3160 fecit.
1301 3093 1371 3146 Et
1405 3092 1616 3147 iterum
1651 3108 1663 3146 :
1699 3091 1911 3146 Similes
1946 3091 2058 3144 illis

421 3193 562 3259 ﬁant
587 3188 684 3257 qui
704 3188 922 3255 faciunt
946 3201 1030 3250 ea,
1061 3190 1112 3241 et
1141 3201 1320 3241 omnes
1347 3187 1444 3255 qui
1466 3185 1742 3254 conﬁdunt
1766 3186 1825 3239 in
1851 3187 1944 3238 eis.
1975 3185 2056 3238 Ite
2077 3226 2132 3302 Ο

431 3295 560 3302 __..._
593 3280 853 3302 _-__A:-1-
883 3278 1074 3302 2_2..__..
1105 3278 1334 3302 ..μμ-232
1363 3280 1546 3302 -.--ι..,.
1590 3293 1694 3302 ...Αι-
1715 3293 1818 3302 αι...-
1849 3275 2053 3302 ρι...ζ-ι;

425 3295 566 3352 ergo
593 3280 856 3335 nuntiate
883 3278 1079 3350 iniquo
1105 3278 1339 3350 praesidi
1363 3280 1570 3345 vestro,
1590 3293 1697 3332 nos
1715 3293 1820 3349 pro
1848 3275 2057 3332 Christi

421 3373 662 3428 nomine
687 3375 885 3444 optare
917 3372 1086 3440 mori,
1110 3388 1286 3444 quam
1313 3371 1384 3426 ab
1412 3371 1536 3442 ejus
1555 3369 1846 3426 mandatis
1867 3371 2058 3425 absce-

426 3466 585 3533 dere,
609 3465 742 3538 quia
771 3465 844 3520 ab
869 3465 1004 3538 ipsis
1033 3464 1332 3520 cunabulis
1352 3463 1664 3520 Dominum
1683 3465 1876 3519 Jesum
1903 3462 2060 3518 Chri-

423 3561 578 3614 stum
617 3559 978 3614 conﬁtemur.
1010 3559 1084 3612 At
1121 3558 1204 3612 illi
1241 3557 1550 3613 redeuntes
1579 3555 1812 3628 praesidi
1839 3557 1928 3610 vel
1959 3571 2054 3610 co-

425 3651 554 3710 miti
583 3653 906 3707 retulerunt
933 3650 1135 3706 omnia
1163 3667 1291 3723 quae
1323 3653 1487 3722 gesta
1511 3650 1761 3705 fuerant.

497 3732 689 3819 46,9
724 3746 879 3800 Tunc
917 3743 1207 3800 Dulcidius
1236 3760 1448 3816 praeses
1483 3760 1600 3798 una
1637 3758 1769 3798 cum
1807 3741 2058 3797 Sisinnio

424 3838 636 3895 comite
655 3839 821 3894 valde
843 3837 1140 3906 commoti,
1164 3837 1343 3892 talem
1363 3836 1649 3891 dederunt
1663 3835 1845 3907 impio
1862 3834 2062 3890 Diocli-

427 3933 587 3988 tiano
621 3931 1053 4002 suggestionem
1089 3945 1103 3984 :
1137 3929 1410 3996 Piissimi,
1453 3928 1747 3984 subvenite
1785 3927 2060 3983 Romanis

425 4025 672 4096 legibus,
702 4040 806 4096 pro
846 4022 1052 4094 quibus
1092 4021 1288 4076 victrix
1323 4021 1556 4076 dextera
1588 4024 1779 4076 vestra
1807 4019 2061 4076 hostium

427 4117 675 4172 cervices
732 4115 992 4183 inclinat,
1049 4116 1108 4168 et
1161 4113 1270 4168 diis
1318 4113 1828 4186 omnipotentibus,
1879 4113 1976 4184 qui
2028 4131 2062 4168 a

429 4207 767 4268 Christianis
803 4209 1272 4275 contemnuntur,
1296 4207 1598 4278 juvamina
1633 4207 1906 4278 praebete.
1945 4206 2058 4260 Ad-

429 4304 714 4357 venerunt
752 4300 909 4356 enim
949 4303 1067 4356 tres
1105 4299 1370 4372 germani
1413 4317 1481 4354 ex
1521 4299 1661 4355 urbe
1702 4300 1904 4366 Roma,
1945 4315 2060 4354 uno

432 4395 630 4452 animo
659 4395 886 4450 fortiter
905 4395 1272 4462 reluctantes,
1293 4395 1350 4448 et
1366 4392 1558 4448 nescio
1581 4409 1755 4464 quem
1775 4391 2062 4448 Christum

430 4491 790 4558 conﬁtentes,
807 4492 864 4544 et
883 4491 1326 4544 contemnentes
1343 4488 1574 4544 decreta
1594 4487 1822 4559 pietatis
1839 4490 2058 4542 vestrae.

2147 572 2248 629 etis
2274 571 2558 639 mulabus,
2583 587 2716 626 cum
2737 571 3008 626 secedere
3032 569 3368 640 voluissent,
3393 571 3451 625 et
3473 585 3598 625 non
3620 569 3816 642 longe

2147 667 2218 722 ab
2250 665 2406 721 urbis
2430 664 2717 720 moenibus
2741 664 2853 719 iter
2882 666 3144 735 agerent,
3173 665 3231 718 et
3255 679 3441 718 unum
3468 663 3708 719 animal
3738 663 3816 719 de

2149 758 2464 832 subjunctis
2483 756 2668 813 subito
2692 756 3000 814 corruisset
3015 757 3074 812 in
3096 757 3224 812 loco
3247 755 3347 829 qui
3364 757 3710 828 appellatur
3725 757 3819 813 Ad

2145 856 2337 926 Aquas
2359 851 2656 920 Gradatas,
2679 851 2762 906 ita
2780 851 2938 906 illinc
2954 853 3087 906 sunt
3103 867 3138 906 a
3156 850 3636 923 persecutoribus
3654 867 3822 906 com-

2147 945 2436 1019 prehensi.
2465 945 2630 1010 Quod
2656 945 2876 1000 factum
2913 961 3090 1016 quam
3117 943 3440 1015 gloriosum
3469 943 3545 998 sit
3567 947 3632 999 et
3661 961 3700 1000 a
3727 944 3817 1000 di-

2147 1039 2382 1095 vinitate
2433 1037 2804 1110 dispositum,
2856 1037 3134 1093 debemus
3185 1037 3512 1092 advertere.
3557 1037 3822 1109 Semper

2151 1116 2305 1188 enim
2336 1134 2486 1188 Deus
2521 1148 2664 1204 quos
2707 1132 2902 1202 elegit,
2939 1129 3102 1202 quasi
3135 1129 3380 1186 victores
3415 1146 3553 1185 cum
3595 1131 3816 1186 subve-

2150 1227 2339 1282 ctione
2369 1223 2597 1280 sublimi
2620 1224 2679 1279 in
2709 1225 2900 1280 aulam
2921 1225 3089 1296 regni
3118 1223 3361 1280 caelestis
3382 1221 3633 1278 inducit.
3660 1225 3816 1280 Nam

2151 1320 2294 1374 sicut
2317 1319 2506 1374 Helias
2531 1334 2665 1374 cum
2693 1317 2982 1390 adplicato
3012 1317 3298 1389 quadriga
3324 1317 3591 1372 ascendit
3607 1317 3675 1372 in
3699 1334 3818 1373 cae-

2149 1415 2291 1482 lum,
2325 1413 2406 1468 ita
2433 1415 2492 1468 et
2517 1411 2610 1466 isti
2630 1412 2891 1468 vehiculo
2912 1413 3111 1466 amoto
3134 1410 3210 1466 ad
3229 1411 3583 1482 martyrium
3607 1428 3822 1484 perve-

2155 1508 2394 1574 nerunt;
2428 1508 2486 1560 et
2515 1503 2800 1578 quadriga
2828 1505 2975 1559 sicut
2999 1504 3167 1559 illum
3193 1503 3380 1560 evexit
3402 1503 3480 1559 ad
3508 1504 3817 1576 requiem,

2152 1599 2231 1655 ita
2257 1604 2315 1655 et
2337 1599 2444 1654 hos
2463 1597 2712 1670 portavit
2731 1599 2806 1653 ad
2829 1597 3100 1670 gloriam.
3123 1598 3194 1652 Et
3214 1597 3482 1670 quamvis
3503 1597 3610 1653 illa
3629 1597 3823 1670 ignea

2152 1692 2434 1764 quadriga
2472 1691 2662 1761 fuerit,
2702 1691 2826 1746 haec
2866 1695 3065 1746 tamen
3099 1708 3217 1747 non
3250 1691 3500 1747 inferior
3527 1692 3822 1747 habenda

2153 1790 2264 1854 est;
2307 1785 2441 1858 quia
2482 1785 2578 1840 illa
2616 1801 2797 1841 unum
2839 1784 3086 1856 gestavit
3118 1785 3494 1856 prophetam,
3529 1785 3663 1840 haec
3693 1789 3822 1840 tres

2153 1881 2436 1950 martyres
2475 1877 2831 1934 sustentavit.
2865 1878 2979 1934 Sed
3020 1877 3158 1932 dicit
3190 1878 3399 1950 aliquis
3437 1895 3450 1934 :
3485 1878 3822 1935 Gloriosius

2150 1973 2394 2045 gestavit
2439 1971 2719 2044 quadriga
2758 1971 2950 2042 ignea,
3003 1987 3182 2042 quam
3228 1975 3483 2027 terrena.
3527 1974 3652 2028 Nec
3703 1973 3823 2028 hoc

2151 2069 2322 2139 plane
2354 2066 2537 2122 defuit
2574 2065 2784 2120 sanctis
2813 2064 2966 2120 viris.
2999 2065 3144 2120 Nam
3174 2064 3323 2120 sicut
3359 2064 3593 2120 Heliam
3632 2065 3823 2138 ignea

2153 2160 2434 2234 quadriga
2461 2159 2728 2232 portavit,
2759 2159 2840 2214 ita
2871 2161 2928 2214 et
2960 2160 3246 2230 martyres
3275 2158 3422 2213 ﬁdes
3455 2159 3640 2231 ignea
3679 2160 3820 2232 jam

2153 2253 2393 2310 ferebat.
2422 2253 2665 2308 Ferebat
2691 2252 2840 2321 illos,
2868 2251 3132 2323 inquam,
3162 2251 3442 2322 Christus,
3469 2253 3574 2324 qui
3605 2254 3824 2309 lumen

2155 2351 2260 2416 est,
2295 2346 2393 2419 qui
2421 2346 2573 2417 ignis
2603 2348 2706 2413 est,
2731 2345 2802 2400 de
2831 2362 2947 2416 quo
2977 2344 3254 2416 scriptum
3283 2348 3370 2400 est
3399 2363 3413 2402 :
3442 2349 3592 2402 Deus
3625 2352 3827 2404 noster

2153 2443 2296 2508 ignis
2323 2454 2636 2496 consumens
2670 2443 2764 2494 est.
2794 2440 2946 2510 Ergo
2976 2455 3106 2493 cum
3135 2438 3342 2494 beatos
3373 2439 3446 2494 de
3481 2439 3706 2511 quibus
3735 2442 3824 2496 lo-

2157 2533 2389 2606 quimur
2412 2535 2744 2604 persecutor
2773 2534 3066 2602 urgueret,
3092 2531 3421 2586 vehiculum
3443 2535 3826 2589 conscende-

2155 2630 2308 2681 runt.
2341 2626 2465 2691 Qua
2489 2624 2700 2681 causa?
2729 2628 2791 2680 ut
2828 2625 3142 2696 fugerent?
3179 2625 3361 2693 absit;
3392 2641 3515 2680 non
3546 2631 3616 2680 ut
3642 2627 3828 2700 fuge-

2155 2722 2304 2787 rent,
2340 2719 2441 2773 sed
2471 2721 2536 2772 ut
2565 2717 2639 2774 ad
2667 2716 3012 2789 martyrium
3043 2717 3208 2772 citius
3239 2717 3660 2789 pervenirent;
3698 2737 3829 2776 non

2159 2815 2221 2868 ut
2255 2813 2568 2880 latitarent,
2613 2809 2808 2884 470
2847 2811 2949 2864 sed
2983 2814 3048 2865 ut
3088 2827 3147 2864 se
3187 2809 3548 2867 Christianos
3589 2814 3830 2869 cunctis

2157 2904 2586 2960 transeuntibus
2615 2902 3079 2958 manifestarent.
3105 2903 3380 2960 Ceterum
3414 2905 3712 2962 occultius
3743 2907 3831 2962 in-

2157 3002 2246 3054 ter
2280 2999 2472 3070 plures
2497 2997 2556 3051 in
2587 2996 2812 3051 civitate
2849 2997 3030 3051 latere
3065 2999 3367 3068 poterant;
3395 2998 3498 3053 sed
3526 2999 3645 3055 hoc
3679 3017 3826 3073 ege-

2157 3095 2312 3158 runt,
2346 3093 2408 3146 ut
2444 3089 2618 3145 totius
2652 3089 2851 3161 populi
2890 3089 3085 3157 corda,
3129 3090 3268 3145 dum
3303 3107 3410 3162 per
3449 3091 3694 3149 diversa
3734 3095 3828 3150 fu-

2158 3184 2342 3256 giunt;
2375 3183 2582 3238 Christi
2613 3199 2807 3238 amore
2845 3183 3244 3239 ﬂammentur.
3277 3185 3352 3239 At
3379 3201 3518 3241 vero
3552 3187 3662 3242 ubi
3695 3189 3832 3260 quis

2156 3277 2402 3333 vehiculi
2430 3277 2710 3348 adparato
2739 3275 3036 3347 disposito,
3059 3293 3166 3348 per
3193 3293 3476 3350 aggerem
3506 3279 3828 3350 publicum

2159 3370 2452 3443 graditur;
2481 3369 2596 3423 illic
2632 3386 2749 3424 non
2779 3370 2920 3441 fuga
2947 3369 3194 3426 dicenda
3220 3375 3325 3438 est,
3359 3371 3463 3425 sed
3489 3374 3828 3444 profectus.

2157 3463 2348 3520 Sancti
2369 3462 2526 3518 enim
2546 3461 2653 3518 viri
2678 3463 2786 3518 hoc
2807 3463 3159 3532 facto,'velut
3180 3463 3243 3518 in
3263 3463 3613 3537 triumphali
3637 3485 3824 3524 curru

2157 3556 2350 3629 positi,
2394 3556 2866 3611 contestabantur
2901 3556 3160 3610 dicentes
3194 3573 3208 3612 :
3237 3557 3402 3626 Ecce,
3445 3565 3828 3631 persecutor,

2159 3667 2288 3706 ecce
2313 3649 2748 3721 proficiscimur,
2774 3665 2903 3704 ecce
2934 3649 3336 3720 praecedimus.
3361 3650 3515 3716 Quid
3546 3654 3830 3711 resides?

2161 3743 2298 3814 quid
2325 3741 2609 3798 moraris?
2635 3742 2986 3814 subsequere
3013 3745 3214 3798 nostra
3232 3743 3498 3816 vestigia.
3523 3747 3827 3804 Nolumus

2163 3836 2318 3891 enim
2351 3835 2531 3890 videri
2562 3835 2723 3890 inviti
2764 3835 2897 3890 duci
2933 3835 3007 3890 ad
3045 3852 3301 3908 poenam,
3335 3837 3433 3910 qui
3472 3842 3828 3911 praecedere

2163 3946 2267 3984 nos
2294 3929 2636 4001 proﬁtemur
2659 3927 2734 3983 ad
2762 3928 3031 3999 gloriam.

2229 4023 2382 4078 Tunc
2415 4021 2696 4078 Sisinnius
2726 4020 2907 4076 comis
2940 4022 3062 4077 haec
3099 4021 3364 4090 audiens,
3390 4023 3568 4094 jussit
3603 4025 3826 4084 beatos

2159 4117 2442 4187 martyres
2471 4114 2915 4187 comprehendi;
2945 4115 3045 4186 qui
3077 4114 3259 4186 judex
3292 4116 3566 4172 hortatur
3595 4136 3730 4190 eos,
3765 4125 3832 4176 ut

2158 4209 2282 4264 Jovi
2306 4209 2478 4263 thura
2501 4207 2796 4264 oﬂ‘errent.
2828 4207 3152 4263 Beatissimi
3180 4224 3314 4264 vero
3341 4210 3553 4266 famuli
3582 4212 3698 4268 Dei
3728 4231 3830 4270 ex-

2162 4305 2450 4358 secrantes
2479 4301 2746 4356 dixerunt
2769 4317 2829 4356 se
2857 4317 3180 4372 numquam
3209 4303 3519 4358 daemoniis
3543 4303 3835 4364 immola-

2160 4397 2338 4462 turos,
2364 4394 2464 4449 sed
2487 4393 2875 4466 omnipotenti
2892 4394 3137 4450 Domino
3165 4395 3263 4466 qui
3284 4395 3424 4452 fecit
3450 4399 3692 4469 caelum,
3719 4403 3834 4458 ter-

2161 4503 2306 4556 ram,
2345 4503 2506 4542 mare
2543 4489 2601 4542 et
2629 4486 2828 4542 omnia
2858 4503 2985 4558 quae
3023 4487 3083 4542 in
3121 4487 3203 4542 eis
3238 4491 3392 4544 sunt.
3425 4490 3578 4546 Nam
3618 4493 3834 4549 omnia

429 4585 592 4640 Unde
633 4583 770 4655 quid
799 4583 1059 4655 jussione
1093 4584 1281 4638 vestra
1321 4580 1704 4649 decreveritis,
1748 4581 2060 4636 decernite.
2083 4593 2142 4666 D
2164 4581 2339 4649 idola,
2363 4580 2476 4635 sive
2499 4579 2596 4652 qui
2615 4596 2683 4635 ea
2702 4580 2917 4647 colunt,
2941 4597 3073 4635 cum
3095 4579 3316 4636 eisdem
3338 4582 3508 4638 ibunt
3527 4583 3590 4638 in
3613 4585 3832 4658 ignem

430 4678 527 4734 His
553 4675 760 4731 auditis
781 4676 1249 4732 sceleratissimus
1277 4674 1646 4732 Dioclitianus
1665 4673 2066 4730 vehementius

432 4773 519 4827 est
543 4773 892 4838 commotus,
916 4772 974 4824 et
998 4770 1148 4824 hanc
1170 4768 1332 4824 dedit
1354 4768 1782 4835 auctoritatem,
1810 4770 1874 4821 ut
1902 4767 1951 4821 si
1974 4783 2062 4821 sa-

431 4863 684 4918 criﬁcare
712 4863 1051 4930 noluissent,
1075 4861 1308 4934 capitali
1335 4861 1624 4916 sententia
1648 4861 2061 4932 plecterentur.

429 4957 686 5029 Cumque
706 4956 910 5028 iniqua
931 4954 1217 5011 sententia
1235 4953 1589 5026 pervenisset
1611 4953 1684 5008 ad
1701 4951 2066 5007 beatissimos

431 5053 734 5122 martyres,
764 5066 1001 5104 ascenso
1032 5047 1294 5104 vehiculo
1323 5063 1438 5102 una
1463 5063 1594 5102 cum
1620 5045 1942 5118 paedagogo
1963 5062 2065 5100 suo

430 5145 602 5199 Proto
643 5159 710 5196 ex
751 5143 891 5197 urbe
933 5141 1318 5214 Aquilegense
1361 5139 1574 5212 egressi
1612 5141 1765 5206 sunt,
1811 5139 2065 5194 divinam

433 5235 789 5306 Scripturam
829 5234 1110 5289 habentes
1148 5251 1270 5306 prae
1304 5233 1500 5302 oculis,
1544 5249 1674 5305 quae
1710 5231 1847 5288 dicit
1886 5249 1899 5288 :
1935 5232 2066 5288 Cum

423 5332 822 5398 persequentur
839 5342 931 5381 vos
952 5329 1012 5381 in
1037 5329 1255 5382 civitate
1280 5330 1408 5391 ista,
1428 5329 1606 5396 fugite
1625 5329 1684 5382 in
1705 5327 1892 5382 aliam.
1916 5327 2068 5381 Nun-

431 5420 610 5475 tiatur
637 5435 776 5490 ergo
809 5419 1182 5492 iniquissimis
1214 5419 1504 5490 judicibus
1533 5423 1762 5476 sanctos
1795 5419 1898 5475 Dei
1930 5436 2064 5491 pro~

432 5529 686 5585 perasse.
709 5514 862 5568 Tunc
891 5511 1174 5568 Sisinnius
1200 5512 1380 5567 comis
1403 5530 1519 5568 una
1546 5529 1678 5566 cum
1705 5513 2062 5583 spiculatori-

431 5606 537 5662 bus
570 5623 637 5662 ex
661 5608 952 5679 praecepto
984 5605 1312 5678 impiissimi
1344 5604 1680 5662 Dioclitiani
1702 5604 2064 5678 imperatoris

431 5700 816 5774 subsequitur.

503 5846 574 5916 (α)
605 5847 732 5902 Haec
756 5844 927 5902 verba
953 5861 1022 5900 us

436 5913 794 5976 Ambrosium
819 5921 878 5976 et
895 5913 1062 5992 apud
1070 5913 1474 5988 Augustinum.

2163 4677 2526 4747 perpetuum.
2539 4674 2694 4728 Tunc
2708 4673 2922 4746 impius
2941 4673 3225 4730 Sisinnius
3243 4676 3444 4745 comis,
3461 4677 3574 4733 hoc
3593 4681 3834 4750 audito,

2162 4767 2328 4823 valde
2367 4767 2545 4822 iratus
2589 4769 2694 4836 est,
2737 4769 2794 4820 et
2839 4767 3113 4838 praecepit
3158 4767 3627 4841 spiculatoribus,
3674 4777 3748 4829 ut
3790 4775 3836 4830 si

2161 4863 2189 4919 J
2195 4861 2284 4916 ovi
2304 4861 2474 4915 thura
2495 4876 2614 4915 non
2637 4859 2932 4928 offerrent,
2958 4861 3150 4932 capita
3169 4863 3586 4933 plecterentur.
3605 4865 3841 4924 Beatis-

2164 4949 2294 5004 simi
2324 4965 2459 5004 vero
2491 4951 2773 5020 martyres
2805 4948 3072 5004 Cantiani
3101 4967 3218 5005 una
3245 4967 3376 5011 cum
3409 4953 3588 5009 Proto
3619 4957 3832 5026 paeda-

2163 5059 2316 5116 gogo
2349 5059 2449 5098 suo
2481 5041 2799 5114 gaudentes
2825 5045 2882 5098 et
2909 5044 3220 5114 psallentes
3247 5044 3620 5102 ducebantur
3649 5067 3687 5105 a
3714 5051 3832 5123 spi-

2165 5135 2531 5192 culatoribus.
2553 5135 2708 5190 Tunc
2727 5134 2886 5190 beati
2906 5135 3113 5192 famuli
3133 5137 3233 5192 Dei
3255 5139 3524 5208 expansis
3541 5143 3831 5200 manibus

2165 5230 2238 5285 ad
2272 5230 2473 5284 caelum
2503 5227 2824 5283 orationem
2854 5228 3132 5284 fuderunt
3165 5230 3240 5285 ad
3270 5231 3596 5288 Dominum
3625 5235 3832 5294 dicen-

2164 5326 2284 5378 tes:
2306 5321 2547 5378 Domine
2566 5323 2594 5378 J
2598 5338 2698 5376 esu
2717 5321 2958 5391 Christe,
2984 5323 3082 5394 qui
3099 5326 3616 5395 perseverantibus
3639 5329 3703 5386 in
3727 5334 3831 5386 tuo

2165 5415 2402 5472 nomine
2438 5419 2496 5470 te
2537 5418 2762 5487 patrem
2797 5418 2854 5469 et
2891 5419 3144 5471 matrem
3188 5417 3378 5472 dixisti
3421 5435 3574 5487 esse,
3616 5426 3679 5478 et
3721 5441 3830 5496 pro

2164 5509 2576 5582 temporalibus
2614 5509 2828 5576 futura,
2867 5512 2926 5564 et
2963 5526 3067 5580 pro
3107 5511 3376 5581 perituris
3416 5518 3740 5586 perpetua,
3774 5523 3832 5574 et

2164 5621 2268 5677 pro
2283 5601 2494 5658 divitiis
2510 5601 2754 5658 terrenis
2770 5602 3165 5674 incorruptam
3178 5603 3358 5659 vitam
3372 5607 3673 5664 aeternam
3694 5627 3829 5666 cum

2166 5697 2438 5754 felicitate
2479 5696 2617 5752 dare
2657 5694 2972 5768 promisisti
3012 5711 3026 5752 :
3057 5699 3116 5751 te
3143 5696 3546 5770 obsecramus,
3580 5704 3832 5760 Amator

1105 5858 1137 5900 e
1170 5843 1242 5898 ad
1274 5844 1608 5921 sequentem
1643 5842 1963 5915 sectionem,
1995 5840 2189 5918 paucis
2227 5839 2645 5914 praetermissis,
2675 5839 2949 5910 leguntur
2990 5839 3052 5896 in
3088 5840 3316 5914 vulgato
3359 5857 3638 5904 sermone
3675 5847 3828 5921 apud
