3970 6408
142 422 219 477 441
641 375 646 380 ‘
734 421 822 474 AD
857 419 1342 476 PRJECEDENTIA
1380 421 1710 476 LlTURGUE
1747 420 2158 476 MONUMENTA
2192 419 2527 478 APPENDIX
2565 422 2846 477 ALTERA.

3370 427 3473 482 442

139 541 276 602 purae
289 525 672 594 conscientiae,
692 529 760 582 ut
772 526 1036 598 respicias
1051 527 1121 582 de
1141 526 1464 584 summitate
1478 529 1744 584 caelorum
1763 540 1824 615 Α
1842 527 2024 600 ligens
2050 526 2500 584 beatissimorum
2520 532 2837 601 martyrum
2859 545 3112 602 corpora,
3141 530 3387 589 condivit
3406 549 3472 589 ea

137 623 194 677 ad
219 621 357 676 hanc
381 619 610 690 horam,
637 623 706 676 ut
730 619 998 692 suscipias
1021 620 1241 676 animas
1258 625 1478 677 nostras
1499 621 1560 678 in
1586 638 1742 696 pace,

90 787 94 792 .
138 720 184 771 et
205 714 343 769 inter
371 716 596 768 sanctos
621 713 840 769 Eiectos
865 717 994 768 tuos
1021 713 1300 769 conlocari
1333 715 1645 786 praecipias,
1682 721 1748 773 ut

137 809 449 878 cognoscant
473 821 676 861 omnes
712 805 845 878 quia
868 810 932 862 tu
957 822 1016 862 es
1051 808 1199 863 Deus
1235 805 1385 862 solus
1423 811 1480 862 et
1511 807 1743 864 benedi-

137 904 240 955 ctus
261 898 318 953 in
340 897 568 954 seeoula.
599 899 670 953 Et
692 915 824 953 cum
861 899 1236 970 complessent
1269 899 1598 970 orationem,
1637 917 1743 972 po-

136 997 308 1048 nentes
353 1007 540 1062 genna
584 995 954 1064 susceperunt
1003 992 1275 1064 gladium,
1318 996 1375 1048 et
1411 997 1748 1064 acceperunt

136 1101 340 1141 coronas
361 1083 780 1156 sempiternas:
825 1089 883 1141 et
926 1101 1052 1141 ecce
1091 1085 1324 1157 sanguis
1361 1101 1558 1142 eorum
1597 1089 1744 1142 tam-

134 1194 284 1250 quam
304 1178 384 1232 lac
409 1177 679 1232 omnibus
703 1177 1025 1234 videntibus
1051 1179 1330 1250 apparuit.

192 1272 300 1336 Quo
325 1274 584 1344 tempore
625 1270 961 1328 venerabilis
983 1271 1070 1327 vir
1094 1271 1291 1328 Zoelus
1316 1272 1612 1344 presbyter
1638 1273 1747 1328 col-

1845 621 2191 677 aromatibus
2228 619 2510 692 pretiosis,
2545 625 2602 678 et
2624 621 2685 677 in
2707 621 2890 678 loculo
2915 624 3240 681 conlocavit.
3285 626 3392 690 Qui
3415 631 3473 683 et

1842 713 1963 786 ipse
1987 718 2209 770 sanctus
2234 699 2432 770 Zoelus
2454 718 2583 786 post
2606 714 2958 786 aliquantum
2986 721 3212 788 tempus
3240 734 3469 791 suscep-

1843 807 2010 862 tionis
2045 823 2160 862 sua:
2205 807 2312 862 hoc
2347 807 2544 866 ordine
2579 808 2828 879 perrexit
2861 809 2933 864 ad
2973 809 3290 866 Dominum.
3318 812 3470 868 Passi

1845 904 1976 954 sunt
2001 903 2192 956 autem
2216 899 2518 956 beatissimi
2534 905 2812 972 martyres
2827 902 3074 972 Cautius,
3093 903 3396 959 Cantianus
3415 909 3472 962 et

1843 992 2216 1062 Cantianella,
2265 993 2448 1064 pridie
2491 994 2609 1048 Kal.
2650 993 2870 1065 lunias,
2921 1001 3195 1068 regnante
3233 997 3468 1054 Domino

1843 1089 2036 1140 nostro
2083 1087 2211 1141 Jesu
2253 1086 2493 1156 Christo,
2539 1087 2629 1141 cui
2665 1091 2747 1142 est
2788 1087 2984 1160 gloria,
3028 1088 3210 1146 honor
3259 1092 3318 1146 et
3361 1107 3464 1162 po-

1843 1181 2013 1234 testas
2038 1178 2101 1234 in
2126 1179 2328 1234 saecula
2345 1178 2701 1248 saeculorum,
2727 1195 2912 1238 amen.

876 1626 1818 1744 APPENDIX
1929 1629 2724 1746 ALTERA.

132 1836 232 1936 In
331 1864 526 1967 quo
644 1835 1160 1938 variantes
1260 1839 1802 1968 scripturae
1899 1867 2226 1937 sacra;
2328 1839 2794 1940 lectiones
2893 1841 3464 1972 praecipuae

680 2010 808 2078 eae
892 1976 1520 2078 Lectionario
1617 1975 2144 2080 Gallicano
2241 1978 2876 2080 eae/libentur.

189 2297 354 2372 471
381 2297 666 2364 Quoniam
684 2312 1028 2369 magnopere
1041 2295 1424 2354 interestscire
1442 2297 1735 2370 antiquam
1753 2311 1810 2384 Β
1833 2299 1976 2369 ﬁlias
1993 2299 2287 2368 pharetrae,
2318 2297 2524 2370 Graece,
2555 2306 2674 2364 ἰοὺς.
2704 2297 2976 2371 Lection.,
3001 2299 3223 2371 phialas
3259 2300 3463 2370 phare-

129 2391 404 2465 Scripturm
429 2407 611 2447 sacrae
635 2391 974 2461 versionem,
1005 2406 1120 2462 qua
1145 2389 1348 2462 primis
1382 2391 1735 2464 temporibus

127 2501 210 2540 usa
225 2489 301 2541 est
323 2484 612 2541 Gallicana
635 2483 888 2552 ecclesia,
919 2483 1046 2539 ideo
1072 2483 1164 2539 hic
1201 2484 1304 2538 sub
1336 2499 1451 2538 uno
1495 2500 1732 2556 conspe-

129 2582 208 2633 ctu
232 2578 502 2634 variantes
524 2577 866 2634 Lectionarii
889 2575 1265 2648 antiquissimi
1288 2577 1555 2632 lectiones
1590 2577 1730 2632 insi-

129 2671 560 2740 gniores‘referre
591 2671 780 2726 visum
805 2675 888 2726 est
913 2687 1100 2742 opera:
1124 2670 1394 2742 pretium,
1442 2675 1508 2726 ut
1541 2687 1610 2726 ex
1645 2672 1732 2726 his

126 2763 214 2818 viri
238 2764 378 2818 docti
401 2780 564 2820 suam
593 2763 667 2819 de
695 2763 789 2818 illa
815 2763 1073 2819 versione
1117 2764 1450 2820 sententiam
1489 2768 1732 2820 statuere

124 2858 332 2928 possint.

185 2953 245 3007 Et
272 2951 450 3024 primo
489 2950 732 3024 quidem
781 2949 1095 3022 generatim
1136 2949 1548 3006 observandum
1581 2951 1728 3006 anti-

127 3061 276 3117 quam
299 3045 451 3101 illam
468 3043 798 3100 versionem
814 3043 1067 3115 Vulgata:
1089 3045 1297 3098 nostrae
1323 3043 1534 3116 passim
1556 3043 1733 3100 inhre-

128 3154 250 3208 rere,
277 3142 332 3194 et
350 3137 656 3210 plerasque
684 3135 955 3192 lectiones
995 3135 1273 3192 variantes
1309 3136 1501 3208 potius
1544 3153 1614 3193 ex
1655 3137 1728 3192 li-

125 3231 417 3286 brariorum
439 3230 614 3304 genio
631 3230 720 3286 vel
743 3245 956 3300 errore,
985 3245 1156 3301 quam
1182 3245 1252 3284 ex
1266 3229 1533 3285 versionis
1555 3229 1732 3302 ipsius

125 3324 467 3396 discrepantia
511 3323 871 3396 repetendas.
917 3321 1128 3387 Deinde
1151 3322 1250 3377 ubi
1286 3322 1466 3378 versio
1501 3322 1730 3395 antiqua

124 3417 288 3472 differt
327 3434 360 3471 a
400 3419 598 3472 nostra
649 3415 909 3486 Vulgata,
956 3430 1082 3470 eam
1121 3415 1346 3486 saepius,
1400 3431 1516 3471 non
1540 3419 1729 3472 tamen

124 3512 391 3586 perpetuo,
437 3524 573 3564 cum
628 3507 883 3564 versione
934 3507 1124 3564 Graeca
1172 3508 1490 3564 convenire.
1545 3508 1728 3564 Tertio

123 3601 399 3674 Scriptura:
434 3601 636 3668 libros,
669 3617 739 3657 ex
789 3599 994 3672 quibus
1034 3599 1298 3656 lectiones
1338 3600 1401 3656 in
1437 3601 1725 3656 Lectiona-

121 3695 252 3750 rium
277 3700 532 3751 nostrum
552 3697 801 3766 acceptae
827 3697 978 3762 sunt,
998 3693 1100 3749 hos
1117 3692 1350 3750 omnino
1367 3708 1507 3764 esse,
1524 3709 1729 3766 nempe
1748 3665 1803 3740 Ο

121 3789 373 3860 Genesim,
411 3789 696 3858 Exodum,
733 3789 920 3858 Josue,
959 3786 1212 3856 Tobiam,
1255 3785 1466 3857 Iudith,
1507 3787 1723 3857 Esther,

123 3897 296 3937 omnes
333 3882 663 3954 prophetas,
715 3879 966 3952 majores
1011 3895 1076 3934 ac
1119 3879 1386 3950 minores,
1433 3895 1503 3935 ex
1542 3879 1728 3936 Veteri

119 3974 484 4045 Testamento;
532 3989 608 4032 ex
652 3974 803 4029 Novo
855 3975 1066 4044 autem,
1122 3977 1364 4046 quatuor
1406 3973 1726 4045 Evangelia,

119 4069 266 4121 Actus
299 4068 705 4140 apostolorum,
753 4081 948 4122 omnes
987 4065 1147 4122 Pauli
1185 4065 1478 4138 Epistolas,
1523 4069 1729 4138 preter

117 4173 270 4216 unam
291 4161 358 4217 ad
382 4160 795 4233 Philippenses,
825 4173 1022 4214 omnes
1045 4158 1374 4230 Catholicae,
1419 4161 1476 4214 et
1508 4159 1724 4232 Apoca-

117 4249 296 4323 lypsin.
327 4254 597 4327 Singulos
625 4269 696 4308 ex
722 4251 918 4308 ordine
940 4266 1356 4323 percurramus.

476 4351 548 4406 IN
587 4350 836 4406 VETERI
873 4347 1334 4404 TESTAMENTO.

176 4437 360 4494 GENES.
389 4455 486 4510 v11,
520 4441 609 4502 l6,
639 4437 736 4492 ubi
763 4436 974 4509 legitur
998 4435 1059 4491 in
1083 4435 1338 4508 Vulgata,
1368 4438 1586 4494 inclusit
1608 4454 1727 4494 cum

115 4529 345 4586 Dominus
372 4533 604 4601 deforis,
624 4529 783 4586 addit
797 4527 1212 4586 Lectionarium
1232 4530 1434 4598 deforis
1444 4533 1502 4586 in
1521 4546 1724 4595 arcam,

115 4623 247 4690 quod
288 4625 490 4680 melius
531 4625 726 4680 Grieco
774 4622 956 4678 textui
989 4622 1310 4694 respondet,
1335 4630 1417 4678 καὶ
1439 4631 1621 4680 tanta:
1643 4630 1726 4688 τὴν

113 4714 297 4764 κιϐωτὸν
316 4716 484 4774 ἔξωθεν
514 4713 687 4766 αὐτοῦ.

173 4800 330 4857 Iosue
368 4819 443 4872 ιγ,
498 4805 587 4869 19,
635 4802 836 4856 decimo
873 4801 961 4856 die
999 4801 1195 4856 mensis
1226 4801 1417 4870 primi,
1447 4799 1727 4855 Lectiona-

111 4891 245 4946 rium
281 4894 448 4951 habet
499 4895 704 4950 decimo
741 4908 941 4958 mense,
982 4895 1168 4964 prima
1211 4894 1298 4948 die
1343 4895 1558 4952 mensis.
1602 4892 1727 4948 LXX

115 4984 346 5057 V’ulgatse
370 4988 588 5044 favent.
629 5001 638 5010 '
1401 5012 1408 5019 -

175 5079 322 5136 lssut
350 5097 496 5149 xxvi,
541 5083 594 5150 6,
619 5095 741 5150 pes,
774 5079 939 5152 pedes
957 5080 1240 5150 pauperis.
1286 5076 1554 5146 Lection.,
1599 5075 1726 5130 abs-

114 5184 209 5239 que
241 5173 642 5243 geminatione,
667 5189 767 5244 pes
795 5175 1077 5243 pauperis.
1128 5172 1272 5241 LXX,
1315 5177 1472 5237 πόδες,
1529 5169 1723 5225 semel.

116 5261 260 5332 lbid.,
290 5282 435 5322 vers.
479 5269 568 5336 18,
608 5271 659 5322 et
695 5268 1006 5337 peperimus
1040 5267 1296 5336 spiritum
1321 5282 1354 5318 :.
1383 5264 1584 5320 salutes
1622 5279 1729 5318 non

113 5357 337 5429 fecimus,
365 5361 426 5416 in
451 5364 622 5416 terra.
650 5359 898 5416 Lection.
948 5375 1098 5428 vero,
1146 5356 1267 5412 sine
1313 5355 1724 5428 dispunctione,

113 5451 344 5517 spiritum
369 5454 568 5509 salutis
593 5469 702 5508 non
749 5453 976 5521 fecimus
1013 5454 1073 5506 in
1129 5456 1292 5506 terra.
1341 5449 1463 5504 LXX
1482 5489 1496 5516 ,
1543 5453 1730 5518 πνεῦμα

113 5549 328 5614 sumpta:
351 5568 443 5601 σου
473 5551 786 5614 ἐποιησαμιν.
835 5544 1139 5616 C0mplut.,
1170 5551 1197 5598 ὃ
1221 5548 1447 5607 ἐποίησας
1473 5572 1542 5583 --
1590 5543 1724 5613 Cap.

116 5646 198 5703 ιιι,
229 5636 308 5706 11,
335 5639 414 5693 sic
443 5638 715 5706 inglorius
743 5639 866 5692 erit.
894 5637 1162 5708 Lection.,
1202 5637 1279 5693 sic
1303 5636 1587 5706 gloriosior
1603 5636 1725 5692 erit.

115 5723 243 5794 LXX,
269 5743 402 5784 cum
425 5729 692 5802 Vulgata,
718 5736 959 5795 ἀδοξήσει-

177 5818 362 5895 472
387 5823 587 5880 lanam.
611 5837 709 5890 xu,
741 5826 795 5890 7,
818 5825 877 5877 in
893 5839 1062 5879 manu
1086 5825 1424 5880 inimicorum
1450 5822 1589 5890 ejus.
1605 5821 1728 5878 LXX

118 5918 262 5980 αὐτῆς.
290 5915 566 5988 Lection.,
584 5917 925 5976 inimicorum
941 5931 1196 5977 meorum.
1217 5947 1287 5960 —
1303 5916 1510 5976 Thren.
1531 5931 1614 5990 in,
1639 5917 1724 5987 13,

1746 5029 1806 5103 D

1833 2396 1948 2459 tm,
1971 2390 2115 2448 forte
2141 2391 2428 2447 mendose.

1902 2485 2100 2540 Ezncn.
2155 2499 2306 2552 Lxm,
2359 2486 2448 2552 20,
2507 2488 2558 2540 et
2608 2498 2772 2553 super
2818 2498 3069 2540 coronam
3109 2485 3169 2539 in
3209 2485 3458 2548 circuitu,

1830 2577 2036 2644 Graece,
2075 2586 2232 2648 βασιν.
2277 2575 2546 2644 Lection.,
2582 2580 2634 2630 et
2677 2591 2840 2646 super
2869 2592 3072 2632 cornua
3107 2577 3169 2632 in
3205 2579 3455 2632 circuitu.

1829 2701 1899 2710 —-—
1924 2669 2057 2741 Cap.
2084 2685 2230 2738 xuv,
2265 2672 2318 2736 3,
2350 2670 2404 2737 4,
2432 2669 2752 2737 egredietur.
2786 2671 2857 2724 Et
2908 2670 3151 2724 adduxit
3183 2686 3284 2733 me,
3327 2686 3460 2724 cum

1830 2763 1974 2818 LXX.
2014 2762 2282 2831 Lection.,
2324 2763 2648 2830 egredietur.
2683 2762 2772 2817 Sic
2813 2765 2952 2818 sicut
2989 2767 3067 2817 est
3103 2763 3311 2827 clausa,
3347 2765 3461 2819 Rea:

1832 2856 2087 2911 transivit
2103 2871 2206 2925 per
2234 2870 2369 2910 eam.
2397 2857 2467 2911 Et
2489 2855 2727 2910 adduxit
2753 2869 2856 2909 me.

1900 2948 2108 3002 DANIEL
2146 2963 2226 3011 n1,
2277 2951 2326 3011 l,
2371 2947 2859 3005 Nabuchodonosor
2897 2963 2996 3003 rea:
3012 2949 3161 3016 fecit.
3187 2947 3458 3018 Lection.,

1830 3056 1962 3096 cum
2002 3041 2148 3110 LXX,
2195 3055 2339 3095 anno
2372 3045 2556 3096 octavo
2601 3041 2801 3096 decimo
2839 3041 3326 3097 Nabuchodonosor
3364 3057 3462 3097 rem

1827 3135 1975 3202 fecit.
2010 3132 2173 3202 lbid.,
2205 3148 2348 3188 vers.
2372 3135 2426 3200 6,
2463 3135 2548 3200 15,
2574 3135 2664 3204 20,
2703 3136 2978 3202 fornacem
3016 3136 3159 3202 ignis
3194 3135 3459 3199 ardentis,

1829 3225 2098 3296 Lection.,
2135 3241 2266 3280 cum
2303 3225 2448 3296 LXX,
2477 3225 2690 3298 ubique
2731 3226 2903 3282 habet
2941 3227 3238 3282 ardentem.
3295 3226 3458 3294 lbid.,

1827 3334 1970 3374 vers.
2013 3318 2102 3386 94,
2139 3319 2431 3376 Sarabala.
2474 3317 2746 3387 Lection.,
2797 3335 2929 3374 cum
2973 3319 3119 3389 LXX,
3169 3320 3456 3374 sarabara.

1826 3411 1989 3481 lbid.,
2033 3427 2177 3466 vers.
2224 3413 2311 3480 96,
2344 3413 2582 3482 positum
2623 3413 2826 3466 esthoc
2855 3411 3143 3468 decretum.
3181 3411 3456 3483 Lection.,

1827 3519 1958 3558 cum
1979 3504 2126 3570 LXX,
2159 3505 2496 3574 propositum
2519 3507 2598 3558 est
2624 3503 2911 3560 decretum.
2964 3503 3126 3572 lbid.,
3168 3519 3314 3560 vers.
3363 3507 3454 3574 97,

1827 3599 1916 3659 98,
1945 3598 2002 3650 in
2018 3597 2305 3666 provincia
2323 3596 2634 3665 Babylonis.
2655 3596 3162 3654 Nabuchodonosor.
3180 3596 3454 3664 Lection.,

1826 3691 1885 3744 in
1905 3691 2246 3759 provinciam
2270 3689 2587 3758 Babylonis,
2617 3693 2667 3744 et
2685 3691 2902 3759 scripsit
2929 3689 3218 3758 epistulam
3243 3691 3320 3745 sic
3337 3705 3458 3745 con-

1826 3785 2098 3838 tinentem.
2135 3781 2638 3850 Nabuchodonosor,
2663 3797 2791 3854 quae
2830 3778 2998 3837 verba
3039 3781 3214 3837 etiam
3251 3781 3460 3838 desunt

1825 3873 1976 3946 apud
1999 3873 2144 3930 LXX.
2175 3903 2244 3915 -—
2262 3873 2396 3946 Cap.
2429 3890 2502 3943 Ix,
2534 3874 2620 3942 14,
2652 3879 2703 3930 et
2729 3875 2978 3943 vigilavit
3002 3876 3261 3930 Dominus
3296 3890 3458 3946 super

1825 3967 2110 4023 malitiam.
2143 3967 2308 4023 Deest
2325 3982 2488 4038 super
2511 3967 2782 4022 malitiam
2810 3966 2871 4022 in
2893 3966 3262 4023 Lectionario.
3291 3967 3456 4039 lbid.,

1825 4075 1968 4116 vers.
2023 4063 2114 4129 25,
2163 4061 2294 4116 scito
2337 4076 2460 4130 ergo
2500 4064 2552 4116 et
2586 4061 2975 4116 animadverte.
3019 4060 3271 4117 Lection.
3315 4061 3458 4118 Scito

1827 4168 1969 4220 ergo,
1997 4157 2048 4208 et
2068 4153 2269 4222 planta
2293 4168 2500 4217 aurem,
2528 4157 2580 4208 et
2609 4153 2998 4209 animadverte.

1896 4246 2037 4301 Osca
2062 4262 2137 4310 1v,
2163 4249 2248 4310 17,
2276 4246 2485 4302 dimitte
2513 4262 2651 4302 eum.
2676 4246 2944 4316 Lection.,
2973 4247 3207 4303 dimittet
3231 4262 3368 4304 eum.
3390 4278 3458 4289 —

1824 4339 1956 4410 Cap.
1984 4355 2060 4408 v1,
2083 4342 2137 4410 6,
2165 4343 2216 4395 et
2241 4354 2349 4395 non
2367 4341 2709 4410 sacriﬁcium,
2729 4355 2861 4394 cum
2886 4339 3010 4394 LXX
3033 4339 3279 4396 Lection.
3301 4356 3456 4411 vero,

1827 4435 1878 4486 et
1903 4447 2011 4486 non
2025 4433 2324 4501 judicium.

1893 4525 2026 4580 JoaL
2053 4541 2091 4593 ι,
2124 4527 2210 4594 13,
2245 4525 2452 4580 libatio.
2481 4523 2754 4594 Lection.,
2773 4525 2994 4579 oblatio.
3015 4553 3084 4564 --
3109 4523 3242 4594 Cap.
3273 4540 3333 4594 ιι,
3362 4526 3452 4594 23,

1825 4618 2118 4672 serotinum
2159 4618 2299 4671 sicut
2337 4619 2397 4670 in
2437 4618 2730 4686 principio.
2779 4617 2897 4672 Vox
2949 4617 3090 4670 sicut
3133 4616 3288 4672 deest
3335 4633 3455 4673 non

1824 4709 1997 4766 semel
2019 4709 2081 4764 in
2107 4708 2471 4766 Lectionario.
2501 4709 2664 4778 lbid.,
2691 4724 2836 4766 vers.
2863 4711 2954 4779 28,
2987 4711 3240 4780 spiritum
3258 4726 3451 4766 meum.

1824 4802 2094 4870 Lection.,
2122 4803 2186 4857 de
2213 4803 2414 4873 spiritu
2439 4817 2571 4870 meo,
2599 4818 2732 4859 cum
2755 4802 2900 4872 LXX,
2925 4805 2983 4859 et
3008 4801 3086 4857 sic
3110 4801 3250 4874 legit
3277 4803 3450 4858 Lucas

1824 4898 1944 4951 Act.
1971 4912 2034 4963 ιι,
2063 4895 2152 4951 47.

1899 4990 2052 5044 Alios
2080 5003 2200 5056 vm,
2232 4992 2284 5059 5,
2327 4989 2546 5059 quando
2589 4989 2845 5044 transibit
2877 4988 3094 5058 mensis,
3133 5002 3264 5042 cum
3305 4989 3453 5044 LXX.

1827 5080 2102 5152 Lection.,
2128 5083 2334 5150 messis,
2359 5081 2506 5137 forte
2533 5081 2821 5138 mendose.

1896 5175 2137 5231 Musca.
2194 5190 2278 5244 ιιι,
2324 5175 2376 5243 3,
2424 5174 2623 5229 colabit
2665 5189 2771 5228 eos.
2807 5173 3078 5244 Lection.,
3120 5189 3251 5229 cum
3305 5173 3453 5246 LXX,

1825 5267 2076 5335 conﬂabit
2103 5281 2208 5336 eos,
2262 5265 2486 5321 rectius.
2539 5265 2699 5336 lbid.,
2746 5281 2888 5321 vers.
2932 5268 2987 5337 8,
3030 5269 3349 5339 conﬁrimus
3384 5273 3453 5338 te,

1823 5375 1956 5414 cum
1979 5359 2123 5428 LXX,
2152 5374 2256 5430 pro
2283 5359 2596 5428 conﬁgimus
2646 5363 2715 5428 te,
2757 5359 2909 5431 quod
2961 5362 3044 5416 est
3086 5361 3148 5416 in
3193 5360 3452 5432 Vulgata.

1825 5451 1988 5521 lbid.,
2019 5466 2160 5508 vers.
2206 5455 2292 5519 17,
2319 5456 2476 5506 erunt
2497 5454 2650 5508 mihi.
2680 5453 2952 5526 Lection.,
2985 5459 3146 5511 erunt
3171 5457 3306 5512 mihi
3335 5471 3454 5511 oves

1825 5560 1970 5601 meas.
1998 5575 2067 5585 —-
2098 5545 2236 5617 Cap.
2267 5560 2344 5612 Iv,
2385 5548 2436 5608 1,
2474 5547 2700 5614 stipula.
2736 5547 3008 5618 Lection.,
3051 5550 3194 5604 sicut
3225 5550 3448 5620 stipula.

1826 5639 1993 5694 Deest
2017 5641 2212 5695 tamen
2236 5638 2359 5695 haec
2381 5637 2653 5710 particula
2675 5640 2827 5712 apud
2860 5641 3005 5712 LXX,
3031 5641 3162 5698 licet
3173 5639 3442 5697 subintel-

1824 5731 2056 5804 ligatur.

2246 5825 2314 5882 IN
2352 5823 2532 5881 ΝΟνο
2569 5825 3030 5882 ΤΕΞΤΑΜΕΝΤΟ.

1900 5917 2109 5977 Manu.
2138 5935 2214 5991 γι,
2252 5921 2337 5992 11,
2364 5919 2954 5991 supersubstantialem.
2993 5910 3260 5979 Lection.,
3305 5913 3448 5972 Coti-
