3970 6442
431 435 533 490 443

1214 437 1548 493 ΑΡΡΕΝΒΙΧ
1581 437 1670 494 ΑΙ)
1709 437 1930 494 ΟΡΕΒΑ
1965 434 2198 492 SANCTI
2234 435 2534 492 GERMANI
2570 436 2996 492 PARISIENSIS.

3719 433 3830 504 444,

441 544 702 612 dianum;
730 547 788 602 et
805 560 946 601 vers.
975 547 1066 610 20,
1106 549 1448 618 conterminat,
1493 565 1596 621 pro
1635 549 1959 614 demolitur;
2005 550 2064 604 et
2081 555 2142 630 Α
2160 544 2281 600 haec
2308 561 2452 602 vers.
2483 548 2570 617 33,
2603 548 2774 602 omnis
2801 547 2988 602 domus
3013 544 3152 615 ejus.
3172 541 3448 614 Lection.,
3473 555 3668 599 omnes
3695 541 3826 613 ejus

439 653 584 694 vers.
611 641 700 708 23,
718 643 939 709 quantae
961 643 1110 710 sunt,
1136 657 1240 712 pro
1260 647 1480 713 quantae
1503 647 1696 710 erunt;
1717 647 1774 698 et
1795 657 1940 696 vers.
1969 643 2060 711 25,

437 731 571 800 quid
595 732 953 797 manducetis,
979 739 1078 790 aut
1103 735 1238 805 quid
1259 735 1474 804 bibatis,
1493 751 1684 806 neque,
1705 751 1836 790 cum
1846 734 2060 802 Graeco,

437 839 540 895 pro
587 826 722 894 quid
754 827 1108 892 manducetis,
1163 845 1364 899 neque;
1423 833 1480 886 et
1522 845 1666 886 vers.
1710 832 1798 900 33,
1843 829 2065 899 quzrite

435 921 634 982 autem,
661 935 794 974 cum
816 919 1028 989 Graeco,
1049 937 1152 999 pro
1186 925 1409 993 quwrite
1439 939 1657 992 ergo.—
1700 924 1834 996 Cap.
1875 937 2062 985 xxvm,

439 1011 492 1073 3,
517 1015 568 1066 et
589 1013 907 1068 vestimenta
931 1015 1048 1083 ejus
1073 1017 1213 1070 sicut
1236 1018 1352 1071 nire.
1386 1017 1660 1085 Lection.,
1694 1017 2067 1074 vestimentum

437 1104 554 1173 ejus
579 1105 875 1161 candidum
893 1108 1035 1162 sicut
1055 1111 1174 1173 nim,
1204 1125 1334 1164 cum
1358 1109 1568 1166 Graeco.

507 1196 702 1270 473
734 1200 906 1255 Mane.
934 1216 1044 1264 xvr,
1079 1202 1161 1270 14,
1187 1205 1548 1259 resurrea-isse
1566 1219 1675 1259 non
1700 1205 2061 1260 crediderunt.

437 1289 710 1361 Lection.,
742 1296 1105 1350 resurrewisse
1147 1297 1534 1352 nunciantibus
1559 1298 1674 1353 illis
1699 1313 1807 1353 non
1833 1297 2068 1352 credide-

438 1387 590 1440 runt.

506 1477 640 1547 Luc,
668 1493 728 1548 ιι,
755 1481 809 1548 2,
833 1495 868 1533 a
881 1481 1138 1548 preside.
1167 1480 1438 1552 Lection.,
1461 1484 1559 1538 sub
1579 1484 1910 1553 praside.—
1929 1483 2064 1556 Cap.

439 1585 535 1638 xu,
557 1572 648 1640 31,
675 1574 899 1640 quaerite
915 1575 1176 1643 primum,
1206 1575 1369 1630 Deest
1397 1575 1455 1630 in
1483 1576 1750 1647 Lection.,
1787 1580 2064 1648 primum;

437 1666 492 1716 et
517 1662 578 1718 in
607 1663 833 1734 Graeco;
865 1664 1028 1733 ibid.,
1055 1681 1201 1722 vers.
1226 1667 1315 1736 43,
1345 1671 1554 1724 venerit
1576 1671 1858 1726 Dominus.
1901 1670 2070 1726 Addit

435 1754 704 1825 Lection.,
743 1758 914 1820 illius,
944 1774 1076 1813 cum
1101 1759 1312 1816 Grmco.
1343 1791 1412 1800 —-
1435 1762 1568 1832 Cap.
1596 1779 1707 1833 xxv,
1765 1767 1849 1833 12,
1897 1779 2068 1834 neque

433 1850 636 1904 vicinos
661 1849 875 1905 divites.
903 1850 1172 1920 Lection.,
1204 1869 1374 1923 neque
1401 1857 1624 1919 vicinos,
1654 1872 1825 1926 neque
1852 1857 2062 1913 divites.

2163 655 2294 694 cum
2319 639 2548 695 Graecis.

2644 739 2706 784 ΙΝ
2748 738 3066 784 EPISTOLIS
3107 737 3311 783 PAULI.

2233 825 2381 880 Rom.
2410 839 2526 895 VIII,
2559 827 2612 894 3,
2639 824 2968 893 impossibile
2986 828 3104 878 erat
3129 823 3266 891 legi;
3287 821 3348 877 in
3366 821 3622 878 Lection.
3656 823 3825 891 legis,

2165 920 2230 972 ut
2253 917 2313 973 in
2337 917 2548 988 Graeco,
2577 923 2748 989 νομοῦ.
2796 919 2864 972 Et
2903 933 3048 972 vers.
3089 919 3176 986 16,
3215 917 3332 985 ipse
3373 917 3520 970 enim
3562 918 3831 986 spiritus.

2165 1011 2330 1067 Deest
2351 1011 2413 1066 in
2441 1015 2683 1083 utroque
2707 1009 2982 1082 particula
3011 1011 3172 1064 enim.
3197 1009 3343 1063 Tum
3370 1023 3522 1064 vers.
3562 1012 3659 1079 23,
3687 1010 3833 1079 ﬁlio-

2164 1121 2288 1161 rum
2314 1110 2431 1162 Dei.
2458 1107 2626 1161 Deest
2649 1103 2956 1176 utrobique
2981 1105 3173 1158 Dei.—
3199 1101 3339 1174 Cap.
3366 1118 3464 1168 xv,
3497 1105 3592 1173 22,
3625 1107 3681 1157 et
3697 1118 3834 1174 pro-

2166 1203 2367 1258 hibitus
2394 1215 2515 1255 sum
2536 1213 2707 1268 usque
2749 1198 2946 1252 adhuc.
2974 1197 3136 1252 Deest
3163 1195 3224 1252 in
3260 1195 3624 1252 Lectionario
3673 1199 3737 1252 et
3770 1196 3832 1252 in

2165 1295 2378 1351 Graeco.
2400 1291 2565 1362 Ibid.,
2591 1306 2741 1347 vers.
2756 1293 2847 1359 29,
2863 1291 3167 1358 Evangelii.
3194 1290 3360 1346 Deest
3383 1289 3446 1345 in
3471 1289 3828 1358 Lectionar.,

2167 1402 2493 1460 quanquam
2521 1385 2766 1440 habetur
2793 1383 2854 1438 in
2880 1385 3094 1438 Graeco.

2238 1482 2260 1535 Ι
2288 1481 2422 1536 Con.
2455 1495 2552 1548 vn,
2581 1481 2672 1547 39,
2721 1477 2951 1532 liberata
2986 1480 3082 1531 est.
3115 1475 3368 1532 Lection.
3399 1475 3583 1546 addit,
3618 1493 3658 1531 a
3690 1479 3830 1545 lege.

2165 1603 2234 1615 —
2264 1574 2398 1644 Cap.
2422 1588 2476 1642 x,
2503 1575 2589 1640 17,
2620 1571 2685 1625 de
2713 1585 2820 1624 uno
2842 1585 2990 1638 pane
3003 1571 3429 1640 participamus.
3449 1569 3742 1639 Lection.,
3766 1571 3834 1624 de

2166 1683 2273 1721 uno
2294 1681 2442 1736 pane
2471 1669 2522 1718 et
2557 1665 2624 1718 de
2647 1678 2755 1718 uno
2783 1648 2946 1717 calice
2971 1664 3235 1734 particip.
3282 1653 3344 1716 In
3377 1678 3530 1718 nova
3571 1662 3836 1718 editione

2165 1759 2358 1814 Graeca
2383 1755 2686 1813 Oxoniensi
2704 1755 2938 1827 quidam
2978 1755 3156 1810 Graeci
3193 1755 3426 1811 Codices
3461 1754 3544 1810 ita
3582 1755 3831 1813 habent.

2166 1883 2235 1894 ——
2257 1853 2390 1924 Cap.
2437 1867 2531 1918 xv,
2579 1853 2670 1919 21,
2719 1849 2975 1918 quoniam
3018 1849 3256 1918 quidem,
3298 1863 3433 1903 cum
3469 1849 3722 1917 Graecis;
3776 1853 3838 1905 at

435 1940 542 1996 Sed
565 1941 916 2012 praeferenda
942 1945 1206 2016 Vulgata,
1233 1922 1327 2001 cui
1351 1948 1572 2003 Graecus
1597 1922 1784 2004 textus
1811 1949 1980 2006 favet.
1997 1980 2066 1990 —
2086 1922 2142 1994 B
2165 1922 2438 2013 Lection.,
2468 1960 2586 1998 non
2614 1941 2808 2012 semel,
2842 1943 3099 2010 quoniam
3127 1943 3288 1996 enim.
3319 1940 3483 2009 Ibid.,
3527 1958 3688 1996 vers.
3739 1946 3834 2012 52,

436 2033 572 2104 Cap.
600 2050 747 2104 xxrv,
771 2036 860 2104 24,
889 2039 1071 2106 ipsum
1106 2055 1230 2094 vero
1264 2055 1375 2094 non
1413 2042 1758 2098 invenerunt.
1795 2041 2065 2108 Lection.,

437 2127 617 2195 ipsum
643 2143 767 2183 vero
785 2144 896 2183 non
917 2131 1192 2198 viderunt,
1221 2148 1353 2187 cum
1380 2133 1592 2189 Graeco.

509 2219 672 2274 10m.
707 2235 768 2289 ιι,
799 2223 886 2290 10,
923 2237 1043 2278 cum
1072 2225 1330 2280 inebriati
1350 2228 1582 2293 fuerint.
1614 2227 1860 2283 Lection.
1889 2229 2064 2299 addit,

439 2314 687 2367 convivae.
714 2343 784 2354 -—-
809 2314 944 2386 Cap.
970 2333 1025 2386 x,
1063 2321 1149 2387 11,
1170 2320 1351 2388 ponit,
1381 2334 1513 2374 cum
1539 2319 1754 2389 Graeco,
1801 2337 1905 2392 pro
1945 2321 2062 2385 dat,

438 2405 591 2476 quod
615 2405 826 2477 legitur
850 2407 911 2462 in
935 2409 1190 2480 Vulgata.
1209 2440 1276 2450 -—
1302 2411 1434 2482 Cap.
1455 2427 1531 2478 ιιι,
1568 2415 1653 2481 10,
1681 2415 1732 2467 si
1753 2419 1932 2469 autem
1961 2430 2072 2468 am-

439 2497 720 2554 bulaverit.
749 2499 1016 2570 Lection.,
1047 2517 1178 2556 cum
1207 2504 1420 2571 Grazco,
1451 2507 1501 2560 si
1523 2507 1643 2574 quis
1691 2507 2068 2563 ambulaverit.

439 2619 508 2630 —
532 2591 666 2663 Cap.
696 2607 794 2656 xu,
830 2597 882 2664 6,
917 2595 1198 2664 portabat.
1241 2595 1510 2665 Lection.,
1557 2601 1900 2668 exportabat,
1943 2615 2072 2671 quae

437 2682 598 2739 lectio
646 2684 794 2741 favet
827 2685 1132 2742 doctissimi
1176 2689 1358 2744 Huetii
1409 2689 1892 2762 interpretationi,
1973 2692 2073 2764 qui

437 2777 674 2832 verbum
685 2785 936 2844 ἐϐάσταζεν
953 2780 1191 2836 hocloco
1211 2781 1281 2837 de
1294 2781 1446 2837 furto
1469 2782 1894 2854 interpretatur.
1917 2785 2072 2841 Idem

438 2883 584 2924 vers.
611 2873 664 2940 8,
693 2871 956 2926 habebitis
980 2871 1040 2927 in
1069 2873 1434 2944 Lectionario,
1463 2891 1566 2946 pro
1591 2876 1818 2931 habetis.

819 2978 884 3022 IN
921 2975 1178 3025 ACTIBUS
1220 2980 1697 3028 APOSTOLOBUM.

509 3057 644 3111 Acr.
670 3073 708 3127 ι,
737 3059 793 3122 2,
809 3073 910 3128 per
935 3058 1202 3128 Spiritum
1229 3065 1476 3116 sanctum
1501 3062 1830 3131 quosjelegit,
1857 3076 2069 3118 assum-

433 3153 566 3218 ptus
591 3154 669 3204 est
685 3165 705 3200 :
731 3151 926 3220 quibus
945 3156 998 3206 et
1009 3153 1248 3222 prwbuit
1271 3168 1346 3208 se.
1373 3153 1646 3224 Lection.,
1671 3171 1774 3224 per
1801 3154 2072 3224 Spiritum

439 3247 687 3298 sanctum
702 3245 1008 3312 pradicare
1034 3247 1410 3314 Evangelium,
1425 3263 1557 3318 quos
1583 3251 1634 3302 et
1651 3249 1810 3316 elegit
1835 3261 1852 3297 :
1875 3249 2070 3319 quibus
2089 3278 2144 3352 Ο

441 3336 602 3390 etiam
619 3337 854 3405 praebuit
881 3353 956 3392 se.
985 3339 1127 3393 Tum
1149 3355 1292 3394 vers.
1335 3340 1369 3394 4
1393 3356 1407 3394 :
1452 3343 1524 3395 Et
1556 3355 1676 3396 cum
1723 3355 2068 3396 conversare-

441 3433 532 3482 tur
554 3443 673 3484 cum
695 3431 828 3494 illis,
848 3433 1108 3500 praecepit
1125 3435 1219 3488 eis.
1235 3433 1466 3498 Deinde,
1498 3433 1906 3504 baptizabimini
1941 3435 2067 3505 Spi—

438 3523 549 3575 ritu
569 3511 772 3586 sancto,
803 3539 959 3593 quem
983 3527 1260 3595 accepturi
1283 3529 1411 3580 estis
1437 3542 1549 3582 non
1575 3532 1704 3596 post
1744 3529 1942 3583 multos
1975 3529 2070 3583 hos

438 3615 646 3670 dies.-—
660 3616 792 3688 Cap.
817 3633 876 3687 ιι,
897 3621 986 3686 33,
1005 3619 1200 3674 videtis
1223 3623 1274 3673 et
1287 3619 1538 3688 auditis.,
1558 3619 1728 3676 etiam
1753 3621 1815 3675 in
1840 3621 2066 3691 Graeco;

438 3713 502 3764 ut
530 3708 590 3764 in
618 3709 888 3780 Lection.,
909 3711 1130 3768 vidistis
1156 3718 1208 3768 et
1231 3714 1484 3768 audistis.
1501 3743 1571 3754 --
1590 3713 1722 3785 Cap.
1743 3729 1826 3785 ιιι,
1852 3717 1938 3784 12,
1963 3717 2070 3770 vir-

440 3805 550 3858 tute
573 3807 673 3858 aut
678 3809 944 3874 potestate
963 3823 982 3872 ;
1004 3805 1063 3860 in
1081 3805 1350 3875 Lection.,
1366 3809 1566 3862 virtute
1584 3812 1636 3862 et
1641 3809 1851 3876 pietate
1870 3825 1888 3874 ;
1923 3809 2071 3863 Grae-

439 3894 535 3963 cis,
591 3903 830 3953 εῠσέδιια.
885 3927 954 3939 -—
1004 3897 1140 3969 Cap.
1187 3915 1241 3965 v,
1291 3900 1382 3962 24,
1437 3901 1733 3969 principes.
1795 3899 2066 3970 Lection.,

432 3991 708 4058 princeps:
736 3990 947 4057 Greece,
976 3997 1142 4062 ἱερεὺς.
1179 3992 1316 4045 Item
1345 4007 1489 4047 vers.
1521 3995 1610 4059 36,
1639 4007 1744 4062 pro
1767 3995 1864 4062 qui
1887 3994 2068 4048 crede-

440 4081 590 4144 bant,
641 4081 884 4137 Lection.
909 4123 923 4148 ,
978 4085 1302 4152 quicumque
1353 4085 1670 4152 credebant;
1729 4085 1791 4139 in
1853 4086 2066 4154 Graeco,

437 4179 562 4228 ὅσοι.
590 4175 730 4228 Item
755 4191 900 4230 vers.
923 4176 1017 4242 40,
1047 4175 1147 4231 ubi
1165 4176 1226 4230 in
1254 4176 1511 4247 Vulgata,
1534 4193 1601 4233 ne
1625 4179 1841 4233 omnino
1884 4179 2066 4248 loque-

436 4270 646 4337 rentur,
677 4267 1021 4323 Lectionario
1059 4269 1214 4325 deest
1253 4271 1490 4332 omnino,
1529 4273 1596 4326 ut
1632 4271 1802 4326 etiam
1841 4271 2064 4327 Graecis.

439 4389 508 4400 —
535 4360 668 4431 Cap.
701 4377 775 4430 νι,
806 4363 893 4432 10,
919 4363 1121 4431 spiritu
1151 4365 1248 4433 qui
1276 4363 1613 4433 loquebatur.
1654 4363 1922 4431 Lection.,
1963 4381 2067 4434 quo

439 4453 776 4522 loquebatur,
805 4470 936 4509 cum
978 4455 1205 4512 Graecis.
1243 4457 1386 4510 Tum
1430 4472 1576 4511 vers.
1611 4459 1696 4526 13,
1743 4457 1910 4512 verba
1949 4458 2064 4514 bla-

436 4546 686 4614 sphemia
712 4545 892 4616 (sicin
928 4548 1135 4620 Graeco)
1186 4549 1448 4604 adversus
1493 4551 1665 4604 locum
1707 4555 1974 4614 sanctum,
2017 4555 2068 4605 et

2166 2042 2322 2093 canet
2357 2039 2500 2092 enim
2545 2036 2698 2092 tuba.
2733 2035 2896 2090 Deest
2921 2033 3142 2089 duobus
3187 2033 3251 2089 in
3294 2033 3432 2088 locis
3481 2034 3838 2092 Lectionarii

2168 2132 2321 2186 tuba.
2347 2132 2612 2184 Attamen
2633 2127 2934 2199 Gregorius
2956 2125 3302 2183 Turonensis
3345 2125 3674 2200 episcopus,
3694 2129 3837 2183 tuba

2167 2223 2307 2294 legit
2333 2222 2395 2277 in
2420 2221 2680 2276 Historiae
2706 2219 2803 2274 lib.
2837 2236 2872 2276 ιι
2901 2235 3024 2291 cap.
3061 2222 3145 2275 13.

2239 2316 2436 2372 Guar.
2467 2331 2522 2383 v,
2557 2316 2642 2383 13,
2674 2315 2955 2368 caritatem
2981 2314 3244 2382 spiritus;
3269 2311 3332 2368 in
3355 2311 3615 2368 Lection.
3669 2313 3839 2370 deest

2169 2410 2418 2478 spiritus,
2444 2407 2588 2462 sicut
2611 2405 2780 2462 etiam
2803 2406 2864 2460 in
2892 2405 3102 2461 Graeco.
3141 2405 3306 2475 Ibid.,
3343 2421 3488 2461 vers.
3521 2408 3620 2474 20,
3655 2406 3837 2462 haere-

2170 2517 2272 2564 ses,
2298 2517 2402 2572 pro
2427 2505 2598 2556 sectae.
2624 2499 2787 2568 Ibid.,
2817 2514 2956 2554 vers.
2989 2501 3079 2567 22,
3109 2497 3170 2553 in
3211 2497 3567 2554 Lectionario
3601 2499 3839 2557 fructus

2171 2593 2400 2665 spiritus
2421 2596 2642 2648 tantum
2669 2592 2867 2648 decem
2885 2597 3263 2648 numerantur
3281 2593 3391 2647 hoc
3409 2593 3618 2649 ordine
3643 2613 3660 2650 :
3695 2596 3840 2652 Cha-

2169 2691 2327 2750 ritas,
2349 2687 2632 2755 gaudium,
2644 2701 2782 2754 pasc,
2807 2687 3102 2755 patientia,
3145 2686 3558 2754 longanimitas,
3583 2687 3836 2752 bonitas,

2173 2782 2498 2849 benignitas,
2521 2779 2676 2850 ﬁdes,
2702 2779 2985 2842 modestia,
3017 2781 3370 2834 continentia.
3400 2780 3462 2834 In
3485 2779 3690 2836 Graeco
3708 2785 3841 2837 tan-

2171 2877 2294 2928 tum
2315 2887 2540 2941 novem,
2569 2871 2666 2926 sed
2693 2879 2998 2944 μακροθυμία
3022 2871 3256 2942 ponitur
3294 2888 3400 2943 pro
3439 2875 3733 2944 patientia
3779 2880 3842 2932 et

2171 2967 2599 3034 longanimitate.
2628 2995 2697 3005 —
2721 2965 2852 3036 Cap.
2881 2980 2955 3032 v1,
2991 2967 3078 3035 12,
3107 2966 3434 3035 quicumque
3451 2969 3621 3030 enim,
3669 2967 3842 3024 deest

2171 3061 2311 3114 enim
2332 3059 2393 3114 in
2419 3057 2771 3114 Lectionario
2797 3060 2854 3113 et
2877 3057 2939 3112 in
2968 3061 3128 3113 textu
3157 3058 3372 3113 Graeco.
3410 3059 3475 3115 ln
3511 3060 3840 3117 Oxoniensi

2171 3155 2364 3207 tamen
2392 3151 2636 3208 editione
2659 3150 2894 3223 quidam
2921 3150 3150 3208 Codices
3173 3154 3448 3208 notantur
3487 3169 3598 3224 pro
3641 3155 3836 3226 parti-

2170 3245 2295 3300 cula
2318 3252 2426 3317 γὰρ.
3299 3266 3308 3272 ’

2239 3339 2435 3392 Ernss.
2481 3353 2556 3400 ιν,
2589 3339 2678 3401 22,
2731 3337 3082 3407 adimpletur.
3123 3337 3398 3407 Lection.,
3447 3340 3726 3412 adimplet
3774 3345 3840 3398 in

2169 3430 2378 3486 Christo
2405 3433 2552 3494 Jesu,
2595 3433 2811 3502 Anceps
2857 3434 2942 3486 est
2973 3429 3341 3502 participium
3373 3432 3642 3490 Graecum
3689 3443 3830 3502 πλη-

2170 3531 2424 3596 ρονμένου.
2447 3553 2515 3564 -
2540 3524 2671 3594 Cap.
2701 3539 2760 3592 Il,
2792 3526 2882 3594 22,
2909 3526 2968 3578 in
2996 3526 3217 3594 spiritu.
3263 3524 3540 3594 Lection.,
3586 3529 3652 3583 in
3696 3530 3834 3600 Spi-

2167 3619 2282 3673 ritu
2309 3621 2512 3673 sancto.
2544 3619 2616 3672 At
2637 3621 2825 3672 sancto
2850 3617 3132 3673 redundat
3171 3618 3489 3674 secundum
3533 3621 3738 3676 Graeca
3777 3628 3840 3678 et

2167 3709 2532 3766 Ambrosium
2574 3713 2744 3782 atque
2772 3709 3198 3782 Hieronymum.
3227 3741 3298 3750 —-
3343 3712 3480 3783 Cap.
3519 3729 3577 3783 v,
3625 3717 3718 3785 18,
3771 3719 3837 3772 in

2169 3819 2273 3874 quo
2300 3807 2378 3860 est
2403 3805 2646 3859 luxuria.
2673 3802 2944 3874 Lection.,
2973 3805 3035 3859 in
3060 3820 3165 3874 quo
3211 3809 3290 3860 est
3327 3808 3503 3862 omnis
3553 3807 3834 3878 lua'um‘a;

2167 3896 2228 3952 in
2251 3897 2463 3964 Graeco,
2482 3895 2831 3968 simpliciter,
2861 3903 3066 3953 ἀσωτία.

2239 3991 2407 4046 Hann.
2434 4005 2510 4059 ιιι,
2541 3992 2594 4058 6,
2617 3990 2834 4058 placere
2862 3991 2987 4044 Deo.
3017 3991 3184 4046 Deest
3208 3993 3316 4046 Deo
3361 3991 3424 4046 in
3459 3991 3833 4052 Lectionario

2167 4085 2226 4138 et
2269 4081 2330 4138 in
2367 4085 2529 4138 textu
2569 4081 2781 4152 Graeco,
2825 4080 3002 4137 etiam
3046 4082 3200 4155 apud
3232 4083 3713 4155 Chrysostomum
3773 4093 3837 4144 et

2166 4173 2670 4246 Theophylactum.
2742 4173 2903 4244 Ibid.,
2949 4190 3093 4230 vers.
3141 4178 3232 4245 21,
3287 4178 3583 4246 fastigium
3628 4182 3831 4250 virgae.

2167 4267 2437 4335 Lection.,
2463 4269 2769 4334 fastigium,
2796 4283 3052 4322 cacumen
3075 4270 3263 4336 virga,
3284 4268 3386 4324 ubi
3410 4269 3834 4342 duplexversio

2165 4359 2314 4436 vocis
2337 4360 2544 4414 Graecae
2569 4365 2623 4416 τὸ
2649 4366 2814 4430 ἄκρον,
2844 4363 2908 4414 ut
2933 4359 3106 4415 etiam
3129 4360 3282 4416 infra
3304 4377 3452 4418 vers.
3484 4364 3556 4419 24
3597 4365 3662 4420 in
3712 4367 3829 4423 Le-

2165 4451 2434 4510 ctionario
2473 4453 2602 4516 dici,
2649 4468 2781 4516 esse,
2829 4468 2934 4524 pro
2970 4453 3162 4509 Graeco
3211 4461 3450 4524 λέγεσθαι.
3489 4457 3687 4514 Potius
3741 4466 3835 4516 est

2165 4546 2319 4618 quod
2341 4561 2485 4602 vers.
2515 4548 2586 4602 25
2613 4544 2824 4617 legitur
2847 4562 2978 4601 cum
2995 4547 3206 4618 Graeco,
3231 4551 3584 4618 temporalem
3603 4558 3837 4622 peccati

435 4641 622 4701 Deum,
654 4644 705 4694 et
733 4641 918 4710 legem,
953 4640 1052 4695 ubi
1082 4641 1292 4713 legitur
1318 4641 1378 4696 in
1396 4641 1650 4714 Vulgata,
1680 4643 1843 4697 verba
1869 4643 2063 4698 adver-
2082 4639 2578 4715 Djucunditatem,
2605 4653 2721 4693 non
2746 4640 3079 4708 temporalis,
3103 4645 3169 4696 ut
3195 4641 3257 4697 in
3282 4642 3556 4713 Vulgata;
3585 4649 3645 4700 et
3661 4645 3820 4702 vers.

435 4745 528 4784 sus
562 4732 733 4786 locum
757 4737 1022 4797 sanctum,
1050 4739 1099 4788 et
1119 4735 1303 4802 legem.
1331 4765 1400 4776 -—
1423 4735 1558 4806 Cap.
1586 4751 1680 4802 vn,
1723 4739 1813 4806 59,
1865 4736 2062 4791 obdor-

435 4825 590 4879 mivit
617 4826 676 4879 in
699 4827 942 4880 Domino.
969 4826 1218 4882 Lection.
1251 4827 1408 4883 deest
1430 4831 1491 4882 in
1513 4830 1757 4891 Domino,
1796 4828 1882 4883 uti
1910 4832 1968 4884 et
2003 4829 2066 4884 in

432 4917 729 4973 Graeco.—-
754 4919 890 4990 Cap.
922 4935 1019 4987 xu,
1048 4922 1101 4988 8,
1147 4921 1353 4988 caligas
1389 4924 1534 4975 tuas.
1576 4919 1847 4989 Lection.,
1890 4922 2056 4989 galli-

433 5011 582 5067 culas
602 5016 756 5078 tuas;
785 5011 1010 5082 Graecis,
1036 5019 1098 5068 τὰ
1119 5019 1366 5069 σανδάλια.
1383 5012 1522 5068 Item
1539 5028 1684 5068 vers.
1716 5016 1800 5082 13,
1807 5014 2066 5082 pulsante

433 5109 612 5159 autem
641 5121 698 5158 eo
723 5107 919 5160 ostium
936 5107 1148 5176 januae,
1179 5107 1463 5176 processit,
1506 5109 1571 5160 ut
1613 5105 1675 5160 in
1707 5105 1918 5161 Graeco.
1959 5107 2064 5162 Le-

435 5196 628 5263 ction.,
659 5198 916 5266 pulsante
941 5203 1120 5254 autem
1149 5214 1229 5262 eo,
1257 5199 1333 5254 ad
1344 5200 1581 5268 januam
1599 5201 1879 5269 processit.
1922 5200 2066 5255 Tum

434 5305 580 5344 vers.
610 5289 696 5358 14,
724 5294 786 5344 ut
802 5294 1128 5358 cognovisset
1147 5308 1340 5347 nomen
1371 5294 1540 5356 Petri,
1576 5308 1680 5364 pro
1720 5297 1784 5348 ut
1824 5295 2068 5360 cognovit

435 5397 611 5435 vocem
638 5382 804 5444 Petri,
830 5382 1003 5464 etiam
1028 5384 1234 5440 Greece.
1263 5415 1331 5425 ——
1353 5386 1490 5457 Cap.
1513 5401 1632 5456 xm,
1661 5387 1752 5454 20,
1795 5387 2062 5456 quadrin-

435 5476 614 5541 gintos
644 5478 694 5528 et
717 5477 1136 5544 quinquaginta,
1167 5479 1233 5532 ut
1255 5477 1314 5532 in
1361 5479 1571 5534 Graeco.
1610 5478 1879 5548 Lection.,
1925 5495 2064 5548 qua-

440 5567 754 5635 dringentos
780 5572 830 5621 et
855 5569 1244 5637 quadraginta.
1270 5571 1412 5624 Tum
1440 5586 1584 5626 vers.
1611 5573 1700 5639 37,
1727 5573 2008 5627 suscitavit
2031 5587 2068 5628 a

434 5663 680 5716 mortuis.
707 5661 871 5716 Deest
897 5677 932 5716 a
954 5665 1180 5716 mortuis
1208 5661 1270 5716 in
1293 5662 1544 5718 Lection.
1573 5666 1630 5716 et
1655 5661 1717 5717 in
1744 5663 1956 5720 Graeco.
1996 5695 2067 5706 —

436 5755 568 5826 Cap.
606 5770 719 5821 xvx,
763 5756 852 5823 22,
889 5757 1146 5810 cucurrit.
1189 5754 1458 5825 Lection.,
1506 5745 1812 5824 concurrit,-
1849 5757 2059 5828 Graece,

437 5855 717 5912 συνεπέστη.
763 5847 971 5904 Deinde
1014 5845 1212 5920 4⁸74
1266 5862 1408 5901 vers.
1475 5847 1566 5913 24,
1620 5849 1844 5904 strinmit
1898 5851 2064 5918 ligno.

440 5938 713 6012 Lection.,
740 5943 802 6000 in
842 5943 1012 6016 ligno,
1065 5957 1171 6016 pro
1217 5941 1280 5998 in
1321 5939 1563 6013 lignum;
1603 5947 1670 6006 εἰς
1689 5947 1745 5999 τὸ
1767 5946 1922 6016 ξύλον,
1985 5943 2068 6001 Ad

2162 4735 2253 4800 30,
2279 4737 2508 4788 ruerunt
2536 4733 2753 4786 circuiti
2779 4747 2910 4786 cum
2936 4732 3152 4804 Graeco,
3179 4733 3281 4789 ubi
3317 4735 3378 4790 in
3405 4735 3670 4809 Vulgata,
3701 4755 3825 4795 cor-

2161 4829 2393 4882 ruerunt
2419 4827 2671 4880 circuitu.
2698 4853 2768 4865 —
2807 4824 2940 4896 Cap.
2973 4841 3092 4890 x111,
3126 4831 3179 4897 1,
3204 4832 3424 4884 maneat
3450 4830 3513 4884 in
3537 4831 3718 4887 vobis.
3752 4834 3822 4889 In

2161 4917 2508 4975 Lectionario
2528 4917 2684 4973 deest
2705 4919 2766 4972 in
2792 4918 2964 4986 vobis,
2992 4922 3164 4992 atque
3191 4919 3252 4976 in
3292 4921 3488 4976 Graeco
3502 4939 3522 4992 ;
3566 4927 3628 4980 et
3664 4941 3819 4982 vers.

2164 5014 2218 5081 9,
2248 5011 2505 5074 stabiliri,
2535 5025 2640 5082 pro
2666 5011 2930 5066 stabilire.

2574 5117 2638 5161 IN
2681 5116 2996 5163 EPISTOLIS
3039 5117 3387 5164 CANONICIS.

2236 5197 2358 5269 47
2369 5195 2428 5270 5
2441 5197 2633 5254 ΙΑεοΒι
2646 5212 2766 5268 cap.
2789 5213 2828 5268 ι,
2843 5200 2896 5268 8,
2913 5200 3234 5256 inconstans
3249 5205 3346 5256 est.
3367 5200 3536 5257 Deest
3547 5202 3613 5259 in
3626 5205 3826 5263 Lectio

2164 5291 2324 5346 nario
2350 5293 2406 5346 et
2435 5290 2496 5346 in
2520 5289 2710 5346 Graeco
2739 5295 2836 5346 est.
2863 5291 3018 5347 Vers.
3051 5295 3139 5362 11,
3183 5294 3493 5351 itineribus.
3531 5296 3822 5374 Lection.,

2164 5385 2473 5440 honoribus.
2523 5383 2777 5456 Vulgatse
2827 5384 3106 5441 consentit
3149 5389 3339 5442 textus
3398 5387 3667 5464 Graecus,
3718 5396 3826 5451 sed

2163 5482 2358 5534 tamen
2380 5477 2713 5534 Lectionarii
2738 5476 2972 5533 variatio
2998 5493 3118 5535 non
3141 5479 3469 5536 temnenda.
3518 5484 3682 5542 Vers.
3727 5491 3823 5545 18.

2164 5572 2469 5626 voluntarie
2525 5574 2687 5627 enim.
2731 5571 2901 5627 Deest
2943 5574 3086 5628 enim
3127 5571 3190 5628 in
3231 5572 3590 5632 Lectionario
3644 5583 3706 5636 et
3756 5581 3825 5638 in

2166 5664 2381 5734 Graeco,
2399 5667 2456 5720 et
2474 5681 2619 5721 vers.
2636 5665 2704 5720 26
2725 5663 2881 5720 deest
2906 5669 3088 5720 autem
3105 5665 3168 5722 in
3191 5669 3462 5738 utroque.
3478 5699 3550 5711 —-
3570 5669 3712 5744 Cap.
3730 5690 3821 5745 ιιι,

2171 5761 2256 5827 12,
2281 5773 2434 5812 uvas.
2463 5757 2740 5823 Lection.,
2767 5772 2897 5810 cum
2918 5757 3131 5828 Graeco,
3163 5759 3356 5815 olivas.
3386 5791 3457 5802 —
3478 5762 3620 5836 Cap.
3661 5783 3716 5837 v,
3760 5771 3820 5836 3,

2167 5851 2571 5906 thesaurizastis
2602 5849 2751 5905 vobis
2775 5850 2916 5904 iram
2935 5851 2996 5904 in
3021 5851 3210 5907 diebus
3232 5855 3566 5912 novissimis.
3594 5858 3818 5916 Lectio-

2167 5959 2316 6017 nar.,
2343 5959 2478 6002 cum
2502 5943 2712 6016 Graeco,
2743 5942 3125 6004 thesaurizatis
3149 5947 3210 6005 in
3247 5945 3440 6008 diebus
3475 5955 3820 6013 novissimis.
