3970 6410
167 441 266 495 iiii

803 445 891 498 AD
929 444 1410 501 PMCEDENTIA
1443 444 1772 501 LITURGUE
1808 445 2217 500 MONUMENTA
2253 443 2587 502 APPENDIX
2621 445 2903 502 ALTERA.

3419 447 3521 502 446

169 546 327 615 Ibid.,
383 563 540 602 vers.
602 550 698 617 12,
741 551 816 606 sit
859 556 1038 608 autem
1081 567 1252 608 sermo
1296 557 1488 615 vester,
1539 557 1646 616 est,
1699 555 1796 609 est.
1821 562 1880 636 Α
1900 553 1998 622 bis,
2035 552 2412 616 adulescentes,
2448 555 2700 624 quoniam
2733 554 2936 609 vicistis
2977 551 3298 623 malignum.
3339 549 3522 611 Scribe

167 640 442 709 Lection.,
470 643 552 698 sit
578 647 764 700 autem
786 648 1019 700 vestrum
1040 649 1137 710 est,
1163 649 1260 710 est,
1286 645 1379 700 cui
1401 645 1633 701 lectioni
1654 645 1804 702 Crte-
1895 645 2062 710 vobis,
2089 647 2345 714 infantes,
2371 649 2502 716 quia
2529 648 2844 716 cognovistis
2877 649 3113 702 Patrem.
3141 646 3322 704 Scriba
3349 645 3517 709 vobis,

169 756 258 795 cus
283 741 476 794 textus
505 741 868 812 respondet:
890 743 1026 806 ὑμῶν
1047 741 1102 792 τὸ
1126 743 1340 804 ναὶ,’ναὶ,
1369 743 1532 814 quasi
1552 743 1796 798 diceret:

171 835 413 888 Vestrum
439 837 546 897 est,
573 836 649 888 sit
676 837 774 897 est,
803 838 855 890 et
883 839 1118 891 vestrum
1144 851 1269 900 non,
1293 838 1366 891 sit
1392 852 1520 891 non.
1549 837 1664 891 Hoc
1693 839 1798 903 est,

171 925 350 996 inquit
390 925 696 994 Erasmus,
733 927 878 997 quod
915 929 1215 997 animatis,
1255 944 1373 984 vere
1413 931 1711 998 afﬁrmate;
1749 933 1802 984 et

165 1018 302 1088 quod
329 1020 574 1088 negatis,
615 1034 738 1076 vere
768 1024 976 1090 negate.
1012 1022 1324 1091 Perperam
1359 1021 1552 1092 itaque
1588 1021 1647 1075 in
1683 1037 1799 1076 uno

169 1109 366 1167 Codice
393 1110 682 1167 editionis
711 1112 1048 1168 Oxoniensis
1075 1113 1308 1168 additur
1335 1114 1395 1168 in
1425 1115 1620 1170 Graeco
1643 1117 1799 1170 textu

165 1205 191 1252 ὁ
212 1203 366 1265 λόγος.

230 1298 456 1365 ΙΡιιτιιι,
478 1297 823 1353 inscribitur
839 1298 931 1355 Ad
949 1297 1156 1379 Gentes,
1178 1314 1302 1371 cap.
1325 1315 1364 1368 ι,
1387 1303 1440 1368 6,
1463 1303 1514 1367 8,
1534 1299 1801 1356 exultabi-

166 1393 246 1446 τίς.
277 1389 566 1458 Lection.,
602 1393 883 1455 etv-altatis,
919 1407 1050 1446 cum
1087 1392 1312 1448 Graecis.
1353 1392 1520 1460 Ibid.,
1555 1409 1700 1448 vers.
1741 1397 1794 1460 7,

160 1483 441 1554 probatum
469 1490 673 1540 vestrae
701 1485 833 1554 ﬁdei
855 1486 1024 1540 multo
1049 1487 1336 1556 pretiosius
1366 1489 1440 1542 sit
1468 1501 1624 1550 auro,
1653 1486 1798 1556 quod

159 1578 312 1647 perit,
333 1593 438 1648 per
461 1579 652 1648 ignem
670 1579 922 1648 probato,
943 1580 1006 1632 ut
1024 1577 1084 1632 in
1105 1579 1320 1633 Graeco.
1345 1578 1508 1647 Ibid.,
1534 1595 1681 1634 vers.
1706 1580 1791 1646 10,

165 1672 253 1740 qui
271 1669 338 1725 de
364 1672 580 1738 futuris
607 1673 667 1726 in
691 1672 840 1726 vobis
865 1671 1101 1740 gaudiis,
1129 1688 1232 1742 pro
1262 1688 1375 1744 quo
1404 1672 1664 1743 Vulgata,
1701 1673 1797 1757 qui

165 1758 224 1812 de
243 1760 439 1825 futura
461 1761 524 1814 in
549 1761 706 1815 vobis
733 1761 946 1829 gratia;
974 1760 1050 1814 sic
1080 1759 1380 1814 in‘Graeco.
1402 1759 1551 1814 Alibi
1573 1759 1790 1814 Lectio-

167 1845 384 1902 narium
403 1847 708 1902 consentit
725 1863 856 1903 cum
874 1849 1134 1919 Vulgata.
1151 1849 1294 1904 Tum
1312 1849 1372 1903 in
1393 1848 1615 1904 duobus
1632 1847 1789 1916 locis,

1891 742 2097 809 patres,
2123 741 2254 809 quia
2289 741 2624 810 cognovistis,
2652 755 2772 796 eum
2805 741 2902 810 qui
2931 740 3002 795 ab
3029 741 3185 794 initio
3211 744 3304 794 est.
3334 739 3519 796 Scriba

1895 833 2040 887 vobis
2066 833 2446 896 adulescentes,
2477 835 2610 903 quia
2643 833 2811 900 fortes
2837 835 2980 896 estis,
3015 836 3064 887 et
3093 833 3311 887 verbum
3339 833 3437 887 Dei
3459 832 3520 886 in

1895 925 2042 980 vobis
2068 930 2266 988 manet,
2297 929 2348 981 et
2375 927 2577 982 vicistis
2611 927 2934 995 malignum.
2956 955 3025 966 --
3045 925 3180 996 Cap.
3207 941 3287 992 ιιι,
3322 927 3406 991 11,
3435 924 3518 980 di-

1898 1018 2101 1086 ligatis.
2161 1018 2450 1086 Lection.,
2505 1035 2636 1074 cum
2687 1019 2916 1085 Grieco,
2974 1018 3284 1088 diligamus.
3349 1017 3514 1084 Ibid.,
3582 1076 3596 1094 κ

1896 1125 2040 1164 vers.
2073 1111 2156 1176 13,
2193 1111 2243 1164 si
2266 1111 2381 1166 odit
2410 1127 2504 1166 nos
2527 1111 2776 1174 mundus,
2804 1127 2921 1165 non
2950 1126 3064 1174 vos,
3097 1113 3161 1166 ut
3185 1109 3246 1164 in
3276 1110 3518 1180 Vulgata

1897 1206 1956 1256 et
1982 1201 2040 1256 in
2074 1202 2288 1257 Grmco.
2321 1202 2486 1270 Ibid.,
2517 1219 2666 1258 vers.
2699 1207 2783 1271 19,
2809 1205 3096 1260 suademus
3125 1220 3230 1274 pro
3263 1203 3513 1259 suadebi-

1895 1310 2040 1362 mus;
2072 1311 2275 1366 graece,
2299 1294 2544 1360 πείσομεν-
2576 1327 2644 1338 -
2664 1297 2800 1368 Cap.
2842 1313 2916 1365 IV,
2955 1299 3008 1365 3,
3044 1302 3096 1352 et
3131 1298 3216 1352 hic
3253 1299 3331 1352 est
3365 1297 3514 1351 anti-

1894 1389 2143 1451 christus,
2181 1389 2248 1444 de
2283 1403 2386 1459 quo
2419 1389 2671 1446 audistis.
2717 1389 2992 1457 Lection.,
3027 1393 3080 1446 et
3114 1392 3209 1445 hoc
3243 1393 3322 1444 est
3358 1389 3516 1444 Anti-

1893 1481 2140 1544 christus,
2162 1481 2306 1551 quod
2323 1483 2574 1537 audistis.
2597 1484 2680 1538 Ita
2703 1483 2914 1551 Graece,
2936 1481 3044 1538 nisi
3071 1483 3226 1554 quod
3244 1482 3304 1536 in
3327 1481 3512 1553 patrio

1894 1589 2026 1628 casu
2052 1573 2264 1644 legitur
2295 1572 2632 1638 Ἀντιχρίστου.
2667 1575 2830 1642 Ibid.,
2857 1591 3002 1630 vers,
3033 1578 3118 1643 10,
3139 1590 3245 1630 non
3268 1577 3421 1645 quia,
3442 1573 3515 1621 ὅτι

1891 1665 1950 1719 in
1989 1667 2230 1737 Vulgata
2257 1682 2363 1722 non
2399 1669 2577 1737 quasi.
2615 1668 2854 1736 Deinde,
2894 1668 3058 1736 Ibid.,
3087 1671 3200 1738 ipse
3229 1669 3383 1739 prior
3422 1667 3512 1722 di-

1893 1759 2024 1813 lexit
2046 1773 2159 1815 nos.
2182 1759 2351 1814 Deest
2366 1763 2519 1830 prior
2542 1759 2601 1814 in
2621 1760 2872 1816 Lection.
2896 1764 2954 1816 et
2972 1761 3032 1815 in
3054 1762 3269 1816 Graeco.
3288 1789 3359 1802 --
3377 1761 3508 1830 Cap.

1891 1865 1944 1916 v,
1977 1851 2029 1918 4,
2067 1854 2118 1917 5,
2149 1853 2332 1914 vincit,
2364 1854 2482 1917 ter;
2514 1853 2573 1906 in
2608 1851 2882 1921 Lection.,
2915 1853 3147 1924 ubique,
3177 1855 3325 1908 vicit.
3357 1853 3510 1908 Grae-

166 1956 300 1994 vers.
334 1943 421 2006 11,
461 1945 774 2002 scrutantes
809 1943 1046 2004 initium,
1083 1941 1228 2011 quod
1258 1942 1342 1996 vel
1367 1943 1528 2012 quale
1565 1945 1788 2014 tempus.
1811 1919 1868 1991 B
1891 1958 2022 1996 cum
2042 1942 2218 1996 habet
2236 1942 2294 1996 in
2317 1944 2568 1998 secundo
2588 1945 2712 1999 loco
2731 1919 2986 2002 νικήάασα.
3014 1919 3178 2013 Ibid.,
3207 1961 3353 1999 vers.
3380 1949 3434 2012 7,
3457 1947 3510 2011 8,

167 2032 320 2100 Ibid.,
363 2049 515 2088 vers.
553 2037 652 2102 22,
683 2036 742 2089 in
783 2035 1084 2090 obedientia
1117 2036 1379 2090 caritatis.
1421 2035 1697 2103 Lection.,
1733 2037 1794 2090 in

167 2127 456 2182 obedientia
473 2129 753 2192 veritatis,
775 2145 907 2182 cum
929 2129 1216 2184 Graeco.—
1232 2129 1368 2199 Cap.
1394 2144 1454 2196 ιι,
1478 2131 1530 2196 2,
1547 2130 1600 2184 si
1616 2133 1792 2184 tamen

167 2221 434 2288 gustastis,
460 2222 730 2290 quoniam
757 2220 930 2277 dulcis
952 2226 1030 2278 est
1051 2225 1324 2278 Dominus.
1353 2221 1630 2290 Lection.,
1657 2237 1790 2276 cum

169 2312 372 2378 Graeco,
406 2314 459 2368 si
499 2315 794 2382 gustastis,
825 2317 1080 2383 quoniam
1115 2315 1288 2370 dulcis
1316 2317 1588 2370 Dominus.
1621 2313 1787 2381 Ibid.,

169 2420 300 2459 vers.
328 2407 416 2470 21,
443 2421 551 2476 pro
579 2406 754 2470 vobis,
791 2408 855 2460 ut
886 2407 947 2461 in
983 2408 1210 2474 Graeco;
1245 2424 1363 2462 non
1395 2423 1498 2478 pro
1527 2408 1696 2471 nobis,
1728 2411 1792 2462 ut

169 2497 222 2551 in
250 2498 512 2568 Vulgata.
552 2497 727 2565 Ibid.,
759 2515 905 2554 vers.
938 2503 1026 2566 25,
1061 2502 1412 2563 visitatorem,
1448 2515 1554 2570 pro
1589 2501 1788 2570 episco-

165 2606 383 2660 pum.-—
397 2591 539 2662 Cap.
565 2607 653 2658 ιιι,
676 2594 730 2659 8,
745 2592 987 2647 modesti.
1006 2593 1178 2647 Deest
1192 2592 1252 2646 in
1273 2591 1630 2647 Lectionario
1651 2595 1711 2646 et
1727 2591 1788 2647 in

171 2683 370 2738 Graeco.
390 2685 536 2738 Tum
559 2699 713 2738 vers.
747 2686 831 2752 18,
853 2687 1051 2740 nostris
1073 2684 1134 2738 in
1161 2686 1403 2756 utroque
1425 2684 1604 2740 deest.
1621 2684 1786 2753 Ibid.,

170 2775 280 2830 haec
302 2776 475 2831 verba
506 2777 799 2847 Vulgataa,
827 2793 973 2832 vers.
1005 2779 1102 2845 22,
1133 2778 1430 2847 deglutiens
1460 2780 1700 2840 mortem,
1739 2782 1791 2832 et

169 2870 282 2922 vita
307 2873 518 2924 uterne
545 2869 770 2924 heredes
797 2871 1134 2938 efﬁceremur,
1163 2868 1372 2924 desunt
1399 2869 1460 2923 in
1498 2869 1790 2924 Lectiona-

171 2961 247 3014 rio
272 2963 329 3016 et
345 2961 403 3016 in
425 2963 586 3017 textu
617 2962 832 3016 Graeco.
861 2961 1123 3017 Citantur
1144 2965 1340 3016 tamen
1369 2978 1472 3033 pro
1501 2962 1610 3016 hoc
1633 2961 1790 3018 addi-

173 3055 414 3110 tamento
463 3054 711 3126 quidam
753 3053 991 3110 Codices
1027 3054 1204 3108 Graeci
1247 3053 1308 3108 in
1347 3053 1600 3109 editione
1643 3054 1786 3122 Oxo:

173 3146 359 3202 niensi.
385 3178 456 3188 —-
484 3147 632 3219 Cap.
657 3163 732 3215 ιν,
758 3147 812 3215 4,
845 3147 1211 3214 admirantur;
1233 3147 1294 3201 in
1323 3147 1602 3215 Lection.,
1631 3163 1784 3218 pere-

171 3243 466 3309 grinantur,
490 3243 555 3295 ut
574 3241 639 3294 in
658 3241 876 3308 Graeco,
893 3238 1158 3296 ξενίζονται.
1177 3239 1342 3307 Ibid.,
1355 3256 1500 3294 vers.
1521 3243 1604 3307 12,
1625 3241 1789 3295 nolite

166 3336 492 3404 peregrinari
523 3335 586 3388 in
625 3335 858 3402 fervore,
895 3335 994 3403 qui
1030 3333 1107 3388 ad
1145 3335 1486 3388 tentationem
1526 3333 1674 3388 vobis
1701 3335 1784 3402 ﬁt,

170 3429 316 3495 quasi
328 3429 470 3482 novi.
494 3425 756 3481 Lection.
781 3425 944 3480 addit
959 3427 1089 3496 post
1110 3426 1258 3480 vobis
1275 3427 1370 3494 ﬁt:
1391 3427 1556 3481 nolite
1567 3441 1786 3496 pavere,

173 3523 432 3590 tamquam
450 3522 601 3574 novi.
631 3517 974 3574 Minutulum
999 3520 1085 3572 est
1109 3517 1284 3589 quod,
1306 3534 1451 3572 vers.
1475 3518 1561 3586 17,
1585 3522 1790 3589 tempus

171 3615 256 3673 est,
281 3611 440 3666 abest
466 3611 717 3666 verbum
744 3613 822 3666 est
846 3627 881 3665 a
909 3609 1269 3665 Lectionario
1296 3612 1354 3663 et
1379 3610 1590 3664 Graeco.

235 3707 275 3758 ll
298 3707 484 3772 Ρετιιι,
513 3721 645 3776 cap.
677 3720 752 3772 ιν,
780 3707 866 3771 17,
889 3703 1049 3758 deest
1071 3703 1132 3757 in
1156 3702 1513 3757 Lectionario
1533 3703 1786 3770 dilectus;

173 3800 224 3852 et
247 3801 440 3868 postea
465 3797 637 3852 deest
666 3796 864 3864 etiam,
889 3799 1066 3866 ipsum
1085 3795 1290 3863 audite,
1309 3794 1392 3849 uti
1417 3797 1475 3849 et
1491 3793 1551 3848 in
1573 3794 1785 3850 Grazco.

173 3889 465 3960 Gregorius
489 3887 842 3944 Turonensis
865 3888 1018 3942 hunc
1040 3888 1250 3954 locum,
1275 3903 1342 3941 ex
1360 3887 1692 3956 Evangelio,
1712 3903 1789 3942 an

176 3999 233 4035 ex
254 3982 399 4036 Petri
426 3981 706 4054 Epistola,
730 3981 910 4036 refert
924 3980 987 4034 in
1017 3979 1276 4034 Historiae
1301 3979 1400 4033 lib.
1431 3995 1507 4046 γι,
1530 3995 1655 4049 cap.
1682 3979 1784 4036 40:

178 4095 201 4121 ‹‹
224 4075 379 4130 Certe
410 4075 456 4129 si
485 4074 777 4146 obpilatas
803 4073 984 4128 habes
1009 4089 1177 4128 aures
1201 4073 1266 4127 ut
1289 4070 1400 4126 ista
1421 4087 1541 4128 non
1565 4071 1786 4140 audias,

175 4167 326 4222 crede
351 4167 632 4240 apostolis
655 4165 796 4237 quid
817 4165 875 4220 in
898 4167 1097 4220 monte
1119 4163 1426 4232 audierint,
1450 4180 1580 4219 cum
1601 4166 1785 4220 trans-

175 4260 434 4330 ﬁguratus
460 4261 628 4316 Jesus
673 4258 733 4312 in
773 4257 959 4330 gloria
995 4259 1330 4328 loqueretur
1357 4274 1488 4312 cum
1516 4258 1701 4328 Moyse
1733 4260 1790 4312 et

176 4351 300 4408 Elia.
325 4354 544 4426 Nempe
589 4352 664 4406 de
698 4351 852 4406 nube
889 4349 1192 4422 splendida
1218 4352 1388 4405 Pater
1422 4351 1542 4405 ait:
1571 4353 1672 4406 Hic
1714 4356 1791 4406 est

174 4447 328 4502 Filius
350 4462 496 4502 meus
520 4447 856 4508 carissimus,
887 4445 1066 4516 ipsum
1089 4443 1292 4498 audite.
1322 4462 1350 4496 »
1378 4443 1667 4515 Quidquid
1695 4443 1786 4512 sit,

181 4555 237 4592 ex
265 4539 383 4597 aliis
409 4539 552 4596 locis
581 4537 979 4610 intelligimus,
1015 4553 1133 4591 non
1161 4536 1332 4591 ﬁxam
1363 4535 1616 4607 aliquam
1651 4554 1786 4592 con-

1890 2034 1971 2088 ita
1999 2035 2252 2090 Lection.
2287 2051 2300 2090 :
2339 2037 2478 2103 Quia
2520 2041 2623 2092 tres
2661 2041 2787 2092 sunt
2825 2039 2921 2106 qui
2965 2039 3323 2103 testimonium
3355 2038 3512 2100 dant,

1885 2128 2130 2197 spiritus,
2159 2143 2304 2197 aqua
2329 2132 2380 2183 et
2406 2131 2666 2197 sanguis;
2693 2133 2744 2184 et
2771 2133 2874 2184 tres
2899 2144 3067 2184 unum
3091 2133 3236 2184 sunt.
3263 2129 3412 2183 Nihil
3440 2129 3511 2183 de

1888 2218 2218 2274 testimonio
2229 2219 2405 2274 trium
2417 2236 2795 2291 personarum
2809 2220 3151 2276 divinarum.
3165 2220 3415 2293 Antiqua
3428 2223 3515 2276 est

1889 2311 2010 2366 haec
2038 2311 2290 2379 omissio,
2314 2328 2490 2383 quam
2513 2313 2895 2384 Hieronymus
2913 2313 2973 2368 in
2993 2315 3236 2386 prologo
3262 2314 3336 2369 ad
3361 2314 3516 2385 Epis-

1890 2404 2033 2458 tolas
2061 2403 2392 2472 canonicas,
2428 2405 2488 2459 in
2523 2405 2936 2461 recentioribus
2966 2407 3276 2462 Bibliorum
3306 2406 3510 2461 editio-

1888 2495 2072 2562 nibus,
2097 2496 2288 2550 nescio
2309 2513 2422 2568 qua
2443 2498 2514 2552 de
2535 2513 2724 2565 causa,
2745 2497 3021 2566 detracto,
3040 2520 3068 2548 ‹‹
3091 2499 3162 2555 ab
3183 2499 3512 2555 inﬁdelibus

1887 2588 2322 2642 translatoribus
2355 2607 2381 2639 ο
2423 2589 2635 2644 factam
2667 2593 3106 2658 commemorat,
3146 2592 3234 2646 his
3273 2593 3461 2647 verbis
3492 2609 3506 2648 :

1891 2701 1917 2728 «
1940 2681 2036 2734 Est
2061 2680 2217 2734 enim
2239 2697 2354 2736 una
2374 2697 2574 2736 earum
2598 2682 2788 2753 prima
2805 2684 3020 2751 Jacobi,
3045 2684 3174 2739 dum
3197 2685 3371 2752 Petri,
3394 2688 3510 2740 tres

1883 2772 2138 2839 Joannis,
2169 2776 2228 2828 et
2255 2773 2414 2828 Iuda:
2452 2791 2584 2829 una.
2611 2774 2749 2840 Quae
2779 2775 2845 2842 si,
2881 2776 3025 2830 sicut
3051 2777 3122 2831 ab
3153 2776 3233 2830 eis
3271 2777 3508 2848 digesta:

1887 2867 2038 2932 sunt,
2050 2865 2132 2919 ita
2149 2881 2376 2936 quoque
2395 2865 2466 2920 ab
2484 2865 2891 2938 interpretibus
2906 2867 3154 2923 ﬁdeliter
3165 2869 3224 2923 in
3241 2869 3508 2924 Latinum

1885 2960 2247 3012 verterentur
2257 2957 2578 3029 eloquium;
2600 2976 2706 3014 nec
2725 2960 3166 3032 ambiguitatem
3187 2962 3510 3033 legentibus

1887 3050 2162 3118 facerent,
2178 3067 2284 3104 nec
2295 3067 2626 3106 sermonum
2640 3069 2698 3106 se
2712 3069 2771 3106 se
2784 3052 3058 3108 varietate
3074 3053 3507 3126 impugnarent,

1887 3142 1984 3198 illo
2005 3141 2290 3214 praecipue
2307 3145 2453 3211 loco,
2475 3143 2573 3199 ubi
2595 3144 2667 3200 de
2691 3145 2907 3201 unitate
2926 3145 3214 3202 Trinitatis
3235 3147 3295 3202 in
3321 3148 3510 3219 prima

1885 3235 2161 3290 Johannis
2191 3235 2430 3306 epistola
2449 3237 2700 3307 positum
2721 3239 2988 3309 legimus.
3013 3241 3074 3294 In
3097 3256 3210 3310 qua
3235 3240 3411 3296 etiam
3437 3241 3508 3296 ab

1886 3327 2212 3382 inﬁdelibus
2232 3329 2667 3384 translatoribus
2686 3332 2935 3386 multum
2962 3336 3218 3388 erratum
3245 3350 3368 3388 esse
3390 3350 3424 3389 a
3448 3335 3510 3388 ﬁ-

1889 3419 1981 3474 dei
2009 3419 2246 3474 veritate
2277 3420 2684 3492 comperimus,
2713 3422 2886 3478 trium
2913 3425 3316 3480 tantummodo
3341 3442 3508 3482 voca-

1886 3511 2040 3579 bula,
2062 3513 2172 3566 hoc
2191 3515 2279 3566 est
2297 3529 2484 3585 aquas,
2503 3515 2818 3586 sanguinis,
2843 3519 2902 3570 et
2920 3515 3168 3587 spiritus,
3187 3517 3248 3572 in
3266 3518 3389 3589 ipsa
3407 3535 3510 3575 sua

1889 3607 2139 3662 editione
2163 3609 2541 3679 ponentibus;
2569 3614 2626 3664 et
2649 3611 2852 3679 Patris,
2875 3613 3157 3684 Verbique
3177 3630 3243 3668 ac
3268 3614 3510 3686 Spiritus

1886 3699 2287 3756 testimonium
2316 3701 2738 3772 omitten'tibus;
2767 3703 2826 3757 in
2856 3720 2968 3776 quo
2998 3705 3251 3760 maxime
3281 3709 3338 3763 et
3366 3707 3510 3764 ﬁdes
3568 3758 3574 3764 .

1887 3791 2166 3848 catholica
2211 3793 2536 3863 roboratur,
2573 3797 2632 3848 et
2663 3796 2846 3851 Patris
2883 3813 2949 3852 ac
2991 3797 3114 3853 Filii
3157 3815 3223 3854 ac
3267 3799 3511 3872 Spiritus

1887 3883 2066 3939 sancti
2086 3901 2202 3940 una
2225 3885 2544 3942 Divinitatis
2565 3889 2883 3944 substantia
2907 3891 3383 3962 comprobatur.»
3405 3895 3510 3950 Ne-

1889 3993 2178 4049 quaquam
2207 3995 2344 4050 ergo
2375 3979 2589 4035 mirum
2609 3981 2792 4037 videri
2813 3982 3004 4053 debet,
3027 3985 3182 4056 quod
3211 3988 3363 4041 totus
3381 4003 3506 4042 ver-

1887 4087 2000 4139 sus,
2016 4071 2289 4142 septimus
2310 4071 2369 4127 in
2390 4077 2586 4130 nostro
2607 4075 2967 4132 Lectionario
2985 4067 3150 4146 desit,
3169 4095 3301 4134 cum
3319 4080 3512 4136 Hiero-

1887 4163 2048 4234 nymi
2068 4166 2332 4236 tempore
2349 4166 2458 4221 hoc
2478 4165 2538 4221 in
2559 4168 2684 4222 loco
2707 4168 3022 4225 deﬁcerent
3039 4171 3225 4226 Latini
3245 4173 3508 4229 Codices:

1889 4271 2134 4326 quorum
2173 4257 2564 4328 omissionem,
2601 4261 2673 4314 ab
2713 4260 3038 4318 inﬁdelibus
3075 4267 3512 4322 translatoribus

1887 4348 2118 4417 factam,
2141 4350 2246 4412 etsi
2266 4350 2350 4406 vir
2369 4355 2596 4406 sanctus
2616 4355 2914 4425 supplevit,
2933 4372 3050 4411 non
3069 4359 3262 4413 tamen
3280 4359 3510 4430 penitus

1887 4440 2168 4513 impedire
2187 4443 2373 4514 potuit
2390 4460 2504 4516 quo
2524 4445 2716 4500 minus
2727 4463 2794 4500 ex
2806 4447 3018 4503 vitiosis
3030 4449 3330 4504 Codicibus
3351 4467 3512 4506 error

1887 4533 1946 4586 in
1973 4534 2115 4588 alios
2147 4540 2584 4606 propagaretur.
2616 4538 2833 4592 Bonam
2869 4539 3200 4611 Hieronymi
3230 4542 3406 4597 fidem
3444 4560 3510 4598 ac

179 4634 529 4705 stantemque
565 4632 627 4687 in
665 4630 934 4686 omnibus
970 4629 1301 4696 lectionem,
1341 4629 1442 4683 sed
1478 4629 1864 4704 aliquandoD
1887 4625 2128 4696 proinde
2155 4627 2468 4698 genuinam
2497 4628 2665 4700 hujus
2693 4630 2802 4685 loci
2832 4631 3139 4687 lectionem
3173 4635 3513 4706 comprobat

180 4724 380 4781 variam
404 4725 465 4780 in
495 4724 736 4781 diversis
764 4723 940 4778 etiam
963 4721 1273 4778 Galliarum
1297 4720 1558 4776 Ecclesiis
1585 4723 1788 4789 fuisse;

180 4816 284 4872 imo
311 4818 626 4890 aliquando
652 4817 711 4871 in
735 4832 852 4871 una
875 4814 1158 4882 Ecclesia;
1185 4803 1471 4886 siquidem
1499 4815 1560 4869 in
1591 4817 1788 4901 nostro

181 4909 520 4966 Lectionario
535 4927 642 4983 pro
660 4908 914 4964 secunda
929 4907 1022 4964 die
1038 4907 1424 4980 Rogationum
1444 4907 1656 4978 legitur
1665 4907 1792 4978 Epi-

180 5004 310 5058 stola
342 5004 535 5075 prima
568 5003 743 5071 Petri,
773 5001 834 5058 in
863 5001 1149 5074 aliquibus
1178 4999 1438 5056 minutiis
1467 4999 1688 5054 diversa
1717 5000 1790 5056 ab

181 5095 542 5153 alialectione
569 5095 832 5168 ejusdem
859 5093 1052 5168 476
1078 5092 1364 5166 Epistolas,
1387 5109 1516 5165 quae
1539 5093 1792 5164 praescri-

179 5185 320 5243 bitur
346 5189 404 5244 in
433 5188 618 5244 natali
643 5188 1065 5260 episcoporum.
1093 5217 1163 5227 —
1188 5186 1326 5257 Cap.
1358 5202 1419 5254 ιι,
1447 5186 1501 5253 4,
1530 5187 1589 5240 in
1615 5189 1788 5241 tarta-

181 5294 288 5336 rum
299 5282 530 5338 tradidit
540 5282 876 5345 cruciandos,
887 5280 1214 5350 injudicium
1223 5277 1762 5334 reservari.Lection.
1773 5319 1788 5346 ,

180 5373 232 5425 in
265 5377 531 5430 tartarum
566 5373 800 5430 tradidit
829 5375 890 5428 in
919 5372 1190 5443 judicium
1213 5372 1482 5427 cruciatus
1505 5371 1788 5426 reservari.

243 5465 264 5518 l
296 5465 452 5523 low.
493 5483 574 5535 1v,
612 5466 666 5534 4,
707 5469 771 5520 ut
803 5465 1107 5536 gaudeatis.
1143 5463 1314 5518 Deest
1351 5461 1412 5517 in
1447 5461 1700 5518 Lection.
1735 5464 1793 5516 et

185 5553 381 5613 Graeco.
415 5557 586 5627 Ibid.,
625 5573 774 5613 vers.
813 5562 866 5626 7,
901 5557 1252 5619 ambulemus,
1294 5571 1411 5609 non
1456 5555 1792 5610 ambulamus

184 5647 395 5719 legitur.
416 5652 488 5706 Et
511 5667 662 5708 vers.
690 5653 744 5718 9,
759 5655 980 5722 peccata
1014 5653 1219 5707 nostra.
1253 5647 1423 5702 Deest
1446 5646 1506 5702 in
1534 5646 1788 5702 Lection.

183 5747 372 5808 nostra,
402 5745 561 5816 quod
586 5748 786 5800 tamen
813 5747 900 5800 est
927 5745 986 5800 in
1017 5744 1232 5801 Graeco.
1251 5771 1320 5782 —
1344 5741 1481 5812 Cap.
1501 5757 1563 5810 ιι,
1599 5741 1684 5810 14,
1711 5739 1792 5796 ita

185 5833 336 5892 lectio
371 5838 692 5894 instituitur
742 5837 801 5893 in
840 5837 1092 5894 Lection.
1131 5855 1146 5893 :
1180 5837 1361 5896 Scribe
1386 5836 1557 5898 vobis,
1585 5839 1790 5906 patres,

187 5931 420 5995 iamiam
443 5931 769 6001 cognovistis
797 5941 914 6004 eum
949 5933 1048 6002 qui
1077 5931 1146 5988 ab
1173 5931 1331 5986 initio
1357 5931 1454 5986 est.
1483 5927 1664 5986 Scriba
1694 5941 1790 5984 vo-

1889 4717 2301 4774 illustrissimus
2327 4720 2506 4788 testis,
2531 4723 2691 4777 omni
2712 4724 3044 4796 exceptione
3065 4727 3274 4798 major,
3299 4745 3509 4800 nempe

1889 4827 2134 4882 magnus
2151 4812 2466 4884 Cyprianus
2493 4815 2554 4870 in
2584 4815 2730 4871 libro
2753 4817 2825 4872 de
2852 4817 3068 4874 unitate
3090 4821 3353 4875 Ecclesiae
3377 4839 3390 4875 :
3415 4821 3510 4876 ubi

1890 4904 1999 4959 hoc
2016 4905 2460 4976 hemistichium,
2482 4911 2552 4965 Et
2569 4909 2630 4964 hi
2647 4914 2752 4966 tres
2773 4926 2940 4967 unum
2958 4917 3102 4975 sunt,
3125 4930 3196 4968 ex
3217 4913 3509 4984 Scriptura

1889 5003 2328 5070 commemorat,
2343 5000 2661 5074 divinisque
2681 5004 2942 5074 personis
2961 5004 3247 5061 attribuit:
3271 5027 3298 5056 «
3319 5007 3387 5061 Et
3407 5007 3511 5062 ite~

1890 5105 2018 5145 rum
2037 5091 2109 5146 de
2126 5093 2314 5160 Patre,
2329 5096 2387 5147 et
2401 5094 2561 5162 Filio,
2579 5098 2637 5150 et
2653 5095 2864 5166 Spiritu
2885 5099 3081 5153 sancto
3103 5099 3375 5170 scriptum
3393 5105 3476 5156 est
3492 5118 3506 5156 :

1887 5185 1958 5238 Et
1980 5185 2041 5239 hi
2057 5188 2162 5239 tres
2179 5200 2345 5239 unum
2361 5191 2505 5242 sunt.
2524 5187 2683 5242 Idem
2703 5187 2765 5242 in
2787 5189 3026 5260 epistola
3046 5190 3119 5246 ad
3142 5191 3508 5265 Jubaianum,

1888 5275 2134 5345 probare
2145 5276 2361 5345 volens,
2376 5277 2448 5332 ab
2464 5278 2747 5335 haereticis
2762 5280 3078 5354 baptizatos
3096 5301 3213 5340 non
3231 5303 3353 5340 esse
3369 5290 3512 5342 tem-

1889 5367 2049 5438 plum
2069 5367 2206 5423 Dei:
2233 5388 2261 5417 «
2292 5367 2518 5439 Quaero,
2541 5371 2747 5443 inquit,
2775 5375 2934 5446 cujus
2958 5377 3164 5434 Dei?...
3189 5378 3247 5435 Si
3268 5379 3510 5451 Spiritus

1890 5458 2090 5526 sancti,
2112 5475 2242 5514 cum
2263 5459 2452 5534 477
2471 5466 2583 5520 tres
2604 5482 2783 5522 unum
2802 5467 2932 5536 sint,
2953 5471 3247 5542 quomodo
3269 5471 3510 5544 Spiritus

1890 5553 2116 5606 sanctus
2143 5551 2399 5622 placatus
2437 5572 2558 5610 esse
2597 5557 2648 5612 ei
2679 5562 2887 5630 potest,
2919 5563 3018 5634 qui
3053 5567 3153 5620 aut
3179 5564 3376 5633 Patris,
3411 5551 3510 5619 aut

1891 5642 2012 5698 Filii
2038 5643 2304 5701 inimicus
2324 5647 2450 5702 est?
2468 5669 2498 5698 »
2522 5649 2717 5721 Itaque
2744 5653 3014 5724 Cypriani
3033 5658 3312 5728 tempore,
3339 5655 3397 5709 id
3423 5659 3510 5710 est

1891 5735 2084 5792 medio
2115 5737 2320 5794 διεοωο
2349 5755 2430 5807 ιιι,
2461 5741 2634 5814 longe
2663 5747 2796 5800 ante
2829 5749 3027 5802 natam
3055 5747 3314 5802 haeresim
3341 5747 3504 5802 Aria-

1892 5845 2052 5897 nam,
2077 5829 2160 5885 ita
2193 5830 2346 5886 hunc
2379 5833 2570 5888 locum
2599 5835 2830 5908 legebat
2865 5837 3194 5909 Cyprianus.
3222 5837 3506 5894 Eumdom

1892 5939 2026 5979 vero
2075 5921 2456 5997 Hieronymus
2503 5929 2654 5984 male
2693 5931 3002 5988 multatum
3050 5927 3313 5986 restituit.
3357 5929 3506 5996 Quin
