  <div class='ocr_page' id='page_1' title='image "/cluster/home/n/w/nwhite01/storage/ocr_20150623/72/umn.31951002477365o/231.png"; bbox 0 0 3970 6416; ppageno 0'>
   <div class='ocr_carea' id='block_1_1' title="bbox 379 410 1947 493">
    <p class='ocr_par' dir='ltr' id='par_1_1' title="bbox 379 425 1947 493">
     <span class='ocr_line' id='line_1_1' title="bbox 379 425 1947 493; baseline -0.006 0"><span class='ocrx_word' id='word_1_1' title='bbox 379 434 481 493; x_wconf 72' lang='grc'>447</span> <span class='ocrx_word' id='word_1_2' title='bbox 1174 431 1508 490; x_wconf 73' lang='lat' dir='ltr'>APPENDIX</span> <span class='ocrx_word' id='word_1_3' title='bbox 1541 430 1630 486; x_wconf 85' lang='lat' dir='ltr'>AD</span> <span class='ocrx_word' id='word_1_4' title='bbox 1663 429 1885 486; x_wconf 79' lang='lat' dir='ltr'>OPERA</span> <span class='ocrx_word' id='word_1_5' title='bbox 1920 425 1947 482; x_wconf 81' lang='grc' dir='ltr'>ε</span> 
     </span>
    </p>
   </div>
   <div class='ocr_carea' id='block_1_2' title="bbox 2207 410 3775 493">
    <p class='ocr_par' dir='ltr' id='par_1_2' title="bbox 2207 410 3775 480">
     <span class='ocr_line' id='line_1_2' title="bbox 2207 410 3775 480; baseline -0.007 0"><span class='ocrx_word' id='word_1_6' title='bbox 2207 421 2487 480; x_wconf 66' lang='grc' dir='ltr'>ΞΕΒΜΑΝΙ</span> <span class='ocrx_word' id='word_1_7' title='bbox 2523 419 2949 477; x_wconf 79' lang='lat' dir='ltr'>PARISIENSIS.</span> <span class='ocrx_word' id='word_1_8' title='bbox 3651 410 3775 469; x_wconf 70' lang='grc'>448</span> 
     </span>
    </p>
   </div>
   <div class='ocr_carea' id='block_1_3' title="bbox 379 521 3774 624">
    <p class='ocr_par' dir='ltr' id='par_1_3' title="bbox 379 521 3774 624">
     <span class='ocr_line' id='line_1_3' title="bbox 379 521 3774 624; baseline -0.008 -22"><span class='ocrx_word' id='word_1_9' title='bbox 379 545 556 602; x_wconf 89' lang='lat' dir='ltr'>etiam</span> <span class='ocrx_word' id='word_1_10' title='bbox 611 543 691 602; x_wconf 87' lang='lat' dir='ltr'>ita</span> <span class='ocrx_word' id='word_1_11' title='bbox 741 543 944 616; x_wconf 82' lang='lat' dir='ltr'>legisse</span> <span class='ocrx_word' id='word_1_12' title='bbox 1005 541 1230 598; x_wconf 88' lang='lat' dir='ltr'>videtur</span> <span class='ocrx_word' id='word_1_13' title='bbox 1287 539 1667 597; x_wconf 88' lang='lat' dir='ltr'>Tertullianus</span> <span class='ocrx_word' id='word_1_14' title='bbox 1731 537 2000 592; x_wconf 88' lang='lat' dir='ltr'>adversus</span> <span class='ocrx_word' id='word_1_15' title='bbox 2023 550 2082 624; x_wconf 76' lang='grc' dir='ltr'><strong>Α</strong></span> <span class='ocrx_word' id='word_1_16' title='bbox 2103 532 2310 588; x_wconf 88' lang='lat' dir='ltr'>eadem</span> <span class='ocrx_word' id='word_1_17' title='bbox 2335 529 2526 603; x_wconf 89' lang='lat' dir='ltr'>prima</span> <span class='ocrx_word' id='word_1_18' title='bbox 2561 528 2803 602; x_wconf 89' lang='lat' dir='ltr'>epistola</span> <span class='ocrx_word' id='word_1_19' title='bbox 2835 523 3146 595; x_wconf 80' lang='lat' dir='ltr'>Johannis,</span> <span class='ocrx_word' id='word_1_20' title='bbox 3173 541 3299 596; x_wconf 90' lang='lat' dir='ltr'>cap.</span> <span class='ocrx_word' id='word_1_21' title='bbox 3337 539 3435 593; x_wconf 87' lang='lat' dir='ltr'>vu,</span> <span class='ocrx_word' id='word_1_22' title='bbox 3463 537 3624 578; x_wconf 83' lang='lat' dir='ltr'>vers.</span> <span class='ocrx_word' id='word_1_23' title='bbox 3671 521 3774 588; x_wconf 82' lang='grc'>12,</span> 
     </span>
    </p>
   </div>
   <div class='ocr_carea' id='block_1_4' title="bbox 379 615 3774 706">
    <p class='ocr_par' dir='ltr' id='par_1_4' title="bbox 379 615 3774 706">
     <span class='ocr_line' id='line_1_4' title="bbox 379 615 3774 706; baseline -0.007 -11"><span class='ocrx_word' id='word_1_24' title='bbox 379 639 671 706; x_wconf 82' lang='lat' dir='ltr'>Praxeam,</span> <span class='ocrx_word' id='word_1_25' title='bbox 700 638 759 692; x_wconf 91' lang='lat' dir='ltr'>in</span> <span class='ocrx_word' id='word_1_26' title='bbox 789 615 912 692; x_wconf 71' lang='lat' dir='ltr'>haec</span> <span class='ocrx_word' id='word_1_27' title='bbox 940 635 1136 705; x_wconf 89' lang='lat' dir='ltr'>verba,</span> <span class='ocrx_word' id='word_1_28' title='bbox 1157 652 1283 706; x_wconf 91' lang='lat' dir='ltr'>cap.</span> <span class='ocrx_word' id='word_1_29' title='bbox 1307 637 1413 690; x_wconf 79' lang='lat'>25:</span> <span class='ocrx_word' id='word_1_30' title='bbox 1442 633 1757 689; x_wconf 84' lang='lat' dir='ltr'>«Ceterum</span> <span class='ocrx_word' id='word_1_31' title='bbox 1779 628 1850 685; x_wconf 88' lang='lat' dir='ltr'>de</span> <span class='ocrx_word' id='word_1_32' title='bbox 1869 645 2000 684; x_wconf 91' lang='lat' dir='ltr'>meo</span> <span class='ocrx_word' id='word_1_33' title='bbox 2023 615 2082 624; x_wconf 72' lang='grc'><em>”</em></span> <span class='ocrx_word' id='word_1_34' title='bbox 2103 629 2200 698; x_wconf 88' lang='lat' dir='ltr'>qui</span> <span class='ocrx_word' id='word_1_35' title='bbox 2225 641 2331 681; x_wconf 86' lang='lat' dir='ltr'>non</span> <span class='ocrx_word' id='word_1_36' title='bbox 2355 625 2516 680; x_wconf 80' lang='lat' dir='ltr'><strong><em>habet</em></strong></span> <span class='ocrx_word' id='word_1_37' title='bbox 2535 625 2730 694; x_wconf 78' lang='lat' dir='ltr'>ﬁlium,</span> <span class='ocrx_word' id='word_1_38' title='bbox 2755 622 3032 690; x_wconf 87' lang='lat' dir='ltr'>Lection.,</span> <span class='ocrx_word' id='word_1_39' title='bbox 3055 637 3186 676; x_wconf 92' lang='lat' dir='ltr'>cum</span> <span class='ocrx_word' id='word_1_40' title='bbox 3208 621 3406 676; x_wconf 70' lang='lat' dir='ltr'>Graeco</span> <span class='ocrx_word' id='word_1_41' title='bbox 3433 615 3610 674; x_wconf 81' lang='lat' dir='ltr'>addit</span> <span class='ocrx_word' id='word_1_42' title='bbox 3635 615 3774 672; x_wconf 86' lang='lat' dir='ltr'>Dei.</span> 
     </span>
    </p>
   </div>
   <div class='ocr_carea' id='block_1_5' title="bbox 383 710 3772 804">
    <p class='ocr_par' dir='ltr' id='par_1_5' title="bbox 383 710 3772 804">
     <span class='ocr_line' id='line_1_5' title="bbox 383 710 3772 804; baseline -0.007 -17"><span class='ocrx_word' id='word_1_43' title='bbox 383 735 591 800; x_wconf 88' lang='lat' dir='ltr'>sumet,</span> <span class='ocrx_word' id='word_1_44' title='bbox 613 731 818 804; x_wconf 87' lang='lat' dir='ltr'>inquit,</span> <span class='ocrx_word' id='word_1_45' title='bbox 847 730 990 785; x_wconf 85' lang='lat' dir='ltr'>sicut</span> <span class='ocrx_word' id='word_1_46' title='bbox 1011 729 1133 802; x_wconf 90' lang='lat' dir='ltr'>ipse</span> <span class='ocrx_word' id='word_1_47' title='bbox 1162 729 1233 783; x_wconf 88' lang='lat' dir='ltr'>de</span> <span class='ocrx_word' id='word_1_48' title='bbox 1257 727 1460 783; x_wconf 86' lang='lat' dir='ltr'>Patris.</span> <span class='ocrx_word' id='word_1_49' title='bbox 1487 729 1571 781; x_wconf 89' lang='lat' dir='ltr'>Ita</span> <span class='ocrx_word' id='word_1_50' title='bbox 1600 739 1888 780; x_wconf 86' lang='lat' dir='ltr'>connexus</span> <span class='ocrx_word' id='word_1_51' title='bbox 1905 724 2006 778; x_wconf 89' lang='lat' dir='ltr'>Pa-</span> <span class='ocrx_word' id='word_1_52' title='bbox 2103 719 2247 776; x_wconf 90' lang='lat' dir='ltr'>Dein</span> <span class='ocrx_word' id='word_1_53' title='bbox 2273 734 2419 773; x_wconf 88' lang='lat' dir='ltr'>vers.</span> <span class='ocrx_word' id='word_1_54' title='bbox 2453 721 2516 772; x_wconf 83' lang='lat' dir='ltr'>l5</span> <span class='ocrx_word' id='word_1_55' title='bbox 2547 733 2560 772; x_wconf 90' lang='lat'><strong>:</strong></span> <span class='ocrx_word' id='word_1_56' title='bbox 2589 720 2660 774; x_wconf 89' lang='lat' dir='ltr'>Et</span> <span class='ocrx_word' id='word_1_57' title='bbox 2683 719 2874 772; x_wconf 79' lang='lat' dir='ltr'>scimus</span> <span class='ocrx_word' id='word_1_58' title='bbox 2899 718 3029 786; x_wconf 85' lang='lat' dir='ltr'>quia</span> <span class='ocrx_word' id='word_1_59' title='bbox 3055 715 3214 770; x_wconf 84' lang='lat' dir='ltr'>audit</span> <span class='ocrx_word' id='word_1_60' title='bbox 3237 728 3333 768; x_wconf 87' lang='lat' dir='ltr'>nos</span> <span class='ocrx_word' id='word_1_61' title='bbox 3357 710 3636 783; x_wconf 82' lang='lat' dir='ltr'>quicquid</span> <span class='ocrx_word' id='word_1_62' title='bbox 3647 723 3772 780; x_wconf 76' lang='lat' dir='ltr'>pe-</span> 
     </span>
    </p>
   </div>
   <div class='ocr_carea' id='block_1_6' title="bbox 381 801 3773 893">
    <p class='ocr_par' dir='ltr' id='par_1_6' title="bbox 381 801 3773 893">
     <span class='ocr_line' id='line_1_6' title="bbox 381 801 3773 893; baseline -0.007 -12"><span class='ocrx_word' id='word_1_63' title='bbox 381 825 482 880; x_wconf 88' lang='lat' dir='ltr'>tris</span> <span class='ocrx_word' id='word_1_64' title='bbox 519 825 579 880; x_wconf 90' lang='lat' dir='ltr'>in</span> <span class='ocrx_word' id='word_1_65' title='bbox 608 801 768 893; x_wconf 79' lang='lat' dir='ltr'>Filio,</span> <span class='ocrx_word' id='word_1_66' title='bbox 795 827 853 878; x_wconf 90' lang='lat' dir='ltr'>et</span> <span class='ocrx_word' id='word_1_67' title='bbox 879 823 1002 878; x_wconf 88' lang='lat' dir='ltr'>Filii</span> <span class='ocrx_word' id='word_1_68' title='bbox 1033 823 1093 877; x_wconf 92' lang='lat' dir='ltr'>in</span> <span class='ocrx_word' id='word_1_69' title='bbox 1127 822 1444 888; x_wconf 88' lang='lat' dir='ltr'>Paracleto,</span> <span class='ocrx_word' id='word_1_70' title='bbox 1475 822 1592 874; x_wconf 90' lang='lat' dir='ltr'>tres</span> <span class='ocrx_word' id='word_1_71' title='bbox 1619 817 1796 872; x_wconf 86' lang='lat' dir='ltr'>efﬁcit</span> <span class='ocrx_word' id='word_1_72' title='bbox 1824 816 2006 872; x_wconf 74' lang='lat' dir='ltr'>cohae—</span> <span class='ocrx_word' id='word_1_73' title='bbox 2106 815 2346 870; x_wconf 84' lang='lat' dir='ltr'>tierimus</span> <span class='ocrx_word' id='word_1_74' title='bbox 2372 811 2534 866; x_wconf 83' lang='lat' dir='ltr'>deest</span> <span class='ocrx_word' id='word_1_75' title='bbox 2561 810 2622 864; x_wconf 90' lang='lat' dir='ltr'>in</span> <span class='ocrx_word' id='word_1_76' title='bbox 2651 808 2927 878; x_wconf 85' lang='lat' dir='ltr'>Lection.,</span> <span class='ocrx_word' id='word_1_77' title='bbox 2959 809 3062 864; x_wconf 90' lang='lat' dir='ltr'>sed</span> <span class='ocrx_word' id='word_1_78' title='bbox 3089 825 3208 863; x_wconf 92' lang='lat' dir='ltr'>non</span> <span class='ocrx_word' id='word_1_79' title='bbox 3237 807 3296 862; x_wconf 92' lang='lat' dir='ltr'>in</span> <span class='ocrx_word' id='word_1_80' title='bbox 3325 807 3547 861; x_wconf 69' lang='lat' dir='ltr'>Graeco.</span> <span class='ocrx_word' id='word_1_81' title='bbox 3578 801 3773 870; x_wconf 90' lang='lat' dir='ltr'>Ibid.,</span> 
     </span>
    </p>
   </div>
   <div class='ocr_carea' id='block_1_7' title="bbox 378 894 3776 987">
    <p class='ocr_par' dir='ltr' id='par_1_7' title="bbox 378 894 3776 987">
     <span class='ocr_line' id='line_1_7' title="bbox 378 894 3776 987; baseline -0.007 -12"><span class='ocrx_word' id='word_1_82' title='bbox 378 921 592 987; x_wconf 87' lang='lat' dir='ltr'>rentes,</span> <span class='ocrx_word' id='word_1_83' title='bbox 628 919 874 974; x_wconf 89' lang='lat' dir='ltr'>alterum</span> <span class='ocrx_word' id='word_1_84' title='bbox 911 933 978 971; x_wconf 82' lang='lat' dir='ltr'>ex</span> <span class='ocrx_word' id='word_1_85' title='bbox 1003 917 1204 983; x_wconf 90' lang='lat' dir='ltr'>altero,</span> <span class='ocrx_word' id='word_1_86' title='bbox 1239 915 1339 986; x_wconf 89' lang='lat' dir='ltr'>qui</span> <span class='ocrx_word' id='word_1_87' title='bbox 1363 918 1480 969; x_wconf 86' lang='lat' dir='ltr'>tres</span> <span class='ocrx_word' id='word_1_88' title='bbox 1513 928 1693 967; x_wconf 90' lang='lat' dir='ltr'>unum</span> <span class='ocrx_word' id='word_1_89' title='bbox 1724 909 1856 976; x_wconf 90' lang='lat' dir='ltr'>sint,</span> <span class='ocrx_word' id='word_1_90' title='bbox 1888 925 2005 963; x_wconf 90' lang='lat' dir='ltr'>non</span> <span class='ocrx_word' id='word_1_91' title='bbox 2102 907 2466 978; x_wconf 72' lang='lat' dir='ltr'>postulamus;</span> <span class='ocrx_word' id='word_1_92' title='bbox 2498 903 2750 958; x_wconf 91' lang='lat' dir='ltr'>Lection.</span> <span class='ocrx_word' id='word_1_93' title='bbox 2777 903 3197 974; x_wconf 84' lang='lat' dir='ltr'>postulavimus,</span> <span class='ocrx_word' id='word_1_94' title='bbox 3232 916 3368 956; x_wconf 92' lang='lat' dir='ltr'>cum</span> <span class='ocrx_word' id='word_1_95' title='bbox 3396 899 3601 954; x_wconf 60' lang='lat' dir='ltr'>Graeco</span> <span class='ocrx_word' id='word_1_96' title='bbox 3635 894 3776 953; x_wconf 82' lang='grc' dir='ltr'>ἠτὴ-</span> 
     </span>
    </p>
   </div>
   <div class='ocr_carea' id='block_1_8' title="bbox 380 992 3776 1078">
    <p class='ocr_par' dir='ltr' id='par_1_8' title="bbox 380 992 3776 1078">
     <span class='ocr_line' id='line_1_8' title="bbox 380 992 3776 1078; baseline -0.006 -11"><span class='ocrx_word' id='word_1_97' title='bbox 380 1029 546 1068; x_wconf 91' lang='lat' dir='ltr'>unus.</span> <span class='ocrx_word' id='word_1_98' title='bbox 571 1011 694 1076; x_wconf 88' lang='lat' dir='ltr'>Quo</span> <span class='ocrx_word' id='word_1_99' title='bbox 720 1010 896 1065; x_wconf 91' lang='lat' dir='ltr'>modo</span> <span class='ocrx_word' id='word_1_100' title='bbox 929 1009 1146 1064; x_wconf 89' lang='lat' dir='ltr'>dictum</span> <span class='ocrx_word' id='word_1_101' title='bbox 1177 1010 1302 1063; x_wconf 89' lang='lat' dir='ltr'>est:</span> <span class='ocrx_word' id='word_1_102' title='bbox 1335 1011 1448 1078; x_wconf 85' lang='lat' dir='ltr'>Ego</span> <span class='ocrx_word' id='word_1_103' title='bbox 1473 1009 1524 1062; x_wconf 88' lang='lat' dir='ltr'>et</span> <span class='ocrx_word' id='word_1_104' title='bbox 1546 1008 1709 1060; x_wconf 87' lang='lat' dir='ltr'>Pater</span> <span class='ocrx_word' id='word_1_105' title='bbox 1733 1019 1899 1058; x_wconf 86' lang='lat' dir='ltr'>unum</span> <span class='ocrx_word' id='word_1_106' title='bbox 1923 1017 2008 1058; x_wconf 80' lang='lat' dir='ltr'>su-</span> <span class='ocrx_word' id='word_1_107' title='bbox 2106 1014 2272 1063; x_wconf 76' lang='grc' dir='ltr'>σαμενο</span> <span class='ocrx_word' id='word_1_108' title='bbox 2313 999 2517 1053; x_wconf 86' lang='lat' dir='ltr'>Postea</span> <span class='ocrx_word' id='word_1_109' title='bbox 2552 1013 2698 1050; x_wconf 84' lang='lat' dir='ltr'>vers.</span> <span class='ocrx_word' id='word_1_110' title='bbox 2744 999 2829 1063; x_wconf 88' lang='grc'>16,</span> <span class='ocrx_word' id='word_1_111' title='bbox 2870 1000 2933 1050; x_wconf 85' lang='lat' dir='ltr'>ut</span> <span class='ocrx_word' id='word_1_112' title='bbox 2966 999 3118 1065; x_wconf 85' lang='lat' dir='ltr'>roget</span> <span class='ocrx_word' id='word_1_113' title='bbox 3150 995 3291 1065; x_wconf 88' lang='lat' dir='ltr'>quis.</span> <span class='ocrx_word' id='word_1_114' title='bbox 3335 992 3514 1048; x_wconf 82' lang='lat' dir='ltr'>Abest</span> <span class='ocrx_word' id='word_1_115' title='bbox 3552 993 3691 1062; x_wconf 82' lang='lat' dir='ltr'>quis</span> <span class='ocrx_word' id='word_1_116' title='bbox 3736 1007 3776 1046; x_wconf 86' lang='lat' dir='ltr'>a</span> 
     </span>
    </p>
   </div>
   <div class='ocr_carea' id='block_1_9' title="bbox 380 1085 3772 1170">
    <p class='ocr_par' dir='ltr' id='par_1_9' title="bbox 380 1085 3772 1170">
     <span class='ocr_line' id='line_1_9' title="bbox 380 1085 3772 1170; baseline -0.007 -8"><span class='ocrx_word' id='word_1_117' title='bbox 380 1120 518 1170; x_wconf 86' lang='lat' dir='ltr'>mus,</span> <span class='ocrx_word' id='word_1_118' title='bbox 543 1127 572 1155; x_wconf 83' lang='lat'>»</span> <span class='ocrx_word' id='word_1_119' title='bbox 603 1107 710 1160; x_wconf 94' lang='lat' dir='ltr'>etc.</span> <span class='ocrx_word' id='word_1_120' title='bbox 734 1105 803 1158; x_wconf 93' lang='lat' dir='ltr'>Et</span> <span class='ocrx_word' id='word_1_121' title='bbox 826 1103 929 1158; x_wconf 87' lang='lat' dir='ltr'>sub</span> <span class='ocrx_word' id='word_1_122' title='bbox 955 1103 1134 1157; x_wconf 84' lang='lat' dir='ltr'>ﬁnem</span> <span class='ocrx_word' id='word_1_123' title='bbox 1161 1099 1292 1156; x_wconf 85' lang='lat' dir='ltr'>libri</span> <span class='ocrx_word' id='word_1_124' title='bbox 1316 1117 1330 1156; x_wconf 92' lang='lat'><strong>:</strong></span> <span class='ocrx_word' id='word_1_125' title='bbox 1357 1120 1386 1150; x_wconf 84' lang='lat'><strong><em>«</em></strong></span> <span class='ocrx_word' id='word_1_126' title='bbox 1407 1099 1572 1165; x_wconf 89' lang='lat' dir='ltr'>Quod</span> <span class='ocrx_word' id='word_1_127' title='bbox 1591 1114 1734 1170; x_wconf 90' lang='lat' dir='ltr'>opus</span> <span class='ocrx_word' id='word_1_128' title='bbox 1754 1097 2008 1166; x_wconf 85' lang='lat' dir='ltr'>Evange-</span> <span class='ocrx_word' id='word_1_129' title='bbox 2106 1090 2358 1146; x_wconf 91' lang='lat' dir='ltr'>Lection.</span> <span class='ocrx_word' id='word_1_130' title='bbox 2389 1092 2448 1144; x_wconf 88' lang='lat' dir='ltr'>et</span> <span class='ocrx_word' id='word_1_131' title='bbox 2475 1089 2689 1145; x_wconf 80' lang='lat' dir='ltr'>Graeco.</span> <span class='ocrx_word' id='word_1_132' title='bbox 2721 1089 2863 1143; x_wconf 89' lang='lat' dir='ltr'>Tum</span> <span class='ocrx_word' id='word_1_133' title='bbox 2885 1105 3032 1142; x_wconf 85' lang='lat' dir='ltr'>vers.</span> <span class='ocrx_word' id='word_1_134' title='bbox 3070 1091 3155 1156; x_wconf 87' lang='grc'>17,</span> <span class='ocrx_word' id='word_1_135' title='bbox 3181 1091 3464 1158; x_wconf 85' lang='lat' dir='ltr'>peccatum</span> <span class='ocrx_word' id='word_1_136' title='bbox 3494 1085 3574 1141; x_wconf 86' lang='lat' dir='ltr'>ad</span> <span class='ocrx_word' id='word_1_137' title='bbox 3605 1100 3772 1140; x_wconf 80' lang='lat' dir='ltr'>mor-</span> 
     </span>
    </p>
   </div>
   <div class='ocr_carea' id='block_1_10' title="bbox 379 1179 3771 1271">
    <p class='ocr_par' dir='ltr' id='par_1_10' title="bbox 379 1179 3771 1271">
     <span class='ocr_line' id='line_1_10' title="bbox 379 1179 3771 1271; baseline -0.007 -16"><span class='ocrx_word' id='word_1_138' title='bbox 379 1199 460 1268; x_wconf 90' lang='lat' dir='ltr'>lii,</span> <span class='ocrx_word' id='word_1_139' title='bbox 485 1215 615 1271; x_wconf 82' lang='lat' dir='ltr'>quae</span> <span class='ocrx_word' id='word_1_140' title='bbox 643 1201 730 1254; x_wconf 86' lang='lat' dir='ltr'>est</span> <span class='ocrx_word' id='word_1_141' title='bbox 757 1195 1076 1253; x_wconf 82' lang='lat' dir='ltr'>substantia</span> <span class='ocrx_word' id='word_1_142' title='bbox 1094 1195 1234 1252; x_wconf 88' lang='lat' dir='ltr'>Novi</span> <span class='ocrx_word' id='word_1_143' title='bbox 1250 1191 1622 1260; x_wconf 89' lang='lat' dir='ltr'>Testamenti,</span> <span class='ocrx_word' id='word_1_144' title='bbox 1645 1193 1903 1245; x_wconf 88' lang='lat' dir='ltr'>statuens</span> <span class='ocrx_word' id='word_1_145' title='bbox 1923 1189 2006 1242; x_wconf 93' lang='lat' dir='ltr'>le-</span> <span class='ocrx_word' id='word_1_146' title='bbox 2107 1189 2236 1251; x_wconf 86' lang='lat' dir='ltr'>tem;</span> <span class='ocrx_word' id='word_1_147' title='bbox 2267 1183 2327 1238; x_wconf 92' lang='lat' dir='ltr'>in</span> <span class='ocrx_word' id='word_1_148' title='bbox 2355 1181 2608 1238; x_wconf 88' lang='lat' dir='ltr'>Lection.</span> <span class='ocrx_word' id='word_1_149' title='bbox 2634 1185 2692 1236; x_wconf 89' lang='lat' dir='ltr'>et</span> <span class='ocrx_word' id='word_1_150' title='bbox 2719 1182 2934 1249; x_wconf 84' lang='lat' dir='ltr'>Graeco,</span> <span class='ocrx_word' id='word_1_151' title='bbox 2960 1185 3241 1253; x_wconf 85' lang='lat' dir='ltr'>peccatum</span> <span class='ocrx_word' id='word_1_152' title='bbox 3261 1195 3372 1235; x_wconf 87' lang='lat' dir='ltr'>non</span> <span class='ocrx_word' id='word_1_153' title='bbox 3400 1179 3478 1234; x_wconf 87' lang='lat' dir='ltr'>ad</span> <span class='ocrx_word' id='word_1_154' title='bbox 3500 1181 3771 1234; x_wconf 86' lang='lat' dir='ltr'>mortem.</span> 
     </span>
    </p>
   </div>
   <div class='ocr_carea' id='block_1_11' title="bbox 383 1271 3772 1364">
    <p class='ocr_par' dir='ltr' id='par_1_11' title="bbox 383 1271 3772 1364">
     <span class='ocr_line' id='line_1_11' title="bbox 383 1271 3772 1364; baseline -0.006 -17"><span class='ocrx_word' id='word_1_155' title='bbox 383 1308 518 1364; x_wconf 86' lang='lat' dir='ltr'>gem</span> <span class='ocrx_word' id='word_1_156' title='bbox 539 1294 598 1347; x_wconf 92' lang='lat' dir='ltr'>et</span> <span class='ocrx_word' id='word_1_157' title='bbox 615 1292 1138 1364; x_wconf 87' lang='lat' dir='ltr'>prophetas,usque</span> <span class='ocrx_word' id='word_1_158' title='bbox 1156 1285 1647 1354; x_wconf 83' lang='lat' dir='ltr'>adJohannem,si</span> <span class='ocrx_word' id='word_1_159' title='bbox 1668 1299 1784 1338; x_wconf 91' lang='lat' dir='ltr'>non</span> <span class='ocrx_word' id='word_1_160' title='bbox 1803 1281 2006 1338; x_wconf 78' lang='lat' dir='ltr'>exinde</span> <span class='ocrx_word' id='word_1_161' title='bbox 2174 1278 2324 1332; x_wconf 54' lang='grc' dir='ltr'>ἔσθιε</span> <span class='ocrx_word' id='word_1_162' title='bbox 2377 1291 2453 1342; x_wconf 80' lang='lat' dir='ltr'>1v,</span> <span class='ocrx_word' id='word_1_163' title='bbox 2505 1276 2559 1345; x_wconf 81' lang='grc'>4,</span> <span class='ocrx_word' id='word_1_164' title='bbox 2610 1277 2893 1332; x_wconf 85' lang='lat' dir='ltr'>Dominum</span> <span class='ocrx_word' id='word_1_165' title='bbox 2933 1278 3176 1330; x_wconf 85' lang='lat' dir='ltr'>nostrum</span> <span class='ocrx_word' id='word_1_166' title='bbox 3216 1277 3414 1330; x_wconf 79' lang='lat' dir='ltr'>Iesum.</span> <span class='ocrx_word' id='word_1_167' title='bbox 3462 1271 3772 1340; x_wconf 88' lang='lat' dir='ltr'>Lection.,</span> 
     </span>
    </p>
   </div>
   <div class='ocr_carea' id='block_1_12' title="bbox 381 1365 3770 1455">
    <p class='ocr_par' dir='ltr' id='par_1_12' title="bbox 381 1365 3770 1455">
     <span class='ocr_line' id='line_1_12' title="bbox 381 1365 3770 1455; baseline -0.007 -13"><span class='ocrx_word' id='word_1_168' title='bbox 381 1388 552 1442; x_wconf 89' lang='lat' dir='ltr'>Pater</span> <span class='ocrx_word' id='word_1_169' title='bbox 579 1387 639 1440; x_wconf 92' lang='lat' dir='ltr'>et</span> <span class='ocrx_word' id='word_1_170' title='bbox 669 1384 841 1440; x_wconf 90' lang='lat' dir='ltr'>Filius</span> <span class='ocrx_word' id='word_1_171' title='bbox 876 1385 934 1438; x_wconf 89' lang='lat' dir='ltr'>et</span> <span class='ocrx_word' id='word_1_172' title='bbox 967 1381 1210 1455; x_wconf 86' lang='lat' dir='ltr'>Spiritus</span> <span class='ocrx_word' id='word_1_173' title='bbox 1235 1384 1351 1435; x_wconf 85' lang='lat' dir='ltr'>tres</span> <span class='ocrx_word' id='word_1_174' title='bbox 1385 1377 1588 1434; x_wconf 89' lang='lat' dir='ltr'>crediti</span> <span class='ocrx_word' id='word_1_175' title='bbox 1613 1393 1792 1432; x_wconf 92' lang='lat' dir='ltr'>unum</span> <span class='ocrx_word' id='word_1_176' title='bbox 1824 1377 2005 1430; x_wconf 90' lang='lat' dir='ltr'>Deum</span> <span class='ocrx_word' id='word_1_177' title='bbox 2105 1373 2271 1426; x_wconf 85' lang='lat' dir='ltr'>Deum</span> <span class='ocrx_word' id='word_1_178' title='bbox 2302 1373 2548 1424; x_wconf 84' lang='lat' dir='ltr'>nostrum</span> <span class='ocrx_word' id='word_1_179' title='bbox 2583 1371 2785 1432; x_wconf 81' lang='lat' dir='ltr'>Jesum,</span> <span class='ocrx_word' id='word_1_180' title='bbox 2827 1370 2886 1422; x_wconf 90' lang='lat' dir='ltr'>et</span> <span class='ocrx_word' id='word_1_181' title='bbox 2927 1367 2986 1422; x_wconf 92' lang='lat' dir='ltr'>in</span> <span class='ocrx_word' id='word_1_182' title='bbox 3026 1367 3243 1423; x_wconf 54' lang='lat' dir='ltr'>Graeco.</span> <span class='ocrx_word' id='word_1_183' title='bbox 3291 1365 3462 1434; x_wconf 90' lang='lat' dir='ltr'>Ibid.,</span> <span class='ocrx_word' id='word_1_184' title='bbox 3504 1381 3664 1420; x_wconf 90' lang='lat' dir='ltr'>vers.</span> <span class='ocrx_word' id='word_1_185' title='bbox 3709 1367 3770 1434; x_wconf 88' lang='lat'>6,</span> 
     </span>
    </p>
   </div>
   <div class='ocr_carea' id='block_1_13' title="bbox 383 1459 3772 1544">
    <p class='ocr_par' dir='ltr' id='par_1_13' title="bbox 383 1459 3772 1544">
     <span class='ocr_line' id='line_1_13' title="bbox 383 1459 3772 1544; baseline -0.006 -10"><span class='ocrx_word' id='word_1_186' title='bbox 383 1478 628 1534; x_wconf 84' lang='lat' dir='ltr'>sistunt?</span> <span class='ocrx_word' id='word_1_187' title='bbox 669 1499 698 1528; x_wconf 87' lang='lat'><strong>»</strong></span> <span class='ocrx_word' id='word_1_188' title='bbox 735 1477 801 1533; x_wconf 90' lang='lat' dir='ltr'>Hi</span> <span class='ocrx_word' id='word_1_189' title='bbox 843 1477 956 1532; x_wconf 89' lang='lat' dir='ltr'>duo</span> <span class='ocrx_word' id='word_1_190' title='bbox 995 1475 1125 1544; x_wconf 92' lang='lat' dir='ltr'>loci,</span> <span class='ocrx_word' id='word_1_191' title='bbox 1163 1473 1415 1530; x_wconf 83' lang='lat' dir='ltr'>maxime</span> <span class='ocrx_word' id='word_1_192' title='bbox 1453 1472 1630 1543; x_wconf 89' lang='lat' dir='ltr'>prior,</span> <span class='ocrx_word' id='word_1_193' title='bbox 1677 1471 1752 1524; x_wconf 89' lang='lat' dir='ltr'>ad</span> <span class='ocrx_word' id='word_1_194' title='bbox 1786 1471 2005 1523; x_wconf 84' lang='lat' dir='ltr'>textum</span> <span class='ocrx_word' id='word_1_195' title='bbox 2095 1463 2365 1533; x_wconf 86' lang='lat' dir='ltr'>judicium</span> <span class='ocrx_word' id='word_1_196' title='bbox 2389 1464 2579 1532; x_wconf 81' lang='lat' dir='ltr'>magni</span> <span class='ocrx_word' id='word_1_197' title='bbox 2604 1463 2732 1525; x_wconf 85' lang='lat' dir='ltr'>diei,</span> <span class='ocrx_word' id='word_1_198' title='bbox 2760 1477 2892 1516; x_wconf 90' lang='lat' dir='ltr'>cum</span> <span class='ocrx_word' id='word_1_199' title='bbox 2921 1461 3137 1516; x_wconf 62' lang='lat' dir='ltr'>Greco.</span> <span class='ocrx_word' id='word_1_200' title='bbox 3171 1459 3772 1530; x_wconf 80' lang='lat' dir='ltr'>Lection.,judicium</span> 
     </span>
    </p>
   </div>
   <div class='ocr_carea' id='block_1_14' title="bbox 382 1554 3773 1645">
    <p class='ocr_par' dir='ltr' id='par_1_14' title="bbox 382 1554 3773 1645">
     <span class='ocr_line' id='line_1_14' title="bbox 382 1554 3773 1645; baseline -0.007 -16"><span class='ocrx_word' id='word_1_201' title='bbox 382 1573 650 1645; x_wconf 66' lang='lat' dir='ltr'>Epistolas</span> <span class='ocrx_word' id='word_1_202' title='bbox 685 1569 963 1628; x_wconf 85' lang='lat' dir='ltr'>Johannis</span> <span class='ocrx_word' id='word_1_203' title='bbox 996 1567 1278 1640; x_wconf 88' lang='lat' dir='ltr'>respicere</span> <span class='ocrx_word' id='word_1_204' title='bbox 1318 1565 1560 1620; x_wconf 86' lang='lat' dir='ltr'>videtur.</span> <span class='ocrx_word' id='word_1_205' title='bbox 1592 1561 1880 1633; x_wconf 85' lang='lat' dir='ltr'>Quidquid</span> <span class='ocrx_word' id='word_1_206' title='bbox 1914 1560 2004 1628; x_wconf 89' lang='lat' dir='ltr'>sit,</span> <span class='ocrx_word' id='word_1_207' title='bbox 2107 1557 2218 1612; x_wconf 81' lang='lat' dir='ltr'>diei</span> <span class='ocrx_word' id='word_1_208' title='bbox 2249 1557 2438 1626; x_wconf 85' lang='lat' dir='ltr'>magni</span> <span class='ocrx_word' id='word_1_209' title='bbox 2471 1557 2588 1610; x_wconf 86' lang='lat' dir='ltr'>Dei.</span> <span class='ocrx_word' id='word_1_210' title='bbox 2621 1555 2836 1609; x_wconf 85' lang='lat' dir='ltr'>Rursus</span> <span class='ocrx_word' id='word_1_211' title='bbox 2869 1570 3015 1608; x_wconf 88' lang='lat' dir='ltr'>vers.</span> <span class='ocrx_word' id='word_1_212' title='bbox 3053 1557 3139 1621; x_wconf 87' lang='grc'>11,</span> <span class='ocrx_word' id='word_1_213' title='bbox 3178 1555 3238 1608; x_wconf 84' lang='lat' dir='ltr'>in</span> <span class='ocrx_word' id='word_1_214' title='bbox 3271 1555 3366 1608; x_wconf 79' lang='lat' dir='ltr'>via</span> <span class='ocrx_word' id='word_1_215' title='bbox 3406 1554 3567 1616; x_wconf 85' lang='lat' dir='ltr'>Cain,</span> <span class='ocrx_word' id='word_1_216' title='bbox 3609 1555 3667 1608; x_wconf 87' lang='lat' dir='ltr'>et</span> <span class='ocrx_word' id='word_1_217' title='bbox 3705 1555 3773 1607; x_wconf 84' lang='lat' dir='ltr'>in</span> 
     </span>
    </p>
   </div>
   <div class='ocr_carea' id='block_1_15' title="bbox 379 1645 3767 1738">
    <p class='ocr_par' dir='ltr' id='par_1_15' title="bbox 379 1645 3767 1738">
     <span class='ocr_line' id='line_1_15' title="bbox 379 1645 3767 1738; baseline -0.007 -16"><span class='ocrx_word' id='word_1_218' title='bbox 379 1667 552 1738; x_wconf 89' lang='lat' dir='ltr'>plana</span> <span class='ocrx_word' id='word_1_219' title='bbox 590 1669 678 1720; x_wconf 90' lang='lat' dir='ltr'>est</span> <span class='ocrx_word' id='word_1_220' title='bbox 720 1661 986 1736; x_wconf 82' lang='lat' dir='ltr'>Cypriani</span> <span class='ocrx_word' id='word_1_221' title='bbox 1029 1665 1088 1716; x_wconf 89' lang='lat' dir='ltr'>et</span> <span class='ocrx_word' id='word_1_222' title='bbox 1125 1657 1458 1730; x_wconf 83' lang='lat' dir='ltr'>Hieronymi</span> <span class='ocrx_word' id='word_1_223' title='bbox 1505 1655 1832 1722; x_wconf 83' lang='lat' dir='ltr'>auctoritas,</span> <span class='ocrx_word' id='word_1_224' title='bbox 1879 1669 2006 1724; x_wconf 69' lang='lat' dir='ltr'>qua:</span> <span class='ocrx_word' id='word_1_225' title='bbox 2107 1649 2540 1704; x_wconf 81' lang='lat' dir='ltr'>contradictione.</span> <span class='ocrx_word' id='word_1_226' title='bbox 2591 1649 2764 1702; x_wconf 91' lang='lat' dir='ltr'>Deest</span> <span class='ocrx_word' id='word_1_227' title='bbox 2803 1650 2864 1703; x_wconf 83' lang='lat' dir='ltr'>in</span> <span class='ocrx_word' id='word_1_228' title='bbox 2905 1647 3160 1702; x_wconf 91' lang='lat' dir='ltr'>Lection.</span> <span class='ocrx_word' id='word_1_229' title='bbox 3206 1649 3266 1702; x_wconf 90' lang='lat' dir='ltr'>et</span> <span class='ocrx_word' id='word_1_230' title='bbox 3312 1647 3532 1702; x_wconf 62' lang='lat' dir='ltr'>Graeco.</span> <span class='ocrx_word' id='word_1_231' title='bbox 3581 1645 3767 1711; x_wconf 87' lang='lat' dir='ltr'>Ibid.,</span> 
     </span>
    </p>
   </div>
   <div class='ocr_carea' id='block_1_16' title="bbox 383 1740 3776 1830">
    <p class='ocr_par' dir='ltr' id='par_1_16' title="bbox 383 1740 3776 1830">
     <span class='ocr_line' id='line_1_16' title="bbox 383 1740 3776 1830; baseline -0.006 -16"><span class='ocrx_word' id='word_1_232' title='bbox 383 1761 626 1830; x_wconf 88' lang='lat' dir='ltr'>utraque</span> <span class='ocrx_word' id='word_1_233' title='bbox 667 1757 926 1812; x_wconf 89' lang='lat' dir='ltr'>sufficere</span> <span class='ocrx_word' id='word_1_234' title='bbox 961 1755 1150 1826; x_wconf 89' lang='lat' dir='ltr'>potest</span> <span class='ocrx_word' id='word_1_235' title='bbox 1187 1752 1261 1807; x_wconf 88' lang='lat' dir='ltr'>ad</span> <span class='ocrx_word' id='word_1_236' title='bbox 1301 1749 1673 1806; x_wconf 89' lang='lat' dir='ltr'>asserendam</span> <span class='ocrx_word' id='word_1_237' title='bbox 1711 1747 1844 1801; x_wconf 93' lang='lat' dir='ltr'>huic</span> <span class='ocrx_word' id='word_1_238' title='bbox 1880 1747 2006 1800; x_wconf 93' lang='lat' dir='ltr'>loco</span> <span class='ocrx_word' id='word_1_239' title='bbox 2107 1758 2251 1797; x_wconf 88' lang='lat' dir='ltr'>vers.</span> <span class='ocrx_word' id='word_1_240' title='bbox 2300 1745 2390 1809; x_wconf 79' lang='grc'>21,</span> <span class='ocrx_word' id='word_1_241' title='bbox 2438 1746 2802 1812; x_wconf 72' lang='grc' dir='ltr'>θωερθοιαηιθε</span> <span class='ocrx_word' id='word_1_242' title='bbox 2847 1740 3272 1797; x_wconf 86' lang='lat' dir='ltr'>misericordiam</span> <span class='ocrx_word' id='word_1_243' title='bbox 3313 1742 3538 1796; x_wconf 83' lang='lat' dir='ltr'>Domini</span> <span class='ocrx_word' id='word_1_244' title='bbox 3580 1741 3776 1795; x_wconf 79' lang='lat' dir='ltr'>nostri</span> 
     </span>
    </p>
   </div>
   <div class='ocr_carea' id='block_1_17' title="bbox 384 1832 3770 1913">
    <p class='ocr_par' dir='ltr' id='par_1_17' title="bbox 384 1832 3770 1913">
     <span class='ocr_line' id='line_1_17' title="bbox 384 1832 3770 1913; baseline -0.005 -7"><span class='ocrx_word' id='word_1_245' title='bbox 384 1849 804 1906; x_wconf 88' lang='lat' dir='ltr'>auctoritatem.</span> <span class='ocrx_word' id='word_1_246' title='bbox 827 1847 923 1903; x_wconf 87' lang='lat' dir='ltr'>His</span> <span class='ocrx_word' id='word_1_247' title='bbox 943 1849 1144 1902; x_wconf 91' lang='lat' dir='ltr'>tamen</span> <span class='ocrx_word' id='word_1_248' title='bbox 1167 1843 1448 1900; x_wconf 87' lang='lat' dir='ltr'>accedunt</span> <span class='ocrx_word' id='word_1_249' title='bbox 1470 1840 1803 1913; x_wconf 82' lang='lat' dir='ltr'>Fulgentius</span> <span class='ocrx_word' id='word_1_250' title='bbox 1819 1839 1880 1894; x_wconf 92' lang='lat' dir='ltr'>in</span> <span class='ocrx_word' id='word_1_251' title='bbox 1905 1839 2003 1894; x_wconf 90' lang='lat' dir='ltr'>lib.</span> <span class='ocrx_word' id='word_1_252' title='bbox 2105 1839 2228 1891; x_wconf 78' lang='lat' dir='ltr'>Iesu</span> <span class='ocrx_word' id='word_1_253' title='bbox 2255 1835 2457 1894; x_wconf 89' lang='lat' dir='ltr'>Christi</span> <span class='ocrx_word' id='word_1_254' title='bbox 2479 1837 2538 1890; x_wconf 85' lang='lat' dir='ltr'>in</span> <span class='ocrx_word' id='word_1_255' title='bbox 2568 1837 2738 1890; x_wconf 81' lang='lat' dir='ltr'>vitam</span> <span class='ocrx_word' id='word_1_256' title='bbox 2764 1839 3039 1890; x_wconf 76' lang='lat' dir='ltr'>aeternam.</span> <span class='ocrx_word' id='word_1_257' title='bbox 3068 1835 3288 1889; x_wconf 89' lang='lat' dir='ltr'>Desunt</span> <span class='ocrx_word' id='word_1_258' title='bbox 3317 1834 3444 1889; x_wconf 48' lang='lat' dir='ltr'>haec</span> <span class='ocrx_word' id='word_1_259' title='bbox 3468 1833 3660 1894; x_wconf 75' lang='lat' dir='ltr'>verba</span> <span class='ocrx_word' id='word_1_260' title='bbox 3698 1832 3770 1890; x_wconf 87' lang='lat' dir='ltr'>in</span> 
     </span>
    </p>
   </div>
   <div class='ocr_carea' id='block_1_18' title="bbox 383 1914 3772 2013">
    <p class='ocr_par' dir='ltr' id='par_1_18' title="bbox 383 1914 3772 2013">
     <span class='ocr_line' id='line_1_18' title="bbox 383 1914 3772 2013; baseline -0.006 -13"><span class='ocrx_word' id='word_1_261' title='bbox 383 1945 454 1999; x_wconf 92' lang='lat' dir='ltr'>de</span> <span class='ocrx_word' id='word_1_262' title='bbox 470 1942 764 2010; x_wconf 88' lang='lat' dir='ltr'>Trinitate,</span> <span class='ocrx_word' id='word_1_263' title='bbox 789 1941 978 2013; x_wconf 68' lang='lat' dir='ltr'>cap.4;</span> <span class='ocrx_word' id='word_1_264' title='bbox 996 1935 1460 2004; x_wconf 82' lang='lat' dir='ltr'>VictorVitensis,</span> <span class='ocrx_word' id='word_1_265' title='bbox 1478 1934 1712 1989; x_wconf 83' lang='lat' dir='ltr'>inlib.u</span> <span class='ocrx_word' id='word_1_266' title='bbox 1731 1933 1802 1988; x_wconf 92' lang='lat' dir='ltr'>de</span> <span class='ocrx_word' id='word_1_267' title='bbox 1819 1914 2084 1989; x_wconf 85' lang='lat' dir='ltr'>Perse-B</span> <span class='ocrx_word' id='word_1_268' title='bbox 2107 1927 2384 1996; x_wconf 84' lang='lat' dir='ltr'>Lection.,</span> <span class='ocrx_word' id='word_1_269' title='bbox 2422 1927 2524 1983; x_wconf 90' lang='lat' dir='ltr'>sed</span> <span class='ocrx_word' id='word_1_270' title='bbox 2559 1944 2676 1983; x_wconf 92' lang='lat' dir='ltr'>non</span> <span class='ocrx_word' id='word_1_271' title='bbox 2705 1927 2766 1983; x_wconf 91' lang='lat' dir='ltr'>in</span> <span class='ocrx_word' id='word_1_272' title='bbox 2809 1929 3024 1984; x_wconf 80' lang='lat' dir='ltr'>Graeco.</span> <span class='ocrx_word' id='word_1_273' title='bbox 3062 1927 3344 1999; x_wconf 89' lang='lat' dir='ltr'>Denique,</span> <span class='ocrx_word' id='word_1_274' title='bbox 3378 1943 3528 1982; x_wconf 87' lang='lat' dir='ltr'>vers.</span> <span class='ocrx_word' id='word_1_275' title='bbox 3564 1928 3663 1994; x_wconf 76' lang='grc'>24,</span> <span class='ocrx_word' id='word_1_276' title='bbox 3705 1929 3772 1981; x_wconf 84' lang='lat' dir='ltr'>in</span> 
     </span>
    </p>
   </div>
   <div class='ocr_carea' id='block_1_19' title="bbox 383 2021 3772 2104">
    <p class='ocr_par' dir='ltr' id='par_1_19' title="bbox 383 2021 3772 2104">
     <span class='ocr_line' id='line_1_19' title="bbox 383 2021 3772 2104; baseline -0.005 -12"><span class='ocrx_word' id='word_1_277' title='bbox 383 2037 612 2092; x_wconf 88' lang='lat' dir='ltr'>cutione</span> <span class='ocrx_word' id='word_1_278' title='bbox 637 2034 976 2101; x_wconf 86' lang='lat' dir='ltr'>Vandalica;</span> <span class='ocrx_word' id='word_1_279' title='bbox 999 2031 1285 2104; x_wconf 86' lang='lat' dir='ltr'>Eugenius</span> <span class='ocrx_word' id='word_1_280' title='bbox 1310 2025 1797 2100; x_wconf 87' lang='lat' dir='ltr'>Carthaginensis,</span> <span class='ocrx_word' id='word_1_281' title='bbox 1819 2026 1881 2080; x_wconf 92' lang='lat' dir='ltr'>in</span> <span class='ocrx_word' id='word_1_282' title='bbox 1901 2027 2007 2080; x_wconf 83' lang='lat' dir='ltr'>Ex-</span> <span class='ocrx_word' id='word_1_283' title='bbox 2108 2023 2457 2085; x_wconf 69' lang='lat' dir='ltr'>exultatione,</span> <span class='ocrx_word' id='word_1_284' title='bbox 2485 2024 2544 2076; x_wconf 88' lang='lat' dir='ltr'>in</span> <span class='ocrx_word' id='word_1_285' title='bbox 2566 2022 2804 2078; x_wconf 79' lang='lat' dir='ltr'>adventu</span> <span class='ocrx_word' id='word_1_286' title='bbox 2823 2024 3042 2077; x_wconf 86' lang='lat' dir='ltr'>Domini</span> <span class='ocrx_word' id='word_1_287' title='bbox 3062 2023 3239 2077; x_wconf 84' lang='lat' dir='ltr'>nostri</span> <span class='ocrx_word' id='word_1_288' title='bbox 3259 2024 3386 2077; x_wconf 84' lang='lat' dir='ltr'>Jesu</span> <span class='ocrx_word' id='word_1_289' title='bbox 3415 2022 3630 2080; x_wconf 81' lang='lat' dir='ltr'>Christi</span> <span class='ocrx_word' id='word_1_290' title='bbox 3653 2021 3772 2076; x_wconf 87' lang='lat' dir='ltr'>soli</span> 
     </span>
    </p>
   </div>
   <div class='ocr_carea' id='block_1_20' title="bbox 383 2113 3774 2203">
    <p class='ocr_par' dir='ltr' id='par_1_20' title="bbox 383 2113 3774 2203">
     <span class='ocr_line' id='line_1_20' title="bbox 383 2113 3774 2203; baseline -0.005 -17"><span class='ocrx_word' id='word_1_291' title='bbox 383 2129 669 2203; x_wconf 85' lang='lat' dir='ltr'>positione</span> <span class='ocrx_word' id='word_1_292' title='bbox 695 2127 832 2182; x_wconf 83' lang='lat' dir='ltr'>fidei</span> <span class='ocrx_word' id='word_1_293' title='bbox 852 2125 1166 2192; x_wconf 74' lang='lat' dir='ltr'>catholicae,</span> <span class='ocrx_word' id='word_1_294' title='bbox 1191 2126 1249 2178; x_wconf 91' lang='lat' dir='ltr'>et</span> <span class='ocrx_word' id='word_1_295' title='bbox 1277 2122 1362 2195; x_wconf 88' lang='lat' dir='ltr'>(ut</span> <span class='ocrx_word' id='word_1_296' title='bbox 1391 2121 1533 2176; x_wconf 91' lang='lat' dir='ltr'>alios</span> <span class='ocrx_word' id='word_1_297' title='bbox 1565 2119 1847 2190; x_wconf 88' lang='lat' dir='ltr'>omittam)</span> <span class='ocrx_word' id='word_1_298' title='bbox 1872 2120 2009 2172; x_wconf 79' lang='lat' dir='ltr'>Am-</span> <span class='ocrx_word' id='word_1_299' title='bbox 2108 2118 2234 2180; x_wconf 86' lang='lat' dir='ltr'>Deo,</span> <span class='ocrx_word' id='word_1_300' title='bbox 2277 2117 2384 2169; x_wconf 87' lang='lat' dir='ltr'>etc.</span> <span class='ocrx_word' id='word_1_301' title='bbox 2424 2113 2700 2182; x_wconf 90' lang='lat' dir='ltr'>Lection.,</span> <span class='ocrx_word' id='word_1_302' title='bbox 2741 2131 2873 2170; x_wconf 89' lang='lat' dir='ltr'>cum</span> <span class='ocrx_word' id='word_1_303' title='bbox 2912 2115 3128 2185; x_wconf 62' lang='lat' dir='ltr'>Graeco,</span> <span class='ocrx_word' id='word_1_304' title='bbox 3167 2117 3227 2170; x_wconf 88' lang='lat' dir='ltr'>in</span> <span class='ocrx_word' id='word_1_305' title='bbox 3259 2115 3621 2179; x_wconf 62' lang='lat' dir='ltr'>exultatione,</span> <span class='ocrx_word' id='word_1_306' title='bbox 3657 2115 3774 2170; x_wconf 81' lang='lat' dir='ltr'>soli</span> 
     </span>
    </p>
   </div>
   <div class='ocr_carea' id='block_1_21' title="bbox 384 2207 2987 2293">
    <p class='ocr_par' dir='ltr' id='par_1_21' title="bbox 384 2207 2987 2293">
     <span class='ocr_line' id='line_1_21' title="bbox 384 2207 2987 2293; baseline -0.007 -14"><span class='ocrx_word' id='word_1_307' title='bbox 384 2223 610 2279; x_wconf 89' lang='lat' dir='ltr'>brosius</span> <span class='ocrx_word' id='word_1_308' title='bbox 633 2220 1002 2293; x_wconf 83' lang='lat' dir='ltr'>Autperthus,</span> <span class='ocrx_word' id='word_1_309' title='bbox 1042 2219 1102 2272; x_wconf 92' lang='lat' dir='ltr'>in</span> <span class='ocrx_word' id='word_1_310' title='bbox 1132 2217 1229 2272; x_wconf 86' lang='lat' dir='ltr'>lib.</span> <span class='ocrx_word' id='word_1_311' title='bbox 1263 2233 1281 2271; x_wconf 86' lang='grc' dir='ltr'><strong>ι</strong></span> <span class='ocrx_word' id='word_1_312' title='bbox 1308 2231 1478 2286; x_wconf 91' lang='lat' dir='ltr'>super</span> <span class='ocrx_word' id='word_1_313' title='bbox 1506 2211 1906 2285; x_wconf 82' lang='lat' dir='ltr'>Apocalypsin,</span> <span class='ocrx_word' id='word_1_314' title='bbox 1937 2211 2012 2266; x_wconf 88' lang='lat' dir='ltr'>ad</span> <span class='ocrx_word' id='word_1_315' title='bbox 2110 2211 2234 2264; x_wconf 87' lang='lat' dir='ltr'>Deo.</span> <span class='ocrx_word' id='word_1_316' title='bbox 2264 2208 2393 2264; x_wconf 63' lang='lat' dir='ltr'>Haec</span> <span class='ocrx_word' id='word_1_317' title='bbox 2421 2207 2482 2264; x_wconf 91' lang='lat' dir='ltr'>in</span> <span class='ocrx_word' id='word_1_318' title='bbox 2515 2207 2804 2280; x_wconf 87' lang='lat' dir='ltr'>specimen</span> <span class='ocrx_word' id='word_1_319' title='bbox 2833 2207 2987 2264; x_wconf 84' lang='lat' dir='ltr'>satis.</span> 
     </span>
    </p>
   </div>
   <div class='ocr_carea' id='block_1_22' title="bbox 385 2303 2011 2382">
    <p class='ocr_par' dir='ltr' id='par_1_22' title="bbox 385 2303 2011 2382">
     <span class='ocr_line' id='line_1_22' title="bbox 385 2303 2011 2382; baseline -0.007 -12"><span class='ocrx_word' id='word_1_320' title='bbox 385 2316 540 2370; x_wconf 91' lang='lat' dir='ltr'>hunc</span> <span class='ocrx_word' id='word_1_321' title='bbox 571 2329 800 2370; x_wconf 90' lang='lat' dir='ltr'>versum</span> <span class='ocrx_word' id='word_1_322' title='bbox 827 2329 841 2369; x_wconf 85' lang='lat'><strong>:</strong></span> <span class='ocrx_word' id='word_1_323' title='bbox 873 2314 979 2382; x_wconf 86' lang='lat' dir='ltr'>Qui</span> <span class='ocrx_word' id='word_1_324' title='bbox 1011 2316 1088 2368; x_wconf 90' lang='lat' dir='ltr'>est</span> <span class='ocrx_word' id='word_1_325' title='bbox 1126 2311 1271 2366; x_wconf 87' lang='lat' dir='ltr'>testis</span> <span class='ocrx_word' id='word_1_326' title='bbox 1299 2309 1494 2379; x_wconf 80' lang='lat' dir='ltr'>ﬁdelis,</span> <span class='ocrx_word' id='word_1_327' title='bbox 1529 2310 1634 2362; x_wconf 92' lang='lat' dir='ltr'>etc.</span> <span class='ocrx_word' id='word_1_328' title='bbox 1675 2335 1743 2347; x_wconf 91' lang='lat'>—</span> <span class='ocrx_word' id='word_1_329' title='bbox 1776 2307 1921 2360; x_wconf 88' lang='lat' dir='ltr'>Item</span> <span class='ocrx_word' id='word_1_330' title='bbox 1951 2303 2011 2358; x_wconf 89' lang='lat' dir='ltr'>in</span> 
     </span>
    </p>
   </div>
   <div class='ocr_carea' id='block_1_23' title="bbox 714 2685 3436 2876">
    <p class='ocr_par' dir='ltr' id='par_1_23' title="bbox 714 2685 3436 2876">
     <span class='ocr_line' id='line_1_23' title="bbox 714 2685 3436 2876; baseline -0.004 0"><span class='ocrx_word' id='word_1_331' title='bbox 714 2689 2206 2876; x_wconf 76' lang='lat' dir='ltr'>SAGRAMENTABIUM</span> <span class='ocrx_word' id='word_1_332' title='bbox 2371 2685 3436 2866; x_wconf 76' lang='lat' dir='ltr'><strong>GALLICANUM</strong></span> 
     </span>
    </p>
   </div>
   <div class='ocr_carea' id='block_1_24' title="bbox 839 2956 3285 3254">
    <p class='ocr_par' dir='ltr' id='par_1_24' title="bbox 839 2956 3285 3254">
     <span class='ocr_line' id='line_1_24' title="bbox 839 2956 3285 3254; baseline -0.002 -5"><span class='ocrx_word' id='word_1_333' title='bbox 839 3103 1426 3254; x_wconf 82' lang='lat' dir='ltr'>LIBER</span> <span class='ocrx_word' id='word_1_334' title='bbox 1531 2956 3285 3246; x_wconf 57' lang='lat' dir='ltr'>SACRSZMENTORUM</span> 
     </span>
    </p>
   </div>
   <div class='ocr_carea' id='block_1_25' title="bbox 1431 3363 2693 3447">
    <p class='ocr_par' dir='ltr' id='par_1_25' title="bbox 1431 3363 2693 3447">
     <span class='ocr_line' id='line_1_25' title="bbox 1431 3363 2693 3447; baseline -0.006 0"><span class='ocrx_word' id='word_1_335' title='bbox 1431 3367 1967 3447; x_wconf 76' lang='lat' dir='ltr'>ECCLESUE</span> <span class='ocrx_word' id='word_1_336' title='bbox 2065 3363 2693 3442; x_wconf 61' lang='lat' dir='ltr'>GALLIGANIE</span> 
     </span>
    </p>
   </div>
   <div class='ocr_carea' id='block_1_26' title="bbox 1071 3548 3058 3640">
    <p class='ocr_par' dir='ltr' id='par_1_26' title="bbox 1071 3548 3058 3640">
     <span class='ocr_line' id='line_1_26' title="bbox 1071 3548 3058 3640; baseline -0.005 1"><span class='ocrx_word' id='word_1_337' title='bbox 1071 3561 1139 3640; x_wconf 87' lang='lat' dir='ltr'><strong>A</strong></span> <span class='ocrx_word' id='word_1_338' title='bbox 1192 3553 1890 3640; x_wconf 85' lang='lat' dir='ltr'>MURATORIO</span> <span class='ocrx_word' id='word_1_339' title='bbox 1958 3551 2080 3631; x_wconf 93' lang='lat' dir='ltr'><strong>IN</strong></span> <span class='ocrx_word' id='word_1_340' title='bbox 2153 3548 2546 3632; x_wconf 90' lang='lat' dir='ltr'>LUCEM</span> <span class='ocrx_word' id='word_1_341' title='bbox 2611 3549 3058 3632; x_wconf 90' lang='lat' dir='ltr'>EDITUM</span> 
     </span>
    </p>
   </div>
   <div class='ocr_carea' id='block_1_27' title="bbox 1430 3713 2716 3800">
    <p class='ocr_par' dir='ltr' id='par_1_27' title="bbox 1430 3713 2716 3800">
     <span class='ocr_line' id='line_1_27' title="bbox 1430 3713 2716 3800; baseline -0.007 -18"><span class='ocrx_word' id='word_1_342' title='bbox 1430 3720 1656 3800; x_wconf 68' lang='lat' dir='ltr'>(MUSzEI</span> <span class='ocrx_word' id='word_1_343' title='bbox 1695 3733 1918 3780; x_wconf 73' lang='lat' dir='ltr'>mmor</span> <span class='ocrx_word' id='word_1_344' title='bbox 1959 3731 2112 3778; x_wconf 85' lang='lat' dir='ltr'>TOMI</span> <span class='ocrx_word' id='word_1_345' title='bbox 2155 3732 2200 3790; x_wconf 82' lang='grc' dir='ltr'>ι,</span> <span class='ocrx_word' id='word_1_346' title='bbox 2247 3731 2304 3776; x_wconf 78' lang='grc' dir='ltr'>Ρ.</span> <span class='ocrx_word' id='word_1_347' title='bbox 2348 3717 2468 3776; x_wconf 73' lang='grc'>273</span> <span class='ocrx_word' id='word_1_348' title='bbox 2512 3713 2716 3795; x_wconf 69' lang='lat' dir='ltr'>sago.)</span> 
     </span>
    </p>
   </div>
   <div class='ocr_carea' id='block_1_28' title="bbox 1630 3895 2523 3934">
    <p class='ocr_par' dir='ltr' id='par_1_28' title="bbox 1630 3895 2523 3934">
     <span class='ocr_line' id='line_1_28' title="bbox 1630 3895 2523 3934; baseline -0.007 -3"><span class='ocrx_word' id='word_1_349' title='bbox 1630 3895 2523 3934; x_wconf 50' lang='grc' dir='ltr'>ψ·-</span> 
     </span>
    </p>
   </div>
   <div class='ocr_carea' id='block_1_29' title="bbox 1369 4052 2770 4228">
    <p class='ocr_par' dir='ltr' id='par_1_29' title="bbox 1369 4052 2770 4228">
     <span class='ocr_line' id='line_1_29' title="bbox 1369 4052 2770 4228; baseline -0.005 -21"><span class='ocrx_word' id='word_1_350' title='bbox 1369 4054 2069 4207; x_wconf 69' lang='lat' dir='ltr'>illuratatii</span> <span class='ocrx_word' id='word_1_351' title='bbox 2138 4052 2770 4228; x_wconf 76' lang='lat' dir='ltr'>praefatio.</span> 
     </span>
    </p>
   </div>
   <div class='ocr_carea' id='block_1_30' title="bbox 466 4297 3760 4376">
    <p class='ocr_par' dir='ltr' id='par_1_30' title="bbox 466 4297 3760 4376">
     <span class='ocr_line' id='line_1_30' title="bbox 466 4297 3760 4376; baseline -0 -14"><span class='ocrx_word' id='word_1_352' title='bbox 466 4307 506 4362; x_wconf 91' lang='grc' dir='ltr'>Ι.</span> <span class='ocrx_word' id='word_1_353' title='bbox 541 4305 694 4362; x_wconf 90' lang='lat' dir='ltr'>Ordo</span> <span class='ocrx_word' id='word_1_354' title='bbox 725 4305 933 4372; x_wconf 68' lang='lat' dir='ltr'>missas,</span> <span class='ocrx_word' id='word_1_355' title='bbox 967 4319 1140 4376; x_wconf 90' lang='lat' dir='ltr'>quem</span> <span class='ocrx_word' id='word_1_356' title='bbox 1165 4321 1295 4360; x_wconf 88' lang='lat' dir='ltr'>mox</span> <span class='ocrx_word' id='word_1_357' title='bbox 1328 4303 1715 4375; x_wconf 88' lang='lat' dir='ltr'>subjiciemus,</span> <span class='ocrx_word' id='word_1_358' title='bbox 1742 4303 1899 4357; x_wconf 91' lang='lat' dir='ltr'>haud</span> <span class='ocrx_word' id='word_1_359' title='bbox 1929 4301 2098 4356; x_wconf 90' lang='lat' dir='ltr'>dubie</span> <span class='ocrx_word' id='word_1_360' title='bbox 2129 4301 2382 4374; x_wconf 87' lang='lat' dir='ltr'>pertinet</span> <span class='ocrx_word' id='word_1_361' title='bbox 2411 4301 2484 4357; x_wconf 91' lang='lat' dir='ltr'>ad</span> <span class='ocrx_word' id='word_1_362' title='bbox 2523 4299 2842 4372; x_wconf 85' lang='lat' dir='ltr'>Liturgiam</span> <span class='ocrx_word' id='word_1_363' title='bbox 2872 4297 3245 4354; x_wconf 87' lang='lat' dir='ltr'>Gallicanam.</span> <span class='ocrx_word' id='word_1_364' title='bbox 3283 4299 3543 4356; x_wconf 90' lang='lat' dir='ltr'>Primum</span> <span class='ocrx_word' id='word_1_365' title='bbox 3583 4304 3760 4376; x_wconf 87' lang='lat' dir='ltr'>hujus</span> 
     </span>
    </p>
   </div>
   <div class='ocr_carea' id='block_1_31' title="bbox 396 4387 3758 4468">
    <p class='ocr_par' dir='ltr' id='par_1_31' title="bbox 396 4387 3758 4468">
     <span class='ocr_line' id='line_1_31' title="bbox 396 4387 3758 4468; baseline -0 -17"><span class='ocrx_word' id='word_1_366' title='bbox 396 4395 480 4452; x_wconf 92' lang='lat' dir='ltr'>rei</span> <span class='ocrx_word' id='word_1_367' title='bbox 511 4398 919 4468; x_wconf 83' lang='lat' dir='ltr'>argumentum</span> <span class='ocrx_word' id='word_1_368' title='bbox 953 4393 1174 4449; x_wconf 91' lang='lat' dir='ltr'>desumi</span> <span class='ocrx_word' id='word_1_369' title='bbox 1199 4397 1388 4465; x_wconf 88' lang='lat' dir='ltr'>potest</span> <span class='ocrx_word' id='word_1_370' title='bbox 1412 4410 1479 4448; x_wconf 83' lang='lat' dir='ltr'>ex</span> <span class='ocrx_word' id='word_1_371' title='bbox 1503 4392 1946 4450; x_wconf 89' lang='lat' dir='ltr'>Collectionibus</span> <span class='ocrx_word' id='word_1_372' title='bbox 1970 4394 2104 4447; x_wconf 92' lang='lat' dir='ltr'>Post</span> <span class='ocrx_word' id='word_1_373' title='bbox 2127 4391 2394 4459; x_wconf 90' lang='lat' dir='ltr'>Nomina,</span> <span class='ocrx_word' id='word_1_374' title='bbox 2427 4390 2515 4446; x_wconf 84' lang='lat' dir='ltr'>Ad</span> <span class='ocrx_word' id='word_1_375' title='bbox 2541 4391 2769 4458; x_wconf 88' lang='lat' dir='ltr'>Pacem,</span> <span class='ocrx_word' id='word_1_376' title='bbox 2797 4391 2854 4444; x_wconf 88' lang='lat' dir='ltr'>et</span> <span class='ocrx_word' id='word_1_377' title='bbox 2879 4405 2945 4442; x_wconf 82' lang='lat' dir='ltr'>ex</span> <span class='ocrx_word' id='word_1_378' title='bbox 2967 4387 3245 4445; x_wconf 89' lang='lat' dir='ltr'>vocabulo</span> <span class='ocrx_word' id='word_1_379' title='bbox 3276 4390 3758 4464; x_wconf 83' lang='lat' dir='ltr'>Contestationis,</span> 
     </span>
    </p>
   </div>
   <div class='ocr_carea' id='block_1_32' title="bbox 397 4477 3642 4558">
    <p class='ocr_par' dir='ltr' id='par_1_32' title="bbox 397 4477 3642 4558">
     <span class='ocr_line' id='line_1_32' title="bbox 397 4477 3642 4558; baseline -0.001 -17"><span class='ocrx_word' id='word_1_380' title='bbox 397 4486 594 4558; x_wconf 88' lang='lat' dir='ltr'>quales</span> <span class='ocrx_word' id='word_1_381' title='bbox 624 4487 776 4540; x_wconf 84' lang='lat' dir='ltr'>notae</span> <span class='ocrx_word' id='word_1_382' title='bbox 802 4485 864 4540; x_wconf 91' lang='lat' dir='ltr'>in</span> <span class='ocrx_word' id='word_1_383' title='bbox 891 4501 1025 4540; x_wconf 89' lang='lat' dir='ltr'>vera</span> <span class='ocrx_word' id='word_1_384' title='bbox 1049 4483 1304 4554; x_wconf 90' lang='lat' dir='ltr'>Liturgia</span> <span class='ocrx_word' id='word_1_385' title='bbox 1324 4483 1612 4539; x_wconf 83' lang='lat' dir='ltr'>Gallicana</span> <span class='ocrx_word' id='word_1_386' title='bbox 1636 4481 2168 4554; x_wconf 89' lang='lat' dir='ltr'>deprehenduntur,</span> <span class='ocrx_word' id='word_1_387' title='bbox 2193 4483 2254 4536; x_wconf 90' lang='lat' dir='ltr'>ut</span> <span class='ocrx_word' id='word_1_388' title='bbox 2277 4481 2338 4536; x_wconf 92' lang='lat' dir='ltr'>in</span> <span class='ocrx_word' id='word_1_389' title='bbox 2361 4496 2536 4552; x_wconf 89' lang='lat' dir='ltr'>opere</span> <span class='ocrx_word' id='word_1_390' title='bbox 2563 4479 2634 4535; x_wconf 90' lang='lat' dir='ltr'>de</span> <span class='ocrx_word' id='word_1_391' title='bbox 2660 4477 2916 4551; x_wconf 86' lang='lat' dir='ltr'>Liturgia</span> <span class='ocrx_word' id='word_1_392' title='bbox 2939 4477 3230 4534; x_wconf 86' lang='lat' dir='ltr'>Gallicana</span> <span class='ocrx_word' id='word_1_393' title='bbox 3257 4480 3642 4538; x_wconf 88' lang='lat' dir='ltr'>ostendimus.</span> 
     </span>
    </p>
   </div>
   <div class='ocr_carea' id='block_1_33' title="bbox 465 4593 3759 4672">
    <p class='ocr_par' dir='ltr' id='par_1_33' title="bbox 465 4593 3759 4672">
     <span class='ocr_line' id='line_1_33' title="bbox 465 4593 3759 4672; baseline -0.001 -14"><span class='ocrx_word' id='word_1_394' title='bbox 465 4603 531 4659; x_wconf 88' lang='lat' dir='ltr'>ll.</span> <span class='ocrx_word' id='word_1_395' title='bbox 562 4603 819 4657; x_wconf 87' lang='lat' dir='ltr'>Alterum</span> <span class='ocrx_word' id='word_1_396' title='bbox 844 4603 1252 4672; x_wconf 83' lang='lat' dir='ltr'>argumentum</span> <span class='ocrx_word' id='word_1_397' title='bbox 1277 4600 1493 4672; x_wconf 90' lang='lat' dir='ltr'>petitur</span> <span class='ocrx_word' id='word_1_398' title='bbox 1517 4616 1584 4654; x_wconf 85' lang='lat' dir='ltr'>ex</span> <span class='ocrx_word' id='word_1_399' title='bbox 1611 4597 2034 4666; x_wconf 86' lang='lat' dir='ltr'>convenientia,</span> <span class='ocrx_word' id='word_1_400' title='bbox 2062 4613 2237 4670; x_wconf 91' lang='lat' dir='ltr'>quam</span> <span class='ocrx_word' id='word_1_401' title='bbox 2265 4596 2443 4652; x_wconf 87' lang='lat' dir='ltr'>habet</span> <span class='ocrx_word' id='word_1_402' title='bbox 2471 4596 2564 4651; x_wconf 91' lang='lat' dir='ltr'>hic</span> <span class='ocrx_word' id='word_1_403' title='bbox 2595 4596 2748 4652; x_wconf 92' lang='lat' dir='ltr'>Ordo</span> <span class='ocrx_word' id='word_1_404' title='bbox 2775 4611 2906 4650; x_wconf 90' lang='lat' dir='ltr'>cum</span> <span class='ocrx_word' id='word_1_405' title='bbox 2930 4593 3135 4651; x_wconf 88' lang='lat' dir='ltr'>Missali</span> <span class='ocrx_word' id='word_1_406' title='bbox 3163 4596 3427 4666; x_wconf 89' lang='lat' dir='ltr'>Gothico,</span> <span class='ocrx_word' id='word_1_407' title='bbox 3457 4615 3560 4653; x_wconf 91' lang='lat' dir='ltr'>seu</span> <span class='ocrx_word' id='word_1_408' title='bbox 3586 4599 3759 4655; x_wconf 88' lang='lat' dir='ltr'>Galli-</span> 
     </span>
    </p>
   </div>
   <div class='ocr_carea' id='block_1_34' title="bbox 395 4685 3759 4758">
    <p class='ocr_par' dir='ltr' id='par_1_34' title="bbox 395 4685 3759 4758">
     <span class='ocr_line' id='line_1_34' title="bbox 395 4685 3759 4758; baseline 0 -13"><span class='ocrx_word' id='word_1_409' title='bbox 395 4707 541 4746; x_wconf 85' lang='lat' dir='ltr'>cano</span> <span class='ocrx_word' id='word_1_410' title='bbox 577 4693 636 4746; x_wconf 90' lang='lat' dir='ltr'>et</span> <span class='ocrx_word' id='word_1_411' title='bbox 671 4707 802 4746; x_wconf 90' lang='lat' dir='ltr'>cum</span> <span class='ocrx_word' id='word_1_412' title='bbox 831 4690 1190 4746; x_wconf 90' lang='lat' dir='ltr'>Lectionario</span> <span class='ocrx_word' id='word_1_413' title='bbox 1219 4690 1556 4747; x_wconf 85' lang='lat' dir='ltr'>Luxoviensi</span> <span class='ocrx_word' id='word_1_414' title='bbox 1595 4706 1630 4745; x_wconf 90' lang='lat' dir='ltr'>a</span> <span class='ocrx_word' id='word_1_415' title='bbox 1669 4689 1834 4746; x_wconf 90' lang='lat' dir='ltr'>nobis</span> <span class='ocrx_word' id='word_1_416' title='bbox 1869 4689 2058 4757; x_wconf 89' lang='lat' dir='ltr'>editis,</span> <span class='ocrx_word' id='word_1_417' title='bbox 2097 4690 2161 4743; x_wconf 89' lang='lat' dir='ltr'>ut</span> <span class='ocrx_word' id='word_1_418' title='bbox 2197 4688 2348 4744; x_wconf 82' lang='lat' dir='ltr'>facta</span> <span class='ocrx_word' id='word_1_419' title='bbox 2382 4686 2814 4758; x_wconf 87' lang='lat' dir='ltr'>comparatione</span> <span class='ocrx_word' id='word_1_420' title='bbox 2843 4685 2960 4740; x_wconf 88' lang='lat' dir='ltr'>suis</span> <span class='ocrx_word' id='word_1_421' title='bbox 2994 4685 3132 4741; x_wconf 90' lang='lat' dir='ltr'>locis</span> <span class='ocrx_word' id='word_1_422' title='bbox 3163 4686 3617 4744; x_wconf 85' lang='lat' dir='ltr'>observabimus.</span> <span class='ocrx_word' id='word_1_423' title='bbox 3643 4690 3759 4745; x_wconf 87' lang='lat' dir='ltr'>Cur</span> 
     </span>
    </p>
   </div>
   <div class='ocr_carea' id='block_1_35' title="bbox 395 4778 2166 4849">
    <p class='ocr_par' dir='ltr' id='par_1_35' title="bbox 395 4778 2166 4849">
     <span class='ocr_line' id='line_1_35' title="bbox 395 4778 2166 4849; baseline -0.001 -16"><span class='ocrx_word' id='word_1_424' title='bbox 395 4795 530 4836; x_wconf 90' lang='lat' dir='ltr'>vero</span> <span class='ocrx_word' id='word_1_425' title='bbox 555 4779 616 4834; x_wconf 92' lang='lat' dir='ltr'>in</span> <span class='ocrx_word' id='word_1_426' title='bbox 643 4779 909 4835; x_wconf 89' lang='lat' dir='ltr'>omnibus</span> <span class='ocrx_word' id='word_1_427' title='bbox 937 4797 1054 4836; x_wconf 89' lang='lat' dir='ltr'>non</span> <span class='ocrx_word' id='word_1_428' title='bbox 1085 4780 1406 4849; x_wconf 88' lang='lat' dir='ltr'>conveniat,</span> <span class='ocrx_word' id='word_1_429' title='bbox 1436 4779 1674 4836; x_wconf 88' lang='lat' dir='ltr'>inferius</span> <span class='ocrx_word' id='word_1_430' title='bbox 1711 4778 1917 4835; x_wconf 90' lang='lat' dir='ltr'>dicturi</span> <span class='ocrx_word' id='word_1_431' title='bbox 1949 4793 2166 4835; x_wconf 90' lang='lat' dir='ltr'>sumus.</span> 
     </span>
    </p>
   </div>
   <div class='ocr_carea' id='block_1_36' title="bbox 465 4893 3762 4971">
    <p class='ocr_par' dir='ltr' id='par_1_36' title="bbox 465 4893 3762 4971">
     <span class='ocr_line' id='line_1_36' title="bbox 465 4893 3762 4971; baseline 0.001 -17"><span class='ocrx_word' id='word_1_432' title='bbox 465 4899 556 4954; x_wconf 90' lang='lat' dir='ltr'><strong>III.</strong></span> <span class='ocrx_word' id='word_1_433' title='bbox 587 4898 842 4954; x_wconf 90' lang='lat' dir='ltr'>Tertium</span> <span class='ocrx_word' id='word_1_434' title='bbox 868 4900 1279 4970; x_wconf 87' lang='lat' dir='ltr'>argumentum</span> <span class='ocrx_word' id='word_1_435' title='bbox 1306 4898 1672 4971; x_wconf 88' lang='lat' dir='ltr'>suppeditant</span> <span class='ocrx_word' id='word_1_436' title='bbox 1696 4900 2024 4954; x_wconf 89' lang='lat' dir='ltr'>sanctorum</span> <span class='ocrx_word' id='word_1_437' title='bbox 2049 4897 2217 4966; x_wconf 87' lang='lat' dir='ltr'>festa,</span> <span class='ocrx_word' id='word_1_438' title='bbox 2247 4911 2375 4968; x_wconf 63' lang='lat' dir='ltr'>quae</span> <span class='ocrx_word' id='word_1_439' title='bbox 2404 4893 2748 4968; x_wconf 89' lang='lat' dir='ltr'>paucissima</span> <span class='ocrx_word' id='word_1_440' title='bbox 2769 4895 2830 4950; x_wconf 92' lang='lat' dir='ltr'>in</span> <span class='ocrx_word' id='word_1_441' title='bbox 2861 4895 2972 4952; x_wconf 92' lang='lat' dir='ltr'>hoc</span> <span class='ocrx_word' id='word_1_442' title='bbox 2998 4894 3213 4952; x_wconf 88' lang='lat' dir='ltr'>Ordine</span> <span class='ocrx_word' id='word_1_443' title='bbox 3237 4897 3594 4956; x_wconf 82' lang='lat' dir='ltr'>referuntur.</span> <span class='ocrx_word' id='word_1_444' title='bbox 3627 4902 3762 4958; x_wconf 69' lang='lat' dir='ltr'>Haec</span> 
     </span>
    </p>
   </div>
   <div class='ocr_carea' id='block_1_37' title="bbox 395 4985 3765 5060">
    <p class='ocr_par' dir='ltr' id='par_1_37' title="bbox 395 4985 3765 5060">
     <span class='ocr_line' id='line_1_37' title="bbox 395 4985 3765 5060; baseline 0.001 -16"><span class='ocrx_word' id='word_1_445' title='bbox 395 4989 538 5044; x_wconf 77' lang='lat' dir='ltr'>festa</span> <span class='ocrx_word' id='word_1_446' title='bbox 567 4992 700 5044; x_wconf 91' lang='lat' dir='ltr'>sunt</span> <span class='ocrx_word' id='word_1_447' title='bbox 729 4991 1058 5044; x_wconf 88' lang='lat' dir='ltr'>sanctorum</span> <span class='ocrx_word' id='word_1_448' title='bbox 1090 4988 1370 5060; x_wconf 88' lang='lat' dir='ltr'>Stephani</span> <span class='ocrx_word' id='word_1_449' title='bbox 1395 4987 1856 5060; x_wconf 88' lang='lat' dir='ltr'>protomartyris,</span> <span class='ocrx_word' id='word_1_450' title='bbox 1887 4986 2084 5043; x_wconf 85' lang='lat' dir='ltr'>Jacobi</span> <span class='ocrx_word' id='word_1_451' title='bbox 2111 4989 2170 5041; x_wconf 89' lang='lat' dir='ltr'>et</span> <span class='ocrx_word' id='word_1_452' title='bbox 2195 4985 2433 5042; x_wconf 87' lang='lat' dir='ltr'>Joannis</span> <span class='ocrx_word' id='word_1_453' title='bbox 2462 4985 2878 5056; x_wconf 86' lang='lat' dir='ltr'>apostolorum,</span> <span class='ocrx_word' id='word_1_454' title='bbox 2906 4985 3212 5041; x_wconf 75' lang='lat' dir='ltr'>Gathedrae</span> <span class='ocrx_word' id='word_1_455' title='bbox 3239 4988 3421 5042; x_wconf 88' lang='lat' dir='ltr'>sancti</span> <span class='ocrx_word' id='word_1_456' title='bbox 3451 4989 3627 5057; x_wconf 84' lang='lat' dir='ltr'>Petri,</span> <span class='ocrx_word' id='word_1_457' title='bbox 3656 4991 3765 5046; x_wconf 87' lang='lat' dir='ltr'>De-</span> 
     </span>
    </p>
   </div>
   <div class='ocr_carea' id='block_1_38' title="bbox 398 5073 3764 5150">
    <p class='ocr_par' dir='ltr' id='par_1_38' title="bbox 398 5073 3764 5150">
     <span class='ocr_line' id='line_1_38' title="bbox 398 5073 3764 5150; baseline 0.001 -18"><span class='ocrx_word' id='word_1_458' title='bbox 398 5077 699 5150; x_wconf 88' lang='lat' dir='ltr'>positionis</span> <span class='ocrx_word' id='word_1_459' title='bbox 738 5095 840 5133; x_wconf 90' lang='lat' dir='ltr'>seu</span> <span class='ocrx_word' id='word_1_460' title='bbox 875 5077 1301 5150; x_wconf 82' lang='lat' dir='ltr'>Assumptionis</span> <span class='ocrx_word' id='word_1_461' title='bbox 1340 5077 1713 5133; x_wconf 56' lang='lat' dir='ltr'>sanctissimas</span> <span class='ocrx_word' id='word_1_462' title='bbox 1752 5076 2020 5149; x_wconf 81' lang='lat' dir='ltr'>Virginis,</span> <span class='ocrx_word' id='word_1_463' title='bbox 2061 5074 2412 5131; x_wconf 89' lang='lat' dir='ltr'>Inventionis</span> <span class='ocrx_word' id='word_1_464' title='bbox 2447 5078 2660 5129; x_wconf 80' lang='lat' dir='ltr'>sanctae</span> <span class='ocrx_word' id='word_1_465' title='bbox 2693 5074 2904 5142; x_wconf 88' lang='lat' dir='ltr'>Crucis,</span> <span class='ocrx_word' id='word_1_466' title='bbox 2944 5073 3264 5131; x_wconf 87' lang='lat' dir='ltr'>Nativitatis</span> <span class='ocrx_word' id='word_1_467' title='bbox 3299 5077 3484 5132; x_wconf 89' lang='lat' dir='ltr'>sancti</span> <span class='ocrx_word' id='word_1_468' title='bbox 3517 5080 3764 5135; x_wconf 87' lang='lat' dir='ltr'>Joannis</span> 
     </span>
    </p>
   </div>
   <div class='ocr_carea' id='block_1_39' title="bbox 397 5162 3758 5240">
    <p class='ocr_par' dir='ltr' id='par_1_39' title="bbox 397 5162 3758 5240">
     <span class='ocr_line' id='line_1_39' title="bbox 397 5162 3758 5240; baseline 0 -18"><span class='ocrx_word' id='word_1_469' title='bbox 397 5167 683 5238; x_wconf 60' lang='lat' dir='ltr'>Baptistae,</span> <span class='ocrx_word' id='word_1_470' title='bbox 712 5167 1085 5240; x_wconf 86' lang='lat' dir='ltr'>ejusdemque</span> <span class='ocrx_word' id='word_1_471' title='bbox 1113 5167 1429 5240; x_wconf 87' lang='lat' dir='ltr'>passionis;</span> <span class='ocrx_word' id='word_1_472' title='bbox 1461 5169 1851 5240; x_wconf 87' lang='lat' dir='ltr'>apostolorum</span> <span class='ocrx_word' id='word_1_473' title='bbox 1877 5165 2028 5222; x_wconf 87' lang='lat' dir='ltr'>Petri</span> <span class='ocrx_word' id='word_1_474' title='bbox 2059 5169 2117 5221; x_wconf 90' lang='lat' dir='ltr'>et</span> <span class='ocrx_word' id='word_1_475' title='bbox 2151 5164 2330 5231; x_wconf 88' lang='lat' dir='ltr'>Pauli,</span> <span class='ocrx_word' id='word_1_476' title='bbox 2361 5165 2527 5218; x_wconf 88' lang='lat' dir='ltr'>Missa</span> <span class='ocrx_word' id='word_1_477' title='bbox 2559 5162 2915 5234; x_wconf 89' lang='lat' dir='ltr'>Sigismundi</span> <span class='ocrx_word' id='word_1_478' title='bbox 2940 5163 3113 5234; x_wconf 91' lang='lat' dir='ltr'>regis,</span> <span class='ocrx_word' id='word_1_479' title='bbox 3147 5164 3362 5220; x_wconf 85' lang='lat' dir='ltr'>festum</span> <span class='ocrx_word' id='word_1_480' title='bbox 3401 5167 3590 5222; x_wconf 88' lang='lat' dir='ltr'>sancti</span> <span class='ocrx_word' id='word_1_481' title='bbox 3611 5169 3758 5224; x_wconf 86' lang='lat' dir='ltr'>Mar-</span> 
     </span>
    </p>
   </div>
   <div class='ocr_carea' id='block_1_40' title="bbox 396 5251 3759 5328">
    <p class='ocr_par' dir='ltr' id='par_1_40' title="bbox 396 5251 3759 5328">
     <span class='ocr_line' id='line_1_40' title="bbox 396 5251 3759 5328; baseline 0.001 -19"><span class='ocrx_word' id='word_1_482' title='bbox 396 5255 503 5310; x_wconf 90' lang='lat' dir='ltr'>tini</span> <span class='ocrx_word' id='word_1_483' title='bbox 531 5255 785 5327; x_wconf 90' lang='lat' dir='ltr'>episcopi</span> <span class='ocrx_word' id='word_1_484' title='bbox 815 5257 1180 5325; x_wconf 88' lang='lat' dir='ltr'>Turonensis,</span> <span class='ocrx_word' id='word_1_485' title='bbox 1217 5260 1274 5312; x_wconf 91' lang='lat' dir='ltr'>et</span> <span class='ocrx_word' id='word_1_486' title='bbox 1300 5258 1586 5314; x_wconf 86' lang='lat' dir='ltr'>Michaelis</span> <span class='ocrx_word' id='word_1_487' title='bbox 1617 5255 1976 5328; x_wconf 87' lang='lat' dir='ltr'>archangeli;</span> <span class='ocrx_word' id='word_1_488' title='bbox 2019 5255 2226 5327; x_wconf 90' lang='lat' dir='ltr'>quibus</span> <span class='ocrx_word' id='word_1_489' title='bbox 2258 5253 2406 5308; x_wconf 89' lang='lat' dir='ltr'>adde</span> <span class='ocrx_word' id='word_1_490' title='bbox 2433 5251 2690 5306; x_wconf 89' lang='lat' dir='ltr'>triduum</span> <span class='ocrx_word' id='word_1_491' title='bbox 2721 5252 3116 5325; x_wconf 84' lang='lat' dir='ltr'>Rogationum</span> <span class='ocrx_word' id='word_1_492' title='bbox 3147 5256 3284 5308; x_wconf 89' lang='lat' dir='ltr'>ante</span> <span class='ocrx_word' id='word_1_493' title='bbox 3314 5255 3759 5313; x_wconf 86' lang='lat' dir='ltr'>Ascensionem.</span> 
     </span>
    </p>
   </div>
   <div class='ocr_carea' id='block_1_41' title="bbox 397 5339 3762 5418">
    <p class='ocr_par' dir='ltr' id='par_1_41' title="bbox 397 5339 3762 5418">
     <span class='ocr_line' id='line_1_41' title="bbox 397 5339 3762 5418; baseline 0.001 -21"><span class='ocrx_word' id='word_1_494' title='bbox 397 5345 475 5398; x_wconf 83' lang='lat' dir='ltr'>Ex</span> <span class='ocrx_word' id='word_1_495' title='bbox 505 5343 593 5398; x_wconf 91' lang='lat' dir='ltr'>his</span> <span class='ocrx_word' id='word_1_496' title='bbox 629 5343 942 5414; x_wconf 89' lang='lat' dir='ltr'>peculiaria</span> <span class='ocrx_word' id='word_1_497' title='bbox 971 5347 1142 5401; x_wconf 86' lang='lat' dir='ltr'>Gallis</span> <span class='ocrx_word' id='word_1_498' title='bbox 1179 5350 1344 5403; x_wconf 87' lang='lat' dir='ltr'>erant</span> <span class='ocrx_word' id='word_1_499' title='bbox 1373 5347 1548 5402; x_wconf 88' lang='lat' dir='ltr'>missa</span> <span class='ocrx_word' id='word_1_500' title='bbox 1579 5345 1764 5402; x_wconf 88' lang='lat' dir='ltr'>sancti</span> <span class='ocrx_word' id='word_1_501' title='bbox 1803 5343 2156 5416; x_wconf 87' lang='lat' dir='ltr'>Sigismundi</span> <span class='ocrx_word' id='word_1_502' title='bbox 2193 5339 2537 5414; x_wconf 66' lang='lat' dir='ltr'>Burgundite</span> <span class='ocrx_word' id='word_1_503' title='bbox 2565 5341 2738 5412; x_wconf 86' lang='lat' dir='ltr'>regis,</span> <span class='ocrx_word' id='word_1_504' title='bbox 2777 5345 2834 5397; x_wconf 88' lang='lat' dir='ltr'>et</span> <span class='ocrx_word' id='word_1_505' title='bbox 2865 5341 3078 5397; x_wconf 85' lang='lat' dir='ltr'>festum</span> <span class='ocrx_word' id='word_1_506' title='bbox 3105 5341 3291 5397; x_wconf 87' lang='lat' dir='ltr'>sancti</span> <span class='ocrx_word' id='word_1_507' title='bbox 3317 5343 3568 5414; x_wconf 87' lang='lat' dir='ltr'>Martini,</span> <span class='ocrx_word' id='word_1_508' title='bbox 3601 5347 3762 5418; x_wconf 89' lang='lat' dir='ltr'>quod</span> 
     </span>
    </p>
   </div>
   <div class='ocr_carea' id='block_1_42' title="bbox 399 5429 3764 5508">
    <p class='ocr_par' dir='ltr' id='par_1_42' title="bbox 399 5429 3764 5508">
     <span class='ocr_line' id='line_1_42' title="bbox 399 5429 3764 5508; baseline 0.001 -20"><span class='ocrx_word' id='word_1_509' title='bbox 399 5438 598 5488; x_wconf 87' lang='lat' dir='ltr'>tamen</span> <span class='ocrx_word' id='word_1_510' title='bbox 638 5436 796 5489; x_wconf 88' lang='lat' dir='ltr'>extra</span> <span class='ocrx_word' id='word_1_511' title='bbox 830 5433 1070 5490; x_wconf 88' lang='lat' dir='ltr'>Galliam</span> <span class='ocrx_word' id='word_1_512' title='bbox 1108 5435 1422 5508; x_wconf 89' lang='lat' dir='ltr'>antiquitus</span> <span class='ocrx_word' id='word_1_513' title='bbox 1458 5436 1738 5492; x_wconf 89' lang='lat' dir='ltr'>celebrari</span> <span class='ocrx_word' id='word_1_514' title='bbox 1770 5435 1976 5506; x_wconf 89' lang='lat' dir='ltr'>potuit.</span> <span class='ocrx_word' id='word_1_515' title='bbox 2007 5434 2094 5488; x_wconf 79' lang='lat' dir='ltr'>Ad</span> <span class='ocrx_word' id='word_1_516' title='bbox 2128 5433 2252 5487; x_wconf 63' lang='lat' dir='ltr'>haec</span> <span class='ocrx_word' id='word_1_517' title='bbox 2293 5429 2644 5502; x_wconf 85' lang='lat' dir='ltr'>Rogationes</span> <span class='ocrx_word' id='word_1_518' title='bbox 2685 5431 2968 5486; x_wconf 67' lang='lat' dir='ltr'>triduana:</span> <span class='ocrx_word' id='word_1_519' title='bbox 3008 5433 3142 5486; x_wconf 90' lang='lat' dir='ltr'>ante</span> <span class='ocrx_word' id='word_1_520' title='bbox 3184 5431 3591 5489; x_wconf 90' lang='lat' dir='ltr'>ascensionem</span> <span class='ocrx_word' id='word_1_521' title='bbox 3625 5435 3764 5490; x_wconf 87' lang='lat' dir='ltr'>ritui</span> 
     </span>
    </p>
   </div>
   <div class='ocr_carea' id='block_1_43' title="bbox 399 5519 3766 5597">
    <p class='ocr_par' dir='ltr' id='par_1_43' title="bbox 399 5519 3766 5597">
     <span class='ocr_line' id='line_1_43' title="bbox 399 5519 3766 5597; baseline 0.001 -21"><span class='ocrx_word' id='word_1_522' title='bbox 399 5521 690 5577; x_wconf 90' lang='lat' dir='ltr'>Gallicano</span> <span class='ocrx_word' id='word_1_523' title='bbox 717 5523 1101 5593; x_wconf 87' lang='lat' dir='ltr'>conveniunt;</span> <span class='ocrx_word' id='word_1_524' title='bbox 1129 5528 1188 5580; x_wconf 89' lang='lat' dir='ltr'>et</span> <span class='ocrx_word' id='word_1_525' title='bbox 1213 5525 1500 5597; x_wconf 87' lang='lat' dir='ltr'>Depositio</span> <span class='ocrx_word' id='word_1_526' title='bbox 1531 5541 1634 5580; x_wconf 93' lang='lat' dir='ltr'>seu</span> <span class='ocrx_word' id='word_1_527' title='bbox 1667 5523 1992 5594; x_wconf 82' lang='lat' dir='ltr'>Assumptio</span> <span class='ocrx_word' id='word_1_528' title='bbox 2024 5521 2280 5594; x_wconf 81' lang='lat' dir='ltr'>Deiparae</span> <span class='ocrx_word' id='word_1_529' title='bbox 2312 5520 2372 5574; x_wconf 91' lang='lat' dir='ltr'>in</span> <span class='ocrx_word' id='word_1_530' title='bbox 2395 5521 2687 5588; x_wconf 88' lang='lat' dir='ltr'>Januario,</span> <span class='ocrx_word' id='word_1_531' title='bbox 2719 5519 3036 5592; x_wconf 88' lang='lat' dir='ltr'>itidemque</span> <span class='ocrx_word' id='word_1_532' title='bbox 3075 5520 3365 5576; x_wconf 85' lang='lat' dir='ltr'>Cathedra</span> <span class='ocrx_word' id='word_1_533' title='bbox 3391 5522 3580 5577; x_wconf 88' lang='lat' dir='ltr'>sancti</span> <span class='ocrx_word' id='word_1_534' title='bbox 3606 5524 3766 5579; x_wconf 86' lang='lat' dir='ltr'>Petri</span> 
     </span>
    </p>
   </div>
   <div class='ocr_carea' id='block_1_44' title="bbox 399 5608 3764 5683">
    <p class='ocr_par' dir='ltr' id='par_1_44' title="bbox 399 5608 3764 5683">
     <span class='ocr_line' id='line_1_44' title="bbox 399 5608 3764 5683; baseline 0.001 -17"><span class='ocrx_word' id='word_1_535' title='bbox 399 5611 458 5666; x_wconf 90' lang='lat' dir='ltr'>in</span> <span class='ocrx_word' id='word_1_536' title='bbox 489 5612 600 5666; x_wconf 93' lang='lat' dir='ltr'>hoc</span> <span class='ocrx_word' id='word_1_537' title='bbox 631 5611 842 5669; x_wconf 90' lang='lat' dir='ltr'>Ordine</span> <span class='ocrx_word' id='word_1_538' title='bbox 878 5614 1085 5670; x_wconf 91' lang='lat' dir='ltr'>eodem</span> <span class='ocrx_word' id='word_1_539' title='bbox 1120 5632 1344 5683; x_wconf 91' lang='lat' dir='ltr'>mense,</span> <span class='ocrx_word' id='word_1_540' title='bbox 1384 5615 1468 5669; x_wconf 87' lang='lat' dir='ltr'>uti</span> <span class='ocrx_word' id='word_1_541' title='bbox 1503 5615 1563 5668; x_wconf 89' lang='lat' dir='ltr'>et</span> <span class='ocrx_word' id='word_1_542' title='bbox 1599 5612 1660 5666; x_wconf 91' lang='lat' dir='ltr'>in</span> <span class='ocrx_word' id='word_1_543' title='bbox 1698 5612 1934 5668; x_wconf 88' lang='lat' dir='ltr'>Gothico</span> <span class='ocrx_word' id='word_1_544' title='bbox 1978 5616 2038 5668; x_wconf 89' lang='lat' dir='ltr'>et</span> <span class='ocrx_word' id='word_1_545' title='bbox 2075 5611 2134 5667; x_wconf 90' lang='lat' dir='ltr'>in</span> <span class='ocrx_word' id='word_1_546' title='bbox 2175 5609 2534 5666; x_wconf 87' lang='lat' dir='ltr'>Lectionario</span> <span class='ocrx_word' id='word_1_547' title='bbox 2566 5609 2902 5666; x_wconf 82' lang='lat' dir='ltr'>Luxoviensi</span> <span class='ocrx_word' id='word_1_548' title='bbox 2943 5608 3332 5680; x_wconf 85' lang='lat' dir='ltr'>assignantur.</span> <span class='ocrx_word' id='word_1_549' title='bbox 3374 5611 3670 5668; x_wconf 68' lang='lat' dir='ltr'>Praeterea</span> <span class='ocrx_word' id='word_1_550' title='bbox 3703 5612 3764 5668; x_wconf 91' lang='lat' dir='ltr'>in</span> 
     </span>
    </p>
   </div>
   <div class='ocr_carea' id='block_1_45' title="bbox 399 5699 1685 5762">
    <p class='ocr_par' dir='ltr' id='par_1_45' title="bbox 399 5699 1685 5762">
     <span class='ocr_line' id='line_1_45' title="bbox 399 5699 1685 5762; baseline -0.002 -5"><span class='ocrx_word' id='word_1_551' title='bbox 399 5701 630 5758; x_wconf 90' lang='lat' dir='ltr'>Canone</span> <span class='ocrx_word' id='word_1_552' title='bbox 656 5703 722 5758; x_wconf 88' lang='lat' dir='ltr'>ﬁt</span> <span class='ocrx_word' id='word_1_553' title='bbox 745 5704 1223 5762; x_wconf 88' lang='lat' dir='ltr'>commemoratio</span> <span class='ocrx_word' id='word_1_554' title='bbox 1255 5703 1438 5759; x_wconf 88' lang='lat' dir='ltr'>sancti</span> <span class='ocrx_word' id='word_1_555' title='bbox 1467 5699 1685 5758; x_wconf 88' lang='lat' dir='ltr'>Hilarii.</span> 
     </span>
    </p>
   </div>
   <div class='ocr_carea' id='block_1_46' title="bbox 472 5863 3760 5952">
    <p class='ocr_par' dir='ltr' id='par_1_46' title="bbox 472 5863 3760 5952">
     <span class='ocr_line' id='line_1_46' title="bbox 472 5863 3760 5952; baseline -0.001 -25"><span class='ocrx_word' id='word_1_556' title='bbox 472 5869 688 5952; x_wconf 57' lang='grc' dir='ltr'>’.Ουῳά</span> <span class='ocrx_word' id='word_1_557' title='bbox 705 5887 893 5952; x_wconf 63' lang='lat' dir='ltr'>supra</span> <span class='ocrx_word' id='word_1_558' title='bbox 927 5869 1214 5952; x_wconf 59' lang='lat' dir='ltr'>demncevis</span> <span class='ocrx_word' id='word_1_559' title='bbox 1246 5868 1529 5952; x_wconf 76' lang='lat' dir='ltr'>librorum</span> <span class='ocrx_word' id='word_1_560' title='bbox 1559 5867 1830 5952; x_wconf 57' lang='lat' dir='ltr'>Liturgiaa</span> <span class='ocrx_word' id='word_1_561' title='bbox 1857 5868 2027 5951; x_wconf 79' lang='lat' dir='ltr'>Galli-</span> <span class='ocrx_word' id='word_1_562' title='bbox 2121 5867 2382 5952; x_wconf 70' lang='lat' dir='ltr'>relegere</span> <span class='ocrx_word' id='word_1_563' title='bbox 2414 5864 2572 5934; x_wconf 89' lang='lat' dir='ltr'>velis,</span> <span class='ocrx_word' id='word_1_564' title='bbox 2610 5863 3069 5952; x_wconf 73' lang='lat' dir='ltr'>lectorerudite,</span> <span class='ocrx_word' id='word_1_565' title='bbox 3103 5864 3440 5952; x_wconf 69' lang='lat' dir='ltr'>dictumqu</span> <span class='ocrx_word' id='word_1_566' title='bbox 3479 5868 3652 5952; x_wconf 61' lang='lat' dir='ltr'>putes</span> <span class='ocrx_word' id='word_1_567' title='bbox 3687 5868 3760 5924; x_wconf 91' lang='lat' dir='ltr'>de</span> 
     </span>
    </p>
   </div>
   <div class='ocr_carea' id='block_1_47' title="bbox 407 5935 3677 6016">
    <p class='ocr_par' dir='ltr' id='par_1_47' title="bbox 407 5935 3677 6016">
     <span class='ocr_line' id='line_1_47' title="bbox 407 5935 3677 6016; baseline -0 -18"><span class='ocrx_word' id='word_1_568' title='bbox 407 5935 582 6016; x_wconf 68' lang='lat' dir='ltr'>cauae,</span> <span class='ocrx_word' id='word_1_569' title='bbox 616 5941 675 5998; x_wconf 88' lang='lat' dir='ltr'>in</span> <span class='ocrx_word' id='word_1_570' title='bbox 699 5935 814 6000; x_wconf 74' lang='lat' dir='ltr'>ﬁne</span> <span class='ocrx_word' id='word_1_571' title='bbox 839 5940 1047 6001; x_wconf 84' lang='lat' dir='ltr'>moniti</span> <span class='ocrx_word' id='word_1_572' title='bbox 1077 5939 1287 6001; x_wconf 83' lang='lat' dir='ltr'>iisdem</span> <span class='ocrx_word' id='word_1_573' title='bbox 1315 5940 1474 6001; x_wconf 85' lang='lat' dir='ltr'>libris</span> <span class='ocrx_word' id='word_1_574' title='bbox 1497 5935 1750 6015; x_wconf 64' lang='lat' dir='ltr'>praeﬁxi;</span> <span class='ocrx_word' id='word_1_575' title='bbox 1766 5938 2029 6014; x_wconf 84' lang='lat' dir='ltr'>diximus,</span> <span class='ocrx_word' id='word_1_576' title='bbox 2123 5935 2487 6013; x_wconf 72' lang='lat' dir='ltr'>sequentium</span> <span class='ocrx_word' id='word_1_577' title='bbox 2507 5937 3024 5998; x_wconf 81' lang='lat' dir='ltr'>monumentorum</span> <span class='ocrx_word' id='word_1_578' title='bbox 3049 5935 3500 6012; x_wconf 61' lang='lat' dir='ltr'>sphelmatibusi</span> <span class='ocrx_word' id='word_1_579' title='bbox 3520 5938 3677 5998; x_wconf 82' lang='lat' dir='ltr'>Emr.</span> 
     </span>
    </p>
   </div>
  </div>
