3970 6416
192 340 291 396 iis
1123 320 1729 398 SACRAMENTARIUM
1768 338 2209 396 GALLICANUM.
2253 338 2614 396 PREFATIO.
3440 348 3543 404 450

257 452 342 506 IV.
371 451 641 526 Denique
674 451 767 510 hic
792 453 946 510 Ordo
968 471 1085 510 non
1109 459 1194 510 est
1219 457 1530 524 Romanus,
1563 459 1626 511 ut
1651 454 1836 528 primo
1868 453 2078 508 intuitu
2105 453 2286 509 evinci
2315 458 2538 526 potest;
2580 468 2766 525 neque
2805 454 2988 510 ferme
3018 457 3196 514 ullam
3223 458 3417 529 habet,
3446 477 3538 516 ex-

187 543 350 612 cepto
373 542 638 612 Canone,
674 561 806 600 cum
833 545 1136 601 Gelasiano
1163 548 1262 602 aut
1285 545 1636 617 Gregoriano
1663 543 1872 600 Ordine
1897 543 2380 598 convenientiam.
2409 545 2470 597 In
2497 543 2676 598 veteri
2700 547 2896 599 nostro
2919 547 3230 617 exemplari
3249 549 3544 620 praemitti-

185 633 277 685 tur
307 631 553 702 quidem
597 633 766 689 Missa
784 635 1088 689 Romensis
1117 634 1450 702 cottidiana,
1475 651 1604 690 cum
1633 635 1864 690 Canone
1891 632 2029 687 item
2061 634 2340 688 Romano.
2373 635 2580 688 Verum
2609 632 2666 686 in
2690 634 2804 688 ﬁne
2831 634 3063 690 Missalis
3089 637 3310 692 Gothici
3339 639 3545 694 eadem

184 719 363 774 missa
375 721 634 793 ascripta
664 725 807 790 erat,
832 723 932 778 sed
953 723 1155 779 mutila
1178 724 1239 779 in
1265 723 1472 780 Codice
1495 723 1793 780 Christina
1817 722 2053 793 regina,
2083 739 2196 794 quo
2219 739 2352 777 usus
2379 725 2466 776 est
2484 721 2739 776 eruditus
2763 723 3096 779 Thomasius
3111 725 3171 779 in
3189 727 3415 783 edendo
3436 729 3548 800 pri-

183 823 345 863 mum
376 809 477 865 illo
502 810 731 866 Missali.
762 813 850 866 An
875 813 1074 868 Canon
1101 812 1277 868 etiam
1303 813 1594 868 Romanus
1622 813 1682 867 in
1703 828 1772 866 eo
1799 811 2004 866 Codice
2036 811 2249 865 relatus
2267 811 2460 878 fuerit,
2489 811 2778 865 afﬁrmare
2801 829 2918 867 non
2944 813 3076 867 licet
3100 819 3335 886 propter
3355 816 3544 872 mutili

183 896 413 952 Codicis
435 897 751 955 defectum.
781 902 1053 956 Attamen
1074 917 1204 956 cum
1232 901 1305 956 ad
1327 901 1582 972 singulas
1608 901 1809 955 missas
1835 899 1894 953 in
1919 899 2015 953 illo
2041 899 2276 954 Gothico
2298 899 2622 954 habeantur
2643 898 2852 971 singuli
2875 902 3158 970 Canones,
3189 921 3347 958 secus
3370 922 3544 977 quam

181 985 238 1040 in
271 987 497 1042 Ordine
528 1004 704 1060 quem
731 989 822 1044 hic
845 991 1166 1062 vulgamus,
1195 991 1400 1061 conjici
1419 994 1610 1062 potest
1636 991 1696 1044 in
1720 990 1818 1044 illo
1841 988 2078 1043 Gothico
2097 989 2356 1043 nondum
2380 988 2550 1043 fuisse
2580 992 2875 1059 receptum
2901 990 3192 1047 Canonem
3219 993 3544 1050 Romanum

184 1075 282 1145 qui
308 1075 372 1130 in
400 1079 604 1132 nostro
626 1077 842 1132 Ordine
862 1077 989 1148 jam
1015 1078 1296 1133 admissus
1322 1082 1462 1147 erat,
1493 1079 1573 1133 uti
1601 1077 1777 1132 etiam
1801 1077 1862 1131 in
1890 1075 2093 1130 Missali
2121 1077 2467 1131 Francorum
2493 1077 2895 1145 Thomasiano,
2937 1079 3093 1150 quod
3123 1097 3157 1135 a
3180 1081 3344 1135 nobis
3378 1099 3540 1138 recu-

187 1179 318 1219 sum
351 1167 460 1219 est.
488 1167 680 1236 Atque
711 1166 880 1235 adeo,
904 1169 966 1221 ut
989 1167 1049 1221 in
1075 1167 1222 1222 libro
1243 1167 1429 1238 primo
1457 1167 1529 1222 de
1555 1166 1809 1238 Liturgia
1829 1165 2119 1221 Gallicana
2140 1165 2524 1233 observatum,
2545 1165 2794 1236 majores
2818 1167 2998 1222 nostri
3026 1169 3183 1240 prius
3215 1171 3541 1226 Romanum

182 1252 494 1310 Canonem
527 1269 706 1326 quam
742 1255 1036 1328 integrum
1076 1255 1264 1312 missa
1291 1256 1467 1312 ritum
1506 1257 1832 1312 Romanum
1860 1258 2252 1326 susceperunt.
2289 1256 2366 1310 Ex
2412 1254 2499 1308 his
2543 1255 2915 1312 manifestum
2951 1260 3036 1312 est
3077 1259 3230 1314 hunc
3267 1259 3542 1316 Ordinem

183 1344 456 1398 nostrum
483 1359 606 1399 non
637 1361 762 1399 esse
792 1345 1142 1400 Romanum.
1364 1397 1367 1400 .
2631 1346 2644 1358 ’

250 1467 320 1521 ν.
355 1465 475 1520 Sed
502 1483 696 1538 neque
723 1468 1106 1524 Mozarabicus‘
1131 1472 1234 1539 est,
1264 1473 1326 1524 ut
1349 1468 1668 1526 conferenti
1697 1470 1875 1540 patet.
1907 1469 2101 1539 Neque
2126 1465 2538 1522 Ambrosianus
2561 1467 2896 1539 :siquidem,
2923 1473 3133 1541 prater
3163 1472 3372 1528 multas
3401 1474 3540 1530 alias

179 1553 460 1622 rationes,
489 1555 844 1626 Rogationes
873 1557 932 1612 in
953 1557 1165 1614 Ordine
1185 1559 1564 1614 Ambrosiano
1582 1558 1945 1614 celebrantur
1967 1557 2095 1628 post
2108 1555 2536 1626 Ascensioncm,
2563 1557 2655 1612 hic
2674 1561 2806 1612 ante
2833 1557 2990 1613 illam
3011 1575 3078 1614 ex
3095 1559 3208 1615 ritu
3227 1561 3539 1625 Gallicana.

180 1644 403 1698 Prater
432 1659 504 1698 ea
529 1645 752 1700 nullum
770 1649 857 1700 est
883 1646 944 1701 in
966 1651 1161 1703 nostro
1191 1647 1403 1703 Ordine
1425 1648 1633 1702 festum
1651 1649 1978 1701 sanctorum
1998 1644 2542 1712 Mediolanensium;
2569 1661 2636 1700 ac
2660 1646 2895 1702 demum
2914 1663 3033 1702 non
3057 1649 3296 1704 omnino
3319 1651 3540 1706 eadem

182 1735 320 1787 sunt
348 1733 544 1790 missa
573 1738 769 1807 partes
793 1736 852 1790 in
876 1737 1275 1805 Ambrosiano,
1305 1737 1396 1793 cui
1422 1738 1630 1793 desunt
1659 1736 2030 1792 Prafationes
2059 1734 2223 1790 initio
2251 1735 2459 1802 missae,
2491 1735 2552 1791 in
2577 1736 2688 1791 hoc
2713 1736 2925 1793 Ordine
2949 1737 3358 1808 usitatissima;
3400 1741 3540 1796 item

182 1824 576 1881 Collectiones
593 1827 730 1882 Post
752 1827 1000 1884 Nomina
1029 1833 1087 1884 et
1103 1829 1193 1884 Ad
1221 1830 1430 1884 Pacem
1453 1831 1586 1884 ante
1607 1827 2118 1883 Contestationem.
2183 1819 2190 1826 ’

252 1959 344 2013 VI.
367 1960 445 2013 At
483 1959 632 2016 forte
658 1960 753 2016 hic
775 1962 928 2018 Ordo
955 1963 1129 2019 fuerit
1149 1964 1412 2020 Ecclesiae
1435 1963 1737 2018 Africanae.
1762 1961 1876 2018 Sed
1900 1977 2090 2032 neque
2113 1961 2222 2015 hoc
2253 1959 2363 2014 dici
2384 1961 2590 2030 potest.
2621 1957 2842 2032 Quippe
2870 1961 3138 2034 Liturgia
3158 1961 3438 2020 Africana
3457 1963 3540 2020 in-

183 2045 334 2102 dicia
366 2047 486 2102 duo
523 2065 590 2103 ex
627 2037 947 2122 Augustino
987 2052 1275 2122 discimus,
1317 2069 1444 2125 qua
1472 2051 1622 2119 huic,
1654 2067 1768 2123 qua
1797 2050 1869 2104 de
1913 2048 2155 2120 agimus,
2189 2048 2344 2102 nullo
2373 2047 2548 2102 modo
2579 2048 2940 2104 conveniunt.
2979 2050 3234 2105 Primum
3267 2051 3540 2108 indicium

183 2140 289 2206 est,
324 2138 487 2209 quod
515 2155 646 2194 cum
676 2139 738 2194 in
763 2141 1012 2198 Ecclesia
1041 2143 1331 2199 Gallicana
1360 2147 1476 2198 tres
1508 2141 1802 2197 Lectiones
1831 2157 1899 2194 ex
1923 2139 2103 2194 Libris
2133 2137 2304 2192 sacris
2351 2137 2425 2192 ad
2466 2137 2702 2192 missam
2735 2139 3281 2196 catechumenorum
3313 2141 3544 2198 recitari

180 2242 312 2280 mos
337 2231 511 2297 esset,
535 2227 595 2282 in
614 2229 887 2286 Africana
913 2231 1043 2286 duae
1065 2235 1290 2288 tantum
1314 2232 1612 2288 Lectiones
1636 2247 1768 2286 cum
1787 2228 2137 2284 intermedio
2159 2227 2380 2298 psalmo
2398 2227 2806 2282 recitabantur.
2828 2228 2890 2282 Id
2914 2232 3071 2300 patet
3093 2247 3158 2284 ex
3170 2231 3540 2287 Sermonibus

179 2316 496 2386 Augustini
527 2317 603 2372 ad
629 2320 926 2390 populum,
957 2321 1125 2376 editis
1153 2321 1213 2376 in
1243 2325 1405 2377 tomo
1425 2323 1470 2376 V
1495 2321 1617 2392 ejus
1637 2321 1889 2392 Operum
1911 2333 2072 2372 nova
2099 2315 2385 2383 editionis,
2415 2333 2530 2388 qua
2547 2316 2606 2370 in
2631 2319 2926 2388 posterum
2951 2334 3179 2390 semper
3201 2317 3462 2375 utemur.’
3479 2323 3543 2376 In

183 2420 460 2460 sermone
489 2408 592 2460 H2
625 2423 637 2461 :
672 2428 700 2456 «
728 2408 1027 2464 Lectiones
1055 2414 1267 2466 sancta
1291 2409 1598 2482 propositae
1629 2411 1779 2476 sunt,
1813 2410 1872 2462 et
1897 2423 2038 2478 quas
2066 2405 2388 2472 audiamus,
2417 2408 2476 2460 et
2499 2405 2570 2460 de
2601 2405 2807 2476 quibus
2821 2407 3034 2478 aliquid
3053 2409 3353 2477 sermonis,
3375 2409 3540 2480 adju-

182 2496 358 2548 vante
380 2495 655 2564 Domino,
685 2497 1070 2567 proferamus.
1099 2501 1161 2554 In
1188 2499 1457 2554 Lectione
1482 2497 1807 2570 Apostolica
1837 2495 2036 2568 gratiae
2073 2498 2322 2564 aguntur
2357 2494 2604 2548 Domino
2631 2493 2702 2548 de
2748 2494 2860 2548 ﬁde
2901 2495 3180 2565 gentium.
3221 2499 3284 2552 In
3314 2499 3536 2568 psalmo

183 2581 457 2650 diximus,
485 2587 629 2639 Deus
653 2588 917 2642 virtutum
947 2592 1190 2643 converte
1214 2603 1328 2652 nos,
1353 2591 1460 2642 etc.
1479 2589 1541 2641 In
1564 2585 1871 2657 Evangelio
1898 2584 1971 2638 ad
2001 2599 2223 2638 coenam
2251 2581 2437 2636 vocati
2462 2598 2680 2638 sumus.
2710 2603 2736 2632 »
2763 2583 2990 2636 Brevius
3010 2583 3069 2638 in
3096 2601 3360 2640 sermone
3394 2587 3493 2641 l65
3523 2603 3538 2642 :

185 2692 214 2720 ‹‹
243 2673 590 2743 Apostolum
612 2674 952 2745 audivimus,
972 2678 1258 2748 psalmum
1277 2676 1616 2742 audivimus,
1640 2673 2014 2746 Evangelium
2035 2671 2372 2727 audivimus.
2403 2692 2430 2720 »
2455 2671 2615 2726 Idem
2635 2671 2921 2742 colligitur
2945 2689 3011 2727 ex
3033 2674 3394 2729 sermonibus
3440 2678 3540 2730 I70

183 2761 243 2812 et
264 2763 389 2815 176.
412 2761 647 2833 Loquor
672 2763 743 2817 de
771 2764 1134 2820 Lectionibus
1160 2767 1352 2821 sacris.
1385 2767 1528 2820 Nam
1553 2766 1726 2837 paulo
1759 2767 1890 2818 ante
1920 2761 2157 2816 missam
2182 2761 2242 2815 in
2272 2760 2430 2815 festis
2454 2761 2764 2832 Martyrum
2791 2763 2933 2816 Acta
2952 2778 3154 2817 eorum
3175 2763 3537 2835 legebantur,

185 2851 250 2902 ut
274 2853 442 2920 patet
460 2867 531 2905 ex
555 2853 919 2908 sermonibus
949 2857 1015 2910 37
1045 2859 1104 2910 et
1125 2858 1248 2911 276.
1286 2877 1314 2905 ‹‹
1340 2857 1472 2911 Post
1497 2869 1828 2910 sermonem
1855 2853 1921 2906 ﬁt
1943 2851 2117 2906 missa
2138 2851 2260 2921 (seu
2289 2849 2562 2921 dimissio)
2587 2851 3010 2905 catechumenis
3031 2851 3349 2923 (Augustini
3368 2852 3542 2908 verba

183 2937 404 2993 suntin
431 2956 706 2996 sermone
732 2943 802 2996 49
829 2960 969 2998 num
999 2946 1080 3013 8);
1112 2945 1432 3000 manebunt
1455 2944 1686 3010 ﬁdeles;
1719 2941 1980 2997 venietur
2009 2941 2084 2996 ad
2116 2941 2306 2994 locum
2337 2939 2612 2994 orationis
2637 2939 2870 3010 (scilicet
2897 2939 3232 2996 Dominica.
3277 2941 3538 2996 Alterum

185 3025 468 3083 indicium
489 3033 596 3097 est,
617 3031 774 3102 quod
794 3030 852 3085 in
871 3033 1140 3112 Africana
1161 3033 1428 3102 Ecclesia,
1453 3032 1537 3086 uti
1555 3033 1616 3086 in
1645 3033 1904 3094 Romana
1925 3034 1983 3084 et
2011 3029 2070 3084 in
2096 3027 2526 3100 Mediolanensi)
2552 3045 2565 3096 ;
2598 3031 2728 3100 post
2748 3029 3260 3084 sanctiﬁcationem
3279 3030 3541 3086 sacriﬁcii

186 3118 243 3169 et
289 3117 622 3172 orationem
655 3119 1036 3190 Dominicam,
1083 3121 1288 3176 dicitur
1310 3124 1431 3176 Pcw:
1468 3122 1758 3187 vobiscum,
1797 3121 1856 3173 et
1883 3119 2211 3174 osculantur
2239 3133 2298 3170 se
2341 3116 2650 3172 Christiani
2683 3115 2742 3171 in
2777 3118 2968 3172 osculo
3013 3121 3230 3186 sancto,
3259 3139 3288 3168 »
3318 3135 3386 3173 ex
3431 3135 3544 3174 ser-

185 3220 363 3260 mone
391 3209 518 3262 237.
551 3209 768 3264 Contra
790 3209 851 3264 in
879 3211 1169 3266 Gallicana
1198 3214 1256 3265 et
1278 3211 1338 3266 in
1363 3210 1714 3266 Mozarabica
1738 3208 1996 3279 Liturgia
2012 3209 2126 3262 Pax
2152 3206 2397 3262 dabatur
2421 3210 2558 3261 ante
2597 3207 2903 3275 actionem,
2932 3207 3048 3262 imo
3075 3210 3208 3264 ante
3247 3209 3542 3264 Praefatio-

186 3310 326 3349 nem
349 3296 638 3366 sacriﬁcii,
665 3315 794 3371 qua
814 3300 1166 3356 Contestatio
1197 3301 1534 3372 appellatur.
1566 3303 1762 3372 Itaque
1783 3313 2028 3370 sequens
2055 3295 2207 3352 Ordo
2233 3312 2351 3351 non
2379 3300 2464 3352 est
2486 3295 2805 3365 Africanus,
2833 3313 2899 3352 ac
2923 3297 3166 3369 proinde
3196 3302 3456 3370 superest
3482 3303 3546 3354 ut

189 3382 260 3438 sit
288 3383 639 3442 Gallicanus.

258 3507 373 3561 VII.
401 3508 515 3563 Cur
545 3525 709 3581 ergo,
741 3509 952 3584 inquis,
983 3511 1044 3567 in
1071 3511 1341 3568 omnibus
1366 3528 1484 3566 non
1517 3509 1784 3566 convenit
1827 3525 1959 3564 cum
1999 3508 2207 3564 Missali
2236 3507 2472 3564 Gothico
2508 3507 2838 3564 Gallicano?
2875 3509 2937 3564 Id
2975 3525 3041 3564 ex
3083 3527 3151 3565 eo
3178 3511 3393 3568 factum
3419 3529 3540 3568 esse

188 3595 609 3666 existimamus,
638 3599 815 3670 quod,
839 3601 944 3656 etsi
967 3601 1027 3656 in
1055 3601 1297 3656 ecclesia
1325 3601 1614 3657 Gallicana
1639 3599 1839 3672 primis
1877 3598 2113 3666 saeculis,
2145 3597 2206 3652 id
2234 3600 2320 3651 est
2343 3599 2477 3652 ante
2502 3596 2688 3652 Caroli
2719 3597 2907 3668 Magni
2935 3597 3340 3670 principatum,
3371 3601 3546 3656 fuerit

185 3685 502 3741 uniformis
530 3688 894 3745 celebranda
914 3691 1104 3746 missa
1133 3691 1295 3758 ritus,
1327 3690 1661 3762 eademque
1692 3692 1903 3761 partes,
1927 3704 2046 3742 non
2069 3689 2266 3742 tamen
2296 3685 2516 3740 eadem
2537 3688 2703 3740 erant
2726 3685 2938 3758 ubique
2979 3688 3373 3758 Collectiones,
3415 3691 3546 3746 Lec-

182 3774 400 3844 tiones,
428 3779 487 3830 et
516 3777 1009 3836 Contestationes:
1043 3781 1144 3836 sed
1173 3781 1368 3836 forsan
1395 3780 1454 3834 in
1483 3795 1830 3850 unaquaque
1857 3775 2161 3848 metropoli
2187 3775 2443 3830 diversa.
2471 3775 2534 3829 Id
2554 3775 2822 3846 colligere
2850 3775 2982 3830 licet
3006 3793 3072 3831 ex
3099 3777 3338 3833 concilio
3359 3780 3541 3835 Vene-

183 3863 302 3918 tico
332 3864 474 3919 anni
499 3867 626 3934 465,
657 3867 818 3939 cujus
845 3869 968 3925 hac
989 3871 1164 3924 verba
1200 3872 1334 3924 sunt
1373 3869 1433 3924 in
1463 3884 1684 3924 canone
1723 3871 1788 3922 1⁸5
1817 3883 1830 3922 z
1861 3869 2079 3922 Rectum
2104 3880 2313 3936 quoque
2352 3865 2628 3928 duximus,
2663 3869 2726 3919 ut
2761 3866 2846 3919 vel
2882 3867 3034 3920 intra
3063 3869 3405 3936 provinciam
3443 3885 3540 3924 no-

182 3957 384 4022 stram,
411 3969 693 4010 sacrorum
716 3957 848 4012 ordo
877 3965 927 4013 et
948 3959 1230 4029 psallendi
1260 3974 1374 4014 una
1399 3961 1470 4012 sit
1492 3955 1836 4012 consuetudo.
1879 3953 2049 4019 Quasi
2077 3953 2336 4008 dicerent
2363 3954 2560 4007 Patres
2588 3969 2601 4008 :
2631 3951 2690 4008 Si
2726 3969 2843 4008 non
2868 3953 2927 4007 in
2955 3956 3076 4009 tota
3111 3955 3306 4024 Gallia,
3340 3957 3544 4012 saltem

183 4041 347 4096 intra
370 4043 731 4114 provinciam
752 4049 1030 4116 nostram,
1057 4047 1117 4102 id
1142 4051 1228 4102 est
1255 4049 1667 4114 Turonensem,
1696 4043 2000 4100 uniformis
2027 4043 2099 4098 sit
2121 4039 2416 4098 sacrorum
2435 4042 2596 4096 ritus.
2626 4043 2984 4114 Epaonense,
3004 4060 3156 4098 anno
3181 4049 3282 4099 517
3299 4046 3546 4101 celebra-

181 4133 334 4198 tum,
359 4131 494 4186 huic
514 4132 980 4206 interpretationi
1001 4136 1346 4209 suffragatur
1375 4152 1597 4192 canone
1625 4139 1692 4191 27
1727 4152 1741 4190 :
1770 4135 1860 4190 Ad
1886 4133 2210 4189 celebranda
2237 4133 2430 4188 divina
2459 4134 2658 4202 ofﬁcia,
2689 4131 2944 4188 Ordinem
2967 4149 3124 4203 quem
3148 4137 3548 4205 metropolitani

184 4225 396 4285 tenent,
415 4225 790 4292 provinciales
814 4227 1098 4282 observare
1127 4228 1412 4282 debebunt.
1439 4226 1581 4281 Hinc
1607 4227 1693 4282 est
1713 4223 1868 4295 quod
1887 4221 2138 4278 Ecclesia
2157 4221 2514 4276 Ludunensis
2539 4221 2891 4292 peculiarem
2918 4222 2978 4276 in
2995 4223 3168 4278 sacris
3193 4224 3370 4280 ritum
3395 4242 3546 4281 sem-

183 4326 296 4382 per
313 4309 577 4367 retinuit.
617 4314 744 4369 Non
785 4313 978 4388 itaque
1011 4315 1224 4371 mirum
1267 4316 1312 4370 si
1351 4315 1643 4388 provincia
1668 4313 2072 4381 Narbonensis,
2104 4329 2232 4384 quae
2261 4311 2578 4367 Gothorum
2608 4311 2851 4383 imperio
2879 4315 3013 4368 tunc
3037 4313 3298 4384 parebat,
3334 4331 3452 4370 non
3485 4315 3549 4372 in

187 4399 472 4456 omnibus
498 4403 856 4459 consenserit
881 4421 1011 4460 cum
1033 4405 1158 4460 aliis
1183 4403 1484 4461 Gallicanis
1509 4403 1840 4477 provinciis;
1863 4403 1981 4458 imo
2007 4417 2126 4458 non
2146 4401 2379 4470 mirum,
2411 4401 2459 4456 si
2488 4400 2725 4472 singulae
2749 4401 3074 4474 provincia,
3107 4419 3234 4474 qua
3257 4403 3549 4459 rarissime

185 4485 249 4544 in
281 4506 470 4545 unum
499 4491 795 4549 nationale
821 4494 1128 4550 concilium
1161 4494 1468 4551 convenire
1504 4495 1790 4566 poterant,
1827 4491 2043 4563 aliquid
2082 4490 2393 4546 habuerint
2430 4489 2635 4544 diversi
2672 4489 2732 4546 in
2761 4489 2972 4546 Ordine
3001 4508 3198 4547 rerum
3233 4509 3546 4564 sacrarum,

191 4578 435 4634 tametsi
455 4579 516 4635 in
540 4582 831 4655 plerisque
857 4587 1030 4658 atque
1051 4583 1112 4640 in
1140 4583 1264 4657 ipsa
1290 4585 1375 4640 rei
1402 4584 1484 4656 (ut
1507 4582 1588 4640 ita
1609 4581 1817 4655 dicam)
1847 4579 2164 4638 substantia
2189 4579 2623 4636 conveniebant.

264 4715 408 4768 VIII.
429 4715 703 4773 Codicem
729 4719 1054 4792 antiquum,
1087 4738 1155 4776 ex
1179 4737 1292 4794 quo
1319 4721 1768 4793 subsequentem
1795 4718 2070 4776 Ordinem
2095 4715 2449 4773 Gallicanum
2465 4677 2884 4789 descripsimus,
2917 4718 3243 4776 invenimus
3261 4721 3322 4776 in
3341 4720 3544 4777 biblio-

191 4803 372 4858 theca
396 4806 748 4875 percelebris
777 4812 836 4865 et
857 4810 1185 4884 perantiqui
1211 4809 1547 4868 monasterii
1566 4807 1878 4866 Bobiensia.
1907 4808 2159 4880 Scriptus
2179 4809 2265 4862 est
2281 4805 2471 4866 Codex
2495 4810 2629 4862 ante
2659 4823 2842 4864 annos
2869 4808 3044 4880 mille,
3071 4815 3130 4866 et
3149 4812 3385 4884 quidem
3403 4811 3550 4870 litte—

190 4891 276 4948 ris
307 4893 666 4965 majusculis.

271 5015 565 5074 Bertulfus
586 5019 815 5077 alicuibi
839 5023 1050 5095 legitur
1079 5023 1139 5080 in
1165 5040 1267 5099 ora
1295 5025 1417 5080 folii
1445 5023 1763 5096 cujusdam,
1796 5037 1969 5096 quem
1999 5024 2268 5094 putamus
2293 5036 2417 5076 esse
2445 5022 2634 5094 ipsum
2663 5023 2975 5079 Bertulfum
3001 5024 3110 5081 loci
3126 5025 3396 5084 abbatem
3426 5046 3547 5086 me-

194 5105 298 5162 dio
323 5108 536 5164 saeculo
566 5125 664 5165 vn.
697 5112 760 5166 In
793 5111 906 5168 alio
949 5113 1088 5168 folio
1117 5111 1453 5182 Elderatus;
1487 5113 1627 5169 item
1663 5113 1722 5168 in
1765 5112 1876 5167 alio
1904 5111 2290 5168 Munubertus.
2337 5110 2480 5165 Illud
2513 5111 2572 5166 in
2603 5128 2671 5166 eo
2709 5112 2912 5168 Codice
2953 5114 3154 5186 magni
3199 5117 3550 5193 faciendum,

194 5195 366 5268 quod
396 5196 471 5252 sit
491 5197 741 5271 integer,
770 5202 1163 5275 non_mutilus,
1196 5203 1335 5259 utin
1367 5203 1477 5258 illis
1499 5202 1733 5258 vetustis
1762 5201 1919 5257 libris
1956 5199 2184 5256 evenire
2219 5202 2380 5274 solet,
2413 5202 2588 5256 Porro
2615 5201 2872 5257 continet
2895 5204 3289 5277 Collectiones,
3333 5211 3550 5268 Lectio—

195 5302 307 5342 nes
345 5288 738 5358 propheticas,
785 5292 1125 5363 apostolicas
1161 5296 1220 5348 et
1263 5293 1640 5365 evangelicas,
1681 5295 1853 5366 atque
1879 5289 2336 5348 Contestationes
2359 5290 2434 5348 ad
2460 5291 2696 5346 missam
2724 5308 2830 5364 per
2865 5295 3052 5350 totum
3077 5313 3319 5353 annum.
3352 5302 3414 5355 In
3437 5301 3552 5357 ﬁne

194 5375 386 5430 etiam
413 5376 595 5448 (quod
621 5379 979 5436 rarissimum
1006 5385 1110 5451 est,
1139 5386 1198 5438 et
1227 5400 1376 5456 pene
1403 5383 1710 5456 singulare)
1733 5383 1978 5438 habetur
2001 5381 2145 5438 liber
2167 5379 2598 5451 Poenitentialis,
2625 5381 2685 5436 in
2715 5398 2830 5455 quo
2861 5385 3044 5441 multa
3075 5386 3216 5443 scitu
3255 5388 3433 5462 digna
3459 5407 3550 5448 oc-

194 5469 450 5521 currunt
477 5468 553 5522 ad
572 5469 782 5524 veteris
801 5469 1115 5544 disciplina
1137 5472 1529 5529 ecclesiastica
1557 5471 1970 5544 cognitionom.

273 5604 360 5659 IX.
391 5604 565 5676 Cujus
597 5621 774 5677 porro
805 5607 1114 5678 provincia
1151 5609 1327 5666 fuerit
1357 5609 1467 5664 hoc
1497 5608 1734 5677 Missale,
1769 5626 1888 5665 non
1929 5608 2162 5664 obvium
2193 5612 2279 5664 est
2317 5607 2573 5664 deﬁnire.
2604 5609 2770 5666 Forte
2799 5612 2873 5667 ad
2903 5629 3070 5670 usum
3102 5619 3226 5671 erat
3249 5615 3553 5688 provincia

195 5691 478 5750 maxima
505 5694 930 5765 Sequanorum,
958 5695 1018 5752 id
1043 5700 1129 5753 est
1154 5697 1636 5767 Vesontionensis,
1664 5697 1704 5752 ii
1734 5715 1848 5770 qua
1872 5697 2045 5752 situm
2070 5700 2156 5752 est
2182 5698 2527 5755 Luxoviense
2552 5701 2986 5772 monasterium,
3008 5705 3160 5760 unde
3176 5705 3555 5760 Columbanus

197 5782 454 5841 Bobium
483 5783 781 5856 migravit.
803 5785 973 5842 Favet
997 5787 1128 5843 huic
1147 5789 1491 5860 conjectura
1515 5787 1763 5842 missade
1787 5789 1983 5842 sancto
2005 5785 2373 5858 Sigismundo
2397 5803 2536 5860 rege
2557 5789 3048 5862 Burgundionum.
3069 5794 3228 5849 Certe
3249 5791 3340 5845 hic
3363 5791 3551 5847 Codex

198 5891 324 5933 non
355 5873 468 5930 fuit
492 5873 572 5930 ad
595 5889 769 5931 usum
793 5877 1214 5935 monachorum
1233 5877 1619 5936 Bobiensium.
1647 5877 1794 5934 Nihil
1821 5877 1976 5932 enim
1997 5875 2055 5931 in
2088 5893 2156 5932 eo
2183 5876 2254 5932 de
2286 5877 2493 5935 sanctis
2535 5878 2925 5950 Bobiensibus,
2953 5880 3325 5948 Columbano,
3359 5879 3550 5950 ejusvc
