3970 6412
425 331 521 390 451
1301 329 1632 386 APPENDIX
1670 329 1757 385 AD
1794 329 2014 385 OPERA
2055 329 2109 383 S.
2148 328 2446 384 GERMANI
2483 328 2909 385 PARISIENSIS.
3705 321 3830 384 452

427 442 736 514 discipulis.
765 439 912 496 Nihil
941 438 1078 494 item
1100 439 1171 494 de
1199 438 1369 494 rebus
1396 438 1726 495 monasticis
1759 455 1772 493 :
1801 454 1916 492 non
1945 435 2272 492 benedictio
2299 435 2542 504 abbatis,
2575 440 2676 491 aut
2699 437 3119 493 monachorum
3143 453 3156 503 ;
3199 453 3318 493 non
3345 437 3831 496 benedictiones

429 550 537 606 pro
564 529 896 587 monasterii
927 529 1186 596 ofﬁcinis,
1215 527 1274 582 in
1302 528 1585 600 ejusmodi
1601 528 1761 582 libris
1784 527 2114 582 monasticis
2137 526 2378 581 usitatis.
2407 525 2492 579 Fit
2517 525 2752 597 quidem
2781 527 2959 581 sancti
2989 527 3278 582 Benedicti
3301 528 3830 583 commemoratio

426 621 487 677 in
509 623 738 677 Canone
768 617 1004 684 misssaa;
1034 618 1136 672 sed
1161 618 1282 672 haec
1308 617 1510 672 itidem
1538 617 1597 671 in
1625 616 1910 688 plerisque
1931 615 2054 670 aliis
2078 614 2494 670 cathedralium
2521 615 2887 672 ecclesiarum
2914 615 3312 671 vetustissimis
3335 617 3498 672 libris
3519 617 3826 684 occurrit,

429 710 568 764 utin
596 711 828 764 Canone
859 707 1119 762 Ecclesiae
1145 706 1584 762 Mediolanensis
1613 710 1747 760 ante
1778 722 1962 760 annos
1987 708 2282 759 sexcentos
2309 704 2539 774 scripto,
2569 704 2687 758 imo
2718 705 2776 758 in
2807 705 2960 760 edito
2989 705 3192 760 Missali
3219 722 3326 776 per
3364 709 3650 760 sanctum
3704 708 3829 762 Ca-

423 799 612 854 rolum
655 797 990 852 reformato.
1032 796 1169 860 Qua:
1196 799 1393 851 tamen
1423 793 1899 849 commemoratio
1928 793 1988 848 in
2025 793 2503 864 subsequentibus
2545 793 3060 848 Ambrosianorum
3085 794 3397 849 Missalium
3435 795 3829 850 editionibus

425 891 528 942 est.
560 887 706 942 Nihil
734 901 873 956 ergo
904 884 1170 957 prohibet
1200 884 1338 956 quin
1370 885 1478 938 hoc
1517 883 1734 938 Missale
1763 883 1936 938 fuerit
1970 883 2044 938 ad
2077 899 2244 937 usum
2271 882 2534 937 Ecclesia:
2573 887 2631 936 et
2659 883 2964 953 provinciae
2987 883 3479 949 Vesontionensis,
3511 884 3686 955 quod
3723 888 3826 939 ta-

423 993 560 1034 men
587 975 712 1031 aliis
742 975 1182 1047 expendendum
1209 973 1615 1046 permittimus.
1644 974 1856 1029 Confer
1882 991 1950 1028 ea
1976 990 2105 1044 qua;
2131 973 2191 1027 in
2217 973 2393 1027 missa
2421 990 2524 1044 pro
2541 973 2799 1044 principe
2831 973 3116 1029 dicuntur.
3145 977 3208 1028 ln
3232 974 3469 1030 Canone
3497 978 3640 1045 post
3663 991 3824 1030 con-

423 1066 807 1121 secrationem
832 1066 1321 1120 commemoratur
1345 1080 1475 1118 cum
1503 1063 1628 1118 aliis
1655 1064 1866 1118 sanctis
1892 1063 2172 1134 Eugenia,
2205 1062 2525 1134 eademque
2563 1062 2832 1117 laudatur
2865 1063 2924 1117 in
2971 1063 3401 1119 Contestationc
3446 1064 3654 1118 missae
3701 1081 3823 1136 pro

421 1155 628 1226 Vigilia
647 1153 859 1209 Natalis
897 1152 1144 1208 Domini.
1176 1155 1306 1207 Haec
1333 1156 1421 1208 est
1439 1153 1698 1224 Eugenia
1727 1153 1886 1224 virgo
1919 1169 2046 1224 quae
2071 1154 2267 1208 Romae
2304 1156 2566 1223 tempore
2593 1151 2835 1207 Gallieni
2863 1153 3208 1224 martyrium
3238 1169 3408 1224 passa
3436 1157 3546 1207 est.
3577 1156 3648 1208 In
3681 1155 3823 1224 ejus

425 1243 665 1298 ecclesia
691 1245 849 1297 extra
870 1245 1098 1314 portam
1123 1242 1388 1297 Latinam
1417 1245 1679 1297 sanctum
1703 1242 1940 1313 virginis
1963 1259 2168 1314 corpus
2192 1242 2551 1312 requiescere
2579 1241 2786 1296 dicitur
2811 1242 2872 1296 in
2890 1242 3016 1296 Vita
3041 1241 3248 1297 Leonis
3273 1244 3363 1310 lll,
3393 1243 3493 1314 qui
3516 1243 3820 1314 quaedam

421 1335 762 1388 ornamenta
788 1331 980 1386 eidem
1009 1333 1264 1386 ecclesiae
1285 1332 1614 1403 assignavit.
1646 1331 1930 1386 Adrianus
1957 1335 2092 1386 ante
2117 1332 2369 1386 Leonem
2396 1331 2612 1384 ibidem
2645 1331 3065 1386 monasterium
3090 1332 3418 1403 puellarum
3451 1335 3819 1387 construxe-

421 1425 530 1478 rat.
561 1424 634 1476 At
659 1438 772 1492 quo
801 1422 954 1492 apud
981 1421 1190 1476 Gallias
1215 1421 1272 1475 in
1307 1421 1432 1477 loco
1460 1421 1718 1493 Eugenia
1743 1422 1958 1475 cultum
1988 1421 2272 1488 habuerit,
2297 1420 2460 1474 nobis
2491 1419 2936 1491 incompertum.

487 1541 548 1595 Χ.
579 1539 851 1610 Superest
873 1541 936 1591 ut
959 1537 1224 1608 sequenti
1249 1538 1519 1609 Liturgia:
1545 1537 1848 1594 Gallicanae
1867 1537 2095 1592 titulum
2124 1553 2505 1608 apponamus,
2538 1537 3012 1608 quandoquidem
3041 1538 3230 1592 nullus
3271 1541 3458 1593 exstat
3485 1537 3551 1592 in
3583 1537 3816 1594 Codice

419 1628 702 1684 Bobiensi.
730 1629 808 1682 Ne
835 1625 1078 1698 simplici
1106 1627 1381 1682 vocabulo
1409 1629 1766 1698 appellemus
1794 1627 2112 1698 Liturgiam
2155 1627 2508 1682 Gallicanam
2533 1630 2730 1680 vetant
2757 1626 2884 1680 alia;
2928 1627 3200 1696 Liturgiae
3241 1644 3371 1698 qua:
3411 1628 3526 1683 hoc
3570 1645 3815 1682 nomen

417 1721 782 1790 occuparunt.
815 1717 937 1771 Dici
965 1720 1154 1787 potest
1178 1716 1432 1787 Liturgia
1457 1716 1779 1783 Bobiensis;
1813 1722 1874 1772 at
1912 1717 2307 1788 praferendus
2347 1716 2574 1770 videtur
2602 1716 2816 1783 titulus,
2861 1717 3022 1770 Liber
3052 1717 3526 1772 Sacramentorum
3558 1719 3818 1772 ecclesiae

416 1808 730 1870 Gallicanae,
757 1809 1065 1877 propterea
1090 1805 1244 1876 quod
1262 1805 1320 1859 in
1338 1806 1452 1859 fine
1471 1805 1712 1873 Codicis,
1738 1805 1833 1859 ubi
1853 1805 1983 1860 libri
2004 1805 2149 1860 sacri
2169 1809 2560 1876 recensentur,
2583 1807 2839 1860 extremo
2863 1805 2987 1860 loco
3011 1805 3246 1877 ponitur
3267 1806 3816 1861 Sacramentorum

419 1913 584 1963 unus,
615 1911 727 1966 quo
756 1895 992 1950 nomine
1013 1894 1222 1948 librum
1253 1895 1324 1948 de
1355 1911 1416 1948 re
1443 1911 1604 1949 sacra
1632 1895 1883 1965 majores
1916 1895 2093 1949 nostri
2145 1895 2406 1949 solebant
2448 1895 2772 1966 designare.
2807 1895 2896 1949 Sic
2928 1895 3187 1966 Liturgia
3205 1896 3497 1964 Romana,
3536 1896 3744 1966 qualis
3780 1913 3818 1949 a

417 1984 691 2054 Gregorio
718 1983 922 2053 Magno
955 1983 1221 2038 ordinata
1247 1987 1352 2051 est,
1385 1985 1707 2055 appellatur
1729 1985 1897 2038 Liber
1924 1988 2421 2039 sacramentorum
2460 1984 2530 2037 de
2570 1985 2778 2039 circulo
2811 1984 2966 2039 anni.
2999 1986 3072 2038 At
3107 1985 3618 2056 quemadmodum
3655 1986 3814 2039 Gre—

418 2073 690 2144 gorianus
717 2071 810 2124 ille
835 2072 980 2125 liber
997 2073 1408 2142 compendioso
1429 2073 1603 2128 modo
1635 2091 1752 2128 non
1781 2077 2005 2129 tantum
2037 2092 2069 2128 a
2091 2073 2524 2140 recentioribus,
2549 2074 2647 2128 sed
2681 2074 2855 2128 etiam
2889 2091 2921 2128 a
2947 2073 3254 2145 Micrologo
3283 2075 3529 2146 aliisque
3565 2075 3817 2131 laudari

417 2163 562 2216 solet
577 2160 680 2214 sub
698 2160 862 2214 titulo
884 2160 1327 2216 Sacramentarii
1345 2162 1704 2232 Grcgoriani,
1723 2163 1803 2216 ita
1819 2163 1996 2218 etiam
2016 2167 2212 2218 noster
2226 2163 2317 2218 hic
2338 2163 2482 2217 liber
2501 2163 2614 2217 dici
2630 2163 2842 2234 poterit
2859 2163 3390 2218 Sacramentarium
3404 2163 3815 2220 Gallicanum.

487 2253 570 2306 XI.
593 2253 874 2306 Caeterum
898 2249 958 2304 in
989 2251 1293 2322 Scriptura;
1323 2270 1495 2307 sacrae
1524 2253 1882 2320 lectionibus,
1919 2271 2044 2325 quae
2071 2255 2180 2309 hoc
2221 2253 2280 2308 in
2316 2253 2528 2308 Ordine
2564 2254 2728 2320 fiunt,
2769 2253 3077 2308 adhibetur
3098 2254 3282 2309 versio
3314 2255 3587 2324 Vulgata,
3621 2258 3686 2308 ut
3749 2256 3815 2308 in

413 2341 773 2398 Lectionario
800 2339 1152 2408 Luxoviensi,
1183 2341 1288 2395 nisi
1318 2342 1473 2412 quod
1501 2342 1798 2398 Lectiones
1828 2344 2118 2398 nonnulla:
2149 2343 2338 2414 potius
2359 2344 2430 2396 ad
2457 2359 2688 2396 sensum
2709 2360 2883 2414 quam
2911 2343 2985 2397 ad
3020 2343 3260 2398 verbum
3292 2344 3637 2398 rcferuntur
3676 2361 3814 2400 non

413 2435 851 2502 consequenter,
877 2429 976 2484 sed
999 2429 1161 2501 quasi
1187 2434 1462 2486 centones
1491 2450 1557 2486 ex
1582 2432 1750 2486 variis
1779 2433 2088 2505 Scripturaa
2115 2433 2269 2488 locis.
2301 2433 2429 2487 Hzec
2456 2432 2513 2486 in
2539 2435 2897 2488 antecessum
2918 2425 3263 2504 praemisisse
3282 2433 3554 2488 sufﬁciat.

1075 2813 1448 2910 MISSA
1545 2814 2175 2914 ROMENSIS
2273 2810 3107 2914 COTTIDIANA“.

407 3029 582 3084 Lectio
609 3029 738 3084 libri
759 3031 992 3085 Danihel
1017 3033 1297 3106 prophetae
1323 3035 1382 3088 in
1406 3035 1710 3092 cottidiana
1728 3036 1756 3078 ιι
1786 3038 2030 3108 legenda.
2055 3050 2115 3123 Α
2347 3035 2522 3088 Lectio
2547 3037 2712 3088 sancti
2738 3037 2990 3102 Evangeli
3017 3035 3311 3089 secundum
3337 3038 3556 3088 Lucam-

479 3123 541 3175 ln
583 3125 846 3194 tempore
863 3126 1070 3189 autem
1112 3125 1210 3180 illo
1241 3127 1534 3199 consurgit
1563 3129 1838 3185 Michahel
1873 3131 2029 3202 prin-
2199 3133 2261 3185 In
2290 3134 2554 3202 tempore
2592 3131 2689 3186 illo
2735 3131 2876 3186 dixit
2912 3131 3194 3188 Dominus
3219 3132 3424 3188 Jesusd
3476 3131 3797 3204 discipulis

405 3230 538 3286 ceps
566 3231 834 3287 magnus,
857 3217 956 3288 qui
981 3221 1094 3272 stat
1118 3236 1224 3290 pro
1247 3221 1374 3275 filiis
1401 3222 1596 3293 populi
1629 3223 1728 3292 tui,
1758 3227 1816 3278 et
1840 3227 2033 3280 veniet
2132 3223 2262 3278 suis.
2291 3225 2600 3280 Adtendite
2625 3242 2743 3295 vos,
2767 3242 2840 3280 ne
2861 3226 3011 3281 forte
3039 3228 3355 3297 graventur
3383 3225 3567 3282 corda
3583 3231 3796 3282 vestra

405 3313 654 3380 tempus,
685 3311 851 3380 quale
876 3327 992 3365 non
1017 3312 1126 3366 fuit
1145 3313 1217 3368 ab
1239 3331 1308 3369 eo
1331 3331 1445 3386 quo
1467 3319 1670 3386 gentes
1690 3334 1813 3372 esse
1841 3336 2028 3390 coepe-
2130 3316 2190 3370 in
2219 3319 2470 3390 crapola,
2497 3322 2556 3372 et
2583 3318 2886 3387 ebrietate,
2915 3321 2974 3373 et
3003 3319 3153 3373 curis
3185 3319 3360 3390 hujus
3394 3319 3558 3386 vitae;
3595 3324 3660 3374 et
3692 3338 3796 3375 su-

401 3405 556 3470 runt,
579 3419 758 3474 usque
789 3403 862 3457 ad
891 3408 1114 3476 tempus
1139 3406 1297 3462 illud.
1325 3409 1394 3462 Et
1411 3408 1470 3463 in
1500 3412 1761 3482 tempore
1788 3411 1884 3466 illo
1917 3415 2027 3468 sal-
2127 3415 2424 3486 perveniat
2447 3415 2505 3469 in
2541 3433 2639 3470 vos
2671 3416 2977 3488 repentina
3014 3417 3136 3472 dies
3172 3417 3616 3490 illa,tamquam
3666 3419 3791 3474 fur.

399 3495 626 3550 vabitur
660 3498 904 3568 populus
949 3501 1078 3553 tuus
1114 3501 1324 3570 omnis,
1357 3501 1456 3573 qui
1481 3501 1746 3558 inventus
1770 3505 1942 3560 fuerit
1966 3507 2026 3561 in
2126 3513 2386 3584 Laqueus
2423 3513 2580 3568 enim
2604 3515 2969 3585 superveniet
2993 3514 3054 3570 in
3079 3531 3286 3570 omnes
3317 3515 3415 3588 qui
3440 3516 3660 3572 sedent
3688 3534 3791 3572 su-

396 3588 543 3645 libro
571 3589 840 3662 scriptus;
865 3596 922 3646 et
943 3593 1108 3648 multi
1130 3595 1201 3649 de
1228 3595 1317 3649 his
1338 3595 1438 3666 qui
1458 3596 1756 3652 dormiunt
1781 3599 1839 3653 in
1857 3603 2024 3656 terra).
2125 3622 2230 3677 per
2252 3606 2459 3661 faciem
2487 3606 2641 3662 orbis
2669 3611 2856 3662 terrae.
2888 3608 3133 3682 Vigilate
3161 3608 3360 3680 itaque
3411 3609 3580 3664 omni
3633 3614 3794 3666 tem-

395 3684 648 3754 pulvere,
679 3685 1049 3756 evigilabunt,
1079 3687 1178 3742 alii
1199 3687 1262 3742 in
1301 3689 1476 3745 vitam
1511 3694 1809 3760 mternam,
1842 3696 1899 3747 et
1927 3693 2024 3748 alii
2124 3715 2264 3771 pore
2296 3703 2544 3770 orantes,
2568 3704 2632 3754 ut
2655 3701 2815 3772 digni
2841 3701 3176 3756 habeamini
3205 3702 3398 3774 fugire
3426 3702 3539 3758 ista
3569 3705 3788 3761 omnia

395 3775 454 3831 in
485 3777 878 3849 obprobrium,
906 3784 968 3834 ut
991 3780 1226 3836 videant
1254 3799 1496 3855 semper.
1521 3785 1628 3849 Qui
1655 3789 1850 3841 autem
1869 3787 2023 3842 docti
2125 3809 2252 3864 quae
2277 3794 2470 3850 futura
2496 3797 2646 3864 sunt,
2674 3797 2733 3850 et
2752 3798 2904 3850 stare
2926 3799 3062 3850 ante
3104 3795 3287 3850 filium
3321 3797 3604 3852 hominis.
3638 3799 3789 3854 Erat

393 3871 628 3940 fuerint,
671 3871 976 3942 fulgebunt
1014 3875 1178 3945 quasi
1217 3877 1491 3947 splendor
1532 3880 1920 3947 ﬁrmamenti;
1965 3885 2023 3934 et
2123 3889 2317 3941 autem
2372 3887 2573 3942 diebus
2624 3888 2838 3944 docens
2886 3889 2944 3943 in
2996 3891 3253 3961 templo,
3305 3890 3576 3945 noctibus
3635 3909 3786 3947 vero

2123 3979 2314 4035 exiens
2343 3982 2678 4037 morabatur
2702 3982 2762 4036 in
2794 3985 3015 4052 monte,
3045 3983 3144 4054 qui
3173 3988 3413 4039 vocatur
3448 3985 3686 4055 Oliveti,
3722 3992 3786 4040 et

2121 4074 2311 4128 omnis
2338 4077 2582 4147 populus
2607 4076 3019 4148 magnificabat
3043 4078 3250 4133 Deum.

669 4159 900 4225 Epistola
923 4161 1066 4212 Pauli
1091 4163 1313 4227 apostoli
1343 4164 1409 4215 ad
1432 4166 1742 4218 Corinthios.
2692 4184 2918 4228 INCIPIT
2951 4184 3160 4230 MISSA.

465 4243 708 4315 Fratres,
739 4245 836 4318 qui
863 4247 1159 4318 gloriatur,
1187 4249 1247 4303 in
1274 4251 1518 4307 Domino
1555 4253 1850 4323 glorietur.
1893 4257 2015 4310 Non
2188 4263 2333 4317 Deus
2363 4263 2461 4334 qui
2485 4263 2654 4318 beato
2683 4265 2852 4319 Petro
2883 4266 3144 4336 apostolo
3173 4268 3274 4320 tuo
3305 4265 3558 4321 conlatis
3588 4269 3774 4324 clavi-

392 4338 547 4393 enim
575 4339 672 4411 qui
691 4340 942 4412 seipsum
958 4344 1350 4414 commendat,
1374 4345 1468 4400 illc
1494 4347 1766 4418 probatus
1787 4351 1892 4418 est,
1915 4351 2014 4405 sed
2037 4421 2086 4432 ﬁ
2114 4355 2220 4411 bus
2248 4357 2415 4428 regni
2450 4357 2706 4425 caelestis,
2757 4358 2982 4413 animas
3022 4357 3245 4430 ligandi
3282 4363 3456 4432 atque
3497 4362 3775 4418 solvendi

391 4449 563 4504 quem
588 4434 870 4489 Dominus
896 4437 1411 4496 commendaverit.
1446 4439 1676 4496 Utinam
1712 4443 2015 4498 sustinere-
2036 4421 2092 4494 B
2114 4450 2470 4523 pontificium
2491 4451 2795 4520 tradidisti,
2825 4451 3044 4524 suscipe
3076 4453 3368 4525 propicius
3405 4471 3614 4525 preces
3657 4474 3770 4512 no-

387 4527 792 4623 tismodicum
851 4531 990 4602 quid
1049 4531 1396 4604 insipientia:
1436 4535 1572 4590 mei.
1614 4537 1875 4592 zEmulor
1914 4556 2013 4594 vos
2112 4552 2278 4618 stras,
2294 4551 2352 4604 et
2368 4549 2776 4604 intercessione
2799 4550 2922 4621 ejus
2941 4553 3579 4623 quaesumus,Domine,
3605 4556 3770 4610 auxi-

387 4621 487 4676 Dei
511 4623 878 4679 mmlllatione
908 4624 966 4679 in
988 4625 1210 4682 Christo
1233 4629 1384 4683 ἔθευ.
2111 4641 2272 4711 lium,
2288 4646 2398 4698 uta
2417 4646 2784 4714 peccatorum
2805 4647 3136 4700 nostrorum
3151 4646 3393 4702 nexibus
3413 4647 3764 4704 liberemur.

394 3964 490 4034 qui
511 3965 585 4018 ad
597 3965 882 4036 justitiam
904 3966 1176 4023 erudiunt
1202 3969 1504 4040 plurimos,
1529 3971 1692 4043 quasi
1714 3974 1925 4028 stella-3°
1962 3975 2019 4029 in

391 4061 698 4128 perpetuas
717 4057 1087 4129 aeternitates,
1113 4061 1194 4116 ait
1218 4063 1498 4119 Dominus
1517 4066 1685 4120 Deus.

456 4781 562 4864 fin
587 4784 704 4864 line
729 4785 964 4864 Missalis
997 4787 1509 4864 Gothicogallicani
1537 4793 1666 4864 pari
1703 4795 1880 4850 modo
1907 4797 2009 4852 ha-

386 4852 555 4909 betur
579 4859 752 4938 Antissa
777 4858 1052 4938 cotidiana
1080 4852 1370 4938 Bernensis,
1402 4863 1503 4938 sed
1532 4852 1734 4938 mutila
1756 4865 2011 4938 ;incipit-

387 4941 498 4996 quc
529 4944 563 4982 a
589 4929 840 4982 Collecta
871 4945 998 4999 qua:
1035 4930 1125 4984 hic
1163 4931 1225 4984 in
1268 4935 1520 4988 secundo
1557 4935 1682 4990 loco
1718 4929 2010 4996 refertur:

383 5000 672 5077 Deus,_qui
699 5002 884 5077 culpa.
911 5001 981 5077 Et
1003 5001 1051 5054 si
1079 5018 1214 5077 vero
1236 5003 1358 5059 haec
1385 5005 1561 5060 missa
1579 5007 1895 5077 plurimum
1918 5010 2015 5064 dc-

383 5073 615 5139 sumpta
636 5074 725 5142 est
756 5088 822 5124 ex
849 5071 1060 5125 Ordine
1085 5073 1365 5142 Romano,
1384 5071 1895 5134 tamen-Gallicam
1925 5097 2013 5136 ac-

385 5141 753 5219 commodata
778 5144 882 5210 est,
920 5145 984 5198 ut
1007 5147 1166 5214 patet
1189 5162 1257 5199 ex
1278 5141 1720 5204 Gellectionibus
1744 5152 1880 5205 Post
1899 5153 2012 5208 No-

386 5211 570 5278 mina,
598 5211 671 5267 ad
697 5213 922 5279 Pacem,
947 5211 1053 5268 etc.

457 5281 486 5321 ι)
512 5282 740 5363 Nempe.
754 5283 828 5337 ad
852 5284 1106 5363 missam,
1131 5287 1188 5363 in
1217 5305 1331 5363 qua
1351 5295 1467 5363 tres
1488 5290 1784 5362 quondam
1797 5292 2013 5350 Lectio-

384 5367 488 5437 nes
517 5357 744 5437 recitari
771 5371 897 5435 mos
927 5360 1066 5425 erat,
1095 5361 1168 5437 ut
1181 5357 1324 5437 alias
1349 5357 1615 5437 diximus.
1643 5363 1842 5437 Erant;
1869 5382 2008 5437 ergo

384 5423 563 5513 etiam
589 5426 734 5513 tunc,
755 5425 944 5513 missw
973 5423 1570 5513 quotidiamp,_quales
1591 5434 1802 5513 iterum
1829 5423 2008 5513 habes

384 5495 626 5574 inferius
653 5496 755 5550 sub
782 5498 957 5552 finem
983 5495 1152 5570 huius
1176 5495 1646 5558 libri.'M'issarum
1674 5506 2006 5574 hujusmodi

380 5565 849 5647 quotidianarum
863 5586 1026 5625 usum
1038 5565 1301 5644 tempore
1312 5574 1615 5647 Augustini
1632 5574 1692 5647 in
1706 5565 1898 5633 Africa
1913 5580 2008 5634 ob-

379 5639 617 5716 tinuisse
631 5640 952 5711 colligimus
973 5659 1039 5696 ex
1056 5639 1322 5716 sermone
1341 5639 1499 5699 58'ad
1524 5645 1820 5716 populum,
1844 5665 2006 5704 novas

381 5709 968 5790 edi.tionlis,_num_l2_:
1005 5735 1033 5763 ι(
1059 5717 1120 5790 l_n
1137 5715 1395 5790 Ecclesia
1423 5716 1498 5770 ad
1524 5709 1705 5790 altare
1734 5709 1834 5772 Dei
1862 5737 2006 5790 quo-

379 5779 518 5856 tidie
557 5779 764 5856 dicitur
788 5784 898 5838 ista
922 5783 1222 5856 Dominica
1249 5785 1454 5856 oratio,
1484 5789 1544 5842 et
1565 5786 1804 5844 audiunt
1845 5779 2005 5849 illam

378 5850 596 5910 ﬁdeles.
625 5855 748 5911 Non
765 5871 906 5927 ergo
929 5855 1224 5924 timemus,
1246 5873 1319 5912 ne
1337 5850 1528 5914 minus
1550 5857 1858 5931 diligenter
1872 5879 2004 5921 eam

2113 4799 2389 4877 teneatis;
2418 4799 2554 4877 quia
2573 4800 2677 4877 etsi
2703 4801 2830 4873 quis
2857 4804 3112 4877 vestrum
3142 4819 3262 4877 non
3292 4804 3509 4877 poterit
3545 4809 3764 4863 tenere

2111 4871 2395 4950 perfecte,
2414 4871 2703 4950 audiendo
2720 4871 2996 4950 Tqu_ot_idie‘
3014 4875 3256 4930 tenebit.
3278 4871 3310 4926 ›ῖ
3336 4879 3478 4950 Post
3498 4893 3604 4948 pro
3613 4879 3764 4950 phe-

2113 4941 2254 4996 tiam
2281 4943 2570 5020 Collectio,
2612 4941 3101 5020 post‘Epistolam
3128 4941 3554 5020 responsorius
3599 4941 3764 5020 psal-

2112 5029 2270 5081 mus;
2295 5013 2453 5086 cujus
2471 5014 2726 5084 singulos
2737 5013 2952 5084 versus,
2972 5013 3325 5086 praecinente
3352 5013 3766 5086 lectorefcho-

2111 5100 2209 5162 rus
2228 5085 2545 5162 repetebat,
2574 5088 2816 5162 ut_rec_te
2841 5085 3290 5162 probatamicus
3317 5093 3518 5162 noster
3534 5092 3669 5162 pius
3695 5110 3766 5148 ac

2113 5155 2311 5210 doctus
2337 5155 2615 5226 Iosephus
2638 5156 2707 5210 Μ.
2732 5155 2906 5212 Carus
2934 5175 3034 5213 seu
3058 5160 3400 5215 Thomasius
3431 5161 3492 5215 in
3523 5155 3764 5218 erudita

2111 5226 2449 5306 prtefa‘tione
2487 5243 2589 5306 sua
2619 5227 2692 5306 ad
2727 5229 3190 5306 Responsorialia
3219 5235 3278 5284 et
3313 5231 3759 5306 Antiphonalia,

2112 5297 2536 5372 quie‘llo‘manis
2560 5298 2710 5372 typis
2740 5297 2894 5356 anno
2921 5302 3218 5372 superiore
3240 5297 3607 5372 prodierunt.

2179 5394 2202 5446 οξ
2237 5370 2300 5423 lu
2328 5369 2770 5446 Codice,__still:e,
2815 5376 2874 5426 et
2904 5369 3173 5446 constans
3189 5369 3418 5446 ubique
3464 5375 3762 5446 scriptura

2110 5438 2208 5510 ubi
2235 5439 2479 5494 occurrit
2493 5442 2662 5510 stilla,
2689 5459 2806 5497 non
2835 5445 3013 5498 stella.
3044 5445 3264 5500 Passim
3297 5438 3481 5502 obvia:
3507 5438 3644 5501 sunt
3675 5449 3760 5504 in-

2107 5509 2312 5584 quice
2331 5514 2528 5566 nostro
2555 5509 2837 5584 ejuSmodi
2864 5516 3352 5571 commutationes
3396 5518 3754 5574 litterarum.

2178 5581 2205 5622 ι)
2230 5581 2322 5658 _Sic
2341 5584 2555 5653 passim
2580 5581 2826 5656 legendo
2856 5587 3168 5657 Evangelia
3197 5589 3498 5658 quondam
3524 5589 3761 5646 diccba-

2107 5655 2200 5735 tur
2215 5656 2480 5735 Dominus
2504 5655 2676 5735 Jehsus,
2717 5673 2836 5735 non
2883 5655 3443 5735 sinlpliciter_.l_c_sus,_
3471 5661 3634 5734 quod
3683 5661 3756 5716 de

2103 5725 2484 5854 Ambqtaséano
2526 5727 2640 5782 ritu
2687 5725 3112 5786 observavimus
3167 5731 3230 5787 in
3269 5725 3447 5789 Musei
3488 5725 3670 5789 -tomo
3711 5735 3753 5801 Ι,

2105 5812 2238 5854 Dan.
2373 5839 2388 5854 .

2105 5812 2238 5870 pag.
2267 5812 2388 5856 105.

3859 3291 3887 3332 /
