3970 6416
148 332 237 385 433
707 328 1315 388 SACRAMENTARIUM
1351 331 1793 388 GALLICANUM.
1834 359 1902 371 —
1939 331 2129 387 MISSA
2168 331 2498 388 ROMENSIS
2533 333 2954 400 QUOTIDIANA.

831 437 1100 489 Collectio.

207 531 367 600 Deus,
427 529 532 602 qui
581 529 750 602 culpa
792 530 1114 602 offenderis,
1144 532 1472 604 paenitentia
1516 533 1770 606 placaris,

144 621 472 678 afﬂictarum
500 624 756 694 gemitus
782 624 1017 696 respice,
1053 628 1111 681 et
1154 627 1307 681 mala
1349 643 1477 698 quae
1501 627 1653 698 juste
1693 627 1776 682 in-

145 733 315 789 rogas,
345 715 799 773 misericorditer
821 722 1028 774 averte.

778 820 900 870 Post
919 819 1150 871 nomina.
1505 879 1508 883 λ

207 902 418 973 Oblata,
445 903 714 974 Domine,
743 920 982 960 munera
1007 904 1312 977 sanctiﬁca,
1342 921 1557 978 nosque
1581 920 1614 960 a
1637 920 1769 976 pec-

146 1000 383 1052 catorum
410 1001 748 1054 nostrorum
773 997 1004 1053 macolis
1033 999 1299 1054 emunda.

796 1097 878 1148 Ad
907 1111 1112 1163 pacem.

206 1183 365 1238 Grata
406 1181 481 1236 sit
526 1181 658 1250 tibi,
693 1183 956 1252 Domine,
992 1183 1116 1238 haec
1159 1183 1366 1239 oblatio
1406 1183 1590 1256 plebis
1637 1184 1771 1252 tuae,

145 1292 301 1348 quam
336 1274 439 1330 tibi
486 1274 784 1331 offerimus
837 1276 895 1330 in
947 1277 1164 1334 honore
1217 1277 1464 1332 nominis
1506 1275 1610 1345 tui,
1668 1273 1766 1348 [ut]

146 1369 347 1425 cunctis
364 1367 634 1440 proﬁciat
658 1369 731 1424 ad
755 1369 1022 1425 salutem.

793 1469 1126 1520 Contestatio.

207 1554 339 1609 Vere
365 1553 616 1626 dignum
655 1558 712 1610 et
753 1554 978 1626 justum
1012 1557 1116 1624 est,
1169 1569 1400 1626 aequum
1448 1557 1505 1608 et
1528 1553 1772 1608 salutare

143 1662 235 1701 nos
264 1645 365 1702 tibi
415 1663 651 1719 semper
693 1651 751 1703 et
783 1647 997 1718 ubique
1051 1646 1264 1718 gratias
1303 1663 1492 1719 agere,
1538 1647 1772 1702 Domine

145 1744 337 1809 sancte,
354 1741 524 1795 Pater
542 1740 926 1812 onmipotens,
947 1744 1156 1795 aeterne
1173 1741 1341 1808 Deus,
1363 1756 1467 1812 per
1487 1739 1772 1794 Christum

3395 332 3498 392 454

1802 439 2038 552 Anium
2062 445 2384 496 sanctorum
2411 445 2660 511 tuorum,
2691 441 2790 512 qui
2826 457 2928 512 per
2962 439 3288 496 universum
3323 459 3492 499 mun-

1879 533 2015 588 dum
2039 533 2187 604 passi
2209 537 2341 588 sunt
2364 538 2598 606 propter
2619 551 2829 590 nomen
2872 539 3057 605 tuum,
3097 535 3352 596 Domine.
3393 553 3494 593 seu

1872 625 2284 682 confessoribus
2308 626 2439 696 tuis,
2467 643 2712 698 quorum
2736 627 2951 683 meritis
2972 627 3348 701 precibusque
3367 647 3494 686 con-

1872 718 2053 788 cedas,
2102 723 2168 774 ut
2203 719 2264 774 in
2301 719 2564 775 omnibus
2596 719 2958 792 protectionis
3004 725 3120 776 tuae
3167 723 3494 780 muniamur

1871 811 2098 879 auxilio,
2125 827 2228 883 per
2245 812 2532 868 Christum
2551 813 2854 868 Dominum
2877 817 3156 889 nostrum=

1943 905 2093 959 Hanc
2121 905 2298 976 igitur
2323 905 2666 962 oblationem
2707 907 2988 962 servitutis
3026 911 3252 976 nostrae,
3295 909 3390 964 sed
3439 916 3496 966 et

1872 1001 2088 1052 cunctae
2107 997 2336 1053 familiae
2361 1003 2474 1054 tua;
2503 999 2550 1069 δ,
2575 1015 2748 1071 quam
2765 999 2868 1055 tibi
2893 998 3183 1055 offerimus
3217 983 3279 1054 in
3311 1001 3490 1058 hono-

1871 1105 1996 1144 rem
2019 1091 2264 1145 nominis
2290 1091 2394 1158 tui,
2408 1093 2574 1161 Deus,
2587 1109 2932 1164 qumsumus,
2947 1093 3202 1161 Domine,
3223 1098 3288 1149 ut
3306 1095 3489 1166 placa-

1871 1186 1963 1238 tus
1989 1183 2246 1254 accipias,
2280 1183 2508 1256 diesque
2535 1190 2756 1241 nostros
2793 1186 2854 1240 in
2891 1189 2986 1242 tua
3025 1202 3162 1257 pace
3210 1187 3492 1260 disponas,

1872 1275 2055 1348 adque
2077 1276 2148 1330 ab
2173 1280 2383 1332 aeterna
2412 1278 2769 1334 damnatione
2796 1295 2898 1334 nos
2924 1278 3090 1350 eripi,
3124 1283 3182 1334 et
3205 1279 3265 1334 in
3292 1281 3495 1338 electo-

1871 1384 2001 1423 rum
2023 1373 2255 1424 tuorum
2272 1369 2477 1440 jubeas
2506 1387 2678 1443 grege
2717 1371 3026 1442 numerari,
3068 1388 3173 1444 per
3207 1373 3494 1431 Christum

1871 1461 2170 1518 Dominum
2201 1467 2479 1519 nostrum.

1939 1553 1978 1615 +
2000 1556 2178 1620 Quam
2207 1555 2548 1612 oblationem
2573 1561 2656 1628 tu,
2684 1558 2848 1624 Deus,
2874 1557 2934 1613 in
2980 1558 3242 1614 omnibus
3269 1575 3492 1632 quaesu-

1868 1663 1996 1702 mus
2021 1647 2372 1705 benedictam
2397 1648 2453 1718 ἦ,
2481 1649 2818 1721 adscriptam
2841 1652 2898 1719 -ῐ-,
2939 1655 3140 1722 ratam,
3186 1653 3489 1710 rationabi-

1867 1739 1982 1794 lem
2009 1741 2520 1814 acceptabilemque
2548 1742 2730 1798 facere
2759 1743 3028 1814 digneris,
3061 1761 3190 1816 quae
3229 1757 3250 1787 ο
3277 1747 3437 1802 nobis
3459 1749 3496 1811 -ἰ-

145 1832 432 1888 Dominum
464 1837 752 1888 nostrum.
783 1835 890 1888 Per
912 1849 1086 1905 quem
1109 1833 1450 1904 Majestatem
1472 1836 1630 1888 tuam
1654 1832 1769 1887 lau-
1785 1841 1843 1913 B
1865 1847 2068 1905 corpus
2092 1831 2130 1894 -Ῑ-
2155 1836 2212 1889 et
2237 1835 2469 1906 sanguis
2496 1835 2595 1890 ﬁat
2619 1835 2962 1892 dilectissimi
2987 1837 3109 1891 Filii
3149 1839 3235 1893 tui
3273 1839 3495 1896 Domini

145 1925 266 1980 dant
287 1925 497 1997 angeli,
524 1925 770 1981 adorant
794 1925 1225 1994 dominationes,
1250 1930 1506 1982 tremunt
1528 1928 1769 1998 potesta-

148 2021 237 2072 tes.
285 2019 417 2074 Cteli
464 2019 858 2090 caelorumque
905 2018 1142 2074 virtutes
1194 2035 1258 2073 ac
1295 2003 1460 2075 beata
1507 2019 1772 2090 seraphin

145 2112 277 2170 socia
301 2112 662 2168 exultatione
695 2112 1109 2168 concelebrant.
1161 2112 1304 2168 Cum
1343 2111 1548 2184 quibus
1577 2115 1634 2167 et
1667 2128 1768 2167 no-

145 2209 272 2260 stras
296 2221 462 2262 voces
489 2209 556 2260 ut
593 2205 820 2260 admitti
840 2205 1044 2276 jubeas
1083 2205 1472 2278 deprecamur,
1521 2203 1770 2277 supplice

143 2298 477 2354 confessione
507 2297 802 2354 dicentes:
825 2297 1082 2354 Sanctus.

203 2391 274 2446 Te
301 2390 536 2464 igitur“,
568 2391 1014 2447 clementissime
1032 2393 1216 2462 Pater,
1244 2406 1348 2464 per
1371 2391 1564 2446 Iesum
1604 2373 1786 2446 Chri:

145 2487 282 2539 stum
333 2484 544 2559 Filium
589 2488 778 2556 tuum,
824 2485 1132 2540 Dominum
1171 2489 1448 2554 nostrum,
1489 2483 1770 2556 supplices

143 2593 391 2649 rogamus
424 2581 483 2634 et
523 2577 801 2650 petimus,
829 2577 916 2632 uti
942 2582 1236 2649 acceptum
1260 2576 1488 2647 habeas,
1509 2580 1566 2632 et
1591 2576 1766 2632 bene-

144 2670 278 2724 dicas
293 2670 331 2734 -l-
353 2671 478 2726 haec
497 2671 674 2738 dona,
703 2671 827 2726 haec
851 2687 1114 2742 munera,
1143 2671 1266 2726 haec
1285 2674 1476 2726 sancta
1499 2669 1769 2725 sacriﬁcia

143 2762 376 2819 inlibata.

209 2858 268 2912 In
288 2857 487 2928 primis
512 2873 652 2930 quae
681 2857 782 2912 tibi
801 2856 1092 2912 offerimus
1116 2873 1220 2929 pro
1247 2857 1490 2913 Ecclesia
1515 2859 1612 2912 tua
1637 2872 1764 2912 san-

145 2953 222 3004 cta
244 2949 531 3021 catholica,
571 2966 749 3022 quam
783 2950 1098 3023 paciﬁcare,
1145 2949 1453 3020 custodire,
1497 2949 1764 3020 adunare,

145 3047 194 3097 et
209 3058 396 3115 regere
427 3043 692 3116 digneris
716 3047 900 3098 totum
925 3043 1122 3098 orbem
1153 3046 1456 3113 terrarum,
1485 3058 1602 3097 una
1635 3057 1767 3096 cum

144 3135 482 3192 devotissimo
512 3136 728 3192 famolo
771 3140 869 3192 tuo
898 3135 980 3192 ill.
1021 3152 1170 3208 papa
1212 3139 1425 3206 nostro,
1470 3133 1615 3190 sedis
1637 3151 1768 3206 apo-

1870 1925 1970 1980 Dei
1992 1925 2170 1980 nostri
2195 1927 2324 1982 Iesu
2348 1927 2571 1982 Christi.
2617 1927 2721 1992 Qui
2755 1929 2948 2000 pridie.
2977 1945 3149 2000 quam
3185 1934 3493 2002 pateretur,

1869 2019 2102 2073 ACCEPIT
2147 2035 2322 2074 PANEM
2373 2036 2426 2076 IN
2473 2036 2706 2076 saxeus
2739 2021 2766 2062 ά
2813 2037 2878 2075 ac
2916 2022 3259 2077 venerabiles
3296 2041 3497 2080 manus

1870 2126 2016 2180 suas,
2055 2109 2146 2184 [et]
2178 2112 2402 2167 elevatis
2425 2112 2600 2168 oculis
2619 2113 2734 2168 suis
2758 2113 2818 2167 in
2867 2114 3092 2184 caelum,
3124 2115 3195 2169 ad
3223 2119 3279 2171 te
3320 2117 3498 2172 Deum

1869 2204 2092 2260 Patrem
2117 2221 2285 2260 suum
2311 2205 2778 2277 omnipotentem,
2821 2206 3028 2277 gratias
3051 2223 3246 2278 agens,
3272 2208 3500 2265 benedi-

1869 2296 1952 2352 xit
1977 2300 2034 2366 ἦ,
2069 2315 2278 2370 FREGIT,
2320 2315 2476 2354 DEDIT
2512 2315 2805 2355 mscxpuus
2844 2299 2959 2354 suis
2995 2299 3204 2370 dicens,
3251 2302 3496 2373 Accipite

1869 2393 1926 2444 et
1973 2391 2306 2448 manducate
2350 2407 2419 2447 ex
2452 2391 2559 2446 hoc
2603 2408 2817 2447 omnes.
2861 2393 2975 2447 Hoc
3011 2397 3094 2448 est
3121 2393 3272 2448 enim
3297 2411 3498 2466 corpus

1867 2497 2078 2538 meum.
2108 2483 2299 2539 Simile
2324 2484 2492 2539 modo
2513 2488 2880 2556 posteaquam
2901 2488 3162 2541 cenatum
3203 2491 3305 2557 est,
3344 2503 3498 2543 acce-

1865 2575 1952 2647 pit
1975 2579 2032 2630 et
2054 2575 2206 2632 hunc
2233 2577 2573 2648 praeclarum
2597 2577 2827 2632 calicem
2848 2577 2910 2632 in
2937 2581 3153 2632 sanctas
3174 2595 3237 2633 ac
3267 2595 3495 2636 venera-

1864 2667 2006 2724 biles
2029 2685 2231 2725 manus
2259 2686 2416 2740 suas;
2449 2669 2586 2726 item
2615 2669 2720 2725 tibi
2749 2669 2958 2742 gratias
2984 2686 3178 2743 agens,
3205 2671 3494 2728 benedixit

1865 2768 1924 2832 -ξι,
1939 2777 2099 2818 DEDIT
2118 2778 2418 2819 mscrroms
2441 2779 2577 2832 svis,
2608 2763 2818 2831 dicens,
2846 2763 3115 2835 Accipite,
3149 2769 3204 2820 et
3222 2764 3397 2820 bibite
3423 2782 3493 2822 ex

1867 2870 1933 2910 eo
1957 2871 2174 2910 omnes.
2206 2855 2304 2910 Hic
2328 2860 2412 2910 est
2437 2855 2592 2911 enim
2617 2855 2761 2912 calix
2801 2856 3093 2928 sanguinis
3133 2869 3157 2898 ο
3193 2859 3326 2930 mei,
3364 2861 3498 2916 novi

1867 2951 1924 3003 et
1947 2947 2146 3004 aeterni
2173 2948 2515 3018 testamenti,
2543 2948 2880 3020 mysterium
2907 2949 3058 3018 ﬁdei,
3091 2949 3189 3022 qui
3213 2968 3318 3022 pro
3344 2952 3497 3008 vobis

1866 3044 1923 3095 et
1948 3056 2052 3111 pro
2077 3041 2270 3096 multis
2291 3041 2600 3098 effunditur
2642 3042 2704 3097 in
2741 3041 3073 3097 remissione
3114 3048 3491 3115 peccatorum.

1865 3133 1993 3188 Haec
2036 3134 2539 3206 quotienscumque
2588 3133 2852 3203 feceritis,
2896 3135 2954 3190 in
2998 3136 3108 3192 mei
3160 3137 3492 3194 memoriam

145 3230 338 3286 stolicae
357 3235 414 3286 et
453 3231 725 3286 antestite
763 3234 977 3300 nostro,
1024 3233 1082 3285 et
1128 3229 1390 3286 omnibus
1426 3227 1769 3297 orthodoxis,
1792 3212 1847 3288 C
1870 3225 2105 3282 facietis.

143 3332 296 3396 atque
317 3324 613 3380 catholicae
638 3322 770 3378 ﬁdei
795 3322 1123 3379 cultoribus.

205 3418 495 3488 Memento,
520 3417 784 3488 Domine,
801 3416 1152 3472 famulorum
1174 3415 1632 3488 famularumque
1650 3418 1771 3470 tua-

143 3525 282 3580 rum,
323 3515 380 3566 et
418 3511 691 3566 omnium
725 3510 940 3566 circum
996 3509 1362 3578 adstantium,
1400 3524 1645 3582 quorum
1666 3507 1771 3562 tibi

144 3604 271 3660 ﬁdes
291 3605 517 3677 cognita
543 3607 652 3675 est,
683 3607 740 3660 et
791 3608 927 3658 nota
961 3602 1202 3672 devotio,
1243 3601 1340 3676 qui
1378 3603 1482 3658 tibi
1525 3601 1771 3657 offerunt

143 3695 243 3752 hoc
266 3697 610 3753 sacrificium
633 3697 836 3768 laudis,
863 3713 968 3769 pro
992 3713 1052 3752 se
1086 3696 1312 3769 suisque
1350 3695 1631 3766 omnibus,
1665 3710 1769 3766 pro

143 3790 520 3864 redemptione
549 3791 878 3847 animarum
903 3805 1158 3854 suarum,
1202 3805 1307 3861 pro
1350 3804 1449 3860 spe
1482 3787 1678 3844 salutis
1717 3791 1772 3842 et

142 3882 528 3940 incolomitatis
553 3901 697 3952 sure,
725 3883 832 3940 tibi
860 3883 1108 3941 reddunt
1135 3887 1262 3940 vota
1287 3898 1391 3938 sua
1419 3885 1631 3938 aeterno
1655 3881 1769 3936 Deo

141 3977 256 4032 vivo
279 3983 334 4034 et
357 3995 512 4034 vero.

205 4071 720 4141 Communicantes,
742 4074 801 4126 et
823 4070 975 4126 diem
1009 4069 1452 4126 sacratissimum
1479 4067 1767 4124 celebran-

143 4167 234 4234 tes,
279 4165 503 4236 (dicitur
523 4167 588 4220 in
610 4166 913 4224 Nativitate
943 4165 1158 4220 Domini
1179 4166 1232 4236 :)
1261 4163 1320 4219 in
1361 4179 1473 4234 quo
1513 4162 1766 4218 inconta-

142 4257 343 4313 minata
384 4257 688 4330 virginitas
711 4257 846 4312 huic
875 4257 1091 4312 mundo
1119 4256 1295 4312 edidit
1318 4256 1660 4312 Salvatorem
1675 4256 1767 4310 Je—

143 4365 260 4404 sum
283 4352 574 4407 Christum
605 4351 914 4406 Dominum
938 4355 1218 4406 nostrum.
1251 4349 1478 4420 (Dicitur
1503 4351 1562 4404 in
1585 4353 1770 4404 sancto

142 4444 336 4500 Pascha
351 4445 390 4516 :)
417 4449 476 4500 et
501 4444 658 4500 diem
685 4443 1126 4500 sacratissimum
1152 4443 1494 4499 celebrantes
1519 4457 1766 4498 resurre-

143 4537 330 4594 ctionis
367 4537 602 4594 Domini
629 4537 809 4593 nostri
835 4538 964 4593 Jesu
1003 4537 1209 4603 Christi
1252 4536 1377 4591 Filii
1424 4535 1526 4592 tui.
1573 4535 1679 4591 Sed
1715 4539 1770 4590 et

142 4631 465 4687 memoriam
516 4612 850 4687 venerantes
889 4631 950 4686 in
1002 4631 1202 4703 primis
1245 4629 1503 4702 gloriosas
1546 4643 1769 4700 semper

140 4723 366 4795 virginis
385 4725 596 4796 Mariae,
626 4723 928 4796 genetricis
957 4724 1056 4780 Dei
1081 4727 1140 4779 et
1166 4723 1389 4778 Domini
1424 4721 1604 4778 nostri
1637 4723 1767 4778 Jesu

141 4815 366 4888 Christi;
395 4819 494 4874 sed
519 4822 580 4874 et
602 4816 1060 4873 beatissimorum
1089 4817 1474 4888 apostolorum
1513 4831 1578 4870 ac
1609 4831 1763 4870 mar-

139 4913 322 4980 tyrum
345 4916 583 4967 tuorum
606 4910 778 4981 Petri,
816 4910 994 4982 Pauli,
1022 4911 1284 4980 Andreae,
1312 4909 1519 4977 Jacobi,
1556 4909 1764 4964 Johan-

139 5003 242 5074 nis,
265 5005 522 5076 Thomte,
550 5003 758 5074 Jacobi,
773 5003 1038 5075 Philippi,
1069 5002 1488 5073 Bartholomaai,
1504 5001 1765 5069 Matthaei,

141 5095 392 5169 Simonis,
443 5102 502 5154 et
537 5096 792 5168 Thadaei,
839 5096 981 5164 Lini,
1029 5096 1178 5167 Cliti,
1225 5095 1550 5166 Clementis,
1605 5094 1766 5164 Sixti,

141 5189 358 5260 Comiti,
389 5191 683 5264 Cypriani,
713 5190 999 5259 Laurenti,
1029 5189 1398 5262 Chrysogoni,
1427 5188 1698 5246 Johannis
1714 5191 1772 5244 et

139 5282 308 5354 Pauli,
346 5285 564 5342 Cosme
585 5288 644 5342 et
671 5285 954 5354 Damiani,
995 5284 1215 5354 Hilarii,
1262 5283 1502 5353 Martini,
1541 5283 1771 5338 Ambro-

141 5375 220 5442 sii,
247 5378 533 5451 Agustini,
561 5377 837 5450 Gregorii,
869 5377 1216 5450 Hieronymi,
1247 5375 1551 5445 Benedicti,
1579 5379 1638 5431 et
1655 5391 1773 5432 om-

207 5485 396 5560 _'Cum
422 5490 522 5545 hic
545 5490 738 5545 Canon
782 5489 877 5560 (ut
907 5488 1184 5560 vocamus)
1219 5503 1336 5542 non
1375 5491 1676 5560 repetatur;
1709 5487 1771 5542 in

142 5556 606 5632 subsequentibus
631 5556 836 5630 missis,
864 5559 923 5616 id
941 5556 1281 5632 argumento
1307 5561 1392 5615 est
1417 5556 1519 5632 e'os_
1535 5558 1635 5632 qui
1662 5558 1770 5632 hoc

141 5627 337 5686 Codice
378 5631 710 5702 utebantur,
759 5627 875 5686 nan
919 5627 1096 5686 alium
1157 5631 1445 5686 Canonem
1505 5627 1771 5685 habuisse

143 5703 725 5856 Wﬁmliovngﬁlﬁéd
749 5778 800 5830 et
833 5777 1036 5831 cimcta.u
1076 5774 1306 5854 familiis
1339 5777 1447 5828 tua;
1477 5786 1676 5898 usgue.
1697 5771 1774 5826 ad

143 5845 369 5898 nomznis
389 5846 476 5898 tui
517 5847 683 5898 Deus.
713 5846 1016 5898 cancellata
1049 5849 1182 5898 sunt
1225 5860 1286 5898 in
1327 5845 1505 5898 veteri
1588 5842 1766 5898 adice.

1588 5859 1766 5910 oaice,

143 5844 369 5899 nominis
389 5846 476 5900 tui
517 5841 683 5909 Deus,
713 5846 1016 5902 cancellata
1049 5841 1182 5900 sunt
1225 5843 1286 5900 in
1327 5841 1505 5899 veteri

143 5911 274 5970 item
299 5914 449 5972 infra
472 5931 578 5988 pro
604 5917 860 5987 accipias,
885 5922 1199 5972 correctum
1223 5916 1506 5984 suscipias.

1938 3321 2088 3375 UNDE
2127 3336 2189 3374 ετ
2231 3335 2476 3376 usuonss
2519 3336 2716 3390 sumus,
2766 3321 3020 3389 Domine,
3057 3337 3156 3376 nos
3197 3325 3342 3379 servi
3389 3325 3493 3398 tui,

1867 3413 1965 3466 sed
1993 3417 2049 3468 et
2071 3412 2227 3484 plebs
2252 3417 2350 3468 tua
2372 3417 2558 3470 sancta
2573 3413 2780 3470 Christi
2798 3413 2920 3468 Filii
2943 3414 3028 3470 tui
3050 3415 3274 3470 Domini
3294 3419 3493 3489 nostri,

1865 3509 1983 3560 tam
2010 3505 2190 3561 beatae
2213 3505 2504 3578 passionis,
2536 3521 2760 3562 necnon
2805 3511 2860 3562 et
2903 3507 2974 3562 ab
3013 3506 3206 3562 inferis
3243 3525 3492 3568 resurre-

1867 3597 2088 3668 ctionis,
2115 3597 2210 3653 sed
2231 3602 2288 3652 et
2318 3597 2378 3653 in
2407 3599 2571 3653 caalos
2598 3599 2857 3670 gloriosae
2899 3599 3254 3672 ascensionis,
3305 3602 3492 3658 offeri-

1865 3706 2013 3762 mus,
2039 3690 2322 3763 praeclara;
2346 3691 2618 3762 Majestati
2639 3696 2752 3747 tua;
2791 3692 2860 3748 de
2898 3691 3012 3748 tuis
3049 3692 3209 3748 donis
3245 3710 3310 3750 ac
3351 3695 3494 3752 datis

1866 3783 1905 3846 -ι-
1927 3783 2168 3839 Hostiam
2194 3800 2420 3856 puram,
2457 3785 2696 3840 Hostiam
2721 3789 2970 3841 sanctam
3011 3784 3069 3857 -ια,
3109 3786 3348 3842 Hostiam
3381 3789 3488 3846 im-

1867 3877 2202 3932 maculatam
2226 3877 2284 3946 -Χο,
2321 3893 2529 3948 panem
2553 3882 2810 3934 sanctum
2837 3879 2967 3934 vita;
2993 3881 3242 3948 aeternis,
3274 3886 3332 3937 et
3353 3883 3488 3938 cali-

1867 3986 1990 4026 cem
2005 3970 2200 4026 salutis
2225 3977 2535 4044 perpetuas.
2567 3972 2750 4044 Supra
2776 3988 2905 4044 qua:
2935 3972 3189 4045 propicio
3212 3990 3277 4029 ac
3299 3991 3496 4032 sereno

1866 4065 2028 4120 vultu
2056 4065 2304 4136 aspicere
2332 4065 2569 4138 dignare
2610 4065 2647 4136 ί,
2679 4069 2735 4122 et
2758 4070 3052 4138 acceptum
3077 4067 3305 4139 habere,
3333 4069 3496 4127 sicuti

1867 4161 2159 4230 acceptum
2187 4158 2398 4214 habere
2426 4159 2690 4231 dignatus
2717 4175 2776 4216 es
2800 4175 3038 4216 munera
3062 4161 3227 4232 pueri
3251 4162 3336 4218 tui
3355 4163 3498 4235 justi

1867 4251 2024 4320 Abel,
2054 4255 2111 4307 et
2151 4251 2506 4323 sacriﬁcium,
2549 4253 2887 4325 patriarcha:
2915 4253 3091 4310 nostri
3134 4253 3394 4328 Abrahae,
3443 4261 3498 4314 et

1868 4345 2020 4417 quod
2043 4343 2147 4400 tibi
2175 4346 2379 4417 optulit
2397 4362 2653 4402 summus
2667 4347 2921 4402 sacerdos
2937 4350 3070 4402 tuus
3093 4347 3497 4406 Melchisedech

1869 4441 2124 4494 sanctum
2149 4437 2508 4509 sacriﬁcium,
2537 4439 2960 4495 immaculatam
2982 4438 3244 4495 hostiam.

1938 4531 2225 4603 Supplices
2270 4536 2324 4587 te
2376 4548 2663 4604 rogamus,
2715 4531 3073 4604 omnipotens
3133 4533 3300 4605 Deus,
3356 4535 3496 4606 jube

1938 4581 2222 4603 "'*rr""'
2277 4581 2324 4587 "
2379 4581 2663 4604 "O'—"‘7
2720 4581 3069 4604 '—_'I'"""'
3133 4581 3300 4605 _""'7
3356 4581 3496 4606 iw“

1787 4581 1846 4654 D
1867 4625 1992 4680 haec
2017 4623 2260 4695 perferri
2279 4639 2386 4696 per
2407 4641 2610 4680 manus
2627 4624 2822 4680 'sancti
2859 4625 3047 4697 angeli
3072 4625 3157 4680 tui
3179 4625 3241 4682 in
3269 4627 3497 4684 sublimi

1863 4716 2068 4773 altario
2085 4721 2185 4772 tuo
2215 4716 2276 4772 in
2317 4721 2619 4790 conspectu
2670 4717 2874 4774 divinae
2915 4718 3210 4790 Majestatis
3242 4725 3392 4794 tum;
3431 4727 3497 4778 ut

1864 4815 2142 4883 quotquot
2164 4826 2234 4866 ex
2258 4811 2364 4866 hac
2389 4811 2578 4867 altaris
2618 4811 3047 4884 participatione
3081 4819 3494 4872 sacrosanctum

1866 4904 1991 4959 Filii
2015 4903 2100 4960 tui
2125 4909 2404 4977 corpuset
2418 4905 2756 4977 sanguinem
2780 4906 3206 4978 sumpserimus,
3227 4909 3384 4965 omni
3401 4909 3496 4967 be-

1866 4997 2184 5054 nedictione
2205 4998 2411 5054 caelesti
2439 5003 2496 5054 et
2516 4999 2696 5071 gratia
2720 4999 3062 5072 repleamur,
3089 5016 3194 5072 per
3209 5002 3494 5061 Christum

1869 5089 2172 5146 Dominum
2205 5096 2480 5147 nostrum.

1939 5185 2198 5240 Mnussro
2241 5201 2420 5253 ETIAM,
2457 5185 2697 5255 Donusa,
2741 5190 2798 5240 et
2843 5201 3040 5241 eorum
3082 5183 3348 5260 nomina,
3398 5188 3496 5264 qui

1868 5293 1970 5332 nos
2010 5280 2421 5348 praecesserunt
2463 5294 2591 5334 cum
2635 5278 2798 5350 signo
2832 5277 2963 5334 ﬁdei
3003 5283 3059 5336 et
3115 5279 3405 5340 dormiunt
3439 5287 3497 5341 in

1869 5385 2068 5426 somno
2113 5371 2284 5442 pacis.
2335 5373 2768 5428 Commemoratio
2821 5373 3214 5442 defunctorum.
3270 5377 3406 5449 lpsis
3444 5383 3500 5435 et

1939 5494 1963 5522 ο
1996 5483 2076 5538 Ita
2100 5481 2370 5554 primaria
2394 5499 2568 5554 manu
2581 5501 2599 5552 ;
2627 5483 2974 5554 secundaria,
3002 5491 3081 5541 ut.

1938 5554 1966 5596 ἀ
1994 5553 2128 5618 Qua:
2153 5553 2479 5628 maiusculis
2499 5553 2590 5609 hic
2619 5554 2817 5628 litteris
2847 5553 2994 5628 edita
3016 5561 3166 5628 sunt,
3197 5559 3372 5616 minio
3397 5561 3490 5616 de-

1867 5623 2017 5698 picta
2041 5623 2262 5698 enatant
2284 5625 2344 5680 in
2362 5630 2548 5681 vetere
2566 5627 2894 5698 exemplari.

1940 5707 1964 5738 ο
1991 5694 2261 5771 Additum
2277 5701 2398 5753 erat
2423 5699 2618 5760 sancti,
2648 5694 2753 5754 sed
2773 5701 2966 5771 postea
2987 5699 3169 5756 tribus
3191 5699 3364 5756 obelis
3387 5714 3486 5752 exs

1867 5769 2249 5914 pufnggrlir'lexit
2269 5853 2556 5896 nonnemo
2580 5839 2810 5914 antiqua
2833 5855 3026 5912 manu,
3059 5839 3271 5907 utalia,
3315 5840 3482 5908 respi-

1872 5929 1986 5970 cere
2004 5910 2262 5978 digneris.
