3970 6426
128 377 210 429 457
593 373 1202 432 SACRAMENTARIUM
1239 375 1680 435 GALLICANUM.
1722 407 1790 419 —
1827 379 2194 437 LECTIONES
2230 381 2317 437 AD
2355 381 2664 439 ADVENTU
2701 381 2954 440 DOMINI.
3351 387 3452 442 458

781 483 912 532 Item
943 482 1059 532 alia.

183 572 416 628 Domine
458 575 631 641 Deus,
663 575 762 646 qui
789 576 1014 646 populis
1049 577 1159 630 tuis
1185 582 1243 631 et
1269 577 1422 648 juste
1453 579 1728 648 irasceris,

125 671 170 721 et
193 666 502 720 clementer
525 667 796 738 ignoscis,
821 667 1034 724 inclina
1053 687 1253 725 aurem
1277 674 1437 726 tuam
1459 675 1732 745 supplica-

122 759 349 814 tionibus
378 761 592 814 nostris
616 778 629 816 :
653 765 717 815 ut
737 763 833 832 qui
857 767 908 817 te
935 764 1070 818 totis
1092 765 1351 820 sensibus
1367 768 1728 836 conﬁtemur,

124 869 222 908 non
231 852 510 923 judicium
526 857 711 922 tuum,
727 856 827 910 sed
845 855 1268 928 indulgentiam
1288 875 1725 931 consequamur.

631 957 882 1008 Collectio
909 962 1028 1022 post
1049 961 1188 1009 Δίος.

178 1039 382 1094 Iudicia
415 1043 538 1108 tua,
570 1041 740 1110 Deus,
773 1044 1267 1115 comprehendere
1303 1063 1420 1102 non
1453 1048 1724 1115 valemus,

1753 489 1972 573 Aoede
1999 489 2185 557 nobis,
2217 489 2467 561 piissime
2506 493 2692 559 Pater,
2736 495 2798 546 ut
2833 491 2932 562 [te]
2967 489 3278 547 timeamus
3317 492 3452 564 quia

1830 581 2014 636 bonus
2047 599 2127 650 es,
2167 587 2461 654 sperantes
2499 583 2558 638 in
2605 583 2998 639 misericordia
3032 586 3150 640 tua.
3181 585 3260 639 Tu
3295 585 3452 640 enim

1831 673 2036 742 dixisti,
2073 677 2212 731 Nolo
2247 680 2496 732 mortem
2531 680 2921 748 peccatorum.
2950 679 3196 732 Tantum
3223 677 3454 748 adjutor

1831 771 1950 822 esto
1977 769 2412 837 revertentibus,
2447 773 2510 824 ut
2533 769 2810 826 vivamus.

2209 929 2382 980 Oratio
2422 933 2540 994 post
2576 930 2600 960 ⁸
2638 929 3079 982 Benedictionem.

1895 1049 2063 1116 Deus,
2097 1049 2194 1120 qui
2218 1049 2396 1104 tribus
2421 1051 2614 1121 pueris
2643 1051 2700 1106 in
2729 1051 2956 1108 camino
2991 1051 3142 1124 ignis
3169 1053 3444 1126 mitigasti

123 1133 522 1204 reprehendere
549 1151 669 1190 non
701 1137 980 1191 audemus
1004 1155 1018 1193 :
1043 1138 1214 1192 nimis
1239 1140 1536 1210 profundae
1562 1141 1726 1195 facta:
1825 1140 2094 1196 ﬂammas
2129 1142 2398 1211 incendii,
2441 1145 2710 1212 concede,
2745 1161 3091 1216 quaesumus,
3130 1149 3194 1202 ut
3226 1163 3332 1202 nos
3360 1148 3445 1202 fa-

119 1231 232 1281 sunt
258 1227 638 1300 cogitationes
662 1232 795 1296 tute,
825 1231 953 1300 quis
978 1231 1403 1303 investigaverit
1427 1233 1564 1288 eas?
1585 1235 1726 1289 Con-

1825 1236 2011 1290 mulos
2040 1239 2167 1291 tuos
2196 1253 2312 1291 non
2347 1241 2473 1291 urat
2500 1237 2738 1292 ﬂamma
2763 1239 3053 1295 vitiorum.
3085 1241 3211 1295 Per.

179 1389 200 1417 '
229 1389 280 1443 Id
309 1394 392 1444 est
414 1395 544 1462 post
572 1392 858 1448 canticum
889 1393 1064 1449 trium
1093 1411 1424 1466 puerorum,
1456 1395 1609 1467 quod
1637 1411 1705 1452 ex
1733 1397 1992 1468 sequenti
2019 1395 2356 1452 Collectione
2384 1396 2738 1468 intelligitur.

121 1557 3396 1585 Ἡ

463 1726 1647 1874 INCIPIUNT
1803 1735 2076 1874 LE
2102 1733 3064 1880 CTIONES

979 1969 1155 2078 DE
1255 1971 1885 2083 ADVENTU
1982 1970 2466 2083 DOMINI
2494 1973 2560 2079 ³.

441 2300 480 2354 l.
527 2315 694 2355 MISSA
732 2316 786 2356 ιη
822 2315 1109 2356 ADVENTUM
1147 2315 1358 2357 norum.

503 2400 688 2451 Lectio
719 2401 983 2451 Malachim
1015 2402 1298 2466 prophetae.

175 2483 291 2538 Haec
317 2484 465 2539 dicit
502 2485 787 2540 Dominus
815 2503 829 2540 :
857 2487 997 2542 Ecce
1033 2503 1142 2558 ego
1181 2487 1410 2540 mittam
1442 2486 1716 2556 angelum

118 2591 306 2644 meum,
333 2581 388 2632 et
415 2580 774 2650 praeparabit
801 2579 952 2634 viam
987 2583 1120 2634 ante
1157 2579 1363 2636 faciem
1392 2595 1588 2634 meam
1618 2596 1631 2633 :
1660 2583 1718 2633 et

117 2669 285 2724 statim
302 2671 489 2726 veniet
510 2673 592 2726 ad
612 2676 840 2744 tempus
861 2689 1026 2727 suum
1048 2673 1405 2741 Dominator,
1423 2689 1598 2744 quem
1617 2689 1716 2727 vos

118 2763 361 2832 quaeritis,
389 2768 446 2818 et
487 2767 734 2836 angelus
771 2767 1124 2834 testamenti,
1173 2783 1348 2838 quem
1393 2783 1492 2821 vos
1527 2766 1712 2820 vultis.

115 2855 234 2909 Ecce
253 2857 419 2926 venit,
452 2858 596 2912 dicit
619 2859 900 2914 Dominus
927 2861 1309 2927 exercituum;
1335 2863 1392 2913 et
1411 2860 1538 2931 quis
1561 2861 1716 2930 pote-

114 2947 176 3000 rit
205 2949 442 3020 cogitare
488 2951 648 3006 diem
690 2953 968 3008 adventus
999 2953 1160 3024 ejus?
1191 2957 1249 3006 et
1285 2954 1410 3024 quis
1443 2957 1614 3010 stabit
1643 2957 1715 3012 ad

113 3040 396 3097 videndum
425 3061 561 3099 eum
587 3045 614 3099 ?
640 3046 709 3099 Et
739 3050 908 3100 erunt
933 3047 1180 3101 Domino
1207 3047 1512 3103 offerentes
1543 3051 1712 3105 sacri-

115 3132 220 3187 ﬁcia
243 3135 296 3188 in
313 3137 534 3207 justitia
559 3155 576 3206 ;
609 3142 665 3192 et
691 3139 942 3210 placebit
967 3141 1084 3194 Deo
1113 3141 1454 3196 sacrificium
1484 3145 1510 3198 Ι
1518 3143 1629 3198 uda
1659 3148 1716 3198 et

115 3227 455 3299 Hierusalem,
484 3231 634 3287 sicut
663 3231 786 3286 dies
815 3233 1027 3300 saeculi,
1055 3236 1112 3286 et
1141 3233 1286 3288 sicut
1310 3235 1448 3288 anni
1470 3237 1710 3307 antiqui.

113 3318 170 3372 Et
202 3323 457 3378 accedam
499 3325 578 3378 ad
618 3341 718 3379 vos
757 3326 815 3378 in
852 3326 1092 3396 judicio,
1135 3330 1193 3380 et
1231 3343 1330 3382 ero
1371 3329 1528 3382 testis
1561 3332 1715 3384 velut

111 3415 373 3485 maleﬁcis,
397 3421 454 3472 et
473 3419 770 3486 adulteris,
791 3423 848 3473 et
866 3419 1130 3490 perjuris,
1156 3423 1214 3474 et
1237 3420 1336 3492 qui
1362 3423 1714 3478 calumnian-

112 3508 190 3560 tur
215 3511 533 3566 mercedem
570 3512 966 3580 mercenariis,
998 3513 1228 3567 viduam
1273 3517 1331 3568 et
1358 3515 1622 3586 pupillos,
1657 3521 1714 3571 et

112 3608 431 3672 Oppremunt
467 3605 882 3676 peregrinum;
921 3623 1026 3660 nec
1063 3607 1384 3660 timuerunt
1419 3625 1534 3676 me,
1575 3609 1712 3664 dicit

1741 2319 1795 2390 Β
1819 2302 1961 2356 cerit
1986 2305 2348 2372 peccatorem
2375 2301 2446 2356 ab
2473 2317 2668 2356 errore
2693 2300 2798 2356 viae
2825 2316 2962 2368 suae,
2985 2301 3164 2354 salvat
3187 2299 3442 2356 animam

1819 2396 1941 2466 ejus
1977 2411 2010 2448 a
2037 2399 2244 2463 morte,
2284 2398 2340 2448 et
2375 2395 2560 2465 aperit
2592 2393 3023 2449 multitudinem
3053 2397 3440 2460 peccatorum.

1933 2497 2108 2546 Lectio
2141 2495 2307 2545 sancti
2339 2495 2606 2558 Evangelii
2637 2495 2924 2546 secundum
2952 2495 3248 2544 Matlhaaum
3276 2508 3320 2543 α.

1889 2582 1948 2634 In
1979 2580 2178 2634 diebus
2203 2579 2332 2648 illis,
2361 2580 2653 2635 Iohannes
2678 2597 2808 2634 cum
2835 2579 3085 2634 audisset
3113 2578 3172 2632 in
3203 2578 3441 2634 vincolis

1815 2691 1990 2744 opera
2030 2674 2257 2740 Christi,
2295 2674 2529 2728 mittens
2573 2673 2716 2728 duos
2759 2673 2829 2728 de
2871 2671 3158 2743 discipulis
3192 2672 3326 2739 suis,
3362 2672 3444 2726 ait

1815 2767 1898 2821 illi
1927 2785 1938 2822 :
1965 2769 2046 2821 Tu
2076 2784 2135 2820 es
2167 2767 2262 2838 qui
2290 2770 2560 2821 venturus
2595 2783 2676 2833 es,
2709 2783 2784 2820 an
2822 2765 2998 2820 alium
3033 2765 3440 2836 expectamus?

1815 2861 1882 2914 Et
1909 2861 2266 2932 respondens
2292 2860 2372 2914 ait
2409 2860 2516 2916 illis
2541 2877 2554 2915 :
2591 2862 2803 2914 Euntes
2827 2857 3163 2913 renunciate
3191 2858 3440 2913 Johanni

1816 2971 1943 3024 quin
1974 2953 2209 3008 audistis
2241 2957 2299 3008 et
2330 2953 2553 3008 videtis.
2591 2953 2739 3009 Caeci
2767 2953 2983 3019 vident,
3017 2951 3204 3006 claudi
3235 2951 3438 3006 ambu-

1814 3048 1955 3124 lant,
1984 3047 2194 3118 leprosi
2222 3047 2596 3114 mundantur,
2632 3047 2787 3102 surdi
2823 3046 3083 3112 audiunt,
3112 3045 3326 3100 mortui
3349 3061 3440 3100 re-

1815 3146 2074 3210 surgunt,
2100 3157 2382 3212 pauperes
2409 3141 2896 3211 evangelizantur,
2921 3143 2979 3193 et
3001 3139 3206 3193 beatus
3231 3141 3316 3192 est
3339 3139 3439 3209 qui

1815 3251 1931 3288 non
1958 3235 2130 3288 fuerit
2155 3234 2569 3288 scandalizatus
2593 3233 2651 3288 in
2677 3250 2790 3288 me.
2822 3233 2934 3286 illis
2961 3236 3156 3286 autem
3185 3230 3442 3286 abeunti-

1813 3327 1936 3394 bus,
1966 3327 2135 3398 coepit
2155 3329 2182 3382 J
2189 3343 2316 3380 esus
2343 3327 2530 3381 dicere
2559 3326 2632 3380 ad
2657 3326 2854 3380 turbas
2879 3325 2949 3378 de
2973 3325 3236 3380 Johanne
3258 3341 3270 3378 :
3291 3323 3439 3388 Quid

1813 3419 2002 3473 existis
2016 3420 2074 3472 in
2093 3419 2318 3482 deserto
2331 3419 2522 3473 videre
2536 3419 2564 3473 ‘?
2580 3418 2925 3472 arundinem
2941 3420 3111 3471 vento
3130 3415 3439 3488 agitatam?

1813 3513 1925 3567 Sed
1943 3513 2080 3584 quid
2098 3513 2286 3567 existis
2303 3512 2496 3566 videre
2509 3511 2536 3566 ?
2549 3511 2846 3566 hominem
2860 3508 3438 3565 mollibus'vestitum?

1811 3607 1949 3660 Ecce
1991 3606 2088 3676 qui
2135 3605 2402 3660 mollibus
2447 3605 2784 3671 vestiuntur,
2826 3603 2884 3656 in
2927 3603 3191 3657 domibus
3233 3617 3436 3672 regum

111 3691 357 3752 Dominus
381 3700 737 3754 exercituum
769 3717 782 3754 :
807 3715 916 3770 ego
941 3699 1217 3754 Dominus
1243 3702 1392 3756 Deus
1415 3705 1621 3771 vester,
1655 3707 1712 3757 et
1731 3683 1784 3757 C
1811 3703 1958 3753 sunt.
1977 3699 2089 3754 Sed
2105 3698 2244 3770 quid
2261 3698 2452 3752 existis
2467 3698 2660 3752 videre
2673 3697 2700 3751 ἱ)
2711 3697 3056 3768 prophetam
3069 3682 3292 3750 ?Etiam
3310 3694 3436 3750 dico

111 3801 209 3842 non
232 3795 435 3860 mutor,
465 3792 548 3847 ait
577 3793 865 3852 Dominus
885 3794 1054 3848 Deus.

243 3893 409 3944 Lectio
442 3895 682 3958 epistola
714 3895 897 3945 Jacobi
941 3895 1161 3960 apostoli
1198 3895 1264 3945 ad
1298 3900 1480 3960 gentes
1507 3897 1552 3945 δ.

167 3975 392 4046 Fratres,
418 3980 708 4050 patientes
738 3983 921 4035 estote
949 3997 1128 4052 usque
1161 3980 1236 4034 ad
1261 3981 1571 4036 adventum
1607 3983 1710 4037 Do-

111 4067 252 4124 mini.
270 4071 406 4127 Ecce
427 4073 684 4146 agricola
706 4078 968 4146 expectat
987 4074 1308 4147 preciosum
1331 4076 1580 4132 fructum
1603 4079 1710 4130 ter-

1810 3792 1966 3847 vobis
1995 3796 2052 3846 et
2074 3793 2379 3863 plusquam
2404 3791 2772 3862 prophetam.
2795 3789 2894 3844 Hic
2920 3788 3076 3843 enim
3109 3791 3196 3842 est
3219 3787 3292 3842 de
3319 3803 3434 3860 quo

1811 3886 2083 3957 scriptum
2097 3889 2210 3940 est:
2227 3887 2365 3940 Ecce
2383 3885 2551 3940 mitto
2572 3885 2846 3955 angelum
2861 3898 3057 3938 meum
3075 3885 3209 3936 ante
3227 3880 3434 3937 faciem

1809 3983 1988 4048 tuam,
2012 3979 2112 4050 qui
2129 3979 2636 4050 praeparavitviam
2661 3980 2824 4031 tuam
2844 3979 2978 4031 ante
3001 3979 3076 4031 te.
3099 3977 3283 4030 Amen
3305 3974 3430 4030 dico

1809 4073 1985 4141 vobis,
2011 4089 2128 4127 non
2155 4071 2397 4127 surrexit
2421 4072 2572 4126 inter
2595 4074 2761 4126 natos
2788 4069 3096 4125 mulierum
3125 4069 3314 4140 major
3336 4070 3428 4125 Jo-

108 4177 189 4229 rze,
217 4166 495 4235 patienter
515 4169 729 4237 ferens,
761 4169 944 4224 donec
973 4171 1215 4242 accipiat
1239 4170 1623 4241 temporivum
1652 4173 1710 4224 et
1807 4167 2000 4222 hanne
2039 4167 2307 4237 Baptista.
2344 4166 2534 4236 Usque
2571 4181 2722 4220 nunc
2747 4179 2994 4236 regnum
3021 4163 3291 4218 caelorum
3319 4162 3435 4218 vim

109 4257 415 4315 serotinum.
428 4263 720 4318 Patientes
737 4265 939 4331 estote,
964 4266 1022 4318 et
1041 4265 1378 4319 confirmate
1399 4264 1572 4319 corda
1591 4281 1710 4318 ves-

105 4351 198 4418 tra,
219 4355 489 4423 quoniam
510 4356 793 4412 adventus
811 4357 1041 4412 Domini
1064 4357 1560 4429 adpropinquavit.
1580 4359 1707 4412 Fra-

106 4443 221 4511 tres,
243 4448 412 4502 nolite
437 4449 822 4521 ingemiscere
846 4451 906 4505 in
931 4453 1292 4519 alterutrum,
1323 4455 1386 4506 ut
1413 4469 1529 4506 non
1549 4451 1701 4522 judi-

1807 4261 2040 4332 patitur,
2070 4263 2127 4314 et
2147 4259 2380 4314 violenti
2403 4258 2636 4330 rapiunt
2661 4257 2818 4312 illud.
2844 4257 3056 4312 Omnes
3083 4256 3239 4310 enim
3263 4257 3352 4311 lex
3377 4259 3436 4310 et

1805 4354 2105 4424 Prophetas
2125 4369 2305 4425 usque
2327 4351 2400 4406 ad
2418 4352 2744 4407 Iohannem
2764 4351 3286 4422 prophetaverunt;
3309 4354 3366 4404 et
3387 4349 3432 4403 si

1805 4447 1972 4501 vultis
1997 4446 2270 4518 recipere,
2299 4446 2420 4517 ipse
2447 4449 2532 4500 est
2557 4437 2744 4498 Helias
2769 4443 2866 4515 qui
2895 4446 3166 4500 venturus
3193 4445 3294 4496 est.
3323 4440 3429 4505 Qui

103 4537 310 4595 ceruini.
333 4542 474 4598 Ecce
493 4544 676 4614 judex
701 4548 834 4599 ante
849 4544 1093 4615 jauuam
1113 4545 1353 4600 adsistit.
1367 4546 1706 4618 Exemplum
1805 4540 1982 4595 habet
2007 4556 2174 4594 aures
2205 4537 2476 4594 audiendi
2507 4537 2723 4592 audiat.

105 4631 336 4703 accipite,
361 4636 589 4706 fratres,
619 4638 833 4694 laboris
853 4643 911 4693 et
935 4639 1226 4710 patientiae
1252 4640 1582 4710 prophetas,
1607 4639 1705 4711 qui

103 4721 254 4779 locuti
273 4733 401 4783 sunt
418 4731 480 4785 in
501 4732 740 4787 nomine
761 4732 1014 4788 Domini.
1034 4734 1175 4788 Ecce
1189 4733 1586 4788 beatiﬁcamus
1607 4733 1704 4804 qui

2101 4697 2104 4702 _
2370 4650 2571 4691 mcmr
2623 4648 2783 4689 mssa
2811 4633 2856 4687 ά.

1875 4731 2084 4800 Excita,
2107 4730 2371 4798 Domine,
2401 4728 2723 4800 potentiam
2747 4729 2906 4781 tuam
2926 4729 2986 4781 et
3008 4725 3169 4796 veni;
3197 4729 3255 4782 et
3273 4728 3428 4800 quod

102 4818 471 4878 sustinuerunt
507 4825 904 4881 suﬂ'erentiam
929 4843 942 4882 :
970 4827 1291 4882 misericors
1317 4831 1402 4882 est
1426 4827 1705 4882 Dominus
1804 4827 2064 4882 Ecclesia
2094 4828 2206 4878 tuae
2237 4839 2417 4896 usque
2445 4822 2504 4877 in
2530 4823 2709 4877 ﬁnem
2741 4820 2932 4876 saeculi
2961 4819 3296 4892 promisisti,
3319 4823 3428 4877 cle-

103 4912 152 4960 ει
174 4912 485 4972 miserator.
503 4921 653 4974 Ante
683 4921 900 4988 omnia,
923 4921 1130 4975 fratres
1149 4921 1284 4988 mei,
1309 4921 1486 4975 nolite
1506 4921 1702 4991 jurare
1803 4923 2030 4974 menter
2061 4933 2320 4990 operare.

102 5017 398 5096 neqw\per
430 5013 654 5081 caelum,
693 5029 882 5084 neque
916 5031 1020 5086 per
1047 5019 1284 5084 terram,
1326 5031 1513 5086 neque
1549 5013 1705 5068 aliud

103 5097 480 5175 quodcumque
504 5105 926 5186 juramentum.
959 5109 1044 5164 Sit
1079 5111 1274 5162 autem
1305 5111 1556 5162 vestrum
1587 5109 1700 5176 Est,

1722 5053 1782 5126 D

1875 5013 2084 5080 Excita,
2112 5010 2377 5078 Domine,
2400 5008 2721 5080 potentiam
2741 5011 2920 5076 tuam,
2943 5009 3001 5060 et
3025 5021 3241 5078 magna
3260 5007 3428 5064 nobis

1802 5107 2008 5162 virtute
2038 5120 2330 5170 succurre;
2363 5105 2425 5156 ut
2453 5118 2558 5172 per
2587 5101 2857 5156 auxilium
2889 5099 3085 5171 gloria
3110 5103 3244 5172 tuae,
3271 5101 3428 5174 quod

103 5193 200 5256 est;
228 5193 366 5264 Non,
397 5214 538 5276 non,
570 5203 632 5254 ut
667 5217 784 5256 non
821 5201 880 5256 in
902 5201 1121 5272 judicio
1153 5201 1448 5256 decidatis.
1480 5202 1704 5256 Fratres
1803 5204 1999 5256 nostra
2022 5201 2258 5270 peccata
2291 5195 2671 5268 praapediunt,
2699 5193 3059 5267 indulgentia
3086 5197 3200 5252 tuae
3231 5196 3422 5269 propi-

103 5283 220 5352 mei,
246 5287 289 5340 si
316 5290 440 5360 quis
467 5308 535 5346 ex
557 5295 716 5349 vobis
743 5295 1018 5350 erraverit
1044 5312 1078 5350 a
1107 5295 1365 5364 veritate,
1397 5298 1455 5349 et
1474 5311 1704 5350 conver-

102 5371 159 5427 tit
183 5379 301 5449 quis
329 5399 481 5452 eum,
509 5387 653 5442 scire
685 5387 876 5457 debet,
907 5389 1182 5460 quoniam
1209 5389 1306 5461 qui
1331 5389 1588 5444 converti
1617 5389 1698 5443 fe-

125 5598 138 5610 .
162 5533 182 5562 '
207 5531 286 5586 Ab
313 5533 420 5590 hoc
439 5538 690 5612 maxime
713 5540 838 5612 loco
865 5540 1066 5612 incipit
1082 5541 1299 5596 Missale
1327 5539 1698 5612 Gallicanum.

102 5598 228 5679 Nam
259 5619 382 5674 qua:
417 5609 772 5679 praecedunt,
801 5611 924 5665 fere
957 5598 1026 5665 e'x
1053 5612 1264 5666 Ordine
1301 5612 1561 5665 Romano
1600 5610 1698 5664 de-

103 5676 268 5752 stituta
289 5676 438 5752 sunt:
463 5680 615 5750 Lege
642 5676 771 5752 quae
797 5682 869 5737 de
891 5682 1154 5738 Adventu
1177 5682 1420 5738 diximus
1443 5681 1504 5735 in
1526 5681 1702 5736 Litur-

104 5745 183 5832 εἰδὲ
209 5745 492 5832 ςξᾳιϋοᾶηε,
516 5745 711 5832 δ’ρειὲ.
743 5755 829 5832 98ε

1801 5292 2063 5350 ciationis
2089 5292 2385 5347 acceleret.

1801 5545 2070 5600 tribuitur
2093 5543 2154 5597 in
2180 5539 2536 5596 Lectionario
2567 5538 2878 5595 Gallicana.

1905 5629 1928 5657 ο
1955 5617 2083 5670 Haec
2119 5611 2411 5683 Evangelii
2441 5609 2608 5664 lectio
2647 5609 2707 5663 in
2743 5609 3004 5665 Romano
3041 5611 3286 5668 habetur
3319 5615 3423 5667 Do-

1799 5685 2014 5742 minica
2047 5683 2296 5738 secunda
2318 5683 2626 5736 Adventus.

1893 5757 1920 5798 d
1950 5755 2170 5836 Quippe
2201 5754 2374 5836 missa
2402 5751 2858 5836 prop‘rienincipit
2883 5756 3018 5836 post.
3039 5753 3312 5836 lectiones
3337 5768 3418 5805 sa-

161 5812 313 5910 ?A‘SAic.
328 5812 633 5910 passim‘in
655 5812 780 5910 hoc
813 5823 1183 5910 .Ifec‘tion'ario.
1210 5824 1476 5910 laudatur
1507 5823 1703 5906 Jacobi
1801 5812 2826 5910 cras.legésis‘Liturgize‘Gallicanae
2855 5812 3027 5894 caput
3061 5827 3111 5880 5.

103 5883 422 5952 epistola'ad
446 5898 646 5964 gentes.
673 5893 782 5960 Qui
809 5895 1006 5952 titulus
1035 5896 1187 5954 Petri
1211 5896 1476 5969 Epistole
1501 5896 1700 5970 prima:

403 5989 683 6060 ΡΑτιιοι..
727 5991 964 6060 LXXII.

3033 5995 3108 6052 15

3861 443 3878 520 l

3582 545 3746 614 ν’
3753 545 3772 558 ί
3875 529 3878 570 1
