3970 6414
483 356 588 414 459

1167 463 1432 516 Collectio.

557 550 766 616 Excita,
795 547 1058 616 Domine,
1082 563 1426 620 quaesumus,
1457 552 1632 606 corda
1658 554 1852 606 nostra
1873 549 1946 605 ad
1970 566 2110 622 pras-

487 644 772 716 parandas
797 641 1089 713 Unigeniti
1126 641 1208 697 tui
1244 643 1395 712 vias;
1423 648 1486 699 ut
1514 661 1618 716 per
1650 645 1770 715 ejus
1803 643 2110 700 adventum

484 735 788 808 purificati,
816 735 918 790 tibi
947 735 1157 791 servire
1185 753 1538 793 mereamur.

553 828 873 884 Prseveniat
900 847 1024 897 nos,
1057 847 1401 901 quaesumus,
1427 831 1796 902 omnipotens
1820 833 1987 897 Deus,
2016 834 2114 886 tua

485 922 671 994 gratia
701 940 932 995 semper
951 927 1009 978 et
1037 924 1442 996 subsequatur;
1474 929 1536 979 ut
1560 942 1688 979 cum
1718 925 1967 979 adventu
1987 925 2115 981 Uni-

485 1017 667 1087 geniti
689 1017 793 1085 tui,
822 1034 996 1088 quem
1024 1033 1252 1072 summo
1283 1017 1470 1072 cordis
1497 1017 1784 1073 desiderio
1825 1029 1848 1058 8
1878 1017 2114 1072 sustine-

487 1125 636 1178 mus,
683 1114 742 1164 et
781 1109 1075 1181 praesentis
1117 1110 1245 1166 vita:
1287 1110 1558 1178 subsidia,
1601 1115 1660 1166 et
1697 1112 1902 1166 futurae
1940 1111 2110 1166 etiam

487 1219 926 1275 consequamur.

1106 1275 1232 1324 Post
1251 1275 1481 1326 nomina.

555 1358 940 1414 Conscientias
960 1363 1204 1429 nostras,
1227 1377 1573 1432 quaesumus,
1593 1359 1980 1431 omnipotens,
2002 1363 2116 1414 cot-

487 1453 624 1507 tidie
664 1453 946 1507 visitando
985 1453 1244 1524 purifica,
1294 1457 1356 1508 ut
1391 1453 1657 1508 veniente
1689 1453 1932 1508 Domino
1977 1453 2114 1508 Filio

487 1550 606 1614 tuo,
637 1549 900 1616 paratam
929 1545 1036 1600 sibi
1063 1545 1121 1600 in
1154 1546 1320 1602 nobis
1347 1545 1603 1602 inveniat
1629 1547 2013 1601 mansionem.

559 1640 810 1710 Corpora
831 1643 1166 1712 mentesque
1190 1644 1436 1709 nostras,
1457 1639 1826 1712 omnipotens
1847 1642 2014 1708 Deus,
2039 1639 2118 1694 di-

491 1736 739 1804 gnanter
781 1734 1061 1802 emunda;
1102 1739 1164 1790 ut
1201 1737 1299 1788 tua
1332 1733 1735 1789 benedictione
1774 1733 2006 1801 firmati,
2044 1733 2116 1787 ab

489 1827 795 1898 Unigenito
837 1830 934 1881 tuo
969 1826 1215 1882 Domino
1253 1831 1471 1895 nostro,
1519 1843 1693 1899 quem
1729 1831 2115 1898 expectamus,
2137 1849 2194 1920 B

488 1920 776 1988 veniente,
805 1937 1030 1992 semper
1055 1921 1472 1976 inluminemur
1502 1925 1560 1975 et
1578 1923 1974 1992 protegamur.

1147 2031 1225 2082 Ad
1249 2045 1455 2095 pacem.

561 2117 670 2171 Fac
691 2134 814 2184 nos,
843 2133 1190 2189 quaesumus,
1214 2118 1364 2172 Deus
1385 2119 1598 2184 noster,
1622 2117 1926 2188 pervigiles
1947 2118 2120 2187 atque

489 2211 755 2266 sollicitos
787 2211 1099 2266 adventum
1141 2209 1349 2266 Christi
1386 2210 1510 2264 Filii
1547 2211 1631 2264 tui
1668 2210 1900 2265 Domini
1940 2207 2120 2263 nostri

488 2309 814 2377 expectare;
847 2307 910 2360 ut
933 2303 1070 2359 dum
1095 2304 1320 2359 venerit
1343 2304 1596 2376 pulsans,
1621 2321 1738 2359 non
1767 2303 2120 2359 dormientes

487 2399 752 2472 peccatis,
789 2398 890 2454 sed
918 2397 1222 2469 vigilantes
1250 2401 1307 2453 et
1335 2397 1396 2452 in
1424 2398 1539 2452 suis
1575 2397 1830 2452 inveniat
1855 2397 2120 2452 laudibus

489 2495 822 2549 exultantes.

1133 2563 1471 2614 Contestatio.

557 2652 699 2706 Vere
742 2649 987 2720 dignum
1027 2652 1086 2703 et
1116 2649 1340 2718 justum
1369 2651 1475 2716 est,
1515 2649 1542 2690 ι)
1573 2647 1942 2718 omnipotens
1970 2649 2122 2702 Deus

487 2761 592 2816 per
620 2743 909 2799 Christum
936 2742 1251 2797 Dominum
1274 2745 1556 2797 nostrum.
1579 2742 1681 2796 Cui
1707 2741 2008 2812 proprium
2037 2744 2123 2796 est

490 2853 556 2892 ac
576 2835 870 2908 singulare
899 2835 1056 2907 quod
1077 2835 1262 2890 bonus
1294 2838 1400 2902 est,
1430 2838 1488 2889 et
1510 2835 1669 2889 nulla
1699 2851 1976 2905 umquam
2004 2852 2038 2888 a
2063 2838 2119 2888 te

491 2933 580 2984 est
601 2929 1060 2983 commutatione
1087 2927 1315 2982 divisus.
1345 2927 1662 2998 Propitiare
1694 2927 2118 2998 supplicationi-

490 3023 600 3077 bus
641 3021 870 3090 nostris,
907 3025 965 3076 et
1002 3021 1266 3076 Ecclesiae
1298 3024 1413 3075 tum
1448 3021 1903 3076 misericordiam
1937 3025 2117 3088 tuam,

491 3131 669 3186 quam
704 3115 1072 3182 conﬁtentur,
1100 3114 1360 3182 ostende,
1400 3115 1775 3170 manifestans
1814 3115 1967 3186 plebi
2006 3118 2118 3168 tua:

489 3208 782 3279 Unigeniti
810 3207 893 3262 tui
923 3207 1236 3262 adventum
1269 3208 1502 3264 Domini
1539 3209 1720 3263 nostri
1747 3210 1880 3263 Jesu
1912 3208 2120 3264 Christi
2141 3217 2196 3292 Ο
2290 3241 2613 3296 Adventum
2645 3239 2878 3294 Domini
2903 3239 3086 3294 nostri
3109 3241 3242 3293 Iesu
3275 3238 3510 3306 Christi,

491 3302 755 3358 mirabile
782 3304 1228 3369 sacramentum;
1251 3305 1315 3356 ut
1339 3302 1397 3356 in
1425 3301 1794 3356 universitate
1817 3301 2121 3356 nationum

490 3395 840 3468 perﬁciatur,
868 3395 1066 3466 [quod]
1097 3411 1202 3466 per
1220 3395 1390 3450 Verbi
1415 3395 1498 3450 tui
1525 3395 1892 3466 evangelium
1911 3395 2124 3466 promi-

491 3489 612 3544 sisti
627 3507 641 3557 ;
656 3492 719 3544 ut
729 3489 945 3544 habeat
954 3487 1251 3560 plenitudo
1265 3489 1592 3560 adoptionis
1605 3488 1758 3560 quod
1771 3488 2006 3560 protulit
2018 3491 2126 3542 tes-

491 3583 726 3638 tiﬁcatio
752 3582 1025 3651 veritatis,
1055 3599 1159 3654 per
1179 3583 1466 3638 Christum
1496 3583 1811 3640 Dominum
1839 3586 2120 3638 nostrum.

717 3711 783 3766 ῘῙ.
833 3725 961 3765 ITEM
1015 3723 1172 3764 MISSA
1229 3725 1283 3763 IN
1339 3724 1625 3765 ADVENTUM
1681 3724 1893 3764 DOMINI.

781 3801 1014 3867 Epistola
1038 3801 1180 3851 Pauli
1205 3800 1426 3864 apostoli
1451 3801 1519 3850 ad
1551 3803 1826 3851 Romanos.

562 3890 808 3954 Fratres,
829 3889 976 3942 Deus
995 3885 1200 3940 Filium
1219 3902 1386 3940 suum
1412 3885 1649 3940 mittens
1670 3885 1728 3939 in
1751 3883 2126 3940 similitudine

495 3984 683 4040 carnis
706 3980 948 4054 peccati,
973 3983 1030 4034 et
1051 3979 1122 4034 de
1144 3981 1379 4050 peccato
1407 3978 1705 4034 damnavit
1729 3979 1787 4033 in
1809 3995 1981 4033 carne
2001 3995 2130 4050 pec-

498 4081 712 4144 catum,
737 4078 802 4129 ut
823 4071 1155 4146 justiﬁcatio
1181 4071 1326 4144 legis
1359 4071 1698 4144 impleretur
1723 4072 1783 4126 in
1813 4072 1996 4140 nobis,
2031 4073 2127 4143 qui

501 4187 616 4224 non
642 4167 960 4223 secundum
993 4181 1227 4222 carnem
1259 4164 1644 4233 ambolamus,
1677 4166 1778 4221 sed
1812 4165 2128 4221 secundum

501 4267 784 4340 spiritum.
823 4264 929 4330 Qui
971 4265 1128 4320 enim
1170 4264 1482 4319 secundum
1527 4282 1762 4320 carnem
1805 4269 1956 4334 sunt,
2001 4282 2126 4336 quae

501 4361 688 4416 carnis
721 4363 854 4414 sunt
891 4358 1151 4430 sapiunt;
1185 4358 1279 4430 qui
1317 4375 1450 4414 vero
1487 4359 1804 4415 secundum
1843 4359 2126 4432 spiritum,

503 4471 630 4528 qua:
668 4457 802 4510 sunt
837 4453 1068 4526 spiritus
1107 4452 1378 4508 sentiunt.
1417 4455 1562 4508 Nam
1602 4453 1912 4526 prudentia
1944 4453 2131 4508 carnis

1353 353 1684 414 APPENDIX
1721 355 1808 414 AD
1843 355 2064 413 OPERA
2101 354 2156 410 S.
2195 353 2494 412 GERMANI
2531 347 2956 409 PARISIENSIS.

3775 344 3886 400 460

2130 477 2189 552 Α
2211 465 2362 519 circa
2390 464 2616 518 lumbos
2647 479 2778 516 suos
2802 479 2815 516 :
2847 456 2976 515 esca
3006 461 3201 514 autem
3229 455 3353 529 ejus
3379 455 3508 512 erat
3535 456 3802 512 locustae
3833 460 3896 508 et

2213 559 2327 613 mel
2367 558 2640 612 silvestre.
2677 555 2829 610 Tunc
2860 553 3128 608 exiebant
3156 552 3229 608 ad
3262 568 3395 606 eum
3431 549 3891 620 Hierusolyma,

2215 655 2273 706 et
2297 651 2484 706 omnis
2513 649 2674 720 regio
2707 647 2857 702 circa
2879 646 3216 714 Iordanem,
3247 649 3305 699 et
3333 642 3892 716 baptizabanturin

2211 745 2460 802 Jordane
2483 743 2554 798 ab
2572 760 2662 812 eo,
2679 742 3020 797 conﬁtentes
3038 743 3275 812 peccata
3297 755 3419 794 sua.
3432 737 3666 792 Videns
3679 738 3891 790 autem

2213 840 2424 894 multos
2459 836 2879 892 Pharisaaorum
2917 837 2976 888 et
3009 833 3422 888 Saducaeorum
3449 831 3784 885 venientes
3818 829 3890 882 ad

2174 937 2183 945 “
2212 932 2563 1004 baptismum
2602 945 2788 996 suum,
2821 927 2960 982 dixit
2994 927 3076 981 eis
3108 943 3120 982 :
3155 925 3471 997 Progenies
3505 924 3890 996 viperarum.

2215 1026 2340 1097 quis
2367 1022 2780 1080 demonstravit
2807 1021 3192 1091 vobis’fugere
3226 1037 3259 1074 a
3287 1020 3484 1074 futura
3515 1017 3609 1072 ira
3630 1017 3661 1071 ‘2
3686 1017 3890 1071 Facite

2215 1135 2354 1190 ergo
2379 1120 2626 1174 fructum
2656 1116 2897 1188 dignum
2929 1113 3300 1186 paenitentia}.
3328 1114 3399 1167 Et
3425 1129 3501 1166 ne
3528 1109 3780 1166 velletis
3804 1110 3890 1164 di-

2215 1229 2344 1268 cere
2384 1212 2536 1266 intra
2581 1227 2680 1264 vos
2713 1227 2727 1264 :
2758 1211 2989 1264 Patrem
3027 1207 3310 1262 habemus
3351 1205 3690 1260 Abraham.
3743 1204 3890 1260 Dico

2215 1307 2371 1360 enim
2398 1305 2575 1372 vobis,
2609 1303 2884 1375 quoniam
2916 1305 3123 1373 potens
3164 1304 3250 1354 est
3281 1301 3432 1354 Deus
3467 1317 3537 1354 ex
3575 1298 3894 1370 lapidibus

2215 1399 2336 1454 istis
2370 1399 2641 1452 suscitare
2683 1397 2830 1450 filios
2871 1395 3136 1449 Abrahaz.
3179 1395 3308 1448 Jam
3340 1392 3500 1448 enim
3535 1392 3778 1446 securis
3820 1391 3892 1446 ad

2215 1492 2441 1548 radices
2471 1491 2744 1545 arborum
2771 1488 2958 1560 posita
2984 1491 3089 1542 est.
3117 1485 3318 1541 Omnis
3340 1503 3482 1556 ergo
3517 1485 3734 1549 arbor,
3763 1501 3896 1555 qua)

2219 1603 2334 1641 non
2374 1585 2512 1640 facit
2555 1584 2806 1637 fructum
2843 1582 3084 1647 bonum,
3127 1579 3443 1646 excidetur,
3483 1582 3546 1632 et
3574 1578 3644 1632 in
3679 1579 3892 1650 ignem

2218 1679 2496 1733 mittetur.
2529 1679 2649 1746 Ego
2677 1675 2913 1747 quidem
2942 1673 3170 1744 baptizo
3199 1672 3260 1728 in
3301 1688 3454 1742 aqua
3485 1671 3548 1726 in
3579 1672 3897 1742 paeniten-

2217 1773 2358 1828 tiam
2395 1789 2408 1826 :
2445 1771 2542 1843 qui
2579 1773 2773 1824 autem
2805 1771 2936 1840 post
2964 1784 3059 1822 me
3090 1769 3368 1821 venturus
3393 1769 3502 1832 est,
3537 1766 3770 1820 fortior
3802 1781 3897 1819 me

2283 1866 2306 1916 t
2327 1879 2340 1918 :
2361 1861 2520 1932 cujus
2542 1878 2658 1914 non
2677 1875 2804 1914 sum
2828 1858 3037 1929 dignus
3059 1857 3440 1911 calciamenta
3457 1859 3738 1927 portare.
3765 1858 3896 1926 Ipse

2216 1973 2316 2012 vos
2345 1953 2652 2026 baptizavit
2671 1965 2692 1994 ο
2731 1953 2790 2007 in
2817 1951 3032 2024 Spiritu
3059 1953 3257 2005 sancto
3292 1954 3351 2004 et
3376 1949 3522 2020 igni,
3553 1949 3740 2020 cujus
3760 1966 3900 2002 ven-

2217 2049 2488 2104 tilabrum
2527 2047 2587 2102 in
2626 2064 2807 2101 manu
2847 2063 2969 2114 sua,
3001 2047 3060 2098 et
3097 2043 3479 2114 congregavit
3507 2042 3797 2097 triticum
3838 2043 3898 2096 in

2218 2144 2493 2198 horreum
2527 2157 2693 2195 suum
2727 2157 2740 2196 :
2773 2141 2968 2211 paleas
2999 2140 3194 2192 autem
3224 2137 3522 2193 comburit
3557 2136 3696 2207 igni
3727 2136 3896 2191 inex-

2220 2235 2526 2307 tinguibili.
2556 2235 2727 2290 Multa
2759 2233 2993 2304 quidem
3025 2235 3083 2285 et
3109 2231 3221 2286 alia
3243 2231 3560 2286 exhortans
3584 2231 3902 2300 evangeli-

2221 2331 2386 2384 zabat
2411 2329 2642 2399 populo.

2819 2413 3020 2454 INCIPIT
3056 2413 3239 2453 MISSA.

2636 2490 2808 2540 Oratio
2848 2493 2968 2554 post
3004 2487 3334 2554 prophetiam
3381 2489 3429 2538 ἀ.

2292 2587 2491 2658 Opifex
2520 2585 2660 2640 lucis
2691 2587 2880 2654 almae,
2918 2583 3100 2656 plebis
3127 2582 3387 2638 visitator
3415 2582 3752 2651 inmeritae,
3803 2584 3898 2655 qui

2220 2680 2315 2736 illa
2336 2679 2762 2752 prophetalium
2781 2677 3182 2733 vaticiniorum
3206 2677 3463 2741 oracula,
3489 2693 3630 2748 qua:
3659 2678 3900 2732 saeculis

2221 2775 2453 2828 fuerunt
2483 2772 2772 2838 nunciata,
2805 2771 2960 2826 beati
2988 2769 3268 2826 Johannis
3300 2786 3400 2824 ore
3434 2771 3666 2841 exples,
3707 2787 3898 2842 opere

2220 2867 2464 2939 perficis,
2487 2866 2845 2938 professione
2871 2865 3120 2936 peragis,
3145 2864 3401 2919 concede
3429 2863 3595 2934 plebi
3629 2864 3894 2936 supplici

2219 2961 2321 3015 tibi
2353 2960 2474 3014 sine
2501 2959 2809 3015 formidine
2838 2958 3102 3013 famolari
3133 2975 3147 3013 :
3173 2962 3236 3012 ut
3267 2973 3372 3029 per
3401 2957 3636 3012 viscera
3663 2959 3900 3013 miseri-

2219 3054 2429 3109 cordia:
2452 3053 2654 3124 repleti
2681 3052 2940 3119 scientia,
2967 3051 3206 3106 veritate
3235 3051 3410 3122 dirigi
3435 3067 3822 3108 mereamur.

2902 3153 3174 3204 Collectio.

3535 3239 3771 3295 fratres
3800 3257 3900 3296 ca-

2221 3335 2451 3403 rissimi,
2479 3335 2624 3390 votis
2653 3334 2922 3388 omnibus
2948 3335 3368 3405 praestolantes,
3400 3332 3506 3387 Dei
3537 3334 3745 3389 Patris
3781 3353 3904 3390 om-

2223 3429 2604 3502 nipotentiam
2630 3428 3025 3499 imploremus,
3053 3431 3118 3480 ut
3141 3426 3320 3482 corda
3349 3430 3554 3482 nostra
3583 3429 3898 3499 purificet,

2225 3529 2283 3579 et
2306 3539 2548 3594 corpora
2573 3522 2942 3576 immacolata
2970 3523 3289 3576 conservet.
3312 3521 3722 3592 Expectemus
3753 3539 3898 3578 con-

2225 3617 2463 3672 scientia
2489 3632 2688 3670 secura
2711 3618 3038 3682 venturum,
3059 3631 3234 3685 quem
3257 3631 3432 3685 super
3455 3630 3714 3670 omnem
3740 3617 3903 3688 prino

2227 3711 2479 3782 cipatum
2516 3713 2576 3763 et
2611 3711 2926 3780 potestates
2966 3707 3256 3762 credimus
3294 3709 3646 3764 exaltatum.
3696 3710 3904 3765 Simus

2228 3821 2366 3875 ergo
2387 3820 2490 3875 per
2511 3803 2738 3873 singula
2752 3805 3056 3856 momenta
3072 3801 3321 3869 solliciti,
3337 3805 3403 3855 ut
3416 3817 3784 3860 mereamur
3807 3805 3906 3860 ha-

2225 3898 2362 3952 bere
2391 3895 2733 3969 propicium,
2763 3911 2938 3966 quem
2959 3894 3251 3949 credimus
3275 3897 3335 3948 et
3353 3895 3622 3949 fatemur
3641 3897 3725 3951 ad
3745 3897 3905 3969 judi-

2227 3991 2442 4046 candos
2460 3990 2615 4044 vivos
2646 3993 2704 4042 et
2730 3991 2991 4043 mortuos
3015 3988 3074 4042 in
3100 3987 3286 4058 gloria
3319 4004 3444 4042 esse
3463 3991 3826 4045 venturum.

2911 4081 3180 4132 Collectio.

2296 4168 2556 4234 Purifica,
2576 4167 2820 4222 Domine
2846 4167 3017 4233 Deus,
3046 4168 3216 4222 Pater
3243 4165 3650 4238 omnipotens,
3682 4173 3902 4240 pecto-

2227 4279 2358 4318 rum
2393 4279 2606 4318 arcana
2641 4264 2994 4329 nostrorum,
3033 4263 3386 4332 cunctasque
3415 4261 3731 4333 propicius
3769 4281 3902 4320 ma-

2229 4359 2382 4412 colas
2431 4355 2599 4410 ablue
2644 4358 3011 4426 peccatorum
3054 4371 3066 4408 :
3102 4371 3168 4408 ac
3212 4356 3446 4425 praesta,
3495 4354 3798 4425 Domine,
3845 4362 3905 4412 ut

2227 4449 2630 4506 benedictione
2656 4448 2886 4520 pietatis
2909 4451 3023 4503 tuae.
3045 4465 3080 4502 a
3099 4447 3312 4503 nostris
3338 4447 3694 4504 criminibus
3716 4468 3904 4506 mun-

502 4567 662 4606 mors
699 4553 804 4618 est,
843 4547 1151 4620 prudentia
1186 4550 1382 4601 autem
1423 4546 1650 4618 spiritus
1683 4547 1798 4601 vita
1836 4551 1894 4601 et
1926 4563 2036 4618 pax
2072 4546 2206 4620 in“
2233 4543 2371 4612 dati,
2404 4542 2784 4598 metuendum
2812 4541 3251 4613 terribilemque
3290 4541 3610 4598 adventum
3653 4542 3906 4601 Domini

502 4645 724 4701 Christo
751 4645 881 4698 Jesu
912 4641 1158 4696 Domino
1189 4643 1406 4696 nostro.

651 4744 826 4795 Lectio
858 4741 1024 4793 sancti
1045 4741 1314 4806 Evangelii
1347 4741 1634 4792 secundum
1669 4743 1984 4794 Matthaaum.

575 4833 637 4888 In
667 4829 867 4885 diebus
897 4827 1005 4882 illis
1035 4827 1188 4881 venit
1212 4827 1504 4882 Iohannes
1533 4827 1784 4900 Baptista
1817 4827 2134 4899 prmdicans

505 4927 565 4982 in
595 4926 822 4980 deserto
849 4922 1028 4989 Iudae,
1057 4924 1115 4976 et
1145 4921 1342 4975 dicens
1369 4937 1381 4976 :
1410 4921 1812 4977 Pwnitentiam
1841 4921 2016 4991 agite,
2040 4920 2136 4976 ad-

506 5017 911 5094 propinquavit
941 5015 1099 5070 enim
1129 5031 1378 5086 regnum
1407 5016 1696 5070 caelorum.
1727 5003 1948 5069 Hic‘est
1981 5013 2135 5069 enim

511 5113 610 5186 qui
639 5113 822 5167 dictus
847 5115 934 5166 est
952 5126 1057 5182 per
1082 5111 1287 5164 Isaiam
1306 5109 1652 5180 prophetam
1677 5107 1964 5164 dicentem
1987 5125 2000 5162 :
2020 5110 2136 5164 Vox

512 5205 818 5262 clamantis
858 5205 917 5258 in
957 5202 1204 5272 deserto,
1245 5206 1450 5258 Parate
1485 5202 1636 5258 viam
1669 5202 1920 5269 Domini,
1953 5206 2137 5257 rectas

513 5300 682 5354 facite
720 5297 952 5352 semitas
986 5295 1125 5366 ejus.
1175 5299 1295 5368 Ipse
1332 5300 1527 5352 autem
1563 5297 1855 5353 Iohannes
1889 5296 2139 5351 habebat

514 5393 918 5450 vestimentum
933 5391 1002 5444 de
1023 5389 1150 5461 pilis
1167 5393 1538 5459 camelorum,
1555 5394 1614 5446 et
1626 5408 1830 5446 zonam
1847 5391 2135 5463 pelliciam

586 5541 612 5608 ἒ
629 5540 689 5594 In
709 5534 1016 5608 exemplari
1033 5535 1242 5606 legitur
1252 5537 1567 5598 desiderati,
1581 5531 1886 5608 manifesto
1899 5533 2134 5608 mendo.

585 5605 615 5649 δ
644 5605 1038 5681 Supplendum
1071 5605 1160 5662 hic
1205 5611 1262 5681 et
1294 5607 1355 5660 in
1396 5607 1876 5681 consequentibus
1908 5607 2137 5681 vulgata

519 5677 785 5750 formula,
825 5695 1038 5750 mquam
1077 5683 1130 5750 ct
1162 5679 1422 5750 salutare,
1460 5680 1572 5750 etc.
1618 5677 1742 5750 llam
1785 5677 2136 5750 Contestatio

518 5757 701 5814 exstat
731 5747 790 5806 in
828 5747 1208 5806 Ambrosiano
1243 5747 1544 5801 Dominica
1580 5747 1767 5816 prima
1805 5749 2134 5815 Adventus;

517 5827 616 5884 sed
647 5825 771 5880 aliae
797 5822 1036 5877 omnino
1061 5817 1357 5872 Lectiones
1376 5817 1457 5872 ibi
1483 5817 1556 5872 ad
1585 5817 1840 5874 missam.

588 5909 612 5940 ο
641 5898 723 5949 Ita
767 5891 979 5962 passim
1030 5889 1324 5958 baptizavit
1359 5905 1462 5961 pro
1505 5889 1800 5960 baptizabit
1835 5909 1852 5946 :
1890 5894 1950 5944 et
1985 5890 2138 5946 infra

2149 4595 2209 4667 D
2233 4595 2412 4694 nostri
2441 4639 2574 4693 Jesu
2597 4636 2805 4694 Christi
2835 4595 3200 4708 expectesz
3231 4635 3502 4691 interriti.

2849 4740 2975 4788 Post
3004 4737 3239 4789 nomina.

2304 4825 2539 4893 Exaudi,
2567 4823 2832 4893 Domine,
2861 4840 3062 4895 preces
3085 4823 3286 4896 populi
3307 4823 3411 4892 tui,
3442 4827 3506 4878 ut
3525 4823 3754 4896 jubeas
3786 4846 3907 4884 sus

2234 4923 2422 4994 cipere
2455 4919 2553 4992 qui
2570 4919 2742 4990 jussit
2765 4917 2957 4972 offerri
2987 4929 3012 4959 ο
3051 4935 3063 4972 :
3099 4917 3328 4988 sintque
3353 4919 3481 4972 haec
3499 4935 3772 4978 munera
3806 4941 3901 4979 ac-

2235 5013 2537 5086 ceptabilia
2558 5012 2618 5067 in
2645 5013 2768 5084 ejus
2783 5014 3095 5084 conspectu
3115 5027 3221 5083 pro
3248 5012 3516 5067 omnium
3545 5014 3901 5072 animarum

2237 5107 2662 5174 emendatione,
2691 5110 2751 5160 et
2775 5122 3083 5177 corporum
3115 5105 3395 5174 sanitate;
3429 5123 3536 5178 pro
3560 5114 3906 5183 martyrum

2237 5203 2426 5271 laude,
2457 5205 2515 5255 et
2538 5218 2643 5272 pro
2677 5200 3082 5256 defunctorum
3113 5200 3336 5272 requie.

2754 5303 3006 5354 Collectio
3039 5301 3105 5352 ad
3139 5316 3349 5367 pacem.

2289 5392 2495 5446 Pacem
2508 5393 2667 5446 tuam
2686 5389 2894 5444 nostris
2907 5387 3256 5460 pectoribus,
3273 5389 3429 5444 bone
3439 5389 3466 5444 J
3474 5390 3905 5457 esu,inlabere.

2238 5537 2599 5602 congregavit,
2623 5538 2753 5600 etc.,
2785 5532 3009 5604 vulgari
3037 5549 3104 5587 ac
3135 5531 3286 5587 facili
3318 5537 3776 5604 permutatione
3815 5542 3902 5594 lit-

2239 5609 2574 5732 ἱεῖἆὲᾚῐῗέρισ
2595 5677 2812 5731 Missale
2835 5674 3431 5745 Gothicogallicanum
3459 5677 3522 5732 in
3551 5679 3753 5738 Natali
3789 5685 3902 5738 Do-

2238 5746 2401 5815 mini,
2437 5765 2570 5819 pag.
2613 5752 2713 5802 190
2757 5747 2874 5820 [lib.
2915 5746 2986 5800 de
3028 5746 3246 5818 Liturg.
3277 5748 3448 5820 Gall.]
3483 5751 3586 5807 ubi
3629 5755 3907 5810 similiter

2240 5819 2486 5876 Collectio
2509 5824 2638 5890 post
2659 5819 3022 5890 prophetiam.

2317 5901 2342 5933 ο
2369 5889 2536 5946 Forte
2546 5889 2880 5962 legendum,
2895 5889 3153 5958 utjubeat
3163 5891 3374 5962 suscipi
3384 5895 3679 5965 quijussz‘t
3691 5897 3901 5970 oﬂ'em'.
