3970 6422
78 395 132 444 46
142 396 157 445 1

573 401 1182 464 SACRAMENTARIUM
1219 411 1663 472 GALLICANUM.
1705 447 1774 460 —
1811 411 2176 480 LECTIONES
2215 425 2303 482 DE
2340 425 2652 486 ADVENTU
2692 431 2946 490 DOMINI.

3340 440 3452 496 562-

79 500 129 554 in
152 516 260 571 qua
283 485 372 556 est
400 501 714 574 plenitudo
743 511 1078 620 dilectionis.
1109 520 1336 589 Praesta,
1367 523 1620 596 Domine,
1651 531 1718 584 ut
1735 541 1796 616 Α
1814 530 1997 588 ibunt.
2027 533 2102 588 De
2132 534 2221 596 die
2243 539 2436 592 autem
2464 537 2561 592 illa
2586 544 2642 594 et
2677 540 2819 596 hora
2862 557 3032 598 nemo
3075 544 3199 616 scit,
3256 543 3442 620 neque

75 609 274 664 pacem,
304 611 489 666 quam
512 617 671 657 nunc
697 620 794 660 ore
819 609 1176 683 proferimus,
1215 629 1440 687 semper
1475 617 1714 690 spiritali
1735 609 1796 616 “’
1811 626 2000 698 angeli
2021 627 2308 697 caelorum,
2331 630 2438 686 nisi
2465 633 2626 688 Pater
2647 634 2816 690 solus.
2843 634 2996 692 Sicut
3019 641 3210 694 autem
3235 639 3296 694 in
3327 639 3446 697 die-

80 703 226 742 SCDSII
245 702 593 751 conservare
618 713 961 756 mereamur.

134 840 266 895 Vere
291 841 547 915 dignum
575 851 634 902 et
659 781 1391 930 jusﬁggtieztgtltmnipotens
1428 862 1572 919 Deus
1607 881 1711 936 per

77 933 343 988 Christum
371 937 693 996 Dominum
706 948 985 1001 nostrum.
1015 942 1194 1012 Quem
1217 933 1708 1025 Johannes,ﬁdelis

75 1025 286 1094 amicus,
326 1033 633 1099 praecessit
669 1041 969 1112 nascendo,
1017 1045 1303 1112 praecessit
1347 1046 1408 1102 in
1475 1049 1706 1105 desertis

75 1120 230 1174 eremi
252 1123 654 1198 praedicando,
681 1133 967 1199 praecessit
993 1134 1346 1208 baptizando,
1381 1140 1532 1196 viam
1559 1159 1701 1214 quo-

75 1227 167 1280 que
184 1228 519 1286 praeparans
533 1219 719 1290 judici
740 1240 802 1278 ac
841 1227 1167 1285 redemtori.
1203 1231 1535 1290 Convocavit
1569 1253 1702 1308 pec-

75 1310 265 1361 catores
292 1309 366 1362 ad
389 1312 831 1387 penitentiam;
874 1323 932 1374 et
965 1323 1245 1392 populum
1292 1325 1560 1383 Salvatori
1599 1330 1698 1384 ad-

74 1397 311 1469 quirens,
384 1402 698 1474 baptizavit
759 1410 820 1464 in
882 1413 1121 1470 Iordane
1144 1484 1159 1494 .
1185 1423 1410 1487 peccata
1469 1423 1702 1494 propria

75 1491 418 1549 conﬁtentes:
465 1513 589 1552 non
623 1501 876 1558 hominis
911 1491 1216 1564 innovandi
1251 1491 1697 1581 plenamiconfe-

73 1599 184 1637 rens
227 1587 490 1657 gratiam,
551 1593 654 1648 sed
719 1595 958 1666 piissimi
1024 1600 1322 1658 Salvatoris
1385 1607 1698 1664 admonens

75 1683 345 1748 expectare
371 1686 784 1758 praesentiam;
832 1706 948 1746 non
985 1693 1275 1750 remittens
1315 1682 1432 1769 ipse
1474 1706 1699 1771 peccata

73 1769 134 1822 ad
156 1786 209 1824 se
236 1773 622 1845 venientibus,
659 1781 761 1836 red
798 1784 1187 1842 remissionem
1219 1795 1582 1860 peccatorum
1625 1798 1697 1852 ad

74 1861 308 1975 futurum
331 1869 616 1938 pollicens
641 1888 760 1975 esse
785 1877 1183 1950 credentibus;
1214 1885 1278 1936 ut
1303 1883 1689 1944 descendenti-
1712 1904 1769 1975 Β

75 1954 163 2008 bus
189 1957 245 2011 in
280 1974 494 2031 aquam
529 1965 904 2040 paenitentiae,
947 1971 1016 2026 ab
1047 1973 1148 2028 illo
1182 1985 1472 2047 sperarent
1513 1998 1692 2037 reme-

75 2047 212 2104 dium
231 2051 632 2127 indulgentiae,
663 2075 834 2130 quem
873 2067 1180 2146 venturum
1221 2070 1522 2128 audiebant
1569 2077 1687 2146 ple-

72 2155 194 2196 num
239 2144 384 2200 dono
429 2149 690 2206 veritatis
732 2158 789 2208 et
823 2144 1040 2226 gratiae,
1079 2159 1388 2217 Dominum
1432 2144 1690 2223 nostrum

74 2234 257 2292 Jesum.
285 2239 465 2303 Quem
494 2242 740 2302 laudant
763 2250 976 2320 angeli.

295 2330 362 2384 lll
385 2332 430 2384 ⁸.
461 2348 595 2389 rrum
626 2351 785 2393 MISSA
817 2354 871 2394 IN
895 2355 1182 2398 ADVENTUM
1208 2359 1422 2401 nomen.

337 2410 578 2474 Epistola
609 2417 751 2467 Pauli
781 2422 1000 2482 apostoli
1033 2423 1099 2472 ad
1130 2425 1404 2478 Romanos.

135 2482 356 2556 Fratres,
407 2488 536 2544 dico
585 2493 742 2547 enim
787 2495 1076 2552 Christum
1124 2501 1313 2556 Jesum
1357 2502 1682 2560 ministrum

77 2573 221 2632 fuisse
245 2579 693 2640 circumcisionis
715 2592 948 2660 propter
966 2592 1259 2649 veritatem
1295 2596 1414 2668 Dei,
1443 2599 1514 2652 ad
1556 2616 1685 2655 con-

77 2666 346 2728 ﬁrmandas
371 2679 781 2747 promissiones
805 2684 1054 2740 Patrum.
1077 2687 1280 2742 Gentes
1302 2695 1490 2746 autem
1515 2709 1685 2765 super

77 2762 423 2822 misericordia
464 2771 753 2830 honorare
796 2777 993 2848 Deum,
1047 2781 1192 2836 sicut
1231 2783 1504 2855 scriptum
1553 2792 1677 2842 est:

75 2853 278 2927 Propter
294 2860 400 2916 hoc
415 2865 732 2922 conﬁtebor
755 2869 857 2924 tibi
873 2870 934 2926 in
959 2874 1241 2946 gentibus,
1264 2881 1320 2931 et
1340 2853 1560 2935 nomini
1583 2884 1681 2937 tuo

75 2951 296 3042 cantabo.
339 2957 405 3012 Et
447 2958 664 3015 iterum
707 2962 875 3018 dicit:
921 2966 1234 3037 Leetamini,
1275 2975 1492 3042 gentes,
1545 2991 1678 3030 cum

75 3040 212 3108 plebe
229 3047 362 3117 ejus.
392 3051 459 3106 Et
477 3052 693 3109 iterum
717 3071 730 3110 :
761 3057 1026 3128 Laudate,
1046 3077 1242 3118 omnes
1263 3040 1482 3134 gentes,
1500 3067 1677 3123 Deum

76 3137 121 3186 et
141 3141 473 3211 magniﬁcate
503 3162 665 3216 eum,
695 3165 896 3206 omnes
918 3154 1134 3224 pepuli.
1175 3157 1242 3210 Et
1277 3173 1473 3214 rursus
1513 3161 1676 3216 Isaias

77 3227 138 3324 ait
162 3246 174 3282 :
202 3232 311 3288 Erit
334 3237 491 3294 radix
517 3242 690 3312 Iesse,
720 3247 778 3298 et
801 3245 901 3316 qui
927 3249 1182 3319 exsurgit
1213 3265 1410 3321 regere
1459 3259 1674 3324 gentes,

77 3319 124 3372 in
143 3337 262 3379 eum
286 3335 476 3399 gentes
515 3336 849 3406 sperabunt.
891 3339 1038 3395 Deus
1080 3319 1433 3417 antem—spei
1462 3319 1678 3418 repleat

77 3427 152 3467 vos
175 3421 317 3474 omni
347 3427 556 3494 gaudio
591 3433 648 3484 et
670 3447 807 3500 pace
852 3432 914 3488 in
949 3434 1246 3504 credendo,
1286 3442 1350 3492 ut
1381 3438 1677 3497 abundetis

76 3521 154 3577 spe
177 3509 232 3566 in
253 3513 452 3574 virtute
475 3520 720 3593 Spiritus
751 3526 947 3581 sancti.

205 3595 370 3672 [factio
393 3603 562 3654 sancti
589 3605 858 3672 Evangelii
879 3610 1170 3662 secundum
1193 3613 1510 3666 Matthzeum.

133 3664 184 3718 ln
206 3666 394 3726 diebus
417 3673 525 3730 illis
541 3664 926 3750 interrogatus
953 3699 986 3736 a
1019 3683 1305 3755 discipulis
1339 3664 1673 3744 suis—uomi-

77 3768 161 3851 aus
185 3759 350 3833 Iesus,
401 3771 630 3838 quando
669 3775 890 3830 venerit
930 3792 1177 3848 regnum
1213 3779 1334 3851 Dei,
1377 3780 1518 3838 dixit
1543 3783 1665 3838 eis:

77 3845 206 3944 Sicut
226 3853 411 3928 fulgur
435 3863 552 3918 exit
575 3863 646 3919 ali
673 3865 924 3940 Oriente,
955 3845 1024 3924 et
1034 3874 1196 3942 paret
1219 3845 1398 3944 usque
1425 3874 1488 3928 in
1507 3876 1666 3930 Occi-

76 3939 232 4042 dente,
256 3949 329 4005 ita
365 3953 473 4011 erit
509 3958 786 4016 adventus
825 3939 953 4018 Filii
997 3939 1267 4022 hominis.
1303 3939 1666 4042 -Ubicumque

75 4032 214 4094 fuerit
235 4057 448 4119 corpus,
477 4049 612 4107 illnc
654 4057 1160 4128 congregabuntur
1201 4060 1426 4132 aquilae.
1466 4032 1664 4119 Statim

75 4133 232 4188 autem
251 4145 371 4207 post
394 4143 820 4204 tribulationem
853 4150 1076 4208 dierum
1098 4153 1330 4210 illorum
1355 4157 1436 4212 sol
1462 4157 1662 4214 obscu-

73 4221 272 4299 rabitur,
300 4238 353 4288 et
386 4235 522 4293 luna
559 4255 676 4296 non
712 4243 868 4298 dabit
903 4244 1102 4302 lumen
1135 4264 1303 4304 suum
1333 4266 1347 4305 :
1389 4255 1445 4306 et
1487 4253 1662 4308 stellae

71 4314 240 4414 cadent
259 4323 322 4380 de
349 4331 499 4404 celo,
514 4338 573 4390 et
589 4335 822 4392 virtutes
839 4341 1113 4395 caelorum
1137 4344 1658 4402 commovebuntur.

70 4403 122 4508 Et
143 4411 261 4470 tunc
281 4424 496 4490 parebit
520 4427 754 4500 signum
773 4431 896 4486 Filii
911 4433 1162 4490 hominis
1183 4435 1247 4490 in
1261 4438 1428 4508 caelo;
1451 4443 1508 4494 et
1527 4442 1660 4495 tunc

70 4497 300 4606 Ριξιηβθῐιῐ
317 4529 506 4574 omnes
525 4497 708 4578 tribus
726 4528 912 4580 terrae.
941 4528 1008 4582 Et
1031 4497 1524 4588 videbunt
1548 4533 1656 4588 ho-

66 4963 232 5073 i‘izl'bore
248 4985 426 5043 autem
449 4987 538 5045 ﬁci
562 4991 758 5048 discite
777 4963 1123 5066 parabolam.
1155 5000 1295 5056 Cum
1313 4963 1653 5073 jamramus

190 5067 335 5171 leber
355 5077 542 5152 fuerit,
569 5089 628 5140 et
646 5086 782 5142 folia
807 5095 960 5162 nata,
992 5093 1142 5148 scitis
1187 5067 1333 5167 quia.
1355 5115 1532 5171 prope
1570 5106 1654 5156 est

237 5160 278 5217 δ.
305 5167 380 5224 lta
403 5179 458 5230 et
485 5194 580 5234 vos
605 5196 738 5236 cum
761 5157 1012 5242 videritis
1040 5187 1164 5243 haec
1203 5157 1414 5264 omnia,
1456 5157 1649 5252 scitote

71 5254 177 5358 ἓῗῆ
381 5271 466 5323 est
486 5271 546 5327 in
563 5274 777 5345 januis.
803 5281 984 5334 Amen
1003 5281 1126 5336 dico
1151 5283 1306 5340 vobis
1359 5254 1492 5358 quia
1533 5305 1650 5344 non

70 5345 334 5442 Plicteribit
355 5356 470 5416 haec
490 5369 800 5442 generatio,
833 5372 1010 5430 donec
1035 5378 1224 5432 omnia
1436 5382 1648 5438 Caelum

72 5431 115 5480 et
134 5436 262 5494 terra
286 5431 591 5516 transibunt
617 5479 632 5518 :
669 5431 838 5521 verba
863 5473 1056 5524 autem
1090 5487 1219 5527 mea
1253 5489 1370 5529 non
1411 5481 1642 5547 praeter-

71 5553 146 5670 it;
186 5553 237 5611 ῘΠ
281 5563 466 5646 Codice
512 5584 646 5634 nota
693 5585 985 5640 numerica
1029 5587 1184 5644 deest
1229 5607 1294 5645 ac
1345 5591 1641 5666 deinceps:

123 5636 280 5697 .mque
301 5641 486 5697 titulus
509 5653 720 5697 ansulis:
747 5655 996 5697 innlnena
1039 5675 1207 5697 mmm
1260 5678 1327 5697 ον
1368 5667 1640 5697 mmmam;

74 5653 280 5750 ὧξὲιιε
301 5653 486 5726 mulus
509 5653 720 5708 ansulis
746 5655 1015 5730 inclusus,
1039 5675 1211 5733 quem
1259 5678 1330 5718 ex
1367 5653 1644 5736 superiori

128 5761 135 5764 .
231 5711 594 5764 Subolewmm

290 5721 614 5785 pplevimus.

127 5761 342 5864 ῗπιΝξἯο
358 5798 434 5864 iam
458 5804 642 5864 Operae
675 5799 924 5864 pretium
948 5801 1022 5856 sit
1051 5804 1324 5863 adnotare
1351 5806 1410 5862 in
1446 5823 1641 5864 exem-

204 5839 252 5896 le
275 5826 338 5855 -ῖν
365 5826 434 5840 *ιιι
459 5826 924 5922 υέξῑιῖἰὶϊιύυωιι
948 5826 1022 5856 au.
1051 5826 1324 5863 aunorare
1351 5826 1410 5862 1n
1446 5826 1638 5864 exem-

75 5858 774 5968 stimﬂég§;*£n‘mra,
802 5877 934 5928 state
956 5889 1074 5945 ,pro
1093 5881 1272 5936 estote.
1316 5879 1406 5935 Sic
1451 5897 1638 5952 supra,

298 5935 394 5991 PFO
412 5936 717 5995 animator.

1811 717 1915 773 bus
1945 721 2078 792 Noe,
2099 721 2174 776 ita
2200 724 2307 778 erit
2322 729 2378 780 et
2395 725 2666 781 adventus
2687 727 2811 783 Filii
2821 729 3088 786 hominis.
3107 729 3262 788 Sicut
3285 733 3440 789 enim

1810 816 1973 867 erant
1997 813 2056 867 in
2081 814 2276 870 diebus
2297 821 2427 872 ante
2458 818 2753 890 diluvium,
2783 823 3138 879 comedentes
3157 827 3214 880 et
3235 823 3436 881 biben-
3539 855 3550 863 ~

1808 909 1909 974 tes,
1938 921 2116 978 usque
2133 908 2204 963 ad
2229 925 2360 964 eum
2385 910 2555 983 diem,
2582 928 2696 984 quo
2719 913 2951 969 intravit
2968 913 3028 970 in
3055 929 3186 972 arca
3215 918 3348 990 Noe,
3379 923 3439 974 et

1805 1013 1919 1052 non
1939 1007 2323 1071 cognoverunt
2348 1003 2524 1060 donec
2550 1007 2705 1062 venit
2729 1007 3028 1078 diluvium;
3061 1013 3118 1064 et
3153 1009 3284 1080 tulit
3320 1027 3438 1066 om-

1805 1105 1925 1158 nes,
1969 1092 2047 1146 ita
2083 1093 2190 1150 erit
2224 1099 2280 1150 et
2312 1097 2582 1154 adventus
2623 1099 2748 1154 Filii
2799 1101 3070 1156 hominis.
3113 1103 3267 1158 Tunc
3321 1103 3434 1159 duo

1803 1189 1972 1238 erunt
1996 1185 2057 1240 in
2082 1203 2239 1258 agro,
2266 1205 2416 1244 unus
2440 1191 2775 1264 adsumitur,
2805 1199 2862 1249 et
2898 1209 3046 1249 unus
3069 1195 3431 1267 relinquitur.

1802 1277 1937 1332 Duae
1973 1279 2246 1336 molentes
2287 1283 2357 1336 ad
2382 1284 2611 1354 molam,
2647 1301 2762 1341 una
2791 1286 3126 1358 adsumitur,
3165 1291 3223 1343 et
3257 1289 3432 1346 altera

1799 1371 2167 1444 relinquetur.
2213 1374 2446 1445 Vigilate
2485 1393 2640 1448 ergo,
2688 1378 2822 1450 quia
2858 1381 3083 1436 nescitis
3127 1397 3239 1452 qua
3289 1382 3428 1437 hora

1799 1464 2070 1520 Dominus
2094 1471 2362 1523 venturus
2388 1469 2478 1524 sit.
2513 1469 2656 1526 lllnd
2685 1477 2877 1528 autem
2919 1473 3132 1544 scitote,
3159 1474 3426 1546 quoniam

1798 1556 1844 1610 si
1867 1558 2032 1613 sciret
2059 1561 2455 1631 paterfamilias
2491 1579 2603 1634 qua
2643 1565 2783 1620 hora
2817 1565 2912 1620 fur
2949 1571 3220 1622 venturus
3257 1573 3421 1638 esset,

1795 1649 2052 1722 vigilaret
2077 1654 2290 1726 utique,
2319 1660 2376 1710 et
2398 1672 2513 1710 non
2533 1657 2741 1714 sineret
2758 1659 2977 1730 perfodi
3006 1660 3239 1716 domum
3265 1676 3425 1716 suam

1797 1744 1922 1798 [deo
1961 1751 2017 1801 et
2049 1763 2144 1802 vos
2177 1751 2348 1803 estote
2383 1749 2582 1820 parati,
2631 1751 2766 1824 quia
2791 1751 3018 1808 nescitis
3045 1769 3157 1826 qua
3181 1753 3320 1809 hora
3341 1754 3425 1809 Fi-

1793 1835 1898 1892 lius
1924 1839 2171 1894 hominis
2195 1845 2464 1896 venturus
2489 1848 2590 1898 est.

2391 1969 2589 2010 INCIPIT
2627 1971 2802 2012 MISSA.

2224 2035 2468 2086 Collectio
2492 2041 2610 2100 post
2631 2039 2978 2102 prophetiam.

1861 2108 2132 2176 Concede,
2165 2125 2512 2182 quaesumus,
2540 2112 2794 2178 Domine,
2822 2114 2968 2169 hanc
2989 2115 3228 2187 gratiam
3268 2117 3419 2188 plebi

1789 2204 1922 2270 tuae,
1951 2201 2259 2258 adventum
2287 2203 2572 2275 Unigeniti
2598 2205 2680 2260 tui
2710 2222 2841 2262 cum
2877 2223 3100 2263 summa
3133 2209 3416 2280 vigilantia

1787 2296 2079 2363 expectare
2107 2311 2120 2348 :
2154 2299 2217 2349 ut
2242 2295 2386 2350 sicut
2409 2296 2529 2368 ipse
2561 2296 2677 2370 [est]
2715 2301 2911 2355 auctor
2951 2306 3160 2356 nostrae
3197 2302 3415 2374 salutis,

1785 2385 1938 2440 velut
1963 2385 2243 2458 fulgentes
2267 2389 2552 2460 lampadas
2575 2391 2635 2445 in
2661 2392 2782 2462 ejus
2798 2409 3028 2450 occurso
3051 2399 3268 2451 nostras
3302 2394 3419 2451 ani-

1783 2493 1906 2532 mas
1919 2495 2319 2551 praeparemus.
2334 2483 2546 2537 Praecin
2551 2500 2640 2554 ge,
2663 2501 3008 2558 quaesumus,
3023 2489 3259 2544 Domine
3269 2487 3416 2544 Deus

1784 2576 1992 2643 noster,
2018 2573 2240 2628 lumbos
2264 2575 2470 2630 mentis
2497 2581 2704 2633 nostrae
2729 2578 2916 2634 divina
2939 2584 3037 2636 tua
3062 2581 3269 2637 virtute
3310 2597 3412 2653 po-

1782 2667 1985 2735 tenter,
2013 2671 2078 2721 ut
2099 2667 2358 2723 veniente
2385 2668 2622 2724 Domino
2645 2675 2838 2728 nostro
2855 2673 2986 2728 Jesn
3019 2673 3242 2730 Christo
3273 2675 3413 2730 Filio

1781 2762 1902 2830 tuo,
1949 2759 2108 2832 digni
2130 2760 2486 2817 inveniamur
2505 2768 2730 2820 aeternae
2755 2765 2882 2821 vita
2908 2767 3180 2838 convivio,
3203 2771 3260 2823 et
3283 2773 3413 2824 vota

1780 2852 2086 2908 caelestium
2111 2853 2408 2926 dignatnm
2431 2857 2500 2911 ab
2528 2856 2650 2928 ipso
2673 2858 2962 2931 percipere
2990 2876 3304 2917 meremur.

2325 2957 2573 3008 Collectio
2597 2961 2843 3024 sequitur.

1848 3029 2098 3099 Festina,
2136 3048 2462 3103 quaesumus
2493 3075 2507 3104 ,
2553 3034 2808 3106 Domine,
2854 3051 2926 3091 ne
2957 3036 3305 3110 tardaveris,
3355 3035 3415 3096 et

1775 3124 2105 3194 praesidium
2129 3125 2290 3180 nobis
2315 3131 2429 3182 tua:
2449 3127 2670 3198 pietatis
2698 3128 2994 3201 impende;
3025 3134 3091 3185 ut
3117 3132 3412 3204 Oportunis

1777 3217 2255 3274 consolationibus
2280 3220 2661 3289 subleventur,
2691 3221 2789 3294 qui
2814 3221 2875 3278 in
2911 3226 3010 3279 tua
3045 3223 3410 3282 miseratione

1777 3311 2088 3366 conﬁdunt.

1849 3404 2215 3476 Omnipotens
2259 3405 2600 3476 sempiterna
2625 3407 2793 3479 Deus,
2821 3407 2921 3480 qui
2946 3425 3049 3464 nos
3075 3411 3234 3466 omni
3259 3417 3404 3470 tem-

1773 3514 1912 3570 pore
1939 3498 2052 3553 tuis
2076 3497 2291 3553 deditos
2316 3498 2398 3553 vis
2425 3516 2540 3555 esse
2589 3501 2892 3571 mandatis,
2939 3504 3179 3560 concede
3215 3507 3408 3579 propi-

1773 3591 1910 3662 cius,
1937 3594 2004 3646 ut
2029 3592 2100 3647 ad
2125 3591 2432 3647 adventum
2470 3593 2690 3648 Domini
2728 3593 3009 3664 possimus
3035 3611 3156 3652 esse
3195 3597 3400 3669 devoti,

1771 3686 1976 3758 quibus
2003 3685 2140 3740 illud
2171 3689 2254 3740 est
2281 3685 2610 3757 mysterium
2641 3687 3058 3756 celebrandum,
3099 3689 3189 3743 cui
3229 3691 3400 3747 servit

1769 3779 1951 3835 omnis
1971 3779 2255 3835 excusatio
2283 3779 2702 3837 mandatorum.

2385 3873 2506 3922 Post
2535 3873 2766 3924 nomina.
2809 3873 2814 3878 ’

1837 3948 2091 4004 Concede
2130 3946 2312 4014 nobis,
2361 3946 2617 4016 Domine,
2662 3963 3011 4020 quaesumus,
3058 3953 3124 4006 ut
3169 3965 3395 4023 magna

1764 4041 2074 4096 festivitatis
2109 4044 2347 4096 ventura
2391 4041 2718 4098 solemnitas
2769 4058 3040 4115 prospero
3083 4044 3398 4100 celebretur

1765 4135 1985 4203 effectu,
2022 4134 2348 4206 pariterque
2385 4135 2689 4191 reddamur
2724 4139 2782 4191 et
2820 4135 3026 4193 intenti
3082 4137 3396 4196 caelestibus

1763 4227 2093 4301 disciplinis,
2129 4231 2186 4284 et
2220 4233 2583 4300 peccatorum
2622 4229 3039 4302 indulgentiam
3060 4248 3392 4312 _consequa-

1761 4339 1910 4378 mur.

2417 4392 2496 4442 Ad
2521 4405 2726 4458 pacem.

1830 4467 2144 4524 Devotionis
2169 4471 2378 4522 nostra:
2403 4466 2528 4537 tibi,
2552 4467 2810 4534 Domine,
2837 4481 3185 4540 quaesumus,
3207 4467 3390 4524 hostia
3473 4497 3490 4506 κ

1750 4562 1968 4634 jugiter
2009 4560 2355 4627 immoletur,
2407 4575 2532 4632 quae
2575 4563 2633 4614 et
2671 4559 2812 4615 sacri
2861 4565 3098 4632 peragat
3132 4561 3390 4618 instituta

1677 4646 1738 4720 D
1760 4655 2032 4729 mysterii,
2060 4658 2116 4710 et
2143 4655 2384 4710 salutare
2418 4657 2582 4708 tuum
2621 4653 2784 4709 nobis
2817 4653 3155 4710 mirabiliter
3185 4670 3384 4728 opere-

1827 4842 2170 4900 Sacriﬁcium
2213 4840 2336 4910 tibi,
2383 4838 2642 4911 Domine,
2685 4839 3086 4896 celebrandum
3127 4841 3384 4914 placatus

1753 4939 2004 5010 intende,
2051 4937 2203 5010 quod
2251 4940 2308 4991 et
2353 4951 2456 4992 nos
2503 4951 2536 4989 a
2579 4933 2728 4990 vitiis
2781 4938 2990 4990 nostra:
3051 4934 3384 4992 conditionis

1753 5033 2041 5102 emundet,
2073 5036 2130 5087 et
2151 5035 2250 5086 tuo
2273 5029 2494 5086 nomini
2523 5028 2724 5084 reddat
2741 5031 3018 5100 acceptos.

1820 5203 1960 5257 Vere
1987 5200 2226 5271 dignum
2253 5201 2310 5254 et
2325 5122 3050 5268 juxgtzoomnipotens
3083 5194 3248 5267 Deus,
3286 5196 3380 5252 cui

1747 5295 2042 5368 praprium
2060 5297 2144 5349 est
2169 5291 2390 5348 veniam
2401 5289 2616 5346 delictis
2635 5289 2966 5362 inpendere,
2995 5304 3168 5361 quam
3189 5305 3382 5362 paena.

1746 5389 1874 5446 liter
1893 5388 2173 5444 inminere
2199 5386 2246 5442 d.
2269 5384 2374 5450 Qui
2401 5383 2672 5440 fabricam
2683 5382 2770 5438 tui
2785 5383 2971 5456 operis
2996 5399 3101 5455 per
3113 5384 3378 5440 eumdem

1746 5499 1942 5540 rursus
1957 5481 2226 5554 Lapidem
2239 5495 2298 5536 es
2315 5477 2623 5552 dignitatus
2638 5477 2856 5550 erigere
2893 5493 2906 5532 :
2929 5492 3003 5532 ne
3016 5476 3227 5550 imago,
3247 5494 3376 5550 quae
3404 5537 3410 5544 ,

1816 5611 1838 5640 ε
1869 5598 2133 5654 Collectio
2164 5598 2287 5653 haec
2312 5595 2523 5667 legitur
2545 5611 2664 5667 non
2693 5593 2876 5650 solum
2907 5593 2970 5648 in
2997 5593 3255 5667 Romano
3277 5592 3374 5650 sed

1745 5669 1915 5727 etiam
1940 5670 2000 5724 in
2024 5663 2396 5725 Ambrosiano
2419 5665 2707 5722 Dominica
2730 5669 2929 5727 quarta
2954 5663 3264 5720 Adventus.

1798 5743 1838 5796 ,ἀ
1869 5741 1958 5813 Sic
1983 5743 2247 5813 inminere
2272 5756 2378 5813 pro
2403 5737 2730 5813 instare._Et
2747 5733 2876 5813 haec
2902 5735 3240 5813 Contestatio
3262 5733 3365 5786 ha-

1739 5811 1906 5868 betur
1933 5811 1996 5866 in
2015 5811 2222 5868 Ordine
2240 5803 2610 5867 Kmbrosiano
2635 5807 2924 5863 Dominica
2942 5809 3138 5878 quarta
3155 5803 3370 5858 Adven-

1741 5888 1834 5941 tus
1859 5898 2040 5958 usqne
2064 5883 2135 5939 ad
2163 5883 2286 5941 haec
2310 5882 2498 5954 verba,
2531 5883 2656 5937 Haec
2679 5883 2989 5952 postquam,
3019 5879 3124 5930 etc.
