3970 6452
495 429 600 486 463
1365 419 1697 480 APPENDIX
1735 418 1822 476 AD
1857 413 2078 474 OPERA
2115 412 2170 468 S.
2209 407 2508 469 GERMANI
2543 402 2969 465 PARISIENSIS.
3789 387 3897 443 464

495 538 568 592 ad
614 531 1040 591 similitudinem
1067 531 1154 588 tui
1178 529 1324 586 facta
1363 529 1548 586 fuerat
1577 529 1790 594 vivens,
1832 521 2118 580 dissimilis
2140 534 2198 606 Α
2218 519 2316 592 qui
2343 535 2470 574 cum
2499 534 2570 573 ex
2591 515 2824 588 Virgine
2850 517 2906 568 te
2931 506 3284 565 nasciturum
3318 497 3707 577 pronuncias,
3757 498 3900 568 quia

493 629 800 686 haberetur
854 642 923 680 ex
957 629 1158 692 morte,
1208 639 1417 679 munus
1472 622 1700 678 venialis
1748 594 2450 688 indulgentiaaultlariam
2493 613 2728 667 Matrem
2767 605 2986 674 creasti,
3025 606 3090 657 ut
3127 599 3420 665 Dominus,
3460 597 3535 652 de
3559 609 3685 666 qua
3713 594 3901 646 natus

491 719 833 794 praestitisti;
861 723 926 774 ut
954 719 1106 774 unde
1131 687 1374 774 mortem
1410 721 1705 789 peccatum
1742 687 2116 778 contraxerat,
2220 723 2278 760 es
2320 705 2502 774 filius;
2549 705 2618 758 da
2650 702 2812 756 nobis
2845 704 2910 754 ut
2955 696 3054 770 qui
3101 711 3233 750 cum
3279 693 3378 747 illa
3404 707 3439 744 a
3468 694 3526 744 te
3555 687 3652 742 vel
3684 701 3806 757 per
3838 689 3895 738 te

492 815 623 869 inde
651 812 825 866 vitam
849 811 1028 891 pietas
1053 811 1644 883 repararetimmensa.
1668 809 1795 862 Haec
1821 808 2119 876 postquam
2219 799 2392 854 creati
2417 813 2610 852 sumus
2637 813 2704 850 ex
2736 793 2932 862 nihilo,
2973 789 3147 846 simili
3183 790 3247 842 ut
3281 803 3346 842 ea
3383 779 3760 840 credulitatis
3800 793 3896 832 re-

489 904 820 980 prOphetica
843 905 1050 977 saepius
1074 922 1184 960 vox
1213 903 1498 976 praedixit,
1523 905 1578 956 et
1602 899 1862 955 Gabrihel
1887 896 2122 968 angelus

491 1001 677 1056 Mariae
699 999 820 1070 jam
848 999 1148 1069 praesentia
1171 996 1418 1064 nunciat,
1455 1011 1588 1050 mox
1630 993 1818 1066 puella
1856 991 2120 1046 credente

489 1093 552 1148 in
578 1098 740 1148 utero
765 1091 943 1146 ﬁdelis
970 1091 1133 1146 Verbi
1162 1089 1370 1144 mansit
1406 1087 1650 1160 aspirata
1687 1085 1979 1156 conceptio
2021 1098 2123 1153 per

493 1185 782 1244 Christum
809 1183 1110 1238 Dominum
1140 1187 1418 1238 nostrum.
1445 1183 1552 1236 Per
1585 1197 1757 1252 quem.
1783 1178 2122 1248 Majestatem

493 1285 650 1334 tuam
667 1278 900 1334 laudant
927 1277 1136 1348 angeli.

859 1374 989 1422 Item
1019 1369 1334 1421 Contestatio
1350 1370 1376 1400 ⁸
1399 1368 1463 1418 de
1493 1367 1748 1419 Adventu.

564 1455 703 1509 Vere
748 1451 990 1522 dignum
1025 1449 1082 1500 et
1109 1446 1328 1516 justum
1383 1447 1484 1498 est.
1539 1443 1642 1510 Tu,
1693 1435 2123 1493 clementissime

493 1551 660 1616 Deus,
706 1562 855 1600 verae
905 1538 1250 1597 credulitatis
1293 1537 1352 1592 in
1399 1535 1654 1591 sensibus
1694 1531 1900 1586 nostris
1937 1530 2122 1584 incre-

491 1645 688 1697 menta
711 1636 1044 1708 multiplica,
1085 1637 1141 1688 et
1177 1629 1445 1702 imaginis
1486 1645 1550 1682 ac
1591 1622 1978 1680 similitudinis
2011 1626 2124 1677 tuae

492 1735 734 1791 formam
757 1733 818 1787 in
843 1728 1008 1785 nobis
1053 1723 1271 1797 [magis]
1317 1722 1612 1794 magisque
1651 1723 1923 1786 restanra,
1950 1720 2016 1770 ut
2047 1719 2124 1783 te,

493 1845 666 1901 quem
686 1825 901 1882 dudum
927 1820 1140 1878 venisse
1165 1816 1448 1872 credimus
1472 1832 1576 1887 pro
1603 1811 1855 1868 remedio
1880 1808 2124 1882 captivo-

492 1937 642 1990 rum,
673 1921 732 1975 in
758 1916 1006 1974 secundo
1034 1913 1276 1968 adventu
1295 1915 1394 1966 tuo
1426 1914 1481 1964 te
1511 1923 1640 1963 cum
1661 1905 1950 1976 majestate
1987 1919 2126 1957 ven-

491 2019 691 2070 turum
733 2011 1072 2066 sustinentes
1115 2004 1306 2060 videre
1369 2017 1692 2058 mereamur
1743 2014 1874 2053 cum
1937 1995 2126 2050 indul-

495 2107 686 2180 gentia
712 2108 1092 2178 peccatorum.

566 2203 799 2267 Praesta,
837 2195 998 2252 unita
1027 2193 1054 2233 ι)
1092 2197 1147 2248 et
1189 2189 1430 2246 indivisa
1467 2187 1706 2244 Trinitas
1743 2185 1910 2253 Deus,
1959 2197 2130 2254 quem

497 2293 768 2350 caelorum
788 2288 1081 2360 multiplex
1107 2289 1164 2342 et
1191 2283 1488 2340 ineffabilis
1506 2296 1802 2347 numerus,
1829 2293 2000 2350 quem
2015 2291 2132 2330 om-

494 2387 656 2442 nium
680 2384 1010 2456 angelorum
1031 2384 1088 2436 et
1133 2376 1605 2448 archangelorum
1647 2372 1822 2442 milia,
1869 2386 2000 2424 cum
2041 2384 2128 2422 se-

493 2480 749 2536 nioribus
775 2481 832 2532 et
849 2474 1175 2542 virtutibus,
1198 2487 1328 2526 cum
1343 2468 1564 2525 thronis
1589 2470 1646 2522 et
1658 2462 2131 2522 dominationibus

492 2573 722 2630 laudare
742 2587 858 2627 non
883 2571 1102 2624 cessant
1129 2565 1375 2620 dicentes
1403 2581 1417 2617 :
1450 2561 1700 2617 Sanctus.

813 2679 970 2720 MISSA
1006 2679 1062 2717 IN
1098 2675 1298 2716 VIGILIA
1339 2671 1559 2713 NATALIS
1599 2669 1810 2710 DOMINI.

725 2745 960 2811 Epistola
977 2742 1118 2792 Pauli
1148 2739 1367 2804 apostoli
1389 2739 1455 2788 ad
1479 2737 1835 2811 Philippenses
1862 2755 1901 2783 ο.

566 2805 808 2889 Fratres,
839 2818 1081 2900 gaudete
1107 2815 1169 2869 in
1195 2812 1432 2868 Domino
1467 2826 1712 2880 semper,
1753 2808 1962 2862 iterum
2011 2805 2132 2860 dico

498 2913 738 2989 gaudete
767 2931 780 2967 :
809 2898 1084 2966 modestia
1109 2911 1292 2962 vestra
1313 2909 1446 2960 nota
1471 2903 1543 2958 sit
1583 2901 1845 2956 omnibus
1884 2898 2130 2954 homini-

495 3010 626 3078 bus,
671 3005 942 3060 Dominus
985 3001 1138 3056 enim
1173 3015 1349 3070 pr0pe
1396 3001 1498 3052 est.
1545 2995 1696 3050 Nihil
1739 2993 1955 3048 solliciti
1992 2992 2130 3059 sitis,

497 3101 594 3156 sed
616 3082 676 3154 in
705 3097 862 3153 omni
894 3095 1147 3150 oratione
1172 3109 1303 3146 cum
1331 3091 1642 3162 gratiarum
1671 3087 1890 3142 actione
1917 3085 2134 3156 petitio-

497 3211 599 3250 nes
618 3197 820 3248 vestra:
849 3190 1202 3243 innotescant
1227 3184 1378 3256 apud
1405 3185 1602 3238 Deum.
1627 3182 1692 3236 Et
1718 3197 1825 3251 pax
1855 3179 1974 3248 Dei,
2005 3195 2132 3249 quin

2220 907 2592 948 muneremur
2619 905 2688 944 ex
2713 885 2974 960 praemio.

2839 980 2960 1028 Post
2991 974 3223 1026 nomina.

2291 1065 2659 1136 Omnipotens
2687 1059 3028 1131 sempiterna
3065 1057 3235 1123 Deus,
3274 1051 3374 1124 qui
3406 1048 3793 1106 nasciturum
3824 1061 3897 1099 ex

2222 1164 2380 1215 utero
2403 1155 2668 1229 virginali
2691 1156 2878 1209 Iesum
2897 1149 3185 1207 Christum
3207 1146 3411 1201 Filium
3437 1149 3615 1200 tuum
3650 1139 3903 1212 agnosci

2222 1253 2293 1308 ab
2317 1251 2600 1320 omnibus,
2629 1252 2819 1303 sancto
2848 1242 3190 1314 archangelo
3228 1237 3562 1304 nunciante,
3604 1232 3898 1300 voluisti;

2223 1347 2294 1401 da
2329 1349 2394 1399 ut
2417 1344 2576 1415 cujus
2614 1341 2964 1396 nativitatem
3011 1334 3354 1406 accepimus,
3393 1331 3522 1402 ejus
3561 1325 3902 1400 praesentia

2227 1439 2592 1510 gaudeamus.

2890 1501 2968 1553 Ad
2995 1512 3201 1565 pacem.

2296 1591 2462 1657 Deus,
2494 1587 2652 1658 cujus
2676 1583 2963 1640 nativitate
2992 1580 3114 1634 Filii
3134 1578 3220 1634 tui
3247 1573 3479 1632 Domini
3519 1572 3720 1630 nostri
3772 1572 3901 1643 glo-

2225 1683 2374 1738 riosa
2398 1681 2664 1736 festivitas
2689 1683 2744 1733 et
2770 1675 2957 1732 Mariae
2979 1678 3208 1746 partum
3229 1677 3286 1726 et
3305 1668 3578 1741 Eogenias
3623 1665 3648 1706 ἲ
3674 1665 3901 1722 trium-

2226 1777 2427 1848 phum.
2458 1774 2630 1830 Hodie
2655 1771 2866 1844 quippe
2893 1766 3066 1824 Maria
3104 1765 3395 1826 Christum
3430 1761 3643 1834 genuit
3671 1778 3690 1828 ;
3727 1758 3907 1814 hodie

2147 1900 2204 1972 B
2227 1869 2475 1941 Eogenia
2507 1867 2576 1922 ad
2602 1865 2888 1921 Christum
2917 1861 3101 1930 vadit;
3149 1858 3319 1915 hodie
3363 1857 3461 1912 illa
3505 1857 3788 1928 generat,
3837 1851 3908 1907 ad

2228 1979 2401 2036 quem
2419 1963 2525 2016 ista
2549 1959 2807 2026 festinat;
2836 1955 3004 2011 hodie
3043 1953 3299 2010 Christus
3341 1951 3403 2006 in
3438 1949 3670 2004 mundo
3718 1946 3906 2007 venit,

2227 2056 2397 2112 hodie
2425 2054 2703 2126 virginem
2728 2052 2789 2106 in
2819 2051 2955 2104 caelo
2979 2047 3235 2102 Christus
3270 2043 3540 2116 suscipit;
3575 2041 3770 2096 hodie
3814 2057 3912 2094 na-

2231 2149 2434 2205 scendo
2461 2147 2739 2218 virginem
2756 2147 2999 2200 matrem
3021 2140 3172 2210 fecit,
3203 2138 3302 2212 qui
3329 2137 3500 2193 hodie
3527 2133 3908 2207 perficiendo

2230 2247 2538 2314 martyrem
2565 2237 2871 2294 coronavit.

2878 2325 3221 2378 Contestatio.

2301 2415 2440 2469 Vere
2466 2413 2706 2486 dignum
2731 2412 2787 2465 et
2803 2409 3024 2481 justum
3053 2412 3156 2475 est,
3187 2403 3554 2476 omnipotens
3582 2401 3778 2472 Deus,
3809 2417 3910 2474 per

2232 2507 2518 2564 Christum
2540 2504 2844 2560 Dominum
2866 2505 3146 2557 nostrum.
3161 2499 3558 2564 Quiasummo
3579 2496 3738 2551 caelo
3751 2495 3908 2550 thro-

2231 2603 2428 2674 nisque
2452 2599 2738 2670 regalibus
2761 2597 2830 2652 ad
2856 2595 2974 2650 ima
2999 2593 3367 2660 descendens,
3409 2589 3597 2646 Patris
3644 2589 3907 2662 imperio

2232 2712 2403 2751 sacrae
2427 2693 2610 2748 Mariae
2633 2695 2796 2746 utero
2823 2687 3090 2744 inviolate
3117 2687 3413 2757 susceptus
3440 2687 3550 2754 est,
3594 2685 3671 2737 ut
3703 2683 3908 2737 misce-

2229 2795 2320 2844 tor
2347 2801 2372 2841 ε
2403 2789 2548 2842 Deus
2573 2783 2859 2849 elementi,
2877 2780 3095 2852 sucepit
3118 2778 3381 2833 membra
3405 2776 3714 2846 mortalia,
3746 2792 3907 2830 sum-

2232 2883 2304 2937 sit
2328 2880 2510 2937 carnis
2539 2877 2749 2950 injuria
2773 2873 3050 2932 liberandi
3084 2871 3331 2928 hominis
3357 2876 3512 2926 vota.
3556 2871 3814 2925 Iacebat
3855 2871 3909 2924 in

2231 2975 2456 3049 pannis,
2483 2972 2738 3044 fulgebat
2762 2971 2823 3024 in
2848 2967 3039 3024 stellis.
3068 2968 3209 3023 Caro
3236 2969 3322 3020 est
3349 2964 3506 3036 quod
3533 2963 3902 3019 involvitur:

2233 3068 2513 3137 divinitas,
2543 3065 2632 3121 cui
2657 3064 2726 3118 ab
2749 3061 2968 3134 angelis
2997 3059 3375 3115 ministratur.
3412 3059 3554 3112 Erat
3584 3059 3830 3130 positus
3846 3058 3902 3112 in

2230 3161 2531 3234 praesepio,
2572 3158 2668 3212 sed
2721 3157 2896 3211 virtus
2936 3155 3059 3226 ejus
3104 3152 3447 3225 operabatur
3488 3151 3554 3206 in
3599 3152 3796 3208 caelis.
3853 3153 3908 3205 In

499 3290 732 3358 superat
773 3298 1001 3338 omnem
1041 3295 1290 3344 sensum,
1340 3276 1614 3331 custodiat
1651 3273 1817 3328 corda
1859 3275 2039 3327 vestra
2081 3267 2210 3341 etC
2235 3254 2528 3311 cunabulis
2555 3251 2794 3324 jacebat,
2817 3253 2874 3305 et
2891 3263 3139 3320 regnum
3165 3247 3388 3301 caeleste
3415 3245 3703 3301 donabat.
3737 3246 3911 3300 Natus

2303 3354 2311 3358 -
2419 3347 2469 3358 ..
2528 3346 2578 3358 η.
2641 3345 2700 3358 ..
2829 3341 2900 3358 ..
2990 3341 3025 3358 ν.
3234 3338 3599 3358 ww,”
3655 3340 3904 3358 LM,“

500 3377 902 3454 intelligentias
927 3378 1135 3429 vestras
1160 3373 1220 3426 in
1245 3371 1466 3426 Christo
1495 3370 1643 3424 Iesu.

521 3541 537 3548 μ
657 3469 832 3521 Lectio
861 3466 1027 3518 sancti
1048 3463 1320 3528 Evangelii
1347 3460 1636 3512 secundum
1665 3458 1979 3510 Matlhaeum.

571 3552 694 3608 Sint
720 3549 898 3606 lumbi
924 3545 1094 3602 vestri
1120 3543 1430 3616 praecincti,
1447 3547 1503 3597 et
1527 3543 1773 3596 lucernae
1798 3539 2058 3594 ardentes
2073 3536 2134 3589 (ιε

501 3656 559 3704 et
603 3662 702 3721 vos
755 3642 964 3696 similes
1015 3638 1320 3694 homnibus
1371 3633 1796 3707 expectantibus
1839 3631 2136 3712 dominum

503 3756 692 3808 suum,
723 3736 952 3810 quando
979 3733 1300 3789 revertatur
1323 3747 1356 3784 a
1385 3727 1614 3800 nuptiis,
1657 3732 1722 3782 ut
1756 3743 1886 3781 cum
1923 3723 2141 3780 venerit

503 3838 561 3890 et
586 3829 910 3904 pulsaverit,
941 3824 1239 3881 confestim
1265 3821 1522 3894 aperiant
1555 3821 1626 3874 ei.
1659 3820 1814 3874 Beati
1835 3823 1968 3874 sunt
1995 3817 2141 3872 servi

502 3927 606 3994 illi,
635 3940 796 3996 quos,
825 3936 958 3976 cum
976 3917 1192 3973 venerit
1215 3914 1498 3982 dominus,
1527 3913 1807 3968 invenerit
1819 3911 2137 3983 vigilantes.

505 4021 686 4074 Amen
728 4015 853 4070 dico
887 4011 1064 4080 vobis,
1113 4008 1268 4080 quod
1309 4007 1611 4079 praecingit
1657 4023 1736 4074 se,
1782 4011 1838 4061 et
1870 4004 2002 4060 facit
2019 4005 2141 4060 illos

507 4108 882 4175 discumbere,
915 4109 970 4159 et
987 4101 1267 4160 transiens
1291 4099 1636 4155 ministrabit
1655 4099 1784 4154 illis.

1100 4211 1292 4252 INCIPIT
1323 4209 1479 4250 MISSA
1515 4206 1558 4248 θ.

582 4293 888 4350 Misericors
938 4307 1001 4344 ac
1043 4288 1293 4361 piissime
1333 4288 1500 4356 Deus,
1550 4286 1710 4356 cujus
1753 4283 2036 4339 voluntate
2078 4299 2141 4336 ac

510 4403 748 4446 munere
795 4383 1062 4440 Dominus
1105 4387 1296 4438 noster
1331 4383 1488 4437 Jesus
1529 4380 1782 4434 Christus
1822 4378 1892 4432 ad
1930 4377 2034 4432 hoc
2083 4393 2140 4431 se

509 4478 850 4546 humiliavit,
898 4484 960 4534 ut
988 4480 1174 4532 totum
1219 4492 1398 4548 genus
1423 4474 1698 4529 exaltaret
1722 4472 2059 4540 humanum,
2087 4475 2144 4526 et

509 4576 638 4632 ideo
661 4575 733 4630 ad
757 4573 869 4627 ima
897 4569 1264 4637 descenderit,
1292 4573 1358 4623 ut
1399 4566 1638 4622 humilia
1673 4565 2039 4633 sublimaret;
2078 4580 2142 4618 ac

2237 3354 2320 3404 est
2343 3347 2502 3402 nobis
2523 3345 2796 3413 Christus,
2825 3341 3198 3397 inluminatus
3225 3343 3312 3394 est
3339 3338 3625 3393 mundus.
3655 3340 3910 3410 Innupta

2236 3442 2475 3515 peperit,
2505 3439 2600 3494 sed
2643 3437 2804 3508 virgo
2841 3434 3126 3506 concepit;
3177 3433 3247 3488 de
3285 3434 3409 3487 viro
3446 3448 3631 3504 pura,
3677 3433 3756 3488 de
3797 3433 3910 3487 ﬁlio

2240 3535 2501 3607 gloriosa.
2531 3530 2756 3602 Accepit
2781 3545 2990 3584 nomen
3011 3527 3229 3593 matris,
3253 3525 3350 3580 sed
3376 3541 3498 3580 non
3514 3525 3740 3582 habuit
3759 3527 3912 3582 thro—

2237 3645 2376 3684 num
2405 3625 2618 3682 uxoris.
2647 3627 2752 3679 Per
2791 3623 2952 3694 cujus
2986 3620 3341 3676 nativitatem
3374 3618 3766 3690 indulgentia
3804 3621 3908 3676 cri-

2238 3723 2461 3778 minum
2485 3718 2826 3786 conceditur,
2855 3719 2913 3770 et
2947 3713 3282 3770 resurrectio
3311 3728 3432 3768 non
3475 3719 3773 3783 negatur.
3812 3715 3912 3769 Per

2238 3817 2429 3888 ipsum
2453 3829 2626 3886 quem
2649 3812 2884 3867 laudant
2906 3809 3118 3882 angeli.

2687 3929 2840 3970 MISSA
2881 3930 2935 3969 IN
2977 3927 3178 3969 NATALE
3215 3925 3432 3967 DOMINI.

2345 4004 2520 4056 Lectio
2541 4003 2683 4053 Isaia
2708 4003 2994 4067 praphetze,
3019 3999 3243 4063 legenda
3267 3999 3323 4049 in
3355 3998 3540 4048 Natale
3569 3999 3822 4050 Domini.

2311 4086 2581 4142 Parvulus
2627 4084 2780 4139 enim
2817 4086 2983 4138 natus
3023 4086 3108 4136 est
3148 4079 3331 4150 nobis,
3379 4079 3536 4134 ﬁlius
3587 4085 3781 4136 natus
3834 4085 3913 4136 est

2241 4180 2433 4235 nobis:
2476 4183 2532 4234 et
2547 4179 2724 4233 factus
2752 4182 2836 4232 est
2855 4174 3204 4248 principatus
3229 4174 3354 4245 ejus
3379 4189 3558 4244 super
3585 4174 3913 4231 humerum

2241 4275 2382 4344 ejus,
2410 4276 2468 4328 et
2503 4271 2790 4326 vocabitur
2813 4285 3024 4325 nomen
3053 4267 3176 4339 ejus
3202 4267 3597 4337 Admirabilis,
3623 4269 3912 4324 Consilia-

2241 4367 2378 4436 rius,
2433 4367 2596 4436 Deus,
2654 4364 2854 4430 Fortis,
2905 4365 3070 4418 Pater
3121 4361 3302 4416 futuri
3351 4360 3572 4431 saeculi,
3629 4362 3912 4434 Princeps

2240 4461 2411 4534 pacis.
2444 4457 2904 4530 Multiplicabitur
2932 4457 3054 4528 ejus
3087 4454 3422 4527 imperium,
3464 4457 3522 4509 et
3562 4455 3754 4527 regni
3797 4457 3913 4526 ejus

2240 4571 2356 4610 non
2383 4553 2490 4608 erit
2511 4553 2660 4607 ﬁnis.
2691 4552 2876 4623 Super
2897 4550 3104 4605 solium
3131 4548 3303 4604 David
3343 4552 3401 4604 et
3431 4563 3618 4620 super
3653 4566 3912 4622 regnum

508 4673 812 4742 propterea
841 4666 988 4720 Deus
1017 4665 1188 4719 homo
1215 4661 1468 4717 nascitur
1491 4676 1596 4730 per
1632 4658 1941 4730 Virginem,
1981 4661 2046 4711 ut
2083 4638 2220 4711 inD
2244 4649 2365 4719 ejus
2411 4645 2691 4720 [sedebit],
2738 4650 2804 4701 ut
2853 4644 3152 4699 confirmet
3189 4642 3329 4697 illud
3373 4645 3431 4696 et
3460 4643 3832 4700 conrobaret
3861 4644 3914 4697 in

512 4759 744 4817 homine
793 4758 1076 4830 perditam
1108 4757 1386 4811 caelestem
1419 4754 1752 4808 reformaret
1788 4750 2098 4823 imaginem
2127 4768 2143 4820 ;

515 4855 592 4910 da”
611 4859 677 4909 ut
700 4852 862 4925 plebs
878 4851 1000 4906 hac
1027 4849 1132 4905 tibi
1154 4849 1459 4916 adhiereat,
1477 4851 1542 4902 ut
1555 4860 1728 4918 quam
1744 4844 2030 4900 redemisti
2050 4849 2148 4899 tuo

513 4963 772 5016 munere,
805 4944 906 5000 tibi
933 4959 1158 5015 semper
1181 4943 1378 4998 devota
1402 4941 1618 5012 placeat
1645 4940 1931 4995 servitute.

586 5112 978 5182 Emmanuhel,
1024 5036 1535 5175 Nobi33333°32t3,
1573 5109 1790 5164 Christe
1826 5107 1996 5162 Filius
2028 5105 2145 5175 Dei,

541 5209 544 5213 ι
589 5241 610 5266 ⁸³
649 5237 988 5317 Contestatio
1017 5237 1139 5316 haec
1167 5251 1270 5317 pro
1294 5234 1402 5317 alia
1440 5233 1613 5317 missa
1647 5233 1716 5314 de
1751 5233 2039 5317 adventu;
2079 5233 2148 5313 de

519 5325 631 5382 quo
657 5308 884 5382 nonnisi
906 5313 1019 5360 tres
1043 5303 1492 5382 missaiiptegrze
1520 5306 1626 5359 hoc
1663 5305 1725 5358 in
1757 5304 1964 5358 Ordine
2007 5303 2145 5357 assi-

523 5376 811 5451 gnantur:
843 5377 984 5451 forte
1011 5378 1180 5448 quod,
1199 5377 1244 5430 si
1268 5376 1578 5451 Dominicae
1605 5393 1702 5430 sex
1730 5381 1853 5431 tum
1877 5391 2140 5429 numera-

519 5448 746 5532 bantur,
777 5448 1080 5532 htelmissae
1109 5450 1288 5532 repeti
1313 5453 1563 5529 possent.

592 5522 620 5561 ι)
649 5520 738 5575 Sic
763 5521 919 5573 unita.
933 5520 995 5591 in
1016 5519 1346 5591 exemplari,
1369 5519 1875 5591 pro_una.‘VeAteres
1895 5519 2148 5591 ynionem

519 5607 626 5718 go
651 5593 860 5718 n4nitate
888 5590 1166 5646 dicebant.
1183 5587 1301 5646 ’Adi
1319 5587 1596 5645 Valesium
1626 5587 1686 5641 in
1711 5588 1934 5657 Evagrii
1962 5589 2062 5644 lib.
2090 5605 2144 5656 v,

588 5681 644 5718 υ.
715 5703 728 5717 .

521 5679 832 5816 αῗὲὶέἶιῐξρ
861 5731 985 5816 haec
1009 5730 1071 5785 in
1096 5729 1307 5816 Ordine
1332 5729 1675 5816 Gregoriano
1697 5729 2150 5816 habetur‘Dom'i-

519 5802 852 5934 gzcgiertia
895 5803 1202 5868 Adventus,
1248 5815 1378 5871 quia
1414 5800 1508 5855 hic
1554 5816 1658 5872 pro
1699 5800 1902 5872 Vigilia
1943 5802 2148 5858 Natalis

661 5893 762 5932 im.

586 5917 808 6004 “(adit
829 5937 1089 6014 Vulgata,
1106 5942 1164 5995 in
1181 5942 1434 5998 manibus
1457 5945 1677 5999 vestris:
1708 5958 1838 6017 quae
1863 5943 2030 6000 verba
2045 5945 2143 6000 de-

2239 4741 2453 4814 judicio
2483 4745 2538 4796 et
2555 4739 2792 4811 justitia.
2823 4737 3041 4794 Amodo
3067 4740 3126 4792 et
3151 4751 3330 4809 usque
3367 4735 3433 4790 in
3473 4737 3917 4810 sempiternum

2247 4837 2398 4893 zelus
2422 4833 2642 4890 Domini
2669 4832 3022 4888 exercituum
3043 4830 3214 4886 faciet
3233 4831 3364 4886 hoc.

2524 4927 2753 4991 Epistola
2797 4925 2945 4976 Pauli
2989 4924 3212 4988 apostoli
3243 4923 3310 4974 ad
3353 4923 3638 4975 Hebraeos.

2318 5013 2556 5080 Fratres,
2610 5007 2916 5064 multifaria
2964 5005 3278 5078 multisque
3328 5003 3521 5060 modis
3562 5007 3724 5062 olim
3776 5010 3918 5064 Deus

2247 5105 2481 5177 loquens
2507 5102 2761 5158 Patribus
2787 5101 2846 5157 in
2865 5099 3194 5174 prophetis;
3225 5097 3532 5154 novissime
3553 5105 3775 5158 autem
3807 5103 3918 5158 die-

2247 5234 2380 5287 sunt
2407 5231 2466 5285 in
2493 5229 2694 5286 Codice
2723 5233 2940 5295 nostro,
2966 5231 3241 5300 textuque
3267 5226 3578 5300 Grieco,_et
3609 5229 3784 5300 apud
3809 5234 3915 5284 Au-

2249 5303 2572 5375 gustinum,
2589 5317 2704 5356 non
2725 5307 2920 5375 tamen
2947 5298 3100 5375 apud
3127 5296 3467 5375 Gregorium
3493 5296 3818 5375 Magnum.

2317 5386 2340 5414 θ
2374 5373 2533 5427 Missa
2550 5367 2678 5426 haec
2708 5371 2895 5427 differt
2927 5367 3000 5423 ab
3025 5385 3090 5422 ea
3109 5367 3692 5440 quaa’assignatur'in
3721 5369 3913 5426 Missali

2246 5444 2773 5514 Cothicogallicano.
2787 5441 2842 5496 Si
2858 5441 3088 5514 quande
3101 5438 3914 5514 convenient,adnotabimus.

2318 5513 2339 5553 ε
2375 5509 2517 5568 Nota
2550 5515 2641 5569 hic
2668 5515 2736 5569 de
2766 5509 2958 5566 sancta
2994 5510 3251 5580 Eugenia
3283 5509 3509 5580 virgine
3554 5517 3618 5565 et
3662 5523 3914 5580 martyre

2247 5586 2519 5668 Domana,
2550 5601 2682 5668 quae
2704 5600 2866 5656 passa
2887 5574 3181 5668 est‘die‘?5
3209 5574 3562 5668 Decembris,
3593 5581 3736 5638 ﬁeri
3768 5574 3912 5639 mea-

2248 5657 2481 5725 tionem,
2505 5649 2621 5711 non
2652 5649 2724 5711 de
2747 5657 2942 5708 sancta
2965 5649 3282 5725 Anastasia,
3332 5651 3405 5725 de
3457 5667 3539 5725 qu
3556 5669 3591 5707 a
3615 5654 3912 5712 Romanus

2247 5728 2394 5782 Ordo
2439 5721 2546 5782 hac
2581 5727 2673 5782 die
2722 5723 3320 5799 commemorationem
3376 5721 3580 5779 habet.
3645 5727 3910 5799 Ejusdem

2247 5799 2517 5870 Eugeniae
2541 5797 2816 5852 memoria
2840 5795 3152 5870 in_Canone
3185 5793 3377 5870 missae
3405 5808 3612 5865 supra.

2275 5949 2282 5956 ’
2316 5863 2478 5929 s'Pro
2503 5873 2712 5942 παίδων,
2737 5873 2804 5925 ut
2831 5866 3063 5942 quidem
3087 5863 3396 5922 verisimile
3428 5863 3539 5926 est.
