3970 6422
75 403 158 452 itii)
563 397 1172 454 SACRAMENTARIUM
1209 399 1653 453 GALLICANUM.
1695 427 1764 439 —-
1803 399 2164 455 LECTIONES
2201 400 2287 453 DE
2324 400 2634 456 ADVENTU
2676 401 2928 457 DOMINI.

3313 385 3426 455 466

62 506 158 561 bus
180 499 304 559 istis
324 500 562 559 locutus
591 508 676 559 est
705 503 870 558 nobis
895 503 954 559 in
975 504 1113 559 Filio
1139 520 1260 572 suo,
1289 521 1462 576 quem
1490 504 1696 562 consti-
1722 517 1778 591 Α
1798 507 1945 561 Deus
1971 508 2136 561 Pater
2155 506 2531 578 omnipotens,
2552 508 2650 578 qui
2665 524 2768 578 per
2783 507 3018 563 unicum
3046 504 3251 563 Filium
3264 509 3432 563 tuum

58 600 159 655 tuit
183 598 470 654 heredem
494 598 914 665 universorum,
932 615 1035 670 per
1048 615 1218 670 quem
1243 599 1372 653 fecit
1397 605 1453 653 et
1471 601 1696 655 saecula.

60 692 155 758 Qui
182 708 315 746 cum
336 691 413 746 sit
442 692 716 762 splendor
735 692 926 761 gloriae
945 696 1000 746 et
1015 693 1199 762 figura
1219 693 1539 747 substantiae
1558 694 1697 764 ejus,

61 792 402 857 portansque
445 785 642 841 omnia
669 786 838 839 verbo
887 785 1106 839 virtutis
1135 803 1270 853 suae,
1303 787 1703 857 purgationem

61 883 417 951 peccatorum
443 879 680 944 faciens,
709 879 853 937 sedit
880 879 949 932 ad
980 879 1269 933 dexteram
1300 880 1605 949 majestatis
1645 880 1702 934 in

65 971 306 1038 excelsis,
353 975 519 1025 tanto
547 971 750 1025 melior
779 972 994 1042 angelis
1018 972 1264 1041 effectus,
1288 978 1565 1043 quantum
1593 974 1700 1027 dif-

66 1066 322 1120 ferentior
346 1081 477 1135 prae
499 1064 612 1118 illis
636 1081 844 1118 nomen
874 1065 1224 1120 hereditavit.
1253 1065 1354 1120 Cui
1381 1066 1533 1120 enim
1563 1067 1705 1120 dixit

66 1158 356 1230 aliquando
385 1159 736 1227 angelorum
765 1175 778 1212 :
808 1158 977 1211 Filius
1003 1175 1163 1212 meus
1190 1175 1248 1212 es
1276 1163 1356 1226 tu,
1395 1175 1500 1228 ego
1537 1159 1703 1213 hodie

69 1251 225 1320 genui
251 1256 306 1305 te
324 1252 353 1305 ?
383 1253 453 1305 Et
478 1267 708 1304 rursum
745 1269 758 1304 :
789 1252 906 1321 Ego
934 1267 1029 1304 ero
1057 1251 1139 1306 illi
1166 1251 1225 1306 in
1250 1256 1488 1322 patrem,
1515 1253 1702 1323 etipse

69 1346 164 1400 erit
190 1344 333 1398 mihi
361 1344 424 1398 in
457 1343 666 1397 ﬁlium.
1285 1411 1290 1416 ι

191 1437 370 1486 Lectio
405 1437 586 1486 sancti
616 1435 886 1498 Evangelii
919 1435 1207 1485 secundum
1241 1437 1554 1486 Matthaeum.

132 1519 290 1573 Liber
341 1517 739 1589 generationis
786 1519 915 1572 Iesu
953 1516 1160 1571 Christi
1210 1516 1309 1570 filii
1360 1518 1550 1584 David,
1606 1517 1706 1572 ﬁlii

67 1613 358 1666 Abraham.
387 1611 686 1665 Abraham
710 1611 907 1680 genuit
931 1612 1098 1677 Isaac,
1123 1611 1270 1662 Isaac
1291 1615 1480 1664 autem
1509 1611 1706 1680 genuit

69 1705 240 1772 Iacob,
270 1704 442 1758 Iacob
470 1709 668 1758 autem
695 1703 1104 1773 genuitIudam
1131 1706 1188 1756 et
1213 1704 1410 1757 fratres
1454 1704 1593 1773 ejus.
1640 1705 1707 1757 Et

71 1798 196 1851 alius
221 1797 394 1851 Iudas
428 1796 636 1868 genuit
662 1797 868 1866 Ioseph
902 1796 1087 1849 virum
1115 1796 1317 1864 Mariae,
1349 1796 1418 1850 de
1447 1812 1558 1866 qua
1601 1812 1703 1849 na-

74 1896 152 1944 tus
171 1896 250 1944 est
275 1889 542 1944 Christus
567 1890 615 1944 ⁸.
636 1889 841 1942 Christi
884 1893 1074 1944 autem
1110 1888 1396 1958 generatio
1447 1888 1524 1941 sic
1565 1890 1702 1942 erat.
1728 1880 1782 1950 B

76 1985 200 2038 Cum
230 1987 376 2037 esset
407 1983 751 2052 desponsata
771 1986 950 2035 mater
976 1982 1097 2051 ejus
1132 1982 1300 2035 Maria
1336 1981 1560 2051 Ioseph,
1603 1997 1704 2034 an—

76 2084 289 2148 tequam
319 2075 718 2140 convenirent,
743 2074 964 2129 inventa
994 2074 1153 2128 estin
1193 2080 1354 2128 utero
1393 2074 1602 2128 habens
1639 2075 1706 2128 de

76 2171 272 2241 Spiritu
323 2172 548 2222 sancto.
592 2167 799 2237 Ioseph
837 2171 1028 2221 autem
1065 2167 1152 2220 vir
1198 2167 1338 2236 ejus,
1381 2183 1509 2219 cum
1566 2170 1709 2220 esset

73 2263 262 2332 justus,
293 2266 351 2316 et
376 2261 563 2315 nollet
589 2276 713 2314 eam
743 2260 1058 2326 traducere,
1083 2259 1257 2313 voluit
1282 2261 1496 2314 occulte
1513 2259 1706 2312 dimit-

79 2361 181 2408 tere
206 2372 349 2408 eam.
382 2356 513 2408 llaec
545 2357 737 2407 autem
760 2369 824 2407 eo
849 2352 1149 2422 cogitante,
1179 2367 1304 2406 ecce
1339 2352 1572 2422 angelus
1597 2353 1706 2404 Do-

80 2447 206 2501 mini
225 2447 282 2501 in
311 2447 531 2500 somnis
558 2445 825 2516 apparuit
846 2445 918 2512 ei,
943 2444 1133 2498 dicens
1152 2460 1164 2497 :
1183 2444 1386 2514 Ioseph
1408 2443 1488 2496 ﬁli
1515 2444 1705 2510 David,

82 2541 183 2593 noli
237 2540 438 2593 timere
469 2538 733 2609 accipere
759 2537 990 2590 Mariam
1023 2536 1323 2606 conjugem
1351 2538 1524 2590 tuam.
1551 2536 1708 2600 Quod

85 2634 219 2688 enim
248 2633 306 2687 in
334 2649 400 2687 ea
429 2636 637 2686 natum
669 2634 771 2696 est,
795 2630 862 2683 de
893 2629 1101 2700 Spiritu
1144 2633 1334 2683 sancto
1378 2633 1478 2683 est.
1530 2629 1710 2683 Pariet

84 2733 253 2780 autem
280 2726 485 2793 ﬁlium,
506 2729 564 2779 et
593 2723 814 2777 vocabis
828 2739 1036 2778 nomen
1063 2722 1109 2792 ej
1121 2740 1182 2775 us
1201 2723 1392 2776 JESUM.
1415 2723 1533 2792 Ipse
1557 2721 1709 2775 enim

85 2820 282 2874 salvum
317 2818 484 2872 faciet
510 2817 791 2889 pOpulum
819 2832 986 2870 suum
1015 2833 1047 2868 a
1075 2815 1314 2885 peccatis
1346 2830 1562 2868 eorum.
1595 2816 1708 2868 Hoc

86 2917 260 2966 autem
289 2917 476 2966 totum
512 2912 728 2964 factum
756 2913 858 2976 est,
886 2912 952 2963 ut
994 2908 1398 2978 adimpleretur
1433 2907 1582 2978 quod
1621 2907 1706 2962 di-

86 3015 222 3064 ctum
250 3015 333 3064 est
357 3025 463 3080 per
494 3007 837 3079 prophetam
885 3006 1206 3060 dicentem:
1263 3007 1398 3059 Ecce
1444 3005 1604 3074 virgo
1649 3004 1706 3057 in

85 3110 229 3158 utero
255 3103 561 3172 concipiet,
590 3105 646 3155 et
669 3099 849 3170 pariet
876 3099 1074 3166 filium,
1107 3104 1162 3152 et
1188 3097 1474 3151 vocabitur
1502 3113 1709 3150 nomen

89 3197 191 3264 ejus
220 3193 622 3260 Emmanuhel,
655 3193 805 3263 quod
827 3195 909 3245 est
933 3192 1384 3262 interpretatum,
1412 3189 1710 3243 Nobiscum

89 3289 235 3342 Deus.
267 3291 595 3359 Exsurgens
617 3290 809 3339 autem
843 3285 1047 3354 Joseph
1087 3299 1116 3336 e
1156 3299 1351 3336 somno
1395 3282 1526 3336 fecit
1567 3282 1712 3335 sicut

87 3386 416 3454 praeceperat
429 3381 482 3435 ei
500 3379 742 3449 angelus
757 3377 976 3431 Domini
993 3395 1007 3445 ;
1029 3379 1085 3430 et
1107 3376 1319 3445 accepit
1339 3375 1565 3428 Mariam
1581 3391 1712 3427 con-

81 3477 262 3546 jugem
278 3491 462 3541 suam,
482 3477 668 3528 etnon
682 3471 941 3541 cognovit
958 3470 1285 3535 eam,donec
1299 3467 1518 3538 peperit
1530 3467 1708 3520 tilium

89 3585 236 3623 suum
265 3565 738 3639 primogenitum,
769 3568 825 3618 et
850 3563 1062 3640 vocavit
1089 3578 1294 3616 nomen
1323 3561 1443 3631 ejus
1471 3562 1660 3615 Iesum.

197 3661 366 3710 Lectio
401 3658 576 3709 sancti
608 3657 878 3719 Evangelii
911 3654 1199 3705 secundum
1232 3654 1523 3703 Mattbaaum
1541 3654 1584 3700 b.

147 3747 278 3800 Cum
295 3749 461 3800 natus
484 3747 634 3802 esset
655 3741 926 3796 Dominus
951 3743 1108 3794 Iesus
1126 3739 1196 3792 'in
1215 3739 1526 3792 Betthelem
1550 3737 1709 3790 Iudze

92 3840 138 3891 in
162 3840 350 3893 diebus
377 3836 614 3892 Herodis
641 3835 811 3906 regis,
836 3851 961 3889 ecce
991 3832 1144 3903 magi
1171 3833 1240 3885 ab
1262 3831 1488 3884 Oriente
1533 3846 1702 3884 vene-

90 3935 208 3984 runt
232 3931 644 4000 Hierusolyma,
676 3928 923 3981 dicentes
956 3943 968 3980 :
1016 3925 1119 3980 Ubi
1165 3927 1246 3978 est
1287 3923 1382 3993 qui
1425 3927 1590 3976 natus
1628 3925 1711 3975 est

93 4041 176 4077 rex
200 4025 525 4078 Iudzeorum
540 4023 568 4076 ?
585 4021 827 4075 vidimus
844 4019 995 4074 enim
1017 4017 1235 4072 stellam
1251 4017 1370 4086 ejus
1391 4016 1448 4070 in
1462 4015 1706 4082 Oriente,

93 4121 136 4168 et
183 4117 436 4171 venimus
475 4116 713 4170 adorare
752 4129 904 4167 eum.
956 4110 1201 4166 Audiens
1240 4113 1429 4163 autem
1471 4108 1711 4162 Herodes

93 4225 177 4263 rex
205 4210 455 4264 turbatus
487 4213 593 4276 est,
635 4212 690 4262 et
717 4206 899 4261 omnis
927 4203 1316 4273 Hierusolyma
1349 4218 1478 4255 cum
1498 4201 1612 4254 illo.
1644 4201 1712 4253 Et

93 4318 428 4374 congregans
470 4316 669 4356 omnes
710 4299 994 4371 principes
1030 4295 1384 4349 sacerdotum
1414 4299 1468 4348 et
1506 4293 1711 4347 scribas

93 4397 288 4465 populi,
312 4395 700 4450 sciscitabatur
720 4393 790 4446 ab
817 4392 895 4445 eis
932 4390 1031 4444 ubi
1071 4388 1322 4442 Christus
1364 4391 1708 4441 nasceretur.

97 4491 156 4540 At
181 4488 256 4541 illi
284 4489 552 4543 dixerunt
585 4505 598 4541 :
634 4489 694 4540 ln
725 4484 1035 4538 Betthelem
1060 4482 1247 4549 Iuda};
1276 4481 1354 4534 sic
1384 4480 1537 4534 enim
1575 4478 1710 4533 scri-

98 4586 240 4648 ptum
281 4586 362 4636 est
409 4597 515 4653 per
565 4579 947 4650 prophetam:
998 4577 1063 4630 Et
1105 4578 1168 4628 tu
1206 4574 1515 4629 Betthelem
1567 4577 1792 4668 terraD

94 4673 281 4728 Iuda...
322 4691 390 4729 ex
431 4678 490 4729 te
526 4673 681 4728 enim
726 4671 875 4726 exiet
909 4671 1055 4737 Dux,
1095 4666 1193 4739 qui
1237 4671 1397 4738 regat
1439 4666 1716 4736 populum

99 4782 269 4822 meum
297 4767 486 4822 Israel.

659 4851 854 4892 INCIPIT
894 4849 1051 4889 MISSA
1093 4842 1134 4886 °.

159 4928 461 4984 Nativitatis
489 4927 797 4983 Dominicze
825 4925 1182 4997 splendidum
1202 4923 1373 4988 diem,
1398 4921 1458 4974 in
1489 4935 1602 4991 quo
1627 4934 1715 4971 sa-

99 5019 215 5074 lutis
236 5027 439 5076 nostra!
467 5022 756 5076 institutor
784 5025 839 5073 et
860 5019 1142 5073 redemtor
1166 5015 1362 5069 mortis
1385 5013 1569 5083 legem
1604 5011 1716 5064 cal-

101 5112 243 5180 cavit,
265 5113 500 5168 humani
535 5113 758 5183 generis
786 5111 1042 5165 membra
1071 5107 1331 5176 suscepit,
1367 5105 1571 5168 debita,
1603 5103 1715 5156 fra-

104 5208 201 5257 tres
228 5205 597 5267 dilectissimi,
637 5203 1009 5259 sollemnitate
1053 5214 1408 5265 veneremur,
1454 5199 1718 5266 rogantes

105 5300 159 5349 ut
185 5299 277 5368 qui
301 5299 370 5353 ad
396 5299 809 5354 redemtionem
841 5300 1166 5351 nostrorum
1207 5290 1508 5346 criminum
1552 5291 1718 5343 natus

103 5394 192 5454 est,
218 5391 332 5460 ipse
360 5391 432 5444 sit
457 5396 642 5446 custos
671 5393 978 5460 perpetuus
996 5388 1066 5442 ad
1093 5387 1352 5440 salutem.

763 5475 1031 5526 Collectio.

171 5557 296 5627 Spes
306 5558 471 5612 unica
480 5557 610 5612 vitae
627 5559 835 5611 nostrae
855 5560 910 5610 et
923 5553 1055 5609 fidei
1075 5554 1483 5616 remunerator,
1509 5552 1720 5604 aeterne

115 5746 122 5755 _
170 5677 191 5705 ⁸
215 5679 295 5761 Sic
325 5680 707 5761 Evangelium'
721 5679 790 5733 de
809 5673 1408 5761 genealogiavDomini
1438 5673 1722 5761 breviatur

113 5746 346 5869 ilnbveteri
372 5744 576 5805 Codice
615 5750 752 5804 etin
777 5744 896 5804 aliis
923 5744 1211 5802 nonnullis
1254 5744 1498 5815 antiquis
1542 5744 1721 5797 Missa-

135 5836 144 5868 ι
183 5835 261 5873 us.

176 5888 199 5926 ιδ
235 5889 477 5945 Notanda
496 5889 624 5945 haec
645 5887 884 5943 secunda
901 5887 1069 5946 lectio
1096 5884 1379 5958 Evangelii
1399 5899 1502 5955 pro
1518 5882 1725 5952 Vigilia

1794 601 2012 655 salvare
2040 601 2304 672 dignatus
2329 618 2387 656 es
2409 601 2718 656 mundum:
2750 604 2969 656 naturae
2989 601 3171 655 carnis
3197 601 3428 657 adsum-

1800 695 1950 748 tione
1971 694 2254 764 miscetur,
2283 699 2348 749 ut
2375 695 2474 766 qui
2501 696 2647 749 Deus
2674 698 2794 750 erat
2820 711 2887 748 ex
2913 696 3022 748 Deo
3052 695 3236 764 Patre,
3254 695 3428 750 homo

1800 804 2026 858 quoque
2065 792 2209 842 esset
2237 804 2304 842 ex
2337 792 2548 856 matre;
2579 805 2649 842 ex
2674 791 2729 842 te
2755 787 2873 842 sine
2899 792 3171 858 tempore,
3215 803 3284 843 ex
3331 788 3429 842 illa

1802 881 1920 934 sine
1946 880 2156 934 semine
2186 900 2202 934 :
2228 881 2442 951 respice
2472 898 2593 950 nos,
2623 886 2679 935 et
2707 881 2898 936 adesto
2924 881 3184 952 precibus
3204 880 3428 936 nostris.

1803 978 1857 1027 et
1889 977 2095 1043 praesta
2135 979 2200 1027 ut
2236 975 2333 1044 qui
2370 975 2674 1029 adventum
2719 974 2843 1027 Filii
2887 974 2970 1028 tui
2995 973 3269 1027 humilem
3299 990 3430 1029 cum

1805 1067 2008 1137 gaudio
2034 1067 2285 1133 colimus,
2313 1067 2370 1121 in
2392 1068 2569 1138 gloria
2596 1067 2915 1122 venientem
2939 1083 3071 1121 cum
3095 1065 3290 1120 laetitia
3314 1082 3430 1122 me-

1803 1176 2032 1214 reamur
2059 1159 2326 1230 aspicere.

2345 1267 2348 1270 .
2420 1231 2541 1279 Post
2571 1229 2800 1278 nomina.

1874 1313 2090 1369 Christe
2117 1313 2370 1380 Domine,
2402 1314 2499 1386 qui
2518 1319 2572 1368 te
2601 1313 2919 1382 exinanisti,
2945 1317 3008 1368 ut
3035 1330 3136 1368 nos
3161 1313 3432 1385 adimple-

1805 1423 1891 1461 res
1914 1425 1928 1475 ;
1953 1407 2050 1477 qui
2078 1406 2386 1461 humiliasti
2418 1413 2492 1475 te,
2520 1411 2583 1460 ut
2607 1423 2708 1460 nos
2733 1407 3023 1474 exaltares,
3055 1408 3120 1460 ut
3163 1405 3262 1476 qui
3307 1422 3429 1461 eras

1804 1504 1931 1554 ante
1957 1499 2262 1570 Virginem,
2292 1516 2436 1554 esses
2463 1517 2531 1554 ex
2571 1499 2834 1568 Virgine;
2886 1514 2955 1553 ex
2996 1499 3106 1553 Deo
3149 1500 3307 1553 Patre
3336 1515 3431 1553 na-

1805 1597 1895 1646 tus
1913 1594 2056 1646 Deus
2085 1597 2214 1646 ante
2242 1593 2464 1661 szecula,
2496 1592 2660 1646 hodie
2693 1593 2860 1646 homo
2885 1591 3186 1646 nasceretis
3211 1592 3281 1645 ob
3323 1608 3427 1646 saa-

1807 1685 1964 1752 cula;
1995 1690 2048 1738 te
2076 1701 2319 1751 oramus,
2338 1690 2393 1741 et
2418 1685 2661 1756 petimus
2692 1689 2753 1738 ut
2779 1700 2972 1756 preces
2998 1688 3215 1741 nostras
3242 1683 3429 1755 placa-

1806 1782 1895 1832 tus
1923 1778 2209 1832 exaudias.

2468 1848 2541 1896 Ad
2570 1861 2773 1910 pacem.

1878 1928 2042 1994 Deus,
2097 1927 2329 1998 antiqua
2376 1928 2713 1997 exspectatio
2760 1928 3035 1998 gentium,
3075 1927 3174 1997 qui
3217 1927 3434 1982 oracola

1808 2021 2212 2091 prophetarum
2240 2020 2300 2073 in
2326 2020 2448 2073 luce
2475 2021 2763 2089 Evangelii
2788 2019 3043 2091 posuisti,
3072 2019 3170 2090 qui
3193 2020 3432 2090 languo-

1806 2129 1895 2168 res
1952 2117 2168 2166 nostros
2210 2117 2507 2166 curaturus
2552 2113 2785 2166 caelestis
2840 2112 3087 2166 medicus
3138 2111 3432 2167 advenisti.

1808 2207 1945 2260 Nam
1973 2205 2100 2276 quis
2146 2210 2200 2261 te
2249 2205 2424 2276 possit
2468 2221 2787 2275 agnoscere,
2842 2203 2950 2259 nisi
3004 2204 3124 2275 ipse
3171 2204 3436 2259 voluisses

1806 2299 2033 2369 agnosci
2057 2299 2083 2352 ?
2107 2298 2311 2365 tribue,
2341 2314 2686 2367 quaesumus,
2718 2302 2782 2352 ut
2807 2296 3243 2352 communicatio
3284 2313 3433 2368 prie-

1807 2391 1978 2445 sentis
2005 2391 2177 2444 osculi
2203 2395 2491 2461 perpetuae
2519 2390 2772 2460 proﬁciat
2798 2389 3037 2444 caritati.

2455 2491 2788 2540 Contestatio.

1879 2573 2015 2625 Vere
2050 2570 2289 2641 dignum
2349 2575 2405 2624 et
2447 2571 2666 2640 justum
2711 2575 2812 2639 est,
2860 2571 3212 2642 omnipotens
3266 2572 3432 2637 Deus,

1808 2682 1909 2736 per
1932 2664 2215 2719 Christum
2235 2663 2536 2717 Dominum
2555 2669 2829 2718 nostrum.
2853 2665 3023 2734 Cujus
3038 2664 3434 2718 lncarnationis

1808 2758 2051 2812 natalem
2077 2756 2242 2810 hodie
2272 2756 2638 2824 celebramus,
2671 2773 2774 2826 per
2801 2773 2970 2828 quem
3005 2773 3192 2810 annua
3233 2756 3435 2811 festivi-

1807 2855 1918 2904 tate
1931 2851 2109 2904 lucem
2125 2849 2378 2919 gentium
2397 2849 2654 2919 genuisse
2680 2849 2900 2903 testaris
2920 2867 2936 2918 ;
2959 2865 3128 2920 quem
3144 2850 3436 2920 propheta

1809 2943 2152 3009 cecinerunt,
2173 2941 2518 2996 nasciturum
2534 2942 2927 3009 Emmanuhel,
2946 2941 3247 2995 Nobiscum
3267 2943 3428 3008 Deus;

1809 3053 1980 3106 quem
2006 3036 2240 3106 angelus
2259 3035 2552 3089 nunciavit
2577 3038 2887 3089 creatorem
2913 3035 3094 3089 carnis
3123 3035 3182 3088 in
3209 3050 3435 3088 carnem

1809 3134 2108 3183 venturum
2124 3146 2140 3196 ;
2165 3144 2336 3198 quem
2349 3133 2545 3182 natum
2564 3144 2664 3198 pro
2687 3127 2863 3181 salute
2882 3128 3273 3181 universorum
3292 3127 3436 3182 mul-

1731 3236 1785 3310 C
1810 3222 1991 3276 titudo
2020 3221 2251 3276 caelestis
2278 3221 2555 3275 exercitus
2582 3221 2783 3275 divinis
2808 3221 3068 3274 laudibus
3107 3220 3430 3287 honoravit;

1810 3331 1980 3385 quem
2007 3314 2352 3368 credentium
2371 3313 2464 3384 pia
2479 3313 2616 3366 tides
2641 3312 2868 3382 agnovit
2888 3318 2943 3366 et
2960 3312 3160 3367 tenuit.
3179 3314 3251 3366 Te
3271 3329 3430 3383 ergo,

1810 3423 2153 3478 quaasumus,
2188 3406 2423 3460 Domine
2452 3407 2598 3459 Deus
2623 3411 2830 3472 noster,
2861 3405 3081 3473 exaudi,
3109 3410 3289 3472 tuere,
3316 3421 3440 3459 san-

1810 3500 1986 3554 ctitica
2009 3499 2232 3569 plebem
2256 3503 2432 3562 tuam,
2464 3514 2634 3567 quam
2665 3497 2734 3550 ad
2759 3497 3151 3550 celebrandam
3184 3512 3434 3566 prassen-

1810 3592 1879 3646 tis
1905 3591 2286 3645 sollemnitatis
2309 3590 2714 3644 beatitudinem
2742 3589 3115 3659 congregasti,
3139 3588 3436 3642 universis-

1810 3701 1918 3756 que
1943 3684 2154 3738 notitiae.
2184 3687 2291 3736 ture
2322 3681 2600 3753 [gratiam]
2632 3681 3057 3753 participatione
3096 3680 3270 3734 sancti
3308 3679 3432 3750 Spi-

1810 3779 1948 3832 ritus
1997 3776 2336 3847 propiciatus
2390 3775 2644 3843 infunde,
2698 3791 2801 3846 per
2849 3774 3004 3828 illam
3057 3777 3434 3844 exspectatam

1811 3870 2012 3924 sanctis
2040 3869 2150 3923 tuis
2173 3869 2444 3922 adventus
2469 3868 2553 3922 tui
2582 3867 2839 3938 gloriam,
2872 3883 2974 3938 per
3010 3865 3294 3921 Christum
3333 3865 3435 3919 Do-

1809 3965 2030 4018 minum
2060 3966 2336 4017 nostrum.
2368 3963 2472 4016 Per
2495 3977 2687 4031 quem.

2249 4098 2407 4137 MISSA
2435 4081 2461 4122 ά
2503 4097 2689 4138 SANCTI
2731 4097 2970 4137 suam.

2103 4176 2352 4243 Legenda
2389 4177 2447 4228 in
2487 4177 2662 4228 sancti
2699 4176 2912 4242 Stefam'
2946 4176 3131 4229 missa.

2140 4267 2315 4318 Lectio
2345 4267 2488 4316 Pauli
2505 4267 2724 4330 apostoli
2748 4266 2812 4317 ad
2837 4268 3111 4317 Romanos.

1885 4355 2120 4420 Fratres,
2151 4353 2282 4406 nolo
2302 4369 2397 4405 vos
2423 4351 2705 4422 ignorare,
2729 4351 2859 4421 quia
2885 4366 3033 4421 saepe
3060 4351 3327 4421 proposui
3351 4366 3439 4404 ve-

1813 4447 1933 4500 nire
1960 4446 2030 4500 ad
2056 4461 2173 4512 vos,
2203 4448 2258 4498 et
2282 4443 2596 4514 prohibitus
2617 4459 2740 4495 sum
2777 4458 2954 4512 usque
2988 4442 3190 4508 adhuc,
3227 4446 3292 4495 ut
3331 4441 3436 4494 ali-

1816 4554 1986 4610 quem
2012 4537 2261 4591 fructum
2291 4535 2529 4589 habeam
2552 4533 2611 4588 in
2637 4533 2813 4600 vobis,
2837 4533 2979 4586 sicut
3002 4532 3062 4586 in
3089 4533 3286 4586 ceteris
3309 4547 3442 4602 gen-

1818 4631 1984 4686 tibus.
2027 4627 2232 4683 Graecis
2271 4643 2334 4680 ac
2376 4624 2647 4692 barbaris,
2694 4623 3036 4694 sapientibus
3058 4628 3114 4678 et
3139 4623 3436 4678 insensatis

1815 4722 2033 4777 debitor
2069 4736 2215 4787 sum,
2259 4723 2314 4773 et
2361 4718 2421 4772 in
2457 4717 2613 4771 vobis
2650 4716 3053 4787 evangelizare.
3109 4717 3230 4771 Non
3283 4715 3437 4770 enim

1816 4814 2078 4869 erubesco
2103 4827 2272 4882 super
2295 4809 2680 4880 Evangelium.
2707 4809 2892 4863 Virtus
2935 4808 3087 4862 enim
3127 4808 3226 4862 Dei
3265 4811 3349 4862 est
3379 4808 3439 4861 in

1817 4908 2057 4960 salutem
2085 4904 2240 4958 omni
2277 4903 2546 4968 credenti,
2600 4901 2789 4956 Iudaeo
2820 4900 3094 4972 primum,
3128 4904 3184 4954 et
3224 4901 3437 4967 Grzeco,

1815 4998 2032 5053 Iustitia
2061 4997 2213 5051 enim
2241 4995 2338 5049 Dei
2373 4995 2432 5048 in
2460 5011 2524 5048 eo
2554 4993 2890 5047 revelabitur
2916 5009 2984 5046 ex
3015 4992 3122 5046 fide
3147 4991 3207 5045 in
3244 4990 3438 5055 fidem,

1819 5091 1963 5144 sicut
2002 5089 2276 5160 scriptum
2323 5091 2448 5142 est:
2499 5088 2684 5140 Justus
2728 5089 2917 5140 autem
2958 5101 3026 5140 ex
3067 5084 3174 5138 fide
3212 5083 3348 5139 vivit
3381 5083 3442 5138 in

1817 5182 2037 5242 Christo
2061 5183 2211 5236 Iesu.

1966 5280 2138 5330 Lectio
2173 5280 2336 5330 sancti
2367 5279 2633 5343 Evangelii
2664 5278 2951 5328 secundum
2985 5278 3298 5328 Matthaum.

1891 5367 2032 5421 Cum
2061 5365 2300 5420 venisset
2321 5364 2588 5419 Dominus
2609 5366 2766 5419 Iesus
2806 5365 3222 5435 Caphamaum,
3256 5379 3440 5418 acces-

1821 5464 2017 5514 serunt
2044 5457 2142 5529 qui
2186 5457 2412 5511 dracma
2443 5457 2810 5527 accipiebant,
2850 5461 2905 5511 et
2937 5456 3202 5511 dixerunt
3235 5457 3396 5510 Petro
3422 5473 3434 5509 :

1820 5551 2078 5622 Magister
2102 5553 2281 5604 vester
2309 5565 2423 5604 non
2449 5549 2612 5604 solvit
2640 5549 2964 5604 didracma?
2986 5549 3108 5604 Ait:
3143 5549 3344 5604 Etiam.
3377 5547 3442 5601 Et

1820 5670 2024 5726 Natalis
2042 5669 2295 5742 Domini,
2323 5669 2510 5742 forsan
2536 5667 2607 5722 ad
2627 5666 3170 5742 libitumvarianda.
3198 5736 3232 5742 _
3341 5733 3351 5742 _
3401 5730 3412 5742 ο

1889 5753 1911 5781 ο
1949 5741 2122 5793 Unica
2145 5741 2268 5794 haec
2285 5733 2463 5793 missa
2488 5755 2590 5809 pro
2612 5739 2701 5792 die
2721 5738 2844 5809 ipso
2870 5737 3180 5809 Nativitatis
3198 5733 3437 5809 Domini.

1893 5811 1918 5851 ἀ
1949 5811 2046 5864 Hic
2073 5811 2269 5864 titulus
2297 5804 2543 5864 secunda
2573 5804 2766 5877 manu,
2796 5809 2890 5863 sed
2933 5807 3162 5880 antiqua
3192 5804 3435 5872 adjectus

1825 5886 1924 5950 est,
1953 5885 2010 5935 at
2034 5880 2397 5938 necessarius.
