  <div class='ocr_page' id='page_1' title='image "/cluster/home/n/w/nwhite01/storage/ocr_20150623/72/umn.31951002477365o/242.png"; bbox 0 0 3970 6396; ppageno 0'>
   <div class='ocr_carea' id='block_1_1' title="bbox 132 393 211 444">
    <p class='ocr_par' dir='ltr' id='par_1_1' title="bbox 132 393 211 444">
     <span class='ocr_line' id='line_1_1' title="bbox 132 393 211 444; baseline -0.025 -1"><span class='ocrx_word' id='word_1_1' title='bbox 132 393 211 444; x_wconf 63' lang='grc'>469</span> 
     </span>
    </p>
   </div>
   <div class='ocr_carea' id='block_1_2' title="bbox 260 491 1595 560">
    <p class='ocr_par' dir='ltr' id='par_1_2' title="bbox 260 491 1595 560">
     <span class='ocr_line' id='line_1_2' title="bbox 260 491 1595 560; baseline 0 -16"><span class='ocrx_word' id='word_1_2' title='bbox 260 491 429 544; x_wconf 88' lang='lat' dir='ltr'>Lectio</span> <span class='ocrx_word' id='word_1_3' title='bbox 462 493 629 543; x_wconf 81' lang='lat' dir='ltr'>sancti</span> <span class='ocrx_word' id='word_1_4' title='bbox 662 493 930 560; x_wconf 77' lang='lat' dir='ltr'><strong>Evangelii</strong></span> <span class='ocrx_word' id='word_1_5' title='bbox 960 494 1249 546; x_wconf 89' lang='lat' dir='ltr'>secundum</span> <span class='ocrx_word' id='word_1_6' title='bbox 1284 493 1595 546; x_wconf 72' lang='lat' dir='ltr'>Matthaaum.</span> 
     </span>
    </p>
   </div>
   <div class='ocr_carea' id='block_1_3' title="bbox 184 579 1738 638">
    <p class='ocr_par' dir='ltr' id='par_1_3' title="bbox 184 579 1738 638">
     <span class='ocr_line' id='line_1_3' title="bbox 184 579 1738 638; baseline 0 -2"><span class='ocrx_word' id='word_1_7' title='bbox 184 579 374 636; x_wconf 84' lang='lat' dir='ltr'>Diebus</span> <span class='ocrx_word' id='word_1_8' title='bbox 409 579 524 634; x_wconf 88' lang='lat' dir='ltr'>illis</span> <span class='ocrx_word' id='word_1_9' title='bbox 567 581 838 638; x_wconf 86' lang='lat' dir='ltr'>accedens</span> <span class='ocrx_word' id='word_1_10' title='bbox 875 581 946 636; x_wconf 89' lang='lat' dir='ltr'>ad</span> <span class='ocrx_word' id='word_1_11' title='bbox 994 581 1295 636; x_wconf 90' lang='lat' dir='ltr'>Dominum</span> <span class='ocrx_word' id='word_1_12' title='bbox 1340 583 1532 636; x_wconf 82' lang='lat' dir='ltr'>Jesum</span> <span class='ocrx_word' id='word_1_13' title='bbox 1557 583 1738 636; x_wconf 86' lang='lat' dir='ltr'><strong>mater</strong></span> 
     </span>
    </p>
   </div>
   <div class='ocr_carea' id='block_1_4' title="bbox 127 674 1738 745">
    <p class='ocr_par' dir='ltr' id='par_1_4' title="bbox 127 674 1738 745">
     <span class='ocr_line' id='line_1_4' title="bbox 127 674 1738 745; baseline -0.001 -15"><span class='ocrx_word' id='word_1_14' title='bbox 127 675 346 730; x_wconf 83' lang='lat' dir='ltr'>ﬁliorum</span> <span class='ocrx_word' id='word_1_15' title='bbox 373 674 625 730; x_wconf 65' lang='lat' dir='ltr'>Zebedaai</span> <span class='ocrx_word' id='word_1_16' title='bbox 651 691 783 729; x_wconf 91' lang='lat' dir='ltr'>cum</span> <span class='ocrx_word' id='word_1_17' title='bbox 809 674 940 728; x_wconf 87' lang='lat' dir='ltr'>ﬁliis</span> <span class='ocrx_word' id='word_1_18' title='bbox 987 675 1122 742; x_wconf 85' lang='lat' dir='ltr'>suis,</span> <span class='ocrx_word' id='word_1_19' title='bbox 1163 675 1400 730; x_wconf 86' lang='lat' dir='ltr'>adorans</span> <span class='ocrx_word' id='word_1_20' title='bbox 1442 680 1498 730; x_wconf 90' lang='lat' dir='ltr'>et</span> <span class='ocrx_word' id='word_1_21' title='bbox 1543 678 1738 745; x_wconf 81' lang='lat' dir='ltr'>petens</span> 
     </span>
    </p>
   </div>
   <div class='ocr_carea' id='block_1_5' title="bbox 127 767 1738 840">
    <p class='ocr_par' dir='ltr' id='par_1_5' title="bbox 127 767 1738 840">
     <span class='ocr_line' id='line_1_5' title="bbox 127 767 1738 840; baseline -0.001 -18"><span class='ocrx_word' id='word_1_22' title='bbox 127 768 314 840; x_wconf 85' lang='lat' dir='ltr'>aliquid</span> <span class='ocrx_word' id='word_1_23' title='bbox 338 768 406 822; x_wconf 88' lang='lat' dir='ltr'>ab</span> <span class='ocrx_word' id='word_1_24' title='bbox 429 785 516 823; x_wconf 92' lang='lat' dir='ltr'>eo.</span> <span class='ocrx_word' id='word_1_25' title='bbox 551 768 658 832; x_wconf 85' lang='lat' dir='ltr'>Qui</span> <span class='ocrx_word' id='word_1_26' title='bbox 684 768 827 823; x_wconf 80' lang='lat' dir='ltr'>dixit</span> <span class='ocrx_word' id='word_1_27' title='bbox 855 768 907 822; x_wconf 91' lang='lat' dir='ltr'>ei</span> <span class='ocrx_word' id='word_1_28' title='bbox 939 785 952 822; x_wconf 91' lang='lat'>:</span> <span class='ocrx_word' id='word_1_29' title='bbox 985 769 1128 832; x_wconf 88' lang='lat' dir='ltr'>Quid</span> <span class='ocrx_word' id='word_1_30' title='bbox 1172 768 1299 823; x_wconf 84' lang='lat' dir='ltr'>vis?</span> <span class='ocrx_word' id='word_1_31' title='bbox 1348 769 1439 822; x_wconf 87' lang='lat' dir='ltr'>Ait</span> <span class='ocrx_word' id='word_1_32' title='bbox 1479 768 1558 822; x_wconf 88' lang='lat' dir='ltr'>illi</span> <span class='ocrx_word' id='word_1_33' title='bbox 1589 785 1601 822; x_wconf 88' lang='lat'><strong>:</strong></span> <span class='ocrx_word' id='word_1_34' title='bbox 1644 767 1738 822; x_wconf 91' lang='lat' dir='ltr'>Die</span> 
     </span>
    </p>
   </div>
   <div class='ocr_carea' id='block_1_6' title="bbox 126 861 1733 928">
    <p class='ocr_par' dir='ltr' id='par_1_6' title="bbox 126 861 1733 928">
     <span class='ocr_line' id='line_1_6' title="bbox 126 861 1733 928; baseline -0.001 -12"><span class='ocrx_word' id='word_1_35' title='bbox 126 867 178 916; x_wconf 90' lang='lat' dir='ltr'>ut</span> <span class='ocrx_word' id='word_1_36' title='bbox 200 861 418 916; x_wconf 84' lang='lat' dir='ltr'>sedeant</span> <span class='ocrx_word' id='word_1_37' title='bbox 453 861 517 916; x_wconf 89' lang='lat' dir='ltr'>hi</span> <span class='ocrx_word' id='word_1_38' title='bbox 545 862 656 916; x_wconf 92' lang='lat' dir='ltr'>duo</span> <span class='ocrx_word' id='word_1_39' title='bbox 677 861 778 916; x_wconf 90' lang='lat' dir='ltr'>ﬁlii</span> <span class='ocrx_word' id='word_1_40' title='bbox 804 862 1081 916; x_wconf 90' lang='lat' dir='ltr'>meiunus</span> <span class='ocrx_word' id='word_1_41' title='bbox 1111 862 1183 916; x_wconf 91' lang='lat' dir='ltr'>ad</span> <span class='ocrx_word' id='word_1_42' title='bbox 1223 861 1513 916; x_wconf 77' lang='lat' dir='ltr'>dexteram</span> <span class='ocrx_word' id='word_1_43' title='bbox 1559 865 1733 928; x_wconf 90' lang='lat' dir='ltr'>tuam,</span> 
     </span>
    </p>
   </div>
   <div class='ocr_carea' id='block_1_7' title="bbox 127 954 1736 1026">
    <p class='ocr_par' dir='ltr' id='par_1_7' title="bbox 127 954 1736 1026">
     <span class='ocr_line' id='line_1_7' title="bbox 127 954 1736 1026; baseline -0.001 -17"><span class='ocrx_word' id='word_1_44' title='bbox 127 960 172 1009; x_wconf 87' lang='lat' dir='ltr'>et</span> <span class='ocrx_word' id='word_1_45' title='bbox 191 971 328 1008; x_wconf 89' lang='lat' dir='ltr'>unus</span> <span class='ocrx_word' id='word_1_46' title='bbox 355 954 426 1008; x_wconf 89' lang='lat' dir='ltr'>ad</span> <span class='ocrx_word' id='word_1_47' title='bbox 453 954 742 1009; x_wconf 76' lang='lat' dir='ltr'>sinistram</span> <span class='ocrx_word' id='word_1_48' title='bbox 772 955 832 1010; x_wconf 91' lang='lat' dir='ltr'>in</span> <span class='ocrx_word' id='word_1_49' title='bbox 876 971 1053 1026; x_wconf 89' lang='lat' dir='ltr'>regno</span> <span class='ocrx_word' id='word_1_50' title='bbox 1087 958 1205 1010; x_wconf 90' lang='lat' dir='ltr'>tuo.</span> <span class='ocrx_word' id='word_1_51' title='bbox 1235 955 1598 1026; x_wconf 83' lang='lat' dir='ltr'>Respondens</span> <span class='ocrx_word' id='word_1_52' title='bbox 1633 970 1736 1008; x_wconf 87' lang='lat' dir='ltr'>au-</span> 
     </span>
    </p>
   </div>
   <div class='ocr_carea' id='block_1_8' title="bbox 128 1047 1735 1119">
    <p class='ocr_par' dir='ltr' id='par_1_8' title="bbox 128 1047 1735 1119">
     <span class='ocr_line' id='line_1_8' title="bbox 128 1047 1735 1119; baseline -0.001 -17"><span class='ocrx_word' id='word_1_53' title='bbox 128 1055 222 1102; x_wconf 87' lang='lat' dir='ltr'>tem</span> <span class='ocrx_word' id='word_1_54' title='bbox 262 1047 533 1101; x_wconf 88' lang='lat' dir='ltr'>Dominus</span> <span class='ocrx_word' id='word_1_55' title='bbox 567 1050 724 1102; x_wconf 88' lang='lat' dir='ltr'>.lesus</span> <span class='ocrx_word' id='word_1_56' title='bbox 776 1049 917 1102; x_wconf 91' lang='lat' dir='ltr'>dixit</span> <span class='ocrx_word' id='word_1_57' title='bbox 937 1048 985 1102; x_wconf 93' lang='lat' dir='ltr'>ei</span> <span class='ocrx_word' id='word_1_58' title='bbox 1036 1065 1048 1102; x_wconf 91' lang='lat'>:</span> <span class='ocrx_word' id='word_1_59' title='bbox 1095 1048 1326 1102; x_wconf 86' lang='lat' dir='ltr'>Nescitis</span> <span class='ocrx_word' id='word_1_60' title='bbox 1353 1048 1490 1119; x_wconf 92' lang='lat' dir='ltr'>quid</span> <span class='ocrx_word' id='word_1_61' title='bbox 1515 1047 1735 1118; x_wconf 81' lang='lat' dir='ltr'>petatis.</span> 
     </span>
    </p>
   </div>
   <div class='ocr_carea' id='block_1_9' title="bbox 126 1141 1738 1212">
    <p class='ocr_par' dir='ltr' id='par_1_9' title="bbox 126 1141 1738 1212">
     <span class='ocr_line' id='line_1_9' title="bbox 126 1141 1738 1212; baseline -0.001 -17"><span class='ocrx_word' id='word_1_62' title='bbox 126 1141 334 1195; x_wconf 85' lang='lat' dir='ltr'>Potestis</span> <span class='ocrx_word' id='word_1_63' title='bbox 377 1141 612 1194; x_wconf 81' lang='lat' dir='ltr'>calicem</span> <span class='ocrx_word' id='word_1_64' title='bbox 658 1142 851 1196; x_wconf 89' lang='lat' dir='ltr'>bibere</span> <span class='ocrx_word' id='word_1_65' title='bbox 897 1158 1068 1212; x_wconf 87' lang='lat' dir='ltr'>quem</span> <span class='ocrx_word' id='word_1_66' title='bbox 1105 1158 1210 1212; x_wconf 85' lang='lat' dir='ltr'>ego</span> <span class='ocrx_word' id='word_1_67' title='bbox 1247 1141 1526 1195; x_wconf 91' lang='lat' dir='ltr'>bibiturus</span> <span class='ocrx_word' id='word_1_68' title='bbox 1566 1141 1738 1194; x_wconf 81' lang='lat' dir='ltr'>sum?</span> 
     </span>
    </p>
   </div>
   <div class='ocr_carea' id='block_1_10' title="bbox 125 1232 1738 1306">
    <p class='ocr_par' dir='ltr' id='par_1_10' title="bbox 125 1232 1738 1306">
     <span class='ocr_line' id='line_1_10' title="bbox 125 1232 1738 1306; baseline -0.001 -18"><span class='ocrx_word' id='word_1_69' title='bbox 125 1234 302 1288; x_wconf 86' lang='lat' dir='ltr'>Dicunt</span> <span class='ocrx_word' id='word_1_70' title='bbox 337 1232 432 1288; x_wconf 90' lang='lat' dir='ltr'>ei:</span> <span class='ocrx_word' id='word_1_71' title='bbox 483 1235 808 1288; x_wconf 88' lang='lat' dir='ltr'>Possumus.</span> <span class='ocrx_word' id='word_1_72' title='bbox 860 1234 950 1288; x_wconf 82' lang='lat' dir='ltr'>Ait</span> <span class='ocrx_word' id='word_1_73' title='bbox 991 1234 1143 1288; x_wconf 88' lang='lat' dir='ltr'>illis:</span> <span class='ocrx_word' id='word_1_74' title='bbox 1207 1235 1446 1288; x_wconf 86' lang='lat' dir='ltr'>Calicem</span> <span class='ocrx_word' id='word_1_75' title='bbox 1507 1234 1738 1306; x_wconf 85' lang='lat' dir='ltr'>quidem</span> 
     </span>
    </p>
   </div>
   <div class='ocr_carea' id='block_1_11' title="bbox 127 1326 1737 1395">
    <p class='ocr_par' dir='ltr' id='par_1_11' title="bbox 127 1326 1737 1395">
     <span class='ocr_line' id='line_1_11' title="bbox 127 1326 1737 1395; baseline -0.001 -14"><span class='ocrx_word' id='word_1_76' title='bbox 127 1344 295 1381; x_wconf 88' lang='lat' dir='ltr'>meum</span> <span class='ocrx_word' id='word_1_77' title='bbox 348 1326 586 1395; x_wconf 90' lang='lat' dir='ltr'>bibetis;</span> <span class='ocrx_word' id='word_1_78' title='bbox 629 1328 824 1382; x_wconf 83' lang='lat' dir='ltr'>sedere</span> <span class='ocrx_word' id='word_1_79' title='bbox 865 1333 1055 1382; x_wconf 88' lang='lat' dir='ltr'>autem</span> <span class='ocrx_word' id='word_1_80' title='bbox 1101 1329 1172 1382; x_wconf 89' lang='lat' dir='ltr'>ad</span> <span class='ocrx_word' id='word_1_81' title='bbox 1220 1329 1507 1382; x_wconf 79' lang='lat' dir='ltr'>dexteram</span> <span class='ocrx_word' id='word_1_82' title='bbox 1553 1343 1737 1381; x_wconf 88' lang='lat' dir='ltr'>meam</span> 
     </span>
    </p>
   </div>
   <div class='ocr_carea' id='block_1_12' title="bbox 127 1419 1738 1491">
    <p class='ocr_par' dir='ltr' id='par_1_12' title="bbox 127 1419 1738 1491">
     <span class='ocr_line' id='line_1_12' title="bbox 127 1419 1738 1491; baseline -0.001 -17"><span class='ocrx_word' id='word_1_83' title='bbox 127 1425 171 1474; x_wconf 91' lang='lat' dir='ltr'>et</span> <span class='ocrx_word' id='word_1_84' title='bbox 194 1419 487 1488; x_wconf 87' lang='lat' dir='ltr'>sinistram,</span> <span class='ocrx_word' id='word_1_85' title='bbox 511 1437 632 1474; x_wconf 92' lang='lat' dir='ltr'>non</span> <span class='ocrx_word' id='word_1_86' title='bbox 658 1425 743 1475; x_wconf 89' lang='lat' dir='ltr'>est</span> <span class='ocrx_word' id='word_1_87' title='bbox 771 1437 964 1475; x_wconf 90' lang='lat' dir='ltr'>meum</span> <span class='ocrx_word' id='word_1_88' title='bbox 989 1421 1120 1476; x_wconf 91' lang='lat' dir='ltr'>dare</span> <span class='ocrx_word' id='word_1_89' title='bbox 1173 1421 1346 1490; x_wconf 86' lang='lat' dir='ltr'>vobis,</span> <span class='ocrx_word' id='word_1_90' title='bbox 1396 1421 1491 1475; x_wconf 92' lang='lat' dir='ltr'>sed</span> <span class='ocrx_word' id='word_1_91' title='bbox 1534 1419 1738 1491; x_wconf 88' lang='lat' dir='ltr'>quibus</span> 
     </span>
    </p>
   </div>
   <div class='ocr_carea' id='block_1_13' title="bbox 125 1515 894 1584">
    <p class='ocr_par' dir='ltr' id='par_1_13' title="bbox 125 1515 894 1584">
     <span class='ocr_line' id='line_1_13' title="bbox 125 1515 894 1584; baseline 0.003 -18"><span class='ocrx_word' id='word_1_92' title='bbox 125 1516 360 1584; x_wconf 86' lang='lat' dir='ltr'>paratum</span> <span class='ocrx_word' id='word_1_93' title='bbox 385 1517 469 1568; x_wconf 86' lang='lat' dir='ltr'>est</span> <span class='ocrx_word' id='word_1_94' title='bbox 495 1530 528 1567; x_wconf 90' lang='lat' dir='ltr'>a</span> <span class='ocrx_word' id='word_1_95' title='bbox 557 1515 724 1568; x_wconf 83' lang='lat' dir='ltr'>Patre</span> <span class='ocrx_word' id='word_1_96' title='bbox 747 1531 894 1568; x_wconf 90' lang='lat' dir='ltr'>meo.</span> 
     </span>
    </p>
   </div>
   <div class='ocr_carea' id='block_1_14' title="bbox 706 1621 1143 1669">
    <p class='ocr_par' dir='ltr' id='par_1_14' title="bbox 706 1621 1143 1669">
     <span class='ocr_line' id='line_1_14' title="bbox 706 1621 1143 1669; baseline 0 -3"><span class='ocrx_word' id='word_1_97' title='bbox 706 1628 897 1667; x_wconf 82' lang='lat' dir='ltr'>INCIPIT</span> <span class='ocrx_word' id='word_1_98' title='bbox 922 1628 1082 1669; x_wconf 75' lang='lat' dir='ltr'>MISSA</span> <span class='ocrx_word' id='word_1_99' title='bbox 1097 1621 1143 1666; x_wconf 81' lang='grc'><strong>⁸.</strong></span> 
     </span>
    </p>
   </div>
   <div class='ocr_carea' id='block_1_15' title="bbox 184 1703 1737 1776">
    <p class='ocr_par' dir='ltr' id='par_1_15' title="bbox 184 1703 1737 1776">
     <span class='ocr_line' id='line_1_15' title="bbox 184 1703 1737 1776; baseline -0.001 -18"><span class='ocrx_word' id='word_1_100' title='bbox 184 1704 470 1759; x_wconf 84' lang='lat' dir='ltr'>Electionis</span> <span class='ocrx_word' id='word_1_101' title='bbox 492 1705 804 1759; x_wconf 69' lang='lat' dir='ltr'>Dominicre</span> <span class='ocrx_word' id='word_1_102' title='bbox 832 1707 1166 1776; x_wconf 53' lang='lat' dir='ltr'>praclarum</span> <span class='ocrx_word' id='word_1_103' title='bbox 1207 1703 1615 1770; x_wconf 88' lang='lat' dir='ltr'>testimonium,</span> <span class='ocrx_word' id='word_1_104' title='bbox 1659 1707 1737 1757; x_wconf 86' lang='lat' dir='ltr'>at-</span> 
     </span>
    </p>
   </div>
   <div class='ocr_carea' id='block_1_16' title="bbox 125 1799 1733 1870">
    <p class='ocr_par' dir='ltr' id='par_1_16' title="bbox 125 1799 1733 1870">
     <span class='ocr_line' id='line_1_16' title="bbox 125 1799 1733 1870; baseline -0.001 -18"><span class='ocrx_word' id='word_1_105' title='bbox 125 1813 218 1869; x_wconf 88' lang='lat' dir='ltr'>que</span> <span class='ocrx_word' id='word_1_106' title='bbox 234 1799 554 1868; x_wconf 63' lang='lat' dir='ltr'>apostolicae</span> <span class='ocrx_word' id='word_1_107' title='bbox 574 1799 1028 1870; x_wconf 80' lang='lat' dir='ltr'>congregationis</span> <span class='ocrx_word' id='word_1_108' title='bbox 1048 1799 1304 1852; x_wconf 85' lang='lat' dir='ltr'>mirabile</span> <span class='ocrx_word' id='word_1_109' title='bbox 1320 1801 1733 1864; x_wconf 82' lang='lat' dir='ltr'>ornamentum,</span> 
     </span>
    </p>
   </div>
   <div class='ocr_carea' id='block_1_17' title="bbox 125 1877 1814 1962">
    <p class='ocr_par' dir='ltr' id='par_1_17' title="bbox 125 1877 1814 1962">
     <span class='ocr_line' id='line_1_17' title="bbox 125 1877 1814 1962; baseline -0.001 -18"><span class='ocrx_word' id='word_1_110' title='bbox 125 1895 170 1944; x_wconf 89' lang='lat' dir='ltr'>et</span> <span class='ocrx_word' id='word_1_111' title='bbox 189 1892 519 1962; x_wconf 70' lang='lat' dir='ltr'>evangelica—3</span> <span class='ocrx_word' id='word_1_112' title='bbox 568 1893 817 1947; x_wconf 78' lang='lat' dir='ltr'>veritatis</span> <span class='ocrx_word' id='word_1_113' title='bbox 865 1893 1082 1948; x_wconf 60' lang='lat' dir='ltr'>caeleste</span> <span class='ocrx_word' id='word_1_114' title='bbox 1133 1890 1478 1962; x_wconf 67' lang='lat' dir='ltr'>praeconium</span> <span class='ocrx_word' id='word_1_115' title='bbox 1523 1893 1738 1943; x_wconf 90' lang='lat' dir='ltr'>sanctos</span> <span class='ocrx_word' id='word_1_116' title='bbox 1761 1877 1814 1948; x_wconf 87' lang='grc' dir='ltr'><strong>Β</strong></span> 
     </span>
    </p>
   </div>
   <div class='ocr_carea' id='block_1_18' title="bbox 129 1983 1736 2057">
    <p class='ocr_par' dir='ltr' id='par_1_18' title="bbox 129 1983 1736 2057">
     <span class='ocr_line' id='line_1_18' title="bbox 129 1983 1736 2057; baseline -0.001 -20"><span class='ocrx_word' id='word_1_117' title='bbox 129 1984 206 2037; x_wconf 87' lang='lat' dir='ltr'>Dei</span> <span class='ocrx_word' id='word_1_118' title='bbox 233 1986 500 2054; x_wconf 87' lang='lat' dir='ltr'>apostolos</span> <span class='ocrx_word' id='word_1_119' title='bbox 550 1991 609 2041; x_wconf 90' lang='lat' dir='ltr'>et</span> <span class='ocrx_word' id='word_1_120' title='bbox 652 1991 929 2057; x_wconf 78' lang='lat' dir='ltr'>martyres</span> <span class='ocrx_word' id='word_1_121' title='bbox 973 1986 1240 2040; x_wconf 88' lang='lat' dir='ltr'>Jacobum</span> <span class='ocrx_word' id='word_1_122' title='bbox 1299 1989 1353 2038; x_wconf 91' lang='lat' dir='ltr'>et</span> <span class='ocrx_word' id='word_1_123' title='bbox 1401 1983 1736 2049; x_wconf 80' lang='lat' dir='ltr'>Johannem,</span> 
     </span>
    </p>
   </div>
   <div class='ocr_carea' id='block_1_19' title="bbox 125 2074 1737 2150">
    <p class='ocr_par' dir='ltr' id='par_1_19' title="bbox 125 2074 1737 2150">
     <span class='ocr_line' id='line_1_19' title="bbox 125 2074 1737 2150; baseline -0.001 -20"><span class='ocrx_word' id='word_1_124' title='bbox 125 2077 402 2132; x_wconf 90' lang='lat' dir='ltr'>Dominum</span> <span class='ocrx_word' id='word_1_125' title='bbox 433 2079 844 2150; x_wconf 90' lang='lat' dir='ltr'>deprecemur;</span> <span class='ocrx_word' id='word_1_126' title='bbox 881 2083 944 2133; x_wconf 92' lang='lat' dir='ltr'>ut</span> <span class='ocrx_word' id='word_1_127' title='bbox 972 2080 1071 2150; x_wconf 90' lang='lat' dir='ltr'>qui</span> <span class='ocrx_word' id='word_1_128' title='bbox 1089 2074 1208 2132; x_wconf 87' lang='lat' dir='ltr'>illis</span> <span class='ocrx_word' id='word_1_129' title='bbox 1235 2077 1577 2148; x_wconf 89' lang='lat' dir='ltr'>apostolatus</span> <span class='ocrx_word' id='word_1_130' title='bbox 1609 2092 1737 2146; x_wconf 84' lang='lat' dir='ltr'>gra-</span> 
     </span>
    </p>
   </div>
   <div class='ocr_carea' id='block_1_20' title="bbox 126 2170 1736 2243">
    <p class='ocr_par' dir='ltr' id='par_1_20' title="bbox 126 2170 1736 2243">
     <span class='ocr_line' id='line_1_20' title="bbox 126 2170 1736 2243; baseline 0.001 -20"><span class='ocrx_word' id='word_1_131' title='bbox 126 2170 241 2224; x_wconf 89' lang='lat' dir='ltr'>tiam</span> <span class='ocrx_word' id='word_1_132' title='bbox 267 2172 348 2225; x_wconf 78' lang='lat' dir='ltr'>vel</span> <span class='ocrx_word' id='word_1_133' title='bbox 377 2172 641 2243; x_wconf 75' lang='lat' dir='ltr'>martyrii</span> <span class='ocrx_word' id='word_1_134' title='bbox 670 2173 822 2227; x_wconf 91' lang='lat' dir='ltr'>dedit</span> <span class='ocrx_word' id='word_1_135' title='bbox 852 2189 1137 2240; x_wconf 88' lang='lat' dir='ltr'>coronam,</span> <span class='ocrx_word' id='word_1_136' title='bbox 1164 2171 1326 2226; x_wconf 90' lang='lat' dir='ltr'>nobis</span> <span class='ocrx_word' id='word_1_137' title='bbox 1351 2185 1577 2242; x_wconf 90' lang='lat' dir='ltr'>quoque</span> <span class='ocrx_word' id='word_1_138' title='bbox 1603 2185 1736 2224; x_wconf 83' lang='lat' dir='ltr'>con-</span> 
     </span>
    </p>
   </div>
   <div class='ocr_carea' id='block_1_21' title="bbox 124 2264 924 2338">
    <p class='ocr_par' dir='ltr' id='par_1_21' title="bbox 124 2264 924 2338">
     <span class='ocr_line' id='line_1_21' title="bbox 124 2264 924 2338; baseline 0.004 -21"><span class='ocrx_word' id='word_1_139' title='bbox 124 2264 264 2319; x_wconf 87' lang='lat' dir='ltr'>cedat</span> <span class='ocrx_word' id='word_1_140' title='bbox 284 2264 512 2320; x_wconf 87' lang='lat' dir='ltr'>veniam</span> <span class='ocrx_word' id='word_1_141' title='bbox 537 2271 924 2338; x_wconf 88' lang='lat' dir='ltr'>peccatorum.</span> 
     </span>
    </p>
   </div>
   <div class='ocr_carea' id='block_1_22' title="bbox 787 2357 1052 2408">
    <p class='ocr_par' dir='ltr' id='par_1_22' title="bbox 787 2357 1052 2408">
     <span class='ocr_line' id='line_1_22' title="bbox 787 2357 1052 2408; baseline -0.008 0"><span class='ocrx_word' id='word_1_142' title='bbox 787 2357 1052 2408; x_wconf 89' lang='lat' dir='ltr'>Collectio.</span> 
     </span>
    </p>
   </div>
   <div class='ocr_carea' id='block_1_23' title="bbox 183 2441 1742 2515">
    <p class='ocr_par' dir='ltr' id='par_1_23' title="bbox 183 2441 1742 2515">
     <span class='ocr_line' id='line_1_23' title="bbox 183 2441 1742 2515; baseline 0 -19"><span class='ocrx_word' id='word_1_143' title='bbox 183 2444 336 2513; x_wconf 88' lang='lat' dir='ltr'>Deus,</span> <span class='ocrx_word' id='word_1_144' title='bbox 397 2445 497 2515; x_wconf 90' lang='lat' dir='ltr'>qui</span> <span class='ocrx_word' id='word_1_145' title='bbox 558 2444 893 2499; x_wconf 87' lang='lat' dir='ltr'>beatissimis</span> <span class='ocrx_word' id='word_1_146' title='bbox 934 2442 1198 2514; x_wconf 89' lang='lat' dir='ltr'>apostolis</span> <span class='ocrx_word' id='word_1_147' title='bbox 1257 2441 1368 2496; x_wconf 86' lang='lat' dir='ltr'>tuis</span> <span class='ocrx_word' id='word_1_148' title='bbox 1427 2441 1626 2495; x_wconf 83' lang='lat' dir='ltr'>Jacobo</span> <span class='ocrx_word' id='word_1_149' title='bbox 1686 2445 1742 2496; x_wconf 89' lang='lat' dir='ltr'>et</span> 
     </span>
    </p>
   </div>
   <div class='ocr_carea' id='block_1_24' title="bbox 123 2534 1738 2609">
    <p class='ocr_par' dir='ltr' id='par_1_24' title="bbox 123 2534 1738 2609">
     <span class='ocr_line' id='line_1_24' title="bbox 123 2534 1738 2609; baseline -0.002 -20"><span class='ocrx_word' id='word_1_150' title='bbox 123 2536 343 2591; x_wconf 75' lang='lat' dir='ltr'>Iohanni</span> <span class='ocrx_word' id='word_1_151' title='bbox 374 2538 617 2608; x_wconf 87' lang='lat' dir='ltr'>gloriam</span> <span class='ocrx_word' id='word_1_152' title='bbox 645 2538 922 2609; x_wconf 79' lang='lat' dir='ltr'>martyrii,</span> <span class='ocrx_word' id='word_1_153' title='bbox 948 2535 1233 2591; x_wconf 86' lang='lat' dir='ltr'>bibitionis</span> <span class='ocrx_word' id='word_1_154' title='bbox 1269 2536 1352 2589; x_wconf 90' lang='lat' dir='ltr'>tui</span> <span class='ocrx_word' id='word_1_155' title='bbox 1385 2534 1571 2590; x_wconf 87' lang='lat' dir='ltr'>calicis</span> <span class='ocrx_word' id='word_1_156' title='bbox 1589 2550 1738 2605; x_wconf 66' lang='lat' dir='ltr'>prte-</span> 
     </span>
    </p>
   </div>
   <div class='ocr_carea' id='block_1_25' title="bbox 124 2626 1740 2701">
    <p class='ocr_par' dir='ltr' id='par_1_25' title="bbox 124 2626 1740 2701">
     <span class='ocr_line' id='line_1_25' title="bbox 124 2626 1740 2701; baseline -0.001 -19"><span class='ocrx_word' id='word_1_157' title='bbox 124 2629 310 2697; x_wconf 85' lang='lat' dir='ltr'>dixisti,</span> <span class='ocrx_word' id='word_1_158' title='bbox 342 2635 403 2684; x_wconf 89' lang='lat' dir='ltr'>ut</span> <span class='ocrx_word' id='word_1_159' title='bbox 428 2635 484 2686; x_wconf 91' lang='lat' dir='ltr'>et</span> <span class='ocrx_word' id='word_1_160' title='bbox 522 2630 889 2686; x_wconf 83' lang='lat' dir='ltr'>conﬁrmares</span> <span class='ocrx_word' id='word_1_161' title='bbox 925 2630 1352 2701; x_wconf 90' lang='lat' dir='ltr'>responsionem</span> <span class='ocrx_word' id='word_1_162' title='bbox 1389 2645 1560 2700; x_wconf 89' lang='lat' dir='ltr'>quam</span> <span class='ocrx_word' id='word_1_163' title='bbox 1602 2626 1740 2680; x_wconf 87' lang='lat' dir='ltr'>ﬁdes</span> 
     </span>
    </p>
   </div>
   <div class='ocr_carea' id='block_1_26' title="bbox 125 2720 1742 2795">
    <p class='ocr_par' dir='ltr' id='par_1_26' title="bbox 125 2720 1742 2795">
     <span class='ocr_line' id='line_1_26' title="bbox 125 2720 1742 2795; baseline -0.002 -19"><span class='ocrx_word' id='word_1_164' title='bbox 125 2739 248 2791; x_wconf 88' lang='lat' dir='ltr'>pura</span> <span class='ocrx_word' id='word_1_165' title='bbox 295 2726 654 2794; x_wconf 87' lang='lat' dir='ltr'>protulerat;</span> <span class='ocrx_word' id='word_1_166' title='bbox 715 2724 892 2795; x_wconf 88' lang='lat' dir='ltr'>prosit</span> <span class='ocrx_word' id='word_1_167' title='bbox 954 2722 1298 2795; x_wconf 87' lang='lat' dir='ltr'>patrociniis,</span> <span class='ocrx_word' id='word_1_168' title='bbox 1359 2726 1423 2776; x_wconf 92' lang='lat' dir='ltr'>ut</span> <span class='ocrx_word' id='word_1_169' title='bbox 1494 2720 1742 2791; x_wconf 85' lang='lat' dir='ltr'>digneris</span> 
     </span>
    </p>
   </div>
   <div class='ocr_carea' id='block_1_27' title="bbox 125 2817 709 2888">
    <p class='ocr_par' dir='ltr' id='par_1_27' title="bbox 125 2817 709 2888">
     <span class='ocr_line' id='line_1_27' title="bbox 125 2817 709 2888; baseline 0.007 -20"><span class='ocrx_word' id='word_1_170' title='bbox 125 2817 368 2872; x_wconf 81' lang='lat' dir='ltr'>exaudire</span> <span class='ocrx_word' id='word_1_171' title='bbox 395 2817 709 2888; x_wconf 73' lang='lat' dir='ltr'>suifragiis.</span> 
     </span>
    </p>
   </div>
   <div class='ocr_carea' id='block_1_28' title="bbox 739 2887 1116 2936">
    <p class='ocr_par' dir='ltr' id='par_1_28' title="bbox 739 2887 1116 2936">
     <span class='ocr_line' id='line_1_28' title="bbox 739 2887 1116 2936; baseline -0.003 0"><span class='ocrx_word' id='word_1_172' title='bbox 739 2889 860 2936; x_wconf 89' lang='lat' dir='ltr'>Post</span> <span class='ocrx_word' id='word_1_173' title='bbox 887 2887 1116 2936; x_wconf 90' lang='lat' dir='ltr'>nomina.</span> 
     </span>
    </p>
   </div>
   <div class='ocr_carea' id='block_1_29' title="bbox 185 2968 1743 3045">
    <p class='ocr_par' dir='ltr' id='par_1_29' title="bbox 185 2968 1743 3045">
     <span class='ocr_line' id='line_1_29' title="bbox 185 2968 1743 3045; baseline -0.003 -20"><span class='ocrx_word' id='word_1_174' title='bbox 185 2973 426 3041; x_wconf 90' lang='lat' dir='ltr'>Domine,</span> <span class='ocrx_word' id='word_1_175' title='bbox 453 2989 632 3045; x_wconf 84' lang='lat' dir='ltr'>quem</span> <span class='ocrx_word' id='word_1_176' title='bbox 660 2975 955 3027; x_wconf 89' lang='lat' dir='ltr'>vocantem</span> <span class='ocrx_word' id='word_1_177' title='bbox 988 2969 1406 3041; x_wconf 89' lang='lat' dir='ltr'>sanctiapostoli</span> <span class='ocrx_word' id='word_1_178' title='bbox 1433 2968 1668 3023; x_wconf 88' lang='lat' dir='ltr'>Jacobus</span> <span class='ocrx_word' id='word_1_179' title='bbox 1689 2972 1743 3021; x_wconf 90' lang='lat' dir='ltr'>et</span> 
     </span>
    </p>
   </div>
   <div class='ocr_carea' id='block_1_30' title="bbox 121 3064 1742 3137">
    <p class='ocr_par' dir='ltr' id='par_1_30' title="bbox 121 3064 1742 3137">
     <span class='ocr_line' id='line_1_30' title="bbox 121 3064 1742 3137; baseline -0.002 -20"><span class='ocrx_word' id='word_1_180' title='bbox 121 3066 380 3121; x_wconf 87' lang='lat' dir='ltr'>Johannes</span> <span class='ocrx_word' id='word_1_181' title='bbox 402 3066 515 3120; x_wconf 89' lang='lat' dir='ltr'>ﬁde</span> <span class='ocrx_word' id='word_1_182' title='bbox 543 3067 772 3137; x_wconf 89' lang='lat' dir='ltr'>integra</span> <span class='ocrx_word' id='word_1_183' title='bbox 797 3070 927 3120; x_wconf 89' lang='lat' dir='ltr'>sunt</span> <span class='ocrx_word' id='word_1_184' title='bbox 952 3064 1146 3133; x_wconf 91' lang='lat' dir='ltr'>secuti,</span> <span class='ocrx_word' id='word_1_185' title='bbox 1176 3066 1232 3118; x_wconf 91' lang='lat' dir='ltr'>et</span> <span class='ocrx_word' id='word_1_186' title='bbox 1261 3079 1431 3134; x_wconf 90' lang='lat' dir='ltr'>quem</span> <span class='ocrx_word' id='word_1_187' title='bbox 1447 3065 1742 3132; x_wconf 88' lang='lat' dir='ltr'>sequentes</span> 
     </span>
    </p>
   </div>
   <div class='ocr_carea' id='block_1_31' title="bbox 124 3155 1738 3230">
    <p class='ocr_par' dir='ltr' id='par_1_31' title="bbox 124 3155 1738 3230">
     <span class='ocr_line' id='line_1_31' title="bbox 124 3155 1738 3230; baseline -0.001 -19"><span class='ocrx_word' id='word_1_188' title='bbox 124 3159 330 3214; x_wconf 79' lang='lat' dir='ltr'>caritate</span> <span class='ocrx_word' id='word_1_189' title='bbox 354 3159 586 3230; x_wconf 89' lang='lat' dir='ltr'>integra</span> <span class='ocrx_word' id='word_1_190' title='bbox 611 3164 744 3213; x_wconf 91' lang='lat' dir='ltr'>sunt</span> <span class='ocrx_word' id='word_1_191' title='bbox 773 3157 952 3227; x_wconf 89' lang='lat' dir='ltr'>electi,</span> <span class='ocrx_word' id='word_1_192' title='bbox 979 3162 1044 3211; x_wconf 90' lang='lat' dir='ltr'>ut</span> <span class='ocrx_word' id='word_1_193' title='bbox 1068 3155 1266 3211; x_wconf 90' lang='lat' dir='ltr'>mundi</span> <span class='ocrx_word' id='word_1_194' title='bbox 1299 3155 1602 3226; x_wconf 85' lang='lat' dir='ltr'>piscatores</span> <span class='ocrx_word' id='word_1_195' title='bbox 1639 3155 1738 3209; x_wconf 87' lang='lat' dir='ltr'>ﬁe-</span> 
     </span>
    </p>
   </div>
   <div class='ocr_carea' id='block_1_32' title="bbox 601 386 2964 445">
    <p class='ocr_par' dir='ltr' id='par_1_32' title="bbox 601 386 2964 445">
     <span class='ocr_line' id='line_1_32' title="bbox 601 386 2964 445; baseline 0.001 -4"><span class='ocrx_word' id='word_1_196' title='bbox 601 386 1210 445; x_wconf 72' lang='lat' dir='ltr'>SACRAMENTABIUM</span> <span class='ocrx_word' id='word_1_197' title='bbox 1247 388 1690 444; x_wconf 71' lang='lat' dir='ltr'>GALLICANUM.</span> <span class='ocrx_word' id='word_1_198' title='bbox 1733 415 1800 426; x_wconf 87' lang='grc'>-·</span> <span class='ocrx_word' id='word_1_199' title='bbox 1837 387 2203 443; x_wconf 71' lang='lat' dir='ltr'>LECTIUNES</span> <span class='ocrx_word' id='word_1_200' title='bbox 2242 387 2330 444; x_wconf 80' lang='lat' dir='ltr'>DE</span> <span class='ocrx_word' id='word_1_201' title='bbox 2366 389 2672 445; x_wconf 69' lang='lat' dir='ltr'>ADVENTU</span> <span class='ocrx_word' id='word_1_202' title='bbox 2712 388 2964 445; x_wconf 81' lang='lat' dir='ltr'>DOMINI.</span> 
     </span>
    </p>
   </div>
   <div class='ocr_carea' id='block_1_33' title="bbox 3362 392 3464 449">
    <p class='ocr_par' dir='ltr' id='par_1_33' title="bbox 3362 392 3464 449">
     <span class='ocr_line' id='line_1_33' title="bbox 3362 392 3464 449; baseline -0.01 0"><span class='ocrx_word' id='word_1_203' title='bbox 3362 392 3464 449; x_wconf 67' lang='grc'>470</span> 
     </span>
    </p>
   </div>
   <div class='ocr_carea' id='block_1_34' title="bbox 1760 495 3464 584">
    <p class='ocr_par' dir='ltr' id='par_1_34' title="bbox 1760 495 3464 584">
     <span class='ocr_line' id='line_1_34' title="bbox 1760 495 3464 584; baseline 0.004 -34"><span class='ocrx_word' id='word_1_204' title='bbox 1760 510 1820 584; x_wconf 76' lang='grc' dir='ltr'><strong>Α</strong></span> <span class='ocrx_word' id='word_1_205' title='bbox 1838 495 1978 551; x_wconf 87' lang='lat' dir='ltr'>alius</span> <span class='ocrx_word' id='word_1_206' title='bbox 2003 495 2225 551; x_wconf 88' lang='lat' dir='ltr'>videtur</span> <span class='ocrx_word' id='word_1_207' title='bbox 2242 495 2522 552; x_wconf 86' lang='lat' dir='ltr'>conﬁdere</span> <span class='ocrx_word' id='word_1_208' title='bbox 2549 496 2609 552; x_wconf 89' lang='lat' dir='ltr'>in</span> <span class='ocrx_word' id='word_1_209' title='bbox 2628 513 2814 567; x_wconf 88' lang='lat' dir='ltr'>carne,</span> <span class='ocrx_word' id='word_1_210' title='bbox 2845 514 2950 569; x_wconf 95' lang='lat' dir='ltr'>ego</span> <span class='ocrx_word' id='word_1_211' title='bbox 2977 496 3198 570; x_wconf 79' lang='lat' dir='ltr'>magis;</span> <span class='ocrx_word' id='word_1_212' title='bbox 3221 498 3464 556; x_wconf 85' lang='lat' dir='ltr'>circum-</span> 
     </span>
    </p>
   </div>
   <div class='ocr_carea' id='block_1_35' title="bbox 1838 590 3460 665">
    <p class='ocr_par' dir='ltr' id='par_1_35' title="bbox 1838 590 3460 665">
     <span class='ocr_line' id='line_1_35' title="bbox 1838 590 3460 665; baseline 0.003 -21"><span class='ocrx_word' id='word_1_213' title='bbox 1838 590 1983 646; x_wconf 91' lang='lat' dir='ltr'>cisus</span> <span class='ocrx_word' id='word_1_214' title='bbox 2002 592 2195 645; x_wconf 90' lang='lat' dir='ltr'>octava</span> <span class='ocrx_word' id='word_1_215' title='bbox 2208 590 2318 659; x_wconf 90' lang='lat' dir='ltr'>die,</span> <span class='ocrx_word' id='word_1_216' title='bbox 2343 607 2410 647; x_wconf 84' lang='lat' dir='ltr'>ex</span> <span class='ocrx_word' id='word_1_217' title='bbox 2427 607 2632 661; x_wconf 89' lang='lat' dir='ltr'>genere</span> <span class='ocrx_word' id='word_1_218' title='bbox 2661 592 2842 662; x_wconf 88' lang='lat' dir='ltr'>lsrael,</span> <span class='ocrx_word' id='word_1_219' title='bbox 2865 592 2932 648; x_wconf 89' lang='lat' dir='ltr'>de</span> <span class='ocrx_word' id='word_1_220' title='bbox 2959 591 3128 648; x_wconf 88' lang='lat' dir='ltr'>Tribu</span> <span class='ocrx_word' id='word_1_221' title='bbox 3147 592 3460 665; x_wconf 89' lang='lat' dir='ltr'>Benjamin,</span> 
     </span>
    </p>
   </div>
   <div class='ocr_carea' id='block_1_36' title="bbox 1839 683 3462 757">
    <p class='ocr_par' dir='ltr' id='par_1_36' title="bbox 1839 683 3462 757">
     <span class='ocr_line' id='line_1_36' title="bbox 1839 683 3462 757; baseline 0.004 -20"><span class='ocrx_word' id='word_1_222' title='bbox 1839 684 2103 738; x_wconf 72' lang='lat' dir='ltr'>Hebraeus</span> <span class='ocrx_word' id='word_1_223' title='bbox 2148 701 2217 738; x_wconf 88' lang='lat' dir='ltr'>ex</span> <span class='ocrx_word' id='word_1_224' title='bbox 2261 683 2526 753; x_wconf 65' lang='lat' dir='ltr'>lIebrmis,</span> <span class='ocrx_word' id='word_1_225' title='bbox 2564 685 2870 740; x_wconf 89' lang='lat' dir='ltr'>secundum</span> <span class='ocrx_word' id='word_1_226' title='bbox 2908 686 3094 757; x_wconf 88' lang='lat' dir='ltr'>legem</span> <span class='ocrx_word' id='word_1_227' title='bbox 3126 685 3462 757; x_wconf 72' lang='lat' dir='ltr'>Pharisaeus,</span> 
     </span>
    </p>
   </div>
   <div class='ocr_carea' id='block_1_37' title="bbox 1839 778 3460 850">
    <p class='ocr_par' dir='ltr' id='par_1_37' title="bbox 1839 778 3460 850">
     <span class='ocr_line' id='line_1_37' title="bbox 1839 778 3460 850; baseline 0.003 -19"><span class='ocrx_word' id='word_1_228' title='bbox 1839 778 2148 832; x_wconf 89' lang='lat' dir='ltr'>secundum</span> <span class='ocrx_word' id='word_1_229' title='bbox 2177 778 2592 832; x_wconf 54' lang='lat' dir='ltr'>aemulationem</span> <span class='ocrx_word' id='word_1_230' title='bbox 2629 795 2970 850; x_wconf 88' lang='lat' dir='ltr'>persequens</span> <span class='ocrx_word' id='word_1_231' title='bbox 3008 779 3304 835; x_wconf 86' lang='lat' dir='ltr'>Ecelesiam</span> <span class='ocrx_word' id='word_1_232' title='bbox 3344 781 3460 836; x_wconf 90' lang='lat' dir='ltr'>Dei.</span> 
     </span>
    </p>
   </div>
   <div class='ocr_carea' id='block_1_38' title="bbox 2054 870 3257 934">
    <p class='ocr_par' dir='ltr' id='par_1_38' title="bbox 2054 870 3257 934">
     <span class='ocr_line' id='line_1_38' title="bbox 2054 870 3257 934; baseline 0.002 -14"><span class='ocrx_word' id='word_1_233' title='bbox 2054 871 2226 920; x_wconf 88' lang='lat' dir='ltr'>Lectio</span> <span class='ocrx_word' id='word_1_234' title='bbox 2259 871 2423 920; x_wconf 84' lang='lat' dir='ltr'>sancti</span> <span class='ocrx_word' id='word_1_235' title='bbox 2442 870 2710 934; x_wconf 83' lang='lat' dir='ltr'>Evangelii</span> <span class='ocrx_word' id='word_1_236' title='bbox 2733 871 3019 921; x_wconf 89' lang='lat' dir='ltr'>secundum</span> <span class='ocrx_word' id='word_1_237' title='bbox 3048 873 3257 922; x_wconf 87' lang='lat' dir='ltr'>Lucam.</span> 
     </span>
    </p>
   </div>
   <div class='ocr_carea' id='block_1_39' title="bbox 1908 955 3463 1028">
    <p class='ocr_par' dir='ltr' id='par_1_39' title="bbox 1908 955 3463 1028">
     <span class='ocr_line' id='line_1_39' title="bbox 1908 955 3463 1028; baseline 0.003 -19"><span class='ocrx_word' id='word_1_238' title='bbox 1908 955 2106 1010; x_wconf 89' lang='lat' dir='ltr'>Diebus</span> <span class='ocrx_word' id='word_1_239' title='bbox 2129 956 2260 1024; x_wconf 91' lang='lat' dir='ltr'>illis,</span> <span class='ocrx_word' id='word_1_240' title='bbox 2291 961 2588 1028; x_wconf 87' lang='lat' dir='ltr'>postquam</span> <span class='ocrx_word' id='word_1_241' title='bbox 2614 957 2987 1012; x_wconf 85' lang='lat' dir='ltr'>consummati</span> <span class='ocrx_word' id='word_1_242' title='bbox 3029 963 3160 1012; x_wconf 90' lang='lat' dir='ltr'>sunt</span> <span class='ocrx_word' id='word_1_243' title='bbox 3189 958 3306 1013; x_wconf 91' lang='lat' dir='ltr'>dies</span> <span class='ocrx_word' id='word_1_244' title='bbox 3339 963 3463 1014; x_wconf 90' lang='lat' dir='ltr'>octo</span> 
     </span>
    </p>
   </div>
   <div class='ocr_carea' id='block_1_40' title="bbox 1841 1049 3464 1123">
    <p class='ocr_par' dir='ltr' id='par_1_40' title="bbox 1841 1049 3464 1123">
     <span class='ocr_line' id='line_1_40' title="bbox 1841 1049 3464 1123; baseline 0.004 -21"><span class='ocrx_word' id='word_1_245' title='bbox 1841 1053 1902 1104; x_wconf 93' lang='lat' dir='ltr'>ut</span> <span class='ocrx_word' id='word_1_246' title='bbox 1925 1049 2434 1119; x_wconf 88' lang='lat' dir='ltr'>circumcideretur,</span> <span class='ocrx_word' id='word_1_247' title='bbox 2479 1056 2734 1104; x_wconf 86' lang='lat' dir='ltr'>vocatum</span> <span class='ocrx_word' id='word_1_248' title='bbox 2765 1055 2849 1105; x_wconf 91' lang='lat' dir='ltr'>est</span> <span class='ocrx_word' id='word_1_249' title='bbox 2888 1066 3099 1106; x_wconf 87' lang='lat' dir='ltr'>nomen</span> <span class='ocrx_word' id='word_1_250' title='bbox 3126 1052 3246 1122; x_wconf 84' lang='lat' dir='ltr'>ejus</span> <span class='ocrx_word' id='word_1_251' title='bbox 3280 1053 3464 1123; x_wconf 76' lang='lat' dir='ltr'>Jasus,</span> 
     </span>
    </p>
   </div>
   <div class='ocr_carea' id='block_1_41' title="bbox 1838 1143 3468 1214">
    <p class='ocr_par' dir='ltr' id='par_1_41' title="bbox 1838 1143 3468 1214">
     <span class='ocr_line' id='line_1_41' title="bbox 1838 1143 3468 1214; baseline 0.003 -19"><span class='ocrx_word' id='word_1_252' title='bbox 1838 1143 1987 1214; x_wconf 85' lang='lat' dir='ltr'>quod</span> <span class='ocrx_word' id='word_1_253' title='bbox 2031 1148 2287 1197; x_wconf 85' lang='lat' dir='ltr'>vocatum</span> <span class='ocrx_word' id='word_1_254' title='bbox 2330 1147 2412 1197; x_wconf 94' lang='lat' dir='ltr'>est</span> <span class='ocrx_word' id='word_1_255' title='bbox 2461 1143 2530 1197; x_wconf 91' lang='lat' dir='ltr'>ab</span> <span class='ocrx_word' id='word_1_256' title='bbox 2561 1144 2780 1214; x_wconf 87' lang='lat' dir='ltr'>angelo,</span> <span class='ocrx_word' id='word_1_257' title='bbox 2825 1144 3157 1214; x_wconf 87' lang='lat' dir='ltr'>priusquam</span> <span class='ocrx_word' id='word_1_258' title='bbox 3191 1145 3252 1200; x_wconf 91' lang='lat' dir='ltr'>in</span> <span class='ocrx_word' id='word_1_259' title='bbox 3305 1151 3468 1200; x_wconf 90' lang='lat' dir='ltr'>utero</span> 
     </span>
    </p>
   </div>
   <div class='ocr_carea' id='block_1_42' title="bbox 1837 1236 3466 1310">
    <p class='ocr_par' dir='ltr' id='par_1_42' title="bbox 1837 1236 3466 1310">
     <span class='ocr_line' id='line_1_42' title="bbox 1837 1236 3466 1310; baseline 0.001 -20"><span class='ocrx_word' id='word_1_260' title='bbox 1837 1236 2242 1306; x_wconf 87' lang='lat' dir='ltr'>conciperetur.</span> <span class='ocrx_word' id='word_1_261' title='bbox 2274 1237 2340 1290; x_wconf 89' lang='lat' dir='ltr'>Et</span> <span class='ocrx_word' id='word_1_262' title='bbox 2364 1240 2660 1306; x_wconf 85' lang='lat' dir='ltr'>postquam</span> <span class='ocrx_word' id='word_1_263' title='bbox 2685 1237 2900 1307; x_wconf 89' lang='lat' dir='ltr'>impleti</span> <span class='ocrx_word' id='word_1_264' title='bbox 2928 1242 3059 1292; x_wconf 88' lang='lat' dir='ltr'>sunt</span> <span class='ocrx_word' id='word_1_265' title='bbox 3101 1238 3218 1292; x_wconf 91' lang='lat' dir='ltr'>dies</span> <span class='ocrx_word' id='word_1_266' title='bbox 3253 1255 3466 1310; x_wconf 87' lang='lat' dir='ltr'>purga-</span> 
     </span>
    </p>
   </div>
   <div class='ocr_carea' id='block_1_43' title="bbox 1838 1329 3472 1400">
    <p class='ocr_par' dir='ltr' id='par_1_43' title="bbox 1838 1329 3472 1400">
     <span class='ocr_line' id='line_1_43' title="bbox 1838 1329 3472 1400; baseline 0.003 -18"><span class='ocrx_word' id='word_1_267' title='bbox 1838 1329 2002 1383; x_wconf 90' lang='lat' dir='ltr'>tionis</span> <span class='ocrx_word' id='word_1_268' title='bbox 2025 1329 2144 1399; x_wconf 87' lang='lat' dir='ltr'>ejus</span> <span class='ocrx_word' id='word_1_269' title='bbox 2169 1329 2478 1384; x_wconf 90' lang='lat' dir='ltr'>secundum</span> <span class='ocrx_word' id='word_1_270' title='bbox 2505 1329 2690 1399; x_wconf 87' lang='lat' dir='ltr'>legem</span> <span class='ocrx_word' id='word_1_271' title='bbox 2708 1330 2897 1400; x_wconf 78' lang='lat' dir='ltr'>Moysi,</span> <span class='ocrx_word' id='word_1_272' title='bbox 2926 1331 3181 1385; x_wconf 91' lang='lat' dir='ltr'>tulerunt</span> <span class='ocrx_word' id='word_1_273' title='bbox 3218 1331 3378 1386; x_wconf 91' lang='lat' dir='ltr'>illum</span> <span class='ocrx_word' id='word_1_274' title='bbox 3405 1333 3472 1388; x_wconf 89' lang='lat' dir='ltr'>in-</span> 
     </span>
    </p>
   </div>
   <div class='ocr_carea' id='block_1_44' title="bbox 1839 1421 3464 1496">
    <p class='ocr_par' dir='ltr' id='par_1_44' title="bbox 1839 1421 3464 1496">
     <span class='ocr_line' id='line_1_44' title="bbox 1839 1421 3464 1496; baseline 0.001 -20"><span class='ocrx_word' id='word_1_275' title='bbox 1839 1422 2206 1492; x_wconf 87' lang='lat' dir='ltr'>Hierusalem,</span> <span class='ocrx_word' id='word_1_276' title='bbox 2247 1428 2310 1477; x_wconf 91' lang='lat' dir='ltr'>ut</span> <span class='ocrx_word' id='word_1_277' title='bbox 2336 1421 2598 1477; x_wconf 89' lang='lat' dir='ltr'>sisterent</span> <span class='ocrx_word' id='word_1_278' title='bbox 2625 1439 2759 1478; x_wconf 85' lang='lat' dir='ltr'>eum</span> <span class='ocrx_word' id='word_1_279' title='bbox 2803 1423 3058 1493; x_wconf 92' lang='lat' dir='ltr'>Domino,</span> <span class='ocrx_word' id='word_1_280' title='bbox 3109 1425 3252 1479; x_wconf 88' lang='lat' dir='ltr'>sicut</span> <span class='ocrx_word' id='word_1_281' title='bbox 3287 1425 3464 1496; x_wconf 89' lang='lat' dir='ltr'>scrip-</span> 
     </span>
    </p>
   </div>
   <div class='ocr_carea' id='block_1_45' title="bbox 1837 1516 3464 1588">
    <p class='ocr_par' dir='ltr' id='par_1_45' title="bbox 1837 1516 3464 1588">
     <span class='ocr_line' id='line_1_45' title="bbox 1837 1516 3464 1588; baseline 0.003 -19"><span class='ocrx_word' id='word_1_282' title='bbox 1837 1521 1959 1570; x_wconf 91' lang='lat' dir='ltr'>tum</span> <span class='ocrx_word' id='word_1_283' title='bbox 1999 1521 2080 1570; x_wconf 88' lang='lat' dir='ltr'>est</span> <span class='ocrx_word' id='word_1_284' title='bbox 2123 1516 2180 1570; x_wconf 91' lang='lat' dir='ltr'>in</span> <span class='ocrx_word' id='word_1_285' title='bbox 2233 1517 2357 1588; x_wconf 87' lang='lat' dir='ltr'>lege</span> <span class='ocrx_word' id='word_1_286' title='bbox 2405 1517 2647 1586; x_wconf 91' lang='lat' dir='ltr'>Domini,</span> <span class='ocrx_word' id='word_1_287' title='bbox 2698 1516 2831 1588; x_wconf 87' lang='lat' dir='ltr'>quia</span> <span class='ocrx_word' id='word_1_288' title='bbox 2881 1534 3045 1572; x_wconf 89' lang='lat' dir='ltr'>omne</span> <span class='ocrx_word' id='word_1_289' title='bbox 3093 1518 3464 1574; x_wconf 87' lang='lat' dir='ltr'>masculinum</span> 
     </span>
    </p>
   </div>
   <div class='ocr_carea' id='block_1_46' title="bbox 1839 1609 3320 1680">
    <p class='ocr_par' dir='ltr' id='par_1_46' title="bbox 1839 1609 3320 1680">
     <span class='ocr_line' id='line_1_46' title="bbox 1839 1609 3320 1680; baseline 0.003 -18"><span class='ocrx_word' id='word_1_290' title='bbox 1839 1609 2165 1680; x_wconf 89' lang='lat' dir='ltr'>adaperiens</span> <span class='ocrx_word' id='word_1_291' title='bbox 2194 1610 2436 1680; x_wconf 83' lang='lat' dir='ltr'>vulvam,</span> <span class='ocrx_word' id='word_1_292' title='bbox 2467 1615 2722 1664; x_wconf 90' lang='lat' dir='ltr'>sanctum</span> <span class='ocrx_word' id='word_1_293' title='bbox 2749 1610 2982 1665; x_wconf 90' lang='lat' dir='ltr'>Domino</span> <span class='ocrx_word' id='word_1_294' title='bbox 3016 1611 3320 1667; x_wconf 86' lang='lat' dir='ltr'>vocabitur.</span> 
     </span>
    </p>
   </div>
   <div class='ocr_carea' id='block_1_47' title="bbox 2448 1729 2856 1769">
    <p class='ocr_par' dir='ltr' id='par_1_47' title="bbox 2448 1729 2856 1769">
     <span class='ocr_line' id='line_1_47' title="bbox 2448 1729 2856 1769; baseline 0 0"><span class='ocrx_word' id='word_1_295' title='bbox 2448 1730 2642 1769; x_wconf 79' lang='lat' dir='ltr'>INCIPIT</span> <span class='ocrx_word' id='word_1_296' title='bbox 2679 1729 2856 1769; x_wconf 72' lang='lat' dir='ltr'>MISSA.</span> 
     </span>
    </p>
   </div>
   <div class='ocr_carea' id='block_1_48' title="bbox 1909 1805 3471 1875">
    <p class='ocr_par' dir='ltr' id='par_1_48' title="bbox 1909 1805 3471 1875">
     <span class='ocr_line' id='line_1_48' title="bbox 1909 1805 3471 1875; baseline 0.003 -16"><span class='ocrx_word' id='word_1_297' title='bbox 1909 1805 2209 1860; x_wconf 90' lang='lat' dir='ltr'>Dominum</span> <span class='ocrx_word' id='word_1_298' title='bbox 2242 1811 2500 1860; x_wconf 88' lang='lat' dir='ltr'>nostrum</span> <span class='ocrx_word' id='word_1_299' title='bbox 2551 1808 2740 1860; x_wconf 89' lang='lat' dir='ltr'>Jesum</span> <span class='ocrx_word' id='word_1_300' title='bbox 2790 1807 3095 1875; x_wconf 87' lang='lat' dir='ltr'>Christum,</span> <span class='ocrx_word' id='word_1_301' title='bbox 3134 1807 3334 1863; x_wconf 87' lang='lat' dir='ltr'>fratres</span> <span class='ocrx_word' id='word_1_302' title='bbox 3381 1826 3471 1863; x_wconf 85' lang='lat' dir='ltr'>ca-</span> 
     </span>
    </p>
   </div>
   <div class='ocr_carea' id='block_1_49' title="bbox 1839 1899 3472 1971">
    <p class='ocr_par' dir='ltr' id='par_1_49' title="bbox 1839 1899 3472 1971">
     <span class='ocr_line' id='line_1_49' title="bbox 1839 1899 3472 1971; baseline 0.002 -19"><span class='ocrx_word' id='word_1_303' title='bbox 1839 1899 2065 1967; x_wconf 91' lang='lat' dir='ltr'>rissimi,</span> <span class='ocrx_word' id='word_1_304' title='bbox 2096 1899 2388 1954; x_wconf 86' lang='lat' dir='ltr'>humiliter</span> <span class='ocrx_word' id='word_1_305' title='bbox 2421 1900 2806 1970; x_wconf 88' lang='lat' dir='ltr'>deprecemur,</span> <span class='ocrx_word' id='word_1_306' title='bbox 2839 1901 2937 1971; x_wconf 92' lang='lat' dir='ltr'>qui</span> <span class='ocrx_word' id='word_1_307' title='bbox 2970 1900 3186 1955; x_wconf 88' lang='lat' dir='ltr'>inﬁnita</span> <span class='ocrx_word' id='word_1_308' title='bbox 3212 1901 3332 1971; x_wconf 88' lang='lat' dir='ltr'>ejus</span> <span class='ocrx_word' id='word_1_309' title='bbox 3367 1902 3472 1955; x_wconf 84' lang='lat' dir='ltr'>mi-</span> 
     </span>
    </p>
   </div>
   <div class='ocr_carea' id='block_1_50' title="bbox 1838 1992 3476 2064">
    <p class='ocr_par' dir='ltr' id='par_1_50' title="bbox 1838 1992 3476 2064">
     <span class='ocr_line' id='line_1_50' title="bbox 1838 1992 3476 2064; baseline 0.002 -18"><span class='ocrx_word' id='word_1_310' title='bbox 1838 1992 2134 2046; x_wconf 89' lang='lat' dir='ltr'>sericordia</span> <span class='ocrx_word' id='word_1_311' title='bbox 2161 1992 2218 2045; x_wconf 91' lang='lat' dir='ltr'>in</span> <span class='ocrx_word' id='word_1_312' title='bbox 2269 1993 2509 2046; x_wconf 88' lang='lat' dir='ltr'>salutare</span> <span class='ocrx_word' id='word_1_313' title='bbox 2549 2010 2648 2045; x_wconf 90' lang='lat' dir='ltr'>suo</span> <span class='ocrx_word' id='word_1_314' title='bbox 2680 2009 2780 2045; x_wconf 88' lang='lat' dir='ltr'>nos</span> <span class='ocrx_word' id='word_1_315' title='bbox 2815 1992 3079 2062; x_wconf 85' lang='lat' dir='ltr'>visitavit,</span> <span class='ocrx_word' id='word_1_316' title='bbox 3117 1994 3176 2048; x_wconf 90' lang='lat' dir='ltr'>in</span> <span class='ocrx_word' id='word_1_317' title='bbox 3213 1994 3476 2064; x_wconf 81' lang='lat' dir='ltr'>passione</span> 
     </span>
    </p>
   </div>
   <div class='ocr_carea' id='block_1_51' title="bbox 1840 2084 3472 2155">
    <p class='ocr_par' dir='ltr' id='par_1_51' title="bbox 1840 2084 3472 2155">
     <span class='ocr_line' id='line_1_51' title="bbox 1840 2084 3472 2155; baseline 0.001 -17"><span class='ocrx_word' id='word_1_318' title='bbox 1840 2085 2095 2152; x_wconf 86' lang='lat' dir='ltr'>redemit,</span> <span class='ocrx_word' id='word_1_319' title='bbox 2126 2084 2368 2155; x_wconf 88' lang='lat' dir='ltr'>vitiaque</span> <span class='ocrx_word' id='word_1_320' title='bbox 2394 2089 2585 2138; x_wconf 86' lang='lat' dir='ltr'>nostra</span> <span class='ocrx_word' id='word_1_321' title='bbox 2611 2101 2644 2137; x_wconf 89' lang='lat' dir='ltr'>a</span> <span class='ocrx_word' id='word_1_322' title='bbox 2669 2084 2831 2138; x_wconf 86' lang='lat' dir='ltr'>nobis</span> <span class='ocrx_word' id='word_1_323' title='bbox 2872 2084 3226 2155; x_wconf 89' lang='lat' dir='ltr'>circumcisit,</span> <span class='ocrx_word' id='word_1_324' title='bbox 3266 2091 3322 2142; x_wconf 86' lang='lat' dir='ltr'>et</span> <span class='ocrx_word' id='word_1_325' title='bbox 3355 2103 3472 2140; x_wconf 91' lang='lat' dir='ltr'>om-</span> 
     </span>
    </p>
   </div>
   <div class='ocr_carea' id='block_1_52' title="bbox 1839 2177 3032 2249">
    <p class='ocr_par' dir='ltr' id='par_1_52' title="bbox 1839 2177 3032 2249">
     <span class='ocr_line' id='line_1_52' title="bbox 1839 2177 3032 2249; baseline 0 -17"><span class='ocrx_word' id='word_1_326' title='bbox 1839 2177 1930 2232; x_wconf 89' lang='lat' dir='ltr'>nia</span> <span class='ocrx_word' id='word_1_327' title='bbox 1959 2178 2105 2233; x_wconf 90' lang='lat' dir='ltr'>idola</span> <span class='ocrx_word' id='word_1_328' title='bbox 2135 2177 2434 2244; x_wconf 78' lang='lat' dir='ltr'>destruxit,</span> <span class='ocrx_word' id='word_1_329' title='bbox 2466 2177 2725 2249; x_wconf 90' lang='lat' dir='ltr'>malaque</span> <span class='ocrx_word' id='word_1_330' title='bbox 2753 2177 3032 2233; x_wconf 89' lang='lat' dir='ltr'>discussit.</span> 
     </span>
    </p>
   </div>
   <div class='ocr_carea' id='block_1_53' title="bbox 2511 2270 2777 2320">
    <p class='ocr_par' dir='ltr' id='par_1_53' title="bbox 2511 2270 2777 2320">
     <span class='ocr_line' id='line_1_53' title="bbox 2511 2270 2777 2320; baseline -0.004 0"><span class='ocrx_word' id='word_1_331' title='bbox 2511 2270 2777 2320; x_wconf 86' lang='lat' dir='ltr'>Collectio.</span> 
     </span>
    </p>
   </div>
   <div class='ocr_carea' id='block_1_54' title="bbox 1910 2351 3468 2421">
    <p class='ocr_par' dir='ltr' id='par_1_54' title="bbox 1910 2351 3468 2421">
     <span class='ocr_line' id='line_1_54' title="bbox 1910 2351 3468 2421; baseline -0.001 -15"><span class='ocrx_word' id='word_1_332' title='bbox 1910 2351 2123 2406; x_wconf 83' lang='lat' dir='ltr'>Exaudi</span> <span class='ocrx_word' id='word_1_333' title='bbox 2155 2369 2276 2418; x_wconf 90' lang='lat' dir='ltr'>nos,</span> <span class='ocrx_word' id='word_1_334' title='bbox 2333 2351 2590 2418; x_wconf 90' lang='lat' dir='ltr'>Domine,</span> <span class='ocrx_word' id='word_1_335' title='bbox 2647 2351 2992 2421; x_wconf 88' lang='lat' dir='ltr'>sempiterna</span> <span class='ocrx_word' id='word_1_336' title='bbox 3019 2351 3262 2406; x_wconf 86' lang='lat' dir='ltr'>Trinitas</span> <span class='ocrx_word' id='word_1_337' title='bbox 3303 2352 3468 2420; x_wconf 91' lang='lat' dir='ltr'>Deus,</span> 
     </span>
    </p>
   </div>
   <div class='ocr_carea' id='block_1_55' title="bbox 1840 2444 3468 2516">
    <p class='ocr_par' dir='ltr' id='par_1_55' title="bbox 1840 2444 3468 2516">
     <span class='ocr_line' id='line_1_55' title="bbox 1840 2444 3468 2516; baseline 0 -18"><span class='ocrx_word' id='word_1_338' title='bbox 1840 2445 1937 2516; x_wconf 90' lang='lat' dir='ltr'>qui</span> <span class='ocrx_word' id='word_1_339' title='bbox 1967 2450 2195 2516; x_wconf 87' lang='lat' dir='ltr'>propter</span> <span class='ocrx_word' id='word_1_340' title='bbox 2223 2444 2522 2498; x_wconf 88' lang='lat' dir='ltr'>hominum</span> <span class='ocrx_word' id='word_1_341' title='bbox 2547 2449 2771 2514; x_wconf 87' lang='lat' dir='ltr'>peccata</span> <span class='ocrx_word' id='word_1_342' title='bbox 2795 2461 3022 2499; x_wconf 88' lang='lat' dir='ltr'>carnem</span> <span class='ocrx_word' id='word_1_343' title='bbox 3058 2444 3355 2499; x_wconf 88' lang='lat' dir='ltr'>adsumere</span> <span class='ocrx_word' id='word_1_344' title='bbox 3381 2444 3468 2498; x_wconf 90' lang='lat' dir='ltr'>di-</span> 
     </span>
    </p>
   </div>
   <div class='ocr_carea' id='block_1_56' title="bbox 1843 2536 3466 2609">
    <p class='ocr_par' dir='ltr' id='par_1_56' title="bbox 1843 2536 3466 2609">
     <span class='ocr_line' id='line_1_56' title="bbox 1843 2536 3466 2609; baseline -0.001 -17"><span class='ocrx_word' id='word_1_345' title='bbox 1843 2543 2047 2609; x_wconf 88' lang='lat' dir='ltr'>gnatus</span> <span class='ocrx_word' id='word_1_346' title='bbox 2087 2542 2188 2593; x_wconf 88' lang='lat' dir='ltr'>est.</span> <span class='ocrx_word' id='word_1_347' title='bbox 2229 2537 2356 2591; x_wconf 91' lang='lat' dir='ltr'>Dies</span> <span class='ocrx_word' id='word_1_348' title='bbox 2395 2536 2547 2591; x_wconf 89' lang='lat' dir='ltr'>enim</span> <span class='ocrx_word' id='word_1_349' title='bbox 2587 2542 2778 2591; x_wconf 89' lang='lat' dir='ltr'>octava</span> <span class='ocrx_word' id='word_1_350' title='bbox 2818 2541 2901 2591; x_wconf 91' lang='lat' dir='ltr'>est</span> <span class='ocrx_word' id='word_1_351' title='bbox 2944 2554 2977 2590; x_wconf 91' lang='lat' dir='ltr'>a</span> <span class='ocrx_word' id='word_1_352' title='bbox 3015 2541 3111 2590; x_wconf 87' lang='lat' dir='ltr'>tua</span> <span class='ocrx_word' id='word_1_353' title='bbox 3154 2536 3466 2606; x_wconf 87' lang='lat' dir='ltr'>nativitate,</span> 
     </span>
    </p>
   </div>
   <div class='ocr_carea' id='block_1_57' title="bbox 1841 2629 3469 2703">
    <p class='ocr_par' dir='ltr' id='par_1_57' title="bbox 1841 2629 3469 2703">
     <span class='ocr_line' id='line_1_57' title="bbox 1841 2629 3469 2703; baseline -0.002 -18"><span class='ocrx_word' id='word_1_354' title='bbox 1841 2648 1952 2703; x_wconf 88' lang='lat' dir='ltr'>quo</span> <span class='ocrx_word' id='word_1_355' title='bbox 1982 2631 2464 2685; x_wconf 87' lang='lat' dir='ltr'>circumcisionem</span> <span class='ocrx_word' id='word_1_356' title='bbox 2484 2629 2790 2684; x_wconf 90' lang='lat' dir='ltr'>Dominum</span> <span class='ocrx_word' id='word_1_357' title='bbox 2814 2635 3074 2684; x_wconf 90' lang='lat' dir='ltr'>nostrum</span> <span class='ocrx_word' id='word_1_358' title='bbox 3101 2631 3291 2684; x_wconf 83' lang='lat' dir='ltr'>Jesum</span> <span class='ocrx_word' id='word_1_359' title='bbox 3315 2629 3469 2683; x_wconf 82' lang='lat' dir='ltr'>Chri-</span> 
     </span>
    </p>
   </div>
   <div class='ocr_carea' id='block_1_58' title="bbox 1841 2722 3461 2795">
    <p class='ocr_par' dir='ltr' id='par_1_58' title="bbox 1841 2722 3461 2795">
     <span class='ocr_line' id='line_1_58' title="bbox 1841 2722 3461 2795; baseline -0.001 -17"><span class='ocrx_word' id='word_1_360' title='bbox 1841 2731 1989 2780; x_wconf 91' lang='lat' dir='ltr'>stum</span> <span class='ocrx_word' id='word_1_361' title='bbox 2016 2724 2216 2777; x_wconf 87' lang='lat' dir='ltr'>Filium</span> <span class='ocrx_word' id='word_1_362' title='bbox 2240 2728 2403 2777; x_wconf 90' lang='lat' dir='ltr'>tuum</span> <span class='ocrx_word' id='word_1_363' title='bbox 2420 2722 2650 2795; x_wconf 89' lang='lat' dir='ltr'>posuisti</span> <span class='ocrx_word' id='word_1_364' title='bbox 2673 2739 2776 2794; x_wconf 90' lang='lat' dir='ltr'>pro</span> <span class='ocrx_word' id='word_1_365' title='bbox 2803 2722 2985 2789; x_wconf 89' lang='lat' dir='ltr'>nobis,</span> <span class='ocrx_word' id='word_1_366' title='bbox 3008 2727 3064 2777; x_wconf 92' lang='lat' dir='ltr'>et</span> <span class='ocrx_word' id='word_1_367' title='bbox 3086 2738 3331 2794; x_wconf 90' lang='lat' dir='ltr'>regnum</span> <span class='ocrx_word' id='word_1_368' title='bbox 3345 2723 3461 2776; x_wconf 89' lang='lat' dir='ltr'>ido-</span> 
     </span>
    </p>
   </div>
   <div class='ocr_carea' id='block_1_59' title="bbox 1840 2815 3468 2886">
    <p class='ocr_par' dir='ltr' id='par_1_59' title="bbox 1840 2815 3468 2886">
     <span class='ocr_line' id='line_1_59' title="bbox 1840 2815 3468 2886; baseline 0 -16"><span class='ocrx_word' id='word_1_369' title='bbox 1840 2817 2070 2871; x_wconf 67' lang='lat' dir='ltr'>lolatriai</span> <span class='ocrx_word' id='word_1_370' title='bbox 2109 2816 2452 2885; x_wconf 82' lang='lat' dir='ltr'>destruxisti,</span> <span class='ocrx_word' id='word_1_371' title='bbox 2493 2816 2639 2869; x_wconf 83' lang='lat' dir='ltr'>viam</span> <span class='ocrx_word' id='word_1_372' title='bbox 2679 2815 2930 2870; x_wconf 83' lang='lat' dir='ltr'>veritatis</span> <span class='ocrx_word' id='word_1_373' title='bbox 2979 2815 3235 2881; x_wconf 90' lang='lat' dir='ltr'>docuisti,</span> <span class='ocrx_word' id='word_1_374' title='bbox 3280 2815 3468 2886; x_wconf 90' lang='lat' dir='ltr'>legem</span> 
     </span>
    </p>
   </div>
   <div class='ocr_carea' id='block_1_60' title="bbox 1841 2907 3470 2981">
    <p class='ocr_par' dir='ltr' id='par_1_60' title="bbox 1841 2907 3470 2981">
     <span class='ocr_line' id='line_1_60' title="bbox 1841 2907 3470 2981; baseline -0.001 -17"><span class='ocrx_word' id='word_1_375' title='bbox 1841 2911 2104 2980; x_wconf 89' lang='lat' dir='ltr'>implesti,</span> <span class='ocrx_word' id='word_1_376' title='bbox 2145 2910 2351 2981; x_wconf 74' lang='lat' dir='ltr'>Ioseph</span> <span class='ocrx_word' id='word_1_377' title='bbox 2390 2914 2446 2963; x_wconf 90' lang='lat' dir='ltr'>et</span> <span class='ocrx_word' id='word_1_378' title='bbox 2483 2909 2714 2964; x_wconf 83' lang='lat' dir='ltr'>Mariam</span> <span class='ocrx_word' id='word_1_379' title='bbox 2752 2908 2812 2963; x_wconf 92' lang='lat' dir='ltr'>in</span> <span class='ocrx_word' id='word_1_380' title='bbox 2855 2907 3076 2963; x_wconf 90' lang='lat' dir='ltr'>herimo</span> <span class='ocrx_word' id='word_1_381' title='bbox 3113 2908 3326 2962; x_wconf 88' lang='lat' dir='ltr'>satiasti</span> <span class='ocrx_word' id='word_1_382' title='bbox 3355 2925 3372 2977; x_wconf 90' lang='lat'>;</span> <span class='ocrx_word' id='word_1_383' title='bbox 3414 2911 3470 2963; x_wconf 93' lang='lat' dir='ltr'>te</span> 
     </span>
    </p>
   </div>
   <div class='ocr_carea' id='block_1_61' title="bbox 1841 3001 3468 3073">
    <p class='ocr_par' dir='ltr' id='par_1_61' title="bbox 1841 3001 3468 3073">
     <span class='ocr_line' id='line_1_61' title="bbox 1841 3001 3468 3073; baseline -0.001 -16"><span class='ocrx_word' id='word_1_384' title='bbox 1841 3004 2216 3072; x_wconf 87' lang='lat' dir='ltr'>obsecramus,</span> <span class='ocrx_word' id='word_1_385' title='bbox 2247 3002 2498 3066; x_wconf 86' lang='lat' dir='ltr'>Domine,</span> <span class='ocrx_word' id='word_1_386' title='bbox 2520 3007 2585 3057; x_wconf 91' lang='lat' dir='ltr'>ut</span> <span class='ocrx_word' id='word_1_387' title='bbox 2611 3019 2644 3054; x_wconf 88' lang='lat' dir='ltr'>a</span> <span class='ocrx_word' id='word_1_388' title='bbox 2672 3002 2912 3073; x_wconf 87' lang='lat' dir='ltr'>peccatis</span> <span class='ocrx_word' id='word_1_389' title='bbox 2939 3001 3110 3073; x_wconf 87' lang='lat' dir='ltr'>hujus</span> <span class='ocrx_word' id='word_1_390' title='bbox 3135 3001 3326 3057; x_wconf 66' lang='lat' dir='ltr'>sazculi</span> <span class='ocrx_word' id='word_1_391' title='bbox 3365 3017 3468 3056; x_wconf 89' lang='lat' dir='ltr'>nos</span> 
     </span>
    </p>
   </div>
   <div class='ocr_carea' id='block_1_62' title="bbox 1841 3095 2371 3167">
    <p class='ocr_par' dir='ltr' id='par_1_62' title="bbox 1841 3095 2371 3167">
     <span class='ocr_line' id='line_1_62' title="bbox 1841 3095 2371 3167; baseline -0.002 -17"><span class='ocrx_word' id='word_1_392' title='bbox 1841 3098 2077 3152; x_wconf 90' lang='lat' dir='ltr'>liberare</span> <span class='ocrx_word' id='word_1_393' title='bbox 2104 3095 2371 3167; x_wconf 89' lang='lat' dir='ltr'>digneris.</span> 
     </span>
    </p>
   </div>
   <div class='ocr_carea' id='block_1_63' title="bbox 2464 3165 2844 3215">
    <p class='ocr_par' dir='ltr' id='par_1_63' title="bbox 2464 3165 2844 3215">
     <span class='ocr_line' id='line_1_63' title="bbox 2464 3165 2844 3215; baseline 0 -1"><span class='ocrx_word' id='word_1_394' title='bbox 2464 3167 2584 3215; x_wconf 88' lang='lat' dir='ltr'>Post</span> <span class='ocrx_word' id='word_1_395' title='bbox 2616 3165 2844 3215; x_wconf 88' lang='lat' dir='ltr'>nomina.</span> 
     </span>
    </p>
   </div>
   <div class='ocr_carea' id='block_1_64' title="bbox 124 3242 3468 3324">
    <p class='ocr_par' dir='ltr' id='par_1_64' title="bbox 124 3242 3468 3324">
     <span class='ocr_line' id='line_1_64' title="bbox 124 3242 3468 3324; baseline -0.001 -19"><span class='ocrx_word' id='word_1_396' title='bbox 124 3256 251 3321; x_wconf 84' lang='lat' dir='ltr'>rent,</span> <span class='ocrx_word' id='word_1_397' title='bbox 280 3253 376 3324; x_wconf 90' lang='lat' dir='ltr'>qui</span> <span class='ocrx_word' id='word_1_398' title='bbox 424 3253 701 3324; x_wconf 86' lang='lat' dir='ltr'>profundi</span> <span class='ocrx_word' id='word_1_399' title='bbox 743 3251 884 3306; x_wconf 89' lang='lat' dir='ltr'>retia</span> <span class='ocrx_word' id='word_1_400' title='bbox 928 3251 1317 3322; x_wconf 87' lang='lat' dir='ltr'>reliquissent;</span> <span class='ocrx_word' id='word_1_401' title='bbox 1359 3248 1588 3302; x_wconf 88' lang='lat' dir='ltr'>auribus</span> <span class='ocrx_word' id='word_1_402' title='bbox 1618 3242 1815 3318; x_wconf 83' lang='lat' dir='ltr'>per-C</span> <span class='ocrx_word' id='word_1_403' title='bbox 1907 3249 2238 3302; x_wconf 88' lang='lat' dir='ltr'>Sanctorum</span> <span class='ocrx_word' id='word_1_404' title='bbox 2262 3247 2520 3302; x_wconf 87' lang='lat' dir='ltr'>omnium</span> <span class='ocrx_word' id='word_1_405' title='bbox 2549 3249 2728 3302; x_wconf 90' lang='lat' dir='ltr'>Deum</span> <span class='ocrx_word' id='word_1_406' title='bbox 2762 3249 2983 3302; x_wconf 88' lang='lat' dir='ltr'>Patrem</span> <span class='ocrx_word' id='word_1_407' title='bbox 3022 3247 3468 3318; x_wconf 91' lang='lat' dir='ltr'>omnipotentem</span> 
     </span>
    </p>
   </div>
   <div class='ocr_carea' id='block_1_65' title="bbox 121 3341 1741 3418">
    <p class='ocr_par' dir='ltr' id='par_1_65' title="bbox 121 3341 1741 3418">
     <span class='ocr_line' id='line_1_65' title="bbox 121 3341 1741 3418; baseline -0.001 -21"><span class='ocrx_word' id='word_1_408' title='bbox 121 3344 247 3416; x_wconf 81' lang='lat' dir='ltr'>cipe,</span> <span class='ocrx_word' id='word_1_409' title='bbox 270 3363 620 3418; x_wconf 54' lang='lat' dir='ltr'>quaesumus,</span> <span class='ocrx_word' id='word_1_410' title='bbox 646 3345 955 3400; x_wconf 90' lang='lat' dir='ltr'>orationem</span> <span class='ocrx_word' id='word_1_411' title='bbox 973 3347 1242 3412; x_wconf 89' lang='lat' dir='ltr'>nostram,</span> <span class='ocrx_word' id='word_1_412' title='bbox 1269 3347 1334 3397; x_wconf 90' lang='lat' dir='ltr'>ut</span> <span class='ocrx_word' id='word_1_413' title='bbox 1347 3342 1483 3395; x_wconf 91' lang='lat' dir='ltr'>dum</span> <span class='ocrx_word' id='word_1_414' title='bbox 1508 3341 1741 3412; x_wconf 89' lang='lat' dir='ltr'>adsequi</span> 
     </span>
    </p>
   </div>
   <div class='ocr_carea' id='block_1_66' title="bbox 121 3434 1742 3518">
    <p class='ocr_par' dir='ltr' id='par_1_66' title="bbox 121 3434 1742 3518">
     <span class='ocr_line' id='line_1_66' title="bbox 121 3434 1742 3518; baseline -0.002 -26"><span class='ocrx_word' id='word_1_415' title='bbox 121 3455 300 3518; x_wconf 85' lang='lat' dir='ltr'>eorum</span> <span class='ocrx_word' id='word_1_416' title='bbox 327 3440 475 3494; x_wconf 85' lang='lat' dir='ltr'>facta</span> <span class='ocrx_word' id='word_1_417' title='bbox 501 3456 625 3494; x_wconf 92' lang='lat' dir='ltr'>non</span> <span class='ocrx_word' id='word_1_418' title='bbox 660 3454 976 3511; x_wconf 88' lang='lat' dir='ltr'>possumus,</span> <span class='ocrx_word' id='word_1_419' title='bbox 1017 3437 1254 3508; x_wconf 91' lang='lat' dir='ltr'>implere</span> <span class='ocrx_word' id='word_1_420' title='bbox 1301 3434 1484 3489; x_wconf 88' lang='lat' dir='ltr'>saltim</span> <span class='ocrx_word' id='word_1_421' title='bbox 1529 3435 1742 3488; x_wconf 87' lang='lat' dir='ltr'>monita</span> 
     </span>
    </p>
   </div>
   <div class='ocr_carea' id='block_1_67' title="bbox 120 3533 522 3603">
    <p class='ocr_par' dir='ltr' id='par_1_67' title="bbox 120 3533 522 3603">
     <span class='ocr_line' id='line_1_67' title="bbox 120 3533 522 3603; baseline -0.002 -16"><span class='ocrx_word' id='word_1_422' title='bbox 120 3533 433 3603; x_wconf 85' lang='lat' dir='ltr'>pertendam</span> <span class='ocrx_word' id='word_1_423' title='bbox 442 3550 522 3586; x_wconf 92' lang='lat' dir='ltr'>us.</span> 
     </span>
    </p>
   </div>
   <div class='ocr_carea' id='block_1_68' title="bbox 637 3601 1209 3665">
    <p class='ocr_par' dir='ltr' id='par_1_68' title="bbox 637 3601 1209 3665">
     <span class='ocr_line' id='line_1_68' title="bbox 637 3601 1209 3665; baseline -0.003 -14"><span class='ocrx_word' id='word_1_424' title='bbox 637 3601 886 3651; x_wconf 89' lang='lat' dir='ltr'>Collectio</span> <span class='ocrx_word' id='word_1_425' title='bbox 915 3602 980 3651; x_wconf 88' lang='lat' dir='ltr'>ad</span> <span class='ocrx_word' id='word_1_426' title='bbox 1007 3615 1209 3665; x_wconf 88' lang='lat' dir='ltr'>pacem.</span> 
     </span>
    </p>
   </div>
   <div class='ocr_carea' id='block_1_69' title="bbox 182 3679 1742 3753">
    <p class='ocr_par' dir='ltr' id='par_1_69' title="bbox 182 3679 1742 3753">
     <span class='ocr_line' id='line_1_69' title="bbox 182 3679 1742 3753; baseline -0.003 -15"><span class='ocrx_word' id='word_1_427' title='bbox 182 3685 410 3753; x_wconf 88' lang='lat' dir='ltr'>Domine</span> <span class='ocrx_word' id='word_1_428' title='bbox 437 3688 678 3750; x_wconf 65' lang='lat' dir='ltr'>aeterne,</span> <span class='ocrx_word' id='word_1_429' title='bbox 724 3683 814 3736; x_wconf 91' lang='lat' dir='ltr'>cui</span> <span class='ocrx_word' id='word_1_430' title='bbox 851 3683 928 3736; x_wconf 87' lang='lat' dir='ltr'>ita</span> <span class='ocrx_word' id='word_1_431' title='bbox 967 3682 1027 3736; x_wconf 91' lang='lat' dir='ltr'>in</span> <span class='ocrx_word' id='word_1_432' title='bbox 1074 3681 1280 3736; x_wconf 87' lang='lat' dir='ltr'>sanctis</span> <span class='ocrx_word' id='word_1_433' title='bbox 1317 3681 1580 3752; x_wconf 90' lang='lat' dir='ltr'>apostolis</span> <span class='ocrx_word' id='word_1_434' title='bbox 1631 3679 1742 3734; x_wconf 91' lang='lat' dir='ltr'>tuis</span> 
     </span>
    </p>
   </div>
   <div class='ocr_carea' id='block_1_70' title="bbox 119 3773 1742 3847">
    <p class='ocr_par' dir='ltr' id='par_1_70' title="bbox 119 3773 1742 3847">
     <span class='ocr_line' id='line_1_70' title="bbox 119 3773 1742 3847; baseline -0.002 -17"><span class='ocrx_word' id='word_1_435' title='bbox 119 3777 303 3832; x_wconf 84' lang='lat' dir='ltr'>Jacobo</span> <span class='ocrx_word' id='word_1_436' title='bbox 344 3783 400 3832; x_wconf 90' lang='lat' dir='ltr'>et</span> <span class='ocrx_word' id='word_1_437' title='bbox 434 3777 696 3831; x_wconf 87' lang='lat' dir='ltr'>Johanne</span> <span class='ocrx_word' id='word_1_438' title='bbox 739 3776 951 3847; x_wconf 90' lang='lat' dir='ltr'>placuit</span> <span class='ocrx_word' id='word_1_439' title='bbox 1001 3791 1269 3829; x_wconf 88' lang='lat' dir='ltr'>arcanum</span> <span class='ocrx_word' id='word_1_440' title='bbox 1317 3773 1742 3845; x_wconf 89' lang='lat' dir='ltr'>dispensationis</span> 
     </span>
    </p>
   </div>
   <div class='ocr_carea' id='block_1_71' title="bbox 121 3867 1736 3941">
    <p class='ocr_par' dir='ltr' id='par_1_71' title="bbox 121 3867 1736 3941">
     <span class='ocr_line' id='line_1_71' title="bbox 121 3867 1736 3941; baseline -0.002 -18"><span class='ocrx_word' id='word_1_441' title='bbox 121 3871 360 3941; x_wconf 90' lang='lat' dir='ltr'>implere,</span> <span class='ocrx_word' id='word_1_442' title='bbox 390 3876 458 3925; x_wconf 92' lang='lat' dir='ltr'>ut</span> <span class='ocrx_word' id='word_1_443' title='bbox 488 3870 740 3941; x_wconf 88' lang='lat' dir='ltr'>glorioso</span> <span class='ocrx_word' id='word_1_444' title='bbox 760 3867 1031 3940; x_wconf 91' lang='lat' dir='ltr'>passionis</span> <span class='ocrx_word' id='word_1_445' title='bbox 1058 3869 1316 3938; x_wconf 89' lang='lat' dir='ltr'>exemplo</span> <span class='ocrx_word' id='word_1_446' title='bbox 1340 3867 1736 3938; x_wconf 89' lang='lat' dir='ltr'>apostolorum,</span> 
     </span>
    </p>
   </div>
   <div class='ocr_carea' id='block_1_72' title="bbox 120 3961 1410 4035">
    <p class='ocr_par' dir='ltr' id='par_1_72' title="bbox 120 3961 1410 4035">
     <span class='ocr_line' id='line_1_72' title="bbox 120 3961 1410 4035; baseline -0.004 -16"><span class='ocrx_word' id='word_1_447' title='bbox 120 3981 348 4034; x_wconf 87' lang='lat' dir='ltr'>quorum</span> <span class='ocrx_word' id='word_1_448' title='bbox 377 3965 474 4018; x_wconf 89' lang='lat' dir='ltr'>ille</span> <span class='ocrx_word' id='word_1_449' title='bbox 501 3963 870 4035; x_wconf 81' lang='lat' dir='ltr'>praecederet,</span> <span class='ocrx_word' id='word_1_450' title='bbox 895 3963 996 4016; x_wconf 89' lang='lat' dir='ltr'>iste</span> <span class='ocrx_word' id='word_1_451' title='bbox 1023 3961 1410 4032; x_wconf 82' lang='lat' dir='ltr'>praemitteret.</span> 
     </span>
    </p>
   </div>
   <div class='ocr_carea' id='block_1_73' title="bbox 745 4055 1078 4106">
    <p class='ocr_par' dir='ltr' id='par_1_73' title="bbox 745 4055 1078 4106">
     <span class='ocr_line' id='line_1_73' title="bbox 745 4055 1078 4106; baseline -0.006 -1"><span class='ocrx_word' id='word_1_452' title='bbox 745 4055 1078 4106; x_wconf 77' lang='lat' dir='ltr'>Contestatio.</span> 
     </span>
    </p>
   </div>
   <div class='ocr_carea' id='block_1_74' title="bbox 182 4134 1743 4211">
    <p class='ocr_par' dir='ltr' id='par_1_74' title="bbox 182 4134 1743 4211">
     <span class='ocr_line' id='line_1_74' title="bbox 182 4134 1743 4211; baseline -0.002 -19"><span class='ocrx_word' id='word_1_453' title='bbox 182 4140 313 4194; x_wconf 75' lang='lat' dir='ltr'>Vere</span> <span class='ocrx_word' id='word_1_454' title='bbox 336 4139 587 4211; x_wconf 88' lang='lat' dir='ltr'>dignum</span> <span class='ocrx_word' id='word_1_455' title='bbox 615 4140 670 4191; x_wconf 91' lang='lat' dir='ltr'>et</span> <span class='ocrx_word' id='word_1_456' title='bbox 690 4137 911 4207; x_wconf 90' lang='lat' dir='ltr'>justum</span> <span class='ocrx_word' id='word_1_457' title='bbox 931 4140 1032 4203; x_wconf 89' lang='lat' dir='ltr'>est,</span> <span class='ocrx_word' id='word_1_458' title='bbox 1078 4134 1436 4206; x_wconf 89' lang='lat' dir='ltr'>omnipotens</span> <span class='ocrx_word' id='word_1_459' title='bbox 1475 4134 1636 4201; x_wconf 90' lang='lat' dir='ltr'>Deus,</span> <span class='ocrx_word' id='word_1_460' title='bbox 1678 4138 1743 4189; x_wconf 92' lang='lat' dir='ltr'>ut</span> 
     </span>
    </p>
   </div>
   <div class='ocr_carea' id='block_1_75' title="bbox 119 4227 1743 4303">
    <p class='ocr_par' dir='ltr' id='par_1_75' title="bbox 119 4227 1743 4303">
     <span class='ocr_line' id='line_1_75' title="bbox 119 4227 1743 4303; baseline -0.003 -18"><span class='ocrx_word' id='word_1_461' title='bbox 119 4233 381 4303; x_wconf 86' lang='lat' dir='ltr'>apostolos</span> <span class='ocrx_word' id='word_1_462' title='bbox 392 4237 526 4288; x_wconf 90' lang='lat' dir='ltr'>tuos</span> <span class='ocrx_word' id='word_1_463' title='bbox 536 4230 808 4286; x_wconf 84' lang='lat' dir='ltr'>Jacobum</span> <span class='ocrx_word' id='word_1_464' title='bbox 823 4235 877 4284; x_wconf 91' lang='lat' dir='ltr'>et</span> <span class='ocrx_word' id='word_1_465' title='bbox 887 4230 1200 4284; x_wconf 74' lang='lat' dir='ltr'>Iohannem</span> <span class='ocrx_word' id='word_1_466' title='bbox 1210 4227 1427 4282; x_wconf 89' lang='lat' dir='ltr'>meritis</span> <span class='ocrx_word' id='word_1_467' title='bbox 1438 4227 1743 4297; x_wconf 74' lang='lat' dir='ltr'>suifragan-</span> 
     </span>
    </p>
   </div>
   <div class='ocr_carea' id='block_1_76' title="bbox 119 4320 1742 4398">
    <p class='ocr_par' dir='ltr' id='par_1_76' title="bbox 119 4320 1742 4398">
     <span class='ocr_line' id='line_1_76' title="bbox 119 4320 1742 4398; baseline -0.004 -18"><span class='ocrx_word' id='word_1_468' title='bbox 119 4327 255 4380; x_wconf 87' lang='lat' dir='ltr'>tibus</span> <span class='ocrx_word' id='word_1_469' title='bbox 280 4343 476 4398; x_wconf 91' lang='lat' dir='ltr'>preces</span> <span class='ocrx_word' id='word_1_470' title='bbox 488 4328 711 4380; x_wconf 89' lang='lat' dir='ltr'>nostras</span> <span class='ocrx_word' id='word_1_471' title='bbox 739 4323 1014 4395; x_wconf 89' lang='lat' dir='ltr'>propitius</span> <span class='ocrx_word' id='word_1_472' title='bbox 1034 4321 1317 4389; x_wconf 86' lang='lat' dir='ltr'>exaudias,</span> <span class='ocrx_word' id='word_1_473' title='bbox 1342 4337 1442 4391; x_wconf 90' lang='lat' dir='ltr'>per</span> <span class='ocrx_word' id='word_1_474' title='bbox 1456 4320 1742 4374; x_wconf 90' lang='lat' dir='ltr'>Christum</span> 
     </span>
    </p>
   </div>
   <div class='ocr_carea' id='block_1_77' title="bbox 120 4413 1743 4481">
    <p class='ocr_par' dir='ltr' id='par_1_77' title="bbox 120 4413 1743 4481">
     <span class='ocr_line' id='line_1_77' title="bbox 120 4413 1743 4481; baseline -0.003 -10"><span class='ocrx_word' id='word_1_475' title='bbox 120 4421 406 4475; x_wconf 86' lang='lat' dir='ltr'>Dominum</span> <span class='ocrx_word' id='word_1_476' title='bbox 423 4423 709 4474; x_wconf 88' lang='lat' dir='ltr'>nostrum.</span> <span class='ocrx_word' id='word_1_477' title='bbox 733 4417 838 4481; x_wconf 90' lang='lat' dir='ltr'>Qui</span> <span class='ocrx_word' id='word_1_478' title='bbox 865 4423 948 4472; x_wconf 91' lang='lat' dir='ltr'>est</span> <span class='ocrx_word' id='word_1_479' title='bbox 966 4420 1284 4471; x_wconf 89' lang='lat' dir='ltr'>sanctorum</span> <span class='ocrx_word' id='word_1_480' title='bbox 1299 4414 1553 4468; x_wconf 90' lang='lat' dir='ltr'>omnium</span> <span class='ocrx_word' id='word_1_481' title='bbox 1567 4413 1743 4467; x_wconf 89' lang='lat' dir='ltr'>virtus</span> 
     </span>
    </p>
   </div>
   <div class='ocr_carea' id='block_1_78' title="bbox 117 4507 1738 4584">
    <p class='ocr_par' dir='ltr' id='par_1_78' title="bbox 117 4507 1738 4584">
     <span class='ocr_line' id='line_1_78' title="bbox 117 4507 1738 4584; baseline -0.004 -19"><span class='ocrx_word' id='word_1_482' title='bbox 117 4518 166 4566; x_wconf 83' lang='lat' dir='ltr'>et</span> <span class='ocrx_word' id='word_1_483' title='bbox 192 4515 383 4584; x_wconf 85' lang='lat' dir='ltr'>gloria,</span> <span class='ocrx_word' id='word_1_484' title='bbox 411 4513 649 4567; x_wconf 87' lang='lat' dir='ltr'>victoria</span> <span class='ocrx_word' id='word_1_485' title='bbox 665 4516 980 4582; x_wconf 87' lang='lat' dir='ltr'>martyrum</span> <span class='ocrx_word' id='word_1_486' title='bbox 1003 4513 1060 4564; x_wconf 91' lang='lat' dir='ltr'>et</span> <span class='ocrx_word' id='word_1_487' title='bbox 1083 4525 1306 4577; x_wconf 89' lang='lat' dir='ltr'>corona,</span> <span class='ocrx_word' id='word_1_488' title='bbox 1325 4510 1516 4562; x_wconf 88' lang='lat' dir='ltr'>Pastor</span> <span class='ocrx_word' id='word_1_489' title='bbox 1529 4507 1738 4574; x_wconf 86' lang='lat' dir='ltr'>ovium,</span> 
     </span>
    </p>
   </div>
   <div class='ocr_carea' id='block_1_79' title="bbox 1839 3340 3469 3412">
    <p class='ocr_par' dir='ltr' id='par_1_79' title="bbox 1839 3340 3469 3412">
     <span class='ocr_line' id='line_1_79' title="bbox 1839 3340 3469 3412; baseline 0.001 -18"><span class='ocrx_word' id='word_1_490' title='bbox 1839 3341 2224 3412; x_wconf 90' lang='lat' dir='ltr'>deprecemur,</span> <span class='ocrx_word' id='word_1_491' title='bbox 2254 3345 2318 3394; x_wconf 92' lang='lat' dir='ltr'>ut</span> <span class='ocrx_word' id='word_1_492' title='bbox 2337 3340 2645 3395; x_wconf 90' lang='lat' dir='ltr'>oblationes</span> <span class='ocrx_word' id='word_1_493' title='bbox 2671 3340 3015 3394; x_wconf 88' lang='lat' dir='ltr'>famulorum</span> <span class='ocrx_word' id='word_1_494' title='bbox 3035 3357 3097 3394; x_wconf 90' lang='lat' dir='ltr'>ac</span> <span class='ocrx_word' id='word_1_495' title='bbox 3121 3341 3469 3396; x_wconf 88' lang='lat' dir='ltr'>famularum</span> 
     </span>
    </p>
   </div>
   <div class='ocr_carea' id='block_1_80' title="bbox 1839 3433 3396 3505">
    <p class='ocr_par' dir='ltr' id='par_1_80' title="bbox 1839 3433 3396 3505">
     <span class='ocr_line' id='line_1_80' title="bbox 1839 3433 3396 3505; baseline 0.001 -18"><span class='ocrx_word' id='word_1_496' title='bbox 1839 3451 2068 3489; x_wconf 90' lang='lat' dir='ltr'>suarum</span> <span class='ocrx_word' id='word_1_497' title='bbox 2097 3434 2312 3505; x_wconf 92' lang='lat' dir='ltr'>placido</span> <span class='ocrx_word' id='word_1_498' title='bbox 2340 3450 2402 3488; x_wconf 90' lang='lat' dir='ltr'>ac</span> <span class='ocrx_word' id='word_1_499' title='bbox 2423 3450 2620 3488; x_wconf 87' lang='lat' dir='ltr'>sereno</span> <span class='ocrx_word' id='word_1_500' title='bbox 2647 3433 2802 3487; x_wconf 79' lang='lat' dir='ltr'>mltu</span> <span class='ocrx_word' id='word_1_501' title='bbox 2825 3433 3100 3504; x_wconf 91' lang='lat' dir='ltr'>respicere</span> <span class='ocrx_word' id='word_1_502' title='bbox 3126 3433 3396 3504; x_wconf 87' lang='lat' dir='ltr'>digneris.</span> 
     </span>
    </p>
   </div>
   <div class='ocr_carea' id='block_1_81' title="bbox 2499 3525 2813 3588">
    <p class='ocr_par' dir='ltr' id='par_1_81' title="bbox 2499 3525 2813 3588">
     <span class='ocr_line' id='line_1_81' title="bbox 2499 3525 2813 3588; baseline -0.006 -13"><span class='ocrx_word' id='word_1_503' title='bbox 2499 3525 2574 3576; x_wconf 79' lang='lat' dir='ltr'>Ad</span> <span class='ocrx_word' id='word_1_504' title='bbox 2607 3539 2813 3588; x_wconf 88' lang='lat' dir='ltr'>pacem.</span> 
     </span>
    </p>
   </div>
   <div class='ocr_carea' id='block_1_82' title="bbox 1909 3605 3467 3676">
    <p class='ocr_par' dir='ltr' id='par_1_82' title="bbox 1909 3605 3467 3676">
     <span class='ocr_line' id='line_1_82' title="bbox 1909 3605 3467 3676; baseline 0 -17"><span class='ocrx_word' id='word_1_505' title='bbox 1909 3607 2194 3661; x_wconf 89' lang='lat' dir='ltr'>Christum</span> <span class='ocrx_word' id='word_1_506' title='bbox 2232 3606 2533 3661; x_wconf 89' lang='lat' dir='ltr'>Dominum</span> <span class='ocrx_word' id='word_1_507' title='bbox 2572 3605 2960 3676; x_wconf 89' lang='lat' dir='ltr'>deprecemur,</span> <span class='ocrx_word' id='word_1_508' title='bbox 3007 3620 3177 3676; x_wconf 91' lang='lat' dir='ltr'>quem</span> <span class='ocrx_word' id='word_1_509' title='bbox 3230 3605 3467 3660; x_wconf 90' lang='lat' dir='ltr'>adorant</span> 
     </span>
    </p>
   </div>
   <div class='ocr_carea' id='block_1_83' title="bbox 1842 3697 3468 3771">
    <p class='ocr_par' dir='ltr' id='par_1_83' title="bbox 1842 3697 3468 3771">
     <span class='ocr_line' id='line_1_83' title="bbox 1842 3697 3468 3771; baseline -0.001 -17"><span class='ocrx_word' id='word_1_510' title='bbox 1842 3701 2012 3771; x_wconf 87' lang='lat' dir='ltr'>magi,</span> <span class='ocrx_word' id='word_1_511' title='bbox 2055 3701 2461 3770; x_wconf 89' lang='lat' dir='ltr'>prophetarum</span> <span class='ocrx_word' id='word_1_512' title='bbox 2503 3697 2760 3752; x_wconf 76' lang='lat' dir='ltr'>vaticinia</span> <span class='ocrx_word' id='word_1_513' title='bbox 2808 3697 3180 3768; x_wconf 86' lang='lat' dir='ltr'>complentur,</span> <span class='ocrx_word' id='word_1_514' title='bbox 3234 3698 3468 3753; x_wconf 91' lang='lat' dir='ltr'>veniunt</span> 
     </span>
    </p>
   </div>
   <div class='ocr_carea' id='block_1_84' title="bbox 1841 3790 3464 3864">
    <p class='ocr_par' dir='ltr' id='par_1_84' title="bbox 1841 3790 3464 3864">
     <span class='ocr_line' id='line_1_84' title="bbox 1841 3790 3464 3864; baseline -0.001 -18"><span class='ocrx_word' id='word_1_515' title='bbox 1841 3810 1907 3847; x_wconf 86' lang='lat' dir='ltr'>ex</span> <span class='ocrx_word' id='word_1_516' title='bbox 1935 3793 2147 3848; x_wconf 89' lang='lat' dir='ltr'>oriente</span> <span class='ocrx_word' id='word_1_517' title='bbox 2173 3793 2363 3864; x_wconf 87' lang='lat' dir='ltr'>legati,</span> <span class='ocrx_word' id='word_1_518' title='bbox 2395 3792 2531 3846; x_wconf 88' lang='lat' dir='ltr'>ﬁdes</span> <span class='ocrx_word' id='word_1_519' title='bbox 2560 3791 2820 3862; x_wconf 84' lang='lat' dir='ltr'>gentium</span> <span class='ocrx_word' id='word_1_520' title='bbox 2849 3790 3193 3845; x_wconf 89' lang='lat' dir='ltr'>declaratur:</span> <span class='ocrx_word' id='word_1_521' title='bbox 3230 3791 3464 3845; x_wconf 88' lang='lat' dir='ltr'>circum-</span> 
     </span>
    </p>
   </div>
   <div class='ocr_carea' id='block_1_85' title="bbox 1840 3883 3462 3940">
    <p class='ocr_par' dir='ltr' id='par_1_85' title="bbox 1840 3883 3462 3940">
     <span class='ocr_line' id='line_1_85' title="bbox 1840 3883 3462 3940; baseline -0.001 0"><span class='ocrx_word' id='word_1_522' title='bbox 1840 3886 2044 3940; x_wconf 91' lang='lat' dir='ltr'>ciditur</span> <span class='ocrx_word' id='word_1_523' title='bbox 2075 3890 2264 3940; x_wconf 89' lang='lat' dir='ltr'>octava</span> <span class='ocrx_word' id='word_1_524' title='bbox 2289 3885 2377 3940; x_wconf 91' lang='lat' dir='ltr'>die</span> <span class='ocrx_word' id='word_1_525' title='bbox 2405 3883 2843 3939; x_wconf 91' lang='lat' dir='ltr'>circumeisionis</span> <span class='ocrx_word' id='word_1_526' title='bbox 2873 3883 3131 3938; x_wconf 91' lang='lat' dir='ltr'>inventor</span> <span class='ocrx_word' id='word_1_527' title='bbox 3160 3899 3173 3936; x_wconf 93' lang='lat'>:</span> <span class='ocrx_word' id='word_1_528' title='bbox 3212 3883 3282 3938; x_wconf 91' lang='lat' dir='ltr'>ad</span> <span class='ocrx_word' id='word_1_529' title='bbox 3319 3888 3462 3938; x_wconf 87' lang='lat' dir='ltr'>tem-</span> 
     </span>
    </p>
   </div>
   <div class='ocr_carea' id='block_1_86' title="bbox 1841 3975 3464 4050">
    <p class='ocr_par' dir='ltr' id='par_1_86' title="bbox 1841 3975 3464 4050">
     <span class='ocr_line' id='line_1_86' title="bbox 1841 3975 3464 4050; baseline 0 -18"><span class='ocrx_word' id='word_1_530' title='bbox 1841 3979 2002 4050; x_wconf 90' lang='lat' dir='ltr'>plum</span> <span class='ocrx_word' id='word_1_531' title='bbox 2021 3979 2244 4034; x_wconf 89' lang='lat' dir='ltr'>ducitur</span> <span class='ocrx_word' id='word_1_532' title='bbox 2259 3978 2575 4033; x_wconf 77' lang='lat' dir='ltr'>oﬁ‘crendus</span> <span class='ocrx_word' id='word_1_533' title='bbox 2595 3977 2691 4048; x_wconf 91' lang='lat' dir='ltr'>qui</span> <span class='ocrx_word' id='word_1_534' title='bbox 2714 3981 2796 4031; x_wconf 90' lang='lat' dir='ltr'>est</span> <span class='ocrx_word' id='word_1_535' title='bbox 2814 3975 3131 4031; x_wconf 90' lang='lat' dir='ltr'>adorandus</span> <span class='ocrx_word' id='word_1_536' title='bbox 3155 3975 3214 4031; x_wconf 91' lang='lat' dir='ltr'>in</span> <span class='ocrx_word' id='word_1_537' title='bbox 3231 3976 3464 4048; x_wconf 90' lang='lat' dir='ltr'>templo.</span> 
     </span>
    </p>
   </div>
   <div class='ocr_carea' id='block_1_87' title="bbox 2489 4070 2821 4119">
    <p class='ocr_par' dir='ltr' id='par_1_87' title="bbox 2489 4070 2821 4119">
     <span class='ocr_line' id='line_1_87' title="bbox 2489 4070 2821 4119; baseline -0.003 0"><span class='ocrx_word' id='word_1_538' title='bbox 2489 4070 2821 4119; x_wconf 89' lang='lat' dir='ltr'>Contestatio.</span> 
     </span>
    </p>
   </div>
   <div class='ocr_carea' id='block_1_88' title="bbox 1913 4151 3465 4224">
    <p class='ocr_par' dir='ltr' id='par_1_88' title="bbox 1913 4151 3465 4224">
     <span class='ocr_line' id='line_1_88' title="bbox 1913 4151 3465 4224; baseline -0.001 -18"><span class='ocrx_word' id='word_1_539' title='bbox 1913 4154 2048 4207; x_wconf 88' lang='lat' dir='ltr'>Vere</span> <span class='ocrx_word' id='word_1_540' title='bbox 2097 4153 2336 4224; x_wconf 89' lang='lat' dir='ltr'>dignum</span> <span class='ocrx_word' id='word_1_541' title='bbox 2391 4157 2448 4208; x_wconf 91' lang='lat' dir='ltr'>et</span> <span class='ocrx_word' id='word_1_542' title='bbox 2485 4153 2705 4222; x_wconf 89' lang='lat' dir='ltr'>justum</span> <span class='ocrx_word' id='word_1_543' title='bbox 2743 4156 2843 4220; x_wconf 90' lang='lat' dir='ltr'>est,</span> <span class='ocrx_word' id='word_1_544' title='bbox 2895 4151 3250 4222; x_wconf 88' lang='lat' dir='ltr'>omnipotens</span> <span class='ocrx_word' id='word_1_545' title='bbox 3301 4151 3465 4218; x_wconf 91' lang='lat' dir='ltr'>Deus,</span> 
     </span>
    </p>
   </div>
   <div class='ocr_carea' id='block_1_89' title="bbox 1841 4244 3467 4318">
    <p class='ocr_par' dir='ltr' id='par_1_89' title="bbox 1841 4244 3467 4318">
     <span class='ocr_line' id='line_1_89' title="bbox 1841 4244 3467 4318; baseline -0.001 -18"><span class='ocrx_word' id='word_1_546' title='bbox 1841 4251 2138 4318; x_wconf 87' lang='lat' dir='ltr'>propterea</span> <span class='ocrx_word' id='word_1_547' title='bbox 2186 4247 2504 4302; x_wconf 79' lang='lat' dir='ltr'>exultamus</span> <span class='ocrx_word' id='word_1_548' title='bbox 2543 4245 2791 4312; x_wconf 88' lang='lat' dir='ltr'>uberius,</span> <span class='ocrx_word' id='word_1_549' title='bbox 2831 4244 2962 4316; x_wconf 89' lang='lat' dir='ltr'>quia</span> <span class='ocrx_word' id='word_1_550' title='bbox 2993 4244 3197 4299; x_wconf 88' lang='lat' dir='ltr'>scimus</span> <span class='ocrx_word' id='word_1_551' title='bbox 3250 4245 3309 4300; x_wconf 90' lang='lat' dir='ltr'>in</span> <span class='ocrx_word' id='word_1_552' title='bbox 3353 4245 3467 4310; x_wconf 44' lang='lat' dir='ltr'>,ho-</span> 
     </span>
    </p>
   </div>
   <div class='ocr_carea' id='block_1_90' title="bbox 1841 4336 3467 4408">
    <p class='ocr_par' dir='ltr' id='par_1_90' title="bbox 1841 4336 3467 4408">
     <span class='ocr_line' id='line_1_90' title="bbox 1841 4336 3467 4408; baseline -0.002 -15"><span class='ocrx_word' id='word_1_553' title='bbox 1841 4339 2102 4394; x_wconf 89' lang='lat' dir='ltr'>diernum</span> <span class='ocrx_word' id='word_1_554' title='bbox 2128 4339 2278 4393; x_wconf 90' lang='lat' dir='ltr'>diem</span> <span class='ocrx_word' id='word_1_555' title='bbox 2304 4338 2567 4393; x_wconf 89' lang='lat' dir='ltr'>salutaris</span> <span class='ocrx_word' id='word_1_556' title='bbox 2596 4337 2718 4392; x_wconf 88' lang='lat' dir='ltr'>ﬁeri</span> <span class='ocrx_word' id='word_1_557' title='bbox 2745 4337 2941 4391; x_wconf 80' lang='lat' dir='ltr'>natalis</span> <span class='ocrx_word' id='word_1_558' title='bbox 2981 4341 3240 4391; x_wconf 87' lang='lat' dir='ltr'>octavum</span> <span class='ocrx_word' id='word_1_559' title='bbox 3279 4336 3467 4408; x_wconf 89' lang='lat' dir='ltr'>legiti-</span> 
     </span>
    </p>
   </div>
   <div class='ocr_carea' id='block_1_91' title="bbox 1840 4428 3471 4500">
    <p class='ocr_par' dir='ltr' id='par_1_91' title="bbox 1840 4428 3471 4500">
     <span class='ocr_line' id='line_1_91' title="bbox 1840 4428 3471 4500; baseline -0.001 -15"><span class='ocrx_word' id='word_1_560' title='bbox 1840 4448 1999 4486; x_wconf 90' lang='lat' dir='ltr'>mum</span> <span class='ocrx_word' id='word_1_561' title='bbox 2019 4432 2240 4486; x_wconf 89' lang='lat' dir='ltr'>Domini</span> <span class='ocrx_word' id='word_1_562' title='bbox 2259 4432 2566 4487; x_wconf 92' lang='lat' dir='ltr'>secundum</span> <span class='ocrx_word' id='word_1_563' title='bbox 2598 4446 2822 4484; x_wconf 90' lang='lat' dir='ltr'>carnem</span> <span class='ocrx_word' id='word_1_564' title='bbox 2849 4429 3021 4500; x_wconf 90' lang='lat' dir='ltr'>geniti</span> <span class='ocrx_word' id='word_1_565' title='bbox 3048 4428 3471 4484; x_wconf 90' lang='lat' dir='ltr'>circumcisione</span> 
     </span>
    </p>
   </div>
   <div class='ocr_carea' id='block_1_92' title="bbox 1840 4521 3472 4595">
    <p class='ocr_par' dir='ltr' id='par_1_92' title="bbox 1840 4521 3472 4595">
     <span class='ocr_line' id='line_1_92' title="bbox 1840 4521 3472 4595; baseline -0.002 -17"><span class='ocrx_word' id='word_1_566' title='bbox 1840 4525 2160 4595; x_wconf 88' lang='lat' dir='ltr'>signatum:</span> <span class='ocrx_word' id='word_1_567' title='bbox 2201 4525 2334 4595; x_wconf 89' lang='lat' dir='ltr'>quia</span> <span class='ocrx_word' id='word_1_568' title='bbox 2359 4524 2502 4578; x_wconf 88' lang='lat' dir='ltr'>sicut</span> <span class='ocrx_word' id='word_1_569' title='bbox 2530 4522 2928 4576; x_wconf 81' lang='lat' dir='ltr'>mortalitatem</span> <span class='ocrx_word' id='word_1_570' title='bbox 2966 4526 3214 4575; x_wconf 74' lang='lat' dir='ltr'>nostram</span> <span class='ocrx_word' id='word_1_571' title='bbox 3251 4521 3472 4575; x_wconf 88' lang='lat' dir='ltr'>adsum-</span> 
     </span>
    </p>
   </div>
   <div class='ocr_carea' id='block_1_93' title="bbox 118 4600 1741 4685">
    <p class='ocr_par' dir='ltr' id='par_1_93' title="bbox 118 4600 1740 4674">
     <span class='ocr_line' id='line_1_93' title="bbox 118 4600 1740 4674; baseline -0.004 -15"><span class='ocrx_word' id='word_1_572' title='bbox 118 4612 168 4659; x_wconf 89' lang='lat' dir='ltr'>et</span> <span class='ocrx_word' id='word_1_573' title='bbox 187 4608 366 4662; x_wconf 87' lang='lat' dir='ltr'>hostia</span> <span class='ocrx_word' id='word_1_574' title='bbox 393 4606 792 4673; x_wconf 87' lang='lat' dir='ltr'>sacerdotum;</span> <span class='ocrx_word' id='word_1_575' title='bbox 824 4603 1098 4659; x_wconf 90' lang='lat' dir='ltr'>redemtio</span> <span class='ocrx_word' id='word_1_576' title='bbox 1119 4601 1374 4674; x_wconf 89' lang='lat' dir='ltr'>gentium</span> <span class='ocrx_word' id='word_1_577' title='bbox 1391 4609 1446 4655; x_wconf 89' lang='lat' dir='ltr'>et</span> <span class='ocrx_word' id='word_1_578' title='bbox 1471 4600 1740 4671; x_wconf 87' lang='lat' dir='ltr'>propicia—</span> 
     </span>
    </p>
   </div>
   <div class='ocr_carea' id='block_1_94' title="bbox 1855 4600 3472 4685">
    <p class='ocr_par' dir='ltr' id='par_1_94' title="bbox 1855 4612 3472 4685">
     <span class='ocr_line' id='line_1_94' title="bbox 1855 4612 3472 4685; baseline -0.003 -14"><span class='ocrx_word' id='word_1_579' title='bbox 1855 4618 1912 4672; x_wconf 79' lang='lat' dir='ltr'>sit</span> <span class='ocrx_word' id='word_1_580' title='bbox 1934 4622 1998 4672; x_wconf 92' lang='lat' dir='ltr'>ut</span> <span class='ocrx_word' id='word_1_581' title='bbox 2020 4621 2265 4671; x_wconf 90' lang='lat' dir='ltr'>mortem</span> <span class='ocrx_word' id='word_1_582' title='bbox 2291 4619 2667 4677; x_wconf 84' lang='lat' dir='ltr'>consumeret,</span> <span class='ocrx_word' id='word_1_583' title='bbox 2709 4615 2787 4668; x_wconf 82' lang='lat' dir='ltr'>ita</span> <span class='ocrx_word' id='word_1_584' title='bbox 2805 4618 2861 4668; x_wconf 91' lang='lat' dir='ltr'>et</span> <span class='ocrx_word' id='word_1_585' title='bbox 2880 4614 3089 4684; x_wconf 89' lang='lat' dir='ltr'>jugum</span> <span class='ocrx_word' id='word_1_586' title='bbox 3109 4613 3252 4685; x_wconf 88' lang='lat' dir='ltr'>legis</span> <span class='ocrx_word' id='word_1_587' title='bbox 3277 4612 3336 4666; x_wconf 91' lang='lat' dir='ltr'>in</span> <span class='ocrx_word' id='word_1_588' title='bbox 3367 4628 3472 4667; x_wconf 90' lang='lat' dir='ltr'>sua</span> 
     </span>
    </p>
   </div>
   <div class='ocr_carea' id='block_1_95' title="bbox 118 4694 1741 4772">
    <p class='ocr_par' dir='ltr' id='par_1_95' title="bbox 118 4694 1741 4772">
     <span class='ocr_line' id='line_1_95' title="bbox 118 4694 1741 4772; baseline -0.002 -20"><span class='ocrx_word' id='word_1_589' title='bbox 118 4700 186 4753; x_wconf 85' lang='lat' dir='ltr'>tio</span> <span class='ocrx_word' id='word_1_590' title='bbox 223 4706 610 4772; x_wconf 89' lang='lat' dir='ltr'>peccatorum,</span> <span class='ocrx_word' id='word_1_591' title='bbox 646 4699 766 4770; x_wconf 92' lang='lat' dir='ltr'>ipse</span> <span class='ocrx_word' id='word_1_592' title='bbox 807 4698 1080 4752; x_wconf 90' lang='lat' dir='ltr'>Dominus</span> <span class='ocrx_word' id='word_1_593' title='bbox 1113 4712 1178 4749; x_wconf 91' lang='lat' dir='ltr'>ac</span> <span class='ocrx_word' id='word_1_594' title='bbox 1209 4694 1494 4749; x_wconf 88' lang='lat' dir='ltr'>redemtor</span> <span class='ocrx_word' id='word_1_595' title='bbox 1530 4697 1741 4760; x_wconf 90' lang='lat' dir='ltr'>noster,</span> 
     </span>
    </p>
   </div>
   <div class='ocr_carea' id='block_1_96' title="bbox 115 4787 1741 4864">
    <p class='ocr_par' dir='ltr' id='par_1_96' title="bbox 115 4787 1741 4864">
     <span class='ocr_line' id='line_1_96' title="bbox 115 4787 1741 4864; baseline -0.004 -16"><span class='ocrx_word' id='word_1_596' title='bbox 115 4799 233 4850; x_wconf 82' lang='lat' dir='ltr'>ante</span> <span class='ocrx_word' id='word_1_597' title='bbox 258 4795 421 4864; x_wconf 90' lang='lat' dir='ltr'>cujus</span> <span class='ocrx_word' id='word_1_598' title='bbox 449 4792 887 4848; x_wconf 88' lang='lat' dir='ltr'>sacratissimam</span> <span class='ocrx_word' id='word_1_599' title='bbox 913 4790 1106 4845; x_wconf 88' lang='lat' dir='ltr'>sedem</span> <span class='ocrx_word' id='word_1_600' title='bbox 1131 4792 1281 4842; x_wconf 89' lang='lat' dir='ltr'>stant</span> <span class='ocrx_word' id='word_1_601' title='bbox 1298 4787 1504 4858; x_wconf 87' lang='lat' dir='ltr'>angeli,</span> <span class='ocrx_word' id='word_1_602' title='bbox 1535 4787 1624 4842; x_wconf 89' lang='lat' dir='ltr'>ad.</span> <span class='ocrx_word' id='word_1_603' title='bbox 1671 4828 1684 4841; x_wconf 95' lang='lat'>.</span> <span class='ocrx_word' id='word_1_604' title='bbox 1726 4826 1741 4841; x_wconf 91' lang='lat'>.</span> 
     </span>
    </p>
   </div>
   <div class='ocr_carea' id='block_1_97' title="bbox 424 4897 1425 4943">
    <p class='ocr_par' dir='ltr' id='par_1_97' title="bbox 424 4897 1425 4943">
     <span class='ocr_line' id='line_1_97' title="bbox 424 4897 1425 4943; baseline -0.008 -1"><span class='ocrx_word' id='word_1_605' title='bbox 424 4902 589 4943; x_wconf 80' lang='lat' dir='ltr'>MISSA</span> <span class='ocrx_word' id='word_1_606' title='bbox 626 4903 717 4940; x_wconf 82' lang='lat' dir='ltr'>DIE</span> <span class='ocrx_word' id='word_1_607' title='bbox 753 4899 1190 4940; x_wconf 77' lang='lat' dir='ltr'>CIRCUMCISIONIS</span> <span class='ocrx_word' id='word_1_608' title='bbox 1218 4897 1425 4937; x_wconf 76' lang='lat' dir='ltr'>DOMINI.</span> 
     </span>
    </p>
   </div>
   <div class='ocr_carea' id='block_1_98' title="bbox 325 4960 1530 5041">
    <p class='ocr_par' dir='ltr' id='par_1_98' title="bbox 325 4960 1530 5041">
     <span class='ocr_line' id='line_1_98' title="bbox 325 4960 1530 5041; baseline -0.008 -16"><span class='ocrx_word' id='word_1_609' title='bbox 325 4969 626 5041; x_wconf 79' lang='lat' dir='ltr'>[Lectiones</span> <span class='ocrx_word' id='word_1_610' title='bbox 663 4971 722 5023; x_wconf 74' lang='lat' dir='ltr'>in</span> <span class='ocrx_word' id='word_1_611' title='bbox 761 4967 1172 5022; x_wconf 75' lang='lat' dir='ltr'>Circumcisione</span> <span class='ocrx_word' id='word_1_612' title='bbox 1218 4964 1435 5019; x_wconf 83' lang='lat' dir='ltr'>Domini</span> <span class='ocrx_word' id='word_1_613' title='bbox 1462 4960 1530 5032; x_wconf 58' lang='grc' dir='ltr'>ιλ]</span> 
     </span>
    </p>
   </div>
   <div class='ocr_carea' id='block_1_99' title="bbox 363 5043 1539 5116">
    <p class='ocr_par' dir='ltr' id='par_1_99' title="bbox 363 5043 1539 5116">
     <span class='ocr_line' id='line_1_99' title="bbox 363 5043 1539 5116; baseline -0.009 -14"><span class='ocrx_word' id='word_1_614' title='bbox 363 5049 776 5116; x_wconf 82' lang='lat' dir='ltr'>EpistolaPauli</span> <span class='ocrx_word' id='word_1_615' title='bbox 806 5043 1026 5112; x_wconf 76' lang='lat' dir='ltr'>apostoli</span> <span class='ocrx_word' id='word_1_616' title='bbox 1059 5047 1125 5097; x_wconf 90' lang='lat' dir='ltr'>ad</span> <span class='ocrx_word' id='word_1_617' title='bbox 1156 5045 1539 5110; x_wconf 81' lang='lat' dir='ltr'>Philippenses.’</span> 
     </span>
    </p>
   </div>
   <div class='ocr_carea' id='block_1_100' title="bbox 181 5124 1748 5201">
    <p class='ocr_par' dir='ltr' id='par_1_100' title="bbox 181 5124 1748 5201">
     <span class='ocr_line' id='line_1_100' title="bbox 181 5124 1748 5201; baseline -0.007 -15"><span class='ocrx_word' id='word_1_618' title='bbox 181 5134 418 5201; x_wconf 86' lang='lat' dir='ltr'>Fratres,</span> <span class='ocrx_word' id='word_1_619' title='bbox 449 5131 636 5186; x_wconf 85' lang='lat' dir='ltr'>videte</span> <span class='ocrx_word' id='word_1_620' title='bbox 661 5128 1166 5185; x_wconf 90' lang='lat' dir='ltr'>circumcisionem.</span> <span class='ocrx_word' id='word_1_621' title='bbox 1208 5127 1318 5181; x_wconf 84' lang='lat' dir='ltr'>Nos</span> <span class='ocrx_word' id='word_1_622' title='bbox 1364 5124 1517 5180; x_wconf 91' lang='lat' dir='ltr'>enim</span> <span class='ocrx_word' id='word_1_623' title='bbox 1555 5138 1748 5177; x_wconf 91' lang='lat' dir='ltr'>sumus</span> 
     </span>
    </p>
   </div>
   <div class='ocr_carea' id='block_1_101' title="bbox 117 5216 1751 5296">
    <p class='ocr_par' dir='ltr' id='par_1_101' title="bbox 117 5216 1751 5296">
     <span class='ocr_line' id='line_1_101' title="bbox 117 5216 1751 5296; baseline -0.005 -20"><span class='ocrx_word' id='word_1_624' title='bbox 117 5224 484 5294; x_wconf 88' lang='lat' dir='ltr'>circumcisio,</span> <span class='ocrx_word' id='word_1_625' title='bbox 516 5223 615 5296; x_wconf 91' lang='lat' dir='ltr'>qui</span> <span class='ocrx_word' id='word_1_626' title='bbox 641 5223 845 5294; x_wconf 86' lang='lat' dir='ltr'>spiritu</span> <span class='ocrx_word' id='word_1_627' title='bbox 879 5233 900 5261; x_wconf 79' lang='grc' dir='ltr'><strong>ο</strong></span> <span class='ocrx_word' id='word_1_628' title='bbox 928 5221 1024 5276; x_wconf 86' lang='lat' dir='ltr'>Dei</span> <span class='ocrx_word' id='word_1_629' title='bbox 1054 5219 1331 5276; x_wconf 88' lang='lat' dir='ltr'>servimus</span> <span class='ocrx_word' id='word_1_630' title='bbox 1359 5223 1414 5273; x_wconf 90' lang='lat' dir='ltr'>et</span> <span class='ocrx_word' id='word_1_631' title='bbox 1444 5216 1751 5288; x_wconf 87' lang='lat' dir='ltr'>gloriamur</span> 
     </span>
    </p>
   </div>
   <div class='ocr_carea' id='block_1_102' title="bbox 119 5309 1748 5384">
    <p class='ocr_par' dir='ltr' id='par_1_102' title="bbox 119 5309 1748 5384">
     <span class='ocr_line' id='line_1_102' title="bbox 119 5309 1748 5384; baseline -0.006 -13"><span class='ocrx_word' id='word_1_632' title='bbox 119 5318 407 5373; x_wconf 87' lang='lat' dir='ltr'>inChristo</span> <span class='ocrx_word' id='word_1_633' title='bbox 432 5319 590 5384; x_wconf 81' lang='lat' dir='ltr'>Jesu,</span> <span class='ocrx_word' id='word_1_634' title='bbox 619 5319 674 5370; x_wconf 91' lang='lat' dir='ltr'>et</span> <span class='ocrx_word' id='word_1_635' title='bbox 700 5331 814 5370; x_wconf 94' lang='lat' dir='ltr'>non</span> <span class='ocrx_word' id='word_1_636' title='bbox 860 5314 920 5368; x_wconf 91' lang='lat' dir='ltr'>in</span> <span class='ocrx_word' id='word_1_637' title='bbox 949 5328 1117 5368; x_wconf 90' lang='lat' dir='ltr'>carne</span> <span class='ocrx_word' id='word_1_638' title='bbox 1159 5311 1421 5366; x_wconf 90' lang='lat' dir='ltr'>ﬁduciam</span> <span class='ocrx_word' id='word_1_639' title='bbox 1462 5309 1748 5364; x_wconf 88' lang='lat' dir='ltr'>habentes.</span> 
     </span>
    </p>
   </div>
   <div class='ocr_carea' id='block_1_103' title="bbox 119 5401 1752 5482">
    <p class='ocr_par' dir='ltr' id='par_1_103' title="bbox 119 5401 1752 5482">
     <span class='ocr_line' id='line_1_103' title="bbox 119 5401 1752 5482; baseline -0.006 -18"><span class='ocrx_word' id='word_1_640' title='bbox 119 5410 470 5482; x_wconf 89' lang='lat' dir='ltr'>Quamquam</span> <span class='ocrx_word' id='word_1_641' title='bbox 488 5425 595 5478; x_wconf 91' lang='lat' dir='ltr'>ego</span> <span class='ocrx_word' id='word_1_642' title='bbox 610 5408 850 5463; x_wconf 89' lang='lat' dir='ltr'>habeam</span> <span class='ocrx_word' id='word_1_643' title='bbox 867 5406 1265 5462; x_wconf 89' lang='lat' dir='ltr'>conﬁdentiam</span> <span class='ocrx_word' id='word_1_644' title='bbox 1277 5404 1337 5458; x_wconf 93' lang='lat' dir='ltr'>in</span> <span class='ocrx_word' id='word_1_645' title='bbox 1348 5418 1534 5458; x_wconf 90' lang='lat' dir='ltr'>carne.</span> <span class='ocrx_word' id='word_1_646' title='bbox 1553 5401 1612 5457; x_wconf 92' lang='lat' dir='ltr'>Si</span> <span class='ocrx_word' id='word_1_647' title='bbox 1629 5401 1752 5473; x_wconf 90' lang='lat' dir='ltr'>quis</span> 
     </span>
    </p>
   </div>
   <div class='ocr_carea' id='block_1_104' title="bbox 184 5548 1755 5624">
    <p class='ocr_par' dir='ltr' id='par_1_104' title="bbox 184 5548 1755 5624">
     <span class='ocr_line' id='line_1_104' title="bbox 184 5548 1755 5624; baseline -0.006 -17"><span class='ocrx_word' id='word_1_648' title='bbox 184 5551 208 5580; x_wconf 80' lang='grc'><strong>⁸</strong></span> <span class='ocrx_word' id='word_1_649' title='bbox 233 5552 445 5607; x_wconf 91' lang='lat' dir='ltr'>Ordine</span> <span class='ocrx_word' id='word_1_650' title='bbox 469 5552 821 5624; x_wconf 77' lang='lat' dir='ltr'>praepostero</span> <span class='ocrx_word' id='word_1_651' title='bbox 848 5553 973 5624; x_wconf 79' lang='lat' dir='ltr'>post</span> <span class='ocrx_word' id='word_1_652' title='bbox 1001 5549 1236 5624; x_wconf 86' lang='lat' dir='ltr'>missam</span> <span class='ocrx_word' id='word_1_653' title='bbox 1266 5548 1633 5624; x_wconf 80' lang='lat' dir='ltr'>Innocentum</span> <span class='ocrx_word' id='word_1_654' title='bbox 1660 5561 1755 5624; x_wconf 63' lang='lat' dir='ltr'>po:</span> 
     </span>
    </p>
   </div>
   <div class='ocr_carea' id='block_1_105' title="bbox 121 5614 1754 5693">
    <p class='ocr_par' dir='ltr' id='par_1_105' title="bbox 121 5614 1754 5693">
     <span class='ocr_line' id='line_1_105' title="bbox 121 5614 1754 5693; baseline -0.006 -17"><span class='ocrx_word' id='word_1_655' title='bbox 121 5622 270 5676; x_wconf 91' lang='lat' dir='ltr'>nitur</span> <span class='ocrx_word' id='word_1_656' title='bbox 295 5624 422 5676; x_wconf 59' lang='lat' dir='ltr'>haec</span> <span class='ocrx_word' id='word_1_657' title='bbox 446 5614 645 5693; x_wconf 76' lang='lat' dir='ltr'>missa,</span> <span class='ocrx_word' id='word_1_658' title='bbox 677 5636 805 5693; x_wconf 65' lang='lat' dir='ltr'>qua:</span> <span class='ocrx_word' id='word_1_659' title='bbox 832 5614 1043 5693; x_wconf 77' lang='lat' dir='ltr'>eadem</span> <span class='ocrx_word' id='word_1_660' title='bbox 1055 5623 1140 5693; x_wconf 80' lang='lat' dir='ltr'>est</span> <span class='ocrx_word' id='word_1_661' title='bbox 1163 5620 1331 5693; x_wconf 81' lang='lat' dir='ltr'>atque</span> <span class='ocrx_word' id='word_1_662' title='bbox 1363 5615 1461 5693; x_wconf 65' lang='lat' dir='ltr'>hic</span> <span class='ocrx_word' id='word_1_663' title='bbox 1481 5614 1754 5693; x_wconf 78' lang='lat' dir='ltr'>usquead</span> 
     </span>
    </p>
   </div>
   <div class='ocr_carea' id='block_1_106' title="bbox 120 5685 1754 5768">
    <p class='ocr_par' dir='ltr' id='par_1_106' title="bbox 120 5685 1754 5768">
     <span class='ocr_line' id='line_1_106' title="bbox 120 5685 1754 5768; baseline -0.006 -23"><span class='ocrx_word' id='word_1_664' title='bbox 120 5693 594 5768; x_wconf 72' lang='lat' dir='ltr'>Contestationem</span> <span class='ocrx_word' id='word_1_665' title='bbox 625 5685 902 5768; x_wconf 66' lang='lat' dir='ltr'>inblissali</span> <span class='ocrx_word' id='word_1_666' title='bbox 927 5689 1176 5768; x_wconf 82' lang='lat' dir='ltr'>Gothico,</span> <span class='ocrx_word' id='word_1_667' title='bbox 1204 5685 1299 5768; x_wconf 65' lang='lat' dir='ltr'>sed</span> <span class='ocrx_word' id='word_1_668' title='bbox 1325 5685 1635 5768; x_wconf 64' lang='lat' dir='ltr'>prolixitor,</span> <span class='ocrx_word' id='word_1_669' title='bbox 1666 5685 1754 5766; x_wconf 82' lang='lat' dir='ltr'>in-</span> 
     </span>
    </p>
   </div>
   <div class='ocr_carea' id='block_1_107' title="bbox 122 5755 1756 5887">
    <p class='ocr_par' dir='ltr' id='par_1_107' title="bbox 122 5755 1756 5887">
     <span class='ocr_line' id='line_1_107' title="bbox 122 5755 1752 5838; baseline -0.004 -23"><span class='ocrx_word' id='word_1_670' title='bbox 122 5764 346 5833; x_wconf 86' lang='lat' dir='ltr'>scripta:</span> <span class='ocrx_word' id='word_1_671' title='bbox 370 5763 632 5838; x_wconf 82' lang='lat' dir='ltr'>Missa_in</span> <span class='ocrx_word' id='word_1_672' title='bbox 647 5761 826 5813; x_wconf 81' lang='lat' dir='ltr'>natale</span> <span class='ocrx_word' id='word_1_673' title='bbox 837 5761 1198 5829; x_wconf 74' lang='lat' dir='ltr'>apostolo-rum</span> <span class='ocrx_word' id='word_1_674' title='bbox 1214 5755 1396 5837; x_wconf 69' lang='lat' dir='ltr'>lacobi</span> <span class='ocrx_word' id='word_1_675' title='bbox 1410 5759 1460 5809; x_wconf 85' lang='lat' dir='ltr'>et</span> <span class='ocrx_word' id='word_1_676' title='bbox 1475 5755 1752 5834; x_wconf 66' lang='lat' dir='ltr'>Iohannis.</span> 
     </span>
     <span class='ocr_line' id='line_1_108' title="bbox 189 5823 1756 5887; baseline -0.006 0"><span class='ocrx_word' id='word_1_677' title='bbox 189 5834 214 5874; x_wconf 69' lang='grc' dir='ltr'>δ</span> <span class='ocrx_word' id='word_1_678' title='bbox 261 5834 328 5887; x_wconf 88' lang='lat' dir='ltr'>Et</span> <span class='ocrx_word' id='word_1_679' title='bbox 382 5833 478 5886; x_wconf 90' lang='lat' dir='ltr'>hic</span> <span class='ocrx_word' id='word_1_680' title='bbox 529 5829 729 5884; x_wconf 80' lang='lat' dir='ltr'>titulus</span> <span class='ocrx_word' id='word_1_681' title='bbox 783 5829 936 5884; x_wconf 89' lang='lat' dir='ltr'>deest</span> <span class='ocrx_word' id='word_1_682' title='bbox 961 5830 1022 5884; x_wconf 92' lang='lat' dir='ltr'>in</span> <span class='ocrx_word' id='word_1_683' title='bbox 1057 5834 1229 5883; x_wconf 87' lang='lat' dir='ltr'>veteri</span> <span class='ocrx_word' id='word_1_684' title='bbox 1285 5825 1612 5887; x_wconf 86' lang='lat' dir='ltr'>exemplari,</span> <span class='ocrx_word' id='word_1_685' title='bbox 1658 5823 1756 5878; x_wconf 88' lang='lat' dir='ltr'>sed</span> 
     </span>
    </p>
   </div>
   <div class='ocr_carea' id='block_1_108' title="bbox 124 5842 1753 5972">
    <p class='ocr_par' dir='ltr' id='par_1_108' title="bbox 124 5842 1753 5972">
     <span class='ocr_line' id='line_1_109' title="bbox 189 5842 1753 5904; baseline -0.006 -17"><span class='ocrx_word' id='word_1_686' title='bbox 189 5842 214 5874; x_wconf 75' lang='grc' dir='ltr'>ο</span> <span class='ocrx_word' id='word_1_687' title='bbox 261 5842 328 5887; x_wconf 71' lang='lat' dir='ltr'>Et</span> <span class='ocrx_word' id='word_1_688' title='bbox 384 5842 478 5886; x_wconf 85' lang='lat' dir='ltr'>me</span> <span class='ocrx_word' id='word_1_689' title='bbox 529 5842 729 5884; x_wconf 84' lang='lat' dir='ltr'>titulus</span> <span class='ocrx_word' id='word_1_690' title='bbox 783 5842 936 5884; x_wconf 82' lang='lat' dir='ltr'>deest</span> <span class='ocrx_word' id='word_1_691' title='bbox 961 5847 1022 5884; x_wconf 88' lang='lat' dir='ltr'>in</span> <span class='ocrx_word' id='word_1_692' title='bbox 1057 5842 1229 5883; x_wconf 86' lang='lat' dir='ltr'>veteri</span> <span class='ocrx_word' id='word_1_693' title='bbox 1285 5842 1612 5904; x_wconf 76' lang='lat' dir='ltr'>exemplari,</span> <span class='ocrx_word' id='word_1_694' title='bbox 1658 5842 1753 5902; x_wconf 78' lang='lat' dir='ltr'>seu</span> 
     </span>
     <span class='ocr_line' id='line_1_110' title="bbox 124 5894 1753 5972; baseline -0.004 -17"><span class='ocrx_word' id='word_1_695' title='bbox 124 5905 432 5960; x_wconf 88' lang='lat' dir='ltr'>necessario</span> <span class='ocrx_word' id='word_1_696' title='bbox 458 5897 830 5972; x_wconf 85' lang='lat' dir='ltr'>supplendus.</span> <span class='ocrx_word' id='word_1_697' title='bbox 866 5900 1017 5956; x_wconf 85' lang='lat' dir='ltr'>idem</span> <span class='ocrx_word' id='word_1_698' title='bbox 1045 5899 1276 5954; x_wconf 87' lang='lat' dir='ltr'>observa</span> <span class='ocrx_word' id='word_1_699' title='bbox 1303 5897 1372 5954; x_wconf 88' lang='lat' dir='ltr'>de</span> <span class='ocrx_word' id='word_1_700' title='bbox 1401 5895 1522 5953; x_wconf 85' lang='lat' dir='ltr'>aliis</span> <span class='ocrx_word' id='word_1_701' title='bbox 1554 5894 1753 5965; x_wconf 77' lang='lat' dir='ltr'>titulis,</span> 
     </span>
    </p>
   </div>
   <div class='ocr_carea' id='block_1_109' title="bbox 1844 4706 3466 4780">
    <p class='ocr_par' dir='ltr' id='par_1_109' title="bbox 1844 4706 3466 4780">
     <span class='ocr_line' id='line_1_111' title="bbox 1844 4706 3466 4780; baseline -0.004 -15"><span class='ocrx_word' id='word_1_702' title='bbox 1844 4726 2011 4766; x_wconf 89' lang='lat' dir='ltr'>carne</span> <span class='ocrx_word' id='word_1_703' title='bbox 2039 4709 2280 4780; x_wconf 88' lang='lat' dir='ltr'>suscepit</span> <span class='ocrx_word' id='word_1_704' title='bbox 2309 4714 2372 4764; x_wconf 90' lang='lat' dir='ltr'>ut</span> <span class='ocrx_word' id='word_1_705' title='bbox 2396 4711 2585 4763; x_wconf 89' lang='lat' dir='ltr'>nostra</span> <span class='ocrx_word' id='word_1_706' title='bbox 2610 4707 2822 4762; x_wconf 86' lang='lat' dir='ltr'>cervice</span> <span class='ocrx_word' id='word_1_707' title='bbox 2848 4706 3170 4775; x_wconf 88' lang='lat' dir='ltr'>discuteret,</span> <span class='ocrx_word' id='word_1_708' title='bbox 3195 4706 3330 4778; x_wconf 88' lang='lat' dir='ltr'>quia</span> <span class='ocrx_word' id='word_1_709' title='bbox 3363 4722 3466 4777; x_wconf 90' lang='lat' dir='ltr'>pro</span> 
     </span>
    </p>
   </div>
   <div class='ocr_carea' id='block_1_110' title="bbox 1844 4801 3470 4872">
    <p class='ocr_par' dir='ltr' id='par_1_110' title="bbox 1844 4801 3470 4872">
     <span class='ocr_line' id='line_1_112' title="bbox 1844 4801 3470 4872; baseline -0.004 -12"><span class='ocrx_word' id='word_1_710' title='bbox 1844 4804 2203 4860; x_wconf 86' lang='lat' dir='ltr'>universitate</span> <span class='ocrx_word' id='word_1_711' title='bbox 2254 4801 2491 4858; x_wconf 90' lang='lat' dir='ltr'>humani</span> <span class='ocrx_word' id='word_1_712' title='bbox 2542 4802 2766 4872; x_wconf 89' lang='lat' dir='ltr'>generis</span> <span class='ocrx_word' id='word_1_713' title='bbox 2833 4801 3080 4856; x_wconf 86' lang='lat' dir='ltr'>Salvator</span> <span class='ocrx_word' id='word_1_714' title='bbox 3149 4801 3470 4855; x_wconf 83' lang='lat' dir='ltr'>advenerat.</span> 
     </span>
    </p>
   </div>
   <div class='ocr_carea' id='block_1_111' title="bbox 1845 4897 2196 4962">
    <p class='ocr_par' dir='ltr' id='par_1_111' title="bbox 1845 4897 2196 4962">
     <span class='ocr_line' id='line_1_113' title="bbox 1845 4897 2196 4962; baseline -0.003 -9"><span class='ocrx_word' id='word_1_715' title='bbox 1845 4899 2021 4962; x_wconf 90' lang='lat' dir='ltr'>Quem</span> <span class='ocrx_word' id='word_1_716' title='bbox 2047 4897 2196 4952; x_wconf 91' lang='lat' dir='ltr'>laud.</span> 
     </span>
    </p>
   </div>
   <div class='ocr_carea' id='block_1_112' title="bbox 2326 4965 2994 5022">
    <p class='ocr_par' dir='ltr' id='par_1_112' title="bbox 2326 4965 2994 5022">
     <span class='ocr_line' id='line_1_114' title="bbox 2326 4965 2994 5022; baseline -0.004 0"><span class='ocrx_word' id='word_1_717' title='bbox 2326 4982 2482 5022; x_wconf 71' lang='lat' dir='ltr'>MISSA</span> <span class='ocrx_word' id='word_1_718' title='bbox 2523 4984 2579 5022; x_wconf 82' lang='lat' dir='ltr'>1N</span> <span class='ocrx_word' id='word_1_719' title='bbox 2617 4982 2919 5022; x_wconf 58' lang='lat' dir='ltr'>sparsum</span> <span class='ocrx_word' id='word_1_720' title='bbox 2947 4965 2994 5019; x_wconf 75' lang='grc' dir='ltr'>ἀ.</span> 
     </span>
    </p>
   </div>
   <div class='ocr_carea' id='block_1_113' title="bbox 2242 5046 3076 5122">
    <p class='ocr_par' dir='ltr' id='par_1_113' title="bbox 2242 5046 3076 5122">
     <span class='ocr_line' id='line_1_115' title="bbox 2242 5046 3076 5122; baseline -0.008 -16"><span class='ocrx_word' id='word_1_721' title='bbox 2242 5049 2548 5122; x_wconf 76' lang='lat' dir='ltr'>[Lectiones</span> <span class='ocrx_word' id='word_1_722' title='bbox 2599 5051 2657 5103; x_wconf 77' lang='lat' dir='ltr'>in</span> <span class='ocrx_word' id='word_1_723' title='bbox 2708 5046 3076 5120; x_wconf 79' lang='lat' dir='ltr'>Epiphania.]</span> 
     </span>
    </p>
   </div>
   <div class='ocr_carea' id='block_1_114' title="bbox 2173 5129 3126 5196">
    <p class='ocr_par' dir='ltr' id='par_1_114' title="bbox 2173 5129 3126 5196">
     <span class='ocr_line' id='line_1_116' title="bbox 2173 5129 3126 5196; baseline -0.005 -14"><span class='ocrx_word' id='word_1_724' title='bbox 2173 5132 2400 5196; x_wconf 85' lang='lat' dir='ltr'>Epistola</span> <span class='ocrx_word' id='word_1_725' title='bbox 2421 5132 2560 5182; x_wconf 86' lang='lat' dir='ltr'>Pauli</span> <span class='ocrx_word' id='word_1_726' title='bbox 2594 5130 2811 5194; x_wconf 90' lang='lat' dir='ltr'>apostoli</span> <span class='ocrx_word' id='word_1_727' title='bbox 2845 5129 2909 5178; x_wconf 88' lang='lat' dir='ltr'>ad</span> <span class='ocrx_word' id='word_1_728' title='bbox 2940 5129 3126 5178; x_wconf 90' lang='lat' dir='ltr'>Titum.</span> 
     </span>
    </p>
   </div>
   <div class='ocr_carea' id='block_1_115' title="bbox 1925 5214 3476 5288">
    <p class='ocr_par' dir='ltr' id='par_1_115' title="bbox 1925 5214 3476 5288">
     <span class='ocr_line' id='line_1_117' title="bbox 1925 5214 3476 5288; baseline 0 -16"><span class='ocrx_word' id='word_1_729' title='bbox 1925 5219 2162 5283; x_wconf 86' lang='lat' dir='ltr'>Fratres,</span> <span class='ocrx_word' id='word_1_730' title='bbox 2191 5217 2450 5288; x_wconf 90' lang='lat' dir='ltr'>apparuit</span> <span class='ocrx_word' id='word_1_731' title='bbox 2480 5216 2658 5288; x_wconf 89' lang='lat' dir='ltr'>gratia</span> <span class='ocrx_word' id='word_1_732' title='bbox 2683 5216 2779 5271; x_wconf 92' lang='lat' dir='ltr'>Dei</span> <span class='ocrx_word' id='word_1_733' title='bbox 2815 5214 3105 5270; x_wconf 84' lang='lat' dir='ltr'>Salvatoris</span> <span class='ocrx_word' id='word_1_734' title='bbox 3140 5216 3317 5270; x_wconf 88' lang='lat' dir='ltr'>nostri</span> <span class='ocrx_word' id='word_1_735' title='bbox 3354 5233 3476 5272; x_wconf 88' lang='lat' dir='ltr'>om-</span> 
     </span>
    </p>
   </div>
   <div class='ocr_carea' id='block_1_116' title="bbox 1850 5309 3478 5382">
    <p class='ocr_par' dir='ltr' id='par_1_116' title="bbox 1850 5309 3478 5382">
     <span class='ocr_line' id='line_1_118' title="bbox 1850 5309 3478 5382; baseline 0 -16"><span class='ocrx_word' id='word_1_736' title='bbox 1850 5311 2015 5366; x_wconf 91' lang='lat' dir='ltr'>nibus</span> <span class='ocrx_word' id='word_1_737' title='bbox 2039 5310 2382 5379; x_wconf 87' lang='lat' dir='ltr'>hominibus,</span> <span class='ocrx_word' id='word_1_738' title='bbox 2423 5310 2686 5365; x_wconf 90' lang='lat' dir='ltr'>erudiens</span> <span class='ocrx_word' id='word_1_739' title='bbox 2726 5325 2847 5379; x_wconf 92' lang='lat' dir='ltr'>nos,</span> <span class='ocrx_word' id='word_1_740' title='bbox 2889 5313 2949 5364; x_wconf 93' lang='lat' dir='ltr'>ut</span> <span class='ocrx_word' id='word_1_741' title='bbox 2988 5309 3330 5382; x_wconf 89' lang='lat' dir='ltr'>abnegantes</span> <span class='ocrx_word' id='word_1_742' title='bbox 3370 5311 3478 5366; x_wconf 87' lang='lat' dir='ltr'>im-</span> 
     </span>
    </p>
   </div>
   <div class='ocr_carea' id='block_1_117' title="bbox 1851 5401 3481 5475">
    <p class='ocr_par' dir='ltr' id='par_1_117' title="bbox 1851 5401 3481 5475">
     <span class='ocr_line' id='line_1_119' title="bbox 1851 5401 3481 5475; baseline 0 -16"><span class='ocrx_word' id='word_1_743' title='bbox 1851 5403 2120 5474; x_wconf 88' lang='lat' dir='ltr'>pietatem</span> <span class='ocrx_word' id='word_1_744' title='bbox 2146 5406 2202 5457; x_wconf 90' lang='lat' dir='ltr'>et</span> <span class='ocrx_word' id='word_1_745' title='bbox 2235 5403 2523 5457; x_wconf 83' lang='lat' dir='ltr'>saecularia</span> <span class='ocrx_word' id='word_1_746' title='bbox 2553 5401 2846 5472; x_wconf 88' lang='lat' dir='ltr'>desideria,</span> <span class='ocrx_word' id='word_1_747' title='bbox 2889 5401 3089 5473; x_wconf 90' lang='lat' dir='ltr'>sobrie,</span> <span class='ocrx_word' id='word_1_748' title='bbox 3128 5407 3184 5458; x_wconf 91' lang='lat' dir='ltr'>et</span> <span class='ocrx_word' id='word_1_749' title='bbox 3211 5403 3383 5475; x_wconf 91' lang='lat' dir='ltr'>juste,</span> <span class='ocrx_word' id='word_1_750' title='bbox 3426 5408 3481 5458; x_wconf 89' lang='lat' dir='ltr'>et</span> 
     </span>
    </p>
   </div>
   <div class='ocr_carea' id='block_1_118' title="bbox 1854 5545 2710 5617">
    <p class='ocr_par' dir='ltr' id='par_1_118' title="bbox 1854 5545 2710 5617">
     <span class='ocr_line' id='line_1_120' title="bbox 1854 5545 2710 5617; baseline 0 -17"><span class='ocrx_word' id='word_1_751' title='bbox 1854 5561 1994 5617; x_wconf 88' lang='lat' dir='ltr'>quos</span> <span class='ocrx_word' id='word_1_752' title='bbox 2019 5545 2230 5617; x_wconf 86' lang='lat' dir='ltr'>ansulis</span> <span class='ocrx_word' id='word_1_753' title='bbox 2253 5545 2496 5617; x_wconf 84' lang='lat' dir='ltr'>inclusos</span> <span class='ocrx_word' id='word_1_754' title='bbox 2516 5545 2710 5617; x_wconf 89' lang='lat' dir='ltr'>habes.</span> 
     </span>
    </p>
   </div>
   <div class='ocr_carea' id='block_1_119' title="bbox 1925 5615 3476 5686">
    <p class='ocr_par' dir='ltr' id='par_1_119' title="bbox 1925 5615 3476 5686">
     <span class='ocr_line' id='line_1_121' title="bbox 1925 5615 3476 5686; baseline 0.001 -18"><span class='ocrx_word' id='word_1_755' title='bbox 1925 5628 1948 5655; x_wconf 79' lang='grc' dir='ltr'><strong>ο</strong></span> <span class='ocrx_word' id='word_1_756' title='bbox 1977 5615 2220 5686; x_wconf 85' lang='lat' dir='ltr'>Legebat</span> <span class='ocrx_word' id='word_1_757' title='bbox 2253 5615 2596 5686; x_wconf 85' lang='lat' dir='ltr'>Augustinus</span> <span class='ocrx_word' id='word_1_758' title='bbox 2635 5615 2867 5685; x_wconf 84' lang='lat' dir='ltr'>Spiritui</span> <span class='ocrx_word' id='word_1_759' title='bbox 2900 5616 2960 5670; x_wconf 93' lang='lat' dir='ltr'>in</span> <span class='ocrx_word' id='word_1_760' title='bbox 2986 5631 3241 5672; x_wconf 90' lang='lat' dir='ltr'>sermone</span> <span class='ocrx_word' id='word_1_761' title='bbox 3266 5633 3382 5672; x_wconf 80' lang='lat' dir='ltr'>cux</span> <span class='ocrx_word' id='word_1_762' title='bbox 3409 5617 3476 5669; x_wconf 87' lang='lat' dir='ltr'>ad</span> 
     </span>
    </p>
   </div>
   <div class='ocr_carea' id='block_1_120' title="bbox 1854 5685 3473 5757">
    <p class='ocr_par' dir='ltr' id='par_1_120' title="bbox 1854 5685 3473 5757">
     <span class='ocr_line' id='line_1_122' title="bbox 1854 5685 3473 5757; baseline -0.001 -18"><span class='ocrx_word' id='word_1_763' title='bbox 1854 5685 2150 5757; x_wconf 82' lang='lat' dir='ltr'>populum,</span> <span class='ocrx_word' id='word_1_764' title='bbox 2177 5685 2422 5753; x_wconf 44' lang='lat' dir='ltr'>numIl,</span> <span class='ocrx_word' id='word_1_765' title='bbox 2449 5687 2546 5740; x_wconf 90' lang='lat' dir='ltr'>ubi</span> <span class='ocrx_word' id='word_1_766' title='bbox 2574 5687 2763 5741; x_wconf 89' lang='lat' dir='ltr'>subdit</span> <span class='ocrx_word' id='word_1_767' title='bbox 2791 5704 2804 5741; x_wconf 89' lang='lat'>:</span> <span class='ocrx_word' id='word_1_768' title='bbox 2841 5708 2868 5734; x_wconf 76' lang='grc' dir='ltr'><strong><em>κ</em></strong></span> <span class='ocrx_word' id='word_1_769' title='bbox 2897 5686 3018 5742; x_wconf 90' lang='lat' dir='ltr'>Scio</span> <span class='ocrx_word' id='word_1_770' title='bbox 3043 5689 3335 5757; x_wconf 86' lang='lat' dir='ltr'>plerosque</span> <span class='ocrx_word' id='word_1_771' title='bbox 3370 5686 3473 5739; x_wconf 89' lang='lat' dir='ltr'>Co-</span> 
     </span>
    </p>
   </div>
   <div class='ocr_carea' id='block_1_121' title="bbox 1857 5755 3136 5824">
    <p class='ocr_par' dir='ltr' id='par_1_121' title="bbox 1857 5755 3136 5824">
     <span class='ocr_line' id='line_1_123' title="bbox 1857 5755 3136 5824; baseline -0.002 -15"><span class='ocrx_word' id='word_1_772' title='bbox 1857 5755 2004 5810; x_wconf 90' lang='lat' dir='ltr'>dices</span> <span class='ocrx_word' id='word_1_773' title='bbox 2027 5755 2233 5810; x_wconf 88' lang='lat' dir='ltr'>habere</span> <span class='ocrx_word' id='word_1_774' title='bbox 2263 5773 2275 5810; x_wconf 92' lang='lat'>:</span> <span class='ocrx_word' id='word_1_775' title='bbox 2307 5757 2411 5821; x_wconf 79' lang='lat' dir='ltr'>Qui</span> <span class='ocrx_word' id='word_1_776' title='bbox 2435 5757 2646 5824; x_wconf 77' lang='lat' dir='ltr'>Spiritu</span> <span class='ocrx_word' id='word_1_777' title='bbox 2669 5760 2776 5812; x_wconf 82' lang='lat' dir='ltr'>Deo</span> <span class='ocrx_word' id='word_1_778' title='bbox 2805 5755 3083 5813; x_wconf 69' lang='lat' dir='ltr'>servimus.</span> <span class='ocrx_word' id='word_1_779' title='bbox 3109 5778 3136 5807; x_wconf 90' lang='grc'><strong>››</strong></span> 
     </span>
    </p>
   </div>
   <div class='ocr_carea' id='block_1_122' title="bbox 1925 5823 3472 5895">
    <p class='ocr_par' dir='ltr' id='par_1_122' title="bbox 1925 5823 3472 5895">
     <span class='ocr_line' id='line_1_124' title="bbox 1925 5823 3472 5895; baseline -0.005 -14"><span class='ocrx_word' id='word_1_780' title='bbox 1925 5827 1951 5867; x_wconf 74' lang='grc' dir='ltr'><strong>ά</strong></span> <span class='ocrx_word' id='word_1_781' title='bbox 1980 5826 2346 5895; x_wconf 85' lang='lat' dir='ltr'>Ephyphania</span> <span class='ocrx_word' id='word_1_782' title='bbox 2370 5823 2538 5882; x_wconf 77' lang='lat' dir='ltr'>etiam</span> <span class='ocrx_word' id='word_1_783' title='bbox 2557 5827 2821 5883; x_wconf 86' lang='lat' dir='ltr'>scribitur</span> <span class='ocrx_word' id='word_1_784' title='bbox 2849 5828 2906 5884; x_wconf 91' lang='lat' dir='ltr'>in</span> <span class='ocrx_word' id='word_1_785' title='bbox 2937 5824 3275 5884; x_wconf 85' lang='lat' dir='ltr'>Lectionario</span> <span class='ocrx_word' id='word_1_786' title='bbox 3298 5823 3472 5877; x_wconf 86' lang='lat' dir='ltr'>Luxo-</span> 
     </span>
    </p>
   </div>
   <div class='ocr_carea' id='block_1_123' title="bbox 1859 5895 3398 5966">
    <p class='ocr_par' dir='ltr' id='par_1_123' title="bbox 1859 5895 3398 5966">
     <span class='ocr_line' id='line_1_125' title="bbox 1859 5895 3398 5966; baseline 0.003 -15"><span class='ocrx_word' id='word_1_787' title='bbox 1859 5895 2054 5966; x_wconf 87' lang='lat' dir='ltr'>viensi,</span> <span class='ocrx_word' id='word_1_788' title='bbox 2089 5901 2211 5954; x_wconf 89' lang='lat' dir='ltr'>tum</span> <span class='ocrx_word' id='word_1_789' title='bbox 2233 5895 2296 5954; x_wconf 88' lang='lat' dir='ltr'>in</span> <span class='ocrx_word' id='word_1_790' title='bbox 2313 5896 2512 5955; x_wconf 79' lang='lat' dir='ltr'>Missali</span> <span class='ocrx_word' id='word_1_791' title='bbox 2540 5897 2793 5956; x_wconf 87' lang='lat' dir='ltr'>Gothico.</span> <span class='ocrx_word' id='word_1_792' title='bbox 3393 5941 3398 5943; x_wconf 49' lang='grc' dir='ltr'><strong><em>μ</em></strong></span> 
     </span>
    </p>
   </div>
  </div>
