3970 6410
485 371 581 430 471

475 481 571 555 pie
625 479 876 538 vivamus
915 477 975 536 in
1013 479 1124 536 hoc
1175 479 1397 549 seculo,
1448 484 1832 553 exspectantes
1884 481 2105 536 beatam
2127 491 2188 568 Α

484 591 646 648 spem
672 578 728 630 et
757 575 1062 630 adventum
1091 573 1286 645 gloriae
1329 575 1529 646 magni
1570 574 1790 630 Domini
1828 578 1884 630 et
1919 574 2105 630 Salva-

481 668 619 726 toris
645 666 824 722 nostri
849 665 980 721 Iesu
1000 665 1228 724 Christi.

634 754 808 806 Lectio
839 755 1006 806 sancti
1037 754 1304 817 Evangelii
1335 755 1619 804 secundum
1643 755 1950 806 Iohannem.

551 829 756 886 Diebus
788 829 898 885 illis
919 835 965 901 ⁸,
1010 831 1162 886 venit
1196 830 1464 884 Dominus
1507 831 1664 884 Iesus
1704 830 1764 885 in
1807 831 2108 886 Iordanem

477 924 550 981 ad
577 923 916 994 Iohannem,
937 927 1002 980 ut
1026 923 1399 996 baptizaretur
1416 923 1486 977 ab
1507 939 1592 978 eo.
1611 923 1893 979 Iohannes
1917 929 2109 980 autem

474 1017 811 1093 prohibebat
835 1034 966 1074 eum
990 1018 1180 1072 dicens
1213 1037 1226 1072 :
1275 1019 1390 1088 Ego
1431 1034 1465 1071 a
1503 1020 1558 1072 te
1605 1018 1780 1073 debeo
1817 1019 2104 1090 baptizari,

474 1116 532 1171 et
553 1115 616 1168 tu
668 1111 824 1168 venis
869 1111 940 1166 ad
994 1126 1086 1166 me
1106 1111 1149 1178 ?,
1188 1110 1550 1181 Respondens
1593 1115 1784 1167 autem
1836 1113 2108 1167 Dominus

471 1207 632 1263 Iesus
684 1204 824 1260 dixit
867 1204 960 1260 ci:
1007 1203 1136 1260 Sine
1184 1205 1387 1274 modo;
1429 1205 1505 1259 sic
1563 1205 1717 1260 enim
1781 1207 1940 1261 decet
2005 1223 2106 1260 nos

469 1299 706 1372 implere
735 1313 958 1354 omnem
983 1297 1283 1369 justitiam.
1315 1299 1470 1353 Tunc
1500 1297 1712 1354 dimisit
1736 1315 1888 1354 eum.
1925 1300 2108 1371 Bapti-

469 1397 624 1448 zatus
671 1396 861 1448 autem
910 1391 1205 1447 confestim
1246 1392 1500 1446 ascendit
1547 1393 1614 1447 de
1662 1409 1828 1464 aqua,
1883 1396 1939 1448 et
1979 1409 2105 1448 ecce

470 1485 651 1558 aperti
688 1488 820 1540 sunt
856 1485 908 1540 ei
949 1485 1090 1554 caeli,
1125 1489 1182 1540 et
1222 1485 1363 1540 vidit
1412 1485 1686 1556 Spiritum
1721 1486 1821 1540 Dei
1865 1486 2100 1541 descen-

469 1578 698 1638 dentem
723 1578 866 1635 sicut
889 1578 1211 1634 columbam
1243 1579 1558 1634 venientem
1587 1595 1757 1651 super
1786 1595 1864 1648 se,
1907 1584 1964 1634 et
1995 1596 2103 1635 vox

467 1674 538 1730 de
575 1673 726 1728 caelis
761 1673 997 1728 dicens:
1042 1673 1139 1728 Hic
1185 1678 1267 1728 est
1312 1673 1482 1728 Filius
1525 1690 1686 1728 meus
1731 1673 1986 1740 dilectus,
2044 1673 2105 1728 in

467 1783 582 1840 quo
624 1766 767 1823 mihi
811 1766 1145 1838 complacui.
1189 1765 1337 1838 [Luc.
1383 1783 1466 1837 Ill,
1514 1766 1622 1840 13.]
1673 1768 1749 1822 Er
1787 1766 1907 1838 ipse
1946 1768 2104 1822 Iesus

463 1863 588 1918 erat
610 1860 888 1932 incipiens
917 1859 1079 1934 quasi
1097 1877 1379 1918 annorum
1407 1860 1642 1934 triginta
1684 1864 1750 1917 ut
1793 1861 2100 1932 putabatur
2119 1868 2174 1939 Β

460 1953 610 2012 ﬁlius
640 1956 824 2026 Iosep.

540 2048 757 2122 [Joann.
785 2063 845 2116 II,
877 2047 950 2118 1.]
976 2049 1052 2104 E'r
1077 2047 1166 2102 die
1194 2047 1358 2103 tertio
1401 2047 1618 2119 nuptiae
1661 2047 1820 2103 factae
1865 2053 1997 2102 sunt
2040 2047 2101 2101 in

461 2144 610 2198 Cana
660 2141 906 2210 Galileae,
949 2145 1006 2196 et
1043 2145 1164 2196 erat
1198 2144 1382 2196 mater
1418 2142 1547 2196 Iesu
1583 2142 1684 2197 ibi.
1739 2143 1976 2196 Vocatus
2018 2145 2102 2196 est

461 2241 654 2292 autem
680 2234 952 2289 Dominus
977 2235 1134 2290 Iesus
1155 2240 1212 2290 et
1253 2234 1510 2306 discipuli
1553 2235 1675 2306 ejus
1721 2235 1793 2290 ad
1840 2235 2087 2306 nuptias.

459 2329 527 2385 Et
578 2327 869 2384 deﬁciente
911 2328 1042 2382 vino
1093 2327 1226 2383 dicit
1272 2333 1452 2382 mater
1497 2329 1625 2383 Iesu
1679 2328 1749 2382 ad
1786 2343 1967 2382 eum:
2011 2326 2096 2382 Vi-

459 2438 600 2478 num
617 2438 733 2477 non
757 2421 986 2477 habent.
1026 2423 1093 2476 Et
1137 2421 1271 2476 dicit
1306 2422 1358 2476 ei
1400 2421 1666 2476 Dominus
1711 2423 1868 2476 Iesus
1901 2437 1914 2476 :
1955 2420 2098 2485 Quid

458 2515 600 2572 mihi
634 2520 689 2571 et
724 2515 822 2570 tibi
851 2521 952 2584 est,
981 2513 1186 2570 mulier
1211 2515 1238 2568 ?
1266 2515 1521 2570 nondum
1566 2515 1716 2570 venit
1759 2515 1899 2570 hora
1947 2530 2094 2569 mea.

456 2609 600 2665 Dicit
629 2615 812 2664 mater
837 2609 957 2681 ejus
994 2607 1303 2663 ministris:
1337 2609 1743 2680 Quodcumque
1774 2608 1978 2662 dixerit
2007 2624 2099 2662 vo-

456 2702 543 2757 bis
561 2701 748 2758 facite.
778 2703 948 2757 Esant
973 2706 1166 2758 autem
1187 2701 1264 2756 ibi
1282 2701 1518 2772 lapideae
1543 2702 1762 2772 hydriaa
1783 2718 1879 2756 sex
1895 2702 2096 2772 positae

456 2795 767 2851 secundum
805 2795 1258 2866 purificationem
1283 2794 1633 2864 Iudaeorum,
1663 2794 1946 2865 capientes
1972 2794 2087 2849 sin-

461 2887 607 2960 gulae
632 2892 899 2943 metretas
923 2888 1085 2943 binas
1112 2887 1199 2942 vel
1239 2893 1448 2942 ternas.
1490 2887 1630 2942 Dicit
1665 2887 1744 2942 eis
1780 2887 2050 2942 Dominus
2079 2905 2092 2943 :

463 2981 694 3052 lmplete
719 2981 948 3052 hydrias
972 2995 1137 3052 aqua.
1167 2981 1234 3034 Et
1271 2980 1649 3050 impleverunt
1683 2996 1776 3034 eas
1815 2997 1993 3052 usque
2024 2982 2096 3036 ad

457 3089 768 3128 summum.
800 3074 869 3128 Et
896 3073 1032 3128 dicit
1050 3073 1130 3128 eis
1151 3075 1311 3128 Iesus
1338 3089 1352 3128 :
1385 3073 1611 3128 Haurite
1647 3090 1819 3140 nunc,
1869 3079 1924 3129 et
1953 3075 2093 3130 ferte

461 3166 861 3222 architriclino.
914 3167 979 3221 Et
1019 3167 1290 3222 tulerunt.
1360 3169 1428 3222 Ut
1475 3171 1663 3222 autem
1713 3168 1956 3238 gustavit
1998 3184 2090 3222 ar-

1362 372 1695 428 APPENDIX
1729 374 1816 429 AD
1851 373 2076 429 ΟΡΕΒΑ
2108 374 2162 428 S.
2204 374 2504 432 GERMANI
2542 379 2966 436 PARISIENSIS.

3787 382 3902 436 472

2827 487 2947 537 Post
2981 483 3218 565 nomine.

2277 572 2424 626 Deus
2451 570 2549 642 qui
2581 571 2733 626 dives
2775 588 2832 627 es
2869 572 2930 627 in
2963 572 3228 628 omnibus
3263 571 3672 644 misereordia,
3713 577 3900 632 Pater

2210 665 2424 737 gloriae,
2451 665 2549 737 qui
2575 665 2810 737 posuisti
2838 666 3041 721 Filium
3069 671 3254 737 tuum,
3281 668 3484 725 lumen
3511 669 3577 724 in
3611 669 3894 726 nationi-

2207 759 2332 826 bus,
2385 760 2693 832 praedicare
2737 759 2970 831 captivis
3024 761 3506 833 redemptionem,
3557 763 3744 818 caecis
3813 764 3897 818 vi-

2208 869 2333 908 sum
2359 870 2373 922 ;
2403 853 2793 908 remissionem
2819 859 3199 924 peccatorum,
3229 860 3286 910 et
3311 861 3530 912 sortem
3559 855 3728 914 inter
3758 874 3898 914 san-

2207 953 2323 1003 ctos
2346 965 2448 1018 per
2473 947 2662 1014 ﬁdem,
2704 946 2804 1018 qui
2848 963 2905 1002 es
2943 949 3002 1002 in
3038 949 3262 1003 Christo
3297 950 3496 1022 largus
3534 950 3892 1023 miserator,

2206 1042 2458 1114 indulge.

2858 1111 2934 1162 Ad
2974 1126 3182 1177 pacem.

2276 1198 2440 1264 Deus,
2471 1197 2568 1270 qui
2597 1214 2696 1270 per
2714 1197 3074 1270 unigenitum
3102 1200 3296 1255 Iesum
3323 1200 3634 1257 Christum
3662 1201 3892 1260 Filium

2207 1293 2370 1346 tuum
2396 1291 2699 1346 Dominum
2727 1298 2985 1347 nostrum
3020 1293 3188 1348 hodie
3227 1293 3762 1352 sanctificationem
3789 1315 3886 1352 sa-

2204 1385 2336 1440 lutis
2379 1388 2604 1440 aeternae
2662 1386 2821 1456 aquis
2875 1387 3344 1457 regenerantibus
3397 1389 3769 1460 praestitisti,
3830 1398 3889 1448 et

2204 1479 2463 1534 veniente
2510 1497 2679 1551 super
2722 1484 2893 1551 caput
2933 1481 3078 1535 illius
3121 1481 3365 1552 spiritali
3413 1483 3724 1554 columba,
3778 1501 3888 1557 per

2203 1572 2474 1643 Spiritum
2529 1578 2784 1629 sanctum
2837 1573 2958 1644 ipse
3008 1574 3230 1645 venisti,
3275 1575 3448 1646 dona,
3493 1594 3884 1651 quaesumus,

2202 1669 2267 1721 ut
2299 1666 2492 1722 'veuiat
2529 1684 2698 1738 super
2738 1668 2881 1722 hanc
2917 1684 3146 1723 omnem
3189 1670 3488 1725 ecclesiam
3542 1675 3720 1728 tuam
3781 1673 3888 1730 illa

2202 1759 2534 1831 benedictio,
2567 1777 2694 1834 quae
2721 1765 2948 1816 cunctos
2965 1762 3186 1835 jugiter
3209 1768 3495 1836 protegat.

2847 1863 3182 1914 Contestatio.

2271 1948 2409 2002 Vere
2463 1947 2702 2019 dignum
2749 1953 2805 2004 et
2849 1949 3069 2020 justum
3113 1951 3216 2018 est,
3264 1949 3642 2022 omnipotens
3694 1955 3881 2026 Deus,

2199 2039 2333 2111 quia
2351 2044 2544 2095 notam
2573 2041 2752 2095 fecisti
2798 2042 2860 2096 in
2899 2041 3127 2114 pOpulis
3171 2042 3634 2100 misericordiam
3687 2049 3883 2118 tuam,

2201 2136 2256 2188 et
2275 2134 2514 2188 salutare
2540 2138 2703 2188 tuum
2730 2135 2945 2190 cunctis
2975 2135 3241 2207 gentibus
3268 2136 3594 2207 declarasti,
3631 2139 3886 2198 hodier-

2199 2241 2340 2280 num
2377 2227 2662 2282 declarans
2705 2227 2876 2298 diem,
2919 2229 2980 2282 in
3021 2245 3134 2300 quo
3177 2229 3471 2284 adoranda
3507 2231 3639 2286 veri
3695 2235 3883 2306 Regis

2199 2320 2431 2375 infantia
2461 2321 2726 2375 excitatos
2767 2322 2835 2376 de
2876 2321 3108 2376 remotis
3144 2322 3403 2394 partibus
3445 2323 3605 2380 viros
3657 2327 3884 2384 clarior

2199 2413 2397 2468 ceteris
2423 2413 2699 2470 sideribus
2729 2415 2890 2470 stella
2916 2415 3271 2486 perduceret,
3301 2421 3358 2472 et
3397 2419 3524 2473 caeli
3575 2436 3649 2474 ac
3695 2427 3878 2478 terrae

2200 2508 2498 2563 Dominum
2528 2509 2894 2580 corporaliter
2921 2514 3139 2578 natum,
3188 2511 3346 2566 radio
3396 2528 3521 2566 suae
3570 2513 3731 2570 lucis
3792 2534 3882 2572 os-

2199 2601 2470 2656 tenderet.
2503 2603 2801 2672 Propterea
2821 2603 3063 2674 profusis
3094 2603 3312 2675 gaudiis
3341 2609 3498 2660 totus
3522 2623 3637 2678 per
3665 2610 3878 2666 orbem

2197 2697 2479 2750 terrarum
2507 2695 2754 2750 mundus
2779 2697 3011 2752 exultat.
3028 2697 3134 2752 Sed
3164 2701 3221 2752 et
3237 2714 3505 2770 supernae
3533 2703 3872 2760 coneinunt

2195 2791 2517 2859 potestates,
2548 2789 2827 2860 hymnum
2858 2789 3050 2860 gloriae
3093 2793 3206 2846 tuae
3250 2790 3372 2847 sine
3412 2795 3754 2854 cessatione
3796 2798 3878 2854 di-

2197 2885 2384 2936 centes
2418 2898 2431 2936 :
2466 2882 2719 2938 Sanctus.

2535 3026 2691 3066 MISSA
2717 3028 2770 3066 IN
2799 3029 3080 3070 CATHEDRA
3104 3031 3293 3071 SANCTI
3321 3033 3505 3073 PETRI.

2403 3104 2692 3173 [Lectiones
2733 3107 2790 3160 in
2829 3106 3106 3160 Cathedra
3145 3113 3327 3163 sancti
3360 3111 3519 3166 Petri
3543 3112 3631 3185 5.]

2526 3195 2756 3260 Epistola
2777 3197 2912 3248 Petri
2944 3199 3167 3262 apostoli
3195 3199 3261 3250 ad
3287 3205 3494 3264 gentes.

460 3259 809 3316 chitriclinus
848 3275 1056 3330 aquam
1086 3259 1283 3314 vinum
1329 3260 1558 3329 factum,
1616 3264 1672 3314 et
1726 3277 1841 3315 non
1889 3236 2167 3316 sciebatC
2266 3282 2503 3349 Fratres,
2544 3236 3167 3340 έθηθάίοωδυιςξηζξξ
3195 3236 3634 3358 ἓξᾷῗίςξὲηίώ
3684 3297 3874 3352 nostri

459 3352 612 3408 unde
639 3356 809 3421 esset;
843 3353 1087 3408 ministri
1113 3358 1303 3408 autem
1325 3354 1576 3408 sciebant
1612 3354 1711 3425 qui
1751 3354 2092 3409 hauriebant

457 3462 702 3518 aquam;
751 3450 914 3501 vocat
948 3462 1216 3518 sponsum
1257 3447 1690 3516 architriclinus,
1733 3451 1791 3502 ct
1833 3447 1968 3502 dicit
1993 3448 2088 3504 ei:

461 3539 656 3597 Omnis
675 3540 846 3594 homo
884 3539 1135 3611 primum
1167 3540 1380 3596 bonum
1420 3541 1616 3596 vinum
1654 3541 1830 3612 ponit,
1866 3545 1922 3596 et
1964 3557 2094 3597 cum

457 3633 718 3691 inebriati
762 3633 993 3704 fuerint,
1034 3637 1168 3688 tunc
1196 3634 1254 3689 id
1280 3635 1429 3706 quod
1459 3634 1707 3690 deterius
1745 3639 1847 3690 est.
1879 3636 1958 3690 Tu
1988 3652 2092 3690 au-

455 3731 573 3784 tem
607 3727 838 3783 servasti
865 3727 1078 3783 bonum
1119 3728 1316 3784 vinum
1355 3745 1534 3801 usque
1569 3729 1772 3784 adhuc.
1812 3729 1924 3784 Hoc
1963 3728 2094 3785 fecit

455 3820 682 3878 initium
709 3822 1006 3892 signorum
1051 3822 1322 3876 Dominus
1357 3823 1514 3877 Iesus
1561 3822 1622 3876 in
1661 3822 1808 3876 Cana
1845 3822 2092 3894 Galileae,

460 3918 516 3970 et
542 3913 921 3969 manifestavit
939 3913 1173 3985 gloriam
1200 3930 1380 3985 suam,
1411 3919 1468 3970 et
1491 3914 1852 3970 crediderunt
1874 3915 1936 3970 in
1963 3931 2094 3970 eum

460 4006 721 4079 discipuli
745 4009 887 4080 ejus.

1075 4095 1274 4134 INCIPIT
1311 4094 1487 4134 MISSA.

533 4162 712 4216 Deum
737 4161 837 4232 qui
882 4165 1138 4216 sanctum
1183 4161 1319 4216 huic
1361 4161 1689 4233 Ephyfaniae
1733 4161 2092 4218 festivitatem

459 4269 670 4309 nomen
697 4253 765 4308 de
803 4252 1159 4308 mirabilibus
1186 4255 1358 4321 dedit,
1399 4254 1598 4309 fratres
1646 4253 1940 4324 carissimi,
1991 4272 2094 4327 per

463 4346 912 4402 misericordiam
940 4347 1160 4402 Domini
1185 4347 1282 4402 Dei
1309 4347 1486 4402 nostri
1526 4348 1655 4402 Iesu
1706 4347 1909 4402 Christi
1956 4366 2090 4420 sup-

457 4439 679 4511 pliciter
717 4439 1104 4510 deprecemur,
1137 4445 1201 4494 ut
1251 4439 1393 4494 sicut
1434 4439 1709 4495 hodierna
1751 4441 2092 4496 sollemnitas

457 4535 514 4587 et
546 4531 855 4604 Apparitio,
902 4536 960 4587 ct
999 4532 1378 4602 lnluminatio,
1427 4537 1483 4588 et
1524 4533 1856 4604 Declaratio,
1885 4550 1954 4588 ex
1980 4535 2088 4588 mi-

2191 3377 2320 3430 Iesu
2343 3375 2566 3443 Christi,
2596 3376 2696 3449 qui
2734 3378 3045 3434 secundum
3080 3395 3356 3452 magnam
3395 3383 3873 3446 misericordiam

2193 3485 2353 3524 suam
2379 3471 2733 3542 regeneravit
2773 3487 2874 3526 nos
2917 3473 2976 3527 in
3020 3489 3182 3545 spem
3232 3475 3384 3546 vitae,
3433 3493 3546 3548 per
3599 3497 3869 3540 resurre-

2193 3563 2436 3618 ctionem
2454 3565 2581 3620 Iesu
2602 3565 2804 3620 Christi
2832 3582 2900 3620 ex
2944 3568 3204 3638 mortuis,
3245 3568 3307 3624 in
3342 3569 3750 3632 hereditatem
3789 3578 3872 3633 in-

2195 3657 2612 3729 corruptibilem
2642 3664 2698 3714 et
2739 3659 3261 3732 incontaminatam,
3311 3668 3370 3720 et
3413 3663 3864 3727 inmarcessibi-

2192 3750 2324 3822 lem,
2356 3757 2739 3808 conservatam
2762 3753 2824 3808 in
2851 3754 3022 3811 caelis.

2339 3852 2514 3902 Lectio
2537 3853 2702 3904 sancti
2726 3853 2990 3919 Evangelii
3019 3856 3310 3908 secundum
3337 3859 3655 3914 Matthmum
3675 3876 3724 3916 ο.

2261 3939 2534 4010 Tempore
2563 3939 2678 4009 illo,
2706 3941 2862 3995 venit
2893 3941 3166 3998 Dominus
3191 3944 3351 4000 Iesus
3378 3944 3440 4001 in
3489 3953 3700 4020 partes
3740 3953 3863 4010 Cae-

2193 4047 2364 4086 sareae
2389 4032 2654 4104 Philippi,
2685 4038 2742 4089 et
2769 4033 3138 4106 interrogavit
3184 4037 3496 4111 discipulos
3547 4059 3717 4114 suos,
3774 4047 3862 4103 di-

2193 4141 2356 4180 cens:
2387 4127 2564 4190 Quem
2593 4143 2684 4182 me
2701 4127 2896 4183 dicunt
2922 4129 3186 4186 homines
3208 4147 3326 4188 esse
3347 4133 3541 4190 filium
3557 4136 3869 4196 hominis?

2192 4217 2297 4282 Qui
2323 4219 2622 4274 dixerunt:
2651 4219 2760 4274 Alii
2783 4221 3103 4278 Iohannem
3134 4224 3474 4297 Baptistam,
3503 4229 3610 4285 alii
3651 4233 3866 4301 Eliam,

2191 4311 2286 4365 alii
2309 4328 2440 4367 vero
2469 4313 2788 4383 Ieremiam,
2820 4318 2920 4370 aut
2969 4332 3150 4372 unum
3201 4335 3272 4373 ex
3323 4322 3657 4393 Prophetis.
3713 4328 3868 4384 Dixit

2191 4409 2382 4460 autem
2407 4405 2514 4460 illis
2539 4407 2806 4462 Dominus
2833 4409 2992 4463 Iesus
3025 4426 3040 4464 :
3072 4411 3177 4464 Vos
3203 4428 3338 4468 vero
3373 4431 3556 4486 quem
3598 4435 3706 4476 me
3745 4438 3867 4477 esse

2191 4497 2417 4554 dicitis?
2449 4501 2817 4571 Respondens
2853 4502 3046 4557 Simon
3091 4505 3289 4560 Petrus
3334 4507 3483 4564 dixit
3522 4511 3578 4566 ei
3613 4530 3629 4568 :
3677 4515 3770 4570 Tu
3809 4532 3866 4570 es

458 4591 652 4680 moui};
666 4591 918 4696 aquae'in
945 4625 1139 4680 vinum
1158 4591 1458 4695 vemw,'im
1483 4626 1542 4680 in
1583 4627 1795 4698 populo
1841 4591 1942 4681 'suo
1985 4632 2086 4696 est,
2109 4603 2168 4676 D
2190 4591 2440 4698 Christus
2467 4593 2614 4696 illius
2639 4594 2738 4698 Dei
2763 4594 2894 4651 vivi.
2925 4597 3292 4668 Respondens
3319 4606 3518 4658 autem
3569 4605 3865 4664 Dominus

456 4722 520 4772 ut
546 4716 769 4773 claritas
795 4719 1100 4789 majestatis
1125 4736 1241 4774 suae
1271 4719 1392 4775 sine
1429 4719 1734 4775 cessatione
1765 4719 2002 4791 fulgeat,
2035 4725 2092 4776 et

453 4811 761 4867 sanctitatis
780 4812 976 4868 lumen
1009 4829 1234 4884 semper
1267 4818 1559 4884 appareat,
1590 4817 1654 4868 ut
1677 4813 1838 4884 plebs
1858 4813 1962 4869 ista
1989 4831 2089 4869 suo

455 4905 683 4962 nomine
711 4910 1032 4962 consecrata
1056 4911 1411 4979 permaneat.

1137 4989 1406 5038 Collectio.

521 5059 700 5115 Deum
728 5059 826 5130 qui
856 5060 1219 5116 sanctiﬁcavit
1241 5059 1496 5114 Iordanis
1523 5057 1757 5128 ﬂuenta,
1801 5061 2090 5118 benedixit

450 5152 713 5224 conjugia
732 5153 1023 5222 nuptialia,
1049 5153 1250 5210 fratres
1279 5151 1576 5223 carissimi,
1605 5153 1993 5224 deprecemur,
2022 5160 2087 5211 ut

450 5244 612 5313 cujus
650 5243 921 5298 miracula
961 5245 1164 5300 annuis
1205 5245 1501 5300 recolimus
1548 5244 1794 5312 vicibus,
1820 5246 1934 5300 sola
1965 5247 2086 5319 ejus

454 5335 636 5407 gratia
666 5351 989 5391 mereamur
1011 5337 1426 5409 indulgentiam
1453 5342 1832 5410 peccatorum.

519 5469 544 5498 ⁸
577 5468 790 5542 Eodem
813 5469 980 5525 modo
1003 5471 1370 5542 Evangelium
1394 5471 1500 5525 hoc
1526 5471 1615 5542 die
1641 5471 1701 5526 in
1737 5471 2082 5530 Lectionario

457 5539 791 5616 Luxoviensi
841 5539 1185 5616 contextum'
1217 5547 1299 5598 est
1340 5558 1409 5598 ex
1471 5541 1649 5595 tribus
1717 5543 2082 5616 Evangelistis

451 5611 730 5675 Matthazo,
762 5611 926 5678 Luca,
959 5615 1016 5666 et
1037 5611 1310 5666 Iohanne.

525 5681 553 5722 ι’
582 5682 732 5737 Nihil
758 5681 849 5737 hic
889 5681 958 5736 de
999 5686 1190 5736 sancta
1231 5681 1522 5748 Genovefa,
1575 5679 1654 5734 sic
1695 5697 1824 5737 vero
1870 5683 1930 5738 in
1987 5684 2080 5740 Le-

455 5753 724 5809 ctionario
769 5751 1144 5823 Luxoviensi,
1172 5751 1329 5823 Illud
1377 5750 1760 5823 observatione
1818 5753 2076 5823 dignum,

451 5824 603 5895 quod
647 5824 928 5882 Cathedra
973 5821 1334 5895 sancti‘Petri
1371 5823 1482 5895 hoc
1523 5821 1644 5895 loco
1674 5821 1940 5895 praecedit
1966 5821 2077 5880 fee-'-

454 5890 572 5950 t'um
599 5895 1010 5970 Assumptionis
1034 5891 1373 5954 beatissima:
1399 5890 1837 5967 Virginisfquod
1877 5893 1965 5954 die
2015 5898 2076 5952 18

2188 4685 2346 4739 Iesus
2373 4685 2514 4740 dixit
2533 4686 2586 4740 ei
2615 4703 2628 4740 :
2662 4687 2864 4742 Beatus
2893 4705 2971 4755 es,
2995 4689 3189 4745 Simon
3225 4692 3492 4764 Barjona,
3535 4699 3689 4769 quia
3732 4719 3862 4757 caro

2191 4783 2246 4835 et
2273 4778 2500 4850 sanguis
2527 4796 2642 4834 non
2669 4782 2930 4837 revelavit
2957 4782 3080 4854 tibi,
3109 4785 3207 4841 sed
3233 4787 3400 4842 Pater
3423 4805 3595 4846 meus
3649 4796 3763 4866 qui
3805 4797 3862 4852 in

2189 4871 2338 4926 caelis
2392 4877 2494 4927 est.
2541 4874 2607 4929 Et
2648 4890 2755 4945 ego
2791 4875 2917 4930 dico
2958 4877 3081 4947 tibi,
3130 4879 3265 4950 quia
3305 4884 3365 4935 tu
3410 4897 3472 4936 es
3520 4885 3766 4960 Petrus,
3809 4896 3860 4945 et

2187 4981 2358 5036 super
2399 4965 2544 5020 hanc
2595 4971 2817 5038 petram
2863 4970 3152 5059 aedificabo
3195 4973 3508 5030 Ecclesiam
3543 4993 3777 5053 meam,
3807 4989 3859 5040 et

2185 5062 2365 5130 portae
2391 5057 2556 5114 inferi
2581 5076 2698 5114 non
2722 5057 3111 5134 praevalebunt
3137 5065 3406 5122 adversus
3433 5084 3590 5127 eam.
3634 5076 3711 5132 Et
3755 5078 3857 5133 tibi

2185 5151 2328 5205 dabo
2347 5152 2526 5206 claves
2545 5154 2706 5224 regni
2733 5157 3002 5210 caelorum
3027 5174 3040 5223 ;
3059 5163 3115 5212 et
3140 5159 3551 5235 quodcumque
3577 5165 3855 5240 ligaveris

2184 5259 2356 5338 super
2372 5249 2603 5338 terram,
2631 5247 2740 5303 erit
2763 5247 3004 5320 ligatum
3029 5250 3091 5305 in
3119 5251 3304 5323 caelis;
3343 5259 3401 5310 et
3426 5259 3854 5338 quodcumque

2185 5337 2415 5394 solveris
2440 5354 2610 5411 super
2627 5345 2858 5410 terram,
2890 5342 2999 5398 erit
3029 5344 3281 5401 solutum
3305 5350 3363 5401 et
3386 5347 3451 5404 in
3475 5351 3664 5411 caelis.

2181 5472 2429 5550 Ianuarii
2460 5473 2596 5528 olim
2609 5474 2896 5550 celebrari
2918 5493 3041 5550 mos
3068 5482 3207 5534 erat.
3236 5482 3385 5549 Ergo
3426 5485 3610 5543 etiam
3649 5491 3850 5550 Cathe-

2182 5543 2294 5626 dra.
2309 5543 2372 5597 in
2393 5545 2678 5626 Ianuario,
2703 5551 2769 5626 ut
2793 5548 2988 5626 validis
3028 5543 3384 5626 argumentis
3417 5543 3846 5626 probatu—min

2182 5571 2284 5598 um
2309 5571 2372 5597 ιιι
2393 5571 2678 5616 Januario,
2705 5571 2769 5601 ut
2796 5571 2988 5603 vauuis
3028 5571 3384 5620 argumenus
3460 5571 3750 5618 ronatum
3791 5571 3846 5620 in

2180 5613 2328 5695 notis
2351 5615 2421 5669 ad
2456 5616 2867 5695 Lectionarium
2895 5619 3266 5691 Luxoviense,
3298 5571 3457 5695 quos
3485 5629 3579 5685 vel
3618 5647 3700 5689 ex
3736 5637 3846 5692 solo

2180 5684 2286 5738 hoc
2313 5685 2434 5739 loco
2461 5687 2778 5743 conficitur.

2217 5767 2271 5834 _°
2310 5756 2462 5834 Idem
2488 5758 2857 5834 Evangelium
2883 5759 3005 5834 hac
3018 5761 3108 5834 die
3133 5761 3195 5817 in
3237 5763 3599 5826 Lectionario
3649 5775 3838 5832 Luxo-

2179 5826 2372 5892 viensi,
2412 5828 2508 5881 sed
2546 5826 2733 5900 aliqua
2783 5829 2861 5885 ibi
2901 5831 3090 5888 addita
3129 5848 3198 5888 ex
3234 5835 3523 5909 Iohanne,
3567 5826 3839 5916 ειυῖἔῑιίο

2179 5911 2296 5954 non
2323 5896 2627 5954 adduntur.

2177 5911 2296 5958 non
2323 5911 2627 5955 adduntur.
