3970 6418
123 397 215 454 473
637 399 1247 458 SACRAMENTARIUM
1285 403 1727 461 GALLICANUM.
1769 431 1836 446 -
1875 405 2238 463 LECTIONES
2274 407 2362 464 DE
2398 408 2710 464 ADVENTU
2748 407 3004 466 DOMINI.
3390 409 3492 467 474

740 525 932 565 mcmr
969 525 1151 567 IISSA.
1785 513 2061 600 Alierem
2086 516 2366 572 revocavit
2401 516 2471 575 de
2509 516 2730 586 funere,
2762 521 2819 574 et
2857 518 3130 576 virtutem
3156 516 3492 592 imperante,

183 597 513 656 Beatissimi
568 601 723 658 Petri
763 603 1000 674 apostoli
1041 603 1541 662 sollemnissimum
1589 607 1761 679 diem,
1788 597 1845 600 Ἰ
1863 610 2032 666 morti
2057 609 2300 683 praedari
2317 621 2340 651 θ
2368 626 2483 666 non
2510 611 2690 681 licuit,
2717 627 2822 684 per
2845 611 3134 669 Christum
3159 612 3490 670 Dominum.

120 693 174 750 in
188 709 302 766 quo
331 709 514 750 omne
534 693 633 766 jus
651 695 918 753 Gentium
941 697 1380 772 ludmorumquo
1405 701 1636 756 sortitus
1655 707 1760 768 est,

119 803 284 860 quem
339 786 504 843 diem
564 787 689 859 ipsa
750 789 1012 845 divinitas
1060 794 1402 848 consecravit
1449 793 1763 866 delegando

121 881 385 937 calorum
427 881 640 949 claves,
683 883 770 938 vel
810 883 1142 954 pontiﬁcalis
1199 886 1480 942 cathedrae
1527 888 1764 944 contulit

120 974 479 1046 dignitatem,
509 975 716 1030 fratres
743 977 1042 1047 carissimi,
1074 979 1392 1035 exultantes
1427 980 1485 1035 in
1525 981 1760 1036 Domino

122 1067 543 1140 [celebremus,]
601 1068 967 1140 deprecantes
1013 1071 1134 1142 ejus
1185 1072 1659 1143 misericordiam;
1697 1077 1762 1129 ut

121 1161 256 1216 sicut
279 1161 451 1216 beato
489 1163 659 1218 Petro
686 1162 1017 1234 principalia
1041 1179 1280 1220 munera
1315 1167 1574 1237 contulit,
1601 1167 1680 1224 ita
1706 1171 1761 1224 et

119 1253 270 1310 nobis
297 1258 682 1326 peccatorum
709 1257 1004 1312 commissa
1029 1259 1302 1314 concedit.

183 1423 206 1455 '
232 1428 380 1483 Deus
415 1426 522 1498 qui
566 1353 858 1484 hodierni:1
859 1353 1244 1486 (Elaﬁum
1287 1432 1519 1488 Petrum
1554 1436 1682 1504 post
1704 1437 1760 1489 te

121 1520 310 1577 dedisti
378 1523 564 1592 caput
602 1521 878 1589 Ecclesiae,
919 1539 1048 1577 cum
1085 1529 1139 1580 te
1175 1524 1268 1582 ille
1307 1542 1437 1582 vere
1477 1525 1760 1582 confessus

118 1615 200 1684 sit,
227 1617 285 1670 et
307 1613 430 1686 ipse
455 1631 491 1668 a
518 1619 583 1669 te
610 1614 782 1686 digne
810 1617 1074 1688 praelatus
1097 1617 1187 1683 sit,
1215 1623 1271 1674 te
1308 1619 1591 1692 suppliees
1619 1635 1755 1674 exo-

121 1724 328 1775 ramus;
361 1711 428 1762 ut
455 1707 565 1779 qui
603 1708 806 1764 dedisti
839 1711 1146 1780 Pastorem,
1176 1727 1248 1766 ne
1279 1712 1416 1784 quid
1457 1713 1526 1768 de
1565 1712 1761 1767 ovibus

120 1801 397 1874 perderes,
445 1806 512 1856 ut
568 1818 709 1873 grex
771 1802 1010 1874 effugiat
1043 1819 1284 1875 errores,
1334 1805 1456 1875 ejus
1502 1805 1761 1862 interces-

122 1895 268 1950 sione
295 1911 472 1967 quem
500 1894 690 1952 fecisti
717 1896 745 1936 δ
774 1895 1058 1952 salviﬁces.

747 1993 868 2041 Post
915 1991 1145 2042 nomina.

182 2067 359 2122 Deum
379 2066 484 2139 qui
506 2066 680 2122 beato
699 2067 865 2121 Petro
893 2071 1112 2122 tantam
1124 2069 1460 2139 potestatem
1479 2066 1754 2138 discipulo

120 2161 363 2230 contulit,
391 2165 460 2215 ut
499 2160 551 2214 si
580 2159 699 2231 ipse
735 2159 1012 2231 ligaverit,
1047 2176 1163 2214 non
1193 2161 1264 2214 sit
1292 2161 1434 2215 alter
1461 2161 1560 2232 qui
1583 2162 1757 2216 solve-

120 2253 211 2320 rit;
251 2258 307 2309 et
334 2270 467 2326 quas
491 2253 560 2307 in
589 2257 742 2308 terra
774 2253 1020 2322 solverit,
1065 2253 1202 2308 item
1241 2254 1376 2308 uelo
1415 2254 1594 2310 soluta
1620 2254 1752 2324 sint,

121 2346 370 2418 precibus
397 2346 784 2418 imploremus
805 2364 822 2417 ;
869 2351 933 2402 ut
977 2346 1190 2402 eductis
1226 2364 1261 2401 a
1304 2350 1511 2402 tartaro
1551 2347 1752 2402 defun-

122 2444 329 2496 ctorum
365 2439 692 2512 spiritibus,
731 2455 846 2494 non
894 2441 1236 2512 praevaleant
1271 2439 1504 2512 sepultis
1546 2439 1755 2495 inferni

122 2537 286 2604 porta:
335 2549 443 2606 per
490 2532 758 2601 crimina,
792 2549 934 2606 quas
979 2549 1084 2605 per
1119 2532 1354 2606 apostoli
1401 2531 1573 2588 ﬁdem
1606 2532 1754 2588 vinci

124 2627 285 2683 credit
305 2626 576 2683 Ecclesia.

781 2695 858 2748 Ad
901 2711 1104 2761 pacem.

183 2772 644 2829 Clementissime
670 2771 947 2842 conditor,
967 2771 1063 2843 qui
1084 2776 1242 2827 tanta
1269 2771 1500 2828 caritate
1527 2788 1755 2828 succen-

126 2864 245 2920 disti
272 2866 642 2938 discipulum,
675 2869 740 2920 ut
763 2881 821 2920 se
847 2865 917 2920 de
959 2881 1100 2920 nave
1139 2865 1416 2936 jactatum
1455 2865 1527 2920 ad
1564 2870 1618 2920 te
1659 2881 1750 2920 ce-

127 2957 229 3013 lere
273 2959 577 3015 festinaret
619 2958 762 3029 pede
804 2958 960 3013 nudo
1000 2975 1104 3029 per
1137 2958 1410 3028 pelagus;
1457 2962 1514 3012 et
1557 2958 1753 3013 videns

127 3051 257 3106 hanc
281 3052 674 3120 dilectionem,
706 3051 887 3106 claves
913 3051 963 3107 ei
991 3051 1151 3107 dares
1181 3051 1449 3121 siderum,
1480 3067 1644 3106 voces
1671 3051 1754 3106 in-

127 3145 262 3217 spice
290 3149 712 3220 suggerentum
723 3157 765 3202 ο.

766 3237 1104 3288 Contestatio.

1777 3255 1832 3329 C

2101 741 2258 782 MISSA
2297 743 2350 782 ΙΝ
2389 741 2604 782 SANCTJE
2643 743 2819 783 MARIJE
2857 743 3241 786 SOLEMXITATE.

2274 805 2358 877 [In
2385 809 2552 861 missa
2579 813 2777 862 sanctae
2795 808 3052 880 Mariaeﬂ]

2169 884 2398 948 Epistola
2421 884 2561 935 Pauli
2583 885 2802 950 apostoli
2831 886 2897 936 ad
2922 887 3189 952 Ephesios.

1933 967 2077 1038 Filii,
2116 969 2333 1025 obedite
2377 949 2706 1042 parentibus
2746 971 2946 1026 vestris
2965 949 3044 1027 ‘iu
3086 972 3344 1044 Domino,
3381 949 3488 1030 hoc

1861 1065 2014 1122 enim
2056 1069 2140 1120 est
2171 1067 2411 1137 justum.
2455 1069 2675 1123 Honora
2703 1073 2925 1140 patrem
2954 1074 3118 1125 tuum
3155 1075 3214 1127 et
3249 1075 3489 1128 matrem

1860 1162 2037 1228 tuam,
2066 1159 2218 1230 quod
2245 1164 2328 1216 est
2360 1162 2693 1217 mandatum
2718 1163 2971 1234 primum
2995 1163 3057 1218 in
3091 1164 3485 1236 promissione,

1861 1256 1925 1306 ut
1959 1251 2102 1308 bene
2133 1251 2206 1307 sit
2243 1253 2364 1323 tibi,
2401 1258 2457 1310 et
2494 1255 2568 1309 sis
2604 1255 2894 1326 longaevus
2937 1273 3108 1328 super
3145 1262 3376 1314 terram.
3421 1260 3489 1314 Et

1859 1349 2139 1416 parentes,
2170 1345 2344 1401 nolite
2373 1347 2444 1402 ad
2487 1347 2837 1404 iracundiam
2879 1367 3183 1421 provocare
3227 1351 3372 1406 ﬁlios
3399 1368 3489 1408 ve-

1858 1441 2019 1507 stros,
2051 1438 2147 1494 sed
2174 1439 2405 1494 educate
2447 1440 2576 1496 illos
2618 1441 2678 1496 in
2704 1441 2998 1514 disciplina
3037 1448 3093 1498 et
3135 1445 3488 1516 correptione

1860 1530 2102 1586 Domini.
2145 1531 2320 1600 Servi,
2357 1533 2578 1588 obedite
2615 1534 2859 1590 dominis
2887 1536 3204 1592 carnalibus
3240 1555 3370 1592 cum
3410 1539 3485 1594 ti-

1859 1644 2015 1684 more
2041 1633 2097 1683 et
2125 1633 2386 1698 tremore,
2418 1631 2478 1684 in
2518 1631 2873 1702 simplicitate
2902 1634 3086 1688 cordis
3127 1634 3316 1701 vestri,
3345 1635 3488 1691 sicut

1857 1721 2096 1790 Christo,
2127 1737 2240 1776 non
2266 1710 2336 1778 ad
2363 1723 2589 1780 oculum
2614 1725 2939 1793 servientes,
2967 1727 3128 1798 quasi
3155 1727 3484 1784 hominibus

1859 1814 2122 1886 placeatis
2167 1831 2180 1869 :
2210 1815 2307 1870 sed
2335 1820 2400 1870 ut
2443 1817 2586 1872 servi
2622 1818 2828 1874 Christi
2879 1819 3096 1874 faciatis
3136 1821 3487 1877 voluntatem

1782 1887 1837 1960 Β
1859 1903 1958 1957 Dei
1987 1919 2055 1958 ex
2081 1903 2290 1972 animo,
2333 1920 2462 1958 cum
2489 1905 2635 1960 bona
2660 1907 2944 1962 voluntate
2992 1907 3314 1978 servientes,
3341 1909 3487 1964 sicut

1857 1995 2097 2050 Domino
2123 2001 2180 2051 et
2207 1996 2556 2066 hominibus,
2587 1998 2844 2068 scientes,
2875 2000 3149 2070 quoniam
3175 2002 3483 2073 unusquis-

1855 2104 1964 2159 que
2016 2089 2414 2160 quodcumque
2464 2089 2660 2145 fecerit
2696 2090 2930 2161 bonum,
2981 2093 3088 2147 hoc
3137 2093 3409 2164 percipiet
3452 2110 3487 2148 a

1855 2181 2110 2251 Domino,
2155 2182 2270 2238 sive
2315 2198 2528 2250 servus,
2580 2178 2713 2238 sive'
2745 2183 2908 2240 liber.
2956 2186 3023 2240 Et
3070 2201 3187 2256 vos,
3247 2186 3482 2255 domini,

1855 2275 2053 2330 eadem
2097 2275 2259 2330 facite
2308 2275 2433 2344 illis,
2462 2264 2815 2332 remittentes
2844 2277 3048 2348 minas,
3078 2279 3316 2336 scientes
3353 2278 3486 2352 quia

1853 2367 2082 2423 illorum
2107 2372 2164 2422 et
2187 2368 2371 2423 veste'r
2395 2369 2666 2424 Dominus
2695 2373 2778 2424 est
2807 2369 2866 2425 in
2895 2371 3068 2426 caelis.

2070 2472 2242 2522 Lectio
2263 2473 2427 2522 sancti
2455 2473 2721 2538 Evangelii
2747 2475 3036 2526 secundum
3065 2478 3271 2527 Lucam.

1926 2557 2199 2629 Tempore
2220 2557 2334 2626 illo,
2365 2557 2522 2612 ibant
2552 2563 2815 2630 parentes
2843 2561 2973 2615 Jesu
3010 2578 3114 2632 per
3156 2578 3352 2618 omnes
3377 2579 3479 2618 an-

1854 2665 1955 2704 nos
1981 2649 2040 2704 in
2069 2649 2413 2704 Hierusalem
2457 2650 2518 2705 in
2555 2651 2646 2706 die
2671 2652 2937 2706 sollemni
2960 2654 3206 2709 Paschaa.
3249 2655 3316 2710 Et
3351 2671 3483 2710 cum

1853 2742 2032 2797 factus
2059 2748 2200 2798 esset
2239 2759 2519 2798 annorum
2557 2743 2874 2813 duodecim,
2904 2746 3333 2802 ascendentibus
3371 2747 3483 2803 illis

1853 2835 1913 2890 in
1937 2835 2336 2907 Hierusolyma
2368 2837 2678 2892 secundum
2701 2840 3172 2895 consuetudinem
3198 2839 3310 2896 diei
3333 2840 3482 2908 festi,

1853 2929 2366 3002 consummatisque
2418 2930 2637 3000 diebus,
2690 2947 2821 2986 cum
2885 2933 3154 3004 redirent,
3211 2935 3486 2990 remansit

1852 3038 1996 3093 puer
2021 3023 2176 3077 Jesus
2200 3021 2261 3077 in
2304 3023 2667 3092 Hierusalem,
2711 3028 2768 3080 et
2799 3041 2914 3080 non
2957 3029 3349 3098 cognoverunt
3391 3044 3485 3099 pa-

1853 3118 2041 3170 rentes
2067 3115 2208 3186 ejus.
2241 3115 2635 3172 Existimantes
2663 3121 2854 3173 autem
2879 3118 3046 3173 illum
3074 3135 3196 3175 esse
3221 3118 3282 3174 in
3306 3121 3481 3175 comi-

1856 3211 1996 3276 tatu,
2025 3213 2304 3264 venerunt
2339 3208 2446 3264 iter
2489 3209 2622 3280 diei,
2662 3213 2718 3266 et
2759 3210 3122 3283 requirebant
3163 3229 3297 3268 eum
3335 3212 3485 3268 inter

191 3315 321 3369 Vere
351 3313 603 3386 dignum
627 3316 686 3368 et
702 3312 925 3383 justum
974 3317 1058 3367 est
1083 3311 1440 3382 omnipotens
1468 3311 1630 3379 Deus,
1659 3309 1758 3382 qui
1779 3303 1832 3329 “‘
1857 3305 2122 3372 cognatos
2151 3305 2208 3357 et
2231 3306 2411 3357 notos.
2444 3303 2513 3357 Et
2539 3319 2653 3358 non
2680 3303 3029 3360 invenientes
3067 3305 3308 3376 regressi
3353 3310 3486 3362 sunt

125 3407 266 3463 dives
301 3408 542 3463 infinitas
590 3405 908 3462 clementiae
945 3405 1172 3475 copioso
1226 3420 1459 3460 munere
1488 3405 1761 3475 plasmam

128 3505 230 3555 tua:
254 3505 530 3556 creaturae
573 3499 634 3554 in
663 3503 887 3554 tantum
913 3498 1168 3569 dignaris
1194 3498 1431 3568 erigere,
1458 3502 1524 3552 ut
1558 3513 1758 3552 verna-

129 3594 246 3647 culo
282 3593 404 3649 limi
433 3593 808 3664 compatiens,
851 3589 1069 3646 homini
1109 3591 1178 3646 de
1221 3595 1445 3644 terrena
1489 3605 1758 3660 compage

127 3686 294 3742 claves
319 3687 442 3742 caeli
479 3685 894 3754 committeres,
923 3688 980 3740 et
1004 3684 1075 3738 ad
1094 3682 1424 3754 judicandas
1450 3681 1631 3738 tribus
1666 3699 1757 3736 so-

129 3778 258 3834 lium
301 3780 538 3835 excelsze
589 3777 735 3832 sedis
775 3777 834 3832 in
884 3775 1117 3832 sublimi
1157 3791 1541 3846 componeres.
1586 3774 1759 3829 Testis

131 3877 204 3927 est
246 3873 361 3928 dies
403 3871 689 3928 hodierna
732 3870 881 3925 beati
921 3869 1072 3926 Petri
1109 3868 1376 3923 cathedra
1407 3867 1758 3939 episcopatus

131 3966 390 4037 exposita,
424 3967 487 4021 in
516 3981 632 4037 qua
669 3963 801 4019 ﬁdei
822 3962 1024 4018 merito
1049 3961 1400 4018 revelationis
1428 3960 1759 4032 mysterium

133 4057 251 4114 fidei
277 4059 326 4129 (ι,
365 4059 583 4114 Filium
625 4057 724 4112 Dei
771 4057 1108 4125 conﬁtendo,
1157 4055 1422 4126 praelatus
1475 4054 1758 4124 apostolus

134 4151 434 4222 ordinatur,
480 4151 543 4206 in
577 4150 739 4221 cujus
793 4149 1145 4204 confessione
1187 4152 1269 4202 est
1319 4147 1758 4207 fundamentum

135 4244 380 4300 Ecclesiae
411 4261 425 4299 :
457 4261 566 4300 nec
611 4243 878 4298 adversus
929 4242 1073 4296 hanc
1116 4243 1339 4295 Petram
1385 4245 1562 4312 porta:
1594 4239 1760 4294 inferi

132 4340 448 4408 praevalent,
512 4337 636 4409 [nec
682 4352 917 4407 serpens
968 4334 1270 4404 vestigium
1316 4333 1606 4404 exprimit,
1657 4348 1760 4386 nec

133 4430 481 4502 triumphum
532 4446 688 4485 mors
735 4427 992 4501 obtinet.]
1033 4427 1178 4492 Quid
1217 4441 1348 4481 vero
1393 4425 1556 4481 beato
1600 4427 1761 4480 Petro

134 4523 340 4580 diverso
368 4524 476 4580 sub
501 4528 760 4594 tempore
804 4521 1034 4578 accessit
1061 4519 1240 4575 laudis
1279 4522 1335 4574 et
1365 4518 1579 4590 gloriae,
1615 4516 1760 4589 [quae

1857 3392 1916 3448 in
1943 3394 2309 3462 Hierusalem,
2340 3395 2691 3467 requirentes
2719 3413 2872 3452 eum.
2903 3399 2970 3453 Et
3011 3398 3222 3454 factum
3249 3403 3332 3455 est
3356 3403 3486 3471 post

1857 3493 2112 3548 triduum
2143 3493 2482 3548 invenerunt
2525 3494 2686 3550 illum
2732 3494 2790 3549 in
2830 3495 3063 3567 templo,
3100 3497 3389 3553 sedentem
3421 3498 3483 3553 in

1859 3585 2044 3641 medio
2071 3585 2385 3655 doctorum,
2423 3585 2752 3642 audientem
2778 3587 2906 3642 illos
2932 3592 2989 3643 et
3012 3589 3481 3661 interrogantem.

1856 3678 2166 3749 Stupebant
2199 3683 2388 3734 autem
2433 3694 2629 3736 omnes
2669 3679 2768 3750 qui
2800 3696 2932 3735 eum
2969 3681 3276 3736 audiebant
3312 3697 3482 3753 super

1856 3771 2157 3842 prudentia
2208 3775 2264 3826 et
2309 3771 2590 3842 responsis
2633 3771 2774 3842 ejus.
2826 3775 2892 3828 Et
2921 3773 3170 3830 videntes
3218 3773 3482 3830 admirati

1857 3867 2006 3918 sunt.
2038 3865 2104 3919 Et
2129 3863 2270 3919 dixit
2296 3868 2478 3918 mater
2503 3864 2625 3936 ejus
2641 3865 2712 3920 ad
2738 3865 2900 3921 illum
2924 3882 2940 3922 :
2966 3867 3088 3935 Fili,
3134 3867 3275 3940 quid
3301 3866 3482 3923 fecisti

1855 3956 2016 4011 nobis
2041 3957 2154 4012 sic?
2177 3959 2312 4013 Ecce
2336 3961 2499 4030 pater
2523 3961 2653 4013 tuus
2678 3963 2734 4014 et
2755 3975 2861 4031 ego
2893 3959 3142 4017 dolentes
3183 3961 3478 4033 quaereba-

1856 4066 1984 4104 mus
2012 4054 2086 4106 te.
2115 4051 2180 4106 Et
2204 4050 2284 4105 ait
2308 4050 2378 4105 ad
2403 4036 2530 4106 illos
2559 4070 2576 4106 :
2603 4053 2962 4124 Nesciebatis,
2992 4053 3126 4127 quia
3157 4053 3216 4110 in
3235 4070 3362 4127 quae
3387 4071 3481 4126 pa-

1855 4143 1960 4198 tris
1985 4143 2097 4200 mei
2127 4147 2259 4199 sunt
2283 4147 2504 4216 oportet
2531 4161 2623 4200 me
2649 4162 2767 4202 esse
2785 4146 2814 4200 ?

2465 4264 2660 4304 INCIPIT
2710 4264 2889 4306 MISSA.

1931 4336 2296 4409 Omnipotens
2323 4341 2667 4412 sempiterna
2695 4341 2860 4411 Deus,
2887 4341 2987 4414 qui
3012 4342 3249 4398 terrenis
3283 4359 3482 4415 corpo-

1859 4434 2014 4490 ribus
2044 4435 2210 4490 Verbi
2238 4436 2324 4491 tui
2352 4437 2646 4492 veritatem
2685 4454 2788 4509 per
2824 4439 3201 4494 venerabilem
3251 4440 3482 4496 Mariam

1859 4527 2128 4598 conjungi
2160 4527 2416 4597 voluisti;
2463 4529 2707 4600 petimus
2751 4529 3087 4585 immensam
3125 4530 3481 4588 clementiam

134 4632 250 4686 vox,
278 4634 403 4689 quae
427 4617 653 4688 lingua,
682 4616 810 4688 quis
841 4613 1113 4686 explicet]
1148 4613 1286 4668 Hinc
1312 4617 1394 4667 est
1429 4611 1579 4683 quod
1606 4626 1759 4666 mare
1777 4621 1836 4694 Ι)
1860 4623 2037 4686 tuam,
2069 4623 2132 4674 ut
2159 4620 2314 4692 quod
2339 4620 2400 4674 in
2441 4621 2563 4691 ejus
2607 4621 2962 4679 veneratione
3003 4622 3376 4696 deposcimus,
3424 4627 3481 4680 te

135 4710 432 4766 tremulum
456 4709 574 4766 fixo
601 4710 777 4765 calcat
800 4707 1060 4778 vestigio,
1089 4711 1146 4762 et
1183 4706 1332 4760 inter
1373 4705 1556 4760 undas
1594 4702 1757 4775 liqui-

132 4801 220 4855 das
242 4803 490 4873 pendula
515 4788 714 4876 planta
737 4800 1112 4874 perambulat.
1141 4799 1240 4853 Hic
1265 4798 1335 4853 ad
1360 4802 1584 4869 portam
1627 4797 1758 4867 Spe-

132 4894 324 4951 ciosam
353 4895 629 4952 contracti
672 4894 855 4951 tendit
887 4892 1140 4964 vestigia,
1181 4893 1238 4947 et
1275 4895 1455 4946 tactus
1496 4889 1645 4944 Petri
1675 4889 1756 4944 di-

137 4987 242 5057 gito
265 4989 499 5045 claudus
525 5005 644 5044 non
671 4987 891 5060 indiget
916 4985 1133 5041 baculo.
1166 4984 1263 5038 Hic
1283 4987 1594 5039 carceratus
1618 4982 1756 5037 dum

136 5083 407 5154 dormitat,
441 5085 699 5140 Christus
739 5100 844 5156 pro
888 5084 1011 5155 ipso
1043 5081 1361 5152 pervigilat,
1397 5083 1455 5134 et
1504 5083 1756 5134 retrusus

136 5177 429 5246 ergastulo,
461 5179 613 5232 foras
637 5176 894 5248 procedit
913 5191 1015 5247 per
1037 5174 1329 5246 angelum.
1360 5172 1460 5227 Hic
1484 5171 1752 5242 paralyti-

135 5282 254 5324 cum
279 5270 458 5326 erexit
484 5269 858 5326 decubantem
885 5268 946 5323 in
978 5267 1154 5335 lecto;
1195 5264 1290 5321 hic
1328 5264 1584 5320 Tabitam
1622 5279 1751 5318 mu-

197 5416 221 5448 ι
245 5411 377 5484 Qua;
405 5415 724 5484 sequuntur
761 5409 992 5484 exuhoq
1019 5404 1204 5484 ofﬁcio
1248 5403 1540 5462 Cathedrae
1579 5404 1752 5460 sancti

135 5481 294 5558 Petri,
324 5477 540 5558 eadem
553 5485 686 5536 sunt
707 5477 1315 5558 ἱῐριΜὶειεέθλὶ.ςξίοίᾰιίοο.Δ
1377 5547 1387 5558 ⁸
1425 5547 1461 5558 Η

199 5551 224 5590 δ
247 5547 311 5629 1a
337 5552 545 5629 Missali
573 5567 708 5629 mox
731 5550 884 5629 dicto
906 5547 1478 5629 legitur,‘pra={fecisti.

201 5631 223 5660 α
240 5622 376 5696 Post
403 5622 532 5676 haec
560 5621 786 5696 additur
809 5620 1022 5696 ibidem
1043 5620 1158 5696 :_Ut
1185 5620 1509 5696 quicumque
1532 5631 1600 5669 ea:
1610 5631 1752 5696 prae-

140 5695 276 5759 cepto
305 5693 627 5760 junguntur
665 5692 738 5746 ad
765 5691 1026 5752 osculum,
1065 5689 1232 5742 livore
1259 5687 1498 5769 pecto-ris
1537 5687 1750 5770 excluso

139 5761 256 5815 illuc
274 5777 375 5830 per
408 5763 649 5829 gratiam
678 5761 969 5821 ducantur,
1009 5775 1112 5828 quo
1151 5758 1268 5812 calt
1291 5758 1483 5810 Petrus
1511 5760 1750 5823 estjam-

142 5835 234 5905 tor.
255 5831 479 5905 Praesta,
499 5830 1130 5905 Salvator‘muuditetc.
1157 5895 1192 5905 u
1241 5895 1272 5905 ⁸
1321 5894 1356 5905 η
1386 5893 1397 5905 '
1543 5897 1555 5905 Δ
1684 5894 1718 5905 Π

201 5900 225 5940 ἀ
252 5900 412 5958 Deest
436 5893 569 5975 ﬁdei
604 5899 863 5972 repetitio
897 5899 957 5957 in
994 5895 1197 5957 Missali
1235 5893 1489 5953 Gothico.
1526 5894 1750 5953 Ansulis

709 6032 740 6045 ρ

1854 4711 2199 4785 propiciante
2223 4729 2547 4769 mereamur
2568 4715 2854 4786 consequi.

2555 4815 2826 4866 Collectio.

1927 4897 2140 4954 Exaudi
2179 4913 2302 4966 nos,
2347 4899 2602 4970 Domine,
2651 4903 2840 4956 sancte
2888 4901 3070 4967 Pater,
3125 4898 3482 4970 omnipotens

1854 4991 2021 5058 Deus,
2049 4991 2149 5063 qui
2174 4991 2350 5046 beatae
2369 4992 2556 5048 Mariae
2581 4992 2730 5048 uteri
2756 4992 3187 5066 obumbratione
3211 4997 3482 5049 cunctum

1853 5083 2134 5139 mundum
2160 5083 2500 5140 inluminare
2529 5085 2796 5157 dignatus
2819 5100 2914 5141 es:
2943 5085 3286 5156 Majestatem
3320 5088 3482 5141 tuam

1854 5171 2130 5243 supplices
2156 5173 2544 5244 deprecamur,
2575 5177 2641 5227 ut
2665 5173 2817 5244 quod
2855 5172 3062 5228 nostris
3110 5173 3328 5230 meritis
3360 5189 3477 5230 non

1852 5263 2124 5333 valemus,
2147 5265 2268 5334 ejus
2295 5263 2526 5335 adipisci
2548 5264 2821 5336 praesidiis
2846 5280 3190 5323 mereamur.
3215 5267 3310 5337 Te,
3331 5283 3484 5340 que-

1854 5405 2082 5478 inclusa
2104 5404 2356 5478 indidem
2383 5407 2740 5478 supplentur.

1924 5485 1947 5513 °
1962 5478 2040 5558 Διιι
2058 5477 2312 5546 Gothico,
2342 5477 2555 5558 uirtute
2575 5481 2878 5558 imperante
2893 5479 3142 5549 praedari
3162 5495 3273 5535 non
3303 5480 3473 5534 licuit.

1851 5547 1981 5602 Post
1996 5563 2124 5627 quia
2145 5547 2418 5628 nonnulla
2445 5547 2661 5603 ibidem
2671 5547 2978 5604 adduntur.
3323 5620 3335 5631 .

1853 5686 1892 5701 ῃ
1921 5616 1954 5701 τί
1979 5618 2077 5701 llic
2102 5618 2299 5700 titulus
2319 5619 2431 5701 alia
2457 5634 2636 5701 manu
2649 5619 2904 5700 adjectus
2940 5623 3042 5701 est,
3085 5620 3190 5701 sed
3221 5623 3470 5701 antiqua.

1853 5686 2086 5771 fuerint
2130 5688 2377 5771 proinde
2412 5688 2510 5771 hae
2537 5686 2800 5771 lectiones
2836 5704 2940 5771 pro
2975 5686 3175 5771 vigilia

1850 5754 2038 5829 tionis,
2067 5754 2195 5828 qu'aa
2225 5763 2426 5814 sanctae
2448 5761 2639 5814 Mariae
2665 5754 2994 5814 sollem'nitas
3017 5754 3109 5814 hic
3128 5754 3470 5829 appelletur;

1850 5828 1948 5900 aut
1975 5831 2124 5882 certe
2150 5844 2253 5898 pro
2278 5829 2476 5900 quovis
2499 5829 2609 5884 alio
2635 5830 2757 5900 ejus
2783 5829 2922 5886 festo
2947 5828 3174 5899 preter
3201 5829 3466 5892 Assump-

1849 5895 2083 5970 tionem,
2111 5895 2240 5971 quis
2269 5895 2544 5972 séquitur.
