3970 6416
430 398 532 474 {ne

1301 394 1632 460 APPENDIX
1669 394 1756 456 AD
1791 393 2014 452 OPERA
2048 393 2102 447 S.
2143 391 2441 450 GERMANI
2474 387 2902 448 PABJSIENSIS.

3704 373 3827 431 470

432 544 648 602 sumus,
699 527 956 599 Domine,
1001 527 1362 600 famulantes,
1406 533 1470 586 ut
1506 529 1688 584 beatae
1729 526 1913 584 Mariae
1951 541 2054 582 nos
2074 517 2136 592 Α
2154 521 2329 572 sorori
2355 502 2586 602 nomint}
2614 499 2806 568 Maria:
2830 495 3165 602 quﬁfﬁam
3196 493 3400 602 sed?“
3427 505 3600 548 secus
3626 485 3828 602 Ρείξθε

433 623 636 694 gaudia
675 623 1032 693 comitentur,
1075 623 1236 695 cujus
1272 623 1489 680 meritis
1531 627 1723 679 nostra
1759 621 2054 678 deleantur

432 716 810 791 chirographa
849 719 1230 792 peccatorum.

1045 811 1166 862 Post
1201 811 1430 862 nomina.

503 889 822 962 Oﬂ‘erimus,
861 893 1119 961 Domine,
1162 910 1355 965 preces
1405 898 1464 949 et
1487 907 1727 948 munera
1755 890 1816 946 in
1842 890 2058 946 honore

435 987 643 1040 sanctae
666 986 852 1041 Mariae
880 987 1190 1058 gaudentes
1220 1005 1234 1043 :
1263 989 1484 1058 praesta,
1515 1001 1860 1058 quaesumus,
1890 988 1954 1038 ut
2003 987 2060 1038 et

435 1079 836 1135 convenienter
855 1081 978 1136 haec
1006 1097 1194 1152 agere,
1223 1085 1280 1137 et
1306 1079 1624 1138 remedium
1651 1079 2063 1151 sempiternum

439 1171 721 1231 valeamus
747 1173 1067 1246 adquirere.

1095 1245 1174 1297 Ad
1201 1259 1405 1310 pacem.

443 1397 450 1402 Ι
509 1317 722 1375 Altario
768 1323 887 1390 tuo,
928 1321 1182 1391 Domine,
1224 1320 1512 1394 proposita
1542 1336 1779 1376 munera
1828 1317 2065 1389 Spiritus

437 1417 657 1468 sanctus
682 1413 964 1485 benignus
989 1416 1266 1485 adsumat,
1295 1415 1396 1488 qui
1418 1415 1600 1471 beatm
1629 1412 1814 1468 Mariae
1855 1411 2066 1466 viscera

441 1506 751 1581 splendoris
775 1507 864 1563 sui
889 1508 1125 1566 veritate
1163 1509 1419 1581 replevit.

1090 1601 1422 1652 Contestatio.

515 1683 652 1738 Vere
673 1682 911 1754 dignum
936 1687 992 1738 et
1008 1682 1231 1756 justum
1259 1687 1361 1752 est,
1391 1679 1747 1754 omnipotens
1765 1679 1930 1735 Deus.
1961 1675 2068 1742 Qui

443 1790 544 1829 nos
563 1773 818 1830 mirabile
838 1776 1170 1847 mysterium
1187 1781 1243 1831 et
1259 1774 1640 1831 inenarrabile
1656 1774 2069 1827 sacramentum

2154 598 2374 656 Domini
2391 595 2657 653 audiebat
2677 595 2911 650 verbum
2947 591 3122 648 illius.
3153 587 3371 646 Martha
3409 589 3617 642 autem
3651 585 3827 638 sata-

2157 693 2321 762 gebat
2347 692 2494 746 circa
2519 690 2789 761 frequens
2815 686 3216 743 ministerium.
3244 683 3382 748 Quae
3406 679 3570 736 stetit
3597 681 3660 733 et
3687 675 3828 731 ait:

2157 785 2414 854 Domine,
2439 801 2556 839 non
2583 787 2668 838 est
2689 782 2793 837 tibi
2821 797 2972 836 curm
3009 779 3161 852 quod
3198 791 3361 832 soror
3395 790 3527 830 mea
3570 768 3833 842 reliquit

2157 895 2249 935 me
2275 879 2449 934 solam
2477 876 2796 933 ministrare
2814 875 2842 930 Τ
2870 874 2964 929 Dic
2990 889 3127 945 ergo
3165 871 3246 926 illi
3295 873 3362 924 ut
3405 883 3501 922 me
3546 865 3830 936 adjuvet.

2158 975 2226 1031 Et
2252 972 2600 1044 respondens
2636 969 2780 1026 dixit
2810 968 2894 1024 illi
2916 969 3074 1024 Jesus
3107 982 3122 1021 :
3149 965 3387 1032 Martha,
3413 959 3664 1021 Martha,
3698 957 3832 1012 sol-

2159 1067 2309 1122 licita
2336 1082 2394 1122 es
2423 1069 2479 1121 et
2511 1063 2754 1120 turbaris
2790 1062 2937 1118 circa
2973 1059 3246 1133 plurima.
3275 1059 3451 1114 Porro
3489 1068 3688 1110 unum
3738 1055 3838 1106 est

2162 1159 2558 1218 necessarium.
2584 1157 2753 1213 Maria
2773 1156 3047 1228 optimam
3063 1159 3287 1228 partem
3307 1149 3504 1223 elegit,
3533 1162 3674 1222 quae
3700 1159 3837 1201 non

2162 1255 2449 1311 auferetur
2476 1253 2545 1309 ab
2563 1267 2648 1308 ea.

2766 1337 2967 1378 INCIPIT
3004 1335 3184 1375 MISSA.

2235 1414 2264 1454 δ
2284 1417 2578 1472 Generosee
2604 1411 2715 1468 diei
2737 1409 3033 1466 dominicae
3074 1405 3372 1464 Genitricis
3407 1400 3837 1474 inexplicabile

2165 1512 2598 1577 sacramentum,
2637 1509 2792 1561 tanto
2835 1502 3017 1573 magis
3053 1497 3432 1574 praeconabile
3477 1509 3837 1552 sacramen-

2164 1610 2308 1674 tum,
2339 1604 2617 1675 quantum
2642 1599 2790 1654 inter
2825 1595 3088 1652 homines
3127 1591 3534 1664 adsumptione
3561 1586 3839 1659 Virginis

2168 1697 2470 1769 singulare,
2493 1693 2640 1766 apud
2659 1708 2833 1764 quam
2856 1691 2987 1745 vitae
3012 1687 3310 1760 integritas
3335 1682 3597 1740 obtinuit
3611 1681 3840 1747 ﬁlium,

2169 1797 2227 1848 et
2253 1807 2406 1846 mors
2427 1805 2543 1844 non
2571 1785 2786 1842 invenit
2831 1801 2933 1856 par
2966 1781 3328 1852 exemplum;
3356 1794 3464 1834 nec
3493 1777 3704 1832 minus
3733 1774 3840 1830 in-

443 1882 545 1938 ΡθΓ
581 1869 961 1926 venerabilem
1010 1869 1239 1926 Mariam
1289 1884 1510 1925 servare
1560 1865 1818 1933 ἀοθυίδίί»
1859 1864 1918 1918 in
1957 1879 2072 1962 Qua
2091 1891 2148 1962 B
2175 1902 2374 1958 gerens
2401 1888 2690 1953 stuporem
2718 1880 2787 1934 de
2810 1875 3072 1944 transitu,
3100 1889 3276 1947 quam
3295 1870 3729 1928 exultationem
3753 1868 3842 1924 fe-

444 1966 634 2018 manet
656 1963 864 2018 intacta
882 1963 1122 2033 castitas,
1150 1963 1336 2034 pudor
1352 1963 1595 2033 integer,
1610 1961 1773 2015 firma
1793 1957 2074 2012 conscien-

447 2048 543 2110 tia.
572 2057 712 2110 Nam
739 2057 801 2111 in
826 2057 933 2111 hoc
961 2061 1205 2112 matrem
1231 2055 1455 2110 Domini
1481 2053 1567 2109 sui
1592 2055 1721 2108 Jesu
1747 2069 1806 2106 se
1833 2066 1952 2106 esse
1977 2067 2070 2105 co-

451 2147 661 2218 gnovit,
705 2149 837 2220 quia
883 2149 1012 2220 plus
1051 2149 1241 2220 gaudii
1288 2147 1545 2217 contulit,
1598 2162 1771 2218 quam
1820 2143 2070 2216 pudoris.

451 2240 692 2296 Laetatur
715 2258 854 2314 ergo
891 2243 1042 2314 quod
1076 2242 1237 2314 virgo
1275 2241 1550 2314 concepit,
1581 2239 1732 2311 quod
1757 2237 1880 2293 caeli
1894 2235 2076 2291 Domi-

451 2349 592 2388 num
630 2334 829 2389 clausis
853 2335 1108 2407 ’portavit
1152 2335 1478 2403 visceribus,
1521 2333 1672 2404 quod
1709 2327 1871 2402 vi'rgo
1903 2327 2080 2384 edidit

452 2431 698 2497 partum.
725 2429 769 2483 Ο
786 2445 996 2500 magna
1019 2428 1315 2484 clementia
1337 2425 1593 2482 Deitatis!
1611 2441 1738 2497 qum
1757 2423 1942 2478 virum
1958 2439 2078 2477 non

453 2521 607 2574 novit
626 2525 682 2576 et
709 2527 890 2577 mater
919 2527 1022 2592 est,
1052 2526 1108 2577 et
1153 2525 1280 2594 post
1303 2521 1488 2576 ﬁlium
1530 2519 1690 2590 virgo
1719 2521 1824 2573 est.
1855 2516 2078 2571 Duobus

453 2613 608 2668 enim
629 2615 814 2686 gavisa
840 2620 926 2670 est
970 2615 1300 2670 muneribus
1333 2631 1346 2670 :
1372 2613 1615 2668 miratur
1638 2611 1792 2683 quod
1802 2611 1960 2681 virgo
1987 2625 2080 2680 pe-

453 2707 634 2777 perit;
679 2709 905 2764 lmtatur
945 2709 1101 2780 quod
1129 2707 1304 2764 edidit
1337 2707 1733 2762 Bedemtorem
1774 2702 2080 2758 Dominum

453 2804 709 2862 nostrum
733 2803 925 2858 Iesum
953 2801 1264 2857 Christum.
1293 2801 1400 2855 Per
1423 2815 1616 2871 quem.
1643 2798 1895 2853 Sanctus.

635 2903 642 2906 “
691 2903 860 2960 mssa
899 2922 952 2960 1N
989 2919 1368 2960 ADSUMPTIONE
1405 2917 1620 2957 suam
1657 2915 1852 2956 mare.

755 2987 930 3037 Lectio
955 2985 1292 3050 Apocalypsis
1317 2984 1485 3034 sancti
1501 2982 1770 3034 Johannis.

530 3062 596 3115 Et
629 3060 759 3130 vidi,
783 3065 838 3116 et
876 3077 1012 3131 ecce
1038 3078 1218 3132 agnus
1245 3059 1424 3114 stabat
1449 3075 1619 3130 super
1648 3061 1899 3111 montem
1925 3056 2078 3124 Sion,

458 3158 513 3208 et
538 3171 668 3209 cum
691 3155 814 3209 illos
839 3159 1068 3230 centum
1097 3153 1468 3226 quadraginta
1511 3155 1752 3224 quatuor
1795 3149 1951 3204 milia
1989 3149 2085 3203 ha-

459 3247 657 3304 bentes
679 3264 888 3303 nomen
914 3249 1056 3319 ejus,
1090 3251 1146 3302 et
1171 3262 1379 3301 nomen
1403 3245 1578 3317 patris
1599 3245 1719 3316 ejus
1734 3243 2006 3314 scriptum
2026 3241 2085 3297 in

460 3342 738 3397 frontibus
765 3341 899 3396 suis.
948 3343 1014 3396 Et
1055 3341 1244 3396 audivi
1279 3356 1470 3395 vocem
1497 3339 1566 3394 de
1597 3339 1750 3406 caelo,
1796 3342 2087 3408 tamquam

462 3452 655 3490 vocem
673 3451 951 3506 aquarum
969 3435 1298 3503 multarum,
1323 3438 1379 3488 et
1395 3437 1686 3504 tamquam
1711 3446 1907 3484 vocem
1935 3428 2085 3484 toni-

2170 1995 2300 2034 rens
2348 1977 2516 2032 unico
2565 1975 2728 2028 beata
2782 1971 2852 2027 de
2897 1974 3097 2042 partu;
3137 1983 3254 2023 non
3307 1965 3501 2020 solum
3537 1961 3848 2018 mirabilis

2171 2073 2407 2144 pignore
2437 2068 2592 2142 quod
2617 2067 2725 2122 fide
2755 2061 3030 2135 concepit,
3057 2061 3260 2116 fratres
3279 2056 3581 2126 carissimi,
3615 2057 3843 2128 depre-

2173 2181 2395 2233 cemur;
2448 2168 2514 2218 ut
2551 2162 2671 2233 ejus
2720 2157 2900 2229 adjuti
2951 2154 3284 2210 muniamur
3345 2151 3653 2223 suffragio,
3704 2163 3850 2221 quae

2173 2260 2335 2315 beata
2356 2257 2524 2313 Maria
2549 2257 2618 2310 de
2641 2257 2813 2326 partu
2831 2252 3000 2320 clara,
3022 2250 3096 2304 de
3119 2247 3326 2304 merito
3351 2242 3492 2302 felix
3537 2241 3844 2318 praedica-

2175 2358 2269 2408 tur
2294 2356 2421 2424 post
2445 2349 2766 2406 transitum.

2873 2416 3100 2466 Secreta.

2247 2499 2390 2552 Deus
2418 2492 2764 2561 universalis,
2787 2491 2886 2563 qui
2904 2490 2966 2544 in
2990 2487 3198 2542 sanctis
3221 2485 3581 2558 spiritaliter,
3600 2483 3673 2538 in
3707 2501 3844 2540 ma-

2178 2595 2262 2645 tre
2282 2606 2412 2644 vero
2434 2587 2660 2658 Virgine
2675 2585 2844 2640 etiam
2869 2580 3236 2653 corporaliter
3259 2577 3535 2634 habitasti
3554 2594 3575 2644 ;
3594 2577 3850 2632 caritate

2179 2685 2402 2749 decens,
2429 2697 2564 2752 pace
2596 2679 2866 2751 gaudens,
2893 2676 3102 2748 pietate
3126 2673 3490 2745 praecellens;
3523 2671 3600 2725 ab
3627 2672 3850 2742 angelo

2183 2776 2360 2848 gratia
2400 2775 2585 2844 plcna,
2631 2772 2700 2826 ab
2745 2770 3029 2825 Helizabet
3074 2765 3391 2834 benedicta,
3442 2765 3516 2818 ab
3565 2765 3852 2837 gentibus

2181 2869 2522 2942 praedicatur
2539 2867 2730 2933 beata;
2757 2863 2918 2934 cujus
2942 2860 3106 2916 nobis
3131 2861 3271 2914 ﬁdes
3306 2859 3687 2930 mysterium,
3721 2874 3854 2930 paro

2180 2969 2271 3018 tus
2323 2960 2614 3032 gaudium,
2652 2973 2850 3029 pacem
2889 2971 3064 3028 quam
3103 2953 3163 3008 in
3215 2951 3586 3008 adsumtione
3633 2950 3854 3007 matris

2181 3061 2314 3110 tunc
2333 3051 2618 3126 prmbuisti
2643 3049 2948 3122 discipulis,
2972 3047 3134 3103 nobis
3151 3046 3428 3102 miserere
3443 3045 3850 3118 supplicibus.

2254 3221 2393 3274 Vere
2417 3217 2656 3288 dignum
2681 3217 2736 3269 et
2755 3142 3502 3283 jtiglolliltieztsitlbmnipotens
3527 3211 3712 3279 Deus,
3747 3223 3856 3280 per

2184 3312 2466 3368 Christum
2525 3307 2825 3362 Dominum
2877 3308 3157 3360 nostrum.
3229 3304 3351 3367 Quo
3407 3302 3607 3358 fidelis
3681 3301 3855 3356 Israel

2187 3422 2410 3478 egressa
2456 3407 2541 3458 est
2579 3401 2648 3457 de
2691 3402 2960 3471 AEgypto;
3011 3414 3125 3469 quo
3181 3396 3344 3467 virgo
3404 3395 3514 3451 Dei
3590 3396 3856 3468 genitrix

463 3529 576 3584 trui
603 3530 834 3601 magni;
875 3533 930 3584 et
958 3545 1152 3584 vocem
1189 3526 1606 3600 quam’audivi,
1638 3525 1782 3580 sicut
1821 3523 2090 3596 cytharce—

2247 3499 2358 3554 aria
2395 3498 2466 3552 de
2504 3493 2718 3550 mundo
2758 3490 3026 3564 migravit
3063 3490 3136 3546 ad
3177 3490 3495 3557 Christum,
3523 3503 3550 3532 ο
3580 3489 3858 3559 germine

464 3623 665 3678 dorum
689 3623 1158 3694 cytharizantium
1184 3621 1243 3676 in
1269 3620 1514 3692 cytharis
1541 3619 1676 3674 suis.
1703 3619 1771 3672 Et
1794 3616 2091 3672 cantabant

465 3717 622 3788 quasi
645 3717 924 3772 canticum
949 3732 1160 3771 novum
1185 3720 1314 3771 ante
1341 3715 1551 3782 sedem,
1581 3717 1638 3768 et
1661 3715 1790 3766 ante
1826 3714 2094 3782 quattuor

465 3811 747 3880 animalia,
778 3815 835 3866 et
859 3809 1107 3866 seniores
1137 3827 1150 3864 ε
1192 3814 1249 3864 et
1273 3824 1442 3862 nemo
1466 3809 1682 3878 poterat
1707 3805 1890 3860 dicere
1915 3801 2090 3857 canti-

467 3921 616 3970 cum,
634 3903 746 3959 nisi
762 3903 860 3958 illa
879 3907 1112 3958 centum
1131 3900 1508 3973 quadraginta
1533 3903 1802 3971 quattuor
1821 3896 1981 3951 milia
1995 3895 2094 3967 qui

469 3997 644 4069 empti
671 4001 806 4052 sunt
831 3996 899 4051 de
925 4000 1096 4051 terra.
1125 3994 1190 4049 Hi
1220 3993 1461 4066 suntqui
1478 4009 1612 4048 cum
1623 3991 1955 4046 mulieribus
1978 4005 2095 4043 non

469 4095 602 4146 sunt
627 4089 994 4160 coinquinati,
1022 4089 1270 4160 virgines
1299 4087 1450 4142 enim
1471 4091 1634 4141 sunt:
1657 4085 1717 4139 hi
1739 4083 1836 4156 qui
1855 4099 2096 4153 sequun-

471 4190 568 4240 tur
591 4186 817 4254 Agnum
847 4199 1204 4254 quocumque
1233 4181 1453 4236 abierit.
1485 4180 1549 4234 Hi
1579 4178 1760 4250 empti
1784 4174 1937 4232 enim
1966 4179 2099 4230 sunt

475 4293 545 4332 ex
573 4275 918 4346 hominibus,
949 4275 1223 4348 primicim
1251 4276 1364 4330 Deo
1391 4279 1448 4329 et
1465 4275 1730 4344 Agno,'et
1755 4271 1815 4324 in
1843 4285 1939 4323 ore
1955 4268 2098 4340 ipso-

477 4387 606 4426 rum
645 4387 760 4425 non
795 4373 878 4424 est
916 4369 1212 4425 inventum
1263 4365 1627 4423 mendacium
1667 4381 1681 4418 :
1723 4363 1843 4418 sine
1881 4363 2099 4416 macula

476 4468 626 4519 sunt.
653 4463 776 4518 Vidi
811 4463 1080 4535 angelum
1115 4463 1398 4516 volantem
1436 4475 1538 4530 per
1563 4456 1815 4512 medium
1860 4456 2093 4523 caelum;

477 4559 777 4614 habentem
790 4557 1158 4630 Evangelium
1174 4559 1450 4610 aeternum
1468 4557 1534 4608 ut
1546 4568 1682 4606 evan
1691 4549 1890 4622 gelizet
1903 4549 2096 4604 seden-

2191 3592 2452 3666 gloriosa,
2478 3587 2834 3644 adsumtione
2872 3601 3094 3654 secura,
3122 3583 3370 3655 paradisi
3397 3583 3534 3638 dote
3584 3584 3854 3654 praelata,

2190 3688 2398 3742 damna
2421 3684 2490 3739 de
2515 3686 2697 3750 coetu,
2725 3695 2955 3734 sumens
2991 3681 3119 3732 vota
3159 3677 3229 3732 de
3265 3677 3500 3746 fructu;
3537 3693 3669 3732 non
3717 3677 3856 3732 sub-

2192 3780 2305 3836 dita
2329 3776 2508 3832 labori
2533 3792 2636 3847 per
2667 3777 2916 3846 partum,
2955 3788 3072 3826 non
3115 3769 3298 3826 dolori
3340 3785 3449 3842 per
3489 3770 3856 3838 transitum;

2193 3872 2472 3945 speciosus
2495 3869 2798 3938 thalamus,
2826 3867 2895 3922 de
2922 3882 3034 3936 quo
3056 3865 3290 3920 decorus
3314 3863 3584 3934 procedit
3603 3879 3859 3935 sponsus

2193 3967 2291 4020 lux
2321 3963 2598 4037 gentium,
2627 3977 2752 4032 spes
2790 3959 3065 4024 ﬁdelium,
3096 3957 3293 4029 praedo
3329 3957 3702 4027 demonum,
3721 3974 3857 4012 con-

2194 4059 2338 4115 fusio
2359 4053 3020 4124 Judaaorum,-vasculum
3047 4051 3266 4122 glorias,
3298 4051 3594 4121 templum
3626 4051 3860 4106 caeleste

2198 4154 2378 4226 [cujus
2410 4148 2732 4222 juvenculae
2770 4146 2974 4202 melius
3011 4143 3422 4216 praedicantur]
3449 4144 3699 4213 merita,
3731 4161 3862 4200 cum

2195 4245 2398 4304 veteris
2449 4246 2577 4298 Evae
2622 4240 2983 4296 conferentur
3027 4238 3310 4308 exempla.
3349 4236 3413 4292 Si
3453 4237 3710 4308 quidem
3757 4239 3863 4293 ista

2197 4339 2410 4397 mundo
2429 4337 2602 4392 vitam
2625 4333 2895 4406 protulit;
2917 4331 3014 4386 illa
3033 4331 3221 4402 legem
3240 4329 3443 4385 mortis
3469 4329 3706 4387 invexit
3732 4349 3747 4387 :
3769 4331 3862 4386 illa

2197 4429 2610 4508 psmvaricando
2635 4444 2738 4482 nos
2764 4424 3037 4498 perdidit;
3059 4424 3166 4478 ista
3193 4423 3530 4494 generando
3561 4426 3820 4480 servavit
3845 4441 3858 4478 :

2195 4529 2289 4584 illa
2317 4541 2424 4581 nos
2468 4538 2638 4595 pomo
2675 4517 2892 4574 arboris
2928 4517 2987 4572 in
3024 4517 3148 4588 ipsa
3186 4516 3378 4570 radice
3424 4518 3761 4588 percussit;
3797 4534 3863 4574 ex

1181 4608 1369 4719 super
1396 4661 1623 4701 omnem
1657 4608 1885 4716 gentem
1919 4646 1976 4697 et
2000 4641 2102 4697 tri-
2122 4621 2182 4694 Ι)
2204 4621 2382 4722 huius.
2398 4615 2683 4723 Virgf‘ﬂos
2713 4612 2849 4723 e‘Xii‘t.
2983 4626 3094 4712 n°3_
3113 4609 3284 4723 Odi”?
3303 4608 3596 4678 refecerit’
3619 4615 3682 4666 et
3697 4611 3866 4682 fruge

476 4746 634 4812 bum,
664 4749 720 4800 et
741 4744 1016 4816 linguam,
1044 4747 1101 4798 et
1125 4741 1421 4812 populum,
1449 4739 1639 4795 dicens
1677 4753 1885 4810 magna
1924 4751 2057 4790 voce
2086 4752 2102 4790 :

475 4838 690 4893 Timete
711 4838 908 4904 Deum,
936 4841 994 4892 et
1027 4835 1154 4890 date
1193 4833 1276 4888 illi
1303 4833 1598 4902 honorem,
1625 4831 1758 4903 quia
1789 4829 1942 4886 venit
1967 4829 2107 4883 hora

471 4930 668 5000 judicii
698 4931 848 5001 ejus;
887 4933 945 4986 et
966 4928 1192 4984 adorata
1220 4941 1354 4982 eum
1381 4925 1481 4998 qui
1505 4925 1637 4980 fecit
1663 4923 1863 4979 caelum
1905 4925 1963 4977 et
1988 4925 2103 4976 ter-

478 5039 622 5094 ram,
649 5039 806 5080 mare
841 5027 900 5080 et
925 5023 1109 5079 fontes
1136 5035 1436 5092 aquarum.

672 5117 848 5167 Lectio
871 5115 1041 5168 sancti
1066 5111 1335 5176 Evangelii
1361 5109 1651 5163 secundum
1673 5111 1864 5159 Lucam
1883 5109 1928 5157 ⁸.

553 5191 784 5246 Factum
803 5194 889 5247 est
913 5193 1105 5246 autem
1135 5189 1273 5245 dum
1309 5187 1419 5243 iret
1449 5185 1721 5240 Dominus
1758 5183 1900 5253 ejus,
1929 5181 2107 5236 intra-

485 5283 565 5339 vit
583 5283 645 5338 in
671 5281 957 5354 quoddam
981 5281 1290 5348 castellum,
1305 5283 1364 5336 et
1387 5277 1592 5334 mulier
1613 5275 1874 5348 quaedem
1897 5274 2112 5330 Martha

484 5375 716 5431 nomine
751 5375 967 5446 excepit
1008 5375 1172 5432 illum
1219 5375 1281 5428 in
1329 5373 1500 5428 domo
1543 5385 1664 5425 sua.
1703 5370 1772 5424 Et
1809 5366 1942 5422 huic
1993 5371 2114 5422 erat

558 5499 586 5529 ⁸
613 5500 727 5572 Hos
763 5499 1130 5572 Evangelia!!!
1153 5496 1331 5572 snde
1356 5495 1525 5572 etiam
1558 5493 1769 5572 ιθβίὲιπ
1804 5492 2117 5572 iussam-

526 5570 674 5624 tione
701 5561 950 5642 Deiparae
979 5588 997 5624 ι
1021 5569 1176 5624 aliud
1210 5566 1299 5642 in._
1311 5561 1662 5642 [.ectionari'o
1678 5561 2014 5642 Luxoviensi
2040 5576 2110 5615 ex

528 5657 649 5696 ucae
675 5631 844 5712 capi]
877 5657 890 5696 :
921 5643 1234 5712 Resurgens
1272 5637 1483 5712 Mariti,
1502 5639 1611 5689 etc.
1643 5634 1703 5686 [n
1746 5631 2116 5712 vetustissimo

488 5705 822 5767 Kalendario
861 5710 1040 5765 sancti
1076 5705 1292 5778 Cyriaci
1320 5721 1388 5778 ac
1426 5705 1724 5778 Thermas-
1747 5706 1976 5778 notatur
2001 5717 2117 5778 :_xv

489 5784 613 5838 Kal.
633 5784 756 5838 Feb.
787 5782 1055 5850 Depositio
1084 5773 1284 5832 sancta
1305 5777 1498 5831 Maria:
1520 5773 1770 5840 virginis,
1797 5775 1993 5826 matris
2018 5775 2120 5827 Do-

497 5856 639 5908 mini
659 5855 834 5906 nostri
856 5849 988 5906 Ilesu
1010 5849 1230 5904 Christi.

566 5923 592 5962 ι)
621 5921 846 5978 Eaedem
871 5919 1147 5978 orationes
1174 5917 1236 5976 in
1278 5914 1610 5972 Lexionario
1639 5911 1992 5984 Luxoviensi,
2023 5913 2120 5968 sed

2203 4711 2415 4770 curarit
2455 4727 2469 4765 :
2515 4709 2612 4764 illa
2641 4703 3038 4762 maledictione
3081 4703 3144 4756 in
3182 4701 3377 4758 dolore
3418 4708 3672 4773 generat
3699 4723 3718 4773 ;
3766 4705 3868 4760 ista

2204 4803 2589 4862 benedictione
2615 4801 2675 4855 in
2703 4798 2921 4854 salute:
2947 4797 3044 4852 illa
3071 4794 3310 4866 perfidia
3335 4796 3598 4868 serpenti
3628 4814 3869 4854 consen-

2206 4899 2297 4970 sit,
2329 4897 2633 4968 conjugem
2650 4891 2891 4963 decepit,
2918 4889 3140 4962 prolem
3166 4887 3524 4954 damnavitd,
3546 4889 3672 4945 nisi
3698 4891 3868 4948 etiam

2206 4992 2308 5048 tali
2338 4989 2508 5046 matri
2537 4987 2864 5042 adornasset
2888 4997 3202 5054 egressum.
3242 4982 3418 5037 Recte
3446 4981 3521 5037 ab
3567 4982 3708 5054 ipso
3750 4999 3868 5039 sus-

2208 5088 2372 5156 cepta
2394 5099 2454 5138 es
2475 5081 2538 5136 in
2569 5077 2926 5135 adsumtione
2945 5075 3208 5145 feliciter,
3230 5089 3407 5146 quem
3431 5075 3533 5147 pie
3561 5076 3870 5151 suscepisti

2209 5180 2550 5248 conceptum
2575 5187 2680 5244 per
2703 5170 2876 5226 ﬁdem
2905 5185 2920 5224 :
2950 5173 3017 5226 ut
3063 5167 3163 5245 qui
3195 5171 3364 5224 terrae
3395 5183 3519 5224 non
3564 5185 3704 5225 eras
3741 5187 3868 5226 con-

2210 5271 2341 5338 scia,
2368 5273 2424 5324 te
2453 5282 2570 5322 non
2609 5267 2828 5320 teneret
2863 5262 3022 5333 rupis
3044 5261 3282 5318 inclusa.
3317 5262 3464 5316 Vere
3496 5261 3757 5320 diversis
3787 5264 3868 5318 in-
3897 5288 3900 5294 ι

2210 5363 2338 5420 folis
2378 5360 2566 5416 anima
2602 5356 2884 5424 redimita,
2918 5354 3011 5410 cui
3049 5353 3302 5425 Apostoli
3340 5370 3578 5410 sacrum
3618 5358 3874 5414 reddunt

2213 5489 2325 5544 illic
2374 5484 2745 5558 prolixiores,_
2785 5485 2849 5558 et
2887 5480 3040 5558 alias
3063 5479 3276 5558 plures.
3345 5479 3714 5558 contestatio
3764 5485 3870 5538 fere

2215 5549 2432 5615 eadem.
2451 5556 2667 5611 Omissa
2689 5552 2782 5607 hic
2812 5549 3083 5606 Collectio
3108 5555 3238 5621 post
3259 5549 3520 5605 nomina.

2283 5643 2308 5672 ο
2339 5627 2506 5684 Addit
2533 5624 2748 5681 Missale
2771 5621 3108 5694 Gothicumiz
3144 5621 3273 5694 Qua.v
3296 5635 3395 5675 nec
3422 5621 3490 5674 de
3517 5627 3872 5694 corruptions

2219 5695 2807 5780 suscepitﬂco‘ntagiufn,
2835 5708 2930 5746 nec
2949 5693 3332 5780 resolutionem
3345 5693 3589 5760 pertulit
3614 5693 3872 5765 insepul-

2219 5785 2307 5823 cro
2333 5764 2668 5894 :Jgollutione
2689 5764 2882 5825 libera,
2908 5765 3164 5830 θενπῑίηθν
3187 5766 3298 5816 εἶθ·
3323 5830 3334 5840 .
3457 5831 3468 5842 .
3763 5764 3776 5765 7

2291 5840 2316 5879 ἀ
2391 5856 2441 5894 1c
2469 5838 2652 5894 multa
2669 5833 2985 5906 supplenda
3006 5837 3143 5890 sunt
3164 5847 3237 5887 ex
3265 5831 3474 5888 Missali
3499 5831 3778 5892 Gothico.
