3970 6412
194 386 307 443 -477

710 394 1318 463 SACRAMENTARIUM
1353 404 1796 465 GALLICANUM.
1839 438 1905 461 -.-
1945 409 2310 466 LECTIONES
2345 408 2433 465 DE
2470 406 2781 466 ADVENTU
2818 406 3065 462 DOMINI.

3456 409 3561 471 478

205 493 576 605 obsequium,
604 500 812 605 Angeli
864 511 1116 605 cantum,
1172 509 1426 605 Christus
1475 514 1835 588 amplexum,
1857 530 1918 605 Α
1939 518 2164 589 Sancto,
2191 517 2255 574 in
2281 516 2510 577 caritate
2553 532 2670 573 non
2712 515 2869 586 ﬁcta,
2908 516 2969 572 in
3005 515 3176 573 verbo
3205 515 3474 588 veritatis,
3499 518 3560 583 in

201 586 371 690 nubis
400 589 703 664 veicolum,
732 595 1052 670 adsumptio
1078 602 1493 675 paradisum,in
1517 606 1701 664 choris
1727 586 1837 665 vir;-

664 868 821 909 MISSA
858 871 1394 917 QUADRAGINSIMALIS.

200 938 380 990 Lectio
405 941 532 993 libri
567 944 767 1008 Regum
796 960 911 1010 qua
941 949 1130 1011 legitur
1154 950 1301 1002 initio
1328 953 1763 1021 Quadraginsima
1790 961 1835 1010 ⁸.

276 1027 560 1099 Tempore
584 1029 704 1098 illo,
737 1032 890 1086 venit
914 1034 1062 1089 Elias
1087 1036 1147 1092 in
1178 1039 1445 1096 Bersabee
1469 1043 1628 1111 Juda,
1659 1047 1715 1099 et
1749 1045 1836 1100 di-

176 1118 358 1199 ~misit
383 1121 462 1175 ibi
493 1139 740 1193 puerum
763 1143 932 1181 suum
953 1170 967 1198 ,
1008 1133 1063 1184 et
1088 1133 1336 1202 perrexit
1360 1134 1420 1188 in
1446 1135 1663 1192 deserto
1689 1138 1838 1194 viam

173 1210 375 1297 -unius
403 1214 540 1272 diei.
568 1218 824 1291 Cumque
849 1221 1109 1292 venisset,
1133 1229 1188 1279 et
1204 1226 1434 1282 sedisset
1454 1228 1645 1285 subter
1661 1247 1835 1287 unam

194 1304 560 1378 juniperum,
592 1311 792 1382 petivit
815 1314 1020 1370 animae
1047 1332 1161 1371 sua
1187 1322 1253 1373 ut
1281 1326 1613 1392 moreretur,
1636 1328 1692 1379 et
1717 1324 1827 1381 ait:

200 1399 422 1456 Sufﬁcit
451 1403 616 1475 mihi,
647 1407 905 1477 Domine,
945 1410 1077 1465 tolle
1115 1411 1366 1468 animam
1407 1431 1616 1471 meam.
1646 1418 1834 1491 Neque

199 1495 356 1551 enim
404 1496 613 1552 melior
634 1516 761 1554 sum
787 1518 957 1572 quam
995 1509 1184 1574 patres
1210 1506 1342 1561 mei.
1379 1509 1726 1581 Projecitque
1753 1529 1830 1582 se,

200 1592 257 1643 et
285 1590 637 1647 obdormivit
674 1592 732 1647 in
762 1596 967 1650 umbra
1001 1596 1277 1668 juniperi.
1327 1602 1391 1655 Et
1434 1619 1558 1657 ecce
1602 1605 1836 1675 angelus

198 1683 430 1737 Domini
458 1684 646 1756 tetigit
672 1702 824 1758 eum,
853 1692 908 1743 et
933 1689 1075 1743 dixit
1102 1690 1185 1745 illi
1218 1709 1232 1748 :
1261 1693 1438 1765 Surge
1459 1737 1472 1764 ,
1503 1700 1559 1751 et
1581 1699 1830 1755 comede.

196 1776 492 1847 Respexit,
525 1782 581 1833 et
607 1795 732 1834 ecce
754 1780 824 1835 ad
851 1786 1018 1853 caput
1043 1800 1209 1839 suum
1230 1786 1630 1844 subcinericius
1650 1792 1829 1862 panis,

197 1873 252 1968 et
281 1886 385 1968 vas
408 1886 598 1968 aqua.
629 1873 885 1929 Comedit
910 1891 1046 1947 ergo
1063 1919 1077 1945 ,
1108 1882 1163 1933 et
1186 1878 1357 1948 bibit;
1390 1884 1445 1935 et
1472 1898 1700 1939 rursum
1726 1884 1827 1939 ob-
1849 1895 1906 1968 B

196 1962 493 2019 dormivit.
525 1966 913 2038 Reversusque
937 1973 1021 2024 est
1047 1972 1281 2042 angelus
1312 1973 1539 2029 Domini
1564 1978 1827 2047 secundo,

168 2050 251 2111 'et
295 2057 491 2127 tetigit
534 2073 687 2128 eum,
733 2060 985 2133 dixitque
1012 2062 1135 2119 illi:
1176 2066 1375 2137 Surge,
1418 2069 1647 2138 grandis
1677 2071 1831 2127 enim

192 2149 302 2205 tibi
325 2154 506 2206 restat
527 2152 638 2207 via.
668 2153 775 2217 Qui
806 2171 936 2209 cum
965 2157 1477 2227 surrexit,comedit
1502 2165 1555 2216 et
1579 2162 1747 2230 bibit,
1776 2169 1832 2220 et

193 2243 515 2299 ambulavit
544 2243 602 2299 in
644 2246 975 2303 fortitudine
1000 2248 1112 2304 cibi
1138 2250 1287 2306 illius
1311 2253 1691 2324 quadraginta"
1708 2256 1831 2311 die-

167 2334 323 2399 ‘bus,
354 2339 413 2390 et
441 2337 817 2409 quadraginta
842 2341 1103 2396 noctibus
1130 2360 1306 2416 usque
1336 2345 1404 2399 ad
1440 2352 1691 2401 montem
1730 2349 1831 2405 Dei

190 2428 367 2483 Oreb.
398 2429 658 2501 Cumque
684 2433 929 2487 venisset
972 2434 1032 2489 in
1074 2435 1371 2507 spelunca,
1414 2446 1469 2492 et
1496 2456 1620 2495 ecce
1647 2458 1830 2497 sermo

192 2521 425 2576 Domini
450 2523 521 2577 ad
564 2540 718 2594 eum,
756 2526 1007 2597 dixitque
1033 2528 1085 2582 ei
1114 2545 1129 2583 :
1162 2529 1305 2593 Quid
1332 2531 1422 2585 hic
1450 2531 1590 2603 agis,
1625 2535 1783 2589 Helia
1801 2537 1829 2590 ?

191 2617 260 2669 At
307 2615 407 2671 ille
462 2618 797 2688 respondit:
847 2620 974 2675 Zelo
1017 2621 1223 2676 zelatus
1269 2640 1397 2678 sum
1441 2641 1546 2696 pro
1591 2627 1828 2683 Domino

192 2709 575 2779 exercituum,
608 2711 743 2781 quia
781 2712 1213 2785 'dereliquerunt
1253 2715 1353 2770 ﬁlii
1399 2718 1564 2773 Israel
1602 2724 1830 2791 pactum

193 2805 383 2871 tuum,
408 2806 468 2857 et
492 2804 800 2875 prophetas
830 2809 957 2861 tuos
986 2807 1312 2864 occiderunt
1345 2810 1551 2881 gladio,
1584 2816 1640 2867 et
1665 2814 1826 2869 dere-

189 2894 356 2950 lictus
384 2913 515 2951 sum
540 2913 649 2968 ego
675 2898 861 2968 solus;
890 2905 947 2955 et
973 2907 1237 2972 quarunt
1268 2903 1518 2958 animam
1551 2922 1736 2961 meam
1764 2913 1830 2964 ut

189 2990 458 3043 auferant
483 3005 631 3045 eam.
665 2990 732 3045 Et
759 2992 840 3047 ait
865 2992 916 3047 ei
944 3012 959 3048 :
1002 2995 1303 3065 Egredere,
1337 3002 1393 3051 ct
1418 3000 1502 3052 sta
1529 2997 1589 3053 in
1634 3005 1826 3057 monte

189 3099 388 3137 coram
418 3083 681 3138 Domino.
713 3084 781 3140 Et
806 3100 933 3140 ecce
959 3084 1230 3142 Dominus
1255 3089 1482 3159 transit,
1517 3096 1573 3146 et
1599 3094 1827 3162 spiritus

190 3176 428 3246 grandis
457 3181 515 3231 et
541 3177 723 3244 fortis,
774 3179 1106 3235 subvertens
1150 3186 1389 3251 montes,
1437 3188 1493 3238 et
1533 3190 1826 3243 conterens

185 3273 381 3339 petras
408 3274 541 3325 ante
587 3270 913 3328 Dominum.
962 3274 1083 3328 Non
1110 3275 1171 3329 in
1198 3275 1396 3346 spiritu
1426 3278 1716 3335 Dominus.
1758 3282 1826 3336 Et
1847 3258 1899 3332 C

36 3332 151 3396 Μ
185 3366 311 3433 post
337 3362 615 3435 spiritum
642 3366 948 3421 commotio
977 3382 990 3420 :
1013 3382 1128 3421 non
1152 3368 1212 3422 in
1241 3371 1615 3427 commotione
1641 3373 1827 3427 Domi—

186 3472 314 3512 nus.
346 3459 423 3511 Et
442 3461 574 3529 post
602 3459 1043 3514 commotionem
1069 3460 1218 3532 ignis
1245 3481 1261 3517 :
1292 3463 1628 3535 noninigne
1642 3467 1826 3522 Domi-

183 3566 314 3604 nus.
339 3552 416 3605 Et
428 3554 558 3620 post
575 3550 767 3621 ignem
788 3551 983 3607 sibilus
1003 3569 1157 3608 aura
1170 3555 1356 3610 tenuis
1379 3573 1392 3611 :
1421 3556 1499 3611 ibi
1525 3559 1820 3617 Dominus.

182 3643 342 3707 Quod
394 3659 530 3698 cum
576 3643 821 3700 audisset
862 3646 1067 3716 Helias,
1114 3648 1341 3719 aperuit
1386 3650 1607 3705 vultum
1656 3669 1822 3708 suum

180 3737 377 3807 pallio,
413 3741 473 3791 et
516 3752 774 3807 egressus
818 3739 971 3794 stetit
1008 3740 1066 3794 in
1095 3741 1234 3796 ostio
1267 3743 1566 3813 spelunca,
1612 3750 1668 3800 et
1695 3762 1821 3803 ecce

181 3846 286 3884 vox
312 3830 395 3885 ad
423 3845 561 3884 eum
590 3829 820 3886 dicens:
850 3832 993 3897 Quid
1018 3833 1110 3888 hic
1133 3835 1275 3905 agis,
1304 3835 1495 3891 Helia?
1512 3838 1578 3892 Et
1602 3838 1692 3894 ille
1711 3856 1823 3895 res-

180 3924 387 3994 pondit
421 3940 434 3977 :
466 3923 594 3977 Zelo
638 3925 845 3979 zelatus
870 3942 996 3979 sum
1037 3943 1139 3997 pro
1173 3929 1405 3982 Domino
1447 3932 1817 4004 exercituum,

181 4017 316 4089 quia
342 4017 782 4089 dereliquerunt
804 4023 1033 4089 pactum
1062 4023 1225 4075 tuum
1250 4019 1350 4075 ﬁlii
1392 4023 1581 4078 Israel.
1611 4025 1821 4081 Altaria

180 4115 277 4164 tua
300 4111 735 4181 destruxerunt,
766 4116 822 4166 et
848 4113 1155 4184 prophetas
1180 4118 1307 4169 tuos
1344 4116 1670 4173 occiderunt
1696 4120 1817 4191 gla-

183 4204 306 4273 dio;
340 4209 399 4259 et
425 4204 736 4259 derelictus
750 4221 875 4259 sum
898 4221 1007 4277 ego
1028 4206 1200 4273 solus,
1221 4212 1277 4262 et
1294 4213 1555 4279 quarunt
1568 4212 1816 4269 animam

182 4313 372 4352 meam
417 4302 489 4359 ut
529 4298 791 4353 auferant
833 4315 983 4353 eam.
1031 4300 1099 4354 Et
1134 4300 1213 4356 ait
1252 4302 1522 4358 Dominus
1545 4305 1615 4359 ad
1641 4321 1815 4363 eum:

180 4390 350 4461 Vade,
399 4395 689 4447 revertere
738 4390 885 4446 viam
927 4395 1083 4447 tuam
1127 4410 1229 4464 per
1274 4394 1557 4452 desertum
1604 4398 1663 4454 in
1707 4401 1815 4457 Da-

184 4500 397 4539 masco.
1014 4536 1019 4541 .

179 4586 411 4650 Epistola
425 4584 577 4637 Pauli
591 4585 812 4649 apostoli
828 4586 894 4638 ad
908 4588 1222 4651 Corinthios,
1237 4589 1288 4640 in
1321 4591 1746 4657 Quadraginsima
1768 4594 1814 4643 b.

247 4672 501 4740 Fratres,
530 4686 660 4726 ecce
688 4688 841 4727 nunc
865 4677 1092 4745 tempus
1116 4676 1486 4746 acceptabile;
1511 4694 1637 4734 ecce
1664 4696 1816 4736 nunc

176 4764 293 4820 dies
336 4764 560 4820 salutis.
604 4765 830 4820 Nemini
874 4766 1072 4823 dantes
1112 4769 1286 4824 ullam
1329 4769 1716 4841 offensionem,
1754 4778 1818 4828 ut

175 4874 288 4913 non
315 4858 679 4928 vituperetur
703 4858 1083 4919 ministerium
1102 4865 1396 4917 nostrum:
1427 4864 1525 4923 sed
1549 4865 1814 4922 exhibea-
1854 4894 1865 4901 ι

174 4967 304 5005 mus
326 4951 391 5006 in
420 4950 689 5007 omnibus
715 4953 1112 5024 nosmetipsos,
1135 4955 1283 5010 sicut
1299 4955 1397 5011 Dei
1423 4955 1731 5028 ministros,
1754 4958 1815 5014 in

172 5044 357 5099 multa
387 5043 688 5115 patientia,
716 5044 777 5099 in
799 5045 1280 5118 tribulationibus,
1296 5048 1356 5104 in
1371 5030 1813 5122 necessitatibus,

158 5136 231 5191 .in
257 5136 567 5208 angustiis,
597 5135 658 5191 in
683 5137 889 5209 plagis,
917 5138 978 5194 in
997 5140 1334 5210 carceribus,
1352 5140 1413 5196 in
1430 5142 1812 5215 seditionibus,

174 5228 230 5284 in
256 5229 578 5297 laboribus,
621 5230 683 5285 in
708 5230 936 5303 vigiliis,
965 5232 1026 5288 in
1043 5232 1307 5304 jejuniis,
1334 5233 1395 5289 in
1420 5236 1670 5293 castitate
1694 5280 1708 5305 ,
1753 5237 1815 5295 in

175 5327 434 5397 scientia,
465 5325 525 5381 in
556 5326 1009 5399 longanimitate,
1050 5330 1111 5385 in
1149 5330 1418 5387 suavitate
1442 5373 1457 5398 ,
1495 5332 1556 5387 in
1600 5333 1814 5405 Spiritu

244 5466 271 5497 ⁸
300 5468 401 5523 Hic
434 5469 908 5539 Quadraginsima
934 5472 1268 5528 vocabulum
1300 5490 1314 5527 :
1358 5476 1416 5528 et
1454 5475 1533 5528 ita
1557 5476 1810 5533 scriben-

173 5539 318 5628 ξλιξὲ
334 5538 984 5628 Ἦίξεθὲιὶίξὲἕὲξξξιξρριίε»
1007 5545 1813 5628 estetsassaenﬁhasz.etex

172 5608 532 5664 Lectionario
555 5608 891 5665 Luxoviensi
920 5608 986 5665 ac
1008 5608 1208 5668 Missali
1235 5608 1487 5669 Gothico.
1527 5608 1676 5670 Nihil
1719 5618 1813 5675 hic

174 5678 242 5757 de
295 5678 764 5757 Septuagesima,
802 5683 1270 5757 sexagesima-et
1313 5683 1839 5757 Quinquagesima.,

171 5748 322 5829 {tege
341 5748 627 5829 adnotata
645 5748 1150 5829 ad‘Lectipn'arium
1174 5748 1515 5829 Luxoviensc
1547 5748 1809 5829 1553.123

177 5815 293 5894 (lib.
323 5819 398 5894 de
423 5817 755 5894 Lit._gCall.]A.
782 5821 1103 5894 ln_Gothico
1127 5824 1340 5892 pariter
1379 5815 1590 5894 legitu‘r
1621 5815 1656 5880 ε’
1667 5828 1810 5885 Ordo

173 5890 348 5945 missa
372 5891 435 5944 in
459 5890 683 5944 initium
710 5890 1193 5963 Quadraginsimaz,
1214 5894 1270 5950 id
1293 5898 1378 5953 est
1400 5890 1502 5967 pro
1519 5895 1810 5954 Dominica

1936 614 2143 670 virtute
2172 611 2302 681 Dei;
2343 627 2447 684 per
2482 626 2640 667 arma
2659 611 2894 682 justitia
2918 628 2952 666 a
2976 611 3188 668 dextris
3213 616 3270 668 et
3298 612 3557 681 sinistris,

1938 724 2039 779 per
2065 707 2303 778 gloriam
2332 709 2388 765 et
2411 705 2844 778 ignobilitatem,
2859 721 2963 777 per
2980 704 3261 762 insaniam
3277 710 3334 763 et
3349 705 3559 764 bonam

1936 802 2167 870 famam,
2198 804 2261 855 ut
2286 800 2603 856 seductores
2632 803 2688 856 et
2713 815 2960 866 veraces;
2991 799 3134 855 sicut
3156 799 3255 871 qui
3283 798 3480 871 ignoti,
3504 804 3561 856 et

1936 895 2178 965 cogniti;
2206 892 2368 966 quasi
2409 893 2736 963 morientes,
2782 897 2840 948 et
2881 909 3006 949 ecce
3052 893 3317 962 vivimus,
3344 896 3409 948 ut
3435 897 3555 948 cas-

1934 989 2118 1061 tigati,
2147 993 2204 1044 et
2221 1005 2337 1044 non
2356 988 2710 1057 mortiﬁcati;
2730 988 2888 1059 quasi
2904 987 3108 1055 tristes,
3121 1002 3346 1058 semper
3366 991 3557 1043 autem

1939 1083 2275 1153 gaudentes;
2305 1083 2447 1139 sicut
2466 1086 2693 1154 egentes
2717 1123 2730 1151 ,
2752 1083 2963 1138 multos
2989 1084 3181 1137 autem
3205 1080 3553 1152 locupletan-

1936 1182 2047 1245 tes;
2079 1181 2371 1248 tamquam
2396 1176 2538 1232 nihil
2573 1176 2861 1244 habentes,
2892 1178 2949 1231 et
2974 1175 3165 1231 omnia
3188 1174 3552 1248 possidentes,

1936 1270 1995 1325 in
2018 1270 2238 1326 Christo
2266 1271 2393 1325 Iesu
2419 1266 2652 1325 Domino
2675 1273 2886 1325 nostro.

2091 1358 2264 1413 Lectio
2296 1363 2461 1413 sancti
2484 1362 2749 1425 Evangelii
2767 1361 3052 1412 secundum
3084 1362 3396 1413 Matthaum.

2006 1448 2210 1503 Diebus
2236 1446 2363 1513 illis,
2392 1445 2534 1501 dixit
2561 1444 2831 1499 Dominus
2863 1445 3029 1499 Iesus
3063 1444 3346 1515 discipulis
3388 1443 3505 1500 suis
3533 1462 3548 1503 :

1934 1541 2231 1597 Adtendite
2256 1556 2328 1596 ne
2349 1540 2627 1611 justitiam
2652 1544 2896 1594 vestram
2917 1536 3130 1594 faciatis
3153 1554 3343 1593 coram
3370 1538 3553 1594 homi-

1933 1636 2118 1703 nibus,
2144 1639 2211 1689 ut
2232 1633 2533 1689 videamini
2561 1633 2631 1687 ab
2659 1634 2760 1688 eis.
2789 1632 3050 1704 Alioquin
3088 1632 3407 1687 mercedem
3434 1648 3552 1687 non

1933 1728 2210 1784 habebitis
2238 1728 2389 1799 apud
2413 1729 2633 1782 Patrem
2647 1729 2897 1781 vestrum
2916 1724 3016 1796 qui
3038 1724 3099 1780 in
3117 1723 3265 1780 calis
3291 1728 3393 1779 est.
3410 1725 3552 1780 Cum

1932 1838 2068 1892 ergo
2108 1821 2243 1876 facis
2287 1822 2699 1890 eleemosynam
2724 1862 2739 1886 ,
2766 1818 2880 1873 noli
2914 1819 3051 1873 tuba
3091 1833 3291 1873 canere
3316 1822 3446 1874 ante
3472 1822 3548 1887 te,

1930 1916 2072 1969 sicut
2092 1914 2399 1985 hypocrita
2436 1913 2651 1968 faciunt
2686 1913 2747 1967 in
2780 1912 3083 1983 synagogis
3115 1915 3171 1966 et
3197 1911 3257 1966 in
3296 1911 3452 1979 vicis,
3486 1914 3552 1965 ut

1931 2008 2370 2063 honoriﬁcentur
2394 2007 2464 2060 ab
2489 2006 2836 2062 hominibus.
2865 2008 3045 2059 Amen
3074 2004 3197 2059 dico
3238 2004 3414 2070 vobis,
3454 2021 3548 2061 re-

1929 2104 2202 2173 ceperunt
2236 2101 2557 2155 mercedem
2603 2115 2783 2154 suam.
2809 2100 2881 2153 Te
2915 2102 3107 2153 autem
3137 2098 3374 2153 faciente
3403 2098 3550 2152 elee-

1929 2210 2241 2265 mosynam,
2284 2192 2497 2249 nesciat
2541 2192 2768 2247 sinistra
2807 2196 2907 2247 tua
2953 2191 3090 2261 quid
3124 2190 3289 2245 faciat
3323 2190 3553 2245 dextera

1928 2293 2047 2355 tua,
2081 2292 2142 2342 ut
2165 2287 2237 2341 sit
2279 2287 2636 2357 eleemosyna
2683 2290 2782 2340 tua
2821 2285 2882 2339 in
2927 2283 3274 2352 abscondito,
3308 2286 3365 2338 et
3391 2285 3554 2339 Pater

1929 2385 2060 2435 tuus
2102 2380 2202 2451 qui
2246 2379 2396 2435 videt
2441 2379 2501 2434 in
2539 2378 2881 2446 abscondito,
2921 2378 3119 2433 reddet
3158 2376 3280 2431 tibi.
3329 2378 3396 2431 Et
3421 2392 3552 2432 cum

1929 2474 2119 2540 oratis,
2145 2488 2260 2528 non
2287 2472 2443 2527 eritis
2465 2472 2607 2526 sicut
2630 2471 2960 2543 hypocrita,
3000 2470 3101 2542 qui
3126 2473 3316 2524 amant
3356 2470 3418 2524 in
3454 2486 3549 2540 sy-

1928 2566 2164 2638 nagogis
2204 2570 2262 2621 et
2302 2565 2361 2620 in
2400 2563 2623 2636 angulis
2669 2564 2985 2635 platearum
3028 2566 3236 2618 stantes
3275 2578 3457 2629 orare,
3484 2566 3551 2618 ut

1927 2665 2224 2719 videantur
2249 2664 2319 2718 ab
2349 2663 2698 2718 hominibus.
2726 2665 2904 2717 Amen
2944 2661 3069 2716 dico
3111 2660 3288 2729 vobis,
3316 2675 3545 2731 recepe-

1927 2762 2062 2813 runt
2087 2757 2406 2813 mercedem
2431 2772 2609 2811 suam.
2631 2757 2713 2811 Tu
2731 2760 2921 2810 autem
2944 2770 3075 2810 cum
3095 2753 3297 2823 orabis,
3317 2753 3466 2807 intra
3487 2752 3550 2808 in

1928 2851 2249 2905 cubiculum
2294 2855 2477 2919 tuum,
2514 2854 2570 2903 et
2610 2850 2797 2904 clauso
2837 2848 2976 2903 ostio
3015 2853 3135 2917 tuo,
3185 2863 3283 2902 ora
3326 2848 3549 2901 Patrem

1926 2950 2091 3000 tuum
2118 2944 2177 2998 in
2215 2943 2571 3012 abscondito;
2602 2946 2658 2997 et
2684 2945 2846 2999 Pater
2867 2946 2999 2997 tuus
3026 2941 3125 3013 qui
3149 2941 3301 2995 videt
3327 2940 3387 2993 in
3418 2939 3546 2993 abs-

1926 3038 2169 3106 condito,
2199 3037 2396 3093 reddet
2422 3035 2546 3091 tibi.
2590 3037 2823 3091 Orantes
2850 3039 3041 3091 autem
3083 3034 3254 3090 nolite
3300 3032 3548 3088 multum

1926 3130 2081 3202 loqui
2104 3129 2248 3184 sicut
2270 3130 2483 3200 hynici,
2524 3132 2728 3201 putant
2751 3128 2905 3183 enim
2928 3120 3084 3199 quod
3104 3128 3166 3182 in
3187 3125 3547 3197 multiloquio

1926 3240 2026 3278 suo
2077 3223 2469 3279 exaudiantur.
2521 3223 2701 3278 Nolite
2752 3239 2888 3293 ergo
2930 3220 3237 3279 adsimilari
3287 3220 3385 3275 eis.
3437 3218 3548 3275 Scit

1926 3317 2077 3371 enim
2108 3319 2270 3371 Pater
2295 3319 2480 3371 vester
2520 3316 2727 3388 quibus
2752 3332 2893 3387 opus
2931 3315 3003 3370 sit
3026 3314 3183 3369 vobis
3201 3356 3215 3383 ,
3243 3298 3546 3385 antequam

1923 3410 2125 3481 petatis
2155 3424 2307 3465 eum.

2526 3495 2717 3534 INCIPIT
2756 3495 2927 3534 HISSA.

1994 3570 2359 3641 Omnipotens
2383 3571 2594 3623 aterne
2614 3568 2780 3635 Deus,
2807 3572 2874 3623 ut
2901 3567 3412 3640 quadraginsimale
3438 3566 3545 3621 hoc

1914 3664 2199 3734 jejunium
2232 3666 2289 3718 et
2324 3660 2771 3732 competentibus
2798 3660 3126 3716 inchoemus
3159 3659 3459 3731 obsequiis,
3489 3664 3545 3716 et

1920 3756 2023 3811 tibi
2062 3755 2277 3826 placitis
2317 3754 2601 3810 effectibus
2626 3753 2972 3808 celebremus
2992 3795 3006 3822 ,
3038 3752 3280 3808 humani
3318 3752 3542 3824 generis

1918 3848 2188 3905 Conditor
2212 3853 2268 3903 et
2286 3848 2628 3919 Redemptor
2645 3846 2855 3918 largire
2871 3845 3167 3919 propitius,
3182 3850 3239 3901 et
3256 3844 3544 3901 continen-

1918 3943 2056 3998 tiam
2079 3946 2286 3997 nostra
2317 3941 2510 3996 salutis
2546 3940 2866 3995 misericors
2889 3940 3171 3996 exaudias.
3198 3941 3323 3996 Per.

1988 4123 2017 4159 c
2046 4103 2192 4156 Deus
2219 4099 2588 4169 abstinentia,
2615 4028 3149 4169 ἰξὲἐιιξῖὲἒίίωοηὶεε,
3177 4099 3277 4170 qui
3301 4098 3542 4153 libenter

1910 4194 2298 4265 jejunantium
2321 4193 2639 4249 humilitate
2662 4192 2919 4265 placaris,
2952 4197 3007 4247 et
3031 4191 3457 4249 humiliantium
3482 4208 3541 4246 se

1917 4287 2175 4360 precibus
2200 4287 2482 4359 benignus
2504 4286 2835 4355 inﬂecteris;
2866 4286 3065 4341 exaudi
3102 4302 3296 4356 preces
3323 4290 3540 4340 nostras

1918 4379 1977 4434 in
2000 4379 2105 4435 hac
2129 4380 2402 4435 hodierna
2425 4380 2537 4447 die,
2559 4396 2671 4452 quo
2684 4378 3197 4451 quadraginsimale
3209 4378 3540 4432 inchoamus

1909 4472 2225 4543 jejunium;
2253 4476 2309 4528 et
2335 4472 2681 4529 diversarum
2719 4471 3128 4538 turbationum,
3158 4470 3364 4541 quibus
3403 4486 3536 4539 gra-

1917 4564 2124 4634 dimur,
2156 4569 2485 4637 tempestate
2533 4565 2779 4619 discussa
2802 4606 2817 4630 ,
2856 4562 3262 4618 continentiam
3306 4561 3467 4617 nobis
3505 4578 3539 4615 a

1917 4657 2062 4713 vitiis
2088 4662 2203 4713 tua
2228 4657 2589 4730 benignitatis
2608 4656 2863 4711 infimde.

2533 4746 2659 4795 Post
2684 4744 2917 4795 nomina.

1984 4818 2308 4874 Unianimes
2347 4820 2517 4890 atque
2558 4817 2859 4872 concordes
2885 4814 3186 4871 Dominum
3228 4815 3404 4870 Deum
3429 4830 3534 4869 no-

1916 4916 2116 4981 strum,
2159 4911 2359 4967 fratres
2402 4910 2696 4981 carissimi,
2724 4910 3111 4981 deprecemur,
3150 4911 3217 4962 ut
3248 4905 3536 4978 jejunium

1916 5012 2172 5063 nostrum
2200 5007 2272 5063 sit
2292 5008 2547 5063 remissio
2561 5011 2937 5078 peccatorum,
2951 5008 3008 5060 et
3029 5004 3177 5060 dono
3204 5002 3396 5075 gratiae
3419 5019 3535 5060 sua

1914 5101 2343 5173 castigationem
2383 5115 2684 5172 corporum
2716 5098 3000 5171 profectus
3022 5095 3302 5152 mentium
3336 5111 3533 5153 conse-

1913 5199 2179 5268 quantur.
2206 5195 2332 5249 Per.

2568 5260 2646 5312 Ad
2675 5273 2876 5324 pacem.

1981 5334 2202 5407 Jejunia
2224 5337 2439 5404 nostra,
2468 5348 2815 5407 quaesumus,
2840 5331 3096 5401 Domine,
3122 5337 3188 5390 ut
3224 5347 3327 5389 nos
3350 5350 3385 5390 a
3418 5349 3536 5392 rea-

1952 5480 2115 5553 rima,
2145 5484 2248 5553 aut
2272 5480 2362 5536 die
2381 5481 2657 5553 sequenti,
2679 5485 2745 5537 ut
2761 5480 3366 5553 conjicirnus.Necdum
3380 5479 3535 5535 enim

1952 5498 2115 5549 rima,
2145 5498 2244 5535 aut
2272 5498 2362 5536 me
2381 5498 2657 5553 sequenti,
2679 5498 2745 5537 ut
2761 5498 3366 5553 CODJICMIISJVOCGIIm
3380 5498 3423 5535 e1

1902 5498 2352 5622 Buadragesima
2374 5556 2511 5606 tunc
2536 5552 2840 5622 incipiebat
2859 5569 2893 5607 a
2913 5552 3056 5608 feria
3078 5554 3111 5607 4
3135 5551 3423 5622 Cinerum.

2056 5619 2263 5676 Eadem
2290 5622 2457 5678 lectio
2501 5622 2592 5677 hic
2618 5619 2677 5677 in
2714 5622 3043 5678 Luxoviensi
3072 5621 3443 5687 Lectionario,
3470 5619 3531 5673 in

1911 5706 2027 5770 quo
2049 5690 2318 5748 deﬁciunt
2341 5708 2405 5749 ea
2427 5708 2556 5765 quae
2576 5694 2863 5765 pertinent
2878 5694 2949 5749 ad
2973 5696 3269 5768 sequentes
3288 5689 3530 5754 Quadra-

1912 5775 2142 5816 Remma
2169 5762 2306 5816 dies.

1912 5775 2142 5830 gemma
2169 5775 2306 5817 dies.

1980 5843 2009 5879 c
2048 5831 2256 5886 Eadem
2285 5834 2549 5890 Collectio
2586 5833 2646 5890 in
2688 5834 2891 5890 Missali
2932 5832 3181 5899 Gothico,
3221 5827 3526 5893 eademque

1903 5902 1975 5959 μὶ
1999 5899 2145 5960 infra
2169 5902 2508 5963 Contestatio
2522 5922 2542 5976 ς
2569 5905 2799 5975 ibidem,
2830 5918 2973 5975 page
3000 5904 3129 5959 220.
