3970 6402
161 354 257 412 481

286 462 470 514 Lectio
498 465 669 516 sancti
692 467 961 532 Evangelii
988 471 1277 522 secundum
1302 473 1596 524 Mattbaeum
1616 475 1660 523 ⁸.

224 542 423 599 Simile
452 550 542 601 est
567 563 815 619 regnum
841 550 1106 606 caelorum
1130 553 1350 609 homini
1384 556 1791 627 patrifamilias,

156 634 249 707 qui
278 636 418 692 exiit
444 639 636 709 primo
663 657 831 696 mane
854 644 1166 701 conducere
1182 648 1465 717 operarios
1491 650 1550 703 in
1574 650 1796 705 vineam

156 746 331 784 suam.
362 732 757 788 Conventione
777 740 968 790 autem
985 737 1129 792 facta
1154 756 1283 794 cum
1309 743 1579 812 operariis
1610 759 1677 797 ex
1707 743 1797 797 de-

154 822 307 875 nario
337 822 579 892 diurno,
611 827 764 882 misit.
788 844 884 883 eos
903 830 965 884 in
990 831 1212 887 vineam
1239 849 1419 890 suam.
1450 837 1515 889 Et
1539 851 1796 907 egressus

154 914 294 968 circa
321 915 535 971 horam
566 919 809 991 tertiam,
841 922 983 977 vidit
1006 924 1140 978 alios
1168 928 1377 981 stantes
1414 927 1474 981 in
1499 929 1622 983 foro
1651 928 1792 983 otio-

154 1024 256 1073 sos,
287 1012 345 1062 et
383 1009 497 1063 illis
540 1011 686 1066 dixit
721 1030 735 1066 :
770 1015 847 1069 [te
893 1019 950 1070 et
994 1033 1089 1070 vos
1126 1018 1185 1071 in
1220 1019 1444 1075 vineam
1479 1038 1689 1091 meam,
1740 1027 1796 1076 et

155 1100 300 1171 quod
324 1102 560 1172 justum
588 1105 762 1160 fuerit
791 1107 937 1162 dabo
964 1110 1141 1165 vobis.
1171 1111 1260 1166 illi
1287 1118 1478 1168 autem
1511 1115 1790 1170 abierunt.

154 1193 359 1249 lterum
385 1196 531 1251 exiit
552 1197 702 1253 circa
731 1206 947 1256 sextam
976 1208 1031 1257 et
1072 1220 1282 1259 nonam
1315 1206 1534 1275 horam,
1567 1212 1623 1262 et
1665 1208 1796 1262 fecit

154 1286 424 1343 similiter.
465 1290 630 1346 Circa
680 1293 1037 1349 undecimam
1077 1313 1209 1351 vero
1263 1300 1416 1369 exiit,
1475 1305 1531 1356 et
1579 1301 1795 1356 invenit

151 1379 282 1434 alios
310 1386 551 1451 stantes,
585 1389 641 1439 et
667 1385 801 1441 dicit
824 1386 977 1443 illis:
1022 1389 1167 1469 Quid
1207 1391 1298 1446 hic
1337 1394 1491 1447 statis
1544 1398 1660 1449 tota
1702 1395 1793 1449 die

152 1473 355 1528 otiosi?
385 1475 605 1530 Dicunt
631 1478 704 1547 ei,
734 1479 870 1549 quia
889 1497 1057 1536 nemo
1097 1500 1202 1538 nos
1236 1486 1522 1542 conduxit.
1556 1487 1696 1542 Dicit
1724 1486 1789 1541 il-

151 1565 213 1619 lis
242 1583 255 1620 :
287 1569 368 1621 Ite
395 1573 455 1622 et
481 1586 585 1623 vos
614 1570 674 1624 in
704 1571 945 1629 vineam.
989 1576 1129 1631 Cum
1175 1593 1300 1632 sero
1345 1584 1535 1634 autem
1581 1580 1793 1635 factum

152 1663 306 1730 esset,
346 1660 488 1716 dicit
538 1663 806 1719 dominus
835 1666 1011 1722 vineae
1053 1672 1404 1739 procuratori
1453 1689 1555 1727 suo
1603 1689 1617 1727 :
1651 1675 1793 1728 Voca

151 1754 452 1824 operarios,
484 1759 545 1809 et
572 1757 745 1812 redde
788 1758 898 1813 illis
931 1763 1271 1833 mercedem,
1309 1764 1582 1836 incipiens
1624 1782 1657 1819 a
1696 1782 1793 1821 no-

150 1844 382 1901 vissimis
414 1864 602 1919 usque
641 1850 711 1905 ad
749 1852 981 1922 primos.
1022 1858 1164 1909 Cum
1207 1858 1490 1913 venissent
1531 1875 1666 1930 ergo
1692 1855 1865 1931 quiB

152 1939 287 1993 circa
312 1940 687 1997 undecimam
718 1944 917 1999 horam
964 1955 1252 2019 venerant,
1297 1957 1632 2022 acceperunt
1670 1953 1786 2006 sin-

152 2031 305 2104 gulos
329 2033 622 2091 denarios.
658 2037 952 2093 Venientes
979 2045 1169 2096 autem
1208 2047 1264 2097 et
1298 2043 1490 2114 primi,
1535 2045 1789 2099 arbitrati

150 2130 275 2180 sunt
299 2128 456 2198 quod
484 2129 621 2200 plus
646 2135 832 2185 essent
855 2135 1172 2205 accepturi;
1221 2142 1559 2207 acceperunt
1600 2142 1788 2192 autem

150 2222 201 2273 et
222 2219 326 2291 ipsi
361 2220 627 2293 singulos
654 2223 933 2281 donarios.
981 2228 1048 2281 Et
1091 2227 1421 2299 accipientes
1461 2247 1784 2286 murmura-

148 2311 278 2366 bant
317 2314 594 2370 adversus
630 2318 1114 2387 patremfamilias,
1157 2321 1434 2377 dicentes:
1482 2324 1569 2378 Hii
1607 2324 1788 2378 novis-

148 2404 268 2460 simi
292 2422 405 2461 una
430 2407 581 2461 hora
598 2399 874 2479 fecerunt,
911 2417 967 2466 et
1008 2429 1170 2483 pares
1214 2415 1380 2469 nobis
1418 2416 1542 2471 illos
1580 2416 1783 2486 fecisti,

149 2499 241 2569 qui
266 2500 625 2569 portavimus
650 2503 872 2572 pondus
891 2504 1002 2558 diei
1029 2510 1086 2559 et
1112 2511 1301 2562 aestus.
1330 2511 1399 2561 At
1428 2508 1522 2563 ille
1560 2524 1787 2579 respon—
1858 2556 1869 2561 -

150 2590 278 2646 dens
302 2594 403 2648 uni
434 2610 643 2648 eorum
670 2595 815 2650 dixit
843 2614 856 2650 :
890 2597 1100 2668 Amice,
1151 2616 1266 2654 non
1308 2600 1448 2655 facio
1489 2602 1589 2656 tibi
1633 2602 1784 2672 inju-

146 2684 305 2741 riam.
346 2688 554 2742 Nonne
600 2705 671 2743 ex
712 2689 942 2743 denario
976 2693 1283 2747 convenisti
1322 2710 1547 2749 mecum
1570 2696 1598 2749 Ἰ
1634 2695 1785 2750 Tolle

148 2778 295 2849 quod
320 2784 489 2835 tuum
516 2785 625 2848 est,
648 2785 705 2836 et
733 2782 890 2837 vade.
921 2783 1057 2837 Volo
1098 2788 1289 2840 autem
1332 2792 1388 2841 et
1428 2787 1561 2842 huic
1595 2788 1782 2841 novis-

151 2871 283 2926 simo
302 2873 438 2928 dare
461 2874 616 2928 sicut
642 2878 700 2929 et
725 2875 848 2929 tibi.
870 2878 981 2931 Aut
1004 2893 1119 2931 non
1143 2878 1273 2933 licet
1294 2879 1436 2933 mihi
1473 2881 1624 2951 quod
1663 2883 1784 2935 volo

150 2963 321 3021 facere
339 2968 367 3021 ?
389 2970 478 3021 An
509 2968 712 3022 oculus
737 2972 868 3023 tuus
894 2986 1145 3041 nequam
1173 2977 1274 3042 est,
1301 2974 1435 3043 quia
1466 2989 1571 3044 ego
1600 2975 1783 3029 honus

150 3060 306 3113 sum?
333 3060 421 3115 Sic
449 3066 626 3116 erunt
652 3062 941 3118 novissimi
968 3064 1157 3135 primi,
1188 3070 1244 3120 et
1270 3066 1441 3136 primi
1472 3067 1781 3122 novissimi.

147 3150 293 3207 Multi
318 3153 476 3209 enim
502 3160 641 3210 sunt
664 3156 862 3225 vocati,
892 3158 1057 3227 pauci
1083 3174 1214 3213 vero
1236 3159 1425 3213 electi.

761 3270 960 3309 INCIPIT
999 3271 1177 3311 MISSA.

212 3345 485 3399 Memores
538 3345 848 3401 caelestium
886 3352 1320 3420 praeceptorum,
1371 3351 1570 3406 fratres
1611 3350 1779 3405 caris-

146 3436 288 3507 simi,
318 3443 559 3510 peccata
584 3444 778 3493 nostra
814 3456 1007 3494 coram
1048 3442 1286 3496 Domino
1324 3442 1651 3511 deﬂeamus,
1692 3459 1779 3498 se-

146 3536 326 3586 rentes
351 3532 414 3587 in
439 3533 731 3603 lacrymis,
760 3536 911 3604 quod
944 3540 1223 3589 metamus
1247 3536 1307 3590 in
1332 3537 1570 3607 gaudiis.
1598 3537 1784 3592 Simus

144 3623 201 3678 in
224 3626 480 3680 oratione
507 3625 754 3695 adsidui,
781 3626 840 3680 in
862 3626 940 3697 jej
952 3628 1097 3683 uniis
1121 3630 1390 3701 prompti,
1429 3630 1489 3684 in
1536 3630 1779 3685 eleemo-

146 3718 291 3788 synis
327 3720 569 3788 hilares,
601 3722 663 3773 ut
687 3718 983 3790 promissae
1006 3722 1391 3777 retributionis
1419 3723 1658 3794 gloriam
1683 3724 1779 3778 de-

144 3816 264 3866 vota
288 3812 401 3868 fide
430 3818 492 3868 et
516 3812 713 3867 futura
732 3815 1058 3885 Operatione
1077 3831 1420 3871 mereamur.

910 3907 1105 3957 llectio.

910 3907 1105 3957 llectio.

208 3976 453 4059 Tempus
509 3977 623 4032 hoc
668 3907 1129 4049 sacraggsimum,
1177 3980 1377 4035 fratres
1411 3980 1778 4050 dilectissimi,

146 4068 466 4126 vehementi
492 4071 791 4126 devotione
819 4089 883 4127 ac
908 4073 1280 4128 sollicitudine
1318 4074 1680 4144 celebremus,
1722 4075 1783 4130 in

145 4179 252 4234 quo
281 4165 563 4220 Dominus
591 4170 785 4220 noster
797 4166 1170 4238 quadraginta
1184 4167 1512 4245 dierum‘vel
1534 4168 1783 4224 noctium

145 4271 368 4312 cursum
395 4259 616 4331 absque
653 4260 767 4314 ullo
807 4261 927 4331 ejus
967 4261 1262 4330 juvamine
1304 4262 1406 4316 sub
1448 4262 1782 4317 indumento

145 4352 387 4422 corporis
416 4352 726 4424 jejunavit.
760 4354 899 4408 Nam
937 4354 1080 4409 sicut
1119 4355 1333 4425 reliquo
1358 4356 1487 4409 anni
1528 4361 1782 4427 tempore

137 4442 394 4513 jejunare
414 4446 729 4517 praemium
751 4451 834 4501 est
856 4464 869 4501 :
896 4447 972 4501 ita
992 4447 1050 4502 in
1070 4447 1157 4520 his
1179 4447 1374 4503 diebus
1394 4466 1506 4503 non
1520 4450 1780 4520 jejunare

149 4543 440 4607 peccatum
469 4545 557 4594 est
593 4541 641 4595 δ.
691 4540 787 4595 Illa
832 4541 985 4595 enim
1020 4518 1333 4596 voldntaria
1375 4547 1506 4597 sunt
1526 4518 1777 4614 Vjejunia,

148 4629 248 4684 ista
270 4633 623 4704 necessaria;
657 4633 754 4688 illa
776 4634 844 4689 de
872 4634 1125 4705 arbitrio,
1154 4635 1261 4690 ista
1277 4635 1511 4691 veniunt
1530 4636 1598 4690 de
1618 4653 1780 4690 man-

149 4722 310 4795 dato;
340 4727 414 4781 ad
441 4726 543 4781 illa
566 4727 812 4799 denique
852 4728 1179 4796 invitamur,
1226 4729 1297 4783 ad
1345 4729 1450 4783 ista
1494 4730 1784 4800 compelli-

147 4832 292 4873 mur.
323 4821 637 4875 Precemur
664 4837 802 4892 ergo
833 4822 1158 4891 Dominum,
1180 4825 1246 4877 ut
1268 4822 1431 4877 nobis
1457 4822 1671 4877 tribuat
1695 4840 1781 4878 re-

148 4910 481 4969 missionem
508 4914 923 4985 peccaminum.
954 4917 1078 4971 Per.

784 5004 903 5053 Post
931 5003 1159 5053 nomina.

218 5070 512 5129 Efﬁciatur
538 5073 662 5129 haec
687 5074 891 5143 hostia,
916 5076 1174 5143 Domine,
1205 5092 1549 5148 quaesumus,
1573 5073 1788 5129 sollem-

150 5162 311 5219 nibus
332 5172 500 5237 grata
513 5166 787 5238 jejuniis;
818 5174 874 5223 et
897 5173 959 5224 ut
984 5168 1087 5224 tibi
1116 5168 1216 5224 ﬁat
1258 5169 1554 5241 acceptior,
1587 5167 1784 5240 puriﬁ-

152 5259 283 5313 catis
304 5261 598 5315 mentibus
623 5261 967 5318 immoletur.

215 5384 239 5465 ξ
267 5386 782 5469 ῌοοήΕνξωεριίᾳω
811 5388 1102 5469 in_Qrdine
1129 5391 1382 5469 Romano
1407 5388 1633 5469 legitur
1676 5389 1786 5469 Do-

152 5455 355 5531 minica
372 5455 842 5528 Septuagesimaz.
879 5459 1031 5514 Idem
1056 5461 1246 5531 ipsum
1288 5455 1648 5531 inAfricana
1682 5460 1785 5513 Ec-

153 5526 309 5607 clesia
336 5526 552 5582 lectum
579 5526 664 5581 est
688 5534 943 5607 tempore
978 5526 1298 5607 vindemia,
1326 5530 1546 5607 vivente
1575 5536 1789 5607 augus-

151 5596 286 5671 tino,
300 5614 371 5671 ex
392 5614 660 5671 sermone
679 5601 747 5652 ad
770 5596 1041 5671 pbpulum
1059 5596 1414 5671 87.1temque
1435 5602 1556 5671 ipso
1577 5596 1792 5654 die'Na-

152 5668 272 5722 talis
300 5669 555 5737 Domini,
588 5684 659 5722 ex
689 5668 948 5727 sermone
981 5673 1067 5727 49.
1102 5673 1208 5727 Sed
1249 5668 1343 5726 ha?
1369 5668 1653 5725 Lectiones
1674 5687 1790 5725 non

149 5744 306 5794 erant
332 5741 623 5815 solemnes
638 5754 752 5815 pro
776 5743 944 5815 sacris
968 5743 1268 5815 mysteriis,
1312 5742 1672 5815 scdutantum
1718 5742 1792 5796 ad

150 5811 420 5888 sermonis
438 5809 750 5888 materiam
774 5827 788 5868 :
816 5813 887 5870 ad
911 5809 1085 5888 quain
1104 5809 1684 5888 continualibrorum
1703 5829 1793 5888 sa-

149 5896 371 5947 crorum
388 5882 561 5941 lectio
584 5880 775 5950 ﬂebat,
794 5888 857 5941 ut
874 5880 1031 5959 patet
1052 5902 1121 5943 ex
1141 5884 1497 5943 sermonibus
1519 5885 1640 5953 152,
1667 5883 1789 5956 154,

664 359 1272 420 SACRAMENTARIUM
1310 363 1754 423 GALLICANUM.
1797 390 1865 409 -ι
1903 366 2267 426 LECTIONES
2302 369 2390 427 DE
2425 368 2734 429 ADVENTU
2769 372 3021 431 DOMINI.

3428 372 3533 435 482

2550 480 2625 531 Ad
2653 494 2857 545 pacem.

1968 573 1989 601 ε
2022 563 2261 632 Accepta
2307 561 2409 616 tibi
2454 562 2585 630 sint,
2640 563 2895 634 Domine,
2946 576 3294 636 qumsumus,
3349 568 3529 622 nostri

1895 652 2041 707 dona
2060 654 2286 724 jejunii,
2309 671 2435 725 quae
2464 655 2743 727 expiando
2785 673 2887 711 nos
2924 661 3037 711 tua:
3082 660 3276 729 gratia:
3324 658 3527 730 dignos

1895 745 2140 801 efficiant
2166 752 2221 802 et
2245 748 2316 802 ad
2342 748 2684 820 sempiterna
2710 751 2984 821 promissa
3010 751 3339 823 perducant.

2538 838 2870 888 Contestatio.

1967 916 2102 969 Vere
2147 915 2385 987 dignum
2431 920 2487 971 et
2521 917 2741 988 justum
2791 924 2894 989 est,
2948 919 3306 991 omnipotens
3355 922 3523 990 Deus,

1895 1007 2221 1077 suppliciter
2262 1026 2510 1079 exorare,
2553 1014 2616 1064 ut
2668 1027 2799 1066 cum
2855 1012 3193 1068 abstinentia
3254 1015 3528 1086 corporali

1892 1116 2053 1154 mens
2077 1117 2300 1172 quoque
2319 1107 2508 1158 nostra
2534 1119 2724 1158 sensus
2744 1105 2987 1160 declinet
3007 1106 3285 1176 inlicitos;
3320 1110 3377 1161 et
3396 1124 3524 1179 quas

1893 1186 2133 1249 terrenae
2153 1194 2428 1250 felicitatis
2449 1198 2764 1252 carnalibus
2791 1199 2972 1270 epulis
3015 1198 3382 1271 abnegamus,
3410 1200 3521 1255 hu-

1892 1302 2077 1341 mana:
2120 1288 2422 1359 voluntatis
2464 1291 2649 1360 pravis
2687 1291 3095 1347 intentionibus
3136 1297 3523 1365 amputemus,

1890 1380 1969 1434 ud
1986 1380 2056 1434 ad
2090 1381 2285 1436 Sancta
2310 1384 2634 1437 sanctorum
2652 1384 2679 1425 ἀ
2716 1383 2843 1457 [pie]
2870 1385 3223 1457 ﬁdeliterque
3249 1386 3522 1457 capienda

1892 1475 2210 1545 conpetenti
2229 1475 2447 1545 jejunio
2485 1474 2813 1549 [pervenire]
2863 1478 3165 1534 valeamus.
3214 1481 3320 1534 Per
3366 1478 3522 1534 Chri-

1892 1569 2041 1621 stum
2065 1567 2369 1623 Dominum
2392 1573 2668 1625 nostrum.
2848 1552 2857 1561 ’

2417 1688 2542 1727 ITEM
2582 1688 2740 1728 MISSA
2778 1689 2973 1729 JEJUNII
2982 1716 2995 1729 .

2188 1749 2417 1813 Epistola
2442 1751 2584 1800 Pauli
2608 1753 2827 1815 apostoli
2846 1753 2911 1801 ad
2935 1755 3211 1804 Romanos.

1961 1828 2197 1896 Fratres,
2244 1831 2493 1886 odientes
2537 1832 2704 1900 mala,
2752 1833 3105 1889 adhaerentes
3148 1835 3316 1905 bono,
3376 1834 3517 1890 cari-

1887 1925 2000 1976 tate
2057 1922 2419 1979 fraternitatis
2474 1924 2714 1979 invicem
2770 1926 3086 1997 diligentes,
3151 1928 3365 1983 honore
3427 1929 3518 1984 in-

1887 2014 2065 2069 vicem
2105 2016 2545 2088 praevenientes,
2593 2018 2967 2073 sollicitudine
3012 2036 3131 2075 non
3173 2021 3354 2091 pigri,
3403 2021 3519 2093 spi-

1887 2107 2000 2162 ritu
2027 2107 2325 2179 ferventes,
2356 2109 2593 2164 Domino
2614 2111 2936 2182 servientes,
2965 2128 3060 2183 spe
3098 2114 3429 2184 gaudentes,
3458 2114 3518 2169 in

1885 2200 2242 2256 tribulatione
2286 2203 2577 2273 patientes,
2630 2204 2868 2259 orationi
2905 2204 3194 2273 instantes,
3233 2205 3520 2261 memoriis

1886 2298 2209 2349 sanctorum
2236 2296 2735 2367 communicantes,
2758 2297 3199 2369 hospitalitatem
3221 2302 3516 2355 sectantes.

1887 2387 2223 2456 Benedicite,
2249 2392 2304 2443 et
2335 2388 2505 2443 nolite
2541 2389 2874 2445 maledicere
2908 2407 2922 2445 :
2953 2391 3198 2462 gaudere
3227 2408 3356 2447 cum
3378 2407 3518 2464 gau-

1886 2479 2165 2549 dentibus,
2198 2480 2333 2535 ﬂere
2359 2497 2488 2535 cum
2513 2480 2810 2551 ﬂentibus;
2840 2483 2898 2538 id
2923 2484 3108 2555 ipsum
3128 2484 3369 2540 invicem
3395 2500 3520 2539 sen-

1882 2571 2103 2641 tientes,
2134 2590 2251 2627 non
2292 2574 2403 2627 alta
2446 2574 2744 2645 sapientes,
2790 2576 2887 2631 sed
2927 2577 3236 2633 humilibus
3274 2594 3513 2633 consen-

1883 2664 2084 2720 tientes
2114 2664 2174 2720 in
2203 2665 2445 2720 Christo.

2106 2757 2281 2808 Lectio
2316 2758 2480 2809 sancti
2511 2759 2759 2823 Evangeli
2790 2761 3078 2812 secundum
3112 2764 3319 2813 Lucam.

1954 2837 2161 2893 Diebus
2185 2838 2317 2905 illis,
2349 2838 2567 2895 dicebat
2592 2840 2862 2895 Dominus
2887 2843 3043 2897 Iesus
3082 2843 3406 2914 parabolam
3445 2840 3513 2898 ad

1883 2930 2181 3002 discipulos
2221 2948 2369 3001 suos,
2398 2933 2667 3004 quoniam
2712 2938 2933 3005 oportet
2974 2952 3198 3007 semper
3241 2953 3419 3004 orare,
3462 2943 3519 2991 et

1880 3039 1995 3078 non
2022 3024 2281 3094 deficere,
2314 3024 2503 3079 dicens
2531 3042 2543 3079 :
2576 3025 2750 3081 Judex
2777 3028 3008 3098 quidam
3034 3034 3154 3083 erat
3180 3029 3241 3083 in
3264 3028 3514 3101 quadam

1882 3116 2124 3185 civitate,
2155 3116 2253 3187 qui
2280 3117 2458 3171 Deum
2484 3134 2598 3173 non
2626 3118 2877 3187 timebat,
2904 3125 2959 3175 et
2978 3121 3268 3176 hominem
3296 3137 3413 3175 non
3434 3137 3520 3175 re-

1806 3225 1858 3298 ρ
1883 3209 2199 3264 verebatur.
2231 3210 2405 3265 Vidua
2424 3215 2613 3265 autem
2639 3213 2899 3283 quiedam
2923 3217 3044 3267 erat
3071 3214 3129 3268 in
3155 3214 3373 3269 civitate
3399 3213 3514 3284 illa,

1881 3306 1937 3352 et
1960 3298 2215 3353 veniebat
2241 3298 2312 3353 ad
2342 3314 2493 3368 eum,
2525 3299 2717 3355 dicens
2742 3300 3003 3355 :Vindica
3027 3317 3117 3356 me
3154 3302 3223 3357 de
3252 3302 3511 3357 adversa-

1880 3391 1964 3445 rio
1994 3407 2122 3445 meo
2145 3409 2162 3460 ;
2192 3396 2247 3445 et
2274 3391 2501 3447 nolebat
2528 3409 2631 3463 per
2654 3392 2898 3447 multum
2931 3397 3176 3465 tempus.
3222 3397 3348 3450 Post
3392 3395 3515 3449 haec

1882 3484 2073 3538 autem
2100 3482 2242 3539 dixit
2267 3484 2410 3539 intra
2435 3502 2491 3539 se
2516 3503 2529 3539 :
2561 3487 2626 3540 Et
2652 3486 2698 3539 si
2718 3487 2897 3540 Deum
2926 3504 3042 3541 non
3067 3487 3263 3557 timeo,
3292 3504 3394 3541 nec
3416 3488 3512 3541 ho-

1880 3577 2096 3631 minem
2125 3593 2384 3632 revereor
2402 3595 2419 3647 ;
2450 3582 2639 3633 tamen
2677 3578 2809 3650 quia
2832 3580 3064 3635 molesta
3098 3585 3180 3635 est
3223 3579 3365 3634 mihi
3392 3580 3516 3635 haec

1880 3670 2069 3739 vidua,
2092 3670 2380 3725 vindicabo
2400 3670 2577 3740 illam,
2608 3687 2678 3726 ne
2703 3671 2763 3726 in
2788 3671 3089 3726 novissimo
3132 3672 3382 3742 veniens,
3427 3690 3519 3727 su-

1883 3764 2039 3834 gillet
2056 3779 2167 3818 me.
2192 3761 2285 3817 Ait
2305 3764 2497 3819 autem
2520 3763 2819 3819 Dominus:
2843 3765 3043 3819 Audite
3064 3765 3200 3836 quid
3214 3765 3392 3836 judex
3414 3764 3517 3821 ini-

1882 3856 2109 3928 quitatis
2133 3855 2284 3911 dicit.
2314 3857 2460 3911 Deus
2493 3861 2683 3912 autem
2708 3874 2825 3912 non
2850 3857 3015 3913 faciat
3040 3858 3339 3914 vindictam
3370 3859 3510 3913 elec-

1881 3954 2071 4004 torum
2101 3966 2353 4017 suorum,
2383 3950 2745 4006 clamantium
2769 3951 2839 4006 ad
2886 3968 2944 4006 se
2988 3951 3076 4007 die
3123 3968 3186 4006 ac
3228 3957 3409 4023 nocte,
3461 3954 3518 4007 et

1882 4043 2214 4115 patientiam
2257 4042 2488 4098 habebit
2531 4044 2591 4099 in
2635 4043 2788 4099 illis?
2835 4044 2967 4100 Dico
3012 4044 3184 4115 vobis,
3235 4045 3368 4117 quia
3406 4045 3516 4101 cito

1881 4136 2048 4191 faciet
2067 4136 2372 4192 vindictam
2392 4136 2639 4192 illorum.
2664 4138 3061 4194 Verumtamen
3080 4138 3252 4193 Filius
3272 4138 3517 4194 hominis

1882 4230 2130 4300 veniens,
2157 4235 2321 4301 putas
2348 4230 2595 4286 inveniet
2619 4230 2788 4286 ﬁdem
2816 4232 2877 4287 in
2914 4237 3064 4288 terra
3082 4233 3109 4287 ?
3134 4233 3285 4287 Dixit
3328 4238 3519 4289 autem

1880 4324 1951 4378 ad
1977 4324 2249 4395 quosdam
2272 4323 2541 4379 Dominus
2587 4325 2744 4379 Jesus
2786 4325 2885 4396 qui
2932 4326 2991 4379 in
3036 4342 3093 4381 se
3136 4326 3513 4396 conﬁdebant,

1880 4421 2170 4489 tamquam
2180 4417 2341 4488 justi,
2376 4420 2431 4471 et
2470 4417 2916 4488 aspernabantur
2944 4423 3155 4473 ceteros
3194 4419 3516 4489 parabolam

1880 4510 2075 4564 istam:
2101 4511 2224 4564 Duo
2251 4510 2508 4565 homines
2531 4510 2904 4564 ascenderunt
2924 4510 2983 4564 in
3004 4512 3280 4581 templum
3300 4516 3365 4566 ut
3385 4527 3512 4567 ora-

1800 4592 1861 4663 D
1882 4608 2029 4673 rent,
2060 4620 2207 4658 unus
2230 4602 2566 4669 Pharisazus,
2590 4605 2645 4656 et
2664 4603 2804 4657 alter
2824 4602 3175 4659 Publicanus.
3201 4604 3516 4660 Phariszeus

1886 4703 2037 4751 stans
2061 4696 2181 4750 hzrc
2209 4695 2357 4766 apud
2378 4712 2435 4749 se
2462 4694 2715 4750 dicebat:
2764 4696 2931 4765 Deus,
2984 4695 3191 4767 gratias
3237 4714 3344 4769 ago
3387 4697 3510 4767 tibi,

1885 4790 2017 4863 quia
2040 4807 2154 4844 non
2179 4805 2302 4843 sum
2333 4788 2475 4843 sicut
2494 4787 2663 4843 ceteri
2693 4788 3011 4860 hominum,
3041 4794 3311 4861 raptores,
3333 4790 3513 4861 injus-
3572 4776 3682 4850 L/

1884 4884 1949 4951 ti,
1980 4882 2239 4953 adulteri,
2270 4882 2420 4937 velut
2443 4880 2616 4936 etiam
2656 4882 2748 4937 hic
2786 4882 3140 4937 Publicanus.
3191 4883 3387 4953 Jejuno
3430 4883 3515 4939 bis

1886 4977 1946 5033 in
1986 4977 2235 5046 sabbato,
2282 4975 2523 5031 decimas
2570 4975 2640 5030 do
2687 4975 2942 5030 omnium
2984 4992 3111 5047 quae
3138 4975 3416 5047 possideo.
3448 4979 3515 5033 Et

1885 5071 2220 5126 Publicanus
2246 5086 2279 5123 a
2314 5070 2480 5140 longe
2510 5073 2659 5123 stans
2682 5068 2908 5123 nolebat
2930 5085 3033 5123 nec
3070 5069 3258 5123 oculos
3293 5070 3364 5125 ad
3402 5087 3512 5127 cae-

1885 5165 2007 5219 lum
2047 5164 2256 5232 levate,
2306 5162 2403 5217 sed
2452 5161 2797 5233 percutiebat
2836 5167 3030 5232 pectus
3073 5178 3241 5217 suum
3279 5163 3513 5219 dicens:

1887 5259 2033 5313 Deus
2059 5255 2341 5329 propicius
2370 5259 2487 5310 esto
2531 5254 2670 5309 mihi
2698 5256 2995 5326 peccatori.
3017 5256 3149 5312 Dico
3193 5257 3367 5329 vobis,
3399 5258 3518 5314 des-

1891 5384 2318 5535 “inaniis;
2337 5450 2430 5507 hic
2453 5451 2607 5507 locus
2633 5449 2702 5507 de
2728 5453 3229 5525 praeceptojejunii
3258 5456 3513 5521 Quadra-

1893 5525 2224 5651 gejuizliiiﬁx
2244 5595 2360 5649 fere
2385 5592 2647 5648 Collectio
2676 5592 2734 5647 in
2762 5595 3015 5649 Romano
3046 5595 3185 5651 feria
3230 5598 3261 5652 3
3305 5596 3515 5651 hebdo—

1893 5669 2075 5722 madas
2103 5666 2396 5721 Passionis.

1889 5810 1909 5866 1
1961 5739 1987 5778 ά
2022 5738 2081 5794 Id
2106 5742 2190 5795 est
2220 5734 2633 5794 Eucharistiam
2653 5751 2752 5795 seu
2779 5738 3231 5794 communionem
3273 5734 3509 5789 Pascha~

1913 5825 2023 5866 em.
