3970 6402
420 349 527 415 483

1298 349 1630 410 ΑΡΡΕΝΒΙΧ
1667 351 1758 408 AD
1791 349 2011 408 OPERA
2047 340 2101 403 S.
2141 339 2438 404 GERMANI
2477 336 2906 400 PARISIENSIS.
2961 377 2969 383 -

3698 333 3818 398 484'

423 467 612 524 cendit
633 461 1069 538 hicjustificatus
1094 462 1154 519 in
1181 462 1414 518 domum
1439 479 1602 519 suam
1627 463 1696 518 ab
1743 462 1876 517 illo:
1919 461 2054 533 quia
2075 474 2134 547 Α
2153 461 2333 513 strum
2362 456 2732 527 deprecemur
2764 471 2778 509 :
2809 457 2876 508 ut
2893 447 3182 547 jejunium
3212 451 3477 547 nostrum
3509 440 3588 506 sit
3615 451 3818 524 propi-

424 561 607 617 omnis
635 561 732 634 qui
751 575 808 615 se
835 559 1062 628 exaltat,
1084 556 1515 627 humiliabitur;
1544 560 1601 612 et
1625 556 1725 629 qui
1773 572 1831 610 se
1870 555 2055 612 humi-

429 655 548 722 liat,
571 653 922 710 exaltabitur.
1359 730 1364 734 _

1029 739 1222 779 INCIPIT
1261 737 1437 779 MISSA.

498 824 665 893 Deus,
693 822 786 878 cui
811 821 998 876 omnis
1025 825 1283 876 creatura
1309 837 1413 893 pro
1440 835 1541 875 suo
1570 820 1766 875 ordine
1811 818 2056 875 serviens

422 916 733 972 famulatur
759 914 1028 986 subjecta,
1060 914 1119 968 in
1144 914 1247 968 hac
1265 913 1472 984 jejunii
1510 913 1901 970 humiliatione
1935 927 2058 984 pre-

423 1027 514 1066 ces
537 1015 756 1066 nostras
783 1007 986 1064 exaudi
1011 1006 1316 1078 prOpicius.

1109 1109 1378 1160 Collectio.

490 1196 700 1269 Jejunii
724 1195 1108 1251 incurvatione
1128 1211 1234 1266 pro
1265 1193 1476 1250 nostris
1503 1193 1751 1250 reatibus
1770 1199 1826 1251 et
1843 1195 2058 1251 delictis

423 1291 712 1359 miserere,
737 1305 1082 1362 quaesumus,
1108 1288 1361 1358 Domine,
1385 1295 1442 1343 et
1461 1305 1495 1342 a
1509 1288 1794 1344 continuis
1805 1289 1951 1344 vitiis
1972 1305 2058 1344 oc-

421 1390 668 1457 cupatos,
691 1384 762 1439 ad
791 1383 1024 1438 virtutes
1053 1381 1402 1454 propiciatus
1429 1382 1704 1454 respicere
1731 1383 1984 1453 dignare.

1056 1491 1177 1540 Post
1202 1489 1438 1541 nomina.

491 1575 698 1630 Praesta
727 1574 910 1643 nobis,
940 1572 1256 1628 misericors
1282 1575 1448 1640 Deus,
1481 1576 1548 1628 ut
1593 1588 1834 1628 munera
1867 1577 2059 1628 nostra

420 1683 526 1740 pro
543 1667 620 1738 jej
631 1667 749 1722 unii
773 1666 1210 1722 sanctiﬁcatione
1237 1666 1427 1722 oblata
1445 1665 1682 1738 Spiritus
1707 1671 1930 1721 sanctus
1955 1666 2056 1721 ad-

421 1767 625 1828 sumat,
657 1765 714 1816 et
738 1761 808 1815 ad
839 1765 892 1816 te
916 1765 1030 1814 toto
1073 1760 1238 1815 corde
1287 1760 1591 1815 clamantes
1635 1759 2058 1830 propiciationis

419 1860 534 1910 tua:
563 1852 978 1925 indulgentiam
1000 1869 1430 1925 consequamur.

1079 1953 1157 2004 Ad
1205 1967 1410 2017 pacem.

493 2039 860 2110 Omnipotens
880 2042 936 2092 et
955 2037 1274 2092 misericors
1293 2039 1461 2106 Deus,
1485 2039 1694 2093 exaudi
1713 2054 1908 2110 preces
1919 2037 2064 2110 jeju-

421 2133 683 2188 nantium
709 2131 1178 2199 Christianorum,
1203 2135 1258 2186 et
1277 2131 1682 2187 misericordias
1701 2136 1812 2187 tuae
1833 2148 2060 2198 munus,

425 2227 580 2282 omni
603 2228 851 2282 cessante
878 2224 1278 2295 fraudulentia,
1333 2225 1620 2297 prapicius
1664 2225 1966 2296 impende;
2000 2227 2065 2280 ut

421 2339 526 2396 per
550 2318 1008 2391 conjunctionem
1037 2317 1192 2391 pacis
1217 2334 1413 2374 omnes
1435 2324 1542 2374 ate
1570 2319 2060 2390 comprehensam,

431 2415 641 2472 securis
667 2413 769 2468 tibi
798 2412 1084 2468 mentibus
1110 2411 1437 2468 serviamus.

1074 2514 1408 2564 Contestatio.

491 2601 516 2630 ³
546 2604 685 2658 Vere
713 2600 954 2674 dignum
979 2603 1035 2655 et
1051 2599 1274 2671 justum
1301 2602 1386 2654 est
1408 2604 1464 2654 te
1509 2603 1795 2655 auctorem
1829 2603 1887 2654 et
1931 2615 2058 2654 san-

423 2697 785 2752 ctiﬁcatorem
816 2693 1022 2765 jejunii
1066 2693 1426 2762 conlaudare,
1471 2709 1576 2764 per
1611 2693 1764 2764 quod
1801 2692 2003 2747 liberas
2030 2709 2062 2745 a

419 2795 748 2846 nostrorum
773 2787 974 2843 debitis
1012 2791 1388 2858 peccatorum.
1421 2787 1569 2858 Ergo
1617 2785 1836 2858 suscipe
1879 2786 2062 2840 libens

413 2882 800 2955 jejunantium
835 2897 1050 2952 preces,
1111 2881 1295 2952 adque
1341 2897 1443 2934 nos
1489 2897 1522 2934 a
1577 2880 1744 2934 malis
1799 2879 2062 2934 omnibus

420 2975 760 3048 pr0pitiatus
786 2973 1028 3045 eripias;
1071 2973 1394 3044 iniquitates
1419 2975 1658 3041 nostras,
1687 2972 1890 3044 quibus
1908 2973 2060 3044 juste

421 3067 773 3139 adﬂigimur,
822 3082 1088 3136 rogamus
1122 3063 1343 3120 absolve
1380 3082 1484 3136 per
1535 3065 1820 3120 Christum
1863 3066 2057 3120 Domi-

427 3176 594 3232 num,
625 3165 730 3216 etc.

951 3246 1077 3285 ITEM
1115 3245 1276 3286 MISSA
1310 3247 1530 3287 JEJUNII.

594 3323 828 3388 Epistola
859 3323 1003 3373 Pauli
1035 3323 1253 3387 apostoli
1285 3323 1350 3374 ad
1385 3322 1665 3374 duodecim
1695 3323 1880 3375 tribus.

495 3411 738 3480 Fratres,
767 3410 915 3465 Deus
939 3409 1113 3480 elegit
1137 3425 1412 3481 pauperes
1448 3411 1507 3464 in
1548 3410 1655 3464 hoc
1697 3410 1930 3478 mundo,
1979 3411 2058 3465 di-

421 3505 561 3560 vites
589 3504 650 3559 in
674 3503 805 3574 ﬁde,
834 3506 891 3558 et
914 3503 1150 3558 heredes
1173 3503 1356 3575 regni,
1381 3503 1533 3576 quod
1558 3504 1880 3575 repromisit
1909 3505 2056 3560 Deus

421 3597 786 3671 diligentibus
813 3613 871 3652 se
898 3596 946 3653 ι).

491 3764 493 3767 ι
568 3700 746 3752 Lectio
780 3700 944 3751 sancti
975 3699 1244 3764 Evangelii
1277 3698 1564 3752 secundum
1595 3701 1904 3752 Iohannem.

491 3787 699 3842 Diebus
725 3785 854 3854 illis,
879 3785 1022 3842 dixit
1059 3785 1322 3841 dominus
1363 3787 1522 3842 Jesus
1565 3787 1854 3859 discipulis
1895 3787 2050 3844 suis:

419 3882 620 3950 Amen,
665 3896 833 3935 amen
877 3879 1001 3934 dico
1043 3879 1218 3950 vobis,
1247 3879 1357 3934 nisi
1397 3897 1638 3951 granum
1660 3881 1930 3938 frumenti
1957 3899 2052 3937 ca-

421 3973 558 4029 dens
584 3974 645 4028 in
663 3977 816 4029 terra
842 3977 1135 4028 mortuum
1151 3973 1344 4043 fuerit,
1369 3973 1558 4045 ipsum
1603 3975 1785 4030 solum
1821 3981 2051 4046 manet;

421 4067 470 4120 si
496 4072 688 4122 autem
719 4070 1012 4122 mortuum
1036 4067 1225 4138 fuerit,
1267 4067 1515 4123 multum
1554 4068 1803 4125 fructum
1851 4070 2050 4126 adfert.

421 4158 528 4223 Qui
552 4164 706 4214 amat
728 4159 978 4214 animam
1017 4177 1198 4230 suam,
1244 4161 1430 4234 perdit
1469 4178 1631 4232 eam;
1681 4163 1781 4235 qui
1820 4162 2047 4236 [autem]

421 4253 542 4308 odit
565 4253 816 4307 animam
841 4270 1000 4308 suam
1020 4253 1078 4309 in
1105 4255 1211 4309 hoc
1237 4256 1471 4328 mundo,
1493 4256 1552 4312 in
1583 4257 1756 4313 vitam
1783 4261 2051 4313 aeternam

371 4376 378 4383 ι
421 4347 664 4402 custodit
691 4363 834 4403 eam.
866 4346 924 4402 Si
951 4348 1078 4420 quis
1103 4348 1246 4404 mihi
1274 4349 1695 4420 ministraverit,
1716 4366 1808 4406 me
1851 4367 2052 4424 sequa-

417 4445 549 4510 tur;
581 4446 643 4497 et
663 4442 762 4496 ubi
783 4459 910 4498 sum
937 4459 1062 4515 ego,
1092 4439 1205 4498 illic
1231 4447 1287 4498 et
1322 4443 1583 4498 minister
1619 4461 1780 4500 meus
1822 4445 1950 4502 erit.
1999 4446 2056 4502 Si

419 4535 544 4607 quis
588 4536 730 4592 mihi
772 4537 1199 4605 ministraverit,
1247 4537 1640 4594 honoriﬁcabit
1703 4555 1835 4594 eum
1893 4541 2054 4596 Pater

417 4643 600 4702 meus,
631 4629 728 4703 qui
749 4635 830 4687 est
855 4631 916 4687 in
935 4633 1113 4688 caelis.-

1019 4759 1214 4800 INCIPIT
1253 4761 1430 4800 HISSA.

489 4839 788 4898 Dominum
812 4840 990 4897 Deum
1013 4847 1293 4914 nostrum,
1322 4844 1522 4898 fratres
1541 4845 1836 4916 carissimi,
1861 4845 1920 4900 in
1943 4847 2049 4904 hac

415 4935 594 4991 nostri
639 4933 1036 4991 humiliatione
1066 4935 1272 5008 jejunii
1323 4937 1602 5008 supplices
1646 4938 2056 5012 deprecemur;

415 5032 482 5086 ut
540 5029 976 5098 observantiam,
1031 5046 1204 5103 quam
1270 5031 1635 5102 corporaliter
1693 5033 2047 5102 exhibemus,

415 5122 700 5178 mentibus
726 5123 899 5179 etiam
923 5124 1212 5180 valeamus
1236 5141 1499 5181 exercere
1544 5125 1796 5198 sinceris,
1843 5133 1899 5184 et
1935 5145 2054 5184 cas-

417 5216 614 5287 tigatio
637 5220 960 5271 nostrorum
988 5235 1290 5291 corporum
1307 5219 1584 5292 profectui
1609 5221 1814 5277 militet
1839 5222 2052 5278 anima-

417 5323 570 5364 rum.

1127 5383 1356 5434 Secreta.

487 5462 807 5519 Unianimes
827 5463 1010 5537 adque
1037 5468 1338 5524 concordes
1365 5469 1669 5526 Dominum
1719 5472 1899 5526 Deum
1940 5489 2045 5529 no-

485 5605 510 5684 ξ
537 5607 748 5684 Eadem
863 5609 1064 5684 Missali
1091 5612 1342 5682 Gothico,
1371 5629 1504 5684 pag.
1528 5615 1658 5684 233.

485 5629 510 5636 -
537 5629 748 5663 nauem
775 5629 835 5663 1n
863 5629 1064 5666 inissau
1091 5629 1342 5682 uomica,
1411 5629 1504 5684 ag.
1530 5629 1658 5669 233.

484 5673 512 5713 δ
544 5680 938 5755 HaecEpistola
961 5699 1076 5740 non
1100 5684 1324 5739 videtur
1359 5629 1636 5755 cl’escripta
1682 5683 1850 5740 fuisse
1897 5687 2044 5744 inte-

412 5765 514 5874 gra
532 5751 715 5824 qualis
740 5752 810 5806 ad
836 5753 1065 5808 missam
1093 5759 1228 5808 tunc
1270 5751 1634 5809 recitabatur.
1683 5755 1838 5819 Quod
1879 5759 2048 5815 etiam

451 5836 481 5874 e
505 5822 847 5874 quihusdam
874 5823 1016 5874 aliis.
1047 5840 1172 5874 ausa
1218 5823 1310 5874 hic
1351 5823 1638 5874 breviores
1673 5832 1823 5874 sunt-
1869 5831 2044 5874 cnnii.

451 5822 847 5901 ﬁtquibusdam
874 5823 1016 5894 aliis,
1047 5840 1172 5896 quae
1218 5823 1310 5878 hic
1351 5823 1638 5881 breviores
1673 5832 1824 5897 sunt,
1869 5831 2044 5901 comi.
2084 5829 2110 5854 ν

413 5891 614 5950 cimus.

2077 1847 2132 1919 B

2069 4592 2130 4664 D

2154 550 2317 606 ciatio
2343 554 2552 618 nostra,
2579 553 2634 603 et
2651 547 2798 602 dono
2819 545 3017 618 gratiae
3043 561 3182 616 suae,
3204 545 3653 616 castigationem
3680 561 3815 599 cor-

2153 659 2359 717 porum
2395 642 2677 713 profectus
2704 639 2986 696 mentium
3013 644 3454 712 consequantur.

2805 736 3138 788 Conteststio.

2230 814 2368 867 Vere
2397 810 2636 882 dignum
2663 815 2718 864 et
2746 809 2967 880 justum
2988 815 3091 865 est.
3123 809 3230 874 Qui
3273 809 3471 866 ﬁdeles
3520 815 3657 865 tuos
3694 825 3818 865 non

2157 906 2344 961 solum
2366 905 2504 960 cibis
2527 903 2908 974 corporalibus
2932 903 3106 974 pacis,
3129 903 3226 958 sed
3248 903 3420 958 etiam
3449 903 3818 976 spiritalibus

2158 999 2338 1072 epulis
2364 997 2684 1054 misericors
2709 997 2912 1064 reﬁcis,
2933 1013 2997 1052 ac
3021 1002 3278 1068 praestas,
3299 1002 3366 1052 ut
3389 998 3495 1069 qui
3525 997 3600 1053 de
3639 1013 3814 1068 para-

2158 1094 2276 1148 diso
2302 1093 2363 1147 in
2389 1092 2572 1164 primo
2597 1096 2834 1163 parente
2857 1107 2958 1162 per
2994 1089 3438 1146 inobedientiam
3467 1107 3592 1146 non
3632 1091 3815 1146 absti-

2156 1187 2344 1242 nendo
2361 1185 2689 1255 cecidimus,
2719 1200 2823 1256 per
2840 1183 3044 1238 Christi
3071 1183 3296 1238 Domini
3315 1184 3504 1239 nostri
3529 1184 3815 1240 obedien-

2157 1281 2296 1336 tiam
2313 1280 2390 1352 jej
2399 1279 2624 1335 unando
2650 1279 2944 1332 redeamus
2965 1294 2982 1347 ;
3013 1282 3071 1332 et
3095 1277 3301 1350 quibus
3321 1294 3426 1349 per
3445 1279 3649 1334 cibum
3669 1279 3819 1350 ligni

2159 1375 2330 1429 inlata
2345 1390 2498 1429 mors
2523 1375 2726 1442 fuerat,
2746 1387 2850 1444 per
2896 1371 3077 1426 crucis
3110 1371 3338 1444 lignum
3385 1373 3541 1428 salus
3585 1373 3820 1444 perdita

2157 1468 2508 1522 redderetur.
2535 1468 2716 1531 Quem
2737 1465 2944 1520 merito
2972 1469 3319 1520 venerantur
3345 1465 3534 1535 sedes,
3588 1465 3820 1520 miran-

2157 1565 2251 1616 tur
2275 1561 2484 1630 throni,
2514 1565 2862 1630 cunctusque
2881 1563 3104 1613 senatus
3123 1557 3436 1612 caelestium
3453 1562 3820 1630 potestatum

2159 1670 2290 1710 cum
2314 1655 2479 1709 beata
2501 1652 2788 1724 seraphim
2813 1652 3205 1722 proclamant;
3239 1651 3514 1708 Seuerus.

2643 1750 2956 1801 Contestatio
2975 1749 3040 1800 de
3065 1749 3257 1814 Josepb
3269 1760 3310 1797 ο.

2228 1825 2366 1879 Vere
2391 1822 2629 1894 dignum
2649 1827 2705 1876 et
2725 1823 2945 1894 justum
2968 1826 3051 1878 est
3083 1823 3447 1893 omnipotens
3485 1824 3669 1892 Deus,
3716 1839 3824 1894 per

2162 1917 2450 1973 Christum
2476 1917 2779 1972 Dominum
2803 1921 3084 1971 nostrum.
3131 1917 3302 1986 Cujus
3344 1922 3557 1988 typum
3600 1916 3826 1986 Joseph

2161 2016 2410 2083 portans,
2432 2012 2709 2066 immenso
2730 2027 2922 2065 amore
2948 2027 2983 2064 a
3003 2015 3165 2082 patre
3195 2009 3477 2081 diligitur,
3493 2011 3558 2066 in
3588 2012 3826 2066 occulto

2163 2106 2293 2160 odio
2320 2105 2643 2160 afratribus
2686 2109 3026 2176 reportatur.
3073 2104 3240 2158 Illum
3277 2104 3528 2176 denique
3573 2105 3830 2160 oderant

2161 2201 2362 2254 fratres
2390 2199 2475 2254 sui
2503 2203 2735 2270 propter
2774 2199 3042 2268 mysteria
3088 2198 3486 2268 somniorum;
3535 2203 3598 2254 et
3649 2199 3826 2254 Chri-

2163 2298 2312 2348 stum
2341 2293 2642 2348 Dominum
2665 2292 3150 2364 persequebantur
3165 2292 3347 2346 Judaei
3363 2298 3614 2363 propter
3633 2293 3828 2347 mani-

2161 2387 2515 2442 festationem
2538 2386 2832 2441 virtutum.
2850 2386 2946 2440 llle
2971 2386 3043 2439 ad
3070 2385 3413 2440 visitandum
3445 2387 3752 2458 populum
3796 2404 3830 2440 a

2164 2481 2278 2536 Deo
2298 2484 2462 2552 patre
2490 2479 2742 2550 piissimo
2762 2479 3109 2548 destinatur;
3139 2479 3233 2534 ille
3276 2480 3507 2535 errabat
3551 2497 3670 2551 per
3717 2483 3825 2537 he-

2161 2589 2411 2644 remum,
2441 2579 2502 2628 ut
2530 2573 2807 2628 inveniret
2827 2574 3048 2642 fratres,
3071 2573 3170 2644 qui
3188 2574 3581 2629 noscebantur
3617 2581 3825 2646 pasto-

2161 2684 2268 2722 res.
2298 2668 2394 2722 Hic
2417 2667 2667 2722 Christus
2686 2667 2959 2722 Dominus
2983 2667 3326 2738 praedicabat
3357 2667 3423 2722 in
3461 2669 3720 2740 populo,
3761 2675 3830 2724 ut

2159 2761 2229 2814 ab
2255 2777 2446 2816 errore
2479 2765 2830 2816 converteret
2857 2765 3198 2832 peccatores.
3240 2761 3408 2816 Illum
3440 2761 3506 2816 in
3539 2763 3827 2818 Dotahim

2161 2854 2535 2910 vendiderunt
2555 2855 2778 2924 fratres,
2806 2859 2863 2909 et
2897 2854 3152 2909 occidere
3189 2857 3627 2926 tractaverunt;
3665 2857 3829 2912 hunc

2159 2948 2443 3004 Christum
2459 2948 2760 3003 Dominum
2809 2948 3080 3004 Bethania
3120 2949 3394 3004 Lazarum
3429 2950 3828 3007 suscitantem

2159 3043 2464 3097 doluerunt
2491 3042 2692 3113 Judaei,
2735 3046 2792 3096 et
2833 3042 3164 3112 cruciﬁgere
3203 3045 3552 3100 statuerunt.
3606 3045 3717 3100 Ille
3763 3047 3828 3100 in

2159 3136 2399 3190 cisterna
2419 3136 2724 3191 servandus
2744 3141 3074 3208 reputatur;
3127 3136 3221 3192 hic
3245 3137 3523 3192 custodias
3553 3139 3827 3194 militum

2076 3215 2131 3290 C
2156 3229 2478 3301 deputatur.
2513 3230 2606 3284 llle
2624 3247 2658 3284 a
2693 3231 2998 3300 fratribus;
3027 3231 3120 3285 hic
3145 3231 3402 3287 Christus
3445 3233 3742 3288 Dominus
3795 3251 3828 3287 a

2153 3323 2359 3378 Iudaeis
2377 3323 2634 3378 traditur.
2661 3323 2756 3378 llle
2785 3325 3078 3380 lsmaelitis
3096 3324 3335 3396 triginta
3351 3328 3657 3398 argenteis
3678 3343 3824 3384 ven-

2155 3417 2304 3472 ditus
2327 3417 2389 3472 in
2411 3417 2632 3472 deserto
2655 3434 2673 3486 ;
2700 3417 2792 3472 hic
2818 3419 3072 3474 Christus
3111 3419 3388 3474 Dominus
3433 3419 3692 3492 triginta
3738 3439 3830 3478 an

2157 3511 2372 3582 genteis
2386 3527 2420 3565 a
2431 3513 2456 3566 J
2463 3511 2636 3566 udaeis
2644 3552 2657 3566 .
2674 3512 2836 3567 Illum
2853 3512 3056 3568 fratres
3067 3513 3450 3570 vendiderunt
3463 3515 3528 3570 in
3539 3518 3822 3590 Egypto;

2155 3605 2308 3660 hunc
2331 3605 2540 3660 milites
2565 3605 3037 3677 exspoliaverunt.
3069 3607 3169 3662 Ille
3193 3607 3484 3664 addicitur
3511 3612 3823 3682 servituti;

2155 3699 2248 3754 hic
2280 3699 2534 3754 Christus
2563 3700 2834 3755 Dominus
2857 3701 3128 3772 adﬁgitur
3163 3703 3340 3758 cruci.
3359 3703 3460 3758 Ille
3483 3703 3549 3760 in
3567 3707 3828 3779 A-Zgypto

2155 3793 2468 3860 descendit;
2506 3794 2599 3848 hic
2629 3793 2884 3850 Christus
2913 3795 3185 3850 Dominus
3214 3795 3278 3851 in
3309 3796 3474 3868 ligno
3510 3801 3824 3871 pependit.

2155 3888 2298 3942 Cum
2317 3887 2414 3940 illo
2437 3887 2549 3942 duo
2571 3888 2819 3943 damnati
2839 3893 3137 3944 servantur
3157 3889 3218 3944 in
3230 3907 3483 3962 carcere;
3501 3910 3644 3947 cum
3662 3895 3826 3950 Chri-

2155 3987 2239 4036 sto
2257 3981 2496 4036 Domino
2511 3982 2622 4037 duo
2649 3983 2898 4038 latrones
2922 3983 3320 4054 adjunguntur
3342 3983 3406 4040 in
3425 4002 3630 4043 cruce.
3650 3990 3824 4060 Josep

2155 4076 2432 4130 damnatis
2461 4077 2680 4130 somnia
2711 4077 2970 4148 exponit;
3001 4078 3256 4132 Christus
3283 4080 3574 4136 Dominus
3601 4083 3823 4138 latroni

2154 4170 2386 4240 praemia
2396 4170 2678 4241 promittit
2691 4174 2921 4226 aeterna.
2933 4173 2960 4226 J
2965 4173 3141 4244 oseph
3149 4172 3219 4227 de
3239 4175 3536 4245 ergastulo
3550 4193 3825 4248 egressus

2153 4264 2545 4336 componitur;
2568 4265 2825 4320 Christus
2846 4265 3123 4322 Dominus
3142 4266 3443 4323 infernum
3463 4271 3826 4344 exspoliatu‘

2153 4373 2250 4412 rus
2265 4359 2614 4429 aggreditur.
2633 4359 2726 4414 ille
2746 4365 2872 4431 post
2895 4359 3322 4416 tribulationem
3335 4366 3613 4434 pervenit
3628 4367 3706 4422 ad
3722 4367 3824 4422 ho-

2152 4467 2371 4522 norem;
2395 4453 2650 4508 Christus
2664 4453 2938 4509 Dominus
2957 4461 3083 4526 post
3094 4457 3589 4515 resurrectionem
3616 4461 3825 4518 trium-

2152 4546 2335 4617 phans
2351 4547 2603 4602 ascendit
2625 4548 2697 4603 ad
2731 4549 2977 4604 Patrem.
3027 4549 3122 4605 Ille
3167 4551 3466 4608 frumenta
3514 4553 3830 4612 distribuit

2150 4639 2210 4694 in
2229 4641 2470 4713 Egypto
2491 4659 2510 4711 ;
2535 4641 2627 4696 hic
2652 4643 3060 4698 Eucharistiam
3081 4647 3435 4702 consecravit
3457 4645 3525 4702 in
3565 4650 3823 4708 mundo.

2153 4735 2245 4789 llle
2269 4751 2302 4790 a
2323 4736 2592 4791 fratribus
2631 4741 2716 4792 est
2739 4735 3002 4792 adoratus
3045 4737 3106 4792 in
3152 4739 3360 4810 terris;
3404 4740 3503 4796 hic
3549 4743 3826 4801 Christus

2150 4828 2417 4885 Dominus
2435 4830 2506 4884 ab
2526 4831 2744 4902 angelis
2761 4830 2981 4903 jugiter
3005 4833 3276 4889 adoretur
3299 4834 3364 4889 in
3389 4811 3574 4893 salis.
3607 4839 3744 4896 Cui.

2399 4929 2716 4980 Contcstatio
2743 4930 2952 4994 quando
2982 4931 3047 4981 de
3077 4945 3272 4983 manna
3295 4933 3557 4999 legiturd.

2220 5001 2359 5056 Vere
2387 5002 2627 5072 dignum
2653 5003 2946 5072 etjustum
2971 5008 3074 5072 est,
3099 5006 3466 5078 omnipotens
3494 5010 3694 5068 Deus:
3727 5031 3825 5070 cu-

2141 5093 2238 5166 jus
2257 5095 2424 5166 jussu
2455 5111 2664 5150 manna
2692 5097 2761 5150 de
2790 5098 2927 5152 caelo
2952 5098 3260 5170 descendit,
3289 5100 3594 5176 similique
3641 5110 3824 5165 modo

2149 5189 2219 5244 de
2243 5189 2401 5261 virga
2427 5207 2692 5261 percusso
2719 5191 2868 5248 silice
2893 5207 3040 5265 aqua
3057 5194 3406 5264 parturiens,
3437 5204 3498 5253 et
3537 5200 3819 5258 obdurisv

2149 5283 2360 5338 simum
2384 5300 2580 5339 saxum
2609 5286 2667 5340 in
2695 5289 2961 5357 stagnum
2983 5288 3348 5344 manantibus
3367 5291 3508 5346 rivis
3533 5311 3823 5367 spuman-

2149 5377 2302 5432 tibus
2325 5379 2483 5432 unda
2501 5379 2770 5435 sulcabat.
2791 5381 2932 5436 Nam
2950 5383 3100 5436 totus
3118 5381 3228 5438 iste
3252 5386 3535 5460 mundus,
3565 5392 3680 5462 qui
3703 5410 3824 5449 ma-

2148 5470 2507 5528 nifestissime
2550 5473 2660 5530 fuit
2701 5475 2992 5547 heremus,
3033 5476 3193 5533 venit
3233 5479 3306 5534 ad
3344 5486 3604 5558 petram,
3629 5487 3698 5544 id
3736 5492 3824 5546 est

2217 5619 2488 5712 :Eem‘pe
2507 5622 2733 5694 quando
2754 5623 2962 5695 Joseph
2981 5625 3318 5696 patriarchae
3347 5629 3600 5690 historia
3648 5636 3816 5712 lege-

2147 5689 2314 5745 batur
2337 5689 2502 5749 infra.

2216 5761 3036 5855 i.'_d.ie£99_isenﬁserideer
3063 5767 3132 5825 de
3159 5771 3494 5855 Evangelia.
3516 5781 3692 5855 qpod
3713 5798 3821 5855 pro

2217 5793 2244 5802 -
2263 5793 2331 5844 ..υ
2356 5793 2791 5846 iutciugcuuuui
2819 5793 3036 5822 nuntur
3063 5793 3132 5825 ut:
3159 5793 3494 5846 nvangeuo,
3606 5796 3666 5837 Ο(

2148 5833 2313 5890 tertia
2336 5834 2628 5894 Dominica
2645 5836 3101 5912 Quadragesimze
3124 5843 3454 5918 assignatur
3475 5793 3666 5912 13a.
