3970 6406
145 351 238 410 485

144 464 406 521 Christus.
447 466 642 525 Crucis
670 470 832 545 virga
869 491 1202 546 percussum
1239 480 1431 538 lancea
1467 485 1614 541 latus
1651 488 1772 558 ejus

142 559 370 630 aperuit,
401 577 580 632 aquas
617 565 772 621 vivas
800 570 1068 640 evomuit,
1100 574 1252 629 unde
1287 575 1455 632 simul
1479 577 1622 634 bibit
1646 597 1768 636 om-

140 651 221 706 nis
245 653 550 710 credulitas
580 659 858 728 gentium,
882 663 982 734 qui
1005 679 1319 738 numquam
1345 670 1495 727 sitiet
1521 671 1576 728 in
1605 680 1768 731 aeter-

141 761 289 801 num.
319 747 423 802 Cui
449 750 678 806 merito.

338 868 469 918 Item
493 870 813 924 Contestatio
838 874 892 926 in
913 877 1086 928 medio
1109 881 1564 948 Quadraginsimaa.

202 956 334 1010 Vere
381 957 628 1029 dignum
681 967 738 1018 et
775 963 997 1035 justum
1041 974 1142 1040 est,
1194 975 1546 1046 omnipotens
1594 979 1763 1035 Deus-

137 1048 300 1112 Quem
326 1051 526 1106 nullus
553 1057 867 1124 potentiam
895 1062 1203 1131 majestatis
1225 1071 1338 1122 tua;
1366 1069 1611 1128 offensus
1630 1074 1768 1130 etfu-

139 1153 259 1207 gere
287 1143 492 1209 potest,
523 1157 629 1197 nec
665 1149 795 1200 ante
831 1147 1034 1204 faciem
1063 1154 1314 1210 nominis
1340 1159 1423 1212 tui
1451 1160 1766 1233 eriperetur

134 1229 314 1301 ltesus;
354 1233 455 1304 qui
496 1251 625 1290 aras
667 1238 907 1296 aedificat
938 1241 998 1297 in
1037 1251 1455 1306 consecratione
1499 1255 1761 1311 adversa-

137 1322 214 1390 rii,
244 1329 308 1378 ut
343 1326 650 1384 maledicat
689 1331 779 1386 cui
814 1337 877 1388 tu
915 1333 1222 1396 benedicis.
1264 1343 1536 1406 Quaenam
1565 1349 1760 1404 Balaac

133 1415 418 1473 insidiator
453 1422 602 1490 petit
627 1425 838 1496 populo
863 1429 1158 1502 maledici;
1187 1435 1283 1489 sed
1312 1437 1472 1508 jusso
1499 1445 1598 1496 tuo
1629 1460 1757 1514 pro-

132 1510 379 1580 phetatus
407 1513 640 1570 Balaam
670 1517 982 1591 benedixit,
1016 1523 1250 1582 laudans
1285 1510 1646 1590 tabernacula
1667 1537 1758 1592 Ja-

132 1603 241 1672 cob,
269 1608 325 1660 et
354 1605 703 1665 benedicens
733 1615 975 1670 tentoria
1007 1621 1103 1671 tua
1138 1621 1322 1676 Israel.
1353 1626 1506 1681 Unde
1541 1633 1617 1696 te,
1647 1629 1756 1684 Do-

131 1692 268 1746 mine
291 1693 435 1748 Deus
470 1697 854 1770 omnipotens,
893 1703 1285 1777 deprecamur,
1316 1713 1453 1784 quia
1477 1717 1640 1770 caelos
1669 1721 1754 1772 te-

129 1800 236 1850 nes,
276 1790 331 1840 et
369 1787 606 1858 abyssos
646 1793 819 1864 regis,
857 1798 924 1848 ut
962 1797 1121 1870 virga
1151 1818 1280 1872 quae
1324 1820 1548 1878 egressa
1573 1814 1658 1864 est
1685 1811 1754 1864 de

130 1877 297 1946 Jacob,
328 1885 382 1934 et
407 1884 708 1955 consurgit
735 1885 803 1940 de
827 1889 1011 1957 Israel,
1045 1877 1601 1957 domineturcunctis
1620 1919 1753 1974 gen-

131 1969 283 2040 tibus,
325 1972 630 2031 benedicat
668 1977 1064 2048 hereditatem,
1110 2003 1287 2058 quam
1332 2007 1433 2047 suo
1476 1969 1751 2066 sanguine

129 2063 411 2136 adquisivit
436 2069 717 2126 Dominus
743 2078 935 2130 noster
952 2077 1112 2133 Iesus
1129 2081 1381 2139 Christus
1407 2085 1576 2142 Filius
1587 2063 1746 2144 tuus.

127 2156 216 2210 Cui
239 2155 481 2216 merito."

128 2268 284 2321 Lectio
307 2273 471 2324 sancti
494 2274 767 2356 Evangelii
776 2283 1082 2356 [secundum
1097 2285 1394 2356 lliatthaaum
1425 2303 1539 2354 quas
1560 2291 1750 2356 legitur

595 2338 742 2388 initio
775 2341 1212 2408 Quadraginsimas
1229 2349 1274 2400 ⁸.

185 2417 446 2492 Tempore
481 2421 588 2476 illo
617 2423 818 2480 ductus
855 2433 940 2483 est
980 2431 1250 2489 Dominus
1285 2437 1441 2492 Jesus
1469 2438 1528 2492 in
1565 2439 1748 2495 deser-

128 2515 235 2566 tum
257 2529 289 2566 a
312 2514 525 2585 Spiritu
555 2520 621 2572 ut
650 2521 988 2578 temtaretur
1011 2542 1042 2578 a
1075 2526 1316 2584 diabolo.
1349 2531 1417 2585 Et
1441 2548 1571 2586 cum
1591 2533 1743 2604 jeju-

127 2611 296 2662 nasset
317 2609 698 2682 quadraginta
739 2615 936 2670 diebus
970 2621 1026 2673 et
1061 2621 1434 2694 quadraginta
1465 2626 1741 2697 noctibus,

125 2705 298 2767 postea
334 2703 553 2758 esuriit.
585 2705 654 2760 Et
679 2709 947 2764 accedens
978 2715 1244 2768 temtator
1275 2715 1416 2772 dixit
1444 2717 1527 2772 illi
1552 2735 1567 2773 :
1591 2719 1646 2774 Si
1673 2720 1742 2775 ti-

125 2790 219 2846 lius
243 2793 337 2848 Dei
363 2812 441 2866 es,
471 2797 564 2852 dic
606 2803 670 2854 ut
711 2800 923 2872 lapides
957 2803 1050 2859 isti
1089 2823 1263 2878 panes
1288 2808 1444 2864 ﬁant.
1476 2811 1581 2876 Qui
1623 2829 1742 2867 res-

123 2885 360 2954 pondens
385 2889 530 2944 dixit
555 2909 572 2946 :
603 2892 888 2964 Scriptum
917 2900 1021 2967 est,
1058 2915 1173 2954 non
1203 2901 1261 2956 in
1287 2919 1432 2974 pane
1469 2905 1586 2958 solo
1611 2905 1745 2960 vivit

123 2975 294 3048 homo,
323 2983 420 3037 sed
445 2983 508 3038 in
533 2985 694 3040 omni
719 2987 914 3057 verbo,
945 2991 1098 3062 quod
1123 2993 1382 3064 procedit
1407 2997 1475 3053 de
1503 3015 1598 3054 ore
1620 2998 1738 3054 Dei.

123 3070 257 3126 Tunc
282 3073 600 3148 adsumpsit
630 3094 762 3134 eum
791 3081 1048 3138 diabolus
1073 3083 1133 3138 in
1159 3092 1408 3143 sanctam
1437 3089 1738 3159 civitatem,

123 3167 170 3218 et
195 3167 380 3223 statuit
407 3184 542 3225 eum
569 3187 745 3243 super
769 3174 1140 3246 pinnaculum
1167 3181 1386 3252 templi,
1418 3188 1474 3238 et
1492 3183 1633 3238 dixit
1647 3185 1735 3239 ei:

123 3253 169 3310 Si
191 3257 330 3314 ﬁlius
345 3263 444 3316 Dei
462 3279 542 3331 es,
566 3263 732 3320 mitte
753 3270 807 3320 te
833 3268 1119 3326 deorsum.
1143 3271 1424 3344 Scriptum
1457 3279 1540 3330 est
1565 3276 1736 3345 enim,

122 3351 258 3420 quod
292 3355 506 3426 angelis
551 3357 669 3412 suis
701 3361 989 3417 mandavit
1029 3364 1098 3418 de
1125 3368 1201 3434 te,
1241 3367 1310 3420 ut
1332 3367 1595 3424 manibus
1628 3369 1734 3424 tol-

121 3442 225 3498 lant
249 3448 322 3516 te,
367 3465 438 3504 ne
478 3449 627 3505 forte
655 3451 905 3509 offendas
944 3455 1018 3510 ad
1047 3456 1295 3528 lapidem
1317 3461 1520 3532 pedem
1549 3465 1733 3518 tuum.

121 3535 201 3591 Ait
215 3538 292 3594 illi
318 3541 530 3598 iterum
555 3545 719 3602 Iesus
747 3562 762 3601 :
792 3548 1007 3603 Rursus
1033 3551 1305 3624 scriptum
1329 3559 1432 3622 est,
1455 3572 1570 3611 non
1598 3561 1738 3611 tem-

121 3629 248 3686 tabis
273 3633 580 3693 Dominum
611 3640 788 3695 Deum
815 3645 1002 3698 tuum.
1032 3645 1243 3700 Iterum
1269 3646 1580 3720 adsumpsit
1603 3666 1734 3704 eum

121 3721 352 3782 diabolus
386 3729 447 3785 in
485 3738 745 3788 montem
783 3735 1070 3791 excelsum
1105 3738 1286 3809 valde,
1316 3743 1373 3794 et
1408 3742 1650 3797 ostendit
1683 3742 1735 3797 ei

121 3819 288 3875 omnia
311 3838 490 3896 regna
523 3827 730 3882 mundi
754 3833 811 3883 et
838 3829 1075 3900 gloriam
1101 3847 1319 3902 eorum,
1351 3838 1408 3889 et
1433 3833 1578 3890 dixit
1607 3835 1688 3890 illi
1715 3852 1730 3890 :

122 3910 232 3967 Haec
275 3915 376 3971 tibi
417 3920 613 3974 omnia
650 3921 816 3989 dabo,
857 3923 904 3977 si
936 3925 1232 3996 procidens
1264 3927 1580 3984 adoraveris
1617 3945 1730 3984 me.

119 4003 253 4060 Tunc
291 4009 422 4064 dicit
451 4012 504 4066 ei
537 4014 698 4068 Iesus
727 4030 740 4068 :
771 4015 919 4070 Vade
948 4022 1122 4086 retro,
1167 4019 1416 4076 Satanas.
1452 4021 1733 4093 Scriptum

119 4102 193 4152 est
217 4117 230 4154 :
257 4103 557 4161 Dominum
585 4107 766 4162 Deum
791 4113 955 4164 tuum
975 4111 1252 4182 adorabis,
1286 4118 1343 4168 et
1370 4113 1451 4168 illi
1478 4115 1584 4170 soli
1614 4132 1724 4170 ser-

118 4191 238 4248 vies.
263 4195 412 4251 Tunc
437 4197 672 4270 reliquit
707 4215 840 4256 eum
867 4202 1153 4274 diabolus;
1183 4208 1242 4259 et
1271 4222 1399 4262 ecce
1421 4208 1615 4279 angeli
1646 4224 1731 4263 ac-

117 4295 399 4362 cesserunt,
430 4294 490 4346 et
513 4290 918 4350 ministrabant
942 4297 1015 4351 ei.

116 4409 274 4466 Lectio
288 4421 450 4472 sancti
463 4421 738 4532 Evangelii
757 4425 1044 4498 secundum
1063 4427 1271 4490 Lucam,
1290 4429 1497 4494 quando
1517 4430 1732 4482 historia

659 4498 686 4532 e
719 4485 915 4532 Josenh
941 4489 1132 4532 legitur
1156 4491 1202 4532 b-

659 4498 686 4534 e
719 4485 916 4549 Joseph
941 4487 1132 4550 legitur
1156 4491 1202 4540 b.

177 4562 340 4620 Homo
375 4566 612 4640 quidam
642 4567 846 4626 habuit
880 4571 1019 4627 duos
1045 4573 1211 4642 ﬁlios,
1241 4579 1299 4631 et
1327 4575 1468 4632 dixit
1506 4577 1722 4634 adoles-
1743 4589 1805 4663 D

115 4655 313 4713 centior
353 4675 424 4715 ex
470 4661 582 4718 illis
633 4664 783 4735 patri
815 4666 1038 4738 :Pater,
1091 4666 1166 4722 da
1210 4668 1355 4724 mihi
1406 4671 1725 4742 portionem

115 4749 420 4810 substantiae
445 4771 579 4828 quae
620 4773 714 4814 me
755 4758 1052 4831 contingit.
1106 4762 1176 4818 Et
1223 4761 1414 4819 divisit
1455 4764 1563 4820 illis
1590 4767 1724 4823 sub-

115 4849 377 4907 stantiam.
406 4855 474 4908 Et
497 4871 616 4911 non
638 4860 767 4927 post
783 4857 996 4914 multos
1016 4858 1154 4928 dies,
1175 4861 1529 4933 congregatis
1550 4865 1728 4920 omni-

114 4937 224 5008 bus,
249 4945 653 5004 adolescentior
680 4949 830 5006 ﬁlius
861 4967 1100 5024 peregre
1124 4954 1408 5025 profectus
1433 4961 1518 5012 est
1550 4957 1610 5013 in
1632 4975 1726 5013 re-

119 5035 326 5104 gionem
365 5041 762 5114 longinquam,
809 5048 866 5100 et
905 5044 983 5100 ibi
1027 5045 1316 5119 dissipavit
1360 5049 1728 5107 substantiam

117 5139 280 5195 suam,
314 5129 552 5187 vivendo
589 5132 894 5189 luxoriose.
941 5135 1008 5190 Et
1049 5141 1353 5209 postquam
1380 5139 1572 5195 omnia
1601 5157 1728 5196 con-

117 5229 449 5294 summasset,
479 5223 624 5282 facta
649 5231 732 5282 est
756 5226 933 5283 fames
960 5227 1146 5285 valida
1168 5229 1228 5286 in
1263 5231 1496 5305 regione
1523 5233 1640 5304 illa,
1672 5239 1728 5290 et

117 5309 224 5382 ipse
245 5315 411 5389 caapit
440 5334 630 5390 egere.
659 5321 727 5376 Et
749 5320 912 5392 abiit,
940 5325 998 5378 et
1020 5322 1258 5380 adhaesit
1279 5325 1381 5381 uni
1413 5326 1620 5384 civium
1643 5343 1727 5384 re-

179 5455 204 5489 ⁸
220 5457 332 5544 Non
348 5475 502 5544 ergq
504 5477 576 5517 ex
604 5459 800 5544 ordine
820 5463 1112 5544 Lectiones
1130 5474 1385 5544 accurate
1405 5467 1503 5544 hic;
1521 5471 1725 5544 despo-

119 5523 444 5609 ξένω..ιᾴθηῖ
462 5534 830 5609 Evangelium
871 5536 1038 5609 hodie
1084 5555 1309 5609 quoque
1342 5523 1727 5598 finitor—Iian

118 5592 385 5680 Dominica
414 5602 602 5680 prima
619 5592 1122 5680 Quadragesimm,‘
1133 5592 1261 5680 quae
1286 5611 1448 5680 initio
1473 5613 1724 5678 Quadra-

118 5669 315 5753 gesimae
343 5669 449 5727 hoc
483 5675 606 5753 loco
633 5669 917 5753 designari
944 5669 1186 5753 videtur,
1224 5679 1356 5734 olim
1388 5669 1556 5753 capﬁut
1587 5685 1728 5749 Qua-

245 5741 428 5819 esimaa
445 5745 636 5819 etiam
675 5744 738 5800 in
760 5741 1017 5804 'Ecclesia
1043 5741 1312 5819 Romana,
1345 5768 1414 5808 ex
1439 5741 1584 5809 notis
1595 5741 1724 5811 ~Me-

118 5737 208 5792 dra
245 5741 428 5798 esimze
463 5745 636 5800 etiam
675 5744 738 5800 in
756 5737 1017 5804 “Ecclesia
1043 5737 1312 5819 Romana,
1345 5768 1397 5806 ei

118 5755 275 5894 uarii.
288 5813 463 5894 nostri
486 5815 554 5894 in
574 5815 1113 5894 Sacramentarium,
1143 5837 1277 5894 pag.
1308 5825 1397 5894 52.

181 5879 208 5921 δ
232 5881 354 5940 Haec
390 5884 624 5944 historia
655 5903 808 5946 nunc
835 5889 896 5947 in
929 5879 1182 5950 Romani)
1208 5879 1419 5967 ﬁgitur
1441 5894 1513 5952 ad
1546 5895 1722 5952 Matu-

625 360 1238 426 SACRAMENTARIUM
1273 367 1716 431 GALLICANUM.
1757 403 1827 419 —-
1865 379 2228 442 LECTIONES
2275 387 2360 446 DE
2398 391 2709 454 ADVENTU
2747 397 3002 459 DOMINI.

3391 387 3492 468 tea

1792 501 1851 574 Α
1873 492 2052 564 gionis
2079 496 2248 570 illius,
2273 505 2330 557 et
2362 505 2514 560 misit
2537 509 2696 564 illum
2721 510 2782 566 in
2807 514 2997 570 villam
3017 531 3178 574 suam
3212 524 3278 576 ut
3301 537 3491 594 pasce-
3515 529 3530 546 ‘

1869 591 1960 644 ret
1982 607 2202 663 porcos,
2231 599 2286 650 et
2314 599 2573 669 cupiebat
2595 602 2835 676 implere
2859 615 3113 666 ventrem
3141 629 3310 670 suum
3336 615 3404 672 de
3427 617 3497 672 si-

1868 681 2036 754 liquis
2065 701 2202 756 quas
2237 689 2394 759 porci
2416 695 2850 768 manducabant,
2879 706 2934 757 et
2973 719 3141 759 nemo
3181 706 3260 762 illi
3303 709 3490 766 dabat.

1867 776 1986 846 Ipse
2017 783 2207 835 autem
2233 797 2488 840 reversus
2513 787 2654 843 dixit
2678 807 2692 844 :
2715 791 2919 856 Quanti
2951 801 3288 854 mercenarii
3315 805 3493 873 patris

1866 869 1978 923 mei
2011 871 2301 929 abundant
2327 879 2588 951 panibus,
2617 899 2725 953 ego
2763 890 2952 942 autem
2989 889 3081 944 hic
3105 891 3255 948 fame
3279 869 3486 966 pereo!

1865 960 2126 1032 Surgam,
2155 971 2212 1021 et
2249 967 2342 1024 ibo
2381 972 2450 1026 ad
2485 973 2664 1029 Deum
2689 993 2903 1048 meum,
2943 984 2998 1036 et
3025 982 3206 1038 dicam
3233 960 3311 1042 illi
3339 1005 3352 1043 :
3385 991 3490 1044 Pa-

1863 1058 1970 1124 ter,
2015 1061 2239 1128 peccavi
2269 1062 2326 1116 in
2354 1063 2552 1120 caelum
2581 1072 2638 1123 et
2664 1085 2850 1125 coram
2879 1077 2952 1142 te,
2986 1079 3042 1130 et
3059 1075 3181 1146 jam
3207 1095 3323 1134 non
3361 1098 3489 1138 sum

1865 1147 2072 1218 dignus
2097 1154 2280 1208 vocari
2305 1156 2453 1211 ﬁlius
2479 1163 2629 1230 tuus,
2651 1162 2740 1217 fac
2761 1181 2852 1220 me
2874 1165 3020 1222 sicut
3045 1184 3227 1226 unum
3246 1172 3314 1228 de
3333 1190 3486 1230 mer-

1863 1243 2100 1298 cenariis
2123 1247 2254 1314 tuis,
2284 1253 2342 1304 et
2361 1265 2599 1323 surgens
2623 1257 2774 1311 venit
2801 1259 2872 1314 ad
2896 1264 3115 1330 patrem
3135 1279 3322 1321 suum.
3345 1267 3487 1324 Cum

1863 1339 2054 1391 autem
2075 1337 2258 1394 adhuc
2277 1341 2448 1414 longe
2479 1352 2640 1417 esset,
2668 1349 2805 1406 vidit
2833 1352 2993 1409 illum
3016 1360 3179 1427 pater
3206 1359 3402 1430 ipsius,
3431 1366 3487 1418 et

1859 1429 2246 1488 misericordia
2273 1441 2460 1492 motus
2489 1443 2573 1494 est
2603 1457 2617 1494 :
2651 1446 2707 1497 et
2733 1444 3037 1502 adcurrens
3077 1451 3280 1506 cecidit
3313 1470 3483 1525 supra

1859 1523 2066 1578 collum
2113 1527 2254 1598 ejus,
2299 1533 2356 1584 et
2395 1533 2672 1588 oscolatus
2716 1540 2800 1590 est
2839 1537 3024 1596 illum.
3056 1543 3319 1616 Dixitque
3346 1523 3400 1601 ei
3423 1547 3484 1602 ﬁ-

1856 1614 1964 1670 lius
1994 1634 2007 1671 :
2035 1619 2216 1690 Pater,
2259 1624 2484 1692 peccavi
2519 1626 2580 1681 in
2617 1629 2820 1684 caelum
2849 1637 2905 1687 et
2933 1651 3123 1692 coram
3164 1642 3240 1705 te,
3272 1644 3328 1694 et
3357 1640 3479 1711 jam

1855 1723 1968 1763 non
1995 1727 2121 1766 sum
2148 1713 2355 1785 dignus
2377 1719 2562 1772 vocari
2587 1719 2736 1776 ﬁlius
2764 1727 2913 1780 tuus.
2937 1727 3084 1783 Dixit
3111 1735 3301 1786 autem
3322 1737 3482 1804 pater

1853 1802 1924 1855 ad
1971 1819 2160 1860 servos
2215 1824 2342 1862 suos
2371 1827 2385 1864 :
2414 1810 2534 1866 Cito
2576 1814 2822 1884 proferte
2869 1820 3067 1875 stolam
3108 1802 3376 1894 primam,
3423 1831 3479 1880 et

1853 1893 2065 1951 induite
2091 1898 2282 1968 illum;
2315 1906 2370 1957 et
2393 1903 2518 1959 date
2545 1907 2774 1963 anolum
2803 1911 2862 1964 in
2889 1929 3064 1969 manu
3103 1893 3244 1986 ejus,
3283 1922 3338 1972 et
3363 1919 3474 1973 cal-

1850 1995 2138 2046 ceamenta
2164 1993 2224 2046 in
2259 1995 2458 2064 pedes;
2489 2001 2544 2052 et
2567 1999 2826 2056 adducite
2860 2005 3106 2061 vitulum
3136 2009 3472 2080 saginatum,

1851 2085 1906 2135 et
1946 2083 2207 2154 occidite;
2237 2090 2296 2141 et
2330 2089 2755 2163 manducemus,
2788 2100 2845 2149 et
2873 2097 3350 2172 epulemurzquia
3384 2103 3474 2157 hic

1849 2173 1996 2229 ﬁlius
2018 2191 2181 2232 meus
2206 2185 2467 2236 mortuus
2494 2187 2634 2251 erat,
2665 2189 2724 2240 et
2745 2187 2974 2258 revixit;
3005 2193 3273 2262 perierat,
3301 2198 3358 2250 et
3380 2193 3471 2250 in-

1847 2273 2047 2324 ventus
2073 2275 2174 2326 est.

1847 2357 2019 2406 Lectio
2039 2359 2204 2410 sancti
2223 2361 2491 2440 Evangelii
2515 2366 2804 2440 secundum
2821 2369 3134 2436 Johannem,
3153 2385 3270 2439 qua
3285 2375 3474 2440 legitur

2430 2427 2582 2476 tertia
2601 2429 2886 2482 Dominica.

1880 2489 2080 2545 Diebus
2091 2491 2201 2547 illis
2211 2495 2502 2566 loquentes
2515 2499 2696 2554 turbae
2706 2502 2776 2556 ad
2789 2503 3093 2560 Dominum
3102 2507 3472 2578 Jesum,dixe-

1845 2588 1979 2638 runt
2003 2601 2016 2638 :
2033 2585 2177 2648 Quid
2188 2586 2456 2644 faciemus
2483 2596 2548 2646 ut
2566 2608 2868 2664 operemnr
2882 2613 3053 2668 opera
3066 2599 3162 2654 Dei
3179 2601 3206 2655 ‘i
3222 2602 3469 2674 Respon-

1845 2677 1959 2732 diti
1965 2693 2091 2734 esus
2108 2685 2162 2734 et
2173 2680 2316 2736 dixit
2329 2682 2406 2736 eis
2427 2699 2439 2738 :
2459 2685 2570 2738 Hoc
2581 2691 2664 2740 est
2677 2702 2816 2758 Opus
2827 2689 2926 2743 Dei
2938 2694 3000 2744 ut
3013 2691 3247 2747 credatis
3259 2693 3318 2747 in
3333 2710 3467 2750 eum

1843 2787 2014 2843 quem
2026 2773 2179 2828 misit
2194 2774 2308 2828 ille.
2321 2775 2596 2832 Dixerunt
2608 2794 2743 2851 ergo
2756 2781 2806 2834 ei
2824 2797 2836 2835 :
2853 2783 3014 2846 Quod
3025 2800 3162 2856 ergo
3173 2789 3238 2840 tu
3251 2786 3386 2842 facis
3401 2789 3469 2842 si-

1845 2881 2044 2936 gnum,
2060 2867 2424 2924 utvideamus
2449 2875 2504 2925 et
2523 2872 2821 2928 credamus
2849 2875 2994 2930 tibi?
3021 2878 3159 2948 quid
3179 2880 3427 2950 Operaris
3440 2881 3468 2935 ?

1841 2959 2032 3013 Patres
2073 2961 2248 3015 nostri
2286 2978 2494 3017 manna
2535 2965 3015 3024 manducaverunt
3043 2971 3104 3025 in
3127 2971 3366 3041 deserto,
3391 2974 3466 3028 si-

1842 3056 1936 3106 cut
1959 3052 2231 3124 scriptum
2265 3059 2351 3109 est
2377 3071 2391 3110 :
2428 3057 2640 3112 Panem
2679 3059 2747 3114 de
2776 3060 2912 3116 caelo
2937 3061 3092 3118 dedit
3118 3064 3199 3119 eis
3221 3067 3463 3122 mandu-

1841 3160 1990 3200 care.
2031 3146 2182 3202 Dixit
2215 3164 2351 3220 ergo
2377 3149 2458 3204 eis
2481 3151 2640 3206 Jesus
2669 3169 2682 3208 :
2710 3156 2891 3210 Amen
2919 3171 3086 3211 amen
3128 3157 3252 3214 dico
3287 3154 3464 3232 vobis,

1759 3222 1814 3296 Ο
1837 3254 1954 3293 non
1995 3239 2208 3312 Moyses
2247 3241 2402 3297 dedit
2442 3243 2598 3299 vobis
2645 3263 2854 3317 panem
2892 3249 2962 3304 de
2996 3251 3150 3320 caelo,
3183 3253 3280 3308 sed
3305 3222 3469 3309 Pater

1835 3348 1997 3386 meus
2035 3333 2129 3387 dat
2160 3334 2312 3388 vobis
2355 3352 2565 3406 panem
2600 3338 2668 3393 de
2697 3341 2834 3395 cml‘o
2862 3357 3082 3398 verum.
3113 3345 3276 3400 Panis
3306 3346 3460 3402 enim

1835 3425 1933 3479 Dei
1961 3430 2043 3480 est
2073 3427 2173 3498 qui
2205 3427 2493 3484 descendit
2517 3430 2587 3485 de
2612 3432 2767 3501 casio,
2805 3437 2862 3488 et
2897 3434 2994 3490 dat
3023 3436 3198 3492 vitam
3225 3441 3462 3498 mundo.

1835 3517 2107 3574 Dixerunt
2140 3535 2276 3592 ergo
2307 3521 2376 3574 ad
2410 3537 2542 3576 eum
2571 3539 2584 3576 :
2619 3525 2874 3592 Domine,
2917 3541 3140 3599 semper
3177 3529 3250 3584 da
3299 3531 3460 3586 nobis

1832 3631 2038 3686 panem
2071 3617 2244 3672 hunc.
2271 3617 2422 3672 Dixit
2443 3623 2635 3674 autem
2663 3621 2744 3676 eis
2768 3624 2927 3678 Jesus
2957 3641 2970 3678 :
3000 3626 3118 3697 Ego
3145 3643 3273 3682 sum
3300 3629 3463 3699 panis

1832 3710 1979 3765 vitae.
2010 3709 2114 3774 Qui
2148 3711 2303 3766 venit
2327 3711 2398 3766 ad
2423 3729 2535 3782 me,
2581 3729 2699 3768 non
2729 3716 2970 3787 esuriet;
2995 3722 3052 3773 et
3077 3719 3176 3791 qui
3203 3721 3380 3776 credit
3401 3721 3461 3776 in

1833 3818 1944 3869 me,
1968 3819 2082 3856 non
2097 3803 2244 3858 sitiet
2270 3821 2542 3877 unquam.
2566 3807 2673 3863 Sed
2695 3808 2809 3862 dixi
2837 3810 3010 3878 vobis,
3041 3811 3175 3882 quia
3201 3817 3258 3867 et
3285 3813 3458 3869 vidis-

1831 3896 1902 3952 tis
1929 3913 2042 3968 me,
2082 3902 2138 3952 et
2161 3914 2276 3952 non
2310 3899 2554 3955 creditis.
2599 3900 2778 3958 Omne
2805 3903 2958 3974 quod
2981 3903 3077 3960 dat
3101 3905 3246 3960 mihi
3271 3907 3454 3977 Pater,

1832 3989 1904 4044 ad
1918 4006 2010 4045 me
2028 3990 2180 4046 venit
2195 4007 2208 4057 ;
2227 3996 2283 4046 et
2295 4007 2426 4047 eum
2439 3992 2538 4064 qui
2553 3995 2704 4050 venit
2719 3995 2790 4051 ad
2800 4011 3033 4066 me,non
3048 3998 3270 4069 ejiciam
3284 4000 3457 4057 foras.

1831 4084 1973 4148 Quia
2012 4084 2275 4140 descendi
2312 4085 2381 4141 de
2420 4087 2582 4156 caelo,
2611 4104 2728 4143 non
2767 4093 2830 4144 ut
2865 4089 3072 4146 faciam
3109 4093 3460 4150 voluntatem

1829 4193 2038 4248 meam,
2055 4178 2150 4232 sed
2167 4179 2515 4235 voluntatem
2532 4181 2654 4252 ejus
2671 4183 2769 4254 qui
2783 4183 2938 4240 misit
2949 4201 3040 4239 me
3054 4185 3252 4256 Patris;
3271 4191 3335 4243 ut
3347 4204 3464 4242 om-

1830 4286 1900 4326 ne
1915 4271 2067 4342 quod
2085 4271 2238 4328 dedit
2259 4273 2420 4343 mihi,
2433 4290 2549 4328 non
2575 4277 2810 4347 perdam
2828 4294 2896 4332 ex
2913 4295 2998 4348 eo,
3023 4278 3122 4334 sed
3135 4281 3462 4337 resuscitem

1829 4364 1994 4419 illum
2024 4365 2083 4420 in
2115 4366 2419 4422 novissimo
2447 4367 2556 4423 die.
2585 4369 2713 4424 Haac
2737 4375 2822 4425 est
2848 4371 3002 4425 enim
3021 4373 3275 4427 voluntas
3288 4375 3464 4445 patris

1829 4457 1943 4514 mei
1957 4459 2056 4530 qui
2067 4458 2344 4530 misitme,
2361 4464 2425 4515 ut
2452 4461 2636 4515 omnis
2666 4463 2767 4532 qui
2797 4463 2951 4518 videt
2969 4463 3192 4532 Filium,
3214 4470 3270 4520 et
3285 4466 3464 4522 credit

1829 4555 1890 4610 in
1906 4569 2058 4622 eum,
2077 4552 2283 4608 habeat
2293 4553 2465 4607 vitam
2483 4557 2778 4624 aeternam,
2801 4559 2858 4610 et
2881 4555 3224 4613 resuscitabo
3249 4573 3382 4614 eum
3403 4559 3464 4615 in

1824 4647 2126 4705 novissimo
2149 4645 2257 4702 die.
2283 4646 2704 4702 Murmurabant
2733 4664 2871 4720 ergo
2897 4649 3080 4704 Judaei
3099 4650 3170 4706 de
3195 4649 3311 4721 illo,
3326 4649 3460 4724 quia

1825 4743 2082 4812 dixisset,
2133 4756 2240 4812 ego
2279 4755 2408 4795 sum
2447 4739 2612 4812 panis
2646 4739 2746 4813 qui
2780 4741 2850 4797 de
2890 4743 3027 4798 caelo
3067 4743 3363 4816 descendi;
3403 4751 3460 4803 et

1826 4836 2126 4892 dicebant:
2157 4834 2352 4890 Nonne
2390 4833 2486 4889 hic
2532 4838 2617 4889 est
2657 4835 2817 4890 Jesus
2855 4835 3004 4891 ﬁlius
3042 4837 3268 4909 Ioseph,
3297 4837 3458 4909 cujus

1824 4947 1927 4986 nos
1983 4929 2243 4985 novimus
2290 4931 2511 5000 patrem
2548 4932 2604 4984 et
2656 4931 2897 4984 matrem
2925 4930 2953 4984 ?
2989 4930 3278 4994 Quomodo
3321 4945 3458 5004 ergo

1825 5024 1961 5080 dicit
1987 5023 2099 5094 hic,
2144 5021 2280 5094 quia
2320 5015 2388 5076 de
2433 5021 2570 5098 caelo
2614 5020 2922 5078 descendi?
2966 5023 3275 5096 Respondit
3319 5041 3456 5098 ergo

1823 5124 1980 5178 Jesus
2009 5125 2066 5177 et
2091 5121 2234 5176 dixit
2274 5121 2354 5174 eis
2397 5137 2411 5174 :
2460 5119 2636 5175 Nolite
2677 5136 3036 5176 murmurare
3081 5121 3144 5176 in
3190 5119 3454 5179 invicem.

1825 5217 2002 5271 Nemo
2029 5218 2212 5286 potest
2239 5213 2430 5270 venire
2455 5213 2524 5268 ad
2549 5229 2672 5284 me,
2701 5213 2810 5268 nisi
2843 5215 3008 5270 Pater
3031 5214 3132 5287 qui
3163 5212 3318 5272 misit
3339 5231 3454 5289 me,

1825 5313 2060 5370 traxerit
2085 5327 2236 5381 eum,
2281 5316 2336 5366 et
2377 5329 2483 5383 ego
2512 5311 2856 5368 resuscitabo
2891 5328 3024 5368 eum
3056 5312 3120 5369 in
3154 5309 3456 5371 novissimo

1824 5455 1974 5512 tinas
1999 5457 2288 5544 Dominica
2311 5456 2477 5544 tertia
2499 5455 2976 5544 Quadragesimae,
3003 5457 3066 5512 ut
3089 5455 3456 5544 Evangelium

1826 5528 2036 5610 de'ﬁlio
2074 5528 2312 5610 prodigo
2355 5527 2592 5610 sabbato
2634 5527 2996 5610 praecedente.
3019 5545 3046 5610 :_
3075 5543 3190 5610 quo
3221 5527 3322 5610 die
3352 5539 3454 5610 pro

1826 5599 2283 5680 Epistolaimssae
2314 5603 2398 5654 est
2424 5599 2659 5680 eadem“
2678 5599 2906 5680 Josephi
2939 5599 3454 5680 histoiia.jidetur

1825 5668 2018 5750 autem
2047 5668 2138 5724 hic
2164 5670 2440 5743 assignari
2477 5685 2582 5752 pro
2620 5668 2910 5752 Dominica
2934 5669 3449 5752 secunda.

1827 5740 2083 5816 gesimae,
2125 5757 2257 5796 nam
2283 5739 2610 5816 praecedens
2635 5746 2720 5798 est
2745 5757 2850 5815 pro
2876 5741 3080 5814 prima,
3105 5739 3448 5809 subsequens

1824 5811 1928 5886 pro
1955 5811 2141 5871 tertia.
