3970 6416
459 353 562 408 487

463 552 657 608 cibiles
682 553 800 608 Dei.
831 551 1023 607 Omnis
1051 552 1153 624 qui
1195 553 1408 609 audita
1445 557 1627 622 Patre,
1657 560 1712 609 et
1740 553 1962 620 didicit,
1990 569 2084 608 ve-

461 651 547 704 nit
571 650 641 704 ad
668 665 778 704 me.
810 651 930 703 Non
957 649 1088 721 quia
1114 651 1338 706 Patrem
1380 652 1521 707 vidit
1549 652 1867 724 quisquam,
1906 652 2014 706 nisi
2040 651 2088 705 is

459 742 558 812 qui
583 745 666 796 est
693 758 727 795 a
765 743 902 812 Deo,
947 743 1041 796 hic
1082 743 1224 798 vidit
1264 746 1508 799 Patrem.
1553 747 1732 799 Amen
1768 761 1934 799 amen
1964 743 2087 799 dico

459 831 632 901 vobis,
663 832 761 904 qui
804 833 983 888 credit
1010 833 1070 888 in
1111 850 1223 902 me,
1253 835 1423 890 habet
1453 835 1628 890 vitam
1653 839 1942 890 aeternam.
1971 835 2087 906 Ego

455 941 585 982 sum
612 926 774 998 panis
803 927 951 982 vitae.
980 929 1168 982 Patres
1197 929 1367 982 vestri
1393 929 1876 984 manducaverunt
1899 928 1959 982 in
1983 928 2084 982 de-

460 1023 608 1074 serto
635 1036 862 1090 manna,
895 1025 951 1074 et
977 1021 1187 1076 mortui
1232 1026 1382 1076 sunt.
1410 1021 1506 1077 Hic
1545 1027 1629 1078 est
1671 1021 1831 1094 panis
1857 1022 1926 1077 de
1953 1022 2087 1076 caelo

459 1111 822 1181 descendens,
850 1117 916 1168 ut
949 1113 996 1167 si
1037 1114 1164 1185 quis
1207 1131 1275 1168 ex
1317 1115 1440 1186 ipso
1483 1115 1927 1185 manducaverit,
1972 1131 2087 1169 non

458 1206 753 1262 moriatur.
781 1208 897 1277 Ego
923 1223 1050 1261 sum
1079 1208 1237 1279 panis
1263 1208 1422 1263 vivus
1441 1209 1540 1281 qui
1560 1209 1629 1264 de
1651 1209 1783 1264 caelo
1803 1208 2084 1264 descendi.

461 1299 518 1354 Si
545 1299 670 1371 quis
698 1299 1117 1356 manducaverit
1141 1318 1210 1356 ex
1229 1303 1337 1357 hoc
1355 1319 1522 1374 pane,
1546 1303 1693 1358 vivet
1711 1303 1769 1356 in
1788 1306 2084 1369 aeternum;

461 1395 518 1447 et
545 1393 706 1463 panis
743 1409 913 1464 quem
941 1409 1050 1466 ego
1096 1394 1262 1464 dabo,
1293 1412 1421 1450 caro
1459 1411 1584 1450 mea
1621 1400 1704 1450 est
1743 1411 1846 1467 pro
1887 1392 2084 1450 mundi

459 1484 591 1540 vita.
639 1485 956 1558 Litigabant
997 1503 1135 1558 ergo
1173 1488 1355 1543 Judaei
1398 1489 1469 1556 ad
1517 1488 1756 1544 invicem
1784 1487 2028 1542 dicentes
2067 1505 2083 1540 :

457 1579 747 1644 Quomodo
789 1584 976 1651 potest
1017 1581 1111 1635 hic
1155 1597 1383 1637 carnem
1427 1598 1589 1637 suam
1624 1582 1789 1637 nobis
1836 1582 1970 1636 dare
2017 1580 2086 1634 ad

457 1672 964 1728 manducandum?
1001 1673 1148 1728 Dicit
1193 1691 1330 1746 ergo
1365 1675 1444 1729 eis
1486 1677 1643 1730 Jesus
1670 1694 1684 1730 :
1715 1677 1895 1730 Amen
1921 1690 2088 1728 amen

1343 349 1676 409 APPENDIX
1713 350 1800 408 AD
1835 349 2058 408 OPERA
2093 348 2147 404 S.
2187 348 2485 408 GERMANI
2521 347 2946 406 PARISIENSIS.

461 459 570 514 die.
613 457 708 514 Est
731 457 1000 532 scriptum
1029 455 1090 514 in
1114 457 1407 530 Prophetis
1438 477 1452 516 :
1485 463 1550 517 Et
1576 465 1742 516 erunt
1772 476 1969 515 omnes
1995 459 2089 514 do-
2109 471 2166 543 Α

3760 345 3876 396 488

2609 456 2798 522 Incipit
2825 451 3116 506 secundum
3145 452 3398 504 Marcum.

2261 533 2407 601 Legit
2437 531 2712 585 diaconus.

2259 623 2487 678 Initium
2533 622 2823 694 Evangelii
2867 623 2996 676 Jesu
3065 618 3273 674 Christi
3327 617 3452 672 Filii
3507 615 3642 671 Dei.
3700 615 3875 670 Sicut

2187 717 2458 788 scriptum
2489 722 2572 772 est
2604 717 2662 770 in
2707 715 2864 770 Esaia
2905 713 3182 786 propheta
3216 729 3229 767 :
3269 713 3408 766 Ecce
3451 709 3634 765 mitto
3671 725 3872 780 ange-

2185 809 2306 865 lum
2335 825 2526 864 meum
2551 813 2681 862 ante
2724 807 2924 861 faciem
2949 811 3138 876 tuam,
3171 803 3271 876 qui
3308 801 3676 875 praeparabit
3700 800 3872 856 viam

2187 907 2348 957 tuam
2372 907 2501 957 ante
2522 906 2599 956 te.
2616 903 2731 955 Vox
2758 899 3050 955 clamantis
3075 899 3136 952 in
3163 898 3386 953 deserto
3417 913 3432 950 :
3465 897 3678 950 Parate
3699 894 3870 949 viam

2186 995 2428 1064 Domini,
2457 1000 2638 1050 rectas
2665 995 2829 1049 facite
2858 993 3087 1048 semitas
3117 992 3259 1064 ejus.

2259 1091 2495 1158 Emponit
2514 1089 2813 1159 presbyter.

2259 1183 2473 1237 Marcus
2502 1180 2858 1252 Evangelista
2887 1179 3066 1235 leonis
3094 1193 3299 1250 gerens
3324 1176 3585 1248 ﬁguram
3608 1218 3624 1246 ,
3654 1192 3690 1230 a
3715 1175 3864 1232 soli-

2186 1274 2381 1330 tudine
2425 1273 2624 1346 incipit
2669 1273 2854 1328 dicere
2900 1289 2914 1327 :
2956 1273 3075 1326 Vox
3119 1269 3418 1325 clamantis
3455 1269 3521 1324 in
3572 1269 3867 1325 deserto:

2187 1369 2382 1422 Parate
2411 1367 2559 1421 viam
2590 1366 2836 1421 Domini.
2867 1365 2989 1420 Sive
3021 1363 3156 1436 quia
3184 1367 3389 1434 regnat
3415 1362 3698 1418 invictus.
3739 1363 3868 1417 Hu-

2180 1461 2276 1531 jus
2299 1459 2476 1515 leonis
2502 1459 2803 1514 multifarie
2832 1457 3150 1513 invenimus
3183 1455 3472 1528 exempla,
3503 1459 3576 1512 ut
3604 1471 3734 1511 non
3763 1472 3868 1510 va-

2189 1557 2276 1608 cet
2300 1553 2512 1608 dictum
2537 1553 2675 1607 illud
2705 1571 2720 1608 :
2768 1552 2910 1607 Juda
2953 1551 3101 1606 ﬁlius
3129 1565 3312 1620 meus,
3363 1549 3596 1605 catulus
3645 1549 3865 1610 leonis.

2189 1648 2257 1702 de
2286 1645 2540 1718 germine
2568 1645 2707 1700 mihi
2733 1645 3008 1700 recubans
3032 1687 3047 1712 ,
3079 1643 3340 1698 dormisti
3368 1647 3435 1698 ut
3480 1643 3575 1699 leo
3626 1648 3687 1699 et
3715 1645 3872 1699 sicut

461 1765 586 1820 dico
629 1765 802 1833 vobis,
849 1766 948 1838 qui
985 1737 1292 1823 manducet
1335 1784 1522 1824 meam
1561 1784 1810 1836 carnem,
1857 1772 1914 1822 et
1948 1767 2146 1838 hibit_
2189 1739 2406 1796 catulus
2433 1739 2640 1838 Ῑθοηίδί
2659 1737 3082 1838 (Ιιξίξιθκείίδξίί
3110 1737 3283 1838 eli-1n?

457 1875 653 1914 meum
701 1836 1076 1931 sanguinem,
1116 1861 1289 1916 habet
1334 1861 1505 1916 vitam
1545 1867 1836 1930 aeternam,
1881 1865 1937 1915 et
1983 1836 2165 1930 egoB

461 1952 801 2008 resuscitabo
825 1969 958 2008 eum
985 1954 1047 2008 in
1070 1954 1372 2010 novissimo
1399 1955 1509 2010 die.

830 2089 986 2128 IISSA
1025 2090 1078 2130 IN
1119 2091 1344 2130 εγιωοω
1380 2090 1723 2130 TRADITIONE.

534 2168 598 2220 In
625 2165 934 2234 Symbolum
959 2167 1034 2221 ad
1057 2169 1274 2222 aurium
1300 2171 1629 2238 apertionem
1665 2167 1740 2222 ad
1767 2168 1954 2222 electos
1972 2166 2018 2220 ⁸.

535 2263 798 2336 Aperturi
826 2265 1001 2336 vobis,
1030 2265 1322 2336 carissimi,
1354 2266 1672 2338 Evangelia,
1701 2265 1759 2320 id
1803 2270 1904 2332 est,
1948 2283 2086 2336 gau-

463 2358 556 2414 dia
581 2358 796 2427 divina;
840 2358 1000 2430 prius
1048 2359 1246 2414 ordine
1283 2359 1570 2414 insinuare
1613 2359 1884 2414 debemus
1907 2401 1920 2428 ,
1953 2359 2089 2431 quid

461 2451 828 2524 Evangelium
873 2453 964 2519 sit,
1013 2457 1069 2507 et
1094 2453 1245 2508 unde
1271 2453 1606 2518 descendat;
1649 2455 1706 2508 et
1748 2452 1907 2524 cujus
1931 2453 1992 2507 in
2024 2469 2090 2506 eo

460 2545 630 2601 verba
671 2550 986 2617 ponantur;
1039 2551 1095 2601 et
1141 2563 1314 2618 quare
1360 2551 1627 2618 quattuor
1668 2547 1780 2624 sint
1823 2545 1923 2617 qui
1967 2546 2090 2600 haec

463 2645 620 2712 gesta
644 2641 1022 2711 scripserunt;
1052 2639 1138 2694 vel
1169 2639 1268 2712 qui
1308 2645 1438 2694 sunt
1461 2639 1567 2711 ipsi
1593 2639 1634 2694 ii
1663 2644 1946 2711 quattuor,
1993 2639 2092 2710 qui

463 2733 651 2789 divino
687 2733 916 2804 Spiritu,
964 2733 1331 2788 adnuntiante
1373 2733 1670 2804 prOpheta,
1720 2737 1849 2788 ante
1887 2733 2092 2804 signati

463 2831 635 2883 sunt:
666 2842 738 2880 ne
780 2826 923 2880 forte
967 2826 1086 2880 sine
1128 2825 1233 2880 hac
1281 2826 1496 2880 ordinis
1536 2827 1752 2880 ratione
1795 2827 1882 2880 vel
1928 2842 2092 2880 causa

463 2923 754 2990 stuporem
787 2918 1192 2989 relinquamus,
1223 2923 1286 2973 ut
1315 2919 1413 2990 qui
1433 2919 1504 2972 ad
1529 2919 1634 2973 hoc
1660 2919 1888 2973 venistis
1917 2923 1979 2973 ut
1997 2935 2092 2972 au-

465 3028 554 3066 res
582 3011 738 3065 vobis
778 3010 1124 3081 aperiantur,
1152 3027 1226 3065 ne
1269 3011 1500 3082 incipiat
1539 3027 1732 3066 sensus
1763 3015 1944 3066 vester
1990 3011 2088 3066 ob-

463 3103 647 3159 tundi.
673 3103 1040 3174 Evangelium
1059 3103 1263 3158 dicitur
1285 3104 1532 3176 proprie,
1555 3105 1702 3159 bona
1721 3105 2088 3159 adnuntiatio.

463 3198 600 3262 Quae
645 3196 842 3268 utique
900 3197 1250 3252 adnuntiatio
1304 3201 1392 3252 est
1435 3199 1564 3252 Jesu
1616 3197 1818 3252 Christi

462 3291 660 3346 nostri.
692 3290 984 3350 Descendit
1008 3295 1197 3346 autem
1222 3291 1588 3362 Evangelium
1621 3291 1691 3345 ab
1716 3308 1784 3346 eo
1811 3292 1960 3362 quod
1987 3291 2086 3346 ad-

462 3383 688 3440 nuntiet
713 3389 770 3439 et
798 3384 1058 3439 ostendat
1076 3425 1093 3452 ,
1125 3385 1277 3455 quod
1305 3384 1350 3438 is
1376 3384 1474 3456 qui
1500 3402 1602 3456 per
1627 3385 1930 3456 prophetas
1961 3402 2090 3439 suos

461 3475 819 3549 loquebatur,
851 3477 1003 3533 venit
1028 3477 1088 3532 in
1115 3494 1282 3533 carne
1306 3519 1319 3547 ,
1349 3477 1490 3533 sicut
1515 3478 1787 3550 scriptum
1814 3484 1897 3534 est
1923 3495 1937 3533 :
1983 3478 2090 3543 Qui

462 3571 735 3644 loquebar
758 3587 882 3626 ecce
902 3571 1120 3626 adsum.
1147 3571 1497 3643 Explicantes
1517 3588 1656 3642 ergo
1683 3571 1928 3626 breviter
1952 3571 2088 3644 quid

464 3663 536 3720 sit
557 3664 942 3735 Evangelium,
969 3664 1056 3718 vel
1085 3665 1183 3736 qui
1203 3670 1333 3720 sunt
1357 3665 1397 3719 ii
1421 3671 1688 3737 quattuor
1711 3664 1810 3737 qui
1835 3683 1938 3737 per
1965 3683 2090 3736 pro-

461 3757 692 3831 phetam
716 3763 847 3813 ante
875 3757 1173 3813 monstrati
1198 3762 1350 3828 sunt,
1373 3775 1524 3813 nunc
1552 3759 1762 3830 figuras
1790 3764 1957 3830 atque
1983 3774 2087 3814 no-

463 3857 618 3912 mina
636 3857 858 3928 singula
875 3857 1238 3928 adsignemus
1259 3856 1500 3911 indiciis.
1516 3857 1608 3911 Ait
1633 3856 1789 3911 enim
1813 3857 2090 3928 Propheta

463 3949 757 4006 Ezechihel
780 3967 794 4004 :
823 3951 890 4005 Et
914 3949 1224 4004 similitudo
1249 3949 1438 4003 vultus
1463 3965 1660 4004 eorum
1685 3953 1752 4005 ut
1787 3949 1954 4004 facies
1981 3950 2087 4004 ho-

462 4043 652 4112 minis,
677 4047 743 4098 ut
766 4042 938 4097 facies
980 4042 1156 4096 leonis
1182 4058 1216 4096 a
1245 4042 1455 4096 dextris
1483 4042 1668 4111 illius;
1713 4048 1768 4097 et
1810 4042 1976 4098 facies
2007 4043 2086 4097 vi-

465 4136 594 4205 tuli,
622 4142 678 4191 et
719 4136 887 4190 facies
928 4135 1132 4206 aquilae
1157 4152 1190 4189 a
1217 4135 1454 4190 sinistris
1487 4135 1655 4190 illius.
1689 4137 1797 4190 Hos
1824 4140 2091 4208 quattuor

463 4231 567 4284 has
591 4227 802 4300 ﬁguras
831 4228 1102 4284 habentes
1127 4229 1506 4301 Evangelistas
1543 4245 1662 4286 esse
1690 4247 1804 4286 non
1852 4230 2089 4286 dubium

465 4327 572 4378 est.
603 4323 710 4378 Sed
750 4323 981 4378 nomina
1008 4338 1205 4378 eorum
1248 4321 1345 4394 qui
1383 4323 1680 4395 Evangelia
1723 4323 2085 4395 scripserunt,

463 4421 587 4477 haec
611 4424 744 4476 sunt
775 4438 788 4476 :
816 4422 1127 4491 Matthaaus,
1155 4421 1390 4489 Marcus,
1417 4421 1592 4476 Lucas
1609 4462 1624 4488 ,
1650 4422 1950 4477 Iohannes.

532 4542 658 4596 Post
685 4540 794 4594 hac
825 4540 952 4609 legit
972 4539 1247 4595 diaconus.

534 4637 699 4692 Liber
745 4638 1121 4709 generationis
1156 4639 1284 4693 Jesu
1327 4636 1533 4694 Christi
1580 4635 1680 4690 ﬁlii
1727 4635 1898 4692 David
1917 4676 1932 4705 ,
1985 4637 2086 4691 ﬁlii

461 4731 762 4788 Abraham.
790 4732 1074 4786 Abraham
1098 4731 1294 4804 genuit
1318 4732 1486 4798 Isaac,
1513 4731 1661 4785 Isaac
1683 4734 1874 4786 autem
1897 4730 2092 4802 genuit

459 4825 648 4895 Iacob,
675 4824 857 4881 Jacob’
879 4831 1071 4881 autem
1121 4825 1319 4897 genuit
1357 4825 1556 4880 ludam
1602 4828 1659 4880 et
1701 4815 1900 4880 fratres
1945 4824 2086 4894 ejus.

460 4917 662 4974 Christi
685 4924 878 4975 autem
909 4919 1198 4990 generatio
1225 4919 1302 4974 sic
1334 4923 1477 4975 erat.

529 5034 656 5088 Post
681 5032 790 5087 hac
820 5035 1020 5088 tractat
1045 5031 1073 5072 δ
1093 5032 1390 5102 presbyter.

535 5129 654 5184 Filii
680 5131 975 5197 carissimi,
1004 5145 1352 5202 exponamus
1375 5127 1532 5183 vobis
1551 5131 1617 5182 ut
1645 5142 1818 5199 quam
1844 5126 2084 5200 ﬁguram

459 5223 850 5295 unusquisque
870 5223 930 5278 in
949 5239 1006 5278 se
1028 5223 1328 5293 contineat,
1352 5227 1408 5278 et
1427 5238 1604 5295 quare
1629 5222 1922 5277 Matthaeus
1943 5223 2085 5294 ﬁgu-

458 5332 585 5372 ram
613 5316 860 5370 hominis
885 5316 1106 5371 habeat.
1135 5317 1272 5380 Quia
1289 5316 1454 5372 initio
1475 5332 1576 5372 suo
1600 5315 1744 5370 nihil
1769 5315 1921 5371 aliud
1943 5316 2082 5388 agit,

461 5409 573 5466 nisi
613 5409 957 5464 nativitatem
1002 5410 1316 5481 Salvatoris,
1349 5409 1502 5483 pleni
1531 5409 1742 5466 ordinis
1767 5410 2081 5482 generatio-

462 5517 565 5560 nes
588 5507 830 5559 enarrat.

530 5654 554 5683 '
593 5656 720 5740 Haec
763 5658 991 5740 aurium
1039 5657 1254 5740 aperti?
1287 5653 2085 5740 ‘praernittebaturntraditioni

459 5727 713 5798 Symboli
745 5744 758 5782 :
795 5747 922 5798 quae
949 5725 1173 5784 traditio
1213 5725 1384 5782 ﬁebat
1425 5725 1711 5798 Dominica
1763 5726 2083 5784 Palmarum

461 5797 530 5858 ex
555 5800 702 5858 notis
724 5801 796 5856 ad
811 5797 1236 5858 Lectionarium
1263 5797 1632 5853 Luxoviense.

529 5871 556 5916 ι)
595 5870 654 5928 ld
696 5876 782 5928 est
823 5873 1061 5942 emponit.
1090 5869 1232 5924 Hinc
1262 5871 1524 5925 tractam
1559 5869 1784 5925 Patrum
1821 5869 2082 5944 appellati

2621 1826 2808 1891 Incipit
2833 1825 3123 1876 secundum
3165 1827 3358 1876 Lucam
3369 1861 3381 1874 .

2260 1902 2412 1970 Legit
2440 1899 2716 1955 diaconus.

2259 1993 2387 2048 Fuit
2410 1993 2470 2048 in
2496 1993 2692 2048 diebus
2725 1992 2958 2048 Herodis
3001 1989 3153 2062 regis
3195 1991 3354 2045 Judaa
3398 1990 3681 2047 sacerdos
3730 1992 3870 2065 qui-

2189 2088 2342 2156 dam,
2371 2085 2600 2142 nomine
2625 2086 2937 2153 Zacharias,
2968 2085 3036 2140 de
3063 2083 3183 2139 vice
3214 2083 3387 2153 Abia,
3421 2087 3481 2139 et
3507 2101 3674 2141 uxor
3705 2086 3873 2142 illius

2190 2181 2259 2235 de
2287 2179 2508 2234 ﬁliabus
2534 2182 2740 2249 Aaron,
2771 2184 2827 2234 et
2850 2195 3059 2235 nomen
3087 2178 3211 2250 ejus
3242 2176 3561 2234 Elizabeth.

2259 2277 2497 2344 Exponit
2515 2275 2815 2344 presbyter.

2261 2367 2433 2421 Lucas
2471 2366 2815 2437 evangelista
2839 2366 3085 2437 speciem
3110 2365 3272 2420 vituli
3301 2368 3490 2436 gestat
3523 2381 3538 2420 :
3573 2365 3654 2420 ad
3689 2365 3868 2436 cujus

2189 2459 2368 2514 instar
2398 2460 2648 2516 Salvator
2673 2463 2866 2514 noster
2893 2463 2979 2514 est
3020 2459 3371 2514 immolatus.
3403 2459 3473 2513 Et
3503 2458 3644 2513 ideo
3679 2459 3871 2514 Lucas

2189 2552 2364 2609 vitulo
2391 2558 2766 2624 comparatur,
2791 2553 2925 2624 quia
2952 2553 3064 2608 duo
3089 2568 3321 2622 cornua,
3343 2551 3459 2608 duo
3474 2557 3866 2617 testamenta;

2191 2651 2246 2702 et
2271 2651 2540 2718 quattuor
2564 2647 2776 2718 pedum
2800 2646 3044 2717 ungulas
3068 2649 3338 2718 quattuor
3365 2645 3697 2717 Evangelia
3730 2662 3870 2701 con-

2190 2739 2464 2796 tinebant.

2561 2807 2767 2872 [Incipit
2788 2807 3078 2858 secundum
3111 2805 3452 2871 Johannem.]

2265 2890 2432 2962 [Legit
2459 2888 2758 2962 diaconus.]

2265 2986 2323 3038 ln
2349 2983 2628 3055 principio
2655 2987 2775 3038 erat
2814 2982 3058 3037 Verbum
3084 3023 3098 3052 ,
3128 2987 3185 3037 et
3209 2981 3462 3037 Verbum
3511 2987 3646 3037 erat
3696 2984 3859 3055 apud

2191 3078 2388 3144 Deum,
2419 3082 2474 3131 et
2499 3076 2648 3130 Deus
2675 3079 2797 3130 erat
2839 3075 3106 3130 Verbum.
3151 3076 3264 3129 Hoc
3294 3079 3418 3130 erat
3447 3075 3512 3130 in
3560 3076 3866 3148 principio

1871 3197 2092 3252 Domini
2111 3204 2166 3277 C
2190 3171 2365 3277 apud”
2385 3171 2586 3277 Deum.
2875 3184 2979 3240 per
3019 3169 3209 3240 ipsum
3238 3168 3390 3224 facta
3415 3174 3591 3240 sunt,
3646 3175 3710 3225 et
3739 3169 3866 3224 sine

2192 3264 2314 3336 ipso
2338 3264 2548 3318 factum
2577 3268 2660 3318 est
2684 3263 2847 3318 nihil.

2258 3361 2495 3428 Erponit
2515 3358 2816 3428 presbyter.

2257 3451 2496 3505 Joannes
2535 3451 2707 3506 habet
2726 3449 3160 3506 similitudinem
3187 3449 3395 3522 aquilae
3422 3491 3436 3517 ,
3476 3453 3645 3522 quod
3681 3453 3863 3508 nimis

2188 3544 2301 3598 alta
2327 3544 2572 3615 petierit.
2619 3543 2709 3598 Ait
2751 3543 2902 3599 enim
2941 3543 3114 3599 David
3159 3560 3230 3598 ex
3270 3560 3526 3616 persona
3577 3545 3804 3602 Christi
3845 3563 3859 3601 :

2188 3637 2565 3692 Renovabitur
2604 3637 2746 3691 sicut
2788 3636 2994 3708 aquilae
3033 3637 3306 3708 juventus
3348 3642 3474 3705 tua,
3508 3637 3573 3692 id
3606 3643 3700 3694 est
3730 3639 3866 3696 Jesu

2187 3730 2392 3785 Christi
2417 3729 2641 3786 Domini
2666 3729 2864 3798 nostri,
2895 3731 2994 3803 qui
3021 3746 3326 3802 resurgens
3369 3747 3406 3784 a
3454 3733 3722 3788 mortuis
3773 3751 3862 3788 as-

2189 3823 2377 3878 cendit
2400 3823 2460 3878 in
2486 3823 2672 3878 caelos.
2699 3823 2855 3878 Unde
2887 3823 3010 3894 jam
3055 3823 3214 3878 vobis
3261 3825 3562 3896 conceptis
3600 3842 3865 3898 regnans

2189 3916 2462 3987 gloriatur
2508 3917 2748 3972 Ecclesia
2767 3957 2782 3986 ,
2827 3933 2971 3972 nova
3017 3917 3246 3974 tendere
3299 3917 3661 3976 Christianae
3717 3921 3865 3994 legis

2188 4010 2439 4066 exordia.

2257 4107 2452 4174 Incipit
2477 4107 2736 4174 expositio
2762 4105 3004 4174 Symboli
3016 4117 3040 4146 ο
3055 4145 3067 4159 .

2257 4198 2618 4252 Sacramenta
2669 4197 2876 4268 divina,
2929 4198 3132 4254 fratres
3187 4198 3492 4271 carissimi,
3556 4216 3684 4256 non
3743 4208 3864 4258 tam

2187 4290 2538 4346 discutienda
2580 4295 2731 4361 sunt,
2775 4307 2946 4363 quam
2972 4292 3292 4359 credenda;
3324 4297 3384 4348 et
3411 4309 3523 4348 nec
3566 4297 3863 4352 credenda

2186 4385 2608 4454 tantummodo,
2657 4384 2754 4440 sed
2796 4390 2852 4440 et
2893 4385 3145 4441 timenda
3193 4403 3206 4440 :
3259 4402 3366 4442 nec
3413 4391 3619 4458 potest
3659 4395 3864 4446 tenere

2185 4475 2318 4532 ﬁdei
2360 4475 2736 4548 disciplinam,
2787 4477 2886 4549 qui
2929 4495 3044 4534 non
3073 4479 3342 4534 habuerit
3388 4480 3863 4540 fundamentum

2105 4570 2402 4647 Dtimoris
2454 4571 2700 4641 Domini,
2750 4571 2893 4627 sicut
2941 4573 3020 4628 ait
3067 4573 3335 4629 Salomon
3391 4591 3406 4628 :
3456 4575 3715 4633 Initium
3771 4595 3859 4632 sa-

2189 4664 2418 4737 pientiae
2445 4664 2616 4720 timor
2664 4665 2913 4721 Domini.
2961 4666 3067 4730 Qui
3113 4667 3267 4722 enim
3312 4666 3490 4724 timet
3533 4669 3865 4728 Dominum

2187 4764 2248 4818 in
2276 4763 2558 4834 omnibus,
2586 4780 2714 4836 quae
2744 4763 3012 4820 dicuntur
3035 4781 3068 4819 a
3109 4767 3222 4820 Deo
3246 4808 3261 4835 ,
3299 4771 3358 4821 et
3387 4766 3630 4838 sapiens
3662 4775 3779 4839 est,
3811 4779 3863 4827 et

2187 4856 2386 4913 ﬁdelis.
2437 4857 2766 4928 Symbolum
2807 4858 2984 4929 igitur
3021 4858 3190 4914 hodie
3219 4860 3474 4915 audituri
3514 4865 3665 4920 estis
3691 4908 3709 4934 ,
3741 4867 3862 4923 sine

2187 4967 2299 5024 quo
2328 4967 2433 5006 nec
2458 4951 2709 5006 Christus
2733 4952 3055 5007 adnuntiari
3080 4957 3286 5025 potest,
3315 4970 3426 5010 nec
3453 4955 3609 5012 ﬁdes
3641 4961 3858 5028 teneri,

2185 5061 2290 5100 nec
2316 5045 2582 5116 baptismi
2609 5045 2792 5116 gratia
2819 5047 3112 5102 celebrari.
3143 5047 3486 5119 Symbolum
3514 5057 3610 5108 est
3658 5054 3858 5127 signa-

2185 5139 2376 5193 culum
2401 5137 2531 5192 tidei
2556 5139 2866 5209 catholicae,
2896 5147 3322 5196 sacramentum
3347 5143 3667 5215 religionis
3699 5154 3861 5204 aeter-

2183 5248 2296 5288 nae.
2345 5233 2450 5286 Vos
2493 5249 2653 5304 ergo,
2698 5238 3102 5305 competentes,
3131 5251 3263 5290 cum
3307 5236 3473 5291 omni
3517 5244 3858 5298 reverentia

2183 5330 2500 5397 praeparate
2545 5342 2741 5382 sensus
2769 5332 3013 5398 vestros;
3043 5328 3236 5384 audite
3261 5329 3656 5404 Symbolum,
3705 5337 3858 5410 quod

2183 5418 2341 5472 vobis
2370 5418 2535 5476 hodie
2582 5425 2837 5478 materno
2865 5438 2961 5477 ore
2991 5425 3184 5477 sancta
3219 5423 3499 5480 catholica
3529 5429 3726 5487 tradit
3756 5431 3854 5486 Ec-

2183 5507 2366 5567 clesia.

2184 5672 2381 5730 eorum
2407 5671 2693 5730 sermones
2717 5653 2786 5712 de
2812 5657 3120 5730 Scriptura.

2253 5741 2275 5769 ο
2301 5729 2503 5811 Confer
2530 5729 2824 5811 homiliam
2849 5729 3028 5811 sancti
3327 5733 3600 5810 episcopi
3643 5741 3851 5799 Tauri-

2181 5800 2372 5858 nensis
2396 5801 2465 5856 de
2494 5800 2837 5874 expositione
2867 5800 3137 5874 Symboli.
