3970 6430
173 369 266 422 489

642 361 1258 420 SACRAMENTARIL’M-
1287 324 1728 422 GALLICANUM.
1772 394 1777 403 η

1881 364 2242 423 LECTIONES
2277 365 2363 422 DE
2399 365 2714 424 ADVENTU
2751 365 3008 424 DOMINI.

3393 371 3499 426 490

232 470 400 526 Credo
425 469 486 525 in
512 469 696 525 Deum
719 472 944 527 Patrem
981 473 1446 544 omnipotentem,
1478 477 1782 528 creatorem
1805 486 1863 560 Α
1885 474 2153 546 Spiritum
2174 479 2430 530 sanctum
2458 475 2636 531 Deum
2661 479 2716 531 te
2745 491 2970 532 necesse
2996 476 3080 530 est
3098 473 3374 531 conﬁteri.
3402 477 3498 532 Hic

171 565 284 621 celi
305 569 360 620 et
378 568 566 619 terrae.
611 563 788 620 Credo
813 565 874 619 in
911 565 1103 620 Jesum
1128 566 1410 622 Christum
1437 566 1638 622 Filium
1664 567 1783 638 ejus

168 657 514 730 unigenitum
531 657 964 728 sempiternum.
985 659 1329 730 Conceptum
1351 660 1418 715 de
1439 659 1628 730 Spritu
1653 676 1780 714 san-

167 755 264 818 cto,
311 755 508 806 natum
553 767 626 805 ex
668 751 838 806 Maria
883 751 1134 824 virgine;
1177 769 1406 825 passum
1444 753 1547 808 sub
1589 753 1783 808 Pontio

167 844 344 914 Pilato,
373 843 730 913 cruciﬁxum,
773 849 1093 914 mortuum,
1129 851 1184 900 et
1221 847 1523 917 sepultum.
1553 847 1783 901 Descen-

166 937 239 992 dit
255 937 320 992 ad
339 936 584 1006 inferna,
619 937 785 992 tertia
803 938 893 992 die
931 938 1240 994 resurrexit
1261 955 1294 993 a
1315 939 1571 994 mortuis.
1587 941 1784 994 Ascen-

165 1031 238 1086 dit
259 1030 325 1085 ad
358 1030 543 1100 cmlos,
575 1031 719 1086 sedit
758 1031 830 1085 ad
869 1031 1158 1086 dexteram
1191 1031 1287 1086 Dei
1313 1033 1492 1087 Patris
1529 1032 1782 1103 omnipo-

163 1123 318 1180 tentis
362 1140 375 1177 :
420 1124 554 1179 inde
601 1128 875 1179 venturus
910 1125 1166 1195 judicare
1209 1125 1360 1180 vivos
1407 1129 1464 1180 et
1507 1130 1778 1180 mortuos.

163 1217 324 1272 Credo
379 1215 440 1270 in
492 1215 769 1289 Spiritum
833 1223 1111 1288 sanctum,
1163 1223 1414 1274 sanctam
1482 1218 1781 1272 Ecclesiam

163 1309 499 1377 catholicam,
530 1311 865 1366 Sanctorum
889 1311 1366 1381 communionem,
1394 1311 1779 1366 remissionem

160 1407 526 1474 peccatorum,
560 1403 746 1459 carnis
776 1404 1266 1474 resurrectionem,
1288 1405 1460 1459 vitam
1489 1407 1776 1458 aeternam.

159 1498 350 1551 Amen.

223 1589 578 1661 Repetendus
603 1589 762 1645 vobis
788 1593 894 1658 est,
925 1589 1294 1659 dilectissimi,
1327 1605 1510 1644 sermo
1535 1588 1777 1661 Symboli

159 1680 334 1752 hujus,
380 1682 628 1754 qualiter
669 1699 754 1753 ea,
801 1699 929 1754 quae
973 1683 1235 1753 dicimus,
1287 1683 1484 1738 vestris
1525 1683 1779 1737 sensibus

159 1773 347 1830 melius
373 1775 723 1830 inserantur.
753 1775 921 1831 Credo
951 1777 1010 1830 in
1033 1779 1220 1831 Deum.
1249 1775 1432 1830 Tertia
1455 1775 1634 1846 igitur
1661 1775 1778 1830 vice

1882 574 1966 624 est
1990 569 2142 624 enim
2167 569 2404 640 Spiritus
2429 573 2669 638 sanctus,
2692 569 2790 642 qui
2811 568 3102 642 egreditur
3127 585 3158 623 a
3184 570 3346 626 Patre
3367 569 3414 640 ⁸,
3431 569 3500 626 de

1882 661 2099 734 quoﬁait
2125 662 2373 718 Salvator
2397 663 2576 718 beatis
2606 661 2872 734 apostolis
2899 662 3014 716 suis
3055 679 3069 716 :
3099 663 3195 729 Ite,
3225 662 3500 734 baptizata

1881 771 2076 810 omnes
2103 761 2296 828 gentes
2339 755 2399 810 in
2436 756 2670 810 nomine
2703 755 2879 810 Patris
2915 761 2972 810 et
3003 755 3126 810 Filii
3172 760 3228 810 et
3263 755 3501 827 Spiritus

1881 849 2074 904 sancti.
2098 850 2218 904 Non
2241 853 2425 920 potest
2450 849 2623 904 videri
2659 847 2984 920 separabilis
3009 849 3234 918 virtute,
3263 849 3362 920 qui
3387 864 3500 904 non

1881 945 2064 1013 potest
2087 941 2144 996 in
2173 943 2402 998 nomine
2428 941 2694 1013 separari.
2721 943 2978 998 Sanctam
3004 943 3296 996 Ecclesium
3319 944 3499 997 catho-

1883 1036 2041 1090 licam
2064 1038 2424 1090 remissionem
2446 1040 2809 1106 peccatorum,
2839 1037 3020 1089 carnis
3039 1037 3498 1099 resurrectionem,

1881 1131 2047 1183 vitam
2085 1133 2355 1183 aeternam.
2391 1128 2508 1182 Nisi
2551 1127 2849 1182 credideris
2893 1127 3194 1182 Ecclesium
3240 1127 3338 1184 Dei
3382 1144 3504 1184 san-

1881 1227 2049 1289 ctam,
2075 1239 2192 1276 non
2215 1226 2372 1293 potes
2395 1221 2454 1276 in
2479 1221 2718 1276 Ecclesia
2737 1221 2833 1276 Dei
2854 1221 3000 1276 dona
3035 1220 3346 1292 percipere.
3377 1223 3506 1278 Pro-

1879 1319 2006 1386 pter
2024 1315 2130 1370 hoc
2155 1331 2270 1370 una
2297 1331 2426 1369 cum
2451 1316 2612 1369 Patre
2634 1319 2689 1368 et
2708 1313 2864 1384 Filio,
2887 1319 2942 1369 et
2959 1313 3230 1385 Spiritum
3247 1319 3502 1370 sanctum

1879 1407 2159 1479 professus
2187 1424 2244 1462 es
2270 1409 2452 1462 Deum
2471 1449 2484 1476 ,
2519 1412 2580 1460 ut
2605 1423 2706 1477 per
2736 1407 2977 1477 gratiam
3007 1405 3270 1478 baptismi
3299 1424 3499 1478 pecca-

1879 1505 2069 1556 torum
2096 1501 2199 1555 tibi
2224 1501 2479 1555 remissio
2505 1501 2862 1569 concedatur,
2891 1502 2948 1554 et
2965 1499 3148 1553 carnis
3174 1506 3284 1555 tua;
3311 1517 3497 1555 resur-

1877 1595 2050 1649 rectio
2080 1597 2377 1664 reparatur
2410 1593 2471 1648 in
2518 1599 2814 1649 aeternum.
2851 1593 2966 1647 Nisi
3007 1592 3160 1648 enim
3200 1593 3500 1649 credideris

1877 1685 2102 1741 dimissa
2128 1686 2228 1740 tibi
2258 1691 2482 1757 peccata
2511 1691 2625 1756 tua,
2653 1686 2940 1740 absolutus
2969 1701 3088 1741 esse
3116 1701 3234 1741 non
3268 1686 3496 1758 poteris.

1879 1779 1992 1833 Nisi
2021 1779 2322 1834 credideris
2347 1779 2532 1834 carnis
2573 1778 2982 1834 resurrectione
3023 1779 3409 1850 reparandum
3448 1783 3500 1833 te

160 1870 217 1920 ut
253 1867 322 1922 ad
373 1867 602 1940 reliqua
653 1868 926 1940 capienda
972 1869 1220 1924 ﬁdeliore
1273 1883 1443 1923 cursu
1486 1868 1780 1939 pervenire
1799 1858 1856 1930 B
1881 1887 1998 1926 esse
2028 1877 2154 1942 post
2177 1876 2441 1942 mortem,
2473 1873 2543 1927 ad
2571 1873 2821 1928 fructum
2846 1871 2975 1927 vitae
3003 1877 3289 1943 perpetuae
3309 1871 3499 1929 venire

158 1960 444 2032 possimus,
485 1961 630 2016 ordo
669 1961 920 2032 Symboli
957 1961 1331 2016 recensendus
1357 1965 1440 2016 est
1469 1977 1483 2015 :
1511 1960 1678 2015 Credo
1719 1963 1777 2014 in

156 2055 331 2109 Deum.
359 2055 498 2108 Ecce
545 2054 809 2109 addidisti
837 2057 1267 2125 omnipotentem,
1301 2059 1356 2109 et
1382 2053 1654 2108 veraciter
1676 2053 1776 2108 ad-

155 2146 349 2202 didisti.
380 2147 536 2202 Nihil
567 2148 636 2202 de
660 2147 1029 2218 promissione
1059 2147 1300 2217 difﬁdas,
1324 2147 1421 2202 sed
1440 2163 1666 2202 securus
1689 2161 1779 2202 ex-

153 2243 322 2311 pecta,
351 2241 397 2294 si
422 2240 609 2295 credis
640 2241 775 2312 quia
796 2241 1153 2312 omnipotens
1169 2246 1252 2295 est
1266 2241 1366 2312 qui
1392 2239 1690 2311 promittit.
1715 2240 1779 2294 Et

152 2335 205 2386 in
227 2336 398 2389 Jesum
421 2335 703 2392 Christum
726 2335 928 2389 Filium
949 2335 1065 2403 ejus
1092 2337 1331 2397 unicum,
1354 2335 1637 2389 Dominum
1681 2347 1775 2387 no-

149 2431 327 2482 strum.
360 2429 472 2482 Hoc
503 2433 592 2483 est
621 2427 764 2482 illud
809 2433 1226 2482 sacramentum
1269 2427 1420 2482 ﬁdei.
1469 2426 1585 2480 Nisi
1625 2425 1777 2481 enim

151 2519 340 2576 Filium
365 2521 468 2576 Dei
493 2525 622 2576 tota
655 2525 846 2576 mente
875 2521 1200 2588 credideris,
1230 2523 1451 2576 Patrem
1477 2535 1592 2573 non
1620 2524 1777 2590 potes

151 2615 414 2670 conﬁteri.
442 2615 626 2670 Crede
653 2631 790 2686 ergo
816 2613 1019 2669 Filium
1055 2614 1152 2669 Dei
1191 2613 1552 2684 unigenitum
1578 2612 1648 2666 ab
1687 2612 1773 2666 in-

151 2708 348 2779 genito,
371 2709 663 2764 viventem
695 2725 728 2762 a
748 2707 988 2778 vivente,
1020 2724 1218 2762 verum
1241 2707 1308 2762 de
1339 2722 1487 2760 vero.
1525 2707 1627 2771 Qui
1659 2721 1777 2759 con-

153 2807 325 2872 ceptus
352 2807 430 2856 est
457 2803 526 2856 de
559 2802 773 2872 Spiritu
809 2807 1014 2864 sancto,
1040 2807 1204 2856 natus
1243 2817 1308 2855 ea:
1342 2802 1523 2856 Maria
1546 2801 1770 2866 virgine.

151 2893 410 2966 Spiritum
436 2900 704 2950 sanctum
731 2894 891 2948 audis
920 2899 1213 2949 auctorem
1251 2911 1264 2948 :
1296 2910 1367 2948 ne
1410 2892 1630 2947 dubites
1671 2891 1776 2944 vir-

151 2982 333 3054 ginem
355 2984 618 3056 potuisse
647 2972 964 3054 conc‘ipere.
1012 2985 1124 3037 Hoc
1150 2988 1236 3038 est
1263 2982 1414 3054 quod
1440 2981 1518 3036 ait
1543 2981 1774 3051 angelus

148 3075 397 3132 Gabrihel
423 3077 497 3132 ad
523 3076 763 3132 Mariam
791 3076 984 3130 dicens
1013 3092 1026 3130 :
1055 3076 1294 3148 Spiritus
1330 3078 1554 3130 sanctus
1591 3073 1775 3128 veniet

145 3167 200 3223 in
223 3174 296 3240 te,
323 3175 382 3226 et
404 3171 590 3226 virtus
626 3169 899 3224 Altissimi
943 3169 1302 3225 obumbrabit
1342 3171 1464 3228 tibi.
1510 3175 1622 3228 Cur
1658 3190 1774 3228 non

1876 1981 1991 2020 non
2017 1965 2246 2036 poteris.

1948 2059 2238 2114 REPLETUM
2275 2074 2366 2113 EST
2395 2057 2441 2112 δ.

1909 2159 2082 2209 Lectio
2107 2159 2248 2210 Isaiae
2275 2158 2542 2224 prophetae
2569 2157 2798 2220 legenda
2831 2157 2885 2207 in
2909 2157 3186 2208 traditione
3211 2158 3457 2224 Symboli.
3562 2147 3570 2156 ’

1949 2246 2076 2299 Haec
2123 2245 2256 2300 dicit
2287 2243 2557 2298 Dominus
2585 2259 2600 2294 :
2631 2243 2766 2298 Ecce
2803 2242 2990 2314 justus
3025 2243 3200 2314 perit,
3241 2247 3299 2298 et
3332 2260 3500 2301 nemo

1877 2342 1961 2393 est
1984 2339 2082 2410 qui
2107 2337 2382 2408 recogitet
2407 2337 2466 2390 in
2495 2336 2660 2390 corde
2690 2353 2831 2391 suo:
2875 2341 2930 2392 et
2971 2335 3078 2390 viri
3115 2337 3502 2395 misericordes

1877 2431 2309 2502 excolliguntur,
2357 2430 2490 2501 quia
2525 2445 2640 2483 non
2681 2433 2766 2484 est
2809 2429 2907 2500 qui
2935 2429 3244 2500 intellegat.
3283 2434 3330 2485 A
3356 2431 3498 2486 facie

1877 2524 2028 2580 enim
2059 2523 2289 2578 malitiae
2315 2523 2577 2577 collectus
2604 2527 2687 2575 est
2705 2522 2912 2592 justus.
2944 2522 3143 2577 Veniat
3165 2539 3295 2593 pax,
3323 2528 3380 2578 et
3406 2540 3498 2580 re-

1875 2617 2122 2689 quiescat
2150 2617 2209 2670 in
2233 2616 2414 2671 cubile
2445 2631 2565 2669 suo.
2596 2616 2701 2668 Vos
2736 2620 2927 2669 autem
2954 2614 3197 2669 accedite
3223 2615 3356 2685 huc,
3395 2616 3499 2672 ﬁlii

1875 2709 2295 2781 auguriatricis,
2337 2725 2533 2763 semen
2568 2707 2809 2762 adulteri
2847 2712 2902 2762 et
2959 2707 3264 2763 fornicarii.
3321 2709 3502 2780 Super

1875 2819 2046 2874 quem
2072 2802 2318 2856 lusistis?
2360 2817 2527 2873 super
2561 2817 2732 2872 quem
2760 2799 3027 2854 dilatastis
3053 2817 3136 2868 os,
3179 2805 3237 2855 et
3262 2801 3500 2872 ejecistis

1873 2896 2165 2967 linguam?
2196 2896 2334 2950 Nam
2365 2894 2463 2966 qui
2495 2893 2758 2948 ﬁduciam
2794 2893 2964 2948 habet
3000 2893 3135 2963 mei,
3165 2893 3502 2950 hereditabit

1875 2993 2104 3058 terram,
2146 2993 2203 3044 et
2235 2987 2543 3059 possidebit
2581 2991 2836 3042 montem
2869 2990 3124 3042 sanctum
3165 3003 3380 3054 meum,
3423 2987 3501 3042 ait

1875 3082 2146 3138 Dominus
2171 3083 2345 3137 Deus.

2182 3182 2411 3246 Epistola
2428 3181 2564 3231 Petri
2585 3180 2808 3245 apostoli
2833 3179 2896 3230 ad
2923 3184 3122 3244 gentes.

146 3220 200 3223 ψ
229 3220 296 3240 η,
328 3220 380 3226 --
415 3220 586 3226 .-_-_-
627 3220 898 3224 --μη-η
953 3220 1300 3225 -_--m_-
1347 3220 1464 3228 π--.
1515 3220 1614 3228 ν..-
1660 3220 1774 3228 ..---
2183 3220 2448 3246 -,.---....
2469 3220 2564 3231 --..
2585 3220 2808 3245 ..ιη-,νη
2833 3220 2896 3230 --
2923 3220 3122 3244 ,νυ-ν...

146 3263 314 3318 credis
368 3281 506 3319 eum
557 3263 618 3317 in
656 3267 818 3318 utero
868 3261 1104 3334 virginis
1148 3263 1439 3318 hominem
1480 3265 1771 3336 ﬁgurasse,
1794 3220 1848 3295 Ο
1945 3273 2182 3341 Fratres,
2212 3271 2270 3326 in
2303 3273 2409 3326 hoc
2442 3271 2618 3326 vocati
2649 3271 2802 3340 estis,
2843 3270 2976 3342 quia
3010 3271 3265 3326 Christus
3304 3289 3496 3345 passus

145 3370 306 3427 quem
329 3357 516 3412 credis
542 3355 840 3412 hominem
868 3355 1063 3411 fecisse
1090 3355 1159 3410 de
1185 3361 1334 3411 terra
1350 3359 1378 3412 ?
1414 3359 1523 3412 Nec
1550 3359 1776 3414 Mariam

143 3449 357 3506 dubites
391 3450 690 3522 virginem
737 3449 1008 3504 mansisse
1045 3454 1172 3519 post
1195 3455 1446 3520 partum,
1474 3453 1626 3522 quod
1648 3455 1776 3508 ante

141 3543 312 3598 multa
334 3548 605 3615 tempora
627 3543 908 3614 propheta
936 3541 1120 3597 Esaias
1147 3542 1367 3613 cecinit,
1391 3544 1580 3599 dicens
1603 3561 1616 3600 :
1641 3546 1776 3600 Ecce

139 3635 292 3708 virgo
321 3636 378 3692 in
404 3642 580 3692 utero
612 3635 870 3706 accipiet,
907 3639 964 3690 et
1000 3635 1180 3706 pariet
1221 3635 1422 3692 ﬁlium.
1462 3639 1574 3692 Hoc
1603 3637 1776 3692 divini

141 3729 343 3802 eloquii
369 3730 716 3786 auctoritate
739 3728 1087 3784 credendum
1115 3733 1219 3784 est.
1256 3730 1482 3785 Passum
1501 3731 1601 3785 sub
1633 3733 1772 3786 Pon-

141 3826 210 3878 tio
250 3825 452 3888 Pilato,
486 3824 832 3893 cruciﬁmum,
875 3827 1146 3877 mortuum
1190 3827 1242 3876 et
1282 3825 1568 3892 sepultum.
1616 3824 1778 3879 Nulla

141 3923 192 3976 te
217 3921 522 3994 trepidatio
551 3921 624 3976 de
653 3919 880 3975 Domini
905 3920 988 3975 tui
1019 3919 1276 3992 passione
1301 3921 1610 3976 confundat
1639 3940 1653 3977 :
1683 3923 1774 3977 ni-

139 4013 217 4069 hil
240 4015 309 4070 de
335 4032 530 4086 cruce,
564 4014 713 4069 nihil
739 4014 809 4069 de
829 4013 1120 4085 sepultura
1145 4014 1409 4083 verearis.
1437 4015 1558 4070 Non
1582 4015 1691 4070 fuit
1717 4015 1776 4070 in

137 4107 228 4164 illo
247 4109 344 4182 qui
373 4113 427 4166 te
454 4108 708 4165 redemit
729 4107 1049 4179 fragilitatis
1073 4107 1390 4177 inﬁrmitas,
1419 4109 1517 4163 sed
1553 4109 1775 4180 pietatis

137 4203 404 4259 ofﬁcium.
433 4204 594 4258 Crux
620 4201 772 4256 illius
799 4204 966 4256 tuum
991 4199 1236 4272 regnum
1277 4205 1360 4256 est
1389 4217 1404 4253 :
1435 4218 1590 4256 mors
1628 4202 1777 4257 illius

135 4301 229 4351 tua
253 4303 339 4352 est
355 4297 495 4352 vita.
517 4295 805 4351 Descendit
831 4295 906 4348 ad
924 4297 1162 4363 inferna,
1191 4297 1350 4348 tertia
1372 4296 1460 4350 die
1479 4298 1776 4351 resurrexit

135 4407 168 4444 a
193 4393 420 4447 mortuis
443 4407 462 4442 :
493 4389 747 4445 ascendit
771 4391 830 4442 in
850 4389 1025 4456 caios,
1047 4389 1189 4442 sedit
1207 4388 1282 4442 ad
1300 4389 1578 4444 dexteram
1595 4391 1776 4444 Patris
1838 4394 1846 4402 '

135 4487 537 4556 omnipotentis.
561 4483 621 4538 Si
641 4485 695 4538 te
717 4481 979 4537 triduana
992 4480 1213 4536 Domini
1236 4481 1316 4535 tui
1333 4483 1620 4554 sepultura
1638 4499 1773 4537 con-

1875 3369 1960 3420 est
1985 3382 2086 3436 pro
2110 3365 2286 3434 vobis,
2317 3365 2640 3436 relinquens
2667 3363 2820 3418 vobis
2847 3363 3195 3435 exemplum,
3223 3368 3287 3420 ut
3309 3382 3502 3438 sequa-

1874 3459 2014 3513 mini
2039 3458 2274 3529 vestigia
2299 3459 2440 3529 ejus.
2471 3456 2577 3521 Qui
2603 3459 2897 3528 peccatum
2927 3472 3046 3511 non
3073 3456 3225 3526 fecit,
3253 3475 3358 3514 nec
3408 3459 3496 3515 in-

1873 3555 2074 3608 ventus
2113 3557 2197 3607 est
2233 3552 2392 3606 dolus
2435 3549 2492 3604 in
2523 3565 2618 3604 ore
2657 3549 2797 3620 ejus.
2826 3549 2930 3614 Qui
2960 3565 3090 3604 cum
3136 3551 3496 3608 maledicere-

1874 3649 1987 3714 tur,
2010 3661 2124 3700 non
2145 3643 2579 3699 remaledicebat
2599 3659 2615 3710 ;
2639 3658 2769 3696 cum
2783 3645 3090 3714 pateretur,
3116 3658 3232 3698 non
3255 3645 3498 3700 commi-

1874 3739 2136 3794 nabatur.
2169 3737 2443 3792 Tradebat
2467 3740 2658 3790 autem
2683 3752 2741 3790 se
2769 3734 3046 3806 judicanti
3065 3748 3089 3776 ο
3119 3734 3347 3807 injuste.
3389 3737 3498 3802 Qui

1874 3836 2098 3904 peccata
2144 3834 2336 3886 nostra
2384 3829 2630 3902 portavit
2671 3829 2732 3884 in
2768 3844 3004 3900 corpore
3064 3845 3164 3882 suo
3218 3846 3388 3901 super
3424 3830 3495 3886 1i-

1877 3941 2056 3998 gnum
2079 3943 2092 3980 :
2118 3930 2180 3980 ut
2203 3923 2442 3996 peccatis
2470 3923 2697 3992 mortui,
2719 3922 2952 3994 justitiaa
2979 3921 3309 3978 viveremus.
3325 3923 3499 3996 Cujus

1872 4019 2045 4074 livore
2071 4019 2248 4074 sanati
2279 4034 2493 4072 sumus.
2524 4017 2706 4072 Eratis
2726 4015 2881 4071 enim
2896 4015 3042 4071 sicut
3059 4032 3189 4072 oves
3208 4021 3492 4074 errantes:

1877 4113 1973 4168 sed
1997 4111 2252 4167 conversi
2289 4111 2420 4166 estis
2462 4126 2614 4166 nunc
2638 4109 2710 4165 ad
2734 4113 3015 4182 pastorem
3056 4114 3112 4165 et
3150 4110 3497 4168 visitatorem

1875 4205 2194 4262 animarum
2217 4208 2553 4260 vestrarum.

2008 4307 2182 4358 Lectio
2207 4305 2371 4356 sancti
2398 4303 2663 4368 Evangelii
2689 4302 2976 4355 secundum
2997 4303 3282 4355 Iohannem
3308 4307 3355 4356 d.

1948 4392 2007 4446 In
2034 4392 2130 4446 illo
2156 4394 2428 4462 tempore,
2459 4396 2589 4445 ante
2632 4407 2730 4444 sex
2771 4389 2887 4443 dies
2927 4388 3155 4444 Pascha
3195 4390 3345 4446 venit
3382 4393 3492 4448 Do—

1874 4485 2064 4540 minus
2090 4486 2248 4540 Jesus
2270 4482 2498 4538 Bethani
2508 4500 2622 4552 am,
2645 4482 2742 4536 ubi
2760 4482 2944 4536 fuerat
2961 4481 3197 4536 Lazarus
3216 4488 3494 4555 mortuus,

133 4579 340 4649 turbat,
387 4575 736 4634 resurrectio
788 4575 971 4648 magis
1013 4580 1226 4630 aeterna
1259 4575 1572 4631 conﬁrmet.
1614 4577 2048 4662 Quid-unem
2085 4577 2365 4632 suscitavit
2404 4579 2580 4632 Iesus.
2626 4576 2899 4630 Fecerunt
2935 4578 3125 4629 autem
3181 4573 3231 4630 ei
3279 4592 3494 4634 caenam

135 4672 268 4744 quid
308 4669 668 4726 inﬁrmitatis
709 4669 872 4724 audis
915 4669 974 4724 in
1019 4667 1263 4741 Christo,
1308 4669 1642 4741 mysterium
1676 4674 1776 4726 est.

135 4765 273 4821 Illud
301 4771 504 4821 tamen
531 4766 760 4835 oportet
783 4762 997 4832 mirari,
1027 4764 1177 4834 quod
1203 4764 1275 4832 ei,
1309 4763 1398 4818 cui
1423 4763 1623 4818 caelum
1656 4779 1775 4818 me-

134 4858 242 4914 rito
266 4859 615 4927 debebatur,
639 4872 865 4912 crucem
896 4873 1000 4928 pro
1024 4861 1080 4911 te
1105 4856 1442 4928 contempsit
1478 4856 1776 4912 sustinere.

135 4951 186 5008 Si
219 4953 406 5010 credis
456 4969 528 5006 ea
577 4967 705 5022 qua:
744 4950 844 5005 tibi
877 4951 1158 5020 videntur,
1199 4951 1362 5006 crede
1415 4954 1470 5005 et
1511 4950 1608 5004 illa
1653 4966 1779 5022 quae

105 5027 342 5118 lnegare
364 5062 492 5101 non
527 5049 714 5116 potest
745 5043 804 5098 in
836 5043 1035 5114 gloria.
1070 5045 1204 5099 Inde
1240 5049 1499 5099 venturus
1523 5045 1780 5113 judicare

133 5144 278 5196 vivos
301 5147 355 5196 et
379 5143 654 5196 mortuos.
687 5137 828 5192 Ecce
853 5137 945 5192 ille
969 5137 1068 5216 qui
1094 5138 1164 5192 ab
1205 5137 1415 5210 iniquis
1441 5143 1525 5193 est
1555 5137 1776 5208 judica—

135 5237 222 5288 tus
247 5234 309 5288 in
335 5234 533 5302 terris,
565 5231 636 5286 de
663 5230 794 5285 sede
822 5230 1030 5285 cailesti
1050 5231 1406 5301 judicaturus
1452 5231 1697 5286 advenit.
1724 5231 1780 5287 Si

125 5326 451 5397 judicatum
479 5323 746 5396 despicis,
757 5323 1010 5394 judicem
1023 5325 1377 5396 pertimesce.
1401 5325 1568 5380 Credo
1588 5328 1646 5378 in
1661 5325 1780 5395 Spi-

133 5423 298 5476 ritum
336 5425 622 5475 sanctum.
655 5417 710 5472 Si
736 5417 1019 5472 credidisti
1045 5418 1222 5472 Deum
1265 5419 1486 5473 Patrem
1515 5418 1777 5490 omnipo-

131 5517 370 5586 tentem,
400 5517 464 5570 et
488 5513 556 5567 in
583 5511 790 5566 Filium
841 5511 963 5582 ejus
985 5511 1350 5582 unigenitum
1375 5529 1481 5583 per
1505 5511 1694 5577 ﬁdem,
1723 5515 1781 5567 et

201 5657 227 5688 ⁸
254 5657 427 5714 Nulla
450 5655 554 5711 hic
581 5653 792 5708 mentio
835 5653 910 5725 de
938 5653 1291 5725 processione
1329 5625 1416 5709 ex
1436 5653 1596 5723 Filio,
1624 5654 1780 5709 nulla

131 5731 264 5786 item
292 5731 449 5785 infra
473 5727 542 5781 in
569 5725 814 5796 quadam
838 5724 1006 5779 missa
1029 5725 1379 5796 Dominicali.

199 5800 228 5843 ιο
256 5800 452 5870 Forte,
479 5795 783 5868 Expletum
808 5801 904 5860 est,
942 5795 1094 5870 quod
1121 5795 1300 5852 minio
1325 5796 1673 5869 descriptum
1718 5797 1779 5852 in

130 5871 353 5930 Codice.

467 5966 754 6032 Pn'aon.
799 5964 1033 6030 LXXII.

1875 4673 1975 4739 ibi,
2007 4676 2064 4727 et
2100 4671 2312 4726 Martha
2337 4668 2690 4724 ministrabat
2717 4687 2731 4724 :
2761 4669 2997 4722 Lazarus
3027 4684 3159 4723 vero
3198 4685 3344 4723 unus
3377 4678 3498 4728 erat

1878 4783 1946 4822 ex
1984 4763 2464 4821 discumbentibus
2499 4779 2630 4817 cum
2661 4778 2746 4817 eo.
2782 4761 2950 4816 Maria
2989 4777 3126 4833 ergo
3182 4763 3396 4834 accepit
3435 4764 3500 4819 li-

1877 4860 2038 4915 bram
2092 4857 2370 4930 unguenti
2407 4855 2571 4912 nardi
2604 4849 2786 4928 pistici
2819 4853 3076 4926 preciosi,
3128 4856 3292 4910 unxit
3329 4857 3498 4927 pedes

1877 4953 2097 5008 Domini
2129 4955 2278 5022 Jesu,
2326 4957 2382 5006 et
2415 4951 2650 5006 extersit
2690 4949 2905 5022 capillis
2929 4947 3042 5002 suis
3067 4947 3238 5018 pedes
3269 4950 3411 5020 ejus,
3441 4957 3499 5008 et

1878 5047 2082 5102 domus
2102 5046 2335 5117 impleta
2349 5050 2431 5100 est
2449 5061 2516 5099 ex
2539 5044 2708 5098 odore
2723 5040 3014 5113 unguenti.
3034 5040 3184 5096 Dixit
3203 5057 3339 5113 ergo
3353 5059 3498 5098 unus

1879 5157 1948 5196 ex
1974 5140 2262 5210 discipulis
2287 5139 2406 5208 ejus
2430 5137 2599 5192 Iudas
2627 5135 2947 5202 Scariothis,
2971 5134 3069 5206 qui
3094 5139 3214 5190 erat
3239 5152 3372 5191 eum
3390 5143 3500 5192 tra-

1877 5234 2100 5289 diturus
2123 5249 2136 5286 :
2159 5235 2340 5297 Quare
2361 5231 2466 5286 hoc
2493 5234 2849 5302 unguentum
2874 5244 2988 5282 non
3010 5228 3261 5284 vendidit
3287 5235 3501 5287 trecen-

1877 5327 1949 5382 tis
1973 5325 2237 5394 denariis,
2270 5330 2326 5379 et
2351 5325 2544 5379 datum
2573 5328 2656 5378 est
2681 5322 2910 5394 egenis?
2952 5321 3101 5377 Dixit
3138 5328 3330 5378 autem
3371 5325 3497 5397 hoc,

1878 5437 1993 5476 non
2020 5419 2149 5492 quia
2180 5419 2248 5474 de
2275 5418 2470 5490 egenis
2495 5416 2812 5489 pertinebat
2834 5416 2904 5470 ad
2938 5432 3092 5483 eum,
3121 5417 3219 5472 sed
3248 5418 3382 5490 quia
3408 5419 3501 5474 fur

1879 5519 2018 5583 erat,
2045 5519 2102 5570 et
2135 5513 2344 5569 loculos
2380 5512 2612 5580 habens,
2635 5527 2701 5566 ea
2737 5526 2867 5582 quae
2902 5510 3276 5567 mittebantur
3311 5517 3499 5584 porta-

1949 5669 1972 5698 ο
2003 5657 2089 5714 Sic
2117 5630 2177 5711 in
2203 5654 2377 5711 veteri
2407 5653 2737 5725 exemplari,
2767 5657 2830 5708 ut
2867 5653 2928 5709 in
2955 5653 3211 5726 Vulgata,
3248 5668 3362 5709 non
3393 5653 3491 5721 ju-

1878 5733 1976 5798 ste,
2007 5733 2072 5784 ut
2097 5743 2164 5784 ex
2191 5728 2401 5782 Graeco.

1878 5871 1893 5880 _
1947 5801 1988 5880 si
2009 5797 2550 5880 lderriEvangelium
2577 5796 2636 5851 in
2667 5793 2900 5854 Gothico
2924 5811 3028 5868 pro
3057 5795 3225 5852 missa
3249 5793 3310 5848 in
3328 5790 3490 5862 sym-

1877 5871 1993 5928 boli
2015 5870 2336 5928 traditione.

3107 5966 3180 6024 l6
