3970 6452
462 373 555 434 491

458 603 764 675 sepulturas
793 617 935 656 meae
961 603 1141 655 servet
1165 599 1324 654 illud.
1357 601 1636 670 Pauperes
1662 600 1811 655 enim
1852 617 2076 673 semper

457 695 671 750 habetis
697 693 1003 760 vobiscum,
1031 709 1124 748 me
1155 696 1346 747 autem
1365 709 1479 747 non
1501 709 1724 764 semper
1742 693 1978 749 habetis.
2013 695 2074 748 In

455 787 761 842 crastinum
788 790 980 842 autem
1007 786 1174 841 turba
1195 787 1376 840 multa
1397 803 1522 858 quae
1542 790 1812 842 venerant
1829 787 1902 842 ad
1923 787 2074 842 diem

453 881 679 950 festum,
733 896 865 935 cum
907 879 1191 935 audissent
1219 879 1350 952 quia
1397 879 1552 934 venit
1603 879 1874 935 Dominus
1917 881 2075 936 Jesus

453 973 919 1045 Hierosolymam,
939 975 1274 1044 acceperunt
1297 989 1485 1027 ramos
1504 973 1846 1044 palmarum,
1870 976 1928 1028 et
1950 989 2077 1046 pro-

452 1072 741 1122 cesserunt
765 1066 987 1122 obviam
1014 1066 1084 1135 ei,
1117 1069 1173 1121 et
1211 1066 1524 1122 clamabant
1564 1083 1578 1121 :
1618 1067 1860 1137 Osanna,
1897 1067 2072 1123 bene-

454 1160 634 1215 dictus
663 1161 760 1232 qui
786 1159 935 1216 venit
957 1161 1076 1214 Rex
1103 1159 1290 1214 Israel.
1329 1159 1396 1214 Et
1440 1159 1655 1216 invenit
1685 1161 1958 1216 Dominus
1981 1161 2072 1216 Je-

453 1271 547 1308 sus
572 1254 828 1320 asellum,
856 1256 913 1307 et
930 1253 1071 1308 sedit
1096 1269 1270 1324 super
1293 1269 1447 1323 eum,
1476 1253 1617 1308 sicut
1645 1255 1919 1326 scriptum
1945 1259 2028 1309 est
2057 1270 2070 1308 :

453 1346 577 1400 Noli
610 1347 831 1414 timore,
862 1346 980 1400 tilia
1005 1345 1160 1414 Sion,
1189 1363 1314 1400 ecce
1356 1347 1477 1402 Rex
1513 1351 1644 1401 tuus
1685 1347 1838 1402 venit
1877 1347 2074 1402 sedens

452 1455 622 1510 super
645 1439 869 1510 pullum
894 1439 1086 1493 asinae.
1117 1440 1244 1494 Haec
1269 1456 1386 1494 non
1407 1446 1789 1511 cognoverunt
1815 1440 2075 1511 discipuli

453 1532 572 1604 ejus
599 1533 882 1603 primum;
928 1531 1023 1586 sed
1057 1533 1281 1604 quando
1313 1533 1652 1603 gloriﬁcatus
1681 1537 1765 1588 est
1806 1533 2075 1588 Dominus

451 1625 627 1694 Iesus,
658 1627 789 1680 tunc
814 1624 1090 1680 recordati
1113 1629 1245 1680 sunt
1272 1625 1404 1696 quia
1430 1627 1552 1680 haec
1579 1631 1740 1681 erant
1763 1625 1970 1697 scripta
2005 1626 2073 1681 de

455 1733 543 1786 eo,
569 1723 626 1774 et
653 1717 1012 1774 crediderunt
1036 1717 1108 1773 ei.

1032 1827 1231 1867 INCIPIT
1268 1827 1427 1868 MISSA
1445 1809 1491 1868 ⁸.

524 1901 585 1954 In
612 1900 863 1972 geminas
887 1905 1074 1972 partes
1113 1900 1264 1954 diem
1304 1900 1457 1954 hunc
1501 1901 1870 1956 excolendum
1919 1917 2074 1956 com-

452 1993 736 2066 plectitur,
754 1993 1010 2061 Domine,
1029 1995 1237 2048 nostrae
1254 1993 1538 2048 servitutis
1561 1993 1873 2065 famulatio,
1902 1995 1988 2050 vel
2007 1995 2075 2050 de

445 2086 650 2158 jejunii
673 2087 825 2142 cultu
855 2091 1088 2156 sacrato,
1118 2086 1205 2140 vel
1231 2085 1300 2140 de
1326 2085 1644 2156 insignibus
1662 2088 1793 2156 tuis,
1823 2105 1951 2160 quas
1977 2088 2080 2144 ho-

453 2179 543 2236 die
579 2180 876 2248 fulserunt,
921 2178 1296 2248 mirabilibus,
1329 2195 1442 2250 quo
1483 2181 1752 2235 Lazarum
1804 2181 2078 2236 reduxisti

449 2278 578 2346 post
599 2278 807 2330 tartara
834 2289 850 2327 :
879 2288 1013 2327 cum
1040 2272 1110 2327 ad
1136 2287 1330 2326 vocem
1370 2277 1548 2342 tuam,
1582 2274 1836 2342 Domine,
1872 2280 2074 2330 tonan-

450 2371 567 2423 tem
589 2366 826 2435 exilivit,
858 2371 916 2420 et
941 2365 1305 2437 quatriduani
1323 2365 1446 2436 jam
1475 2367 1720 2446 faetentis
1739 2369 1911 2423 funus
1934 2367 2074 2423 vivi-

449 2459 624 2516 ﬁcans
652 2458 944 2527 animasti;
974 2459 1062 2513 vel
1107 2459 1279 2513 etiam
1313 2475 1478 2514 causa
1515 2460 1772 2515 miraculi
1809 2461 2074 2534 obstupe-

369 2559 383 2572 ‘
449 2553 595 2609 facta
620 2553 892 2626 plaudens
917 2551 1084 2607 turba
1111 2551 1395 2607 Bethania:
1430 2554 1672 2608 occurrit
1707 2570 1838 2608 cum
1875 2555 2077 2625 palmis

449 2647 554 2702 tibi
579 2645 802 2702 obviam
831 2643 992 2717 Regi.
1025 2643 1259 2716 [Exaudi
1282 2661 1385 2700 nos
1417 2645 1477 2700 in
1513 2646 1619 2701 hoc
1647 2647 1932 2717 geminato
1965 2664 2078 2703 ser-

448 2740 642 2795 vitutis
663 2743 871 2794 nostra:
896 2737 1182 2810 obsequio]
1210 2743 1266 2793 et
1299 2743 1525 2810 praesta,
1561 2739 1813 2810 Domine,
1850 2757 2075 2812 quaesu-

450 2849 598 2898 mus,
623 2836 691 2888 ut
713 2831 921 2886 animae
941 2837 1154 2886 nostrae
1173 2847 1303 2903 quae
1323 2833 1542 2886 tumulo
1567 2839 1700 2888 sunt
1717 2839 2076 2904 peccatorum

449 2927 749 2995 conclusae,
779 2924 904 2980 tabe
929 2929 1208 2996 corruptae
1238 2925 1570 2981 reviviscant
1607 2942 1676 2981 ex
1715 2931 1813 2981 tua
1837 2927 2077 2983 interius

449 3019 784 3086 visitatione,
827 3018 970 3073 sicut
1004 3018 1192 3072 Lazari
1229 3018 1442 3074 viscera
1479 3035 1513 3073 a
1552 3024 1648 3075 tua
1682 3037 1814 3075 voce
1847 3021 2078 3078 fuerunt

449 3113 719 3180 animata,
747 3111 996 3168 Salvator
1023 3111 1244 3166 mundi.

1135 3192 1400 3244 Collectio.

521 3269 670 3325 Bone
697 3267 1002 3323 Redemtor
1026 3273 1236 3336 noster,
1259 3267 1515 3336 Domine,
1531 3269 1630 3339 qui
1655 3271 1935 3326 mansueti
1958 3271 2074 3326 ani-

447 3363 612 3419 malis
637 3361 795 3417 aselli
821 3365 980 3433 terga
1008 3361 1290 3430 insedens,
1321 3361 1391 3415 ad
1419 3361 1742 3432 passionem
1776 3365 2076 3420 redemtio-

448 3458 537 3512 nis
583 3461 791 3512 nostra:
843 3460 1181 3527 spontaneus
1246 3455 1724 3527 adprOpinquans,
1775 3474 1906 3513 cum
1970 3459 2075 3514 tibi

448 3550 620 3606 ramis
641 3549 908 3604 arborum
937 3547 1192 3604 certatim
1218 3549 1490 3603 sternitur
1519 3549 1626 3618 via,
1657 3553 1713 3604 et
1750 3551 2071 3624 triumpha-

446 3644 676 3700 tricibus
713 3643 915 3714 palmis
944 3659 1076 3698 cum
1102 3658 1233 3697 voce
1257 3642 1453 3697 laudes
1482 3649 1786 3699 occurrunt
1810 3661 1823 3698 :
1847 3651 2068 3717 praesta,

447 3753 792 3810 quaesumus,
819 3737 1165 3808 Majestatem
1192 3740 1370 3806 tuam,
1399 3742 1464 3791 ut
1490 3737 1632 3794 sicut
1650 3737 1734 3792 illi
1758 3738 1819 3792 in
1843 3741 1939 3794 tua
1957 3739 2073 3796 fue-

444 3836 580 3887 runt
602 3831 826 3886 obviam
851 3847 982 3885 cum
1004 3829 1253 3884 arboreis
1279 3829 1514 3901 virgulis
1533 3831 1763 3902 egressi,
1783 3832 1860 3886 ita
1885 3849 1986 3887 nos
2016 3837 2072 3888 te

445 3925 718 3981 redeunte
760 3923 820 3978 in
864 3921 1109 3978 secundo
1140 3922 1386 3978 adventu
1423 3939 1554 3978 cum
1589 3924 1792 3996 palmis
1826 3925 2072 3983 victoriae

448 4033 770 4075 mereamur
797 4032 1090 4071 occurrere
1113 4015 1252 4070 lteti.

1075 4098 1197 4147 Post
1224 4097 1452 4149 nomina.

521 4174 680 4242 Ecce,
701 4169 955 4237 Domine,
988 4170 1056 4224 de
1079 4175 1133 4225 te
1155 4170 1376 4242 Caiphae
1415 4172 1694 4243 pontiﬁcis
1722 4176 2069 4249 vaticinium,

449 4265 717 4336 ignarum
745 4263 850 4318 sibi
876 4263 1001 4334 ipsi,
1029 4263 1088 4317 in
1112 4263 1338 4335 populis
1367 4269 1451 4319 est
1477 4267 1783 4337 prolatum,
1810 4274 1877 4323 ut
1925 4287 2073 4326 unus

451 4358 810 4414 occumberes
836 4374 938 4428 pro
966 4362 1152 4425 gente,
1188 4374 1260 4412 ne
1288 4359 1478 4413 cuncti
1517 4361 1728 4430 pariter
1753 4361 2070 4420 interirent.
2103 4416 2110 4422 .

451 4453 516 4508 Et
542 4459 605 4507 tu
630 4452 913 4523 singulare
943 4467 1185 4521 granum
1217 4451 1277 4506 in
1320 4456 1473 4506 terra
1513 4454 1749 4508 moreris
1773 4498 1786 4524 ,
1807 4459 1872 4511 ut
1912 4475 2072 4530 seges

449 4547 694 4620 plurima
718 4551 1074 4600 nasceretur:
1099 4544 1378 4616 supplices
1399 4545 1499 4600 tibi
1526 4547 1633 4618 ipsi
1651 4548 1747 4619 qui
1786 4565 1890 4620 pro
1912 4568 2074 4608 mun-

450 4641 504 4695 di
532 4641 707 4694 salute
750 4656 808 4693 es
854 4638 1036 4693 hostia
1073 4655 1250 4693 erasus
1289 4639 1678 4711 deprecamur,
1709 4646 1770 4697 ut
1814 4644 1976 4699 nobis
2003 4645 2071 4702 de

448 4734 569 4806 ipso
594 4733 816 4788 veniam
842 4733 1014 4788 dones
1040 4733 1088 4787 ι).

1100 4813 1176 4864 Ad
1218 4827 1420 4878 pacem.

523 4889 919 4944 Universorum
943 4886 1063 4957 ipse
1090 4887 1414 4942 Dominator
1436 4887 1532 4958 qui
1563 4891 1837 4962 conditor,
1859 4898 2075 4949 creatu-

452 5001 530 5040 ra!
551 4989 666 5039 tua:
697 4979 1031 5053 priestabilis
1050 4985 1287 5047 amator,
1310 4981 1471 5051 cujus
1491 4983 1660 5038 Maria
1678 4987 1848 5056 pedes
1873 4989 2071 5057 abluit,

451 5094 582 5132 cum
626 5092 739 5148 quo
789 5074 1064 5130 redivivus
1107 5075 1344 5129 Lazarus
1385 5077 1676 5148 accubuit;
1705 5079 1961 5136 ministra
2013 5083 2073 5138 in

451 5187 552 5226 nos
577 5170 698 5224 illas
738 5168 1013 5239 lacrimas,
1059 5185 1197 5240 quas
1239 5170 1410 5224 Maria
1454 5171 1523 5225 de
1568 5173 1745 5228 multa
1777 5174 2073 5232 dilectione

452 5263 706 5336 protulit.
741 5262 1010 5334 Fragrare
1057 5263 1221 5319 facito
1260 5269 1512 5319 nostram
1558 5266 1892 5339 orationem,
1931 5270 2074 5326 sicut

452 5361 806 5429 unguentum
838 5356 1100 5428 pisticum
1143 5357 1311 5412 sacris
1350 5359 1558 5429 plantis
1596 5359 1848 5417 infusum
1890 5364 2072 5421 Marite

451 5451 718 5524 fragravit
750 5467 763 5506 :
792 5456 857 5507 ut
881 5467 1005 5507 eam
1042 5467 1245 5523 pacem
1277 5467 1692 5524 consequamur
1726 5455 1786 5511 in
1823 5463 2070 5530 pectore,

452 5563 622 5619 quam
647 5551 896 5602 assecuta
934 5551 1018 5600 est
1056 5543 1226 5599 Maria
1266 5545 1352 5600 sui
1391 5547 1646 5602 osculans
1681 5549 2074 5624 Redemptoris

450 5641 702 5714 vestigia.

517 5758 542 5788 ⁸
574 5759 780 5838 Eadem
810 5758 978 5838 missa
1012 5753 1223 5838 legitur
1257 5756 1316 5812 in
1356 5758 1558 5814 Missali
1582 5759 1834 5833 Gothico,
1867 5782 1925 5838 p.
1965 5768 2070 5823 235

449 5828 725 5888 librorum
750 5829 820 5886 de
845 5829 1062 5901 Liturg.
1089 5827 1227 5901 Gell.

519 5901 548 5942 δ
571 5901 849 5959 Prolixior
881 5897 1032 5957 hasc'
1058 5897 1310 5957 collectio
1353 5900 1413 5956 in
1464 5900 1664 5960 Missali
1703 5905 1955 5975 Gothico,
2005 5925 2066 5982 p.

1334 372 1664 431 APPENDIX
1700 371 1787 430 AD
1823 374 2044 432 OPERA
2079 373 2134 430 S.
2171 372 2471 432 GERMANI
2507 372 2934 432 PARISIENSIS.

457 510 576 566 bat.
608 508 755 564 Dixit
781 523 916 580 ergo
943 503 1212 561 Dominus
1235 506 1392 560 Jesus
1423 521 1436 560 :
1466 505 1597 562 Sine
1627 506 1797 577 illam,
1818 511 1878 561 ut
1900 507 1960 562 in
1987 507 2076 562 die
2097 495 2158 568 Α

3721 370 3830 425 492

2815 479 3154 533 Contestatio.

2246 555 2385 610 Vere
2413 555 2652 626 dignum
2679 558 2736 610 et
2752 554 2972 625 justum
2998 557 3102 623 est,
3132 551 3498 623 omnipotens
3530 550 3714 618 Deus,
3756 549 3829 604 ab

2173 648 2331 703 omni
2365 665 2521 717 sexu,
2576 653 2762 717 astate,
2799 652 2856 702 et
2897 663 3067 702 sensu
3110 646 3296 701 dicere
3329 645 3569 700 laudem
3605 643 3676 698 in
3720 643 3829 698 hac

2173 742 2262 797 die
2283 741 2490 813 jejunii
2513 745 2569 797 et
2595 741 2776 796 laudis
2814 745 2927 795 tua:
2969 739 3306 811 triumphali
3344 737 3668 810 praeconio,
3713 753 3829 808 quo

2173 836 2242 890 ab
2271 835 2664 905 Hierosolymis
2688 839 2744 888 et
2770 833 3043 889 Bethania
3067 835 3441 888 occurrerunt
3469 831 3584 888 tibi
3637 830 3827 902 pluri-

2173 945 2284 984 mae
2330 928 2673 1000 pOpulorum
2707 932 2962 997 catervze,
3011 943 3128 982 una
3167 943 3302 982 voce
3338 929 3826 1000 perstrepentes:

2173 1022 2395 1077 Osanna
2419 1021 2535 1075 ﬁlio
2561 1020 2750 1090 David,
2779 1020 3105 1076 benedictus
3147 1019 3246 1093 qui
3281 1019 3442 1075 venit
3476 1019 3545 1074 in
3585 1017 3830 1074 nomine

2174 1115 2418 1170 Domini.
2449 1113 2568 1169 Tibi
2593 1113 2747 1168 enim
2784 1130 2916 1169 cum
2939 1114 3135 1186 lingua
3175 1130 3339 1170 coma
3371 1112 3613 1168 servivit
3655 1111 3830 1167 arbo-

2173 1225 2288 1277 rea,
2317 1224 2446 1263 cum
2471 1223 2706 1262 arenosa
2732 1206 2936 1262 itinera
2962 1207 3138 1262 ramis
3166 1206 3468 1262 viruerunt
3480 1207 3830 1277 composita.

2173 1302 2353 1356 Plebis
2377 1317 2601 1373 quoque
2621 1301 3021 1356 indumentum
3041 1301 3150 1356 tuis
3172 1301 3383 1372 plantis
3399 1299 3831 1372 prosternitur,

2173 1395 2509 1466 nudatisque
2538 1394 2672 1448 viris
2702 1394 2789 1448 via
2812 1393 3049 1448 vestitur
3075 1411 3089 1448 :
3120 1393 3328 1449 Victori
3374 1410 3529 1449 novo
3577 1393 3834 1464 populus

2172 1492 2402 1560 praestat
2439 1488 2817 1559 triumphum.
2854 1487 3051 1558 Surgit
3083 1491 3234 1542 totus
3269 1487 3488 1542 clamor
3523 1487 3591 1541 in
3634 1486 3829 1556 laude,

2173 1599 2333 1636 voces
2352 1581 2717 1637 clamantium
2741 1585 3042 1652 penetrant
3063 1581 3366 1652 templum,
3392 1581 3663 1636 dicentes
3691 1597 3707 1636 :
3733 1582 3833 1635 Be-

2171 1675 2428 1732 nedictus
2469 1675 2567 1748 qui
2602 1675 2756 1729 venit
2794 1674 2856 1729 in
2880 1674 3112 1730 nomine
3141 1675 3386 1731 Domini.
3416 1676 3586 1744 Ecce,
3618 1674 3832 1730 Hieru-

2171 1772 2364 1839 salem,
2393 1768 2635 1842 qualiter
2659 1767 2762 1822 tibi
2803 1769 2922 1823 Bex
2963 1770 3095 1823 tuus
3136 1768 3340 1824 sedens
3364 1784 3545 1840 super
3591 1767 3837 1824 asinum

2093 1865 2152 1937 B
2174 1868 2498 1919 mansuetus
2554 1861 2798 1916 advenit.
2848 1861 3061 1917 Adveni
3102 1879 3263 1934 ergo,
3312 1878 3618 1934 rogamus,
3669 1866 3733 1917 et
3775 1861 3839 1918 in

2175 1957 2362 2013 medio
2389 1956 2568 2012 nostri
2595 1955 2821 2025 adsiste,
2854 1959 2911 2010 et
2935 1955 3034 2027 qui
3067 1973 3174 2010 nos
3218 1960 3356 2011 tunc
3395 1955 3694 2027 reparasti
3732 1972 3840 2028 per

2175 2068 2400 2107 crucem
2437 2067 2539 2122 per
2566 2049 2738 2105 istum
2761 2065 3082 2106 innourun
3121 2065 3298 2106 manu
3331 2063 3355 2093 ο
3391 2066 3458 2106 ετ
3499 2066 3839 2106 smcumax

2175 2145 2382 2200 iterum
2407 2146 2588 2216 lapsos
2613 2163 2843 2218 repara;
2865 2150 2931 2200 ut
2958 2150 3013 2200 te
3043 2143 3312 2199 advenire
3339 2144 3402 2198 in
3439 2143 3672 2199 nostris
3705 2161 3839 2200 cor-

2176 2237 2339 2293 dibus
2376 2239 2698 2309 sentientes,
2747 2255 3014 2295 exeamus
3039 2237 3266 2293 obviam
3301 2237 3430 2308 tibi,
3453 2242 3514 2293 et
3543 2254 3695 2293 cum
3739 2255 3844 2294 su-

2175 2331 2366 2402 pernis
2391 2331 2500 2386 illis
2523 2333 2826 2388 virtutibus
2863 2333 3173 2387 clamamus
3210 2330 3465 2387 dicentes
3498 2347 3515 2384 :
3549 2331 3839 2390 SANCTUS.

2635 2447 2795 2487 HISSA
2831 2446 2889 2486 IN
2929 2446 3083 2486 CENA
3120 2445 3339 2485 DOIINI.

2219 2519 2448 2584 Epistola
2471 2520 2616 2571 Pauli
2638 2521 2860 2587 apostoli
2886 2521 2950 2632 18d
2976 2519 3275 2632 Spainthios
3295 2519 3353 2570 in
3382 2533 3537 2570 caana
3563 2519 3798 2572 Domini

2906 2598 2972 2632 ea
3115 2620 3127 2632 .

2906 2598 3127 2647 egenaa.

2246 2654 2484 2723 Fratres,
2526 2655 2985 2712 convenientibus
3015 2654 3170 2710 vobis
3209 2653 3270 2710 in
3314 2670 3528 2722 unum,
3554 2654 3694 2726 jam
3724 2671 3844 2712 non

2176 2751 2257 2802 est
2273 2747 2619 2803 Dominicam
2633 2766 2849 2804 caenam
2862 2748 3224 2817 manducare,
3247 2747 3666 2820 unusquisque
3680 2749 3844 2805 enim

2175 2857 2334 2896 suam
2375 2858 2590 2897 caenam
2628 2842 2922 2914 praesumit
2961 2842 3033 2897 ad
3058 2842 3554 2910 manducandum,
3581 2847 3646 2898 et
3691 2844 3847 2898 alius

2174 2935 2404 3007 quidem
2431 2937 2624 3005 esurit,
2655 2937 2794 2990 alius
2821 2941 3010 2991 autem
3037 2935 3228 2990 ebrius
3255 2939 3356 2990 est.
3379 2935 3696 3008 Numquid
3736 2937 3845 2992 do-

2174 3045 2301 3084 mus
2338 3046 2454 3084 non
2484 3030 2698 3085 habetis
2737 3029 2808 3084 ad
2847 3029 3308 3084 manducandum
3346 3034 3406 3084 et
3453 3029 3849 3087 bibendum?

2173 3125 2284 3178 Aut
2328 3123 2615 3178 ecclesiam
2662 3122 2757 3178 Dei
2802 3122 3182 3192 contemnitis,
3229 3127 3286 3178 et
3323 3123 3701 3180 confunditis
3749 3142 3847 3180 eos

2094 3231 2148 3306 ρ
2173 3215 2272 3288 qui
2297 3233 2412 3271 non
2441 3216 2697 3272 habent?
2721 3216 2862 3280 Quid
2888 3216 3074 3272 dicam
3110 3215 3268 3270 vobis
3286 3217 3315 3270 τ
3353 3217 3559 3272 Laudo
3588 3235 3704 3273 vos
3724 3219 3757 3274 τ
3787 3221 3847 3275 In

2173 3309 2278 3364 hoc
2303 3326 2418 3364 non
2459 3310 2647 3365 laudo.
2678 3311 2794 3381 Ego
2821 3309 2975 3364 enim
2999 3309 3189 3382 accepi
3217 3327 3250 3364 a
3278 3310 3556 3381 Domino,
3587 3313 3765 3384 quod
3793 3318 3847 3368 et

2172 3403 2376 3458 tradidi
2402 3403 2564 3457 vobis
2589 3423 2604 3458 :
2623 3404 2895 3476 quoniam
2916 3404 3192 3458 Dominus
3213 3405 3397 3474 Iesus,
3427 3404 3493 3460 in
3515 3422 3642 3476 qua
3671 3413 3850 3463 nocte

2173 3495 2516 3565 tradebatur,
2545 3497 2758 3568 accepit
2781 3514 3010 3569 panem,
3039 3501 3097 3552 et
3127 3497 3337 3568 gratias
3365 3513 3555 3570 agens
3577 3500 3774 3574 fregit
3793 3507 3851 3557 et

2172 3589 2346 3644 dixit:
2375 3590 2488 3644 Hoc
2516 3595 2600 3644 est
2625 3607 2831 3662 corpus
2859 3606 3052 3644 meum
3079 3605 3184 3662 pro
3228 3590 3389 3645 vobis
3435 3609 3451 3646 :
3503 3591 3626 3648 hoc
3673 3595 3851 3651 facite

2171 3683 2230 3738 in
2256 3699 2445 3738 meam
2481 3683 3099 3740 commemorationem.
3128 3684 3406 3740 Similiter
3455 3690 3517 3741 et
3567 3689 3846 3759 calicem,

2171 3781 2468 3850 postquam
2496 3778 2750 3848 cenavit,
2787 3777 2978 3833 dicens
3015 3795 3029 3834 :
3074 3778 3175 3833 Hic
3209 3779 3356 3834 calix
3393 3795 3633 3837 novum
3675 3788 3852 3840 testa-

2171 3876 2431 3926 mentum
2458 3871 2626 3926 estin
2653 3887 2780 3927 meo
2807 3871 3084 3943 sanguine
3116 3888 3129 3926 :
3162 3871 3270 3927 hoc
3305 3872 3480 3930 facite
3528 3878 3848 3948 quotiens-

2172 3980 2415 4036 cumque
2439 3964 2642 4020 bibetis
2676 3965 2735 4020 in
2761 3981 2948 4020 meam
2993 3967 3647 4027 commemorationem.
3688 3973 3850 4038 Quo-

2173 4057 2563 4130 tienscumque
2589 4059 2743 4114 enim
2769 4059 3184 4115 manducabitis
3199 4077 3420 4133 panem
3447 4062 3647 4137 hunc,
3678 4071 3743 4122 et
3763 4085 3852 4122 ca-

2170 4151 2338 4207 licem
2373 4152 2595 4222 bibetis,
2633 4157 2876 4210 mortem
2903 4153 3127 4210 Domini
3167 4154 3616 4215 adnunciabitis
3661 4160 3852 4218 donec

2173 4245 2377 4316 veniat,
2405 4246 2464 4301 in
2489 4246 2728 4302 Christo.

2330 4339 2504 4389 Lectio
2527 4340 2692 4390 sancti
2719 4340 2987 4405 Evangelii
3014 4341 3306 4393 secundum
3333 4343 3681 4398 Mattheum.

2243 4422 2481 4492 Vespere
2506 4425 2698 4475 autem
2722 4421 2886 4491 facto,
2913 4423 3304 4480 discumbebat
3347 4425 3659 4484 Dominus
3681 4430 3855 4486 Iesus

2171 4531 2302 4569 cum
2314 4514 2611 4570 duodecim
2621 4515 2925 4587 discipulis,
2941 4522 2998 4572 et
3011 4517 3312 4573 edentibus
3322 4517 3436 4574 illis
3447 4520 3640 4578 dixit:
3659 4526 3855 4581 Amen

2090 4602 2150 4676 D
2172 4609 2295 4664 dico
2322 4609 2496 4676 vobis,
2527 4609 2662 4680 quia
2689 4626 2837 4664 unus
2862 4615 3113 4666 vestrum
3143 4628 3237 4667 me
3265 4613 3604 4670 traditurus
3635 4625 3754 4674 est.
3791 4621 3857 4674 Et

2173 4700 2482 4757 contristati
2515 4702 2674 4757 valde
2699 4708 2992 4774 coeperunt
3017 4704 3227 4777 singuli
3253 4705 3448 4762 dicere
3479 4726 3496 4762 :
3537 4710 3858 4786 Numquid

2173 4813 2278 4868 ego
2307 4813 2454 4862 sum,
2486 4796 2756 4852 Domine?
2779 4801 2849 4852 At
2889 4797 3011 4870 ipse
3054 4800 3410 4870 respondens
3439 4803 3529 4857 ait
3565 4819 3582 4859 :
3611 4807 3736 4871 Qui
3765 4809 3858 4864 in-

2172 4889 2382 4962 tinguit
2405 4905 2630 4944 mecum
2659 4906 2894 4945 manum
2921 4891 2982 4945 in
3006 4893 3326 4963 parapside,
3357 4894 3458 4948 hic
3481 4913 3584 4952 me
3627 4902 3857 4958 tradet.

2174 4983 2343 5038 Filius
2367 4983 2598 5054 quidem
2625 4983 2874 5038 hominis
2898 4984 3079 5055 vadit,
3127 4986 3274 5042 sicut
3324 4989 3631 5062 scriptum
3662 5002 3763 5052 est
3789 4997 3860 5052 de

2171 5077 2265 5132 illo
2295 5093 2308 5130 :
2339 5093 2424 5130 vae
2449 5082 2638 5131 autem
2664 5077 2882 5132 homini
2902 5079 3002 5149 illi,
3025 5096 3128 5151 per
3156 5098 3334 5153 quem
3355 5083 3546 5140 Filius
3585 5089 3863 5147 hominis

2171 5170 2434 5226 traditur.
2470 5171 2689 5226 Bonum
2715 5177 2837 5226 erat
2864 5172 2915 5227 ei
2939 5173 2986 5227 si
3013 5179 3182 5229 natus
3221 5193 3340 5230 non
3392 5177 3617 5238 fuisset
3671 5185 3860 5240 homo

2171 5263 2288 5319 ille.
2317 5265 2680 5335 Respondeas
2705 5268 2898 5320 autem
2922 5267 3092 5322 Iudas
3133 5269 3235 5340 qui
3275 5271 3519 5328 tradidit
3566 5292 3726 5334 eum
3770 5280 3858 5336 di-

2173 5357 2290 5413 xit:
2319 5358 2603 5429 Numquid
2629 5375 2735 5431 ego
2761 5376 2887 5414 sum
2915 5361 3096 5417 Rabbi
3113 5363 3142 5417 ?
3189 5363 3283 5418 Ait
3309 5364 3398 5419 illi
3425 5365 3736 5429 dominus
3767 5376 3859 5430 Je-

2172 5468 2266 5507 sus
2298 5470 2312 5506 :
2345 5453 2426 5506 Tu
2468 5452 2679 5508 dixisti.
2709 5451 2748 5515 ἦ·
2791 5453 3153 5510 Οωειεωῐὶὺιιε
3194 5461 3395 5514 autem
3440 5461 3530 5516 eis
3549 5504 3567 5530 ,
3625 5469 3863 5542 accepit

2170 5546 2328 5600 Jesus
2351 5562 2578 5618 panem,
2608 5549 2666 5602 et
2689 5546 2978 5602 benedixit
3005 5565 3070 5604 ac
3093 5549 3302 5624 fregit;
3343 5553 3509 5610 dedit
3541 5557 3865 5635 discipulis

2173 5639 2288 5694 suis
2331 5643 2386 5694 et
2427 5639 2545 5698 ait:
2573 5641 2822 5714 Accipite
2864 5646 2921 5697 et
2966 5644 3248 5702 comedite
3278 5663 3292 5702 :
3324 5646 3443 5703 Hoc
3489 5658 3594 5709 est
3641 5673 3864 5732 corpus

2170 5761 2294 5814 235.

2241 5842 2264 5871 ο
2295 5829 2540 5915 ρδρθιυνι
2710 5848 2913 5916 panem
2957 5833 3105 5889 sumi
3130 5851 3265 5916 _pro
3311 5852 3574 5916 corpore
3635 5847 3863 5908 Christi

2172 5902 2412 5974 Domini,
2435 5919 2566 5960 cum
2587 5902 2738 5961 infra
2760 5904 2914 5977 legas
2939 5902 3282 5976 sanguinem.
