3970 6408
107 382 208 436 493

613 381 1222 441 SACRAMENTARIUM
1260 384 1706 447 GALLICANUM.
1748 417 1817 431 --
1856 340 2220 447 LECTIONES
2257 390 2345 447 DE
2382 390 2693 447 ADVENTU
2732 391 2981 447 DOMINI.

3366 395 3469 448 494

376 486 448 542 Et
489 487 773 560 accipiens
809 490 1038 546 calicem
1082 493 1288 564 gratias
1325 496 1460 566 egit,
1506 501 1562 551 et
1598 497 1750 552 dedit
1769 510 1827 585 Α
1848 499 1985 555 dum
2010 499 2274 570 moritur,
2305 500 2493 555 omnia
2522 503 2888 555 surrexerunt
2926 515 3029 571 per
3054 497 3230 571 ipsius
3271 499 3465 572 Majes-

106 578 215 634 illis
241 578 439 634 dicens
468 597 482 634 :
518 581 698 638 Bibite
724 600 793 638 ex
823 600 889 638 eo
916 602 1132 641 omnes.
1171 587 1290 641 Hic.
1312 594 1396 643 est
1436 589 1589 643 enim
1615 607 1745 646 san-

108 672 238 743 guis
264 689 431 729 meus
457 676 589 730 novi
614 677 972 750 Testamenti,
990 680 1089 751 qui
1107 696 1212 752 pro
1231 681 1424 737 multis
1442 683 1749 739 effunditur

108 766 165 820 in
191 766 598 824 remissionem
628 775 1005 841 peccatorum.
1049 773 1182 828 Dico
1212 779 1404 830 autem
1427 777 1605 846 vobis,
1633 794 1749 832 non

106 858 301 914 bibam
328 861 538 917 amodo
564 862 633 917 de
661 863 766 919 hoc
794 865 1081 935 genimine
1124 867 1250 922 vitis
1294 885 1473 940 usque
1514 870 1573 924 in
1599 870 1749 926 diem

108 951 291 1020 illum,
325 970 462 1009 cum
486 955 632 1010 illud
654 956 846 1011 bibam
875 976 1085 1014 novum
1111 960 1171 1015 in
1209 978 1385 1033 regno
1411 965 1585 1019 Patris
1614 965 1746 1019 mei.

110 1046 173 1099 Et
196 1045 420 1117 hymno
447 1048 600 1104 dicto
630 1050 892 1106 exierunt
918 1053 981 1107 in
1004 1058 1259 1109 montem
1293 1056 1510 1112 Oliveti.
1537 1067 1575 1130 -ια
1598 1058 1749 1112 Tunc

110 1138 244 1193 dicit
266 1140 382 1195 illis
408 1142 685 1197 Dominus
712 1144 869 1199 Jesus
902 1163 915 1200 :
949 1163 1147 1202 omnes
1176 1164 1270 1202 vos
1296 1151 1618 1205 scandalum
1647 1167 1748 1222 pa-

110 1231 331 1287 tiemini
360 1232 425 1288 in
454 1251 547 1289 me
578 1235 640 1290 in
669 1236 776 1291 ista
801 1244 985 1295 nocte.
1019 1241 1303 1312 Scriptum
1322 1248 1405 1297 est
1423 1244 1596 1314 enim,
1614 1246 1748 1298 Per-

111 1325 321 1380 cutiam
348 1328 663 1398 Pastorem,
700 1333 756 1384 et
779 1331 1177 1404 dispergentur
1200 1352 1327 1391 oves
1354 1338 1561 1409 gregis.
1592 1339 1749 1392 Post-

112 1439 281 1494 quam
307 1429 509 1480 autem
536 1443 923 1500 resurrexero,
953 1433 1269 1502 praecedam
1292 1451 1390 1488 vos
1420 1434 1478 1488 in
1504 1435 1747 1490 Galilaea.

114 1516 484 1588 Respondens
542 1525 737 1576 autem
783 1523 998 1594 Petrus,
1048 1525 1126 1580 ait
1171 1526 1249 1580 illi
1308 1544 1319 1581 :
1377 1528 1490 1582 Etsi
1557 1545 1751 1583 omnes

113 1611 471 1667 scandalizati
510 1614 724 1669 fuerint
751 1615 810 1670 in
842 1620 917 1686 te,
946 1634 1053 1689 ego
1081 1636 1395 1691 numquam
1421 1623 1751 1677 scandaliza-

113 1708 230 1763 bur.
257 1709 354 1764 Ait
396 1710 482 1764 illi
528 1712 803 1767 Dominus
835 1715 991 1768 Jesus
1020 1733 1035 1770 :
1067 1719 1242 1772 Amen
1291 1718 1412 1773 dico
1452 1719 1591 1791 tibi,
1620 1720 1751 1791 quia

113 1802 169 1856 in
182 1801 288 1857 hac
304 1807 498 1874 nocte,
521 1810 828 1877 antequam
854 1808 1037 1877 gallus
1054 1815 1261 1878 cantet,
1276 1816 1472 1889 teme
1492 1814 1746 1883 negabis.

1847 596 2039 665 tatem,
2067 610 2239 665 quem
2266 594 2499 648 laudant
2525 593 2732 664 angeli.

2245 696 2373 746 Item
2396 695 2711 746 Contestatio
2739 694 2926 745 eodem
2954 694 3056 745 die.

1918 781 2055 834 Vere
2086 778 2324 850 dignum
2349 784 2404 834 et
2420 781 2643 851 justum
2669 785 2771 847 est,
2796 780 3149 852 omnipotens
3173 778 3341 848 Deus,
3366 795 3469 852 per

1847 871 2127 927 Christum
2158 873 2462 928 Dominum
2485 879 2763 929 nostrum.
2791 874 2949 939 Quod
2976 890 3081 944 pro
3106 873 3310 928 nostris
3334 889 3466 944 pec-

1849 965 1984 1019 catis
2010 966 2134 1020 talis
2163 984 2226 1020 ac
2271 972 2459 1022 tantus
2496 967 2735 1022 traditus
2761 972 2863 1038 est,
2891 967 2990 1038 qui
3015 983 3145 1021 cum
3180 967 3297 1021 sine
3336 982 3469 1038 pec-

1849 1063 1972 1113 cato
1999 1062 2160 1126 esset,
2188 1076 2221 1113 a
2256 1065 2310 1115 te
2338 1078 2442 1132 pro
2485 1060 2870 1132 peccatoribus
2896 1060 3136 1115 traditus
3162 1065 3264 1124 est,
3284 1060 3470 1131 justus

1849 1168 1952 1223 pro
1978 1152 2218 1229 iyjustis,
2265 1154 2391 1223 pius
2420 1170 2523 1225 pro
2549 1154 2737 1225 impiis
2759 1171 2776 1223 ;
2806 1159 2861 1209 et
2896 1170 3025 1209 cum
3055 1154 3243 1209 omnia
3270 1154 3469 1223 sciret,

1852 1245 2028 1299 Deum
2051 1245 2429 1301 nescientibus
2455 1247 2531 1301 sic
2557 1263 2616 1301 se
2642 1247 2910 1317 subdidit,
2938 1251 3003 1302 ut
3028 1264 3131 1301 nos
3156 1247 3383 1318 ignaros
3401 1247 3471 1301 ad

1850 1338 2199 1409 agnitionem
2226 1339 2471 1394 veritatis
2499 1341 2567 1395 de
2590 1340 2709 1395 fece
2733 1340 2969 1408 ultima,
2998 1341 3057 1395 in
3098 1355 3211 1412 qua
3245 1341 3471 1411 jaceba-

1849 1448 1997 1501 mus,
2042 1432 2303 1504 erigeret.
2352 1434 2395 1487 Ο
2440 1433 2734 1489 infelicitas
2781 1433 2971 1488 Judaei
3024 1434 3259 1505 cupidus
3302 1450 3474 1506 super

1849 1542 2020 1596 parvo
2045 1542 2280 1580 munere
2305 1527 2535 1581 tradidit
2556 1527 2812 1581 omnium
2834 1528 3130 1582 hominum
3150 1544 3476 1583 remunera-

1849 1623 2028 1673 torem
2057 1636 2070 1673 :
2102 1620 2239 1674 dum
2264 1620 2488 1690 salutat,
2519 1620 2768 1676 vendidit
2792 1637 2805 1675 :
2835 1621 2972 1675 dum
2999 1621 3345 1693 obsequitur,
3368 1626 3475 1676 tra-

1850 1716 1949 1770 dit.
1984 1717 2026 1770 Ο
2056 1717 2191 1771 falsa
2214 1717 2390 1771 labia!
2414 1719 2515 1789 qui
2535 1719 2613 1773 sic
2639 1719 2845 1774 conﬁat
2865 1719 3124 1774 incendia
3144 1737 3163 1790 ς
3195 1725 3252 1775 et
3276 1736 3473 1792 pacem

1850 1825 1964 1863 non
1990 1810 2265 1864 dubitavit
2286 1811 2468 1866 facere
2494 1812 2657 1882 bella,
2683 1813 2976 1868 salutando
3017 1813 3242 1868 tradens
3279 1812 3471 1868 Domi-

113 1894 200 1950 Ait
221 1895 306 1950 illi
334 1897 543 1952 Petrus
576 1915 590 1952 :
624 1899 805 1953 Etiam
833 1899 881 1953 si
907 1904 1221 1971 oportuerit
1247 1882 1375 1959 mei
1365 1906 1514 1960 mori
1537 1882 1746 1974 tecum,
1768 1882 1826 1955 Β
1849 1918 1989 1957 num
2018 1907 2275 1957 nostrum
2309 1905 2499 1959 Jesum
2536 1905 2824 1960 Christum
2848 1946 2863 1974 ,
2894 1906 3139 1978 complet
3163 1907 3352 1961 osculo
3376 1907 3474 1962 ho-

114 2003 226 2044 non
265 1993 323 2045 te
364 1990 624 2062 negabo.
675 1992 946 2049 Similiter
972 1999 1031 2049 et
1072 2012 1267 2052 omnes
1305 1999 1563 2070 discipuli
1591 2000 1747 2055 dixe-

116 2086 264 2137 runt.

742 2174 935 2215 INCIPIT
974 2175 1147 2215 IISSA.

182 2255 562 2328 Omnipotens
589 2260 933 2332 sempiterne
954 2263 1119 2331 Deus,
1142 2263 1230 2334 da,
1258 2280 1606 2337 quaesumus,
1625 2268 1753 2323 uni-

114 2350 283 2405 versis
310 2351 550 2407 famulis
592 2353 725 2425 tuis,
770 2355 992 2427 plenius
1019 2361 1187 2428 atque
1220 2359 1522 2429 perfectius
1561 2362 1754 2417 omnia

114 2442 231 2500 festi
275 2446 567 2501 Paschalis
608 2447 847 2503 introire
889 2451 1156 2521 mysteria
1202 2467 1216 2505 :
1257 2457 1321 2506 ut
1362 2452 1753 2511 incunctanter

114 2537 201 2610 pia
225 2539 398 2594 corda
445 2547 831 2611 cognoscant,
862 2550 1139 2615 quantum
1166 2544 1409 2600 debeant
1436 2547 1503 2603 de
1543 2548 1748 2604 contir-

118 2636 264 2687 mata
289 2632 351 2687 in
371 2633 601 2688 Christo
622 2637 1037 2692 renascentium
1057 2637 1461 2708 gloriﬁcatione
1482 2642 1749 2712 gaudere.

802 2748 1072 2798 Collectio.

185 2839 446 2895 Concede
499 2839 879 2911 credentibus,
935 2842 1251 2898 misericors
1304 2846 1481 2914 Deus,
1537 2847 1754 2901 salvum

122 2932 277 2986 nobis
318 2932 390 2987 de
417 2932 633 2988 Christi
660 2934 922 2991 Passione
962 2937 1281 2992 remedium
1326 2955 1341 2993 :
1381 2942 1449 2993 ut
1487 2939 1755 2995 humanae

123 3020 447 3093 fragilitatis
478 3023 786 3094 praeterita:
812 3025 993 3097 culpae
1018 3026 1246 3097 laqueos
1283 3032 1510 3083 aeternae
1553 3030 1754 3085 suifra-

124 3116 275 3187 gium
295 3116 486 3188 plebis
513 3117 783 3174 absolvat.

763 3230 887 3280 Post
907 3230 1137 3281 nomina.

190 3317 569 3391 Omnipotens
597 3318 940 3389 sempiterne
977 3321 1119 3374 Deus
1142 3362 1156 3390 ,
1200 3321 1299 3393 qui
1327 3321 1499 3377 vitam
1526 3322 1761 3389 humani

128 3412 341 3483 generis
366 3429 480 3485 pro
505 3411 672 3468 nobis
694 3412 834 3467 Filio
853 3417 954 3468 tuo
975 3414 1252 3469 moriente
1278 3400 1517 3488 salvasti,
1532 3426 1758 3491 praesta,

127 3522 470 3577 quaesumus,
502 3510 569 3561 ut
608 3505 670 3561 in
695 3506 801 3560 hac
844 3507 1039 3579 populi
1078 3507 1164 3563 tui
1208 3508 1506 3565 devotione
1548 3512 1763 3571 fructus

127 3599 418 3671 proveniat
446 3599 815 3671 gaudiorum.
1532 3620 1573 3656 ο

666 3710 917 3761 Collectio
941 3711 1008 3762 ad
1031 3726 1235 3776 pacem.

196 3811 483 3868 Virtutum
531 3811 845 3867 cmicstium
883 3813 1050 3881 Deus,
1096 3813 1165 3868 de
1208 3813 1369 3885 cujus
1413 3816 1610 3885 gratiae
1637 3832 1764 3873 rore

134 3904 453 3978 descendit,
487 3910 556 3961 ut
580 3906 652 3961 ad
678 3906 953 3977 mysteria
981 3911 1079 3961 tua
1116 3908 1372 3978 purgatis
1398 3909 1650 3965 sensibus
1673 3927 1762 3965 ac-

137 3998 413 4070 cedamus,
444 4004 679 4072 praesta,
698 4016 1044 4071 quaesumus,
1068 4005 1133 4056 ut
1157 4001 1219 4056 in
1244 4017 1442 4057 eorum
1466 4005 1766 4060 traditione

135 4093 483 4150 sollemniter
508 4095 819 4161 honorum,
848 4094 952 4149 tibi
980 4095 1251 4166 placitum
1276 4095 1593 4153 deferamus
1614 4098 1768 4155 obse-

134 4186 347 4256 quium,
375 4193 436 4244 et
457 4187 618 4261 pacis
643 4193 873 4244 aeternas
900 4193 1131 4260 pactum
1159 4189 1264 4244 tibi
1290 4190 1612 4248 reddamus.

791 4299 1122 4350 Contestatio.
1316 4287 1321 4293 ⁴

1849 1996 2162 2052 micidium.
2196 1999 2256 2050 ln
2282 1997 2499 2052 honore
2529 1999 2754 2053 Pascha:
2775 2015 2905 2053 reus
2926 2000 3126 2053 mortis
3149 2000 3470 2067 dimittitur,

1850 2093 1906 2144 et
1930 2090 2199 2144 Dominus
2224 2091 2496 2145 caelorum
2520 2091 2885 2147 interimitur.
2914 2090 3181 2147 Barrabas
3207 2094 3350 2148 latro
3380 2093 3476 2148 do—

1849 2188 2036 2255 natur,
2067 2187 2123 2239 et
2148 2184 2417 2239 innocens
2440 2184 2691 2241 Christus
2718 2184 3085 2256 cruciﬁgitur.
3133 2186 3236 2242 Cui
3274 2186 3475 2243 merito

1849 2293 2044 2333 omnes
2070 2278 2280 2349 angeli.
3008 2286 3013 2297 ‘

2292 2388 2579 2429 LECTIONES
2616 2388 2674 2428 IN
2710 2390 3031 2429 PARASCEVE.

1851 2464 2023 2514 Lectio
2042 2464 2207 2515 sancti
2227 2464 2493 2531 Evangelii
2513 2466 3133 2531 secundum_Johannem,
3156 2479 3270 2530 quas
3286 2465 3476 2531 legitur

2315 2528 2369 2577 in
2394 2530 2674 2578 Parasceve
2698 2529 2762 2577 ad
2790 2528 2958 2577 Tertia
2975 2543 3016 2577 ι.

1921 2613 2120 2667 Milites
2150 2613 2403 2684 praesidis
2431 2618 2799 2684 susceperunt
2824 2613 3127 2667 Dominum
3157 2614 3347 2668 Iesum
3373 2613 3473 2667 ba-

1845 2706 2124 2777 julantem
2151 2707 2253 2761 sibi
2280 2723 2527 2762 crucem.
2556 2708 2791 2778 Scripsit
2817 2712 3009 2761 autem
3038 2711 3095 2762 et
3128 2708 3356 2762 titulum
3384 2707 3473 2761 Pi-

1853 2800 2017 2868 latus,
2047 2804 2103 2853 et
2137 2801 2325 2869 posuit
2351 2816 2522 2871 super
2549 2816 2797 2855 crucem.
2830 2802 2961 2855 Erat
2986 2805 3175 2854 autem
3205 2801 3477 2871 scriptum

1853 2892 2139 2960 Hebraice,
2181 2894 2369 2947 Graece
2416 2900 2471 2948 et
2515 2894 2709 2948 Latine
2758 2910 2771 2947 :
2817 2894 2976 2948 Jesus
3006 2893 3319 2947 Nazarenus
3362 2893 3479 2948 Rex

1854 2985 2198 3041 Iudaeorum.
2245 2987 2402 3040 Hunc
2449 3003 2585 3057 ergo
2628 2986 2859 3041 titulum
2902 2986 3064 3041 multi
3107 2987 3369 3057 legerunt
3392 2988 3481 3041 Ju-

1856 3078 2133 3134 dazorum.
2181 3079 2445 3134 Dicebant
2491 3096 2627 3151 ergo
2668 3080 2842 3134 Pilato
2906 3079 3198 3150 pontifices
3256 3080 3477 3134 Iudaeo-

1857 3187 1987 3226 rum
2020 3190 2033 3227 :
2062 3172 2183 3227 Noli
2211 3173 2453 3227 scribere
2498 3174 2615 3228 Rex
2658 3173 3003 3244 Judaaorum,
3050 3173 3147 3228 sed
3192 3173 3323 3243 quia
3362 3174 3481 3244 ipse

1778 3250 1833 3324 C
1856 3266 2032 3321 dixit:
2062 3267 2179 3321 Rex
2206 3283 2333 3320 sum
2351 3267 2698 3321 Iudaeorum.
2723 3267 3031 3338 Respondit
3056 3267 3261 3320 Pilatus
3285 3283 3299 3320 :
3322 3266 3481 3330 Quod

1860 3359 2074 3430 scripsi,
2114 3359 2329 3430 scripsi.
2377 3360 2531 3413 Tunc
2574 3358 2781 3414 milites
2826 3360 3080 3430 praesidis
3121 3360 3485 3432 suscipientes

1861 3453 2163 3506 Dominum
2174 3454 2362 3507 Iesum
2376 3452 2434 3505 in
2450 3452 2738 3523 prmtorio,
2756 3469 2859 3507 con
2866 3459 3245 3524 gregaverunt
3261 3455 3330 3508 ad
3351 3471 3482 3510 eum

1860 3546 2179 3600 universam
2225 3546 2537 3612 cohortem,
2583 3550 2639 3599 et
2683 3551 2951 3601 exuentes
2977 3562 3129 3616 eum,
3170 3548 3483 3619 clamydem

1862 3640 2178 3694 coccineam
2204 3639 2698 3694 circumdederunt
2722 3638 2773 3694 ei
2788 3656 2806 3708 ;
2837 3643 2892 3693 et
2916 3639 3193 3710 plectente
3219 3657 3484 3695 coronam

1863 3734 1931 3788 de
1956 3732 2152 3804 spinis,
2180 3737 2491 3803 posuerunt
2514 3747 2684 3804 super
2712 3737 2880 3803 caput
2906 3733 3047 3803 ejus,
3066 3737 3123 3788 et
3143 3734 3482 3789 arundinem

1863 3827 1925 3882 in
1951 3827 2177 3882 dextera
2209 3827 2328 3897 ejus
2351 3844 2368 3897 ;
2397 3832 2453 3881 et
2482 3843 2634 3897 genu
2655 3827 2801 3881 ﬂexo
2825 3830 2954 3882 ante
2975 3842 3127 3898 eum,
3154 3827 3488 3884 inludebant

1865 3920 1936 3991 ei,
1965 3921 2210 3975 dicentes
2241 3937 2255 3975 :
2282 3921 2451 3990 Have,
2481 3922 2597 3976 Rex
2625 3922 2974 3979 Iudaeorum.
3001 3923 3068 3977 Et
3092 3928 3400 3994 expuentes
3424 3923 3485 3979 in

1866 4031 2018 4085 eum,
2061 4018 2397 4086 acceperunt
2435 4016 2792 4084 arundinem,
2822 4020 2878 4071 et
2910 4016 3297 4087 percutiebant
3321 4022 3490 4089 caput
3580 4088 3581 4091 η

1867 4109 2005 4179 ejus.
2037 4110 2103 4163 Et
2126 4114 2422 4180 postquam
2454 4109 2775 4164 inluserunt
2798 4109 2882 4179 ei,
2910 4115 3190 4165 exuerunt
3214 4126 3345 4167 eum
3371 4112 3485 4167 cla-

1866 4203 2115 4274 mydem,
2145 4207 2200 4258 et
2225 4202 2533 4259 induerunt
2556 4219 2689 4259 eum
2711 4204 3055 4260 vestimentis
3081 4204 3216 4275 suis,
3240 4210 3296 4261 et
3320 4206 3490 4262 duxe-

1869 4300 2004 4351 runt
2030 4313 2161 4351 eum
2201 4302 2263 4351 ut
2285 4297 2701 4367 cruciﬁgerent.
2731 4298 3007 4353 Exeuntes
3042 4304 3233 4354 autem
3256 4298 3484 4356 invene-

201 4386 337 4445 Vere
366 4388 618 4461 dignum
643 4393 702 4445 et
716 4390 942 4460 justum
979 4395 1065 4445 est
1090 4391 1445 4463 omnipotens
1472 4393 1641 4459 Deus,
1669 4408 1771 4463 per
1868 4394 2004 4445 runt
2031 4390 2323 4445 hominem
2352 4391 2705 4461 Cyrenaeam,
2732 4390 2963 4445 nomine
2991 4392 3309 4463 Symonem.
3331 4393 3489 4449 Hunc

137 4479 421 4538 Christum
448 4481 763 4540 Dominum
787 4487 1073 4539 nostrum.
1096 4485 1269 4556 Cujus
1296 4487 1553 4557 passione
1573 4491 1773 4541 cuncta
1870 4484 2305 4555 angariaverunt
2343 4488 2408 4538 ut
2449 4485 2667 4539 tolleret
2694 4499 2920 4539 crucem
2958 4485 3098 4554 ejus.
3143 4485 3492 4556 Sequebatur

143 4584 424 4633 commota
467 4582 628 4648 sunt,
671 4583 728 4633 et
769 4584 1035 4633 eventum
1078 4579 1346 4634 dominici
1388 4580 1633 4635 vulneris
1657 4581 1769 4635 ele-
1789 4636 1840 4650 _
1870 4583 2059 4632 autem
2088 4578 2247 4632 illum
2276 4577 2459 4632 multa
2485 4578 2652 4631 turba
2675 4576 2890 4647 populi,
2919 4582 2975 4632 et
2998 4578 3302 4633 mulierum
3322 4620 3336 4648 ,
3362 4593 3490 4650 qua

144 4676 330 4726 menta
356 4676 747 4727 tremuerunt.
775 4673 1011 4745 Expavit
1038 4673 1157 4729 dies
1176 4690 1291 4728 non
1311 4674 1491 4729 solida
1513 4679 1697 4743 nocte,
1719 4678 1775 4728 et
1791 4670 1849 4709 υ
1872 4671 2214 4742 plangebant
2237 4675 2295 4725 et
2318 4670 2770 4725 lamentabantur
2798 4686 2950 4725 eum.
2971 4671 3280 4727 Conversus
3299 4679 3489 4730 autem

145 4779 264 4820 suas
314 4766 586 4821 tenebras
632 4766 885 4822 mundus
924 4766 1158 4823 invenit.
1205 4768 1372 4823 Stetit
1417 4768 1519 4823 sub
1564 4767 1776 4822 incerto
1873 4764 1943 4819 ad
1970 4764 2092 4818 illas
2116 4764 2292 4831 Jesus,
2322 4763 2504 4818 dixit:
2552 4762 2706 4819 Filim
2732 4764 3092 4834 Hierusalem,
3138 4764 3309 4821 nolite
3354 4767 3490 4823 ﬂere

143 4854 353 4913 lumine
379 4860 527 4929 dies,
560 4859 823 4914 inclausis
849 4860 1020 4916 etiam
1045 4861 1145 4915 lux
1183 4861 1309 4933 ipsa
1348 4861 1463 4915 visa
1502 4866 1583 4916 est
1627 4860 1776 4915 mori
1875 4874 2044 4930 super
2069 4874 2180 4928 me,
2222 4857 2319 4913 sed
2346 4873 2517 4929 super
2557 4874 2653 4913 vos
2700 4858 2847 4929 ipsas
2874 4860 3002 4914 llete
3046 4863 3104 4913 et
3142 4875 3311 4930 super
3346 4860 3490 4916 ﬁlios

146 4965 272 5011 cum
310 4953 562 5009 Christo.
607 4954 692 5008 Ad
733 4955 839 5009 hoc
868 4955 1025 5010 enim
1061 4955 1245 5010 omnis
1272 4956 1490 5010 claritas
1514 4955 1779 5027 migravit
1874 4956 2117 5021 vestros;
2149 4952 2419 5023 quoniam
2462 4968 2589 5007 ecce
2634 4952 2860 5007 venient
2885 4953 3022 5022 dies,
3062 4951 3122 5007 in
3158 4953 3364 5024 quibus
3403 4954 3489 5009 di-

146 5043 201 5098 in
225 5052 472 5118 noctem,
500 5063 576 5102 ne
605 5049 964 5120 sacrilegium
1010 5065 1241 5104 cernere
1268 5050 1570 5104 videretur.
1608 5050 1774 5104 Clau-

149 5142 289 5194 serat
312 5141 468 5196 enim
498 5158 635 5196 suos
658 5143 847 5198 oculos
873 5143 1176 5214 saeculum,
1204 5160 1276 5199 ne
1306 5144 1363 5198 in
1387 5160 1550 5198 cruce
1573 5144 1778 5214 aspice-

152 5238 231 5287 ret
254 5235 693 5304 Redemtorem;
738 5242 795 5292 et
836 5238 1083 5293 mundus
1126 5238 1247 5310 ipse
1293 5238 1451 5293 testis
1501 5254 1619 5293 esse
1663 5255 1778 5293 non

152 5330 348 5401 potuit,
377 5336 445 5385 ut
469 5330 625 5385 solus
649 5331 926 5402 aspiceret
949 5332 1049 5404 qui
1072 5332 1345 5404 percussit
1372 5349 1386 5386 :
1412 5332 1571 5402 cujus
1591 5332 1779 5387 dolore

152 5420 312 5494 plaga
351 5428 552 5479 nostra
595 5430 789 5480 curata
830 5431 953 5493 est,
1004 5432 1061 5482 et
1101 5428 1290 5498 lapsus
1333 5431 1552 5481 nostros
1596 5425 1781 5481 aliena

153 5515 311 5573 ruina
357 5518 630 5589 suscepit.
679 5519 1057 5576 Tremuerunt
1104 5521 1386 5576 elementa
1428 5519 1629 5575 mundi
1677 5519 1780 5575 sub

153 5622 261 5665 uno
286 5628 557 5683 percusso
578 5651 594 5681 ,
623 5612 711 5684 cui
722 5628 783 5668 us
813 5615 1045 5671 vulnere
1078 5615 1369 5688 captivitas
1407 5614 1648 5668 resoluta
1676 5617 1778 5669 est.

158 5699 297 5759 Dum
321 5706 480 5761 enim
508 5705 786 5761 occiditur
809 5708 1081 5781 Christus,
1112 5713 1313 5765 cuncta
1331 5710 1524 5763 renata
1548 5711 1699 5778 sunt;
1727 5711 1785 5764 et

220 5854 238 5873 "
267 5849 329 5905 In
378 5848 738 5906 Lectionario
783 5850 1119 5908 Luxoviensi
1166 5852 1449 5910 habentur
1498 5851 1666 5907 etiam
1711 5850 1785 5907 ad

160 5917 418 5993 Primam,
448 5921 792 5991 Secundam,
820 5923 907 5979 uti
931 5927 990 5980 et
1011 5924 1084 5979 ad
1108 5924 1351 5982 Tertiam
1375 5924 1609 5996 horam;
1638 5922 1785 5996 pari-

1876 5050 2005 5102 cent
2033 5063 2046 5101 :
2081 5048 2259 5101 Beata:
2304 5047 2517 5101 steriles
2546 5051 2602 5101 et
2631 5051 2850 5100 ventres
2874 5046 2974 5117 qui
3006 5062 3120 5100 non
3152 5054 3489 5118 genuerunt,

1878 5148 1934 5197 et
1957 5141 2134 5195 ubera
2158 5157 2287 5212 quae
2313 5156 2428 5194 non
2452 5140 2821 5195 lactaverunt.
2843 5141 2997 5195 Tunc
3021 5140 3291 5212 incipient
3308 5142 3495 5200 dicere

1877 5234 2161 5290 montibus
2193 5250 2207 5288 :
2236 5233 2423 5287 Cadite
2462 5249 2632 5303 super
2658 5249 2794 5301 nos;
2845 5237 2903 5287 et
2945 5233 3178 5289 collibus
3206 5252 3221 5290 :
3270 5237 3496 5307 Operite

1878 5346 1999 5384 nos.
2031 5328 2167 5393 Quia
2195 5327 2243 5381 si
2268 5327 2326 5381 in
2351 5325 2512 5381 viridi
2534 5327 2691 5397 ligno
2710 5326 2833 5380 haec
2851 5326 3083 5398 faciunt,
3106 5329 3166 5383 in
3184 5329 3342 5385 arido
3362 5331 3499 5402 quid

1879 5423 2018 5479 ﬁet?
2042 5424 2183 5477 Cum
2206 5420 2447 5476 venisset
2472 5424 2662 5475 autem
2688 5420 2758 5475 ad
2784 5420 2997 5492 locum,
3026 5422 3124 5494 qui
3151 5423 3357 5480 dicitur
3379 5425 3498 5481 Gol-

1882 5522 2054 5589 gotta,
2084 5516 2236 5587 quod
2265 5520 2347 5570 est
2368 5514 2630 5569 Calvarize
2653 5515 2809 5570 locus
2829 5556 2845 5583 ,
2891 5515 3170 5574 dederunt
3211 5518 3263 5574 ei
3305 5518 3499 5575 vinum

1880 5611 2077 5667 bibere
2101 5626 2233 5665 cum
2272 5609 2400 5665 felle
2443 5608 2722 5680 mixtum;
2747 5613 2804 5665 et
2831 5625 2963 5666 cum
2999 5615 3293 5683 gustasset,
3321 5611 3500 5669 noluit

1881 5704 2092 5760 bibere.

1883 5865 1994 5924 que
2018 5848 2186 5906 modo
2220 5847 2503 5919 scribitur,
2540 5848 2617 5906 ad
2646 5849 2846 5915 Tertia,
2873 5848 2949 5906 ad
2970 5850 3153 5915 Sexta,
3182 5853 3286 5908 etc.
