3970 6408
443 362 549 421 495

1322 350 1652 406 APPENDIX
1688 347 1774 402 AD
1809 344 2029 401 OPERA
2066 343 2119 397 S.
2158 340 2455 401 GERMANI
2492 335 2915 395 PARISIENSIS.

3725 321 3845 385 496

446 469 626 524 Lectio
651 466 814 520 sancti
837 457 1861 540 Evauglgliilsecun'dumIobaquem.quae
1880 450 2066 516 legitur
2088 448 2607 540 Arevertebantur.
2654 446 2887 502 Stabant
2938 446 3131 498 autem
3191 451 3390 496 omnes
3434 440 3565 495 noti
3611 436 3758 509 ejus
3814 456 3851 490 a

916 519 1159 576 adVSexta
1186 523 1240 572 in
1265 522 1545 570 Parasceve
1559 519 1603 567 ⁸.

519 614 819 681 Postquam
845 605 1245 661 cruciﬁxerunt
1263 601 1569 656 Dominum
1590 600 1800 661 Iesum,
1829 595 1969 650 dixit
1985 595 2068 649 Ie—

448 722 545 761 sus
570 719 703 757 voce
731 714 975 771 magna:
999 699 1179 766 Pater,
1196 694 1415 750 dimitte
1428 694 1559 762 illis,
1582 708 1696 745 non
1715 689 1866 745 enim
1886 689 2071 743 sciunt

450 797 586 870 quid
614 795 847 850 faciunt.
877 793 1032 847 Tunc
1060 790 1368 845 diviserunt
1402 786 1734 841 vestimenta
1765 783 1916 852 ejus,
1946 796 2067 834 sor-

447 896 563 946 tem
593 888 900 944 mittentes.
948 884 1078 940 Erat
1120 887 1312 937 autem
1336 880 1527 935 tunica
1553 875 1925 941 inconsutilis,
1969 873 2068 929 de-

450 998 620 1055 super
633 984 898 1036 contexta
913 994 1014 1049 per
1028 981 1230 1031 totum.
1256 973 1528 1028 Dixerunt
1553 987 1688 1041 ergo
1707 970 1775 1024 ad
1793 968 2033 1023 invicem
2054 982 2067 1019 :

448 1077 573 1132 Non
602 1073 919 1129 scindamus
946 1086 1089 1137 eam,
1117 1069 1213 1123 sed
1242 1066 1548 1121 sortiamur
1574 1065 1643 1118 de
1669 1063 1765 1117 illa
1793 1061 1953 1132 cujus
1980 1059 2069 1113 sit.

450 1171 522 1225 Ut
545 1169 817 1239 scriptura
843 1163 1145 1235 impleatur
1172 1161 1362 1216 dicens
1385 1176 1398 1213 :
1437 1158 1755 1212 Diviserunt
1780 1154 1886 1209 sibi
1912 1152 2073 1207 vesti-

451 1266 646 1318 menta
673 1276 817 1328 mea,
847 1262 903 1312 et
925 1256 986 1311 in
1011 1260 1223 1310 vestem
1251 1269 1439 1307 meam
1460 1252 1737 1306 miserunt
1756 1253 1985 1303 sortem.
2009 1247 2075 1299 Et

451 1356 706 1411 sedentes
735 1350 1029 1407 servabant
1054 1364 1198 1403 eam.
1220 1349 1289 1402 Et
1306 1347 1698 1418 imposuerunt
1718 1357 1887 1413 super
1910 1342 2076 1410 caput

452 1449 575 1521 ejus
602 1461 827 1502 causam
863 1443 1039 1515 ipsius
1076 1436 1345 1512 scriptam
1372 1456 1385 1494 :
1429 1438 1527 1493 Hic
1555 1441 1639 1492 est
1662 1438 1819 1492 Iesus
1850 1450 1949 1488 rex
1976 1434 2073 1487 Iu-

452 1543 726 1597 daeorum.
756 1539 910 1593 Tunc
939 1534 1190 1590 cruciﬁxi
1215 1537 1514 1599 suntcum
1557 1546 1623 1584 eo
1662 1529 1773 1584 duo
1814 1528 2073 1595 latrones,

452 1652 602 1690 unus
624 1650 657 1688 a
681 1630 911 1699 dextris,
944 1633 1000 1685 et
1035 1645 1183 1684 unus
1212 1644 1245 1681 a
1279 1625 1544 1701 psinistris.
1580 1624 1647 1677 Et
1670 1621 1974 1691 adimplcta
1996 1623 2081 1674 est

454 1729 739 1799 Scriptura
764 1741 890 1797 quae
915 1722 1048 1779 dicit
1073 1739 1088 1777 :
1138 1723 1207 1775 Et
1233 1736 1365 1775 cum
1408 1717 1615 1789 iniquis
1658 1719 1949 1787 reputatus
1973 1715 2076 1767 est.

452 1823 860 1877 Prmtereuntes
884 1822 1075 1872 autem
1109 1812 1576 1885 hlasphemabant
1600 1825 1729 1864 eum
1749 1850 1764 1877 ,
1792 1810 2080 1862 moventes

455 1914 639 1985 capita
682 1928 803 1980 sua,
843 1914 899 1964 et
928 1909 1174 1963 dicentes
1201 1923 1215 1960 :
1247 1906 1366 1959 Vah
1391 1904 1491 1975 qui
1530 1901 1772 1957 destruis
1802 1898 2080 1970 templum

455 2007 576 2076 Dei,
603 2011 661 2061 et
686 2005 747 2059 in
772 2003 961 2059 triduo
986 2000 1127 2055 illud
1151 1998 1488 2066 reazdificas,
1522 1996 1671 2050 salva
1694 1993 2078 2063 temetipsum.

456 2100 517 2156 Si
545 2099 718 2153 Filius
744 2096 841 2151 Dei
867 2112 947 2161 es,
976 2092 1250 2149 descende
1275 2092 1343 2145 de
1364 2105 1548 2145 cruce.
1573 2087 1839 2143 Similiter
1859 2090 1914 2141 et
1931 2083 2083 2156 prin-
2107 2098 2163 2201 τί

458 2194 609 2265 cipes
633 2189 984 2245 sacerdotum
1014 2186 1332 2240 inludentes
1363 2200 1495 2238 cum
1522 2181 1718 2236 scribis
1747 2185 1803 2234 et
1839 2178 2081 2233 seniori-

457 2287 565 2342 bus
595 2282 850 2339 dicebant
884 2298 897 2335 :
926 2279 1076 2334 Alios
1106 2278 1282 2332 salvos
1306 2276 1456 2343 fecit,
1489 2274 1735 2345 seipsum
1760 2288 1877 2327 non
1903 2274 2086 2341 potest

461 2380 677 2435 salvum
694 2376 901 2431 facere.
935 2373 988 2428 Si
1033 2388 1132 2427 rex
1172 2370 1336 2426 Israel
1371 2373 1471 2436 est,
1501 2366 1801 2422 descendat
1838 2380 1990 2418 nunc
2016 2363 2085 2417 de

461 2488 644 2539 cruce,
689 2474 743 2525 et
790 2466 1071 2523 credimus
1116 2465 1185 2520 ei.
1218 2462 1459 2519 Conﬁdit
1488 2462 1548 2515 in
1586 2459 1856 2527 Domino;
1885 2457 2088 2511 liberet

459 2581 613 2621 nunc
647 2580 777 2619 eum
812 2562 858 2616 si
898 2561 1037 2615 vult.
1069 2557 1223 2613 Dixit
1250 2556 1405 2611 enim
1446 2554 1583 2626 quia
1608 2553 1781 2607 Filius
1810 2551 1908 2605 Dei
1938 2566 2083 2603 sum.

462 2660 712 2730 Idipsum
736 2661 924 2711 autem
955 2660 1011 2709 et
1037 2669 1184 2707 unus
1211 2651 1279 2707 de
1313 2650 1402 2705 his
1428 2648 1525 2720 qui
1564 2646 1886 2719 pendebant
1914 2644 2086 2697 latro-

461 2754 632 2810 nibus
657 2746 1086 2821 blasphemabat
1110 2762 1263 2813 eum,
1292 2743 1484 2798 dicens
1514 2758 1527 2795 :
1558 2740 1613 2795 Si
1638 2744 1702 2794 tu
1728 2756 1787 2793 es
1812 2737 2085 2803 Christus,

464 2847 682 2902 salvum
727 2844 813 2898 fac
850 2840 1217 2909 temetipsum
1243 2840 1299 2892 et
1336 2853 1456 2890 nos.
1498 2832 1860 2904 Respondens
1901 2834 2091 2884 autem

464 2940 607 2995 alter
628 2935 955 3007 increpabat
980 2949 1134 2999 eum,
1163 2930 1354 2985 dicens
1385 2945 1399 2982 :
1428 2927 1609 2989 Miser,
1637 2940 1819 2996 neque
1839 2928 1903 2978 tu
1927 2923 2092 2977 times

463 3035 667 3100 Deum,
707 3028 859 3102 quod
888 3026 948 3081 in
973 3026 1170 3081 eadem
1202 3021 1562 3079 damnatione
1591 3018 1677 3073 es!
1717 3020 1785 3073 Et
1821 3034 1925 3072 nos
1964 3016 2091 3088 qui-

470 3127 600 3182 dem
618 3124 791 3195 juste,
819 3137 953 3175 nam
973 3118 1145 3190 digna
1163 3117 1320 3171 factis
1341 3114 1664 3187 recipimus,
1688 3111 1779 3166 hic
1799 3127 1930 3166 vero
1950 3109 2093 3164 nihil

470 3218 612 3275 mali
642 3215 831 3288 gessit.
854 3215 920 3268 Et
945 3212 1162 3267 dicebat
1189 3211 1260 3265 ad
1278 3211 1467 3265 Iesum
1488 3227 1501 3262 :
1526 3205 1782 3275 Domine,
1806 3208 2092 3259 memento
2114 3214 2168 3289 ρ

471 3312 605 3381 mei,
634 3326 765 3365 cum
787 3306 1006 3363 veneris
1034 3305 1093 3359 in
1121 3319 1364 3375 regnum
1392 3308 1577 3356 tuum.
1628 3301 1695 3353 Et
1722 3299 1864 3353 dixit
1889 3297 1973 3351 illi
2000 3299 2090 3353 Ie-

472 3422 603 3462 sus:
634 3407 833 3472 Amen,
861 3416 1029 3455 amen
1063 3398 1187 3454 dico
1228 3396 1349 3467 tibi,
1384 3395 1514 3468 quia
1540 3393 1707 3449 hodie
1732 3408 1957 3448 mecum
1986 3391 2095 3446 eris

472 3498 534 3555 in
560 3497 856 3571 paradyso.

474 3599 650 3651 Lectio
668 3596 832 3647 sancti
851 3593 1117 3659 Evangelii
1133 3591 1425 3705 zgcggggrp
1446 3590 1759 3650 Iohannem,
1778 3600 1891 3652 quas
1910 3585 2099 3649 legitur

548 3738 589 3790 A
617 3736 773 3789 sexta
800 3730 942 3785 hora
979 3725 1228 3782 tenebrae
1271 3725 1429 3780 facta
1469 3727 1602 3779 sunt
1639 3738 1809 3794 super
1841 3720 2103 3776 universa

477 3833 629 3885 terra
650 3840 832 3897 usque
857 3822 928 3878 ad
952 3821 1153 3876 horam
1166 3834 1398 3873 nonam.
1420 3818 1487 3871 Et
1505 3817 1651 3871 circa
1668 3816 1869 3871 horam
1891 3830 2102 3871 nonam

480 3920 737 3978 clamavit
759 3920 916 3972 Iesus
939 3929 1073 3969 voce
1101 3928 1314 3983 magna
1333 3911 1525 3966 dicens
1554 3927 1567 3964 :
1600 3910 1738 3979 Heli,
1769 3909 1908 3977 Heli,
1939 3909 2101 3962 lima-

483 4011 785 4071 sabactani.
817 4011 929 4064 Hoc
955 4012 1061 4074 est,
1091 4007 1235 4061 Deus
1275 4021 1454 4075 meus,
1483 4005 1627 4059 Deus
1651 4020 1843 4073 meus,
1871 4008 1938 4057 ut
1970 4000 2107 4073 quid

485 4103 830 4177 dereliquisti
895 4118 987 4157 me
1007 4101 1035 4155 ?
1098 4100 1334 4164 Quidam
1381 4103 1573 4153 autem
1620 4097 1733 4151 illic
1777 4101 1987 4150 stantes
2029 4094 2109 4150 di-

486 4201 688 4258 cebant
714 4215 728 4253 :
758 4196 973 4253 Heliam
1000 4198 1157 4249 vocat
1201 4193 1324 4248 iste.
1366 4192 1647 4247 Continuo
1692 4205 1925 4244 currens
1958 4204 2108 4243 unus

487 4313 559 4353 ex
586 4295 686 4363 eis,
716 4295 1003 4363 acceptam
1029 4287 1322 4360 spongiam
1350 4285 1608 4358 implevit
1634 4289 1811 4353 aceto,
1840 4288 1897 4338 et
1924 4284 2111 4354 posuit

494 4388 592 4465 [in]
622 4386 919 4455 arundine,
952 4389 1008 4439 et
1031 4383 1197 4438 dabat
1232 4381 1285 4437 ei
1321 4380 1535 4435 bibere.
1573 4377 1756 4433 Ceteri
1791 4392 1922 4432 vero
1959 4377 2108 4432 dice-

488 4485 629 4541 bant
655 4499 670 4537 :
699 4481 846 4550 Sine,
872 4479 1159 4534 videamus
1187 4492 1261 4531 an
1286 4474 1473 4529 veniat
1498 4472 1678 4527 Helias
1694 4470 1938 4525 liberans
1957 4487 2109 4526 eum.

487 4584 646 4639 Iesus
682 4581 874 4632 autem
918 4573 1127 4628 iterum
1168 4571 1417 4624 clamans
1468 4582 1603 4621 voce
1650 4581 1877 4637 magna,
1928 4565 2115 4619 emisit

493 4673 775 4749 spiritum.
803 4671 871 4724 Et
897 4682 1022 4721 ecce
1046 4665 1235 4720 velum
1262 4661 1458 4733 templi
1501 4660 1735 4715 scissum
1772 4664 1855 4714 est
1890 4658 1950 4714 in
1978 4659 2116 4714 duas

493 4772 701 4843 partes,
726 4782 758 4820 a
782 4776 1005 4817 summo
1030 4773 1211 4830 usque
1243 4756 1538 4823 deorsum;
1568 4759 1624 4809 et
1658 4758 1807 4809 terra
1833 4757 1987 4808 mota
2011 4756 2114 4819 est,

496 4868 553 4919 et
569 4866 747 4935 petrae
778 4855 958 4911 scissae
986 4855 1137 4921 sunt,
1166 4856 1222 4906 et
1246 4853 1619 4905 monumenta
1647 4852 1840 4919 aperta
1865 4851 1998 4901 sunt
2019 4889 2034 4917 ,
2064 4851 2120 4902 et

497 4957 679 5016 multa
712 4966 945 5024 corpora
984 4950 1306 5003 sanctorum
1330 4944 1431 5016 qui
1465 4942 1815 4997 dormierant
1856 4958 2117 4997 surrexe-

496 5055 653 5111 runt.
679 5050 745 5104 Et
768 5048 1037 5102 exeuntes
1075 5042 1145 5097 de
1178 5039 1561 5095 monumentis
1602 5042 1728 5110 post
1765 5037 2123 5092 resurrectio-

498 5161 636 5203 nem
660 5143 801 5213 ejus,
826 5141 1102 5195 venerunt
1123 5136 1182 5190 in
1208 5140 1457 5190 sanctam
1481 5133 1766 5187 civitatem
1792 5174 1806 5202 ,
1847 5137 1904 5187 et
1945 5148 2120 5203 appa-

505 5240 746 5296 ruerunt
771 5232 980 5287 multis.
1009 5229 1273 5286 Centurio
1298 5234 1509 5297 autem,
1537 5232 1593 5281 et
1611 5226 1707 5298 qui
1730 5242 1860 5281 cum
1881 5242 1946 5280 eo
1965 5230 2126 5280 erant

507 5327 883 5388 custodientes
905 5327 1115 5394 Iesum,
1145 5324 1259 5378 viso
1288 5328 1453 5378 terrae
1480 5325 1640 5375 motu
1670 5324 1725 5374 et
1764 5319 1851 5373 his
1879 5335 2007 5392 quae
2033 5319 2127 5372 ﬁe-

506 5427 663 5491 bant,
710 5421 1026 5476 timuerunt
1067 5417 1247 5485 valde,
1291 5415 1538 5469 dicentes
1574 5430 1588 5467 :
1637 5415 1774 5468 Vere
1819 5412 1916 5468 Dei
1959 5411 2129 5467 Filius

510 5522 633 5576 erat
656 5517 777 5571 iste.
807 5515 872 5569 Et
896 5511 1077 5567 omnis
1106 5508 1275 5564 turba
1302 5523 1523 5573 corum,
1553 5507 1654 5578 qui
1679 5507 1847 5560 simul
1872 5506 2125 5572 aderant,

511 5618 567 5670 et
592 5610 854 5667 videbant
897 5622 1024 5679 quae
1062 5603 1290 5669 ﬁebant,
1336 5600 1716 5672 percutientes
1758 5605 1981 5671 pectora
2032 5614 2132 5653 sua

581 5748 606 5778 "
646 5746 849 5803 Eadem
879 5742 1016 5796 item
1060 5736 1224 5791 lectio
1256 5735 1332 5789 ad
1369 5736 1533 5791 Semta
1578 5734 1672 5800 (ita
1713 5734 2045 5806 scribebant)
2073 5734 2133 5792 in

514 5824 961 5945 Lngcilvzizinlséctio
988 5879 1177 5935 deerat
1219 5878 1279 5931 in
1316 5874 1515 5931 Codice
1542 5876 1739 5930 mutilo
1777 5876 2129 5935 Luxoviensi.

2166 543 2353 615 longe.
2382 543 2555 598 Erant
2574 539 2726 595 enim
2749 539 2827 593 ibi
2847 540 2904 592 ct
2919 536 3184 591 mulieres
3208 534 3428 603 multa,
3452 548 3594 605 quae
3611 535 3853 586 secuta:

2168 641 2327 691 erant
2349 636 2537 689 Iesum
2564 650 2597 687 a
2623 633 2846 687 Galilaea
2871 672 2884 699 ,
2934 629 3319 684 ministrantes
3346 627 3396 681 ei
3429 643 3443 680 :
3490 627 3657 680 inter
3690 639 3855 695 quas

2168 734 2288 785 erat
2329 727 2497 783 Maria
2537 725 2882 796 Magdalene,
2929 729 2985 778 et
3025 722 3200 778 Maria
3240 720 3456 790 Jacobi,
3506 725 3569 774 et
3615 717 3851 787 Ioseph

2169 827 2368 889 mater,
2401 824 2457 874 et
2485 824 2670 873 mater
2691 818 2936 872 filiorum
2958 815 3239 871 Zebedaei.
3264 814 3450 869 Iudaei
3477 829 3654 884 ergo,
3699 826 3851 882 quo-

2169 919 2323 976 niam
2350 933 2644 989 parasceve
2672 921 2809 984 erat,
2855 922 2919 971 ut
2961 932 3077 970 non
3123 917 3492 969 remanerent
3540 912 3612 965 in
3663 926 3856 964 cruce

2170 1032 2403 1087 corpora
2428 1015 2686 1083 Sabbato,
2714 1017 2835 1068 erat
2860 1013 3011 1067 enim
3031 1028 3276 1083 magnus
3296 1011 3418 1065 dies
3438 1010 3539 1064 ille
3565 1008 3850 1076 Sabbati,

2171 1112 2513 1181 rogaverunt
2541 1108 2802 1176 Pilatum,
2831 1111 2897 1162 ut
2923 1107 3331 1178 frangerentur
3367 1119 3580 1159 eorum
3619 1118 3809 1157 crura
3836 1144 3849 1168 ,

2172 1207 2227 1258 et
2251 1202 2601 1257 tollerentur.
2636 1202 2920 1255 Venerunt
2944 1216 3081 1271 ergo
3118 1198 3350 1265 milites,
3382 1202 3440 1252 et
3480 1196 3679 1268 primi
3708 1196 3849 1267 qui-

2174 1297 2303 1351 dem
2328 1295 2621 1366 fregerunt
2664 1311 2849 1363 crura,
2894 1298 2950 1347 et
2989 1293 3223 1347 alterius
3249 1292 3349 1363 qui
3380 1290 3714 1345 crucifixus
3762 1295 3852 1344 est

2174 1406 2305 1444 cum
2333 1405 2419 1443 eo.
2446 1388 2529 1442 Ad
2553 1389 2745 1441 Iesum
2773 1392 2964 1441 autem
2983 1403 3115 1441 cum
3136 1385 3445 1455 venissent,
3471 1389 3532 1439 et
3552 1383 3853 1438 vidissent

2176 1499 2307 1536 eum
2328 1482 2453 1553 jam
2480 1484 2768 1535 mortuum
2787 1522 2800 1549 ,
2830 1496 2944 1535 non
2983 1480 3283 1550 fregerunt
3310 1479 3435 1549 ejus
3476 1493 3666 1532 crura
3698 1493 3714 1530 :
3750 1475 3850 1531 sed

2177 1595 2323 1633 unus
2347 1578 2592 1632 militum
2622 1578 2813 1632 lancea
2841 1577 2989 1631 latus
3017 1576 3140 1647 ejus
3166 1575 3414 1648 aperuit,
3446 1579 3506 1629 et
3550 1574 3855 1629 continuo

2178 1677 2350 1732 exivit
2376 1676 2605 1748 sanguis
2624 1682 2678 1731 et
2697 1692 2863 1748 aqua.
2886 1676 2953 1729 Et
2971 1675 3071 1746 qui
3094 1674 3256 1740 vidit,
3278 1671 3698 1728 testimonium
3722 1687 3861 1743 per-

2178 1771 2383 1841 hibuit,
2415 1777 2471 1826 et
2513 1786 2711 1825 verum
2754 1774 2839 1824 est
2881 1768 3003 1839 ejus
3047 1767 3463 1822 testimonium.
3506 1766 3581 1821 Et
3610 1765 3718 1821 ille
3747 1765 3857 1820 scit

2099 1846 2155 1918 B
2180 1864 2313 1936 quia
2342 1880 2475 1919 vera
2503 1864 2655 1931 dicit,
2684 1867 2749 1917 ut
2772 1868 2828 1917 et
2853 1878 2949 1916 vos
2975 1861 3237 1917 credatis.
3284 1861 3455 1915 Facta
3484 1864 3634 1914 sunt
3686 1860 3858 1913 enim

2179 1959 2303 2012 haec
2346 1962 2408 2012 ut
2449 1956 2736 2027 Scriptura
2777 1955 3121 2026 impleatur:
3155 1954 3226 2009 Os
3272 1954 3395 2024 ejus
3433 1970 3559 2007 non
3602 1952 3859 2007 commi-

2179 2051 2366 2105 nuetis
2404 2066 2471 2105 ex
2515 2067 2599 2104 eo.
2642 2051 2707 2103 Et
2735 2049 2944 2103 iterum
2982 2048 3092 2101 alia
3119 2047 3401 2118 scriptura
3428 2046 3573 2101 dicit
3618 2065 3638 2100 :
3674 2046 3857 2100 Vide-

2181 2145 2325 2199 bunt
2350 2144 2409 2197 in
2434 2160 2606 2215 quem
2628 2142 3050 2197 transﬁxcrunt.
3073 2141 3215 2196 Cum
3246 2157 3371 2194 sero
3396 2146 3599 2195 autem
3626 2140 3860 2195 factum

2185 2242 2347 2303 esset,
2378 2236 2533 2290 venit
2551 2236 2783 2307 quidam
2808 2236 2980 2289 homo
3002 2234 3156 2288 dives
3177 2233 3247 2287 ab
3271 2233 3577 2303 Arimatia,
3604 2234 3860 2288 nomine

2150 2380 2157 2383 _
2182 2330 2406 2399 Ioseph,
2439 2329 2538 2400 qui
2564 2334 2619 2383 et
2645 2328 2763 2399 ipse
2792 2327 3100 2398 discipulus
3127 2332 3248 2381 erat
3272 2327 3427 2381 Iesu.
3470 2326 3577 2381 Hic
3608 2326 3864 2382 accessit

2185 2423 2255 2476 ad
2281 2422 2539 2490 Pilatum,
2570 2426 2624 2476 et
2647 2420 2812 2492 petiit
2836 2436 3041 2491 corpus
3065 2421 3213 2474 Iesu.
3238 2420 3397 2474 Tunc
3423 2419 3655 2474 Pilatus
3675 2420 3862 2490 jussit

2187 2514 2345 2569 reddi
2370 2530 2573 2585 corpus
2622 2514 2763 2584 ejus.
2811 2514 2973 2568 Venit
2997 2519 3193 2567 autem
3235 2517 3293 2566 et
3320 2512 3705 2581 Nicodamus,
3758 2513 3865 2584 qui

2187 2612 2418 2662 venerat
2439 2608 2510 2662 ad
2546 2608 2736 2662 Iesum
2765 2612 2927 2661 nocte
2966 2606 3223 2677 primum
3248 2649 3262 2676 ,
3294 2606 3487 2661 ferens
3518 2606 3864 2661 mixturam

2188 2718 2397 2756 murrie
2441 2706 2496 2756 et
2541 2701 2707 2770 aloes,
2757 2700 2920 2772 quasi
2957 2700 3129 2754 libras
3171 2705 3427 2755 centum.
3478 2704 3866 2771 Acceperunt

2189 2812 2325 2866 ergo
2351 2812 2553 2866 corpus
2572 2796 2722 2863 Iesu,
2747 2798 2803 2848 et
2820 2794 3142 2864 ligaverunt
3167 2809 3302 2848 eum
3328 2792 3528 2848 linteis
3555 2810 3702 2848 cum
3732 2810 3868 2849 aro-

2190 2890 2453 2958 matihus,
2488 2894 2544 2944 et
2569 2893 2881 2959 posuerunt
2906 2887 3050 2942 illud
3074 2886 3135 2941 in
3160 2892 3550 2942 monumento
3585 2905 3772 2957 novo,
3802 2888 3866 2942 in

2192 2999 2305 3054 quo
2333 2983 2592 3037 nondum
2622 2982 2927 3054 quisquam
2945 2981 3163 3052 positus
3183 2986 3327 3036 erat.
3352 2982 3421 3035 Et
3445 2981 3870 3052 adposuerunt

2192 3093 2390 3130 saxum
2420 3092 2692 3147 magnum
2710 3075 2779 3129 ad
2799 3075 3053 3129 hostium
3072 3074 3460 3144 monumenti,
3477 3080 3537 3130 et
3555 3075 3864 3131 abierunt.

2194 3171 2322 3224 Erat
2344 3175 2534 3224 autem
2563 3169 2641 3223 ibi
2668 3169 2838 3223 Maria
2867 3168 3212 3240 Magdalene,
3244 3172 3304 3224 et
3328 3168 3512 3223 altera
3538 3169 3745 3240 Maria,
3781 3186 3863 3225 se-

2193 3263 2387 3319 dentes
2412 3268 2607 3318 contra
2629 3263 3015 3335 sepulchrum.

2716 3402 2859 3453 DIE
2896 3402 3297 3454 ΒΔΒΒΔΤΟ.

2919 3502 3098 3558 Mane.

2268 3582 2457 3648 Altefa
2478 3596 2669 3648 autem
2697 3592 2787 3648 die
2812 3633 2826 3659 ,
2853 3609 2983 3664 quae
3013 3597 3098 3648 est
3120 3596 3252 3665 post
3289 3593 3657 3650 Parasceven
3684 3637 3700 3666 ,
3732 3613 3869 3652 con-

2199 3692 2476 3742 venerunt
2500 3686 2785 3758 principes
2825 3687 3184 3742 sacerdotum
3213 3691 3271 3742 et
3306 3687 3592 3744 Pharisaei
3620 3689 3698 3745 ad
3725 3691 3871 3745 Pila~

2200 3786 2343 3851 tum,
2375 3780 2659 3836 dicentes:
2691 3780 2944 3851 Domine,
2966 3780 3244 3836 recordati
3269 3796 3499 3851 sumus,
3525 3782 3674 3855 quia
3701 3784 3871 3840 sedu-

2203 3880 2323 3929 ctor
2347 3874 2441 3929 ille
2465 3874 2606 3929 dixit
2628 3874 2813 3929 adhuc
2831 3874 3053 3929 vivens:
3071 3876 3202 3929 Post
3227 3879 3345 3930 tres
3371 3875 3497 3931 dies
3528 3893 3872 3951 resurgam.

2203 3969 2344 4023 Iube
2369 3984 2505 4040 ergo
2534 3968 2798 4023 custodiri
2844 3968 3169 4040 sepulcrum
3218 3984 3403 4041 usque
3452 3970 3517 4026 in
3564 3971 3731 4028 diem
3759 3980 3882 4029 ter-

2205 4063 2370 4131 tium,
2385 4080 2457 4118 ne
2476 4062 2620 4117 forte
2634 4062 2863 4116 veniant
2890 4061 3151 4133 discipuli
3177 4062 3326 4133 ejus,
3350 4068 3409 4117 et
3428 4063 3715 4121 furentur
3734 4084 3876 4123 eum

2206 4156 2366 4211 nobis
2392 4155 2822 4225 dormientibus,
2847 4161 2903 4211 et
2926 4155 3115 4210 dicant
3138 4155 3293 4226 plebi
3325 4172 3339 4211 :
3371 4136 3645 4215 Surrexit
3663 4177 3697 4215 a
3722 4178 3879 4216 mor-

2207 4251 2349 4320 tuis;
2379 4255 2435 4305 et
2475 4250 2583 4305 erit
2619 4250 2957 4304 novissimus
2996 4266 3156 4304 error
3194 4250 3360 4321 pejor
3385 4252 3598 4322 priori.
3631 4255 3732 4309 Ait
3760 4255 3882 4311 illis

2209 4345 2414 4400 Pilatus
2440 4360 2454 4398 :
2484 4343 2706 4398 Habetis
2725 4343 3062 4413 custodiam,
3089 4343 3187 4414 ite,
3209 4345 3498 4402 custodite
3519 4347 3678 4403 sicut
3696 4349 3881 4405 scitis.

2213 4440 2295 4494 llli
2319 4444 2510 4493 autem
2534 4438 2805 4493 abeuntes
2825 4438 3162 4493 munierunt
3183 4437 3544 4511 sepulcrum,
3568 4440 3886 4514 signantes

2210 4533 2458 4604 lapidem
2478 4548 2609 4587 cum
2634 4530 2980 4586 custodibus.

2612 4638 2797 4702 Incipit
2820 4637 2994 4702 precis
3033 4637 3099 4687 de
3127 4637 3318 4688 eodem
3341 4638 3450 4689 die.

2288 4728 2535 4784 lnsidiati
2575 4734 2707 4783 sunt
2750 4728 2897 4783 mihi
2935 4728 3244 4784 adversarii
3291 4729 3407 4784 mei
3454 4730 3644 4803 Magis
3674 4736 3888 4806 gratis.

2216 4826 2298 4880 Tu
2339 4826 2501 4879 Pater
2542 4827 2731 4878 sancte
2777 4822 3047 4878 miserere
3071 4865 3085 4894 ,
3134 4827 3193 4879 et
3233 4823 3417 4879 libera
3444 4840 3566 4881 me.
3610 4828 3891 4886 Portatus

2218 4936 2364 4987 sum,
2397 4922 2461 4972 ut
2493 4934 2675 4989 agnus
2718 4916 3007 4986 innocens,
3048 4916 3119 4971 ad
3162 4916 3497 4989 victimam;
3550 4927 3770 4993 captus
3813 4925 3887 4979 ab

2221 5013 2479 5081 inimicis,
2509 5018 2573 5067 ut
2595 5010 2710 5066 avis
2735 5010 2796 5064 in
2820 5010 3151 5081 muscipola.
3179 5012 3330 5082 Mag.
3365 5024 3409 5067 ο.

2291 5110 2649 5179 Aperuerunt
2673 5121 2867 5160 omnes
2895 5121 2993 5159 ora
3039 5121 3140 5159 sua
3181 5111 3381 5161 contra
3426 5123 3525 5163 me
3558 5125 3573 5163 :
3613 5110 3899 5168 dentibus

2222 5204 2595 5269 fremuerunt,
2624 5203 2945 5272 quaerentes
2970 5198 3255 5270 deglutire
3286 5215 3403 5255 me.
3432 5200 3759 5260 Sibilantes
3785 5207 3901 5262 cla-

2227 5297 2474 5365 mabant,
2506 5300 2562 5349 et
2599 5294 2899 5348 movebant
2941 5292 3154 5364 capita,
3183 5299 3497 5350 tractantes
3525 5296 3602 5351 de
3638 5315 3740 5355 me
3767 5317 3901 5373 pro-

2226 5392 2373 5446 ferre
2398 5390 2602 5443 falsum
2629 5386 3039 5444 testimonium.
3062 5388 3208 5459 Mag.

2299 5504 2645 5574 Suspensum
2679 5517 2844 5556 cruce
2888 5501 3160 5555 damnant
3204 5499 3388 5556 ﬁxum
3440 5502 3623 5559 clavis
3671 5507 3898 5574 ferreis,

2230 5598 2523 5654 venditum
2547 5613 2580 5651 a
2602 5595 2806 5651 Iudaeis
2824 5598 3061 5667 propter
3082 5595 3322 5667 triginta
3346 5603 3697 5668 argenteos.
3736 5602 3801 5657 In
3824 5602 3902 5656 la-

2304 5756 2333 5791 c
2372 5731 2646 5805 Repetitio
2676 5736 2756 5786 est
2799 5729 3057 5785 versiculi
3102 5729 3308 5805 primi,
3340 5733 3537 5805 Magis
3578 5740 3799 5805 gratis,
3839 5742 3895 5791 tu

2237 5810 2393 5863 Pater
2386 5801 2616 5932 tisli—mete,
2645 5811 2776 5872 etc.,
2803 5816 2932 5874 quae
2960 5801 3224 5873 repetitio
3252 5801 3477 5874 pluries
3506 5801 3682 5864 ﬁt'in
3708 5823 3895 5866 conse-

2233 5892 2384 5951 quen
2469 5892 2552 5931 us.
