3970 6406
20 5881 30 5918 I

172 420 258 472 497
646 414 1257 472 SACRAMENTARIUM
1295 418 1735 473 GALLICANUM.
1781 446 1847 457 -—
1887 419 2250 476 LECTIUNES
2287 421 2376 477 DE
2413 424 2723 480 ADVENTU
2765 421 3015 481 DOMINI.
3406 426 3506 480 498

169 534 275 585 tere
300 524 560 583 confusus
589 524 779 598 gladio
818 526 1126 583 honoriﬁco
1147 539 1193 598 ι,
1224 528 1335 584 illic
1365 529 1598 585 confluit
1642 548 1785 605 aqua
1807 541 1865 615 Α
1886 533 1942 588 in
1969 540 2184 590 sanctos
2214 540 2269 591 et
2295 535 2463 607 hujus
2492 539 2681 594 saeculi
2709 555 2982 611 pauperes
3008 538 3184 596 effusa
3208 539 3430 612 largitio
3449 537 3510 594 in

169 633 286 674 cum
310 615 585 688 sanguine
613 615 828 670 inoxio.
858 618 1003 688 Mag.

231 711 433 766 Omnes
459 709 884 765 inundaverant
910 710 1054 765 sicut
1087 727 1234 783 aqua
1258 729 1426 783 super
1453 729 1545 769 me
1572 714 1782 771 dimer-

167 820 281 860 sum
306 804 362 858 in
390 804 738 874 sepulcrum,
769 804 1151 874 adposuerunt
1174 805 1439 876 lapidem.
1474 809 1617 879 Mag.

233 897 476 965 Intende,
505 896 601 968 pie
627 898 813 964 Pater,
837 901 894 952 et
917 914 1177 954 succurre
1197 899 1432 966 miseris,
1456 918 1558 972 pro
1580 901 1784 973 quibus

168 995 270 1047 tam
303 992 329 1032 δ
353 989 572 1044 acerbis
595 989 838 1061 adﬂigor
866 990 1174 1061 suppliciis.
1203 992 1373 1063 Magis
1400 994 1573 1064 gratis
1599 1000 1661 1050 tu
1689 997 1786 1050 Pa-

168 1089 243 1140 ter
270 1088 456 1140 sancte
483 1100 566 1138 m.
600 1086 645 1139 Ι.

633 1182 761 1231 ltem
791 1180 891 1230 alia
909 1181 973 1230 de
1001 1181 1185 1232 eadem
1209 1181 1312 1232 die.

231 1266 375 1332 Vide,
404 1263 672 1335 Domine,
697 1266 1080 1322 humilitatem
1100 1285 1287 1323 meam
1310 1268 1444 1340 quia
1467 1273 1686 1325 erectus
1706 1275 1789 1326 est

166 1360 429 1417 inimicus.
462 1359 750 1427 Miserere,
778 1361 942 1416 Pater
976 1361 1149 1431 juste,
1193 1365 1250 1416 et
1296 1361 1559 1417 omnibus
1597 1363 1785 1418 indul-

167 1453 397 1526 gentiam
425 1453 601 1507 dona.

224 1551 264 1601 A
287 1549 448 1601 Patre
480 1546 693 1601 missus
719 1546 846 1601 veni
885 1547 1132 1617 perditos
1157 1548 1445 1618 requirere
1470 1590 1484 1618 ,
1531 1552 1588 1604 et
1630 1549 1788 1604 hoste

161 1640 449 1710 captivatos
471 1639 756 1711 sanguine
778 1640 1073 1695 redimere.
1103 1640 1264 1695 Plebs
1295 1641 1415 1696 dira
1442 1641 1646 1713 abjecit
1672 1659 1784 1698 me.

161 1733 423 1801 Miserere,
455 1735 630 1788 Pater
654 1734 830 1804 juste.

227 1826 530 1881 Prsedictus
562 1843 597 1880 a
621 1826 915 1898 prophetis
940 1831 1104 1881 natus
1130 1843 1256 1880 sum
1284 1843 1353 1882 ex
1383 1827 1615 1900 Virgine
1643 1845 1657 1883 :
1688 1828 1788 1883 edo

166 1920 365 1992 sumpsi
393 1920 647 1974 formam
681 1919 824 1975 servi
859 1919 1136 1991 dispersos
1178 1921 1474 1992 colligere;
1522 1925 1789 1977 venantes
1810 1905 1867 1977 B

167 2017 425 2085 ceperunt
451 2029 574 2069 me.

225 2106 354 2162 Mihi
380 2123 484 2178 pro
513 2105 690 2161 bonis
717 2106 866 2161 mala
893 2106 1111 2161 reddita
1137 2111 1269 2163 sunt
1292 2108 1540 2180 plurima
1563 2125 1576 2162 :
1600 2109 1791 2164 adver-

162 2217 245 2256 sus
270 2215 359 2255 me
387 2199 592 2271 iniqua
623 2199 902 2254 dederunt
936 2199 1198 2266 consilia,
1230 2201 1490 2256 venditus
1528 2203 1785 2273 pecunia.

228 2295 488 2365 Spineam
520 2309 796 2347 coronam
833 2298 1146 2364 posuerunt
1170 2294 1357 2365 capiti,
1387 2295 1563 2366 sputis
1607 2295 1786 2350 sordi-

165 2388 343 2443 datum
370 2387 701 2442 inluserunt
727 2386 919 2457 impie,
951 2385 1241 2441 adﬂictum
1266 2389 1585 2442 crudeliter.

223 2483 357 2536 Cum
380 2479 572 2536 noxiis
598 2479 909 2535 latronibus
947 2496 1246 2550 suspensus
1285 2481 1566 2552 patibulo,
1596 2498 1786 2536 amaro

164 2573 275 2628 cibo
303 2580 492 2645 pastus
519 2577 584 2628 et
611 2573 812 2630 acerbo
837 2573 1062 2644 poculo,
1092 2574 1327 2628 traditus
1352 2575 1655 2645 suppliciis.

225 2669 364 2731 Quos
389 2667 518 2723 veni
546 2666 794 2722 liberare
823 2671 1224 2722 accusaverunt
1253 2684 1364 2736 me,
1395 2667 1630 2739 ﬂagellis
1656 2684 1782 2723 ver-

165 2761 410 2816 beratum
436 2761 599 2816 cruci
637 2759 959 2815 adﬁxerunt
986 2776 1080 2815 me
1120 2778 1132 2815 :
1172 2762 1362 2815 lancea
1391 2766 1788 2832 percusserunt

169 2870 273 2909 me.

231 2947 453 3003 Dimitte
480 2946 594 3002 illis
620 2963 851 3015 noxam,
893 2948 1054 3001 Pater
1077 2946 1508 3002 clementissime
1539 2964 1550 3002 :
1586 2951 1788 3003 cuncta

166 3041 279 3096 dele
305 3044 557 3113 peccata,
593 3043 650 3096 et
695 3039 887 3095 relaxa
924 3039 1192 3110 crimina,
1224 3041 1489 3112 ignorant
1527 3041 1664 3113 quid
1702 3041 1785 3095 fa-

169 3135 330 3190 ciunt.

317 3255 592 3295 INCIPIUNT
633 3252 933 3293 ORATIONES
972 3253 1030 3291 IN
1075 3252 1291 3292 VlGlLIIS
1330 3253 1538 3291 PASCHE
1573 3249 1614 3290 θ.

231 3410 375 3463 Inter
414 3406 606 3478 prima
660 3327 1008 3460 celebrandis
1046 3404 1266 3459 Paschae
1296 3405 1604 3475 sollemnia,
1635 3409 1787 3461 voto-

164 3517 283 3556 rum
310 3499 662 3555 consecratio
707 3514 776 3553 ex
807 3497 1118 3570 gratiarum
1156 3498 1372 3553 actione
1415 3503 1598 3553 sumat
1626 3516 1790 3554 exor-

163 3594 309 3649 dium
333 3613 346 3649 :
378 3599 443 3648 ut
474 3608 713 3664 passum
737 3596 792 3645 et
818 3591 1175 3646 immolatum
1202 3608 1304 3663 pro
1329 3591 1489 3646 nobis
1506 3591 1791 3647 Christum

163 3688 462 3754 credentes,
496 3690 551 3741 et
582 3685 728 3739 sacri
754 3684 1054 3740 ministerii
1084 3684 1399 3756 principem
1439 3685 1787 3756 conﬁtentes,

163 3797 395 3837 CODSODO
421 3796 520 3835 ore
549 3795 983 3851 prosequamur.

164 3880 220 3927 II.
256 3879 552 3941 Oratioipro
578 3867 778 3941 hisiqui
797 3875 1154 3941 custodiarum
1181 3874 1402 3924 vinculis
1423 3878 1474 3924 et
1497 3873 1789 3939 captivitate

416 3938 640 3998 detenti,
669 3938 863 3987 Pascha
894 3938 1144 3986 interesse
1171 3951 1276 3986 non
1300 3941 1530 4000 possunt.

227 4026 317 4080 Dei
367 4025 550 4079 Patris
603 4023 1007 4094 omnipotentis
1058 4021 1444 4088 clementiam,
1497 4022 1788 4092 carissimi,

164 4117 546 4189 deprecemur,
576 4121 644 4172 ut
668 4133 762 4171 eos
790 4132 929 4187 quos
948 4115 1170 4169 invidus
1186 4115 1439 4169 diabolus
1459 4115 1792 4185 captivitatis

163 4212 375 4266 servitio
414 4211 652 4283 premit,
703 4209 799 4263 Dei
846 4208 1023 4263 nostri
1065 4207 1450 4263 misericordia
1491 4207 1550 4261 in
1582 4211 1790 4262 statum

163 4303 460 4374 pristinum
491 4303 930 4373 libertatemque
958 4301 1276 4356 constituat.

334 4403 418 4451 III.
458 4403 561 4450 Pro
593 4399 952 4450 sacerdotibus
980 4412 1040 4448 ac
1067 4396 1315 4447 ministris
1335 4397 1605 4447 Ecclesiae.

226 4486 402 4541 Deum
430 4503 494 4540 ac
524 4485 840 4539 Dominum
870 4488 1126 4538 nostrum
1159 4485 1349 4538 Jesum
1376 4483 1660 4537 Christum
1686 4499 1790 4554 pro

158 4579 539 4634 sacerdotibus
564 4595 629 4632 ac
655 4577 933 4632 ministris
961 4577 1220 4632 Ecclesiae
1245 4577 1600 4645 sua3,'fratres
1626 4577 1792 4630 caris-

1885 629 2187 683 caclestium
2213 630 2534 689 divitiarum
2562 649 2695 704 Opes
2720 633 2940 699 reﬂnat,
2973 638 3029 689 et
3055 635 3364 692 carnalium
3385 655 3510 710 par-

1885 721 2131 793 ticipatio
2180 723 2498 780 societatem
2553 726 2726 797 possit
2778 743 3081 783 munerum
3131 729 3507 799 spiritualium

1884 817 2215 885 promereri.

2223 910 2307 960 VI.
2343 911 2557 960 Oremus
2582 926 2677 976 pro
2705 907 3200 977 peregrinantibus.—

1956 989 2274 1044 Caelestium
2303 997 2359 1046 et
2391 993 2742 1048 terrestrium
2773 995 2950 1048 Deum
2977 996 3205 1050 Patrem
3231 997 3512 1069 supplices

1886 1078 2256 1148 deprecemur
2282 1098 2295 1134 :
2325 1083 2389 1133 ut
2416 1097 2609 1135 omnes
2637 1081 2838 1137 fratres
2866 1086 3107 1152 nostros,
3136 1084 3234 1155 qui
3262 1088 3512 1158 peregri-

1886 1170 2178 1226 nationum
2223 1173 2641 1228 necessitatibus
2679 1175 2987 1246 subjacent,
3025 1176 3276 1247 potentia
3312 1179 3509 1236 auxilii

1888 1264 1972 1318 sui
1998 1268 2263 1336 protegat
2297 1269 2465 1337 atque
2491 1266 2770 1322 defendat.

2446 1368 2554 1417 VII.
2589 1370 2690 1417 Pro
2723 1369 2946 1431 aegrotis.

1959 1452 2238 1507 Universae
2268 1453 2461 1507 salutis
2489 1454 2792 1508 Dominum
2815 1455 3181 1526 deprecemur
3200 1474 3302 1529 pro
3329 1459 3512 1515 fratri-

1886 1545 1992 1599 bus
2020 1550 2076 1600 et
2107 1546 2390 1601 sororibus
2415 1547 2644 1616 nostris,
2675 1547 2772 1618 qui
2801 1549 3109 1605 secundum
3139 1551 3319 1606 carnis
3348 1551 3506 1608 inﬁr-

1888 1638 2143 1693 mitatem
2160 1639 2392 1694 diversis
2404 1641 2808 1711 aegritudinum
2822 1646 3092 1696 vexantur
3107 1643 3478 1700 incommodis
3493 1661 3508 1701 :

1890 1735 1951 1784 ut
1975 1732 2022 1785 is
2051 1733 2150 1804 qui
2177 1734 2325 1788 solus
2352 1736 2554 1805 potest,
2578 1750 2681 1804 pro
2695 1751 2792 1788 sua
2811 1734 3016 1805 pietate
3035 1737 3300 1792 omnibus
3318 1739 3508 1794 adesse

1890 1825 2174 1895 dignetur.

2357 1897 2486 1946 VIII.
2523 1898 2621 1947 Pro
2651 1897 3037 1949 Pmnitentibus.

1960 1981 2136 2034 Deum
2163 1981 2282 2050 spei
2306 1986 2533 2050 nostrae,
2553 1981 2754 2037 fratres
2779 1982 3070 2051 carissimi,
3095 1985 3503 2056 deprecemur:

1887 2078 1952 2128 ut
1976 2077 2265 2128 temeratae
2293 2074 2686 2145 praeceptionis
2715 2091 2859 2143 reos,
2887 2092 3140 2130 reversos
3162 2076 3221 2131 in
3250 2077 3402 2132 viam
3425 2095 3510 2134 re-

1889 2170 2057 2234 ctam,
2087 2167 2159 2221 ab
2187 2172 2414 2238 aspectu
2438 2167 2752 2222 serenitatis
2778 2185 2894 2222 suae
2930 2185 3045 2222 non
3070 2169 3302 2239 rejiciat,
3330 2186 3515 2243 neque

1887 2259 1946 2314 in
1971 2259 2214 2314 adventu
2244 2276 2342 2314 suo
2364 2277 2398 2314 a
2420 2260 2585 2331 regni
2613 2260 2844 2316 caelestis
2862 2261 3040 2331 janua
3056 2261 3513 2318 condemnandos

1888 2352 2163 2407 excludat.

2337 2423 2419 2472 IX.
2452 2423 2548 2471 Pro
2581 2422 2772 2473 unitate
2793 2423 3057 2474 Ecclesiae.

1961 2508 2241 2561 Bonorum
2269 2508 2525 2561 omnium
2552 2507 2786 2575 fontem,
2813 2514 3099 2564 auctorem
3125 2509 3392 2565 humanae
3419 2529 3510 2566 sa-

1887 2600 2020 2654 lutis
2066 2599 2368 2654 Dominum
2410 2601 2778 2670 deprecemur
2809 2619 2822 2656 :
2854 2605 2921 2656 ut
2950 2602 3220 2657 unitatem
3256 2604 3515 2659 Ecclesia:

1887 2693 2207 2748 inviolatam
2237 2694 2514 2748 custodire
2541 2694 2826 2765 dignetur,
2861 2699 2922 2748 ut
2946 2694 3005 2749 in
3036 2696 3302 2766 praesenti
3331 2702 3514 2768 prote-

1889 2787 2151 2856 ctionem,
2181 2792 2236 2841 et
2262 2787 2318 2840 in
2343 2787 2534 2842 futuro
2560 2788 2823 2858 perennis
2852 2788 2977 2844 vita
3004 2789 3284 2861 stipendia
3313 2807 3511 2846 conse-

1888 2880 1986 2952 qui
2015 2896 2355 2935 mereamur.

2158 2970 2164 2977 ’
2273 2978 2333 3026 Χ.
2371 2979 2470 3027 Pro
2497 2992 2625 3042 pace
2650 2978 2827 3043 p0puli
2852 2982 2904 3028 et
2930 2993 3131 3044 regum.

1959 3063 2139 3117 Deum
2181 3079 2245 3116 ac
2289 3064 2502 3133 Regem
2542 3063 2814 3118 universa:
2851 3063 3184 3119 conditionis
3210 3064 3513 3121 Dominum

1888 3156 2212 3226 suppliciter
2238 3172 2462 3210 oremus
2493 3173 2505 3211 :
2533 3161 2598 3212 ut
2624 3157 2852 3229 regibus
2870 3174 2932 3212 ac
2959 3158 3322 3229 potestatibus
3342 3159 3511 3229 hujus

1811 3272 1864 3344 Ο
1892 3249 2110 3315 mundi,
2139 3266 2447 3320 eorumque
2467 3249 3088 3322 ministris,supplicem
3112 3251 3260 3306 inter
3286 3267 3344 3307 se
3364 3267 3515 3306 amo-
3562 3255 3583 3272 '

1890 3359 2012 3398 rem
2041 3347 2096 3397 et
2126 3343 2486 3397 concordiam
2510 3343 2802 3414 largiatur.

2260 3444 2345 3493 XI.
2381 3445 2480 3492 Pro
2505 3443 2769 3507 spiritibus
2793 3443 3135 3507 pausantium.

1960 3530 2139 3583 Deum
2192 3530 2414 3583 Patrem
2457 3515 2925 3599 omnipotentem,
2977 3528 3176 3584 fratres
3217 3529 3510 3598 carissimi,

1890 3638 1992 3692 pro
2004 3621 2538 3676 commemoratione
2554 3621 2947 3676 defunctorum
2962 3622 3239 3693 supplices
3253 3638 3479 3677 oremus
3494 3639 3508 3677 :

1890 3719 1954 3768 ut
1977 3715 2185 3768 eisdem
2215 3714 2509 3783 Dominus,
2538 3714 2849 3769 adtenuatis
2892 3731 3019 3786 quas
3064 3714 3267 3769 merito
3312 3731 3512 3788 aspera

1891 3813 2021 3862 sunt
2051 3807 2231 3878 culpae
2267 3808 2525 3878 piaculis,
2565 3807 2996 3863 clementissime
3024 3807 3366 3863 remissionis
3392 3824 3510 3862 suae

1891 3899 2184 3972 refrigeria
2208 3901 2500 3972 largiatur.

2352 4004 2458 4052 ΧΠ.
2491 4003 2586 4053 Pro
2613 4003 3044 4066 competentibus.

1964 4087 2062 4141 Dei
2087 4087 2263 4142 Patris
2290 4088 2734 4144 misericordiam
2755 4105 2858 4160 pro
2883 4088 3334 4160 competentibus
3351 4130 3364 4157 ,
3393 4087 3508 4142 fra-

1891 4184 2004 4235 tres
2032 4180 2334 4250 carissimi,
2377 4182 2656 4254 supplices
2686 4183 3072 4254 deprecemur,
3104 4187 3166 4238 ut
3202 4199 3294 4238 eos
3320 4182 3512 4237 Domi-

1889 4291 1996 4328 nus
2027 4275 2384 4345 omnipotens
2407 4276 2475 4330 ad
2491 4277 2706 4331 fontem
2721 4293 2834 4330 suae
2851 4275 3298 4347 regenerationis
3318 4280 3515 4332 euntes

1891 4367 2044 4422 omni
2069 4369 2304 4423 caelestis
2323 4368 2718 4424 misericordim
2742 4368 2950 4424 auxilio
2970 4374 3365 4441 prosequatur.

2574 4470 2842 4520 Collectio.

1961 4552 2170 4604 Auctor
2211 4549 2590 4604 universitatis
2618 4566 2680 4603 ac
2710 4549 2938 4603 Domine
2974 4554 3028 4604 te
3061 4550 3428 4620 deprecamur
3456 4554 3518 4606 et

158 4671 300 4740 simi,
319 4671 610 4744 supplices
630 4671 1006 4741 deprecemur
1040 4685 1053 4723 :
1082 4673 1147 4724 ut
1165 4668 1405 4740 ingressi
1432 4669 1630 4724 Sancta
1658 4686 1786 4723 san-
1807 4637 1865 4709 D
1889 4658 2235 4744 ξῖηδθῗωηυδξ
2352 4641 2989 4744 ωθηξθθδίθῗ,ίθξ’ί’θη¹⁵
3015 4647 3161 4697 “tus
3199 4659 3258 4696 ω
3295 4659 3508 4744 “fnum

158 4765 390 4829 ctorum,
413 4761 711 4831 totiusque
736 4758 1038 4830 participes
1062 4757 1273 4825 altaris,
1300 4757 1635 4828 spiritalium
1659 4774 1788 4829 gra-

159 4852 358 4907 tiarum
383 4853 550 4908 donis
577 4851 1034 4922 abundantiaque
1072 4849 1403 4905 multimoda
1451 4851 1787 4920 repleamur.

691 4949 779 4996 IV.
813 4949 912 4997 Pro
946 4946 1264 5010 Virginibus.

226 5037 400 5090 Deum
459 5036 690 5089 Patrem
734 5033 1200 5104 omnipotentem,
1243 5032 1442 5086 fratres
1496 5031 1788 5100 carissimi,

159 5129 431 5200 supplices
450 5142 714 5183 oremus:
737 5131 802 5180 ut
820 5125 879 5180 in
899 5125 1164 5180 fratribus
1183 5141 1245 5179 ac
1263 5125 1546 5180 sororibus
1565 5124 1788 5192 nostris,

159 5221 250 5290 qui
276 5226 529 5276 sanctam
561 5224 616 5274 et
645 5218 893 5273 maxime
924 5217 1325 5288 acceptabilem
1355 5219 1465 5272 Deo
1492 5217 1788 5288 virginita-

160 5319 268 5368 tem
298 5315 595 5381 dicarunt,
626 5313 795 5366 bonae
832 5314 1165 5382 conceptum
1207 5311 1414 5365 mentis
1437 5310 1789 5382 propositum

161 5410 429 5475 tenentes,
460 5405 814 5461 immaculati
844 5404 1064 5475 jugiter
1091 5409 1470 5474 perseverent.

441 5503 504 5552 V.
544 5503 648 5552 Pro
676 5501 758 5550 his
790 5500 878 5564 qui
915 5501 1269 5564 eleemosynas
1297 5500 1509 5550 faciunt.

228 5591 403 5644 Deum
424 5590 656 5643 Patrem
678 5585 1080 5640 misericordiae
1101 5585 1428 5657 suppliciter
1448 5601 1673 5640 oremus
1695 5601 1708 5640 :
1728 5589 1793 5640 ut

229 5721 252 5802 ξ
283 5722 628 5802 Peg‘e‘ndum
659 5722 933 5802 confossus
964 5719 1149 5800 gladio
1179 5719 1442 5802 horriﬁco.

229 5792 253 5832 ι’
281 5789 563 5848 Scribitur
590 5791 650 5845 in
681 5790 1023 5861 exemplari,
1052 5792 1284 5855 acervis,
1327 5795 1382 5844 et
1417 5803 1614 5857 supra,
1658 5789 1788 5842 sivi-

165 5864 348 5927 Iantes,
377 5869 434 5918 et
463 5863 579 5916 alia
605 5861 830 5916 similia.

228 5947 249 5974 °
286 5932 627 6007 Hujusmodi
653 5931 929 5988 orationes
958 5930 1189 5987 totidem
1221 5931 1323 5986 hac
1351 5930 1438 5987 die
1465 5930 1525 5986 in
1563 5927 1791 5985 Gothico

1890 4735 2182 4789 hominem
2223 4735 2320 4789 tibi
2374 4735 2580 4789 servire
2627 4735 2853 4806 patiaris
2903 4751 3007 4807 per
3046 4739 3436 4807 resurgentem
3477 4753 3510 4790 a

1892 4828 2124 4883 mortuis
2153 4828 2452 4883 Dominum
2483 4832 2737 4883 nostrum
2762 4830 2951 4883 Iesum
2977 4829 3282 4884 Christum.

1963 4957 2273 4998 BENEDICTIO
2309 4957 2457 4995 CEREI
2496 4957 2679 4996 SANCTI
2717 4957 2998 4996 AUGUSTINI
3036 4955 3287 5009 EPISCOPI,
3329 4956 3435 4997 CUM

2069 5029 2244 5067 ADRUC
2282 5028 2546 5067 DlACONUS
2587 5028 2764 5079 ESSET,
2803 5028 3026 5077 CECINIT,
3067 5027 3247 5066 DICENS
3273 5011 3320 5065 δ.

1966 5114 2184 5168 Exultat
2205 5115 2328 5185 jam
2353 5113 2604 5184 angelica
2631 5113 2794 5168 turba
2820 5113 3083 5167 caelorum
3114 5129 3126 5166 :
3151 5113 3406 5168 exultent
3431 5113 3513 5168 di-

1892 5206 2019 5260 vina
2047 5207 2331 5277 mysteria,
2361 5211 2416 5261 et
2440 5224 2544 5278 pro
2573 5207 2711 5261 tanti
2742 5207 2908 5278 Regis
2941 5205 3172 5261 victoria
3199 5207 3334 5261 tuba
3358 5206 3511 5263 into-

1891 5304 1987 5354 net
2013 5299 2318 5354 salvatoris.
2347 5300 2593 5354 Gaudeat
2617 5317 2674 5354 se
2704 5300 2872 5354 tantis
2908 5299 3058 5355 illius
3099 5300 3370 5354 inradiata
3399 5301 3511 5355 ful-

1894 5392 2141 5462 goribus,
2171 5391 2366 5446 aeterni
2394 5393 2561 5463 Regis
2579 5393 2870 5464 splendore
2896 5395 3149 5462 lustrata,
3174 5393 3344 5447 totius
3362 5393 3512 5448 orbis

1893 5502 1948 5540 se
1979 5485 2178 5540 sentiat
2208 5484 2457 5539 amisisse
2483 5485 2802 5556 caliginem.
2843 5487 3084 5541 Laetetur
3118 5491 3300 5541 mater
3337 5487 3515 5541 Eccle-

1893 5578 1971 5632 sia
1991 5578 2130 5632 tanti
2153 5578 2384 5633 luminis
2396 5583 2588 5633 ornata
2601 5579 2842 5649 fulgore,
2863 5584 2918 5634 et
2940 5579 3160 5651 magnis
3173 5579 3508 5650 populorum

1891 5714 2083 5770 itidem
2112 5715 2412 5785 habentur,
2440 5714 2535 5770 sed
2561 5714 2729 5786 paulo
2766 5714 3001 5769 diversae
3037 5714 3106 5769 ab
3135 5713 3220 5768 his
3247 5727 3371 5783 quae
3399 5711 3504 5763 hoc

1893 5786 2011 5840 loco
2035 5786 2376 5841 referuntur.

1960 5857 1986 5896 ἀ
2019 5857 2170 5912 Idem
2196 5857 2390 5912 titulus
2425 5857 2484 5912 in
2519 5856 2770 5912 Gothico.
2793 5856 2961 5912 Multa
2985 5854 3074 5909 hic
3095 5849 3378 5918 mendosa,
3404 5847 3499 5904 sed

1892 5928 2063 5985 cuivis
2088 5928 2247 5984 facile
2272 5928 2639 5985 emendanda.
