3970 6414
431 387 536 442 499

434 589 635 644 fratres
659 583 949 654 carissimi,
977 583 1048 639 ad
1071 588 1188 639 tam
1211 582 1420 640 miram
1446 583 1622 640 sancti
1640 583 1811 656 hujus
1829 583 2059 639 luminis

435 681 744 738 claritatem
775 694 888 734 una
909 693 1155 748 mecum,
1175 694 1388 750 quasso,
1406 677 1501 733 Dei
1519 677 1923 749 omnipotentis
1943 675 2058 732 mi-

437 771 796 830 sericordiam
820 771 1107 842 invocata;
1129 776 1193 826 ut
1217 771 1316 844 qui
1341 787 1442 826 nos
1470 771 1736 847 dignatus
1761 775 1844 826 est
1863 770 1930 826 ad
1939 786 2063 842 gre-

437 883 592 940 gare,
637 865 872 921 luminis
915 865 1001 920 sui
1042 865 1283 938 gratiam
1325 864 1678 933 infunden’te,
1709 864 1855 919 cerei
1891 864 2062 935 hujus

437 961 664 1017 laudem
689 961 927 1032 implere
949 959 1243 1031 percipiat.
1265 960 1501 1014 Sursum
1525 958 1712 1013 corda.
1743 957 1994 1029 Dignum
2009 961 2066 1012 et

431 1055 654 1130 justum
679 1058 763 1108 est
785 1053 1122 1108 invisibilem
1151 1051 1476 1123 Dominum,
1504 1051 1950 1123 omnipotentem
1970 1053 2066 1106 Pa-

438 1153 608 1218 trem,
639 1148 954 1219 Filiumque
979 1147 1343 1218 unigenitum
1373 1146 1676 1202 Dominum
1699 1148 1962 1200 nostrum
1983 1146 2066 1200 Je-

440 1260 568 1300 sum
586 1242 894 1312 Christum,
925 1243 1046 1296 toto
1075 1241 1259 1296 cordis
1290 1257 1353 1295 ac
1381 1239 1590 1296 mentis
1609 1239 1812 1295 affectu
1836 1243 1893 1294 et
1917 1238 2064 1292 vocis

443 1335 760 1393 ministerio
803 1350 1124 1406 personare.
1172 1334 1279 1398 Qui
1319 1350 1423 1404 pro
1465 1333 1626 1388 nobis
1663 1335 1876 1387 aeterno
1917 1331 2074 1386 Patri

443 1430 576 1487 Adae
603 1427 859 1485 debitum
885 1427 1077 1497 solvit;
1107 1431 1164 1482 et
1185 1427 1388 1482 veteris
1403 1425 1608 1498 piaculi
1631 1424 1949 1480 cautionem
1967 1424 2066 1496 pio

443 1539 644 1582 cruore
673 1521 923 1578 detersit.
949 1521 1078 1576 Haec
1108 1525 1240 1576 sunt
1271 1520 1427 1574 enim
1467 1521 1610 1574 festa
1651 1507 1936 1573 Paschalia
1959 1558 1974 1587 ,
2009 1517 2069 1572 in

442 1617 652 1690 quibus
675 1631 842 1672 verus
878 1613 973 1668 ille
1003 1617 1198 1685 Agnus
1241 1613 1534 1682 occiditur,
1579 1611 1813 1684 ejusque
1839 1609 2071 1682 sanguis

441 1710 698 1784 postibus
729 1711 1104 1776 consecratur,
1131 1707 1191 1762 in
1210 1723 1322 1778 qua
1343 1705 1596 1778 primum
1613 1705 1754 1761 scire
1771 1710 1996 1776 tempus
2015 1707 2072 1759 et

443 1805 664 1872 horam,
693 1803 754 1857 in
778 1818 892 1874 qua
903 1799 1156 1856 Christus
1177 1800 1247 1855 ab
1261 1799 1454 1854 inferis
1471 1799 1796 1854 resurrexit.
1820 1800 1947 1854 Haec
1959 1813 2072 1852 nox

447 1902 549 1968 est,
583 1897 652 1953 de
677 1872 1086 1968 qua—scriptum
1116 1897 1230 1949 est:
1265 1894 1335 1948 Et
1358 1909 1471 1948 nox
1488 1896 1554 1948 ut
1572 1893 1692 1948 dies
1716 1889 2074 1948 inluminabi—
2092 1872 2149 1948 Β

445 1997 560 2061 tur,
588 1995 646 2048 et
667 2006 785 2046 nox
811 1987 1168 2044 inluminatio
1194 2002 1322 2043 mea
1365 1987 1425 2041 in
1452 1985 1670 2041 deliciis
1701 1985 1862 2040 meis.
1892 1984 2067 2055 Hujus

447 2085 627 2158 igitur
653 2081 1016 2138 sanctificatio
1039 2081 1220 2135 noctis
1247 2080 1409 2152 fugat
1433 2079 1640 2133 scelera
1659 2120 1672 2144 ,
1693 2080 1883 2149 culpas
1908 2079 2074 2144 lavat,

453 2183 510 2234 et
531 2176 717 2234 reddit
742 2173 1121 2231 innocentiam
1139 2174 1325 2245 lapsis,
1357 2171 1570 2227 mmstis
1589 2171 1846 2226 laetitiam
1874 2188 1888 2226 :
1918 2171 2079 2241 fugat

452 2270 598 2338 odia,
626 2268 981 2324 concordiam
1005 2270 1206 2338 parat,
1235 2271 1300 2342 et.
1317 2270 1510 2321 curvat
1536 2265 1792 2336 imperia.
1825 2266 1884 2320 In
1909 2263 2079 2334 hujus

454 2363 630 2437 igitur
652 2361 830 2418 noctis
873 2363 1113 2434 gratiam
1139 2360 1356 2432 suscipe
1377 2402 1391 2430 ,
1423 2364 1610 2414 sancte
1651 2361 1835 2427 Pater,
1869 2356 2080 2412 incensi

451 2457 624 2528 hujus
667 2455 1000 2511 sacriﬁcium
1039 2454 1446 2526 vespertinum,
1490 2451 1641 2524 quod
1685 2452 1747 2506 in
1784 2451 1891 2506 hac
1935 2449 2081 2505 cerei

451 2550 732 2606 eblatione
758 2550 1018 2605 sollemni
1042 2565 1148 2621 per
1173 2547 1565 2603 ministrorum
1585 2561 1787 2600 manus
1807 2545 1876 2598 de
1903 2543 2082 2616 operi-

449 2643 557 2700 bus
581 2661 756 2716 apum
793 2647 1139 2698 sacrosancta
1182 2640 1368 2696 reddit
1405 2639 1666 2695 Ecclesia.
1697 2638 1803 2693 Sed
1826 2638 1947 2710 jam
1985 2653 2080 2692 co-

450 2739 662 2794 lumna:
672 2737 844 2808 hujus
859 2735 1142 2808 praeconia
1163 2733 1446 2802 novimus,
1471 2747 1642 2804 quam
1669 2729 1729 2786 in
1747 2731 1966 2786 honore
1984 2729 2082 2785 Dei

453 2831 692 2888 rutilans
730 2829 880 2900 ignis
914 2828 1188 2883 accendit.
1234 2826 1340 2891 Qui
1366 2825 1498 2880 licet
1541 2823 1749 2879 divisus
1777 2822 1836 2878 in
1872 2828 2082 2895 partes,

455 2923 702 2980 mutuati
729 2921 963 2977 luminis
979 2921 1316 2986 detrimenta
1339 2935 1456 2973 non
1473 2917 1650 2972 novit.
1672 2915 1855 2971 Alitur
1869 2916 2086 2988 liquan-

457 3018 612 3073 tibus
640 3014 804 3082 ceris,
835 3029 975 3086 quas
1013 3013 1072 3067 in
1111 3011 1420 3066 substantia
1454 3010 1721 3081 preciosae
1750 3009 1920 3080 hujus
1944 3011 2085 3064 lam-

459 3109 618 3183 padis
643 3107 764 3179 apis
790 3112 972 3161 mater
997 3105 1210 3161 eduxit.
1251 3105 1386 3176 Apis
1438 3103 1636 3158 ceteris
1679 3121 1806 3174 quae
1842 3103 2088 3174 subjecta

461 3205 593 3260 sunt
619 3199 843 3257 homini
869 3199 1250 3254 animantibus
1277 3196 1724 3263 antecellit,cum
1753 3197 1825 3251 sit
1851 3196 2088 3251 minima

1283 381 1615 438 APPENDIX
1650 337 1742 436 An
1773 381 1994 438 orm
2029 381 2084 437 s.
2123 383 2422 440 GERMANI
2459 383 2882 440 PABlSlENSlS.

433 493 662 551 vocibus
709 493 828 549 hac
873 491 1002 548 aula
1039 488 1292 546 resultet.
1337 491 1457 556 Qua
1495 489 1842 546 adstantibus
1878 488 2054 560 vobis,
2078 501 2138 576 Α

3699 381 3824 436 500

2532 510 2602 548 AD
2649 504 3012 549 CHRISTIANUI
3052 504 3362 548 FACIENDUII
3383 498 3430 546 ⁸.

2232 597 2378 650 Deus
2401 594 2643 650 caritatis
2669 595 2841 650 totius
2881 594 3246 649 confirmator
3277 580 3336 648 et
3370 591 3664 660 conditor,
3705 592 3826 665 qui

2161 689 2406 744 maculas
2431 688 2630 744 mundi
2650 689 2894 744 mortem
2918 687 3230 760 fugandam
3254 686 3460 754 fecisti,
3482 690 3542 742 te
3573 702 3826 742 oramus

2162 789 2218 838 et
2244 798 2588 854 quaesumus,
2613 785 2681 836 ut
2703 780 2981 836 custodias
3005 780 3259 836 animam
3283 779 3488 836 famuli
3513 779 3602 836 tui
3626 779 3712 836 ill.
3747 781 3829 834 ut

2163 877 2376 933 calcato
2424 875 2644 932 diabolo
2689 875 3024 931 conrobores
3049 891 3213 945 eum;
3241 877 3310 930 ut
3343 873 3522 946 primi
3551 871 3828 946 parentis

2163 971 2397 1027 detersis
2419 969 2702 1040 tenebris,
2729 969 3102 1024 christianum
3124 984 3338 1024 nomen
3363 967 3478 1024 ﬁde
3503 965 3824 1040 percipiat.

2843 1091 2972 1139 Item
3007 1089 3124 1140 alia.

2234 1185 2378 1237 Deus
2421 1181 2519 1254 qui
2556 1180 2777 1254 perdita
2821 1197 3070 1253 reparas,
3099 1184 3155 1236 et
3179 1183 3440 1252 reparata
3468 1194 3824 1250 conservas;

2167 1277 2314 1331 Deus
2341 1275 2436 1348 qui
2463 1275 2832 1348 opprobrium
2855 1273 3182 1348 gentilitatis
3201 1273 3428 1346 signare
3450 1273 3560 1329 sub
3575 1273 3830 1328 titulum

2166 1368 2411 1424 nominis
2435 1368 2519 1423 tui
2556 1368 2895 1441 praacepisti,
2924 1373 2990 1423 ut
3013 1367 3084 1423 ad
3120 1367 3343 1424 fontem
3369 1366 3652 1440 baptismi
3682 1383 3828 1440 per-

2169 1462 2360 1518 venire
2382 1466 2727 1518 mereantur.

2840 1552 2970 1600 Item
2997 1548 3114 1599 alia.

2242 1649 2477 1706 Domine
2507 1655 2694 1706 sancte
2718 1651 2882 1704 Pater
2899 1648 3258 1720 omnipotens
3276 1652 3493 1704 aeterne
3521 1649 3698 1719 Deus,
3725 1649 3839 1722 qui

2169 1744 2346 1799 fecisti
2373 1745 2572 1799 caelum
2612 1747 2669 1798 et
2694 1746 2924 1812 terram,
2966 1759 3118 1798 mare
3154 1745 3212 1798 et
3251 1742 3448 1798 omnia
3485 1759 3622 1816 quas
3651 1741 3717 1798 in
3747 1742 3838 1798 eis

2174 1841 2336 1906 sunt;
2363 1837 2644 1908 respicere
2670 1837 2922 1908 digneris
2962 1837 3034 1891 ad
3073 1851 3269 1908 preces
3297 1836 3651 1892 humilitatis
3675 1852 3839 1892 mea:

2173 1948 2278 2004 pro
2319 1929 2534 1986 famulo
2574 1934 2673 1985 tuo
2712 1931 2817 2000 ill.,
2863 1947 2967 2001 per
2999 1929 3414 1985 invocationem
3452 1929 3715 1986 nominis
3742 1931 3844 1986 tui

2175 2023 2473 2079 conﬁrmes
2499 2040 2631 2078 eum
2650 2065 2664 2090 ,
2695 2023 2997 2078 inlumines
3021 2023 3240 2078 vultum
3281 2023 3553 2079 claritatis
3580 2028 3705 2080 tuas
3734 2041 3838 2080 su-

2175 2133 2280 2189 per
2321 2133 2474 2172 eum.
2522 2116 2856 2172 Benedicere
2884 2120 2940 2170 et
2973 2116 3319 2172 sanctiﬁcare
3347 2116 3608 2188 digneris
3632 2129 3666 2187 ;Δ
3685 2118 3848 2174 sicut

2178 2209 2516 2266 benedixisti
2542 2210 2775 2264 domum
2802 2209 3110 2279 Abraham,
3143 2211 3312 2278 Isaac,
3347 2215 3406 2266 et
3427 2211 3624 2266 Jacob.
3659 2211 3842 2268 Adsi-

2183 2321 2293 2376 gna
2334 2305 2385 2360 ei
2428 2305 2698 2375 angelum
2741 2302 2914 2375 pacis,
2959 2304 3232 2374 angelum
3261 2303 3702 2377 misericordiae,
3737 2306 3848 2378 qui

2181 2414 2312 2452 eum
2339 2397 2607 2470 perducat
2637 2397 2708 2452 ad
2733 2397 2904 2451 vitam
2933 2401 3206 2452 aeternam
3225 2439 3238 2466 ,
3269 2398 3580 2470 adjuvante
3611 2398 3847 2470 Spiritu

2182 2495 2390 2558 sancto,
2419 2493 2476 2546 et
2495 2490 2564 2545 de
2587 2490 2841 2544 faucibus
2867 2489 3084 2545 inimici
3109 2490 3316 2546 liberes
3341 2507 3498 2561 eum,
3529 2495 3590 2547 et
3617 2509 3735 2564 per
3761 2493 3845 2548 si-

2185 2601 2363 2655 gnum
2395 2586 2523 2639 Jesu
2566 2583 2772 2640 Christi
2796 2587 3024 2656 tempus
3047 2583 3178 2638 vitae
3209 2601 3326 2639 sua:
3375 2585 3656 2658 religiose
3695 2603 3846 2643 con-

2184 2677 2357 2732 sistat.
2389 2678 2512 2732 Per.
3387 2676 3398 2686 ’

2259 2807 2406 2862 Deus
2431 2805 2527 2878 qui
2557 2823 2634 2876 es,
2662 2810 2718 2862 et
2740 2806 2840 2878 qui
2865 2821 3020 2876 eras,
3054 2810 3111 2862 et
3134 2822 3440 2878 permanes
3468 2825 3654 2882 usque
3681 2809 3752 2866 in
3772 2809 3849 2866 ﬁ-

2185 2917 2320 2956 nem
2345 2900 2556 2971 szeculi,
2586 2901 2748 2972 cujus
2774 2900 2935 2973 origo
2965 2900 3237 2969 nescitur,
3265 2917 3373 2958 nec
3402 2901 3537 2958 ﬁnis
3562 2919 3848 2977 compre-

2187 2995 2435 3050 hendere
2459 2997 2668 3066 potest;
2719 2996 2774 3050 te
2813 3011 3046 3050 oramus
3071 2998 3129 3050 et
3155 3012 3510 3067 quasumus,
3549 3003 3619 3053 ut
3645 3003 3849 3054 custo-

2188 3088 2306 3143 dias
2348 3087 2600 3143 animam
2642 3087 2847 3142 famuli
2883 3088 2970 3144 tui
3008 3088 3090 3144 ill.
3131 3105 3306 3161 quem
3335 3089 3599 3146 liberasti
3641 3091 3720 3148 de
3747 3109 3854 3150 ore

2190 3181 2508 3252 gentilium,
2529 3185 2584 3236 et
2599 3198 2632 3235 a
2657 3181 3078 3238 conversatione
3101 3183 3368 3254 pessima.
3391 3183 3650 3256 Dignare
3671 3202 3854 3244 exau-

461 3235 593 3260 am“,
619 3235 843 3257 μυωιιιι
869 3235 1250 3254 “unum...”
1277 3235 1724 3263 αυυυυνιιιυμιυι.
1754 3235 1825 3251 ριν
1851 3235 2088 3251 unum...
2190 3235 2223 3252 υ
2493 3235 2507 3250 ι
2542 3235 2551 3236 κ
2703 3235 2706 3236 ν
2748 3235 2757 3236 κ
2812 3235 2845 3236 ρ
2872 3235 2905 3236 η
3102 3235 3131 3254 ιγ
3152 3235 3368 3240 "Hm——
3391 3235 3648 3256 -νο--ν
3674 3235 3830 3244 ----

461 3294 710 3368 corporis
736 3295 1028 3366 parvitate,
1046 3293 1304 3364 ingentes
1330 3291 1548 3345 animas
1571 3294 1810 3362 augusto
1826 3295 2008 3345 versat
2031 3290 2089 3346 in
2109 3235 2164 3309 Ο
2190 3275 2310 3330 dire
2339 3291 2494 3345 eum:
2527 3275 2626 3347 qni
2649 3275 2750 3330 tibi
2771 3275 3014 3331 οθΓνίοθε
3033 3293 3160 3331 suas
3174 3277 3442 3334 humiliat
3465 3281 3524 3334 et
3543 3281 3854 3351 Perveniat

462 3395 708 3463 pectore,
741 3387 956 3441 viribus
998 3385 1297 3452 inbecillis,
1344 3383 1439 3440 sed
1477 3383 1639 3438 fortis
1666 3383 1916 3455 ingenio.
1963 3384 2088 3438 Haec
2123 3377 2128 3383 “

464 3483 754 3554 explorata
778 3485 1100 3551 temporum
1122 3479 1260 3548 vice,
1276 3494 1408 3532 cum
1433 3477 1697 3533 canitiem
1722 3477 1991 3548 pruinosa
2009 3477 2092 3532 hi~

461 3578 636 3634 berna
660 3577 991 3647 posuerunt,
1025 3578 1082 3628 et
1111 3571 1339 3645 glaciale
1383 3570 1604 3626 senium
1632 3571 1793 3626 verni
1819 3570 2089 3642 temporis

463 3670 749 3726 moderata
793 3667 1107 3736 deterserit,
1147 3665 1339 3720 statim
1379 3665 1695 3737 prodeundi
1740 3665 1812 3720 ad
1838 3665 2091 3720 laborem

465 3779 600 3820 cura
625 3761 948 3818 succendit:
973 3761 1352 3832 dispersasque
1380 3775 1482 3830 per
1499 3774 1664 3830 agros
1690 3758 1941 3813 libratim
1960 3773 2096 3830 pau-

464 3857 646 3913 lulum
668 3855 958 3927 pinnibus,
990 3853 1248 3907 cruribus
1287 3851 1570 3923 suspensis
1614 3851 1885 3922 insidunt,
1935 3855 2095 3922 parte

465 3966 564 4006 ore
599 3949 788 4020 legere
831 3946 1112 4013 ﬂosculos,
1143 3945 1385 4000 oneratis
1426 3945 1760 4000 victualibus
1803 3945 1874 3998 ad
1916 3947 2096 3998 castra

469 4045 760 4110 remeant;
791 4040 984 4112 ibique
1009 4039 1134 4093 aliae
1169 4037 1549 4094 inaestimabili
1575 4043 1714 4108 arte,
1754 4037 1982 4092 cellulas
2009 4041 2094 4091 te-

468 4134 596 4192 naci
625 4132 842 4206 glutino
870 4133 1172 4187 instruunt.
1205 4131 1340 4187 Aliae
1374 4131 1646 4204 liquantia
1673 4130 1843 4185 mella
1867 4129 2094 4201 stipant,

470 4229 598 4284 alia:
627 4231 852 4282 vertunt
877 4226 1042 4281 ﬂores
1067 4225 1125 4280 in
1151 4241 1367 4294 ceram,
1395 4225 1519 4280 aliae
1541 4241 1638 4280 ore
1663 4229 1824 4278 natos
1851 4223 2095 4294 ﬁngunt,

471 4321 594 4378 aliae
619 4320 858 4376 collectis
885 4337 914 4375 e
943 4319 1090 4388 foliis
1125 4323 1319 4375 nectar
1360 4318 1674 4372 includunt.
1705 4317 1748 4372 Ο
1775 4332 1904 4372 vere
1939 4317 2100 4371 beata

473 4420 532 4471 et
559 4414 828 4470 mirabilis
854 4413 972 4485 apis
991 4456 1004 4483 ,
1034 4413 1196 4484 cujus
1221 4427 1326 4466 nec
1370 4427 1569 4466 sexum
1605 4410 1839 4464 masculi
1867 4409 2096 4479 violant,

473 4525 578 4564 nec
601 4507 702 4563 ﬁlii
731 4507 1030 4562 destruunt
1056 4505 1370 4560 castitatem
1402 4519 1416 4558 :
1448 4504 1592 4559 sicut
1629 4508 1818 4559 sancta
1845 4501 2104 4574 concepit

474 4601 664 4670 Maria,
696 4600 856 4672 virgo
897 4598 1137 4672 peperit,
1185 4602 1240 4653 et
1289 4596 1450 4670 virgo
1497 4597 1827 4669 permansit.
1884 4597 1927 4652 Ο
1971 4603 2179 4676 vereD

475 4697 639 4751 beata
653 4710 767 4749 nox
785 4694 798 4747 l
822 4709 950 4766 quae
971 4691 1275 4764 expoliavit
1290 4691 1594 4764 Egyptios,
1612 4691 1806 4746 ditavit
1823 4691 1862 4744 Η
1871 4690 2100 4745 ebraaos.

474 4791 613 4856 Nox,
645 4788 702 4843 in
731 4804 844 4860 qua
868 4785 1107 4840 terrenis
1133 4785 1374 4840 caelestia
1391 4785 1733 4857 junguntur.
1761 4784 2010 4840 Oramus
2025 4788 2110 4854 te,

477 4881 734 4949 Domine,
761 4883 825 4934 ut
851 4895 1044 4934 cereus
1069 4879 1171 4934 iste
1194 4879 1253 4934 in
1278 4880 1560 4934 honorem
1590 4877 1843 4933 nominis
1869 4876 1951 4932 tui
1979 4893 2106 4931 con-

477 4979 745 5044 secratus,
772 4973 841 5028 ad
869 4972 1048 5028 noctis
1072 4972 1244 5044 hujus
1273 4972 1544 5044 caligines
1563 4971 1932 5027 destruendas
1954 4970 2106 5026 inde-

477 5069 667 5124 ﬁciens
693 5069 753 5122 in
778 5067 1009 5122 odorem
1037 5066 1326 5122 suavitatis
1361 5071 1620 5137 acceptus
1650 5063 1908 5136 supernis
1934 5063 2104 5119 lumi-

477 5161 708 5215 naribus
719 5159 1038 5227 misceatur,
1054 5159 1419 5231 flammasque
1432 5159 1553 5230 ejus
1563 5157 1788 5212 Lucifer
1796 5155 2106 5212 matutinus

2191 3369 2260 3424 ad
2283 3368 2629 3440 baptismum
2655 3369 2828 3424 fontis
2868 3371 3304 3441 regeneratione
3331 3388 3402 3427 ex
3429 3389 3585 3444 aqua
3625 3377 3689 3430 et
3717 3376 3852 3447 Spi-

2192 3462 2306 3517 ritu
2331 3467 2542 3532 sancto,
2574 3462 2672 3534 qui
2698 3479 2828 3518 cum
2854 3465 3018 3519 Patre
3049 3469 3106 3520 et
3135 3465 3276 3519 Filio
3300 3465 3441 3522 vivit
3464 3470 3526 3522 et
3549 3474 3789 3540 regnat.

2269 3594 2418 3648 Facis
2440 3594 2654 3663 signum
2683 3595 2721 3657 -ἰ-
2748 3595 2807 3648 in
2831 3609 2950 3649 eum
2977 3599 3027 3650 et
3046 3594 3187 3652 dices
3213 3597 3556 3666 Symbolum.

2266 3712 2468 3783 Accipe
2489 3711 2717 3784 signum
2735 3713 2917 3769 crucis
2931 3716 3049 3768 tam
3064 3714 3122 3770 in
3136 3715 3344 3787 fronte,
3365 3734 3547 3790 quam
3565 3720 3629 3776 in
3651 3724 3834 3780 corde

2195 3807 2430 3876 Semper
2475 3810 2593 3860 esto
2625 3806 2824 3861 ﬁdelis.
2856 3808 3158 3880 Templum
3188 3809 3288 3865 Dei
3319 3811 3671 3882 ingredere;
3699 3816 3862 3873 idola

2197 3898 2543 3970 derelinque.
2587 3899 2719 3954 Cole
2762 3901 2940 3956 Deum
2989 3903 3212 3958 Patrem
3257 3905 3732 3977 omnipotentem
3753 3953 3768 3980 ,
3801 3916 3861 3968 et

2196 3993 2383 4047 Jesum
2411 3992 2698 4048 Christum
2724 3994 2928 4050 Filium
2955 3995 3076 4067 ejus
3097 4038 3111 4066 ,
3139 3996 3242 4068 qui
3265 4003 3548 4056 venturus
3579 4008 3669 4059 est
3687 4003 3858 4075 judi-

2199 4102 2324 4141 care
2352 4085 2502 4140 vivos
2523 4089 2579 4141 et
2601 4091 2854 4143 mortuos
2871 4131 2885 4158 ,
2921 4093 2977 4144 et
3001 4090 3274 4146 smeulum
3299 4107 3407 4164 per
3449 4093 3655 4166 ignem
3673 4140 3689 4168 ,
3719 4115 3861 4156 cum

2201 4179 2414 4251 Spiritu
2437 4183 2628 4235 sancto
2655 4179 2717 4235 in
2736 4181 2943 4237 saecula
2966 4183 3326 4240 saeculorum.

2271 4311 2401 4364 Post
2433 4310 2540 4364 haec
2564 4310 2872 4380 insufﬂabis
2893 4314 2952 4366 in
2980 4327 3034 4367 os
3077 4313 3188 4382 ejus
3215 4318 3315 4378 ter,
3342 4319 3397 4372 et
3420 4317 3571 4375 dices
3599 4337 3617 4374 :
3649 4320 3863 4392 Accipe

2202 4401 2477 4472 Spiritum
2503 4404 2780 4470 sanctum,
2805 4408 2861 4459 et
2885 4405 2945 4460 in
2971 4405 3139 4463 corde
3167 4411 3382 4463 teneas.

2681 4566 2877 4607 INCIPIT
2915 4567 3058 4609 ORDO
3094 4570 3346 4611 BAPTISII
3355 4597 3368 4612 .

2275 4680 2565 4736 Exorcidio
2590 4679 2618 4722 δ
2641 4684 2720 4752 te,
2750 4685 3006 4737 creatura
3031 4698 3194 4754 aquae
3210 4725 3224 4750 ,
3252 4683 3315 4740 in
3339 4685 3582 4744 nomine
3610 4689 3718 4744 Dei
3757 4692 3866 4747 Pa-

2204 4774 2304 4830 tris
2326 4773 2750 4846 omnipotentis,
2779 4777 2838 4830 et
2873 4775 2931 4830 in
2969 4776 3201 4832 nomine
3240 4777 3468 4834 Domini
3509 4782 3706 4839 nostri
3732 4785 3870 4842 Jesu

2203 4867 2412 4923 Christi
2435 4867 2560 4922 Filii
2587 4867 2729 4938 ejus,
2757 4871 2812 4923 et
2837 4867 3078 4940 Spiritus
3103 4871 3283 4925 sancti
3308 4913 3323 4941 ,
3354 4877 3422 4928 ut
3454 4874 3652 4930 omnis
3683 4877 3869 4935 virtus

2203 4961 2527 5028 adversarii,
2543 4976 2738 5015 omnes
2768 4961 3047 5018 exercitus
3077 4963 3311 5035 diaboli,
3337 4981 3545 5023 omnes
3567 4967 3864 5040 incursus,

2205 5070 2373 5110 omne
2399 5054 2674 5109 fantasma
2699 5055 2982 5112 eradicare
3009 5061 3066 5112 et
3092 5056 3347 5130 effugere
3373 5060 3446 5115 ab
3462 5061 3573 5116 hac
3597 5069 3871 5120 creatura

2204 5165 2386 5221 aquae,
2415 5151 2481 5204 ut
2505 5147 2578 5203 sit
2605 5149 2888 5219 omnibus,
2919 5149 3018 5222 qui
3060 5151 3122 5205 in
3151 5168 3278 5206 eam
3316 5153 3659 5212 descensuri
3707 5164 3863 5229 sunt,

479 5253 750 5308 inveniat.
782 5251 878 5306 llle
907 5251 1139 5322 inquam
1183 5251 1422 5320 Lucifer,
1467 5251 1567 5323 qui
1609 5250 1787 5306 nescit
1825 5226 2175 5318 occasum.V
2206 5243 2329 5297 fons
2357 5257 2519 5314 aquae
2549 5241 2806 5298 salutaris
2832 5243 2894 5298 in
2917 5243 3092 5299 vitam
3121 5248 3398 5302 aeternam
3429 5263 3443 5302 :
3476 5253 3544 5306 ut
3584 5267 3727 5308 cum
3765 5226 3862 5308 ba;

483 5346 578 5401 Ille
605 5345 703 5416 qui
728 5359 1014 5414 regressus
1035 5345 1104 5400 ab
1132 5344 1344 5415 inferis,
1374 5346 1626 5400 humano
1660 5344 1854 5416 generi
1875 5360 2106 5400 serenus

479 5438 704 5494 inluxit.
740 5439 1040 5492 Precamur
1092 5455 1248 5510 ergo,
1303 5439 1557 5502 Domine,
1603 5443 1670 5493 ut
1716 5454 1818 5492 nos
1865 5437 2107 5491 famulos

481 5535 628 5602 tuos,
676 5545 904 5585 omnem
955 5531 1190 5602 clerum,
1231 5537 1287 5587 et
1339 5531 1763 5586 devotissimum
1805 5530 2103 5600 populum,

483 5625 670 5698 quiete
698 5628 1016 5695 temporum
1045 5641 1334 5694 concessa,
1366 5625 1426 5678 in
1469 5623 1558 5678 his
1597 5621 1946 5694 paschalibus
1971 5639 2101 5678 con-

483 5735 703 5776 servare
734 5717 1005 5790 digneris.

552 5851 581 5886 ει
619 5835 772 5890 Idem
799 5832 995 5890 titulus
1019 5830 1192 5886 etiam
1216 5829 1275 5886 in
1301 5829 1555 5902 Gothico,
1589 5830 1682 5886 sed
1713 5831 1990 5887 orationes
2016 5831 2102 5886 di-

483 5920 677 5961 τθΐεω.

2206 5337 2444 5407 ptizatus
2469 5335 2528 5390 in
2555 5351 2622 5390 ea
2646 5336 2900 5408 quisquis
2927 5337 3118 5408 fuerit,
3165 5339 3266 5394 fiat
3299 5343 3592 5414 templum
3619 5346 3725 5402 Dei
3754 5345 3868 5400 vivi

2206 5431 2264 5485 in
2288 5429 2618 5484 remissione
2647 5435 3009 5502 peccatorum
3036 5429 3096 5486 in
3122 5432 3364 5490 nomine
3389 5435 3496 5493 Dei
3529 5438 3721 5494 Patris
3748 5457 3869 5496 om-

2206 5523 2529 5595 nipotentis,
2557 5526 2614 5578 et
2637 5524 2841 5580 Christi
2865 5525 2994 5580 Jesu
3021 5525 3146 5580 Filii
3185 5527 3308 5598 ejus
3337 5531 3394 5584 et
3439 5529 3700 5602 Spiritus
3732 5551 3865 5590 san-

2206 5617 2298 5684 cti,
2332 5617 2430 5689 qui
2450 5617 2806 5688 judicaturus
2827 5621 2910 5672 est
2935 5619 3206 5674 saeculum
3236 5637 3339 5692 per
3363 5622 3588 5695 ignem,
3614 5643 3729 5698 per
3755 5629 3862 5684 hoc

2206 5710 2557 5782 signaculum
2583 5711 2733 5782 quod
2763 5717 3059 5783 permanet
3081 5713 3142 5768 in
3169 5715 3380 5770 saecula
3405 5718 3796 5778 saeculorum.

2235 5831 2314 5954 ir:
2336 5826 2608 5971 ἒιῖεξὲῗ
2634 5827 2844 5898 legitur
2869 5828 2930 5884 in
2957 5828 3130 5885 veteri
3161 5829 3364 5889 Missali
3405 5829 3706 5895 Gallicana
3748 5857 3865 5913 pas.

2209 5917 2314 5954 31m
2340 5917 2373 5952 ἃ
2395 5917 2452 5954 D.
2478 5917 2600 5954 602.
