3970 6406
177 400 265 454 501

890 507 1079 558 Oratio.

666 396 1276 458 SACRAMENTABIUM
1311 402 1752 459 GALLICANUM.
1794 431 1860 444 -
1899 405 2263 462 LECTIONES
2298 406 2388 462 DE
2424 407 2734 464 ADVENTU
2773 407 3026 464 DOMINI.

3414 409 3514 466 502

1817 526 1876 600 Α
1900 528 2043 584 quos
2071 514 2140 569 de
2169 514 2423 570 tenebris
2442 515 2513 570 ad
2537 516 2723 571 lucem
2752 514 2940 572 redire
2950 511 3185 587 jussisti,
3217 513 3404 572 nullus
3421 513 3516 572 de-

239 577 617 678 οωξιίΡοίθηδ
665 580 1008 678 semPiteme
1057 582 1203 636 Deus
1221 591 1268 652 ':
1327 582 1515 638 θάθδίο
1571 577 2138 678 maSumne-ipiatur
2168 609 2462 665 fraudibus
2487 609 2720 664 inimici.

175 672 388 747 pietatis
418 677 535 728 tuae
561 674 861 745 mysteriis,
890 675 1080 730 adesto
1108 676 1486 746 sacramentis,
1517 680 1574 733 et
1598 694 1793 734 crean-

176 766 254 822 dis
278 767 435 821 novis
463 767 711 838 populis,
741 785 881 840 quos
897 769 999 824 tibi
1017 769 1141 824 fons
1168 769 1518 840 baptismatis
1533 771 1793 842 parturit,

175 859 430 933 spiritum
457 860 781 933 adoptionis
811 863 1033 931 emitte;
1064 866 1128 917 ut
1151 864 1299 934 quod
1330 864 1663 919 humilitatis
1690 881 1792 919 no-

176 960 296 1010 stne
325 955 645 1025 gerendum
669 961 752 1010 est
775 957 1106 1025 ministerio,
1136 950 1248 1012 tuae
1278 957 1498 1014 virtutis
1522 959 1797 1030 complea-

179 1051 265 1102 tur
298 1047 520 1103 eti‘ectu.
554 1051 702 1104 Deus
731 1051 828 1122 qui
869 1050 1134 1106 invisibili
1162 1053 1410 1124 potentia
1430 1058 1797 1107 sacramento-

177 1159 298 1196 rum
328 1145 562 1197 tuorum
607 1143 939 1200 mirabiliter
979 1146 1229 1216 operaris
1267 1145 1557 1215 effectum,
1587 1151 1644 1200 et
1667 1146 1794 1200 licet

178 1251 270 1290 nos
293 1235 464 1290 tantis
493 1237 777 1307 mysteriis
821 1239 1190 1310 exsequendis
1230 1239 1402 1295 simus
1438 1239 1708 1310 indigni,
1733 1244 1794 1293 tu

177 1335 356 1384 tamen
384 1331 585 1400 gratias
613 1335 728 1386 tuae
757 1332 903 1386 dona
928 1349 1042 1386 non
1068 1334 1361 1403 deserens,
1390 1333 1558 1388 etiam
1583 1333 1651 1387 ad
1686 1349 1792 1387 no-

177 1427 308 1478 stras
331 1439 528 1494 preces
553 1441 721 1480 aures
749 1428 862 1480 tum
894 1426 1118 1496 pietatis
1163 1426 1386 1481 inclina.
1434 1429 1606 1494 Deus,
1635 1426 1795 1496 cujus

179 1516 396 1588 spiritus
422 1533 599 1588 super
622 1534 796 1589 aquas
820 1518 969 1573 inter
1003 1519 1123 1589 ipsa
1147 1519 1458 1590 primordia
1490 1519 1791 1588 ferebatur,

179 1613 236 1664 ut
257 1609 425 1664 etiam
452 1613 593 1665 tunc
620 1611 886 1667 virtutem
910 1611 1362 1668 sanctiﬁcationis
1390 1629 1666 1684 aquarum
1692 1629 1792 1668 na-

180 1707 296 1758 tura
323 1703 664 1776 conciperet.

732 1775 977 1826 Collectio
1006 1776 1252 1838 sequitur.

1984 728 2168 792 Incipit
2195 729 2517 779 exorcismus
2541 729 2782 791 hominis,
2812 733 3086 794 antequam
3122 730 3426 794 baptizetur.

1966 818 2259 873 Exorcidio
2284 822 2360 887 te,
2376 819 2604 890 spiritus
2621 820 2919 887 inmunde,
2954 837 3055 891 per
3079 822 3259 875 Deum
3283 823 3514 878 Patrem

1897 911 2372 981 omnipotentem,
2410 913 2506 983 qui
2537 913 2669 968 fecit
2698 915 2897 967 caelum
2927 916 2984 968 et
3008 916 3242 980 terram,
3270 931 3429 969 mare
3456 918 3515 971 et

1897 1003 2092 1058 omnia
2113 1021 2238 1074 quae
2266 1005 2323 1059 in
2363 1006 2443 1060 eis
2472 1009 2602 1060 sunt
2635 1023 2647 1060 :
2684 1010 2744 1059 ut
2775 1023 2976 1060 omnes
3015 1006 3291 1074 incursus,
3339 1024 3512 1063 omne

1895 1097 2183 1150 fantasma
2203 1098 2523 1152 eradicetur
2548 1115 2612 1153 ac
2628 1099 2861 1170 fugetur
2885 1100 2956 1154 ab
2986 1101 3093 1154 hoc
3125 1102 3426 1171 plasmate,
3454 1104 3517 1155 ut

1895 1189 1994 1243 fiat
2040 1192 2322 1260 templum
2367 1191 2468 1244 Dei
2510 1195 2788 1258 sanctum,
2839 1192 2896 1246 in
2949 1192 3184 1247 nomine
3212 1193 3308 1248 Dei
3334 1193 3514 1248 Patris

1897 1282 2307 1353 omnipotentis
2339 1287 2394 1337 et
2421 1286 2550 1338 Jesu
2580 1285 2786 1339 Christi
2816 1285 2937 1338 Filii
2982 1286 3122 1355 ejus,
3171 1285 3266 1356 qui
3291 1285 3512 1355 judica-

1895 1378 2052 1428 turus
2084 1379 2168 1428 est
2197 1377 2467 1429 saeculum
2496 1393 2598 1446 per
2617 1377 2812 1446 ignem
2848 1377 2907 1430 in
2951 1377 3162 1447 Spiritu
3211 1381 3407 1432 sancto
3456 1379 3512 1432 in

1895 1469 2098 1522 saecula
2122 1469 2477 1522 saeculorum.

1969 1564 2164 1629 Tangis
2210 1577 2390 1623 nares,
2433 1562 2627 1616 deinde
2672 1562 2852 1617 dicis:
2901 1561 3128 1629 Effecta,
3180 1563 3380 1618 effecta
3429 1567 3515 1618 est

1895 1654 2077 1708 hostia
2104 1655 2164 1708 in
2193 1654 2430 1708 odorem
2455 1654 2764 1709 suavitatis.

1971 1749 2138 1816 Ungis
2169 1764 2285 1802 eum
2307 1748 2372 1802 de
2400 1749 2510 1802 oleo
2535 1751 2889 1818 sanctiﬁcata,
2917 1749 3096 1806 dicens
3123 1768 3139 1804 :
3176 1750 3337 1821 Ungo
3360 1752 3416 1805 te
3445 1751 3516 1806 de

245 1849 404 1915 Deus,
460 1847 560 1919 qui
615 1848 868 1903 nocentis
915 1849 1113 1903 mundi
1166 1848 1402 1903 crimina
1443 1865 1546 1919 per
1592 1865 1796 1920 aquam
1817 1893 1874 1964 B
1897 1841 2021 1894 oleo
2043 1841 2408 1907 sanctificato,
2438 1841 2583 1895 sicut
2612 1843 2772 1896 unxit
2806 1842 3081 1897 Samuhel
3111 1842 3287 1898 David
3324 1843 3384 1899 in
3412 1845 3514 1912 fre-

245 1942 396 1964 1---..-
451 1941 899 1964 _-_-_-_-i:-_:_
932 1941 1170 1964 __--:-_.
1208 1942 1257 1964 ε..
1289 1942 1402 1964 2..--
1439 1941 1622 1964 ,ηιμ-ξε
1660 1941 1762 1964 -α·.-
1903 1949 2028 1964 "nm
2060 1937 2112 1964 ηι
2140 1935 2474 1964 ηπηηιιηιηη-

181 1942 418 2011 abluens,
451 1941 900 2012 regenerationis
930 1941 1175 2012 speciem
1205 1942 1262 1996 in
1289 1942 1409 2013 ipsa
1434 1941 1627 1996 diluvii
1655 1941 1796 1996 eﬂ'u-
1818 1935 1874 1964 υ
1901 1949 2032 2004 gem
2059 1937 2115 1987 et
2140 1935 2501 2004 prophetam.

182 2036 325 2090 sione
351 2035 620 2107 signasti;
652 2035 829 2089 libera
850 2035 920 2088 ab
942 2035 1095 2089 omni
1117 2034 1528 2106 impugnatoris
1547 2036 1796 2105 incursu,

183 2135 233 2183 et
254 2129 422 2183 totius
448 2128 727 2200 nequitias
755 2133 1011 2199 purgatas
1054 2128 1317 2184 discessu.
1358 2129 1438 2182 Sit
1481 2128 1618 2181 vivis
1655 2145 1802 2199 aqua

184 2239 536 2294 regenerans,
565 2223 718 2276 unda
742 2221 1044 2292 puriﬁcans
1067 2240 1079 2275 :
1106 2226 1168 2275 ut
1188 2221 1442 2276 homines
1461 2222 1566 2275 hoc
1585 2221 1800 2276 lavacro

184 2316 404 2370 salutem
430 2316 490 2370 in
521 2315 604 2369 eis
634 2314 848 2385 Spiritu
875 2319 1064 2369 sancto
1090 2314 1388 2384 puriﬁcati,
1417 2315 1678 2385 perfectae
1701 2332 1802 2386 pu-

185 2408 495 2464 riﬁcationis
523 2408 940 2479 indulgentiam
979 2411 1412 2478 consequantur.
1445 2407 1599 2461 Unde
1623 2407 1798 2462 bene-

187 2503 297 2557 dico
339 2508 412 2570 te,
463 2507 724 2556 creatura
771 2518 956 2572 aquae,
1005 2517 1107 2572 per
1151 2500 1392 2562 Deum'i'
1427 2516 1654 2566 verum,
1699 2518 1802 2572 per

188 2597 353 2650 Deum
381 2597 419 2658 ·Ξ·
445 2599 706 2650 sanctum
727 2637 741 2663 ,
771 2595 868 2666 qui
893 2599 948 2649 te
979 2593 1037 2648 in
1068 2593 1343 2665 principio
1381 2593 1547 2648 verbo
1576 2611 1798 2665 separa-
1863 2643 1873 2652 .

187 2690 257 2743 vit
281 2690 347 2743 ab
371 2689 546 2758 arida,
567 2693 626 2743 et
639 2689 699 2742 in
715 2692 982 2759 quattuor
997 2687 1247 2741 ﬂuminis
1267 2692 1434 2742 terra:
1455 2687 1640 2758 rigare
1659 2705 1799 2759 pree-

187 2782 348 2854 cepit;
379 2781 474 2852 qui
499 2786 554 2836 te
587 2781 649 2834 in
687 2781 906 2835 deserto
932 2797 1191 2834 amarum
1221 2781 1488 2836 suavitate
1516 2781 1692 2836 indita
1716 2782 1798 2836 fe-

189 2875 255 2929 cit
279 2892 390 2930 esse
419 2874 750 2945 potabilem,
780 2878 835 2928 et
861 2874 1082 2928 sitiente
1124 2874 1328 2944 populo
1365 2874 1432 2928 de
1475 2879 1634 2945 petra
1679 2891 1802 2946 pro-

189 2969 368 3038 duxit;
397 2978 434 3040 -}-
456 2967 737 3023 benedice
785 2972 837 3021 te
877 2984 980 3038 per
1023 2969 1211 3021 Jesum
1247 2966 1564 3034 Christum,
1597 2967 1799 3022 Filium

189 3063 298 3132 ejus
317 3062 549 3116 unicum
579 3060 886 3115 Dominum
914 3065 1174 3114 nostrum
1201 3061 1299 3131 qui
1328 3065 1380 3114 te
1409 3059 1465 3114 in
1493 3061 1682 3115 Chana
1706 3061 1804 3114 Ga-

187 3158 343 3227 lileaa,
375 3160 604 3226 signum
632 3168 670 3230 -ι-
695 3157 1047 3226 admirabile,
1065 3175 1163 3211 sua
1184 3158 1430 3228 potentia
1454 3158 1725 3213 convertit
1743 3158 1803 3214 in

1975 2029 2174 2094 Tangis
2199 2042 2376 2089 nares,
2406 2032 2455 2081 et
2479 2042 2654 2088 aures,
2681 2032 2732 2081 et
2745 2033 2950 2096 pectus.
2979 2029 3229 2099 Operare
3257 2031 3520 2084 creatura

1902 2119 2032 2185 olei,
2065 2135 2320 2189 operare,
2345 2122 2408 2173 ut
2455 2135 2573 2173 non
2605 2121 2780 2173 lateat
2815 2120 2904 2174 hic
2937 2120 3254 2176 inmundus
3290 2121 3520 2192 spiritus

1902 2228 2006 2265 nec
2038 2212 2095 2265 in
2123 2212 2418 2277 membris,
2447 2229 2554 2265 nec
2592 2212 2650 2266 in
2681 2213 2969 2282 medullis,
2992 2230 3100 2268 nec
3144 2214 3202 2267 in
3241 2230 3354 2268 uno
3394 2231 3522 2268 con-

1899 2305 2110 2376 pagine
2166 2305 2597 2370 membrorum;
2653 2305 2752 2359 sed
2798 2309 3067 2376 operetur
3118 2305 3177 2360 in
3236 2309 3290 2360 te
3345 2306 3520 2360 virtus

1901 2397 2103 2452 Christi
2130 2397 2249 2450 Filii
2271 2397 2371 2450 Dei
2395 2397 2656 2467 altissimi
2678 2401 2733 2452 et
2749 2397 2990 2468 Spiritus
3006 2398 3184 2453 sancti
3205 2415 3308 2469 per
3327 2398 3520 2453 omnia

1901 2491 2122 2545 saecula.

1969 2585 2276 2651 Interrogas
2301 2599 2491 2638 nomen
2527 2583 2644 2651 ejus
2688 2583 2912 2638 dicens:
2955 2583 3091 2647 Quis
3130 2583 3336 2638 dicitur
3361 2583 3390 2637 ‘I
3435 2584 3515 2638 Ill.

1899 2676 2285 2730 Abrenuncias
2309 2680 2542 2742 satanas,
2570 2675 2798 2747 pompis
2826 2676 2967 2747 ejus,
2997 2675 3228 2731 luxuriis
3259 2677 3393 2743 suis,
3421 2692 3519 2731 sae-

1901 2771 2026 2823 culo
2053 2769 2183 2822 huic
2203 2769 2230 2822 ?

1970 2865 2123 2932 Resp.
2153 2860 2558 2916 Abrenunciat.
2587 2864 2696 2916 Hoc
2722 2866 2802 2916 ter
2832 2863 2990 2916 dices.

1971 2959 2273 3022 Interrogas
2298 2971 2486 3008 nomen
2509 2955 2627 3022 ejus
2656 2968 2672 3004 :
2707 2954 2843 3018 Quis
2871 2954 3078 3008 dicitur
3097 2954 3124 3008 ?
3150 2955 3231 3009 Ill.

1973 3047 2167 3101 Credit
2186 3047 2244 3101 in
2276 3048 2458 3101 Deum
2507 3048 2732 3100 Patrem
2776 3047 3262 3118 omnipotentem,
3306 3051 3523 3104 creato-

1903 3157 2027 3194 rem
2055 3140 2178 3193 οξειὶ
2209 3143 2265 3194 et
2298 3139 2507 3194 terra}?
2528 3143 2682 3209 Resp.
2715 3140 2940 3194 Credat.

187 3252 396 3322 vinum;
430 3253 529 3324 qui
574 3252 814 3323 pedibus
849 3267 1018 3321 super
1047 3253 1101 3305 te
1128 3251 1468 3317 ambulavit,
1515 3255 1571 3305 et
1611 3251 1680 3306 ab
1706 3253 1800 3306 Jo-
1824 3255 1878 3328 C
1911 3327 1916 3328 γ
1974 3233 2169 3328 (1νέἀῆ
2196 3235 2250 3286 et
2272 3232 2330 3286 in
2348 3235 2534 3286 Iesum
2564 3232 2849 3287 Christum
2877 3232 3078 3328 Fi1_ium
3110 3234 3235 3328 ellls
3269 3233 3521 3303 “nicum.

189 3345 362 3400 hanne
403 3345 461 3400 in
502 3346 748 3401 Iordane
794 3345 1106 3415 baptizatus
1151 3348 1263 3412 est;
1303 3344 1399 3415 qui
1433 3348 1487 3398 te
1525 3361 1639 3398 una
1674 3361 1803 3399 cum

190 3439 447 3510 sanguine
481 3440 549 3494 de
594 3439 770 3493 latere
815 3455 914 3492 suo
945 3437 1230 3509 produxit,
1263 3442 1318 3492 et
1359 3437 1648 3509 discipulis
1691 3438 1805 3491 suis

183 3532 354 3602 jussit,
398 3537 462 3588 ut
505 3532 916 3588 credentes.....
962 3531 1307 3602 baptizantes
1337 3547 1432 3585 eos
1475 3531 1534 3585 in
1574 3531 1804 3586 nomine

190 3626 353 3680 Patris
379 3629 434 3681 et
471 3625 600 3680 Filii
639 3629 695 3680 et
721 3623 959 3696 Spiritus
993 3624 1186 3692 sancti,
1217 3623 1314 3695 qui
1340 3623 1476 3678 vivit
1500 3628 1555 3679 et
1580 3629 1800 3695 regnat.

254 3719 479 3774 Sursum
500 3719 691 3774 corda.
712 3717 961 3788 Dignum
990 3721 1046 3771 et
1067 3717 1286 3787 justum
1316 3721 1416 3785 est,
1451 3717 1805 3788 omnipotens

193 3812 326 3866 Deus
356 3832 372 3866 :
400 3812 497 3883 qui
535 3811 809 3883 aperuisti
840 3810 1002 3865 nobis
1043 3810 1261 3864 fontem
1306 3810 1433 3864 vitae
1476 3815 1720 3879 aeternae,
1750 3812 1806 3865 et

103 3894 148 3958 ix
192 3921 516 3976 regenerans
541 3922 646 3959 nos
685 3920 789 3976 per
827 3899 1097 3974 spiritum
1126 3907 1288 3957 tuum
1318 3907 1569 3957 sanctum
1591 3945 1604 3969 ,
1634 3919 1806 3974 quem

192 3997 376 4052 ducem
405 4015 522 4053 esse
555 3998 728 4068 hujus
753 3997 928 4050 sancti
957 3996 1159 4050 lavacri
1190 3996 1247 4050 in
1274 3996 1598 4050 remissione
1619 4013 1806 4067 pecca—

191 4094 385 4160 torum,
415 4097 470 4147 et
493 4091 618 4147 ﬁeri
643 4092 926 4146 lavacrum
944 4107 1106 4162 aquae
1131 4089 1191 4144 in
1215 4089 1427 4161 Spiritu
1449 4093 1638 4144 sancto
1665 4109 1678 4146 :
1703 4107 1807 4162 per

192 4199 348 4254 quem
398 4201 627 4240 omnem
667 4184 947 4239 maculam
991 4184 1193 4238 tollens
1227 4200 1259 4236 a
1283 4182 1480 4253 nobis,
1512 4183 1669 4237 exuis
1704 4200 1806 4237 nos

194 4282 438 4346 mortem,
467 4283 523 4333 et
549 4277 738 4332 induis
763 4293 866 4331 nos
891 4276 1065 4330 vitam
1096 4293 1108 4330 :
1139 4276 1241 4330 tibi
1268 4276 1589 4331 adsistentis
1607 4275 1665 4330 in
1695 4277 1807 4347 glo-

193 4370 270 4423 ria
295 4371 586 4426 laudamus
613 4373 837 4425 Patrem
865 4386 1089 4441 semper
1113 4369 1171 4423 in
1197 4369 1344 4423 caelis
1368 4411 1382 4438 ,
1413 4373 1468 4423 et
1489 4369 1806 4440 recipientis

195 4477 255 4515 ex
273 4463 428 4519 initio
447 4464 716 4519 virtutem
732 4480 834 4535 per
854 4463 1155 4516 Dominum
1173 4465 1428 4516 nostrum
1449 4463 1634 4517 Jesum
1653 4463 1806 4517 Chri-

196 4557 353 4611 stum.
380 4559 484 4612 Per
510 4573 682 4629 quem
710 4561 764 4611 te
793 4557 966 4610 Deum
991 4558 1209 4611 Patrem
1238 4555 1680 4626 omnipotentem
1705 4556 1798 4611 de-

1904 3326 2212 3380 Dominum
2241 3327 2520 3393 nostrum,
2554 3328 2894 3395 conceptum
2931 3325 3003 3379 de
3051 3326 3264 3397 Spiritu
3305 3331 3520 3395 sancto,

1906 3422 2102 3472 natum
2125 3435 2190 3471 ex
2218 3417 2392 3472 Maria
2411 3417 2649 3488 virgine,
2673 3434 2902 3487 passum
2929 3418 3031 3471 sub
3075 3420 3276 3473 Pontio
3320 3421 3521 3488 Pilato,

1904 3511 2229 3566 crucifixum
2254 3514 2310 3564 et
2331 3511 2635 3580 sepultum.
2661 3510 2964 3564 Descendit
2984 3511 3054 3565 ad
3080 3511 3325 3579 inferna,
3356 3514 3526 3568 tertia

1905 3605 1996 3659 die
2018 3603 2322 3657 resurrexit
2350 3621 2382 3657 a
2400 3603 2638 3657 mortuis
2669 3619 2682 3657 :
2717 3603 2973 3656 ascendit
2992 3603 3050 3656 in
3069 3605 3253 3671 cmlos,
3285 3604 3432 3659 sedit
3450 3606 3524 3660 ad

1906 3699 2198 3752 dexteram
2218 3696 2320 3750 Dei
2345 3696 2526 3750 Patris
2550 3696 2965 3766 omnipotentis
2991 3695 3124 3751 inde
3143 3700 3414 3752 venturus
3436 3699 3524 3769 ju-

1907 3792 2094 3846 dicare
2124 3790 2278 3844 vivos
2303 3807 2367 3844 ac
2388 3789 2688 3844 mortuos?
2715 3793 2872 3858 Resp.
2905 3789 3131 3844 Credat.

1976 3883 2167 3939 Credit
2189 3883 2246 3936 in
2278 3882 2554 3954 Spiritum
2600 3885 2882 3950 sanctum,
2924 3886 3178 3937 sanctam
3214 3884 3524 3940 Ecclesiam

1906 3977 2268 4044 catholicam,
2319 3979 2646 4031 sanctorum
2687 3976 3181 4044 communionem,
3235 3977 3524 4033 remissio-

1909 4088 2042 4125 nem
2100 4075 2485 4141 peccatorum,
2544 4069 2730 4124 carnis
2786 4070 3288 4138 resurrectionem,
3351 4070 3525 4126 vitam
3627 4139 3632 4146 η

1906 4165 2119 4219 habere
2147 4166 2275 4234 post
2303 4165 2570 4231 mortem,
2603 4162 2662 4216 in
2693 4162 2937 4234 gloriam
2958 4163 3163 4218 Christi
3187 4164 3525 4235 resurgere?

1907 4261 2062 4328 Resp.
2092 4257 2320 4312 Credat.

1975 4353 2228 4420 Baptizas
2266 4366 2404 4412 eum,
2433 4353 2484 4404 et
2513 4350 2648 4404 dicis
2681 4369 2697 4404 :
2723 4349 2950 4420 Baptizo
2979 4352 3035 4403 te
3063 4349 3120 4403 in
3154 4352 3390 4406 nomine
3419 4353 3524 4406 Pa-

1907 4444 2008 4497 tris
2037 4447 2094 4496 et
2124 4443 2244 4496 Filii
2272 4445 2329 4495 et
2349 4442 2591 4513 Spiritus
2620 4442 2818 4509 sancti,
2854 4458 3029 4495 unam
3062 4443 3371 4497 habentem
3401 4445 3527 4498 sub-

1908 4536 2198 4601 stantiam,
2246 4538 2307 4588 ut
2346 4535 2558 4589 habeas
2600 4535 2775 4588 vitam
2815 4536 3113 4601 aeternam,
3142 4538 3367 4605 partem
3395 4553 3524 4591 cum

193 4663 495 4719 precamur,
525 4617 594 4704 ξιτ
617 4649 709 4704 hic
748 4649 1020 4721 Spiritum
1049 4652 1303 4703 sanctum
1340 4617 1413 4702 in.
1425 4651 1628 4719 aquam
1657 4649 1801 4703 hanc
1821 4617 1878 4689 D
1903 4627 2140 4684 5311053-

194 4756 350 4811 super
375 4743 597 4798 mittere
624 4742 875 4812 digneris
896 4785 909 4810 ,
938 4746 1000 4796 ut
1026 4758 1411 4814 quoscumque
1439 4741 1806 4812 baptizaveri-

194 4849 312 4887 mus
339 4836 395 4889 in
431 4836 660 4892 nomine
689 4841 787 4890 tuo
814 4841 870 4890 et
895 4835 1016 4889 Filii
1054 4835 1137 4889 tui
1165 4835 1260 4889 Dei
1288 4851 1350 4889 ac
1379 4833 1600 4888 Domini
1630 4836 1807 4889 nostri

195 4927 311 4981 Jesu
333 4929 535 4984 Christi
565 4934 619 4984 et
644 4929 884 5001 Spiritus
930 4929 1126 4995 sancti,
1155 4927 1458 4999 puriﬁcans
1484 4945 1546 4982 ac
1577 4945 1810 4998 regene-

195 5034 313 5074 rans
335 5023 570 5094 accipias
597 5039 690 5077 eos
729 5022 790 5076 in
818 5037 1058 5076 numero
1096 5021 1431 5076 Sanctorum
1457 5026 1686 5076 tuorum
1712 5064 1724 5090 ,
1754 5025 1810 5076 et

197 5127 536 5170 consummes
562 5115 620 5169 in
665 5114 878 5186 Spiritu
905 5119 1003 5169 tuo
1030 5118 1222 5169 sancto
1250 5115 1309 5168 in
1338 5115 1507 5170 vitam
1539 5119 1807 5168 aeternam

198 5203 250 5257 in
273 5208 468 5261 sazcula
496 5209 852 5262 saeculorum.

263 5301 452 5355 Deinde
476 5304 532 5356 in
558 5303 706 5369 fonte
741 5302 972 5355 chrisma
1001 5301 1309 5354 decurrente
1329 5343 1344 5362 ,
1375 5302 1586 5369 signum
1611 5309 1647 5370 -ι-
1671 5302 1810 5367 facis

199 5395 244 5442 et
283 5392 408 5447 dicis
451 5407 468 5442 :
509 5393 718 5448 Infusio
770 5393 1032 5447 chrisma:
1071 5393 1329 5447 salutaris
1373 5393 1594 5447 Domini
1631 5393 1809 5448 nostri

200 5483 318 5538 Iesu
343 5485 566 5556 Christi,
597 5490 662 5541 ut
687 5486 786 5541 ﬁas
811 5487 934 5540 fons
961 5502 1125 5557 aquae
1163 5485 1301 5539 vivze
1329 5485 1576 5542 salientis
1600 5486 1812 5541 cunctis

202 5577 539 5633 venientibus
564 5579 622 5633 in
649 5579 823 5634 vitam
853 5584 1143 5634 zeternam.

267 5671 383 5725 Post
417 5673 524 5726 haec
551 5673 692 5728 dices
720 5691 736 5727 :
767 5673 1041 5742 Admitte,
1069 5688 1424 5745 quaesumus,
1458 5673 1813 5745 omnipotens

211 5760 364 5830 Deus,
390 5764 660 5821 familiam
691 5770 847 5821 tuam
883 5766 955 5821 ad
987 5767 1203 5821 fontem
1240 5765 1434 5821 salutis
1462 5770 1686 5822 aeternae
1703 5784 1720 5836 ;
1749 5772 1812 5823 ut

272 5913 293 5942 ⁸
331 5914 403 5971 ita
430 5916 488 5972 in
523 5916 801 5972 Gallicano
827 5916 1043 5989 Missali,
1072 5934 1128 5990 p.
1160 5919 1280 5973 362.

1979 4721 2263 4791 Suffundis
2285 4720 2516 4775 chrisma
2542 4721 2599 4773 in
2617 4722 2798 4787 fronte
2824 4720 2962 4788 ejus,
2992 4703 3220 4775 dicens:
3245 4722 3392 4776 Deus
3420 4725 3522 4779 Pa-

1908 4820 1996 4870 ter
2020 4815 2249 4870 Domini
2269 4813 2450 4868 nostri
2478 4814 2608 4868 Jesu
2652 4812 2877 4880 Christi,
2924 4813 3020 4884 qui
3064 4815 3122 4866 te
3168 4816 3529 4884 regeneravit

1909 4926 2012 4980 per
2038 4925 2245 4980 aquam
2274 4911 2328 4961 et
2353 4907 2630 4978 Spiritum
2670 4910 2949 4972 sanctum,
2981 4905 3249 4977 quicquid
3277 4908 3378 4962 tibi
3426 4909 3524 4963 de-

1911 5003 2010 5068 dit,
2044 5001 2440 5056 remissionem
2455 5005 2818 5071 peccatorum
2846 5019 2950 5073 per
2969 5004 3257 5056 lavacrum
3285 5019 3527 5073 regene-

1910 5095 2145 5149 rationis
2191 5098 2248 5147 et
2295 5094 2657 5164 sanguinem,
2685 5100 2722 5162 ·ξ·
2760 5095 2879 5164 ipse
2916 5098 2972 5149 te
3020 5095 3184 5149 liniat
3222 5095 3528 5150 chrismate

1910 5205 2010 5242 suo
2032 5191 2227 5242 sancto
2255 5187 2313 5241 in
2340 5187 2516 5241 vitam
2545 5189 2842 5242 aeternam.

1980 5281 2346 5350 Superindues
2366 5295 2484 5334 eum
2501 5280 2712 5335 dicens:
2739 5279 2943 5352 Accipe
2964 5284 3176 5335 vestem
3199 5282 3528 5350 candidam,

1911 5390 2085 5444 quam
2114 5373 2544 5426 immaculatam
2574 5374 2832 5443 perferas
2859 5377 2990 5428 ante
3023 5374 3274 5429 tribunal
3301 5376 3528 5432 Christi.

2281 5482 2526 5533 Collectio
2553 5483 2617 5533 ad
2646 5484 2804 5548 pedes
2831 5484 3078 5535 lavandos
3095 5485 3139 5534 ι).

1984 5579 2102 5649 Ego
2129 5576 2230 5631 tibi
2263 5577 2392 5632 labo
2432 5577 2628 5647 pedes,
2662 5577 2805 5632 sicut
2841 5578 3118 5633 Dominus
3149 5583 3344 5633 noster
3373 5581 3530 5633 Jesus

1914 5670 2166 5726 Christus
2193 5671 2329 5725 fecit
2353 5670 2642 5740 discipulis
2672 5670 2807 5737 suis,
2838 5671 2914 5726 ita
2932 5673 2992 5726 tu
3018 5671 3193 5726 facias
3217 5669 3530 5740 hospitibus

1915 5767 1972 5818 et
1997 5763 2330 5834 peregrinis.

1990 5916 2014 5956 δ
2045 5915 2219 5988 Hujus
2250 5916 2390 5972 item
2419 5916 2783 5986 lotionis,sed
2802 5919 2931 5990 post
2946 5914 3088 5970 alba
3117 5909 3282 5968 vestis
3297 5907 3529 5980 imposi-
