3970 6430
425 395 524 448 503

1287 387 1620 446 APPENDIX
1656 389 1743 444 AD
1779 385 2000 443 OPERA
2035 383 2089 440 S.
2129 385 2428 442 GERMANI
2466 386 2892 443 PARJSIENSIS.

3683 383 3798 440 504

491 497 768 558 Dominus
821 503 1018 554 noster
1043 497 1203 554 Jesus
1251 495 1506 553 Christus
1546 495 1616 551 de
1660 494 1874 550 linteo‘
1925 509 2036 565 quo
2060 501 2120 578 Α
2141 495 2378 550 consilio
2400 499 2653 567 accepto,
2679 491 2984 566 pecuniam
2999 490 3295 564 copiosam
3311 490 3610 547 dederunt
3629 489 3802 547 mili-

419 596 544 650 erat
567 593 920 664 praecinctus,
953 590 1114 646 tersit
1139 589 1316 662 pedes
1347 589 1758 661 discipulorum
1779 604 2034 655 suorum,

418 690 476 742 et
501 702 606 758 ego
633 684 779 740 facio
809 683 915 739 tibi
948 701 960 741 :
994 688 1056 740 tu
1081 683 1256 740 facies
1284 683 1604 756 peregrinis
1627 682 1946 754 hospitibus
1980 685 2038 736 et

414 778 777 852 pauperibus.

983 849 1102 900 Post
1125 847 1458 911 baptismum.

481 934 704 990 Laudes
730 935 788 988 et
812 931 1023 1004 gratias
1052 932 1292 986 Domino
1328 932 1668 997 referamus,
1710 930 1914 983 fratres
1949 927 2034 982 di-

411 1027 724 1095 lectissimi,
767 1026 922 1098 quod
957 1042 1170 1095 augere
1211 1025 1479 1096 dignatus
1516 1027 1602 1078 est
1631 1021 1889 1078 Ecclesiae
1921 1037 2037 1076 suae

412 1121 925 1194 congregationem
944 1135 1047 1190 per
1068 1135 1230 1174 caros
1258 1121 1502 1186 nostros,
1527 1117 1626 1188 qui
1642 1116 1818 1171 modo
1848 1113 2036 1186 bapti-

413 1215 523 1271 zati
553 1217 702 1270 sunt.
730 1215 998 1268 Petamus
1029 1229 1166 1284 ergo
1189 1213 1258 1268 de
1280 1211 1512 1266 Domini
1533 1209 1947 1275 misericordia,
1977 1211 2040 1261 ut

411 1307 763 1380 baptismum
809 1310 1071 1362 sanctum
1111 1305 1266 1377 quod
1299 1307 1660 1375 acceperunt,
1709 1302 2034 1367 inlibatum,

413 1401 774 1467 inviolatum,
822 1403 880 1455 et
919 1400 1357 1455 immaculatum
1412 1399 1708 1469 perferant
1762 1398 1895 1450 ante
1943 1393 2038 1448 tri-

414 1495 590 1551 bunal
617 1494 841 1550 Christi.
1221 1555 1224 1558 ,
1390 1552 1403 1562 _

1098 1565 1223 1613 item
1249 1562 1366 1612 alia.

481 1647 725 1704 Domine
774 1647 923 1700 Deus
975 1643 1360 1715 omnipotens,
1403 1641 1650 1696 famulos
1699 1644 1846 1707 tuos,
1896 1654 2038 1710 quos

406 1741 624 1813 jussisti
651 1738 876 1795 renasci
905 1754 972 1792 ex
1001 1754 1152 1809 aqua
1173 1740 1230 1790 et
1259 1735 1474 1807 Spiritu
1505 1738 1723 1801 sancto,
1766 1748 2038 1788 conserva

411 1835 472 1890 in
494 1835 578 1890 eis
605 1833 956 1906 baptismum
980 1835 1241 1887 sanctum
1263 1829 1419 1902 quod
1467 1831 1830 1900 acceperunt,
1875 1829 1933 1880 et
1977 1825 2037 1879 in

415 1871 472 1890 ιιι
494 1871 578 1890 οη
605 1871 956 1906 “arma”...
980 1871 1241 1887 suum“...
1265 1871 1419 1902 νυν.
1467 1871 1830 1900 υνννιιν.,..--,
1877 1871 1932 1880 ν-
1977 1871 2037 1879 ---

415 1927 666 1984 nominis
706 1926 791 1982 tui
829 1924 1340 1981 sanctificationem
1377 1923 1652 1993 perﬁcere
1684 1920 1954 1991 dignare;
1978 1871 2115 1972 utB

413 2020 750 2094 proficiatin
769 2020 898 2074 illos
915 2017 1102 2090 gratia
1126 2021 1220 2071 tua
1248 2033 1497 2086 semper,
1526 2019 1583 2068 et
1623 2013 1778 2084 quod
1817 2015 1874 2066 te
1905 2014 2038 2066 ante

417 2112 670 2168 donante
683 2108 1208 2182 susceperunt,vitaa
1222 2125 1337 2163 sua:
1349 2107 1682 2178 integritate
1695 2103 2036 2160 custodiant.

827 2237 986 2278 MISSA
1023 2237 1076 2277 lN
1115 2234 1330 2275 VIGILllS
1369 2233 1610 2274 PASCHJE.

671 2308 900 2373 Epistola
921 2307 1064 2358 Pauli
1085 2307 1306 2372 apostoli
1331 2306 1397 2356 ad
1421 2305 1712 2356 Corinthios
1727 2316 1772 2356 δ.

487 2387 730 2452 Fratres,
777 2385 932 2439 bona
977 2383 1242 2454 gloriatio
1287 2385 1475 2435 vestra
1515 2381 1576 2435 in
1623 2379 1846 2435 Christo
1885 2379 2036 2432 Jesu.

415 2479 650 2536 Nescitis
689 2477 824 2551 quia
858 2476 1150 2532 modicum
1193 2476 1545 2530 fermentum
1586 2476 1769 2527 totam
1791 2487 2040 2526 massam

415 2571 769 2644 corrumpit?
819 2572 1143 2642 Expurgate
1181 2571 1342 2624 vetus
1385 2569 1762 2632 fermentum,
1814 2569 1876 2619 ut
1919 2565 2039 2618 sitis

415 2683 560 2722 nova
586 2663 937 2736 consparsio,
969 2663 1114 2717 sicut
1134 2661 1269 2716 estis
1299 2661 1504 2732 azymi.
1553 2659 1781 2715 Etenim
1828 2659 2040 2728 pascha

415 2762 676 2814 nostrum
702 2758 1014 2812 inmolatus
1035 2759 1122 2809 est
1147 2755 1416 2810 Christus.
1445 2756 1640 2824 Itaque
1684 2751 2037 2806 sollemnita-

413 2856 534 2907 tem
555 2851 930 2916 celebremus,
959 2865 1075 2904 non
1104 2848 1164 2902 in
1185 2849 1474 2902 fermento
1513 2845 1710 2911 veteri,
1759 2861 1947 2915 neque
1979 2842 2040 2898 in

415 2946 703 3001 fermento
731 2943 966 2998 malitiae
998 2945 1055 2995 et
1076 2941 1364 3012 nequitiis,
1396 2939 1496 2994 sed
1526 2939 1584 2994 in
1617 2937 1831 3009 azymis
1855 2936 2039 2991 since-

417 3038 600 3094 ritatis
627 3035 968 3091 et-veritatis
997 3035 1054 3089 in
1086 3035 1308 3091 Christo
1337 3036 1488 3090 Jesu.

570 3129 746 3180 Lectio
780 3128 942 3178 sancti
965 3127 1226 3188 Evangelii
1257 3127 1544 3178 secundum
1573 3125 1884 3174 Matthzeum.

487 3205 733 3276 Vespere
778 3205 968 3257 autem
1013 3201 1254 3268 sabbati,
1298 3216 1426 3272 quas
1470 3199 1703 3254 lucescit
1750 3199 1808 3252 in
1855 3198 2040 3270 prima
2061 3240 2116 3314 Ο

487 3297 536 3314 I1
600 3297 635 3314 ι’
733 3313 740 3314 ,
801 3296 835 3314 ἰ
870 3297 916 3314 ll'
958 3295 1019 3314 H9,
1067 3296 1135 3314 Il,
1167 3311 1179 3314 Α
1208 3295 1397 3314 jnl___u
1465 3297 1509 3314 ΑΛ
1548 3294 1716 3314 -Il__-
1757 3292 1921 3314 II’-_!-
1959 3291 2008 3314 --Ζ

417 3297 658 3364 sabbati,
685 3296 842 3350 venit
868 3295 1040 3351 Maria
1067 3295 1424 3366 Magdalene,
1458 3297 1516 3348 et
1544 3294 1723 3347 altera
1756 3292 1930 3347 Maria
1959 3291 2038 3345 vi-

419 3393 557 3446 dere
575 3392 916 3462 sepulcrum.
933 3391 1073 3443 Ecce
1093 3393 1260 3443 terrae
1275 3391 1464 3442 motus
1476 3388 1658 3441 factus
1679 3389 2037 3455 estmagnus.

415 3466 668 3556 Angelus
683 3483 839 3538 enim
863 3482 1093 3538 Domini
1106 3480 1400 3538 descendit
1417 3481 1487 3535 de
1505 3481 1662 3547 caelo,
1692 3483 1750 3534 et
1765 3479 2042 3533 accedens

418 3577 654 3634 revolvit
681 3576 952 3648 lapidem,
977 3580 1035 3631 et
1061 3575 1295 3632 sedebat
1321 3591 1492 3646 super
1511 3591 1665 3628 eum.
1687 3575 1822 3628 Erat
1847 3576 2041 3627 autem

420 3675 680 3743 aspectus
699 3671 821 3742 ejus
847 3670 990 3725 sicut
1010 3671 1220 3741 fulgur,
1251 3672 1308 3724 et
1329 3667 1732 3722 vestimentum
1757 3667 1878 3738 ejus
1901 3666 2044 3722 sicut

422 3766 534 3822 nix.
561 3767 680 3820 Prae
702 3763 912 3820 timore
941 3767 1136 3819 autem
1165 3763 1288 3834 ejus
1319 3760 1570 3816 exterriti
1597 3763 1728 3814 sunt
1757 3761 2040 3828 custodes,

420 3864 478 3916 et
489 3859 624 3915 facti
644 3859 941 3913 suntvelut
953 3856 1184 3912 mortui.
1207 3854 1582 3926 Respondens
1596 3857 1790 3908 autem
1803 3854 2044 3924 angelus

421 3952 561 4010 dixit
583 3951 956 4006 mulieribus:
981 3949 1164 4004 Nolite
1185 3949 1390 4002 timere
1405 3964 1521 4002 vos.
1551 3947 1674 4003 Scio
1703 3947 1859 4002 enim
1889 3947 2042 4018 quod

422 4046 521 4120 qui
539 4047 734 4102 Iesum
759 4043 1056 4099 cruciﬁxus
1087 4045 1172 4096 est
1196 4040 1466 4114 quaeritis.
1499 4043 1622 4096 Non
1669 4044 1756 4096 est
1791 4041 2042 4108 hic,sur-

419 4139 566 4195 rexit
589 4137 735 4192 sicut
760 4135 898 4191 dixit
925 4153 938 4192 :
961 4135 1160 4190 Venite
1189 4137 1247 4188 et
1269 4135 1455 4190 videte
1489 4136 1679 4189 locum
1708 4133 1803 4188 ubi
1828 4133 2045 4205 positus

424 4236 550 4286 erat
586 4231 890 4296 Dominus;
931 4234 988 4284 et
1023 4229 1134 4284 cito
1163 4232 1361 4284 euntes
1386 4229 1556 4284 dicite
1584 4227 1873 4299 discipulis
1901 4227 2042 4297 ejus,

424 4325 560 4398 quia
583 4325 824 4380 surrexit
849 4328 905 4378 et
926 4323 1198 4402 praecedit
1222 4339 1320 4376 vos
1349 4323 1407 4376 in
1427 4321 1666 4388 Galilea,
1695 4321 1772 4374 ibi
1805 4337 1936 4374 eum
1961 4321 2041 4374 vi-

422 4418 646 4475 debitis.
681 4420 820 4473 Ecce
843 4418 958 4472 dixi
979 4416 1156 4472 vobis.
1185 4419 1253 4470 Et
1279 4416 1539 4470 exierunt
1579 4414 1691 4468 cito
1721 4413 1792 4467 de
1840 4430 2043 4468 monu-

421 4517 620 4568 mento
641 4529 770 4567 cum
789 4511 996 4566 timore
1015 4515 1072 4566 et
1092 4527 1307 4582 magno
1325 4499 1558 4580 gaudio,
1583 4511 1876 4562 currentes
1903 4525 2046 4562 nun-

2137 589 2306 656 tibus,
2331 588 2616 643 dicentes:
2662 587 2841 642 Dicite
2868 586 3002 658 quia
3034 586 3295 658 discipuli
3322 587 3448 656 ejus
3479 587 3657 641 nocte
3690 601 3798 641 ve-

2139 684 2366 748 nerunt,
2405 685 2462 736 et
2481 681 2653 736 furati
2678 685 2811 735 sunt
2829 697 2961 735 eum
2985 680 3154 736 nobis
3165 679 3622 737 dormientibus.
3647 680 3720 734 Et
3750 679 3802 736 si

2053 803 2072 817 -
2139 777 2246 830 hoc
2261 775 2522 830 auditum
2549 775 2724 830 fuerit
2743 791 2775 829 a
2795 775 3058 846 prmside,
3078 791 3198 829 non
3219 773 3606 828 suadebimus
3634 773 3711 840 ei,
3739 777 3804 828 et

2139 885 2366 924 securos
2391 885 2490 924 vos
2507 869 2804 924 faciemus.
2818 868 2980 924 Atilii
3003 872 3236 940 accepta
3249 867 3501 939 pecunia
3519 868 3804 922 fecerunt

2139 963 2281 1018 sicut
2307 967 2472 1017 erant
2503 963 2710 1030 edocti,
2741 965 2799 1017 et
2830 963 3200 1032 devulgatum
3231 965 3316 1016 est
3343 961 3593 1015 verbum
3635 961 3800 1016 istud

2139 1057 2290 1128 apud
2309 1057 2534 1112 Judwos
2563 1043 2740 1127 usque
2771 1055 2828 1111 in
2879 1057 3228 1110 hodiernum
3271 1055 3450 1110 diem.
3494 1055 3799 1110 Undecim

2139 1154 2330 1206 autem
2359 1150 2618 1222 discipuli
2645 1150 2909 1204 abierunt
2937 1149 2994 1203 in
3017 1149 3335 1216 Galilaeam,
3367 1149 3427 1203 in
3451 1152 3664 1204 monte
3695 1149 3803 1204 ubi

2139 1243 2512 1298 constituerat
2549 1243 2656 1297 illis
2697 1243 2971 1298 Dominus
3009 1245 3186 1298 Jesus.
3230 1244 3300 1296 Et
3335 1243 3609 1296 videntes
3655 1259 3801 1297 eum

2139 1338 2542 1404 adoraverunt,
2584 1335 2816 1407 quidam
2847 1340 3041 1390 autem
3074 1336 3506 1390 dubitaverunt.
3527 1337 3604 1390 Et
3626 1353 3800 1390 acce-

2139 1431 2281 1484 dens
2307 1429 2585 1484 Dominus
2615 1431 2775 1484 Jesus
2807 1431 3028 1484 locutus
3048 1433 3134 1484 est
3160 1429 3242 1483 eis
3271 1429 3506 1484 dicens:
3538 1431 3691 1485 Data
3710 1434 3804 1484 est

2137 1523 2282 1578 mihi
2324 1523 2514 1578 omnis
2564 1526 2820 1594 potestas
2859 1523 2918 1578 in
2957 1524 3096 1577 calo
3146 1527 3205 1576 et
3249 1523 3309 1576 in
3354 1526 3531 1577 terra.
3567 1524 3801 1577 Euntes

2139 1634 2276 1688 ergo
2297 1617 2498 1671 docete
2527 1633 2730 1671 omnes
2757 1620 2978 1688 gentes,
3026 1615 3387 1687 baptizantes
3431 1633 3534 1670 eos
3582 1615 3648 1671 in
3694 1633 3804 1672 no-

2140 1711 2296 1764 mine
2326 1711 2508 1765 Patris
2529 1715 2586 1764 et
2613 1710 2732 1764 Filii
2761 1714 2818 1765 et
2847 1710 3091 1781 Spiritus
3120 1709 3324 1777 sancti,
3369 1709 3656 1765 docentes
3694 1726 3804 1766 eos

2139 1820 2362 1858 servare
2395 1803 2592 1859 omnia
2618 1819 2994 1874 quaecumque
3026 1803 3302 1858 mandavi
3331 1803 3515 1859 vobis.
3551 1803 3628 1858 Et
3659 1819 3802 1858 ecce

2139 1913 2246 1966 ego
2277 1897 2568 1952 vobiscum
2598 1913 2725 1951 sum
2759 1897 3028 1952 omnibus
3064 1896 3266 1952 diebus
3305 1913 3490 1968 usque
3535 1897 3617 1952 ad
3661 1912 3805 1952 con-

2139 1990 2590 2045 summationem
2618 1989 2826 2045 saeculi.

2687 2119 2696 2128 '
2748 2133 2946 2174 INCIPIT
2985 2134 3164 2174 MISSA.

2213 2229 2591 2300 Omnipotens
2620 2229 2970 2301 sempiterne
3002 2231 3171 2296 Deus,
3205 2229 3304 2302 qui
3333 2230 3483 2286 hanc
3513 2233 3806 2288 sacratis-

2140 2323 2347 2378 simam
2377 2327 2606 2378 noctem
2642 2340 2746 2394 per
2771 2324 3037 2378 universa
3057 2323 3265 2378 mundi
3295 2324 3483 2396 spatia
3517 2325 3811 2397 gloriosas

2139 2417 2452 2472 Dominicae
2469 2416 3208 2485 resurrectionisinlustras,
3237 2434 3518 2473 conserva
3544 2419 3610 2474 in
3647 2437 3810 2476 nova

2143 2511 2371 2566 familia)
2391 2514 2502 2565 tuae
2525 2511 2798 2582 progenie
2821 2511 3291 2566 sanctificationis
3315 2512 3588 2583 spiritum
3613 2531 3806 2585 quem

2142 2604 2369 2673 dedisti,
2408 2608 2470 2659 ut
2509 2621 2746 2675 corpore
2790 2608 2847 2658 et
2883 2608 3080 2658 mente
3109 2605 3394 2672 renovati,
3427 2623 3654 2677 puram
3697 2608 3807 2663 tibi

2142 2697 2395 2752 animam
2428 2700 2486 2752 et
2509 2715 2718 2769 purum
2747 2701 2942 2769 pectus
2964 2714 3196 2770 semper
3221 2699 3557 2755 exhibeant.

2815 2816 3086 2867 Collectio.

2211 2914 2376 2979 Deus,
2417 2912 2517 2983 qui
2546 2913 2695 2966 hanc
2743 2913 3187 2968 sacratissimam
3233 2918 3468 2971 noctem
3519 2917 3813 2989 gloriosas

2142 3006 2444 3062 dominicae
2474 3005 2909 3061 resurrectionis
2936 3007 3226 3077 inlustras,
3259 3025 3543 3065 conserva
3577 3011 3646 3066 in
3697 3029 3810 3069 no-

2141 3117 2209 3154 va
2238 3099 2474 3154 familiae
2495 3103 2607 3154 tuae
2638 3097 2915 3172 progenie
2945 3101 3277 3172 adoptionis
3300 3103 3572 3174 spiritum
3614 3123 3812 3178 quem

2142 3193 2368 3260 dedisti,
2399 3197 2460 3247 ut
2481 3209 2718 3264 corpore
2753 3197 2808 3248 et
2839 3198 3036 3249 mente
3069 3212 3278 3266 puram
3323 3197 3430 3252 tibi
3475 3198 3814 3256 exhibeant

2143 3286 2494 3340 servitutem.
2914 3316 2920 3324 -

2758 3357 2878 3406 Post
2903 3357 3138 3408 nomina.

2212 3453 2380 3518 Deus,
2420 3451 2578 3522 cujus
2611 3468 2853 3506 munere
2899 3452 3197 3508 adoranda
3239 3454 3618 3527 baptismatis
3672 3465 3818 3515 sunt

2145 3545 2456 3616 adimpleta
2483 3546 2778 3616 mysteria,
2803 3547 3054 3601 concede
3082 3549 3298 3618 populo
3328 3552 3430 3604 tuo
3487 3551 3818 3622 originalis

2145 3638 2336 3694 delicti
2355 3655 2547 3693 errore
2565 3639 2866 3706 mundato,
2896 3643 3024 3711 post
3052 3642 3513 3698 sacratissimum
3541 3645 3812 3716 fontem,

2143 3735 2356 3786 terram
2398 3735 2510 3785 tua:
2541 3733 2937 3803 promissionis
2980 3733 3218 3802 intrare,
3263 3739 3328 3790 ut
3373 3737 3568 3794 dulcia
3599 3757 3812 3798 sacra-

2144 3828 2474 3880 mentorum
2505 3828 2736 3881 tuorum
2766 3826 3040 3882 alimenta
3070 3827 3412 3900 percipiant.

2809 3935 2885 3986 Ad
2909 3950 3116 4000 pacem.

2217 4028 2467 4102 Suscipe,
2498 4030 2761 4098 Domine,
2795 4048 2995 4102 preces
3026 4032 3226 4104 populi
3256 4033 3340 4088 tui
3377 4050 3513 4090 cum
3553 4037 3820 4096 oblatio-

2147 4121 2312 4176 nibus
2348 4123 2665 4179 hostiarum
2698 4128 2760 4178 ut
2798 4125 3166 4180 Paschalibus
3200 4126 3428 4182 initiata
3478 4133 3816 4203 mysteriis,

2146 4214 2217 4268 ad
2230 4217 2567 4272 aeternitatis
2585 4217 2750 4273 nobis
2762 4217 3060 4273 medillam
3074 4223 3130 4273 te
3149 4224 3432 4292 operante
3455 4223 3812 4294 proﬁciant.

2789 4329 3126 4380 Contestatio.

2214 4421 2358 4474 Vere
2388 4420 2628 4491 dignum
2654 4425 2710 4476 et
2728 4422 2948 4493 justum
2979 4427 3084 4491 est,
3121 4425 3511 4499 omnipotens.
3534 4431 3726 4503 Deus,
3758 4439 3816 4490 te

2148 4511 2382 4583 quidem
2407 4513 2567 4568 omni
2585 4518 2867 4586 tempore,
2883 4517 2983 4572 sed
3005 4517 3064 4572 in
3086 4519 3194 4574 hac
3206 4521 3586 4592 potissimum
3603 4533 3814 4596 nocte,

420 4607 571 4662 ciare
593 4605 882 4678 discipulis
905 4605 1044 4676 ejus.
1067 4605 1136 4658 Et
1156 4621 1285 4658 ecce
1316 4601 1592 4657 Dominus
1615 4603 1773 4656 Jesus
1803 4601 2046 4656 occurrit
2064 4613 2123 4684 Ι)
2147 4605 2448 4677 gloriosius
2459 4607 3157 4678 praedicare,cumPascha
3171 4617 3435 4670 nostrum
3451 4615 3820 4678 immolatus

419 4701 528 4757 illis
542 4700 1076 4755 dicenszAveteJllaa
1089 4701 1284 4752 autem
1301 4699 1659 4750 accesserunt
1671 4699 1727 4750 et
1741 4698 2048 4750 tenuerunt

418 4795 596 4866 pedes
634 4794 775 4864 ejus,
815 4796 872 4847 et
909 4792 1314 4846 adoraverunt.
1352 4791 1506 4845 Tunc
1531 4789 1611 4843 ait
1635 4789 1745 4842 illis
1772 4789 2046 4844 Dominus

416 4889 612 4944 Jesus:
642 4886 824 4942 Nolite
852 4885 1080 4952 timere,
1110 4885 1186 4938 ite
1215 4883 1484 4939 nunciate
1509 4882 1780 4937 fratribus
1810 4883 1956 4938 meis
1985 4887 2048 4939 ut

419 4985 555 5037 eant
576 4981 634 5036 in
654 4981 905 5046 Galilwa;
920 4979 996 5034 ibi
1013 4995 1106 5033 me
1127 4977 1418 5032 videbunt.
1444 4977 1581 5042 Quae
1602 4993 1732 5032 cum
1751 4977 2042 5045 abiissent,

419 5091 546 5129 ecce
570 5073 804 5146 quidam
827 5074 897 5128 de
927 5072 1257 5128 custodibus
1278 5074 1561 5126 venerunt
1579 5071 1636 5125 in
1659 5070 1968 5139 civitatem,
1990 5073 2048 5125 et

417 5168 832 5222 nunciaverunt
863 5166 1212 5237 principibus
1256 5165 1616 5225 sacerdotum
1662 5163 1857 5218 omnia
1889 5180 2042 5235 quae-

417 5277 662 5330 cumque
677 5260 830 5314 facta
845 5259 1095 5314 fuerant.
1114 5261 1181 5312 Et
1198 5258 1534 5331 congregati
1551 5275 1681 5312 cum
1702 5257 2042 5325 senioribus,

417 5419 661 5486 tionem,
692 5419 908 5473 mentio
928 5419 1080 5472 estin
1098 5418 1303 5474 Missali
1319 5420 1554 5475 Gothico
1575 5424 1632 5474 et
1651 5420 1710 5474 in
1725 5419 2040 5486 Gallicano;

414 5507 522 5546 nec
545 5507 661 5545 non
695 5490 753 5544 in
783 5490 1003 5562 duobus
1029 5490 1254 5544 Caesarii
1285 5491 1534 5562 episcopi
1555 5491 1904 5562 Arelatensis
1934 5509 2045 5550 ser-

416 5561 707 5628 monibus,
737 5561 836 5630 qui
866 5561 922 5616 in
947 5562 1263 5632 appendice
1294 5561 1438 5616 tOmi
1458 5563 1502 5615 V
1521 5561 1920 5630 Augustiniani
1949 5563 2045 5617 ha-

414 5634 628 5687 bentur
654 5631 856 5688 ordine
885 5631 1064 5688 168’et
1083 5636 1206 5699 257,
1231 5637 1401 5704 atque
1433 5633 1493 5704 in
1523 5647 1789 5704 sermone
1813 5633 1885 5686 ad
1907 5634 2045 5688 Neo-

414 5705 638 5773 phytos,
661 5706 842 5759 relato
866 5705 921 5759 in
945 5701 1328 5776 appendicem
1359 5703 1500 5776 tomi
1522 5703 1611 5776 _VI,
1635 5701 2043 5776 col._f2_91;liaec

415 5771 553 5849 lotio
587 5776 739 5849 apud
770 5771 1047 5849 Hispanos
1075 5776 1354 5849 abrogata
1383 5774 1491 5849 f_uit
1517 5772 1577 5826 in
1605 5771 1844 5849 concilio
1865 5774 2044 5830 Elibe-

411 5844 640 5924 r_i_tano§
668 5864 781 5924 nec
815 5844 990 5901 fiebat
1024 5844 1361 5924 in‘ecclesia
1391 5844 1654 5924 Romana
1681 5846 1742 5895 ut
1778 5849 1936 5924 patet
1976 5863 2042 5924 ex

413 5917 558 5972 libro
581 5913 642 5976 In
662 5918 732 5974 de
752 5914 1158 5989 Sacramentis,
1189 5915 1345 5988 quod
1371 5931 1511 5987 opus
1527 5913 1830 5972 Ambrosio
1840 5915 2038 5972 tribui-

2148 4704 2232 4754 est
2257 4699 2542 4755 Christus:
2568 4701 2687 4772 ipse
2718 4703 2876 4757 enim
2895 4720 3060 4759 verus
3073 4709 3156 4760 est
3178 4708 3396 4778 Agnus,
3425 4711 3531 4780 qui
3564 4712 3823 4772 abstulit

2147 4796 2382 4863 peccata
2410 4793 2634 4862 mundi,
2665 4794 2762 4866 qui
2791 4800 3044 4852 mortem
3070 4785 3332 4856 nostram
3360 4804 3694 4863 moriendo
3723 4809 3822 4865 de-

2148 4886 2367 4954 struxit,
2401 4891 2458 4941 et
2494 4887 2668 4942 vitam
2717 4891 3076 4962 resurgendo
3115 4895 3426 4966 reparavit.
3475 4872 3821 4973 Propterea

2146 4979 2391 5051 profusis
2419 4981 2780 5051 paschalibus
2811 4984 3038 5054 gaudiis
3059 4990 3214 5041 totus
3241 4988 3301 5043 in
3330 4989 3470 5045 orbe
3500 4996 3816 5052 terrarum

2147 5073 2398 5128 mundus
2417 5075 2648 5130 exultat.
2675 5075 2787 5130 Sed
2817 5081 2874 5132 et
2901 5096 3166 5151 supernae
3192 5081 3434 5138 virtutes
3468 5089 3662 5158 atque
3709 5108 3815 5147 an-

2147 5167 2345 5238 gelicze
2382 5167 2692 5222 concinunt
2732 5174 3066 5242 potestates,
3115 5175 3404 5246 hymnum
3432 5179 3650 5248 gloria:
3688 5186 3817 5240 sine

2147 5260 2464 5316 cessatione
2491 5261 2764 5318 dicentes.

2144 5421 3014 5508 tur:‘in.Africanauv'ero‘fiebat
3035 5427 3126 5508 die
3147 5430 3355 5499 Cinnae,
3382 5449 3449 5488 ex
3482 5437 3820 5508 Augustini

2146 5493 2402 5574 epistolis
2425 5494 2491 5546 54
2521 5493 3410 5574 et_§5:_Ecclesia_Gallicanahoc
3443 5504 3505 5560 in
3531 5493 3821 5570 ri‘t‘uie‘o—ii:

2146 5564 2550 5644 veniebatcum
2573 5565 2998 5644 Mediolanensi,
3019 5569 3088 5624 de
3111 5588 3224 5642 qua
3243 5573 3373 5629 vide
3412 5564 3818 5640 Ambrosium

2144 5635 2204 5690 in
2219 5634 2326 5709 lib.
2363 5635 2432 5689 de
2461 5635 2734 5709 Mysteriis
2765 5654 2888 5709 cap.
2914 5641 2964 5694 6.

2215 5706 2239 5786 ξ
2270 5708 2330 5786 in
2359 5708 2666 5786 eseniplari
2686 5706 3019 5786 constanter
3047 5713 3321 5786 scriptum
3349 5719 3550 5777 lenteo.

2143 5775 2370 5903 ἤιξε.ῗέ
2381 5775 2670 5902 ιιθαῐὶὸηθδ
2689 5783 2822 5835 sunt
2845 5798 2949 5854 pro
2983 5775 3461 5859 missa‘sequente
3480 5775 3572 5851 de
3597 5797 3819 5871 Vigilia
