3970 6412
97 431 182 484 505
567 428 1181 486 SACRAMENTARIUM
1218 429 1664 488 GALLICANUM.
1701 460 1768 473 -—
1808 435 2172 490 LECTIONES
2207 435 2298 490 DE
2334 436 2644 492 ADVENTU
2687 436 2932 493 DOMINI.

501 549 665 591 HISSA
705 551 872 593 PRIMA
908 553 997 592 DIE
1035 552 1266 594 PASCHB.

241 623 416 676 Lectio
433 625 748 688 Apocalysis
774 626 938 677 sancti
958 627 1208 678 Johannis
1233 625 1463 691 Apostoli
1481 627 1526 677 ⁸.

151 705 429 764 Revelatio
454 707 596 762 Iesu
613 707 822 763 Christi
840 723 1016 779 quam
1039 707 1199 762 dedit
1226 707 1309 762 illi
1335 709 1484 763 Deus
1509 710 1702 780 palam

91 805 254 858 facere
281 801 456 855 servis
487 801 626 869 suis,
663 817 790 872 quae
825 805 1052 872 oportet
1080 801 1202 856 ﬁeri
1233 801 1366 870 cito,
1397 805 1455 856 et
1481 801 1696 872 signifi-

92 896 218 952 cavit
239 893 473 948 mittens
501 910 611 965 per
632 896 907 965 angelum
935 911 1100 950 suum
1127 911 1289 950 servo
1317 894 1698 961 squohanni,

93 987 582 1062 quitestimonium
596 988 890 1060 perhibuit
908 988 1081 1044 verbo
1095 988 1216 1056 Dei,
1233 992 1287 1042 et
1304 988 1700 1043 testimonium

89 1087 198 1138 Jesu
221 1081 422 1138 Christi
443 1097 830 1153 quascumque
857 1081 1016 1136 vidit.
1060 1082 1264 1136 Beatus
1303 1081 1401 1152 qui
1437 1081 1596 1152 legit,
1645 1084 1703 1135 et

91 1177 174 1248 qui
195 1176 350 1231 audit
374 1175 554 1229 verba
575 1175 918 1246 prophetiae,
951 1177 1009 1229 et
1045 1177 1231 1228 servat
1257 1190 1326 1230 ea
1369 1190 1497 1246 quae
1537 1174 1596 1228 in
1631 1191 1699 1229 ea

91 1269 274 1342 scripta
304 1273 454 1323 sunt.
485 1269 742 1340 Tempus
773 1268 931 1322 enim
959 1284 1137 1340 prope
1171 1271 1273 1322 est.
1299 1268 1590 1323 Iohannes
1617 1285 1700 1322 se-

93 1368 228 1434 ptem
246 1361 511 1417 Ecclesiis
533 1378 667 1434 quas
681 1364 813 1416 sunt
828 1361 886 1416 in
914 1361 1048 1416 Asia
1075 1377 1088 1416 :
1124 1360 1310 1432 gratia
1335 1361 1490 1416 vobis
1520 1365 1576 1415 et
1592 1378 1699 1432 pax

91 1473 117 1512 ει
140 1457 246 1512 Deo
267 1456 363 1528 qui
389 1459 498 1518 est,
522 1459 584 1510 et
611 1455 709 1526 qui
739 1458 863 1508 erat
886 1457 943 1508 et
955 1454 1334 1525 quiventurus
1361 1457 1465 1520 est,
1497 1457 1598 1508 eta
1619 1471 1700 1509 se-

90 1555 226 1622 ptem
254 1549 566 1621 spiritibus,
583 1547 686 1620 qui
707 1547 764 1602 in
781 1550 1091 1618 conspectu
1110 1547 1302 1602 throni
1316 1547 1438 1618 ejus
1467 1549 1618 1615 sunt,
1641 1551 1699 1602 et

91 1645 254 1700 aJesu
283 1642 530 1710 Christo,
564 1641 666 1713 qui
709 1644 794 1695 est
838 1640 998 1695 testis
1037 1640 1240 1708 fidelis,
1281 1639 1698 1712 primogenitus

91 1741 450 1806 mortuorum,
486 1739 544 1790 et
574 1735 846 1806 princeps
891 1750 1096 1804 regum
1128 1737 1316 1801 terrae,
1361 1733 1458 1804 qui
1501 1733 1699 1788 dilexit

91 1847 195 1897 nos,
216 1833 270 1884 et
295 1828 431 1884 lavit
461 1845 570 1884 nos
594 1845 630 1882 a
651 1827 901 1899 peccatis
931 1827 1138 1881 nostris
1169 1826 1228 1880 in
1259 1825 1538 1897 sanguine
1571 1844 1692 1894 suo,

3327 441 3424 496 506

1725 553 1782 626 Α
1804 543 2025 599 hannes
2055 542 2293 616 quidem
2323 543 2630 616 baptizavit
2666 560 2836 616 aqua,
2868 560 2968 600 vos
2999 547 3194 602 autem
3236 543 3420 618 bapti-

1801 636 2070 692 zabimini
2123 637 2338 710 Spiritu
2378 641 2575 693 sancto
2612 653 2727 693 non
2753 640 2882 708 post
2904 639 3116 694 multos
3145 639 3250 694 hos
3278 639 3420 695 dies.

1799 730 1978 800 Igitur
1993 731 2090 802 qui
2104 735 2515 798 convenerant,
2531 731 2963 803 interrogabant
2977 749 3129 800 eum,
3146 732 3418 789 dicentes:

1801 823 2064 891 Domine,
2093 824 2209 878 siin
2232 828 2497 896 tempore
2526 825 2634 879 hoc
2651 826 2915 881 restitues
2935 842 3178 897 regnum
3207 825 3420 884 Israel?

1800 915 1948 970 Dixit
1991 921 2186 972 autem
2227 918 2348 972 eis:
2391 919 2516 972 Non
2553 922 2638 972 est
2675 922 2927 973 vestrum
2965 935 3129 974 nosse
3159 923 3423 991 tempora

1799 1011 1884 1065 vel
1914 1014 2210 1065 momenta
2255 1027 2380 1082 quas
2417 1013 2587 1066 Pater
2623 1013 2814 1082 posuit
2853 1012 2911 1066 in
2951 1029 3053 1067 sua
3089 1016 3370 1084 potestate
3405 1030 3418 1069 :

1801 1103 1901 1158 sed
1940 1104 2226 1175 accipietis
2257 1104 2524 1159 virtutem
2561 1107 3062 1176 supervenientem
3109 1105 3170 1160 in
3209 1123 3326 1172 vos,
3366 1109 3425 1162 et

1800 1196 1957 1251 eritis
1984 1197 2124 1251 mihi
2154 1200 2326 1252 testes
2356 1197 2412 1251 in
2440 1197 2815 1266 Hierusalem,
2849 1203 2908 1254 et
2934 1199 3093 1256 omni
3113 1199 3331 1267 Iudaea,
3365 1203 3423 1254 et

1799 1289 2078 1357 Samaria,
2108 1294 2164 1344 et
2185 1307 2364 1362 usque
2396 1291 2469 1346 ad
2495 1291 2757 1346 ultimum
2789 1296 2974 1348 terrae.

1983 1383 2158 1432 Lectio
2181 1383 2345 1432 sancti
2368 1383 2637 1448 Evangelii
2663 1385 2952 1434 secundum
2982 1386 3168 1435 Lucam
3189 1411 3229 1440 ο.

1867 1459 2148 1530 Tempore
2183 1459 2302 1526 illo,
2337 1476 2450 1513 una
2481 1459 2722 1527 sabbati,
2754 1459 2921 1515 valde
2946 1459 3214 1528 diluculo,
3255 1476 3422 1518 vene-

1798 1555 1932 1606 runt
1959 1553 2032 1607 ad
2065 1555 2531 1621 monumentum,
2581 1556 2877 1624 portantes
2919 1570 3048 1627 quae
3079 1557 3423 1626 paraverant

1797 1647 2087 1701 aromata:
2105 1649 2162 1700 et
2181 1646 2524 1701 invenerunt
2545 1646 2798 1718 lapidem
2816 1649 3137 1702 revolutum
3151 1665 3186 1702 a
3211 1664 3420 1703 monu-

1796 1742 1992 1794 mento
2016 1756 2029 1806 ;
2057 1743 2115 1793 et
2140 1739 2412 1810 ingressae
2440 1756 2558 1794 non
2579 1739 2924 1796 invenerunt
2949 1757 3152 1812 corpus
3191 1741 3422 1798 Domini

1794 1834 1944 1888 Jesu.
1977 1833 2045 1886 Et
2071 1833 2284 1887 factum
2317 1837 2402 1887 est
2428 1833 2568 1888 dum
2597 1837 2791 1888 mente
2819 1839 3201 1891 consternatae
3231 1839 3423 1891 essent

91 1928 135 1977 et
153 1923 550 1978 fecitnostrum
567 1937 822 1992 regnum
839 1921 1166 1976 sacerdotes
1185 1921 1303 1975 Deo
1320 1923 1378 1974 et
1395 1918 1546 1974 Patri
1566 1935 1694 1974 suo:
1718 1914 1774 1986 B
1799 1925 1870 1979 de
1900 1925 2029 1992 isto,
2058 1942 2187 1980 ecce
2211 1926 2324 1980 duo
2351 1925 2452 1979 viri
2486 1929 2768 1981 steterunt
2800 1927 2962 1998 juxta
3002 1927 3127 1982 illas
3173 1929 3231 1983 in
3265 1932 3421 1985 veste

89 2017 176 2089 ipsi
204 2016 380 2088 gloria
409 2019 469 2070 et
497 2015 816 2086 imperium
847 2013 906 2068 in
934 2015 1140 2069 saecula
1167 2014 1527 2068 saeculorum.
1559 2013 1699 2067 Ecce

89 2111 257 2166 veniet
283 2111 341 2164 in
371 2108 650 2176 nubibus,
679 2111 737 2162 et
759 2107 979 2162 videbit
1001 2123 1135 2162 eum
1165 2106 1354 2163 omnis
1387 2107 1603 2172 oculus,
1644 2109 1702 2160 et

89 2204 172 2276 qui
190 2219 316 2258 eum
339 2205 748 2275 pupugerunt:
781 2201 1132 2272 etplangent
1157 2217 1326 2271 super
1343 2215 1476 2254 eum
1499 2215 1700 2254 omnes

90 2298 246 2352 tribus
271 2302 459 2364 terres,
494 2295 679 2351 etiam
707 2310 901 2350 amen.
932 2295 1052 2365 Ego
1081 2311 1206 2348 sum
1232 2294 1361 2348 Alfa
1389 2292 1696 2363 etOmega,

89 2390 402 2462 principium
429 2393 490 2444 et
517 2387 675 2456 ﬁnis,
717 2387 855 2442 dicit
887 2387 1164 2442 Dominus
1201 2386 1300 2457 qui
1349 2388 1452 2453 est,
1498 2389 1557 2439 et
1600 2385 1698 2456 qui

91 2488 211 2551 erat,
238 2487 293 2538 et
317 2483 414 2555 qui
435 2485 719 2538 venturus
746 2485 832 2536 est
859 2481 1380 2552 omnipotens.Ego
1409 2479 1698 2534 Iohannes

88 2579 242 2631 frater
264 2581 450 2632 vester
475 2579 535 2630 et
560 2574 851 2646 particeps
870 2573 930 2628 in
955 2573 1323 2628 tribulatione
1339 2575 1397 2626 et
1422 2588 1603 2642 regno
1642 2575 1700 2626 et

92 2671 338 2740 patientia
352 2672 378 2725 Ι
384 2687 485 2724 esu
502 2686 516 2736 ;
542 2668 632 2723 fui
657 2668 717 2722 in
741 2667 926 2721 insula
939 2683 1065 2738 quae
1083 2666 1403 2737 appellatur
1426 2665 1698 2720 Pathmos

93 2768 299 2836 propter
319 2764 558 2818 verbum
579 2760 682 2817 Dei
711 2764 769 2814 et
793 2758 1190 2814 testimonium
1209 2761 1372 2825 Jesu;
1403 2758 1485 2812 fui
1505 2757 1562 2811 in
1583 2757 1696 2829 spi-

91 2857 184 2910 ritu
209 2857 264 2910 in
286 2855 593 2912 Dominico
623 2854 738 2920 die,
768 2855 826 2907 et
847 2852 1035 2907 audivi
1061 2855 1191 2922 post
1212 2867 1305 2905 me
1332 2867 1529 2906 vocem
1549 2849 1698 2922 Agni

92 2954 361 3022 tamquam
372 2949 527 3004 tuber.
551 2947 800 3002 dicentis
823 2963 837 3001 :
872 2945 1035 3010 Quod
1053 2945 1210 2998 vides
1233 2944 1433 3012 scribe,
1458 2948 1518 2998 et
1534 2944 1697 2998 mitte

90 3048 286 3114 septem
311 3042 586 3107 ecclesiis,
623 3040 684 3095 id
701 3044 787 3094 est
806 3040 1115 3110 Ephesum,
1145 3038 1454 3106 Zmirnam,
1477 3040 1532 3091 et
1562 3039 1695 3092 Per-

91 3153 321 3207 gamum,
354 3140 413 3191 et
434 3133 752 3200 Tiathiriaa,
782 3135 839 3186 et
855 3131 1069 3198 Sardis,
1085 3135 1144 3186 et
1161 3131 1461 3198 Fiadelﬁse,
1477 3133 1535 3184 et
1554 3131 1694 3185 Lau-

91 3231 248 3284 diciaa.
272 3231 337 3284 Et
363 3227 628 3284 converti
649 3244 743 3282 me
766 3230 827 3280 ut
842 3225 1098 3280 viderem
1112 3241 1310 3279 vocem
1324 3241 1452 3296 quae
1470 3239 1698 3279 mecum

90 3323 422 3393 loquebatur.
437 3323 762 3377 Conversus
773 3318 886 3372 vidi
903 3322 1125 3388 septem
1139 3317 1486 3372 candelabra
1501 3333 1694 3384 aurea,

89 3421 134 3468 et
157 3417 208 3470 in
236 3416 425 3471 medio
455 3413 944 3470 candelabrorum
975 3409 1229 3464 similem
1262 3410 1399 3465 Filio
1423 3410 1694 3476 hominis,

89 3509 329 3563 vestitum
365 3509 631 3562 tunicam
667 3507 932 3573 talarem,
981 3509 1039 3559 et
1074 3503 1412 3575 prmcinctus
1450 3507 1574 3558 erat
1625 3503 1699 3557 ad

89 3603 244 3657 ubera
270 3619 476 3657 zonam
503 3616 766 3656 auream.
797 3599 980 3669 Caput
1005 3601 1200 3652 autem
1245 3597 1367 3668 ejus
1405 3599 1464 3650 et
1510 3596 1697 3667 capilli

91 3695 184 3748 albi
217 3699 518 3766 tamquam
552 3693 670 3761 nix,
713 3695 770 3746 et
811 3691 954 3746 oculi
995 3690 1118 3761 ejus
1153 3693 1214 3744 ut
1238 3689 1476 3744 ﬂamma
1502 3689 1652 3760 ignis
1680 3705 1693 3745 :

92 3789 242 3857 pedes
269 3790 390 3860 ejus
420 3788 568 3843 sicut
595 3785 842 3840 uricalco
873 3783 1086 3851 turino,
1106 3783 1361 3854 projecto
1379 3782 1448 3838 de
1467 3783 1696 3837 camino

91 3882 236 3949 ignis.
265 3883 378 3937 Vox
401 3881 529 3952 ejus
547 3879 809 3934 sicutvox
829 3893 1111 3948 aquarum
1143 3877 1478 3942 multarum,
1507 3878 1565 3929 et
1593 3876 1696 3930 ha-

89 3972 240 4028 bebat
266 3974 322 4029 in
353 3975 594 4030 dextera
623 3988 800 4026 manu
829 3970 1006 4024 stillas
1027 3972 1268 4041 septem,
1288 3972 1345 4023 et
1365 3968 1436 4022 de
1455 3984 1553 4023 ore
1575 3969 1698 4039 ejus

91 4067 288 4136 gladius
313 4085 380 4122 ex
409 4070 662 4137 utraque
681 4067 842 4136 parte
861 4067 1058 4118 acutus
1080 4062 1428 4134 procedens;
1452 4065 1509 4116 et
1523 4061 1696 4116 facies

88 4160 193 4230 ejus
217 4161 357 4216 sicut
384 4161 469 4217 sol
497 4163 654 4215 lucet
680 4157 738 4212 in
767 4157 975 4212 virtute
1007 4173 1128 4212 sua.
1154 4157 1222 4210 Et
1249 4159 1311 4210 ut
1357 4155 1470 4210 vidi
1513 4155 1694 4224 illum,

87 4255 245 4309 cecidi
276 4255 348 4310 ad
376 4254 559 4326 pedes
571 4253 696 4324 ejus
715 4255 1013 4322 tamquam
1039 4253 1319 4317 mortuus,
1335 4252 1392 4303 et
1407 4249 1594 4320 posuit
1612 4266 1698 4303 su-

87 4364 272 4416 perme
291 4365 536 4404 manum
559 4362 727 4401 suam
748 4345 1046 4400 dexteram
1072 4343 1266 4397 dicens
1293 4359 1307 4396 :
1332 4343 1457 4397 Noli
1471 4342 1694 4411 timere,

88 4456 182 4509 ego
210 4458 330 4496 sum
358 4441 588 4512 primus
615 4442 673 4492 et
713 4437 1072 4503 novissimus,
1114 4451 1223 4508 ego
1268 4451 1393 4489 sum
1437 4435 1536 4506 qui
1572 4434 1696 4490 vivo

87 4550 314 4606 semper,
347 4535 446 4607 qui
466 4533 560 4590 fui
581 4535 861 4598 mortuus,
893 4533 952 4584 et
977 4546 1108 4584 ecce
1138 4528 1332 4584 vivens
1352 4545 1480 4583 sum
1510 4528 1570 4582 in
1591 4544 1694 4582 saa-

87 4627 197 4681 cula
221 4630 587 4694 saeculorum,
621 4642 815 4681 amen.

438 4714 619 4766 Lectio
643 4715 867 4764 Actuum
898 4710 1252 4778 apostolorum
1273 4709 1318 4757 b.

146 4789 394 4846 Primum
441 4789 684 4861 quidem
725 4801 1057 4842 sermonem
1099 4784 1206 4839 feci
1244 4783 1315 4838 de
1343 4781 1628 4850 omnibus,
1665 4799 1698 4838 ο

84 4881 334 4953 Theofile,
370 4899 501 4955 quae
515 4880 686 4953 coepit
717 4882 880 4936 Iesus
905 4879 1094 4933 facere
1123 4881 1181 4931 et
1203 4877 1409 4931 docere
1432 4892 1612 4946 usque
1638 4875 1697 4930 in

85 4975 238 5043 diem,
277 4993 392 5048 qua
424 4974 768 5048 praecipiens
799 4970 1073 5044 apostolis
1117 4987 1220 5041 per
1255 4969 1530 5040 Spiritum
1565 4986 1694 5024 san-

85 5070 244 5135 ctum,
275 5086 419 5141 quos
441 5067 640 5138 elegit,
671 5067 1010 5136 adsumptus
1047 5067 1150 5118 est.
1202 5062 1417 5128 Quibus
1455 5061 1700 5133 praebuit

86 5161 315 5232 seipsum
341 5163 538 5217 vivum
553 5164 680 5233 post
705 5158 1030 5230 passionem
1053 5173 1218 5212 suam
1238 5156 1297 5210 in
1319 5155 1512 5210 multis
1525 5171 1696 5226 argu-

86 5256 294 5325 mentis,
311 5273 414 5328 per
427 5255 554 5310 dies
567 5252 950 5326 quadraginta
963 5267 1247 5322 apparens
1265 5248 1364 5316 eis,
1383 5251 1440 5303 et
1456 5250 1698 5320 loquens

87 5347 146 5400 de
174 5365 348 5420 regno
374 5348 500 5404 Dei.
523 5348 590 5402 Et
618 5363 964 5402 convescens
992 5343 1266 5416 przeccpit
1295 5342 1376 5397 eis
1398 5341 1469 5396 ab
1506 5341 1699 5396 Hieru-

86 5442 302 5512 solymis
325 5460 400 5498 ne
433 5441 817 5507 discederent,
849 5438 948 5493 sed
974 5439 1340 5509 expectarent
1364 5433 1696 5507 promissio-

88 5551 206 5590 nem
235 5537 435 5603 Patris,
469 5551 646 5606 quam
672 5533 908 5589 audistis
938 5549 1043 5603 per
1071 5548 1134 5586 os
1157 5546 1356 5585 meum
1387 5545 1400 5584 :
1433 5528 1569 5600 quia
1601 5530 1695 5583 Jo-

147 5673 169 5701 ·
210 5669 303 5723 Hae
342 5668 646 5724 Lectiones
687 5667 827 5738 item
869 5683 974 5738 pro
1012 5665 1186 5738 missa
1225 5665 1520 5738 sequente.
1551 5662 1697 5718 Nam

87 5739 365 5794 Lectiones
387 5757 453 5795 ex
482 5737 826 5809 Apocalypsi
855 5733 912 5792 et
946 5754 1011 5792 ex
1034 5737 1187 5792 Actis
1221 5733 1624 5806 Apostolorum
1665 5749 1698 5788 a

89 5810 168 5864 die
195 5811 420 5866 Pascha“:
445 5808 824 5880 incipiebant.

147 5881 172 5920 δ
197 5873 658 5947 Αυκαδὶίῠιιε,’ίῐι
683 5895 945 5934 sermone
972 5879 1006 5932 4
1035 5877 1107 5932 de
1131 5876 1405 5932 Paschate
1427 5891 1448 5947 4:
1481 5895 1508 5924 ‹‹
1532 5873 1696 5930 Modo

89 5951 271 6025 incipit
284 5945 439 6010 liber
465 5945 574 6010 iste
594 5949 710 6022 legi
727 5966 740 6021 ί
766 5949 937 6008 hodie
967 5947 1135 6022 coepit
1151 5947 1318 6021 liber,
1343 5945 1441 6020 qui
1465 5948 1698 6006 vocatur

1717 4646 1776 4718 D

1798 2017 2059 2088 fulgenti.
2083 2019 2225 2074 Cum
2242 2018 2519 2073 timerent
2531 2022 2745 2087 autem,
2761 2023 2818 2074 et
2835 2020 3188 2076 declinarent
3205 2023 3422 2077 vultum

1796 2110 1856 2165 in
1887 2113 2060 2177 terra,
2091 2111 2356 2165 dixerunt
2374 2111 2449 2166 ad
2475 2110 2600 2165 illas
2629 2129 2642 2166 :
2667 2111 2816 2176 Quid
2847 2113 3099 2182 quaeritis
3134 2113 3423 2170 viventem

1797 2220 1929 2258 cum
1951 2203 2192 2260 mortuis
2217 2203 2244 2258 ?
2277 2205 2401 2259 Non
2440 2208 2527 2259 est
2562 2204 2675 2272 hic,
2714 2205 2815 2259 sed
2845 2205 3106 2260 surrexit.
3146 2206 3425 2262 Recorda-

1798 2296 1942 2351 mini
1967 2297 2212 2368 qualiter
2239 2297 2461 2351 locutus
2487 2300 2573 2352 est
2595 2296 2772 2364 vobis,
2805 2314 2935 2352 cum
2964 2298 3152 2354 adhuc
3181 2299 3242 2354 in
3273 2298 3422 2355 Gali-

1797 2390 1904 2444 laaa
1933 2393 2100 2457 esset,
2130 2389 2344 2452 dicens,
2377 2390 2510 2461 quia
2532 2394 2760 2461 oportet
2787 2391 2970 2445 filium
2995 2393 3247 2447 hominis
3273 2391 3423 2448 tradi

1799 2483 1858 2536 in
1883 2498 2090 2536 manus
2121 2483 2422 2537 hominum
2443 2487 2830 2554 peccatorum,
2847 2487 2904 2538 et
2927 2485 3199 2556 cruciﬁgi,
3232 2488 3289 2540 et
3314 2489 3423 2540 ter-

1799 2575 1877 2630 tia
1904 2575 1995 2629 die
2012 2591 2331 2646 resurgere.
2357 2575 2755 2630 Etrecordatze
2777 2579 2910 2630 sunt
2937 2577 3241 2632 verborum
3274 2578 3417 2649 ejus,

1799 2671 1856 2722 et
1896 2684 2139 2739 egressu:
2171 2672 2303 2722 sunt
2337 2685 2370 2723 a
2400 2672 2803 2736 monumento,
2845 2670 3260 2724 nunciaverunt
3295 2671 3419 2726 haec

1799 2761 1996 2815 omnia
2016 2761 2125 2815 illis
2147 2760 2417 2816 undecim
2448 2765 2503 2816 et
2524 2762 2725 2816 ceteris
2752 2762 3036 2817 omnibus.
3071 2765 3216 2819 ERAT
3241 2780 3419 2822 mrem

1796 2854 1969 2908 Maria
1993 2853 2346 2924 Magdalene,
2381 2859 2439 2908 et
2476 2855 2760 2923 Johanna,
2801 2859 2859 2909 et
2893 2856 3068 2910 Maria
3107 2857 3322 2924 Jacobi,
3364 2861 3422 2911 et

1798 2951 2020 3014 ceterae,
2055 2964 2182 3018 quae
2212 2964 2342 3001 cum
2374 2947 2455 3001 eis
2481 2952 2665 3015 erant,
2693 2964 2821 3020 quae
2851 2948 3118 3004 dicebant
3163 2949 3235 3004 ad
3276 2952 3423 3021 Apo-

1799 3041 1974 3095 stolos
2003 3041 2159 3106 haec;
2193 3044 2250 3094 et
2273 3041 2391 3095 visa
2422 3043 2555 3096 sunt
2583 3045 2717 3096 ante
2740 3041 2867 3096 illos
2897 3042 3040 3096 sicut
3069 3042 3416 3099 deliramen-

1799 3137 1924 3188 tum
1959 3133 2133 3188 verba
2163 3134 2306 3200 ista;
2340 3137 2397 3189 et
2424 3151 2539 3190 non
2570 3135 2885 3190 credebant
2919 3135 3048 3190 illis.
3080 3137 3279 3192 Petrus
3318 3153 3418 3193 au-

1799 3230 1916 3280 tem
1945 3243 2183 3297 surgens
2207 3227 2456 3281 cucurrit
2477 3228 2552 3282 ad
2577 3231 3044 3295 monumentum,
3077 3231 3133 3284 et
3157 3246 3420 3301 procum-

1796 3320 1939 3374 bens
1964 3320 2104 3374 vidit
2117 3319 2458 3374 linteamina
2473 3322 2679 3392 posita,
2709 3325 2765 3376 et
2791 3315 2948 3389 abiit,
2977 3317 3171 3378 secum
3198 3323 3418 3380 mirans

1799 3413 1952 3484 quod
1985 3413 2200 3467 factum
2228 3413 2434 3468 fuerat.

2402 3512 2600 3552 INCIPIT
2638 3512 2814 3553 MISSA.

1867 3577 2043 3630 Deum
2065 3591 2131 3630 ac
2148 3576 2459 3630 Dominum
2485 3581 2744 3631 nostrum
2769 3580 2964 3634 Jesum
2981 3578 3286 3646 Christum,
3310 3581 3421 3636 fra-

1797 3672 1912 3722 tres
1955 3668 2251 3736 carissimi,
2294 3669 2625 3740 suppliciter
2649 3687 2970 3739 exoremus,
3000 3672 3097 3744 qui
3125 3673 3296 3728 tertia
3325 3672 3420 3729 die

1797 3761 1934 3816 dum
1962 3761 2269 3816 resurrexit
2285 3778 2320 3816 a
2338 3763 2601 3829 mortuis,
2616 3764 2928 3819 multorum
2949 3769 3280 3820 sanctorum
3300 3781 3419 3821 cor-

1796 3871 1937 3926 pora
1966 3855 2253 3909 suscitavit
2279 3855 2350 3909 de
2375 3856 2634 3926 sepulcro
2669 3873 2682 3911 :
2718 3874 2890 3928 quem
2929 3875 3060 3913 cum
3089 3858 3263 3914 Maria
3292 3859 3419 3930 plo-

1796 3964 1930 4002 rans
1959 3951 2243 4020 quaereret
2263 3949 2334 4002 ad
2364 3954 2834 4018 monumentum,
2859 3951 3066 4007 dicitur
3078 3952 3128 4007 ei
3155 3952 3226 4006 ab
3247 3969 3421 4024 ange-

1797 4041 1883 4108 lis,
1912 4041 2067 4113 quod
2089 4041 2213 4112 jam
2242 4043 2576 4097 surrexisset
2597 4060 2631 4098 a
2649 4045 2910 4100 mortuis.
2934 4045 3234 4100 Fundebat
3247 4046 3420 4102 Maria

1795 4150 1899 4204 pro
1930 4135 2137 4190 affectu
2162 4134 2408 4189 ﬂumina
2423 4135 2790 4192 lacrimarum
2814 4155 2828 4204 ;
2857 4154 2925 4193 eo
2949 4138 3104 4210 quod
3124 4155 3241 4194 non
3261 4139 3416 4194 inve-

1797 4226 1973 4281 nisset
1997 4227 2056 4282 in
2088 4230 2467 4283 monumento
2492 4229 2818 4286 Dominum.
2846 4231 3236 4302 Plangebatin
3253 4232 3420 4288 horto

1798 4319 2103 4375 dominicae
2133 4321 2600 4389 resurrectionis;
2631 4323 2850 4378 invenit
2877 4325 3199 4394 sepulcrum
3217 4328 3418 4396 paten-

1797 4416 1937 4480 tem,
1960 4417 2020 4467 et
2039 4413 2280 4484 expavit.
2305 4415 2422 4468 Illic
2444 4415 2600 4469 enim
2621 4415 2869 4470 excubias
2889 4417 3230 4486 angelorum
3250 4433 3422 4488 super

1797 4505 2048 4576 lapidem
2059 4507 2381 4560 revolutum
2394 4507 2705 4562 cantabant
2716 4508 2787 4562 de
2808 4509 3224 4564 resurrectione
3242 4509 3422 4564 domi-

1799 4599 1927 4653 nica
1950 4599 2232 4670 hymnum
2261 4614 2492 4665 novum,
2520 4600 2795 4670 prteclara
2837 4599 2990 4671 legio
3031 4601 3369 4671 angelorum
3401 4617 3416 4657 :

1799 4691 1894 4746 illa
1921 4691 2202 4746 fundebat
2236 4691 2542 4762 [lacrimas]
2573 4695 2707 4746 ante
2750 4693 3094 4764 sepulcrum.
3123 4693 3338 4748 Dicitur
3365 4694 3420 4749 ei

1799 4784 1870 4839 ab
1898 4783 2118 4855 angelis
2145 4783 2299 4854 quod
2322 4784 2447 4855 jam
2469 4785 2870 4840 resurrexisset
2903 4802 2938 4840 a
2973 4786 3232 4841 mortuis.
3272 4787 3419 4842 Dum

1797 4877 1906 4931 ista
1929 4877 2109 4945 audit,
2138 4877 2384 4932 efﬁcitur
2413 4894 2588 4948 quem
2615 4879 2909 4950 quaerebat
2953 4895 3157 4950 corpus
3193 4879 3420 4934 Domini

1797 4970 2122 5026 Salvatoris.
2153 4971 2450 5027 Clamabat
2467 4971 2591 5042 jam
2618 4972 2875 5043 gaudens
2909 4988 2922 5026 :
2952 4973 3032 5026 Tu
3057 4988 3116 5026 es
3144 4971 3421 5028 Dominus

1798 5080 1978 5132 meus,
1997 5063 2094 5135 qui
2125 5063 2185 5118 in
2205 5064 2362 5135 ligno
2378 5064 2793 5135 pependisti,et
2811 5065 2869 5119 in
2898 5065 3156 5136 sepulcro
3170 5081 3272 5136 pro
3297 5069 3418 5122 toto

1799 5157 2017 5211 mundo
2032 5156 2279 5228 jacuisti.
2316 5156 2439 5211 Noli
2467 5157 2609 5212 mihi
2638 5156 2928 5228 indignari
2955 5174 2968 5213 :
3015 5157 3121 5212 etsi
3164 5159 3420 5215 hortula-

1799 5265 1936 5304 num
1965 5250 2179 5320 putavi,
2202 5253 2401 5304 tamen
2423 5249 2519 5305 Dei
2547 5249 2748 5304 Filium
2782 5267 2898 5306 non
2926 5251 3152 5322 negavi.
3184 5253 3422 5308 Plorans

1798 5343 2013 5414 ploravi
2039 5342 2111 5396 ad
2137 5345 2193 5396 te
2225 5345 2357 5396 ante
2387 5344 2732 5414 sepulcrum,
2765 5347 2824 5397 et
2848 5343 2925 5398 ibi
2968 5343 3084 5399 vidi
3127 5345 3422 5402 sudarium

1796 5437 1981 5490 vultus
2004 5435 2086 5490 tui
2117 5435 2218 5506 [in]
2241 5436 2506 5490 salutem.
2531 5436 2836 5508 Sepultura
2852 5437 3010 5492 enim
3029 5454 3146 5493 non
3167 5438 3279 5493 tuis
3298 5455 3418 5493 me-

1797 5528 1938 5594 ritis,
1969 5528 2066 5584 sed
2108 5528 2316 5584 nostris
2352 5530 2599 5600 peccatis
2636 5530 3019 5602 [debebatur,]
3058 5531 3209 5587 unde
3249 5522 3421 5586 Maria

1797 5663 1967 5718 Actus
1989 5663 2376 5732 apostolorum.
2403 5684 2434 5712 ν)

1867 5746 1890 5775 ο
1910 5731 2084 5804 Idem
2116 5733 2488 5804 Evangelium
2519 5734 2593 5790 ad
2622 5735 2856 5790 missam
2876 5736 3105 5790 Paschaa
3117 5734 3175 5788 in
3198 5731 3414 5804 Lectio-

1800 5803 1960 5859 nario
2009 5803 2362 5872 Luxoviensi,
2410 5805 2490 5862 ita
2541 5805 2865 5878 incipiens:
2920 5807 3114 5860 Diebus
3152 5803 3263 5856 illis
3306 5814 3417 5852 una

1799 5875 2042 5939 Sabbatz',
2077 5878 2184 5932 etc.

3183 5979 3212 6016 4
