3970 6416
481 421 581 478 507

1345 413 1677 472 APPENDIX
1711 411 1800 469 AD
1835 409 2057 468 OPERA
2091 407 2147 466 S.
2185 406 2485 466 GERMANI
2520 402 2949 464 PARISIENSIS.

3761 397 3886 454 508

486 525 743 601 tergeret
771 522 963 582 oculos
990 521 1191 579 luctus.
1221 519 1338 579 Sub
1359 521 1500 578 illud
1531 521 1687 578 enim
1712 516 2101 585 sudarium,id
2123 529 2181 604 Α
2199 517 2305 574 bus
2331 533 2534 573 eorum
2559 529 2800 571 coronas
2832 526 3055 569 aureas.
3086 509 3158 566 Et
3187 506 3259 566 de
3273 507 3494 583 throno
3515 503 3890 581 procedunt

482 625 567 677 est
588 621 646 676 in
668 619 950 690 sepulcro,
979 617 1310 689 reliquerat,
1331 618 1394 672 ut
1421 613 1815 672 testimonium
1833 611 2099 686 perhibe-

478 717 566 770 ret
590 713 660 768 de
685 710 1126 768 resurrectione.

1154 779 1422 830 Collectio.

549 866 718 932 Deus,
751 862 846 935 qui
869 879 974 934 per
1001 861 1374 934 Unigenitum
1401 863 1564 914 tuum
1587 855 1923 913 aternitatis
1943 853 2107 910 nobis

480 958 702 1016 aditum
725 957 945 1012 devicta
965 958 1152 1009 morte
1166 953 1454 1020 reserasti,
1475 951 1547 1007 da
1559 950 1742 1018 nobis,
1759 965 2104 1023 quasumus,

480 1055 544 1108 ut
575 1051 673 1124 qui
704 1050 851 1123 [nos]
874 1046 1310 1104 resurrectionis
1337 1044 1642 1100 dominica
1669 1043 2104 1099 annuasollem-

482 1145 662 1201 nitate
699 1143 970 1208 laetiﬁcas,
1007 1140 1258 1196 concede
1302 1137 1603 1212 propitius,
1653 1142 1716 1193 ut
1749 1153 1854 1209 per
1885 1139 2107 1206 tempo-

474 1238 627 1294 ralia
652 1253 778 1308 qua
804 1235 1047 1306 agimus,
1079 1231 1379 1306 pervenire
1406 1231 1480 1288 ad
1501 1230 1716 1304 gaudia
1741 1233 1958 1284 aterna
1986 1245 2106 1282 me-

487 1347 740 1388 reamur.

1109 1398 1234 1448 Post
1253 1395 1486 1446 nomina.

559 1480 938 1553 Omnipotens
974 1477 1326 1550 sempiterne
1372 1478 1542 1543 Deus,
1587 1473 1685 1554 qui
1727 1487 2036 1544 resurgens
2081 1486 2116 1524 a

488 1574 752 1642 mortuis,
781 1573 1047 1646 passione
1069 1574 1308 1639 cassata,
1326 1568 1719 1642 potentiorem
1741 1569 1798 1621 te
1823 1565 1936 1622 tuis
1956 1562 2116 1620 disci-

486 1669 636 1742 pulis
653 1665 954 1722 reddidisti
989 1681 1002 1720 :
1033 1663 1284 1720 concede
1311 1660 1618 1735 propicius,
1651 1664 1714 1715 ut
1748 1675 1852 1714 nos
1885 1672 2114 1729 quoque

490 1761 642 1834 apud
671 1759 1026 1831 Majestatem
1051 1762 1212 1812 tuam
1238 1757 1299 1811 in
1323 1756 1434 1811 hoc
1465 1753 1721 1827 paschali
1751 1749 2026 1807 sacriﬁcio
2055 1747 2116 1804 in

486 1854 654 1911 bonis
677 1853 944 1926 operibus
983 1851 1194 1907 efficiat
1218 1849 1624 1922 promptiores,
1659 1849 1716 1901 et
1763 1844 1963 1917 gratia
2003 1845 2117 1898 tua

489 1947 720 2020 pietatis
747 1945 1034 2017 adquirat.

1155 2013 1231 2066 Ad
1257 2025 1462 2076 pacem.

565 2099 712 2152 Deus
739 2094 1125 2166 omnipotens,
1163 2092 1259 2164 qui
1283 2095 1340 2148 et
1363 2092 1492 2146 vita
1523 2092 1733 2145 nostra
1760 2089 1960 2144 auctor
1979 2103 2040 2142 es
2067 2087 2124 2140 et

496 2190 711 2256 salutis,
741 2187 948 2244 exaudi
969 2186 1290 2259 supplicum
1319 2201 1505 2252 voces,
1529 2187 1701 2255 atque
1717 2199 1815 2236 eos
1828 2197 1970 2252 quos
1991 2195 2120 2234 san-

497 2284 686 2356 guinis
705 2281 787 2337 tui
814 2281 1092 2337 effusione
1113 2278 1429 2345 redemisti,
1453 2280 1684 2349 prasta,
1701 2278 1758 2329 et
1777 2290 1882 2346 per
1900 2276 1957 2327 te
1981 2271 2126 2326 vive-

497 2395 580 2446 re,
596 2380 653 2432 et
673 2379 951 2448 perpetua
963 2374 1138 2429 facias
1152 2367 1828 2428 sensuumincolomitate
1849 2365 2122 2438 gaudere.

1140 2469 1476 2520 Contestalio.

565 2557 710 2610 Vere
741 2553 983 2624 dignum
1011 2555 1068 2606 et
1103 2551 1324 2621 justum
1355 2552 1440 2604 est
1465 2546 1832 2620 omnipotens
1863 2545 2030 2610 Deus,
2069 2545 2125 2596 te

499 2647 736 2722 quidem
753 2647 812 2702 in
837 2645 997 2702 omni
1014 2648 1297 2715 tempore,
1321 2643 1424 2697 sed
1440 2641 1726 2712 pracipue
1759 2637 1874 2704 die,
1899 2652 2012 2708 quo
2029 2637 2128 2689 tua

498 2740 840 2798 resurrectio
868 2739 1208 2804 celebratur,
1223 2736 1385 2793 omni
1414 2734 1720 2790 festivitate
1734 2730 1991 2796 laudare,
2024 2728 2123 2782 be-

499 2835 768 2891 nedicere
789 2836 848 2888 et
862 2831 1196 2904 pradicare,
1220 2846 1334 2900 quo
1357 2828 1574 2884 Pascha
1593 2827 1852 2881 nostrum
1872 2821 2132 2877 immola-

502 2932 593 2984 tus
613 2930 700 2983 est
725 2925 999 2982 Christus.
1021 2926 1130 2978 Per
1151 2939 1325 2994 quem
1347 2924 1600 2993 potestas
1621 2921 1875 2974 tartarea
1903 2914 2128 2983 cecidit,

502 3019 714 3077 inferni
741 3021 875 3073 sunt
893 3017 1117 3072 vincola
1133 3016 1403 3082 resoluta,
1426 3012 1850 3086 cyrographum
1878 3011 1964 3064 est
1989 3007 2130 3062 anti-

505 3129 634 3186 qua
663 3109 1146 3184 pravaricationis
1162 3108 1507 3173 extinctum;
1537 3106 1765 3160 aculeus
1795 3101 1998 3157 mortis
2029 3101 2131 3156 ob-

504 3207 702 3273 tritus;
737 3221 842 3260 nos
867 3220 1095 3276 quoque
1123 3202 1195 3256 de
1237 3199 1522 3256 servitutis
1553 3199 1696 3269 jugo
1741 3193 2133 3252 damnationis

507 3299 782 3371 Egyptia
808 3315 914 3370 per
942 3296 1224 3368 spiritales
1259 3311 1436 3367 aquas
1467 3293 1734 3358 educens,
1769 3288 2134 3360 triumphans

506 3391 818 3448 resurrexit
851 3390 908 3444 in
941 3389 1206 3460 gloriam,
1241 3392 1298 3441 et
1335 3387 1659 3440 libertatem
1711 3382 1875 3438 nobis
1912 3379 2131 3436 miseri-

507 3485 715 3540 cordia
751 3500 868 3538 sua
913 3499 1153 3537 munere
1201 3479 1502 3536 redonavit
1542 3480 1702 3534 Iesus
1745 3475 2000 3534 Christus
2023 3475 2132 3528 Do-

509 3579 701 3634 minus
731 3579 944 3632 noster.
976 3578 1085 3632 Per
1109 3590 1301 3646 quem.

1074 3675 1204 3724 Item
1227 3669 1562 3722 Contestatio.

578 3759 719 3812 Vere
747 3755 990 3827 dignum
1011 3757 1070 3808 et
1083 3754 1303 3824 justum
1326 3753 1430 3818 est,
1453 3748 1821 3820 omnipotens
1849 3749 2015 3813 Deus,
2033 3762 2138 3817 per

507 3851 798 3909 Christum
825 3847 1131 3905 Dominum
1161 3847 1443 3900 nostrum.
1475 3843 1647 3913 Cujus
1686 3841 1966 3912 sanguine
2009 3840 2137 3894 fuso

509 3962 620 4017 pax
637 3945 699 3999 in
719 3943 858 3999 calo
878 3943 1150 4010 terraque
1175 3938 1405 3992 firmata
1429 3939 1530 3990 est.
1551 3935 1594 3990 Ο
1614 3951 1746 3990 vere
1776 3933 2034 4006 preciosa
2054 3935 2140 3986 est

510 4035 813 4093 conventio
838 4032 1013 4105 pacis,
1047 4047 1173 4102 qua
1202 4030 1354 4085 facta
1385 4031 1470 4084 est
1500 4029 1712 4084 oblatio
1763 4025 1943 4082 sancti
1981 4041 2140 4080 cruo-

511 4130 616 4185 ris!
665 4145 782 4182 non
827 4141 988 4192 auro,
1034 4141 1221 4194 neque
1269 4125 1539 4195 argento;
1587 4139 1705 4177 non
1749 4119 1997 4192 gemmis
2043 4120 2142 4172 aut

515 4219 864 4293 margaritis,
931 4217 1032 4273 sed
1081 4233 1282 4272 cruore
1344 4215 1522 4271 eﬂ‘uso
1577 4216 1756 4270 latere
1809 4210 2134 4268 Salvatoris.

515 4314 760 4386 Sanguis
787 4312 998 4368 eﬁ‘usus
1026 4312 1228 4367 calum
1256 4308 1584 4375 latiﬁcavit,
1625 4311 1844 4364 terram
1891 4304 2136 4360 munda-

513 4409 610 4475 vit,
653 4407 870 4462 inferos
923 4403 1299 4460 conturbavit.
1336 4401 1616 4458 Viderunt
1653 4399 1864 4472 angeli,
1907 4413 2138 4468 accepe-

513 4505 649 4558 runt
692 4500 998 4556 latitiam:
1041 4497 1310 4554 viderunt
1359 4493 1646 4562 homines,
1699 4497 1758 4548 et
1793 4493 1918 4548 luce
1963 4489 2144 4563 gavisi

517 4598 650 4651 sunt
677 4609 912 4666 magna.
940 4594 1050 4648 Per
1076 4607 1133 4662 q.
1161 4607 1244 4646 m.
1276 4591 1316 4644 l.

989 4719 1116 4759 ITEM
1155 4716 1314 4758 MISSA
1353 4712 1668 4756 PASCHALIS.

693 4797 867 4849 Lectio
900 4793 1240 4860 Apocalypsis
1266 4791 1433 4842 sancti
1455 4789 1706 4842 Johannis
1737 4787 1973 4853 apostoli.

587 4886 706 4957 Ego
733 4884 1026 4940 Johannes
1041 4879 1158 4934 vidi
1183 4879 1393 4934 ostium
1411 4879 1673 4949 apertum
1696 4875 1754 4930 in
1783 4872 1944 4940 calo,
1969 4875 2028 4927 et
2041 4887 2146 4927 vox

517 4977 725 5050 prima,
767 4992 943 5048 quam
983 4972 1192 5041 audivi,
1215 4975 1495 5043 tanquam
1522 4969 1673 5024 tuba
1699 4965 1988 5039 loquentis
2018 4981 2144 5020 me-

520 5088 672 5138 cum,
701 5071 897 5125 dicens
927 5065 1225 5124 :Ascende
1254 5065 1383 5132 huc,
1431 5066 1490 5118 et
1531 5061 1834 5118 ostendam
1869 5057 1971 5114 tibi
2020 5074 2148 5130 qua

521 5165 751 5236 oportet
775 5162 900 5217 fieri
925 5163 1056 5233 post
1083 5161 1225 5214 hac.
1258 5157 1464 5214 Statim
1489 5156 1572 5212 fui
1591 5155 1652 5210 in
1679 5153 1900 5226 spiritu,
1928 5154 1987 5206 et
2017 5167 2147 5206 ecce

521 5257 688 5312 sedes
719 5255 902 5327 posita
923 5257 1047 5309 erat
1071 5253 1130 5308 in
1159 5254 1317 5322 calo,
1353 5254 1409 5306 et
1429 5266 1600 5322 supra
1625 5247 1822 5302 sedem
1837 5245 2062 5302 sedens.
2081 5246 2150 5299 Et

522 5349 620 5422 qui
635 5349 885 5416 sedebat,
909 5343 1108 5402 similis
1120 5349 1243 5402 erat
1253 5343 1504 5418 aspectui
1525 5341 1732 5414 lapidis
1754 5339 2030 5410 hiaspidis
2054 5354 2068 5405 ;
2093 5340 2152 5392 et

525 5441 788 5509 sardinis,
819 5445 876 5496 et
892 5441 1029 5497 hiris
1057 5445 1180 5496 erat
1203 5439 1262 5494 in
1283 5437 1522 5494 circuitu
1549 5434 1700 5490 sedis
1728 5432 1928 5488 similis
1946 5429 2150 5486 visioni

528 5536 909 5608 smaragdina
935 5553 948 5603 ;
974 5539 1032 5590 et
1045 5535 1106 5589 in
1128 5531 1368 5588 circuitu
1380 5530 1530 5584 sedis
1553 5527 1755 5582 sedilia
1769 5526 1972 5596 viginti
1993 5526 2151 5596 quat-

526 5635 674 5699 tuor,
707 5632 766 5685 et
803 5645 973 5702 super
999 5629 1238 5683 thronos
1263 5623 1464 5694 viginti
1492 5623 1763 5694 quattuor
1783 5619 2037 5674 seniores
2067 5633 2152 5672 se-

525 5725 746 5792 dentes,
775 5724 990 5780 circum
1018 5718 1213 5776 amicti
1233 5713 1589 5771 vestimentis
1609 5711 1772 5780 albis,
1797 5715 1854 5767 et
1872 5711 1930 5767 in
1949 5709 2149 5783 capiti-

593 5870 618 5898 '
643 5869 741 5923 Ha
781 5865 1079 5922 Lectiones
1108 5878 1213 5934 pro
1241 5856 1613 5934 sequentibus
1645 5855 1844 5934 diebus
1871 5853 2148 5934 paschali:

525 5940 632 5995 bus
658 5938 896 5994 diversa
917 5936 990 5994 ab
1016 5923 1274 6008 eis‘qua
1318 5923 1682 6004 assignantur
1720 5926 1779 5984 in
1819 5923 2153 5984 Luxoviensi

2201 612 2448 682 fulgora,
2482 611 2542 664 et
2557 625 2744 676 voces,
2769 610 2828 662 et
2850 605 3140 672 tonitrua;
3167 605 3394 676 septem
3421 600 3756 674 lampades
3782 615 3890 656 ar-

2206 703 2406 760 dentes
2433 705 2566 758 ante
2586 702 2863 757 thronum
2881 715 3007 772 qua
3019 701 3152 754 sunt
3163 697 3396 770 spiritus
3412 695 3539 763 Dei;
3561 697 3627 750 et
3640 693 3709 749 in
3722 709 3852 750 con
3862 723 3888 734 -

2206 795 2562 870 spectusedis
2591 797 2871 866 tanquam
2893 809 3055 848 mare
3078 791 3350 858 vitreum,
3379 789 3578 846 simile
3617 787 3887 860 crystal-

2205 892 2297 958 lo;
2328 891 2386 944 et
2408 889 2469 943 in
2499 887 2693 944 medio
2717 887 2866 942 sedis
2893 888 2951 940 et
2990 885 3050 940 in
3095 884 3336 940 circuitu
3381 881 3541 937 sedis
3583 883 3896 954 quattuor

2208 982 2500 1050 animalia,
2530 983 2702 1054 plena
2739 980 2916 1036 oculis
2939 982 3072 1034 ante
3100 980 3158 1035 et
3185 980 3365 1033 retro.
3393 977 3466 1031 Et
3487 975 3724 1031 animal
3755 972 3892 1047 pri-

2209 1093 2371 1132 mum
2389 1075 2572 1130 simile
2593 1074 2768 1142 leoni,
2789 1077 2846 1128 et
2865 1071 3184 1128 secundum
3202 1070 3421 1126 animal
3440 1069 3644 1125 simile
3665 1067 3894 1132 vitulo,

2212 1173 2270 1225 et
2293 1169 2526 1224 tertium
2562 1168 2776 1223 animal
2802 1167 3022 1222 habens
3045 1165 3255 1221 faciem
3285 1163 3453 1236 quasi
3479 1161 3791 1218 hominis:
3829 1163 3900 1215 et

2211 1265 2482 1336 quartum
2521 1261 2733 1317 animal
2760 1259 2948 1316 simile
2977 1259 3185 1331 aquila
3205 1258 3448 1314 volanti.
3480 1258 3556 1311 Et
3589 1258 3900 1328 quattuor

2211 1355 2484 1413 animalia
2515 1355 2740 1426 singula
2760 1370 2961 1410 eorum
2987 1353 3284 1408 habebant
3314 1352 3436 1406 alas
3465 1367 3692 1416 senas;
3726 1350 3789 1404 et
3824 1349 3893 1403 in

2212 1449 2448 1506 circuitu
2475 1451 2532 1503 et
2561 1449 2714 1503 intus
2743 1449 2914 1519 plena
2945 1449 3078 1502 sunt
3111 1445 3308 1502 oculis.
3342 1445 3413 1500 Et
3439 1442 3732 1516 requiem
3761 1457 3894 1498 non

2215 1543 2430 1598 habent
2471 1541 2564 1596 die
2621 1545 2679 1596 et
2720 1543 2888 1596 nocte
2931 1539 3222 1596 dicentia:
3267 1538 3537 1605 Sanctus,
3602 1537 3901 1604 Sanctus,

2215 1637 2456 1692 Sanctus
2481 1634 2761 1690 Dominus
2787 1635 2936 1689 Deus
2964 1633 3358 1704 omnipotens,
3378 1631 3665 1704 quierat,
3704 1631 3768 1685 et
3787 1629 3905 1701 qui

2217 1733 2320 1797 est,
2349 1731 2407 1783 et
2435 1728 2533 1800 qui
2561 1729 2834 1782 venturus
2861 1729 2964 1782 est.
3003 1726 3113 1792 Qui
3160 1725 3341 1782 habet
3386 1740 3627 1792 aurem,
3681 1722 3909 1779 audiat

2219 1823 2356 1894 quid
2387 1822 2630 1894 Spiritus
2656 1821 2808 1876 dicat
2830 1820 3114 1876 Ecclesia.

2590 1917 2764 1969 Lectio
2796 1918 3019 1968 Actuum
3047 1915 3409 1982 apostolorum
3419 1914 3468 1964 ⁸.

2289 2003 2499 2060 Diebus
2525 2003 2635 2058 illis
2653 2003 2867 2058 reversi
2896 2005 3028 2057 sunt
3057 2001 3305 2074 apostoli
3333 2001 3394 2056 in
3435 2000 3903 2072 Hierusolyma,

2222 2115 2256 2153 a
2271 2099 2467 2153 monte
2490 2097 2587 2170 qui
2599 2100 2833 2152 vocatur
2843 2095 3064 2164 Oliveti,
3080 2095 3178 2167 qui
3201 2098 3290 2150 est
3299 2095 3467 2166 juxta
3482 2095 3906 2161 Hierusalem,

2223 2191 2441 2246 sabbati
2477 2191 2696 2246 habens
2725 2190 2853 2246 iter.
2881 2191 2951 2244 Et
2971 2205 3102 2244 cum
3123 2188 3464 2244 introissent
3498 2187 3566 2242 in
3612 2205 3908 2245 canaco-

2223 2285 2362 2352 lum,
2387 2283 2772 2339 ascenderunt
2787 2283 2883 2338 ubi
2905 2283 3231 2337 manebant
3248 2283 3452 2336 Petrus
3471 2285 3532 2336 et
3550 2282 3909 2349 Iohannes,

2221 2377 2464 2433 Iacobus
2484 2380 2552 2432 et
2579 2377 2859 2443 Andreas,
2885 2375 3182 2447 Philippus
3225 2377 3286 2430 et
3317 2374 3600 2442 Thomas,
3637 2376 3911 2431 Bartho-

2225 2471 2464 2526 lomaus
2486 2473 2543 2524 et
2567 2469 2881 2536 Matthaus,
2925 2469 3171 2524 Iacobus
3209 2467 3358 2522 Alfei
3409 2471 3469 2523 et
3519 2467 3750 2524 Simon
3800 2471 3908 2524 Ze-

2226 2564 2389 2632 lotes,
2419 2566 2478 2618 et
2498 2563 2672 2618 Judas
2699 2561 2912 2616 Jacobi.
2935 2560 3022 2615 Hii
3053 2577 3261 2616 omnes
3291 2563 3462 2615 erant
3493 2577 3910 2632 perseveran-

2226 2661 2312 2710 tes
2359 2655 2738 2711 unianimiter
2774 2653 2835 2708 in
2887 2653 3172 2722 oratione,
3226 2669 3362 2708 cum
3414 2654 3793 2710 mulieribus
3850 2661 3914 2710 et

2227 2749 2402 2805 Maria
2427 2751 2611 2804 matre
2637 2750 2788 2814 Jesu,
2822 2750 2880 2802 et
2908 2746 3184 2801 fratribus
3215 2746 3358 2818 ejus.

2414 2845 2587 2895 Lectio
2619 2844 2782 2894 sancti
2805 2842 3077 2908 Evangelii
3099 2842 3394 2894 secundum
3425 2844 3702 2895 Marcum.

2300 2931 2421 2985 Una
2441 2930 2812 2985 sabbatorum
2839 2928 3014 2984 Maria
3036 2928 3378 3000 Magdalene
3401 2932 3461 2984 et
3484 2930 3676 2986 Maria
3697 2931 3913 2988 Jacobi

2231 3023 2394 3078 valde
2425 3023 2672 3078 diluculo
2697 3024 2983 3078 venerunt
3003 3021 3077 3076 ad
3094 3024 3580 3090 monumentum,
3619 3027 3768 3080 orto
3783 3025 3916 3098 jam

2233 3119 2369 3172 sole.
2418 3117 2485 3171 Et
2515 3116 2783 3170 dicebant
2823 3115 2897 3170 ad
2924 3115 3172 3170 invicem
3206 3131 3220 3171 :
3256 3114 3395 3180 Quis
3421 3117 3702 3173 revolvet
3736 3119 3915 3175 nobis

2227 3210 2484 3281 lapidem
2515 3210 2586 3265 ab
2618 3209 2763 3264 ostio
2785 3209 3194 3264 monumenti?
3220 3210 3292 3264 Et
3317 3209 3724 3280 respicientes
3754 3213 3918 3268 vide-

2233 3307 2367 3359 runt
2388 3304 2710 3358 revolutum
2731 3302 3008 3374 lapidem.
3027 3303 3163 3357 Erat
3175 3303 3394 3375 quippe
3415 3319 3686 3375 magnus
3709 3307 3916 3362 valde.

2233 3399 2302 3452 Et
2326 3397 2686 3451 introeuntes
2715 3395 2772 3450 in
2801 3399 3273 3464 monumentum,
3304 3395 3590 3452 viderunt
3611 3398 3918 3469 juvenem

2234 3490 2532 3545 sedentem
2559 3507 2594 3544 a
2619 3489 2852 3558 dextris,
2892 3492 3235 3560 coopertum
3276 3491 3492 3544 stolam
3545 3493 3918 3561 candidam,

2236 3587 2296 3638 et
2323 3583 2740 3655 obstipuerunt.
2770 3582 2877 3648 Qui
2903 3581 3042 3638 dicit
3068 3582 3180 3638 illis
3213 3599 3226 3637 :
3260 3583 3450 3638 Nolite
3479 3601 3918 3656 expavescere,

2234 3678 2426 3732 Iesum
2472 3676 2726 3748 quaritis
2777 3677 3138 3731 Nazarenum
3190 3676 3558 3735 crucifixum.
3615 3679 3921 3750 Surrexit,

2239 3786 2354 3825 non
2377 3771 2464 3824 est
2491 3769 2600 3824 hic.
2631 3771 2772 3824 Ecce
2801 3771 2958 3824 locus
2982 3769 3079 3824 ubi
3110 3773 3437 3840 posuerunt
3457 3787 3624 3827 eum.
3656 3773 3793 3830 Sed
3819 3776 3920 3841 ite,

2239 3868 2296 3920 et
2325 3863 2493 3918 dicite
2521 3863 2810 3935 discipulis
2843 3863 2966 3934 ejus
2996 3867 3054 3917 et
3081 3864 3275 3932 Petro,
3318 3864 3462 3935 quia
3483 3867 3793 3937 pracedit
3822 3886 3922 3924 vos

2238 3958 2298 4012 in
2330 3957 2580 4012 Galilaa.
2613 3957 2696 4011 Ibi
2725 3971 2856 4012 eum
2886 3955 3172 4024 videbitis,
3206 3956 3356 4012 sicut
3383 3957 3534 4014 dixit
3559 3960 3763 4017 vobis.

2840 4073 3040 4114 INCIPIT
3078 4073 3261 4115 MISSA.

2311 4153 2480 4219 Deus,
2513 4150 2612 4222 qui
2638 4149 3006 4222 unigenitum
3032 4151 3240 4206 Filium
3268 4154 3439 4208 tuum
3481 4153 3562 4209 de
3609 4156 3785 4212 calis
3817 4175 3922 4230 pro

2240 4245 2406 4300 nobis
2441 4243 2666 4310 misisti,
2714 4247 2776 4297 ut
2823 4243 3192 4299 intoleranda
3239 4245 3544 4315 sustinuit,
3604 4250 3924 4306 crucifixus

2241 4338 2416 4410 pendi
2441 4337 2635 4406 voluit,
2667 4340 2725 4391 ut
2755 4353 2860 4392 nos
2891 4353 2924 4392 a
2955 4337 3249 4409 perpetuis
3284 4339 3658 4398 cruciatibus
3701 4343 3920 4400 libera-

2242 4435 2364 4500 ret;
2412 4432 2634 4486 tumulo
2681 4446 2806 4498 suo,
2853 4433 2918 4484 ut
2951 4430 3264 4499 credimus,
3305 4437 3558 4504 peccata
3587 4441 3807 4493 nostra
3835 4455 3919 4494 se-

2242 4525 2456 4596 pelivit,
2495 4540 2695 4579 avaras
2719 4523 2935 4578 inferni
2965 4524 3161 4578 fauces
3194 4525 3484 4582 interiora
3530 4533 3918 4600 penetravit;

2158 4634 2218 4706 D
2241 4617 2406 4672 nobis
2434 4632 2662 4688 quoque
2689 4616 2918 4671 famulis
2963 4615 3078 4670 suis
3109 4615 3319 4688 jubeat
3367 4619 3429 4673 in
3484 4621 3701 4692 prima
3734 4641 3923 4681 resur-

2243 4709 2498 4766 rectione
2521 4726 2643 4764 esse
2673 4709 3002 4782 participes.

2927 4801 3197 4854 Collectio.

2316 4888 2480 4955 Deus,
2513 4885 2610 4960 qui
2631 4885 2987 4958 paschalium
3012 4886 3410 4961 [gaudiorum]
3438 4891 3625 4948 nobis
3653 4897 3925 4952 remedia

2246 4980 2531 5038 contulisti
2555 4997 2568 5046 ;
2601 4979 2878 5052 populum
2899 4983 3062 5035 tuum
3084 4981 3297 5037 calesti
3321 4982 3483 5039 dono
3505 5002 3921 5063 prosequere:

2247 5079 2311 5130 ut
2345 5075 2482 5130 inde
2524 5076 2654 5145 post
2704 5073 2763 5128 in
2813 5077 3160 5146 perpetuum
3211 5075 3496 5147 gaudeat,
3537 5083 3716 5138 unde
3775 5099 3924 5140 nunc

2245 5165 2646 5239 tamporaliter
2671 5167 2907 5222 exultat.

2869 5260 2992 5310 Post
3027 5259 3260 5311 nomina.

2321 5345 2574 5416 Suspice,
2589 5343 2852 5413 Domine,
2880 5344 3171 5417 prapicius
3192 5363 3447 5403 munera
3468 5353 3532 5405 et
3553 5355 3710 5410 vota
3737 5356 3922 5412 famu-

2250 5441 2436 5494 lorum
2471 5455 2484 5494 :
2517 5443 2579 5494 ut
2603 5439 2962 5494 confessione
2988 5440 3074 5494 tui
3095 5441 3351 5496 nominis
3373 5445 3430 5497 et
3443 5443 3829 5516 baptismate
3842 5467 3923 5505 re-

2253 5533 2466 5600 novati,
2513 5533 2927 5605 sempiternam
2972 5533 3404 5591 beatitudinem
3443 5548 3920 5614 consequantur.

2901 5630 2980 5682 Ad
3013 5645 3219 5695 pacem.

2324 5715 3063 5789 Omnipotenstsempiterne
3077 5718 3348 5786 Deus,cui
3359 5727 3724 5796 resurgenti
3737 5747 3774 5785 a
3786 5743 3924 5784 mor-

2253 5850 2633 5937 Le‘ctionario,
2663 5849 2989 5937 tamen
3017 5852 3412 5912 desumuntur
3438 5857 3636 5918 etiam
3672 5879 3752 5920 ex
3783 5867 3922 5937 Apo-

2253 5924 2468 5998 calypsi
2491 5926 2547 5984 et
2575 5939 2642 5983 ex
2669 5924 2838 5981 Actis.
