3970 6404
114 402 206 456 509

602 400 1210 460 SACRAMENTARIUM
1247 405 1687 463 GALLICANUM.
1729 435 1796 447 -—-
1836 407 2197 463 LECTIONES
2234 407 2318 464 DE
2356 406 2668 465 ADVENTU
2706 407 2954 465 DOMINI.

3347 414 3447 465 510

109 507 206 563 tuis
225 505 502 603 sacriﬁcia
513 509 870 603 paschalibus
890 511 1110 583 gaudiis
1124 511 1500 584 immolamus,
1520 515 1726 586 quibus
1745 527 1805 603 Α
1825 516 2043 586 clausae,
2060 517 2159 572 ubi
2181 522 2340 572 erant
2357 515 2614 589 discipuli
2625 520 2858 589 propter
2872 519 3088 572 metum
3101 514 3444 587 Iudaeorum,

108 601 340 656 Ecclesia
370 605 474 656 tua
500 602 835 660 mirabiliter
861 609 916 659 et
943 605 1272 675 renascitur,
1305 613 1361 664 et
1384 609 1654 664 nutritur.

756 693 1088 744 Contestatio.

171 764 304 816 Vere
334 761 581 833 dignum
610 768 666 818 et
694 764 915 834 justum
954 770 1037 820 est
1081 767 1441 838 omnipotens
1478 771 1644 839 Deus,
1675 774 1728 824 te

107 855 326 928 quidem
354 857 518 912 omni
534 862 787 928 tempore
812 859 1058 927 laudare,
1081 861 1427 931 benedicere,
1448 865 1505 917 et
1529 863 1729 934 praedi-

105 966 238 1019 care,
265 951 419 1021 quod
456 951 672 1006 Pascha
698 955 956 1008 nostrum
982 953 1306 1009 immolatus
1327 960 1410 1010 est
1445 956 1722 1011 Christus.

107 1045 201 1100 Per
223 1059 393 1114 quem
433 1042 531 1115 [in]
559 1050 830 1100 aeternam
858 1047 1032 1101 vitam
1058 1047 1158 1101 filii
1186 1049 1323 1102 lucis
1348 1049 1628 1119 oriuntur,
1656 1049 1724 1104 fl-

106 1137 312 1192 delibus
336 1138 507 1208 regni
543 1139 776 1194 caelestis
811 1140 955 1194 atria
982 1147 1326 1210 reserantur,
1353 1147 1410 1197 et
1429 1143 1576 1198 beati
1601 1143 1726 1215 lege

105 1229 421 1286 commercii
442 1231 648 1286 divinis
662 1233 910 1287 humana
921 1238 1234 1290 mutantur.
1254 1235 1391 1300 Quia
1404 1242 1728 1292 nostrorum

106 1325 349 1379 omnium
386 1341 545 1380 mors
585 1343 749 1381 cruce
775 1327 980 1381 Christi
1007 1328 1300 1399 redempta
1333 1334 1435 1396 est,
1464 1335 1520 1384 et
1547 1330 1607 1386 in
1633 1347 1724 1385 re-

107 1419 443 1474 surrectione
471 1420 597 1490 ejus
627 1420 883 1474 omnium
920 1421 1028 1475 vita
1053 1423 1318 1478 surrexit.
1349 1425 1528 1488 Quem
1556 1424 1614 1478 in
1639 1441 1726 1479 su-

109 1512 377 1582 sceptione
404 1513 774 1568 mortalitatis
801 1515 976 1568 Deum
1013 1515 1316 1585 majestatis
1349 1517 1721 1588 agnoscimus,

109 1610 155 1660 et
182 1605 239 1659 in
267 1606 582 1661 divinitatis
612 1607 852 1677 gloriam
881 1609 1057 1662 Deum
1087 1613 1142 1662 et
1171 1610 1460 1664 hominem
1491 1612 1722 1666 confite-

107 1715 243 1754 mur.
268 1700 374 1764 Qui
411 1705 663 1756 mortem
713 1706 964 1756 nostram
1005 1701 1295 1757 moriendo
1337 1704 1631 1770 destruxit,
1670 1709 1726 1760 et

107 1791 263 1847 vitam
286 1795 643 1865 resurgendo
684 1795 930 1850 restituit
970 1797 1128 1851 Jesus
1167 1795 1417 1851 Christus
1456 1797 1723 1853 Dominus

109 1890 302 1941 noster.
329 1887 513 1950 Quem
541 1886 794 1942 laudant.

579 1993 704 2030 ΙΤΕΜ
745 1992 899 2031 MISSA
940 1992 1001 2030 PA
1012 1992 1254 2032 SCHALIS.

388 2057 568 2106 Lectio
600 2059 934 2121 Apocalypsis
965 2059 1129 2108 sancti
1153 2058 1417 2108 Johannis.

168 2133 279 2202 Ego
305 2131 595 2187 Iohannes
616 2133 728 2186 vidi
754 2134 963 2188 nubem
991 2134 1311 2201 candidam,
1340 2139 1395 2188 et
1420 2151 1587 2205 supra
1613 2149 1720 2188 nu-

109 2225 223 2279 bem
248 2225 542 2280 sedentem
569 2226 817 2280 similem
841 2226 980 2280 Filio
1007 2227 1269 2296 hominis,
1313 2228 1614 2283 habentem
1663 2227 1722 2281 in

108 2318 271 2388 capite
296 2336 397 2373 suo
424 2336 696 2374 coronam
723 2337 974 2387 auream,
1003 2326 1058 2375 et
1083 2321 1140 2375 in
1179 2338 1351 2376 manu
1391 2338 1487 2375 sua
1524 2321 1722 2375 falcem

109 2416 336 2467 acutam.
367 2414 434 2467 Et
471 2413 618 2468 alter
643 2415 882 2484 angelus
911 2413 1081 2468 exivit
1108 2415 1176 2469 de
1207 2415 1438 2486 templo,
1475 2415 1722 2470 clamans

109 2523 222 2560 voce
249 2523 457 2577 magna
485 2507 558 2560 ad
585 2507 874 2561 sedentem
896 2524 1067 2579 super
1085 2509 1297 2564 nubem
1315 2525 1327 2563 :
1345 2509 1493 2563 Mitte
1518 2509 1720 2564 falcem

109 2603 266 2666 tuam,
289 2606 343 2655 et
360 2604 514 2654 mete
536 2617 549 2654 :
573 2601 708 2672 quia
735 2601 886 2655 venit
912 2602 1051 2655 hora
1075 2606 1139 2657 ut
1163 2607 1426 2669 metatur,
1456 2603 1721 2674 quoniam

109 2698 313 2748 matura
337 2698 421 2748 est
444 2693 648 2748 messis
671 2697 860 2748 terrae.
892 2696 957 2749 Et
981 2695 1135 2749 misit
1160 2696 1258 2766 qui
1297 2695 1523 2750 sedebat
1549 2713 1720 2767 supra

107 2787 299 2842 nubem
324 2787 529 2842 falcem
557 2803 722 2841 suam
776 2787 833 2842 in
872 2792 1108 2856 terram,
1156 2793 1210 2843 et
1236 2806 1414 2843 messa
1444 2794 1526 2843 est
1551 2794 1718 2844 terra.

110 2882 164 2934 Et
187 2881 318 2934 alius
342 2881 580 2952 angelus
607 2879 778 2935 exivit
805 2881 872 2934 de
899 2883 1129 2952 templo,
1163 2882 1310 2953 quod
1348 2886 1428 2936 est
1468 2882 1525 2936 in
1563 2883 1718 2951 czelo,

108 2972 302 3028 habens
327 2978 381 3028 et
421 2974 542 3045 ipse
576 2974 781 3028 falcem
821 2979 1064 3029 acutam.
1095 2976 1160 3028 Et
1197 2975 1336 3028 alius
1378 2975 1611 3046 angelus
1653 2976 1722 3030 de

108 3067 270 3134 altari,
298 3067 393 3139 qui
420 3068 597 3121 habet
621 3070 953 3138 potestatem
981 3085 1150 3138 supra
1180 3068 1392 3138 ignem,
1429 3072 1484 3122 et
1512 3068 1718 3121 clama-

109 3162 177 3214 vit
199 3177 324 3216 voce
354 3178 586 3232 magna,
633 3161 730 3232 qui
775 3161 949 3216 habet
984 3161 1185 3215 falcem
1211 3167 1453 3227 acutam,
1485 3161 1673 3216 dicens
1703 3178 1716 3216 :

109 3254 240 3308 Mitte
263 3254 464 3309 falcem
490 3258 655 3308 tuam
679 3258 923 3322 acutam,
942 3259 996 3309 et
1016 3255 1300 3309 vindemia
1319 3255 1510 3309 botros
1530 3259 1717 3322 terra},
1743 3259 1797 3332 ρ
1824 3311 1864 3334 Π

109 3349 353 3418 quoniam
379 3351 623 3402 matura:
649 3353 914 3402 suntuvze
933 3348 1071 3418 ejus.
1094 3350 1159 3402 Et
1182 3348 1334 3402 misit
1361 3349 1598 3419 angelus
1617 3349 1720 3403 fal-

109 3458 216 3495 cem
242 3458 397 3495 suam
421 3443 482 3495 in
513 3446 750 3511 terram,
781 3445 836 3496 et
866 3440 1228 3496 vindemiavit
1263 3441 1489 3496 vineam
1524 3446 1718 3511 terrae;

110 3544 153 3592 et
178 3540 319 3594 misit
343 3540 401 3593 in
429 3541 624 3594 lacum
667 3539 767 3593 ira:
803 3538 902 3592 Dei
944 3555 1237 3610 magnum,
1276 3545 1330 3593 et
1366 3539 1605 3595 calcatus
1641 3545 1723 3595 est

109 3632 244 3686 lacus
269 3639 427 3687 extra
453 3634 762 3698 civitatem,
792 3636 848 3688 et
869 3632 1039 3687 exivit
1063 3632 1289 3703 sanguis
1310 3633 1377 3686 de
1398 3633 1521 3687 lacu
1545 3649 1721 3705 usque

112 3728 168 3782 ad
195 3729 374 3785 frenos
402 3746 688 3802 equorum
713 3746 818 3801 per
843 3731 1020 3784 stadia
1040 3730 1196 3784 mille
1225 3735 1505 3785 sexcenta.

500 3821 678 3872 Lectio
703 3823 922 3872 Actuum
947 3823 1318 3885 apostolorum.

169 3893 430 3966 Tempore
472 3895 566 3949 illo
603 3895 809 3948 Saulus
853 3894 1038 3949 adhuc
1076 3895 1294 3965 spirans
1340 3894 1631 3950 minarum
1667 3901 1725 3952 et

111 3986 256 4039 caedis
295 3987 352 4041 in
387 3987 693 4058 discipulos
728 3986 974 4055 Domini,
1023 3987 1254 4041 accessit
1294 3988 1364 4042 ad
1408 3988 1723 4059 principem

110 4080 461 4147 sacerdotum,
495 4086 554 4136 et
578 4080 745 4151 petiit
771 4081 841 4134 ab
883 4097 948 4134 eo
985 4081 1246 4150 epistolas
1288 4081 1346 4135 in
1393 4082 1723 4137 Damascum

109 4173 166 4225 ad
192 4190 497 4246 synagogas
520 4193 536 4243 ;
565 4179 632 4228 ut
652 4191 796 4245 quos
826 4173 1131 4229 invenisset
1154 4174 1324 4244 hujus
1356 4174 1461 4228 vite
1490 4175 1634 4230 viros
1660 4193 1723 4231 ac

109 4265 372 4335 mulieres,
410 4268 629 4322 vinctos
657 4267 992 4338 perduceret
1016 4267 1074 4321 in
1101 4268 1464 4322 Hierusalem.
1498 4269 1566 4322 Et
1592 4285 1723 4325 cum

109 4358 200 4412 iter
224 4360 442 4429 faceret,
477 4360 721 4430 contigit
748 4365 810 4416 ut
837 4360 1319 4432 adpropinquaret
1339 4363 1605 4416 Damasco
1630 4379 1642 4417 :
1668 4369 1724 4418 et

110 4451 272 4506 subito
316 4453 694 4508 circumfulsit
737 4469 869 4508 eum
909 4454 1005 4509 lux
1044 4454 1112 4509 de
1154 4454 1312 4523 caelo,
1345 4458 1402 4509 et
1429 4455 1631 4510 cadens
1661 4455 1721 4510 in

112 4548 320 4614 terram,
347 4547 564 4602 audivit
587 4563 783 4602 vocem
826 4547 1107 4602 dicentem
1145 4546 1249 4600 sibi
1280 4563 1293 4600 :
1325 4547 1505 4616 Saule,
1536 4549 1718 4616 Saule,

111 4637 232 4706 quid
258 4655 346 4694 me
389 4641 791 4712 persequeris?
831 4642 898 4695 Et
944 4639 1084 4694 dixit
1117 4658 1130 4694 :
1160 4639 1294 4704 Quis
1329 4657 1408 4708 es,
1451 4627 1802 4700 Domine‘lD

113 4730 169 4782 Et
191 4731 318 4786 ille:
355 4735 474 4805 Ego
517 4750 646 4787 sum
683 4735 842 4788 Jesus
883 4749 1056 4804 quem
1096 4737 1159 4787 tu
1199 4734 1575 4804 persequeris.
1621 4735 1727 4790 Sed

111 4838 280 4892 surge,
311 4829 363 4880 et
388 4827 692 4897 ingredere
720 4826 778 4880 in
808 4826 1113 4895 civitatem,
1144 4829 1200 4880 et
1224 4822 1444 4881 dicetur
1461 4827 1563 4882 tibi
1597 4844 1725 4898 qua:

111 4919 155 4967 te
179 4923 423 4987 oporteat
442 4921 650 4975 facere.
683 4920 796 4973 Viri
816 4923 1007 4974 autem
1033 4919 1131 4991 qui
1151 4918 1564 4974 comitabantur
1594 4937 1722 4975 cum

111 5023 185 5076 eo,
204 5011 417 5067 stabant
439 5012 755 5084 stupefacti,
771 5013 1062 5068 audientes
1073 5012 1304 5084 quidem
1319 5028 1530 5082 vocem,
1550 5015 1726 5070 nemi-

111 5117 228 5157 nem
250 5110 438 5160 autem
468 5107 740 5172 videntes,
763 5105 1013 5176 Surgens
1037 5111 1227 5161 autem
1249 5106 1444 5161 Saulus
1463 5108 1532 5162 de
1552 5113 1720 5178 terra,

111 5198 411 5270 apertisque
438 5201 617 5256 oculis
641 5201 786 5256 nihil
816 5200 1057 5255 videbat.
1087 5200 1168 5254 Ad
1197 5215 1430 5254 manum
1449 5205 1638 5256 autem
1663 5201 1724 5256 il-

114 5288 215 5344 lum
240 5292 547 5362 trahentes,
574 5294 915 5350 introierunt
954 5295 1294 5348 Damascum
1327 5309 1340 5347 :
1369 5298 1425 5348 et
1457 5299 1576 5349 erat
1617 5294 1721 5349 tri-

111 5378 204 5436 bus
227 5383 418 5440 diebus
443 5386 665 5454 Saulus,
699 5393 756 5443 et
780 5403 894 5442 non
921 5385 1297 5448 manducavit,
1327 5402 1510 5457 neque
1558 5387 1718 5442 bibit.

246 5482 415 5532 Lectio
443 5485 611 5534 sancti
641 5483 908 5548 Evangelii
944 5483 1232 5534 secundum
1260 5483 1568 5533 Johannem.

174 5560 363 5618 Diebus
387 5563 494 5618 illis
523 5571 648 5636 post
672 5565 1162 5634 resurrectionem,
1194 5580 1324 5619 cum
1359 5565 1509 5619 fores
1533 5569 1722 5620 essent

173 5707 195 5737 ⁸
222 5706 324 5780 Hoc
352 5708 717 5780 Evangelium
747 5709 889 5763 bene
924 5708 1184 5764 convenit
1225 5712 1414 5780 octavo
1455 5708 1564 5763 diei
1594 5711 1720 5780 post

115 5772 326 5849 Paseha,
354 5794 467 5848 quo
497 5772 587 5834 die
617 5779 676 5833 in
723 5779 928 5834 Ordine
968 5782 1223 5834 Romono
1251 5772 1718 5849 assignatuero—

116 5849 254 5930 catur
277 5848 567 5930 Dominica:
601 5853 659 5904 in
686 5850 826 5930 algis
858 5866 956 5930 seu
985 5853 1060 5930 ad
1086 5852 1238 5930 albas
1262 5848 1630 5930 depanendas.‘
1655 5851 1716 5904 In

115 5913 294 5976 Codice
324 5919 677 5977 Vallicellano
717 5919 945 5979 affertur
984 5922 1050 5978 ad
1097 5922 1242 5979 hanc
1281 5913 1429 5978 diem
1459 5920 1530 5977 ad
1561 5919 1714 5978 albas

1746 1899 1800 1970 Β

1827 612 1982 667 venit
2006 612 2274 666 Dominus
2309 613 2484 680 Iesus,
2527 616 2584 666 et
2617 610 2766 666 stetit
2804 610 2862 665 in
2903 609 3090 666 medio
3134 627 3351 677 eorum,
3393 616 3449 668 et

1828 705 1960 760 dicit
1984 706 2104 760 eis:
2145 707 2255 760 Pax
2293 705 2466 760 vobis.
2514 706 2579 759 Et
2619 705 2727 759 hoc
2764 721 2894 758 cum
2924 703 3173 770 dixisset,
3205 704 3448 761 ostendit

1828 799 1906 852 eis
1935 815 2136 853 manus
2179 803 2236 853 et
2270 799 2437 853 latus.
2479 798 2657 853 Gavisi
2695 800 2826 852 sunt
2861 814 2996 868 ergo
3034 797 3291 869 discipuli
3329 799 3448 855 viso

1828 893 2086 947 Domino.
2117 893 2262 947 Dixit
2287 909 2422 963 ergo
2449 892 2528 947 eis
2565 891 2770 946 iterum
2801 907 2814 945 :
2844 892 2952 945 Pax
2990 891 3296 948 vobiscum.
3327 892 3443 949 Sic-

1826 990 1890 1040 ut
1919 985 2072 1040 misit
2110 1003 2201 1040 me
2245 988 2425 1053 Pater,
2468 991 2524 1040 et
2566 1003 2671 1055 ego
2709 986 2871 1040 mitto
2901 1001 3016 1039 vos.
3047 986 3156 1039 Hoc
3191 1002 3321 1041 cum
3356 986 3443 1041 di-

1828 1079 2016 1145 xisset,
2071 1079 2391 1147 insufﬂavit,
2451 1083 2507 1134 et
2557 1079 2688 1134 dicit
2736 1079 3117 1150 eiszAccipite
3173 1079 3445 1149 Spiritum

1827 1177 2114 1241 sanctum;
2159 1189 2400 1244 quorum
2447 1171 2772 1226 remiseritis
2813 1176 3033 1243 peccata
3081 1173 3448 1228 remittuntur

1827 1265 1925 1333 eis,
1954 1270 2010 1320 et
2033 1282 2276 1337 quorum
2301 1264 2642 1320 retinueritis
2671 1269 2887 1320 retenta
2918 1269 3068 1320 sunt.
3089 1265 3328 1320 Thomas
3351 1281 3447 1321 au-

1824 1362 1938 1413 tem
1977 1375 2125 1412 unus
2167 1375 2234 1413 ex
2267 1359 2580 1426 duodecim,
2621 1358 2720 1429 qui
2757 1358 2964 1412 dicitur
3001 1358 3288 1429 Dydimus,
3329 1375 3443 1415 non

1826 1456 1944 1506 erat
1967 1469 2094 1506 cum
2123 1453 2201 1506 eis
2228 1452 2451 1523 quando
2479 1452 2634 1505 venit
2661 1451 2931 1506 Dominus
2955 1452 3130 1506 Jesus.
3174 1452 3446 1507 Dixerunt

1824 1561 1959 1616 ergo
1985 1545 2037 1600 ei
2054 1545 2150 1599 alii
2176 1545 2432 1616 discipuli
2461 1561 2474 1598 :
2507 1544 2756 1599 Vidimus
2785 1545 3105 1600 Dominum.
3133 1545 3228 1599 Ille
3251 1551 3442 1601 autem

1823 1639 1966 1694 dixit
1994 1639 2072 1694 eis
2104 1656 2117 1694 :
2151 1639 2266 1694 Nisi
2289 1638 2479 1692 videro
2506 1637 2563 1692 in
2603 1638 2861 1692 manibus
2892 1639 3013 1709 ejus
3055 1638 3295 1694 fixuram
3324 1638 3441 1692 cla-

1823 1749 2041 1799 vorum,
2074 1736 2129 1787 et
2153 1732 2374 1787 mittam
2410 1748 2648 1787 manum
2687 1748 2872 1786 meam
2899 1732 2956 1786 in
2984 1732 3132 1787 latus
3159 1733 3299 1802 ejus,
3328 1748 3443 1788 non

1824 1826 2067 1880 credam.
2098 1827 2165 1880 Et
2201 1830 2328 1896 post
2371 1826 2487 1881 dies
2529 1829 2693 1880 octo.
2737 1825 2946 1880 iterum
2985 1829 3147 1879 erant
3185 1825 3443 1897 discipuli

1825 1919 1944 1988 ejus
1969 1919 2153 1988 intus;
2185 1923 2239 1973 et
2270 1919 2508 1973 Thomas
2540 1934 2669 1972 cum
2709 1917 2806 1972 eis.
2846 1918 3008 1972 Venit
3050 1918 3317 1972 Dominus
3349 1919 3439 1973 Je-

1823 2029 1915 2066 sus
1938 2011 2130 2082 januis
2169 2012 2390 2077 clausis,
2417 2017 2472 2065 et
2513 2011 2663 2064 stetit
2696 2010 2754 2064 in
2794 2011 3002 2078 medio,
3034 2014 3090 2064 et
3117 2011 3257 2065 dixit
3283 2027 3297 2064 :
3328 2013 3444 2066 Pax

1823 2104 1996 2160 vobis.
2042 2104 2248 2160 Deinde
2304 2104 2448 2158 dixit
2493 2104 2720 2157 Thomse
2757 2118 2769 2156 :
2806 2104 2951 2156 lnfer
2993 2103 3236 2174 digitum
3283 2108 3444 2159 tuum

1823 2198 1954 2264 huc,
1984 2203 2039 2252 et
2058 2198 2181 2252 vide
2212 2214 2411 2252 manus
2439 2213 2623 2262 meas;
2654 2201 2709 2251 et
2734 2196 2872 2250 affer
2913 2213 3147 2250 manum
3175 2201 3351 2265 tuam,
3390 2201 3446 2251 et

1821 2292 1981 2345 mitte
2007 2291 2066 2344 in
2093 2291 2235 2345 latus
2257 2307 2476 2358 meum;
2506 2295 2561 2345 et
2589 2291 2702 2344 noli
2739 2306 2858 2344 esse
2899 2290 3218 2344 incredulus
3255 2289 3350 2344 sed
3379 2288 3442 2344 ﬁ-

1822 2384 1978 2439 delis.
2008 2384 2318 2454 Respondit
2341 2384 2580 2438 Thomas
2611 2383 2820 2452 etidixit
2836 2383 2887 2437 ei
2919 2399 2931 2436 :
2966 2382 3232 2436 Dominus
3259 2399 3441 2450 meus,

1821 2482 1876 2532 et
1920 2477 2059 2531 Deus
2105 2492 2282 2530 meus.
2334 2476 2480 2530 Dixit
2527 2476 2577 2530 ei
2614 2477 2770 2530 Jesus
2799 2492 2812 2529 :
2845 2475 2984 2539 Quia
3025 2475 3211 2529 vidisti
3246 2491 3358 2544 me,
3388 2479 3444 2530 et

1821 2577 1877 2625 et
1900 2569 2184 2624 credidisti
2214 2569 2389 2623 :beati
2421 2568 2516 2639 qui
2535 2584 2647 2622 non
2676 2569 2950 2636 viderunt,
2977 2572 3033 2621 et
3061 2567 3438 2623 crediderunt.
3463 2562 3467 2566 ’

1820 2663 1988 2717 Multa
2012 2662 2242 2734 quidem
2268 2666 2320 2716 et
2355 2661 2459 2715 alia
2505 2661 2666 2732 signa
2709 2661 2839 2714 fecit
2879 2660 3148 2714 Dominus
3184 2661 3341 2714 Jesus
3382 2661 3442 2716 in

1822 2761 2123 2826 conspectu
2149 2754 2549 2826 discipulorum
2573 2771 2826 2824 suorum,
2863 2754 2961 2826 qui
2988 2770 3102 2808 non
3133 2759 3264 2808 sunt
3303 2753 3439 2808 scri-

1819 2852 1916 2920 pta
1946 2848 2003 2902 in
2028 2847 2171 2902 libro
2198 2848 2322 2902 hoc.
2356 2848 2480 2902 Haec
2507 2853 2696 2904 autem
2728 2847 2932 2919 scripta
2958 2851 3089 2901 sunt
3117 2850 3182 2902 ut
3209 2846 3444 2902 credatis

1821 2942 1954 3012 quia
1979 2943 2004 2996 J
2011 2958 2135 2995 esus
2165 2945 2246 2995 est
2267 2941 2519 2995 Christus
2540 2941 2707 2995 Filius
2736 2941 2851 3011 Dei,
2884 2945 2939 2996 et
2963 2945 3026 2996 ut
3052 2940 3341 2995 credentes
3367 2939 3446 2993 vi-

1821 3040 1936 3090 tam
1967 3034 2217 3090 habeatis
2247 3034 2305 3088 in
2336 3034 2565 3089 nomine
2595 3034 2734 3104 ejus.

2420 3148 2616 3187 lNClPIT
2657 3148 2836 3188 MISSA.

1893 3214 2262 3286 Omnipotens
2289 3216 2630 3287 sempiterne
2662 3218 2826 3284 Deus,
2853 3216 2950 3288 qui
2976 3215 3253 3287 populum
3279 3218 3445 3270 tuum

1824 3309 2105 3379 Unigeniti
2136 3309 2218 3363 tui
2249 3309 2523 3380 sanguine
2552 3309 2861 3378 redemisti,
2892 3309 3040 3364 solve
3066 3308 3288 3364 vincula
3313 3323 3443 3380 pec-

1822 3406 2073 3456 catorum
2101 3406 2454 3469 nostrorum;
2493 3406 2556 3456 ut
2582 3402 2682 3473 qui
2710 3407 2978 3456 aeternam
3004 3402 3178 3456 vitam
3225 3401 3283 3456 in
3310 3417 3443 3456 con-

1820 3495 2056 3549 fessione
2077 3494 2159 3549 tui
2188 3494 2432 3549 nominis
2463 3499 2592 3550 sunt
2620 3495 2829 3565 adepti,
2858 3493 2999 3549 nihil
3026 3494 3264 3551 debeant
3289 3509 3440 3548 mor-

1822 3589 1892 3642 tis
1917 3587 2152 3642 auctori.

2497 3657 2765 3707 Collectio.

1892 3745 2114 3810 Praesta,
2161 3758 2504 3814 qumsumus,
2553 3742 2909 3813 omnipotens
2952 3742 3116 3809 Deus,
3170 3744 3234 3796 ut
3273 3741 3444 3812 hujus

1819 3836 2097 3907 paschalis
2122 3837 2433 3891 festivitatis
2462 3837 2716 3890 mirabile
2762 3840 3178 3890 sacramentum
3216 3839 3272 3889 et
3296 3839 3442 3890 tem-

1823 3931 2073 4000 poralem
2104 3930 2266 3984 nobis
2291 3929 2752 4008 tranquillitatem
2778 3929 3009 3996 tribuat,
3039 3933 3095 3983 et
3127 3929 3302 3984 vitam
3350 3927 3448 3983 tri-

1822 4023 1959 4079 buat
1983 4023 2407 4094 sempiternam.

2443 4113 2566 4161 Post
2596 4111 2826 4161 nomina.

1891 4196 2143 4268 Respice,
2187 4213 2530 4268 quazsumus,
2567 4197 2820 4266 Domine,
2863 4200 2917 4252 et
2956 4201 3315 4268 peccatorum
3349 4212 3446 4252 no-

1823 4294 2069 4345 strorum
2106 4291 2367 4347 tenebras
2411 4295 2601 4346 averte
2646 4309 2659 4346 :
2689 4295 2754 4346 ut
2791 4306 2930 4362 quos
2972 4294 3196 4346 exercet
3229 4290 3448 4346 devotio

1821 4383 2185 4439 solemnitatis
2210 4385 2505 4456 paschalis,
2534 4383 2838 4438 inlustrent
2866 4383 3070 4454 gaudia
3111 4383 3222 4454 piae
3248 4383 3442 4455 cogni-

1819 4476 1986 4531 tionis
2015 4494 2030 4532 :
2057 4481 2112 4532 et
2136 4478 2366 4532 nomina
2395 4494 2522 4548 quas
2549 4477 2778 4532 recitata
2830 4479 2980 4546 sunt,
3014 4475 3072 4530 in
3111 4476 3316 4530 caelesti
3342 4491 3444 4546 pa-

1828 4570 1960 4641 gina
1983 4571 2258 4626 conscribi
2283 4569 2600 4642 praecipias.

2483 4665 2560 4716 Ad
2585 4679 2786 4730 pacem.

1894 4752 2165 4820 Concede,
2213 4768 2556 4823 quasumus,
2601 4751 2958 4822 omnipotens
2998 4750 3162 4819 Deus,
3203 4753 3268 4805 ut
3304 4750 3447 4805 festa

1824 4846 2126 4915 Paschalia,
2157 4862 2284 4917 qua;
2310 4845 2604 4902 devotione
2634 4845 2884 4912 colimus,
2903 4843 3155 4898 moribus
3179 4858 3447 4914 exsequa-

1824 4955 1992 5006 mur;
2021 4944 2076 4994 et
2104 4956 2302 5010 pacem
2331 4956 2502 5012 quam
2537 4955 2642 5012 per
2669 4939 2862 4994 omnia
2890 4937 3171 4992 custodire
3206 4935 3442 5007 jussisti,

1824 5049 1938 5087 non
1966 5037 2189 5088 tantum
2235 5033 2458 5103 osculis,
2490 5033 2588 5088 sod
2627 5032 2834 5087 animis
2869 5045 3201 5086 conservare
3228 5046 3329 5084 nos
3349 5039 3442 5102 ju-

1823 5125 1953 5180 beas
1983 5142 1996 5180 :
2027 5130 2089 5180 ut
2115 5126 2461 5196 spiritalibus
2486 5126 2647 5181 donis
2672 5125 2932 5192 instituti,
2960 5122 3259 5195 apostolica
3293 5139 3441 5194 prae-

1824 5223 1984 5290 cepta
2008 5235 2312 5275 servemus.

2463 5288 2791 5340 Contestatio.

1892 5376 2032 5430 Vere
2060 5375 2298 5446 dignum
2323 5380 2379 5431 et
2394 5375 2615 5446 justum
2640 5380 2741 5446 est,
2771 5373 3127 5446 omnipotens
3151 5373 3317 5441 Deus,
3342 5388 3448 5444 per

1820 5468 2104 5523 Christum
2127 5470 2447 5526 Dominum.
2473 5471 2642 5542 Cujus
2665 5486 2816 5524 mors
2837 5469 3106 5523 humanae
3137 5467 3266 5521 vita
3302 5466 3446 5520 facta

1821 5565 1903 5616 est
1927 5564 2231 5633 reparatio,
2263 5564 2570 5620 destructio
2601 5563 2820 5630 mortis,
2862 5561 3066 5618 ablatio
3090 5559 3322 5633 peccati,
3349 5573 3440 5612 ve-

1819 5705 2176 5779 deponendas
2210 5711 2395 5767 Oratio
2433 5726 2598 5779 quam
2636 5709 2786 5764 debet
2811 5705 3065 5779 sacerdos
3088 5703 3262 5779 dicere
3285 5712 3443 5779 super

1819 5724 1886 5788 oe
1929 5724 2176 5764 onenaas
2210 5724 2395 5767 uram
2433 5726 2598 5793 quam
2636 5724 2786 5764 aeoet
2811 5724 3065 5785 saceraos.
3090 5724 3262 5758 amere
3285 5724 3439 5819 saga

1815 5724 2075 5843 ῑηίξιητϐε,
2133 5782 2350 5849 quando
2402 5797 2477 5835 cas
2523 5795 2804 5838 scucusare
2854 5778 2993 5843 vult,
3053 5774 3106 5828 ld
3158 5775 3241 5826 est
3287 5768 3336 5821 al
3380 5781 3439 5818 as

1817 5863 2020 5903 exuere
2029 5889 2040 5902 .
