3970 6404
484 386 578 443 511

1352 366 1683 439 APPENDIX
1720 382 1807 437 AD
1843 379 2062 437 orem
2100 382 2153 437 s.
2199 383 2497 440 GERMANI
2536 382 2960 441 PARlSlENSlS.

3767 373 3876 438 512

479 493 576 550 nia
589 491 829 561 offensis,
854 490 1124 548 redemtio
1144 488 1462 560 hominum,
1475 488 1854 546 reconciliatio
1875 488 2095 560 mundi,
2121 504 2180 578 Α
2199 491 2341 559 Quid
2353 492 2506 549 enim
2518 491 2612 548 illa
2622 507 2783 547 mens
2794 489 3010 563 perfida
3021 491 3246 563 poterat
3257 487 3594 563 excogitare
3606 487 3685 547 de
3695 503 3876 547 cruce

482 592 539 644 et
562 591 676 643 tum
706 588 867 642 Pater
894 585 1118 657 pietatis
1150 584 1295 640 mira
1333 584 1591 656 plaeatio.
1626 586 1703 640 De
1740 587 1920 638 morte
1948 583 2101 638 enim

482 680 685 737 Christi
713 680 1049 735 resurrectio
1074 683 1265 735 nostra
1287 678 1441 733 venit
1467 679 1527 733 in
1556 678 1857 748 mundum,
1890 676 1988 749 qui
2037 676 2105 730 si-

479 778 575 830 cut
605 774 721 829 ovis
758 774 829 829 ad
853 774 1191 830 occisionem
1234 790 1337 845 pro
1374 772 1535 828 nobis
1571 773 1771 827 ductus
1808 776 1923 839 est;
1958 774 2107 826 etut

481 883 662 940 agnus
687 884 875 923 coram
903 868 1170 923 tondente
1198 867 1318 922 sine
1345 883 1498 935 voce,
1529 866 1607 920 sic
1634 868 1767 920 non
1796 864 2017 937 aperuit
2045 880 2106 919 os

482 978 669 1017 suum.
700 962 796 1016 Hic
820 962 972 1016 enim
994 966 1076 1017 est
1099 979 1280 1033 agnus
1301 961 1397 1016 Dei
1419 960 1743 1031 unigenitus
1767 958 1935 1014 Filius
1954 963 2103 1027 tuus,

483 1056 582 1128 qui
606 1056 750 1111 tollit
774 1060 998 1128 peccata
1024 1050 1225 1111 inundi
1254 1071 1267 1110 :
1293 1055 1390 1128 qui
1420 1071 1479 1110 se
1504 1071 1608 1126 pro
1638 1054 1798 1109 nobis
1823 1052 2107 1107 offerendo

483 1165 598 1205 non
634 1149 855 1219 desinit,
894 1166 1110 1222 nosque
1149 1150 1300 1222 apud
1344 1153 1399 1204 te
1431 1151 1709 1221 perpetua
1749 1146 2109 1203 advocatione

481 1242 730 1299 defendit
774 1258 788 1297 :
841 1243 974 1314 quia
1007 1259 1325 1315 numquam
1357 1243 1600 1298 moritur
1628 1240 1971 1308 immolatus,
2012 1238 2109 1294 sed

484 1352 705 1408 semper
728 1336 865 1391 vivit
889 1335 1122 1392 occisus.
1150 1337 1331 1401 Quem
1357 1337 1614 1406 laudant,
1646 1339 1753 1390 etc.

918 1432 1048 1479 Item
1075 1428 1380 1479 contestatio
1400 1427 1674 1493 paschalis.
1770 1430 1773 1433 ’

552 1503 689 1557 Vere
714 1502 953 1574 dignum
982 1508 1038 1557 et
1056 1502 1279 1573 justum
1309 1504 1393 1555 est
1417 1501 1778 1571 omnipotens
1807 1501 1972 1565 Deus,
2018 1515 2111 1554 cu-

474 1596 569 1667 jus
592 1612 625 1650 a
649 1595 850 1651 mundi
869 1595 1090 1667 origine
1116 1595 1170 1649 in
1179 1594 1521 1649 aestimabilis
1541 1610 1677 1665 erga
1697 1593 1996 1648 hominum
2019 1608 2109 1663 ge—

482 1705 589 1745 nus
615 1689 834 1744 dilectio
858 1692 1217 1761 perseverat;
1241 1689 1379 1743 dum
1396 1688 1580 1759 justos
1599 1703 1703 1758 per
1726 1686 1873 1740 viam
1898 1690 2108 1741 rectam

483 1782 800 1855 gradientes
826 1783 1109 1837 caelestem
1134 1781 1295 1865 ducit.
1310 1782 1380 1838 ad
1402 1781 1667 1854 patriam,
1698 1782 1755 1834 et
1793 1783 2112 1852 peccatores

2201 606 2329 662 quas
2345 589 2466 661 jam
2477 588 2833 660 sacrilegium
2850 585 3213 642 commiserat
3223 585 3283 640 in
3297 590 3603 641 auctorem
3612 583 3644 640 ?
3666 584 3874 657 itaque

2202 683 2345 737 sicut
2354 683 2413 737 in
2426 683 2627 737 Christi
2639 680 3049 737 resurrectione
3061 679 3335 735 calliditas
3344 681 3371 735 J
3378 680 3694 734 udazorum
3709 678 3875 735 dam-

2204 781 2332 832 nata
2347 777 2532 844 est,ita
2544 780 2628 832 est
2642 776 2701 831 in
2712 775 2894 831 crucis
2906 773 3356 830 manifestatione
3368 773 3606 829 virtutis
3621 771 3871 829 confusa

2944 868 3137 902 ecreta.

2944 868 2970 902 8
3037 869 3063 902 e
3124 889 3137 899 .

2220 976 2223 979 .
2274 920 2449 975 Deum
2486 922 2794 975 creatorem
2820 923 2877 975 et
2907 855 3293 973 gedergtorem
3325 919 3624 985 nostrum,
3673 914 3783 988 qui
3812 915 3876 972 in

2207 1029 2393 1083 carne,
2424 1029 2596 1085 quam
2624 1012 2864 1083 sumpsit
2891 1011 2960 1066 de
2990 1009 3244 1080 Virgine,
3276 1026 3382 1081 pro
3427 1008 3613 1064 totius
3658 1008 3874 1065 mundi

2209 1107 2383 1162 salute
2413 1105 2760 1162 admirabilis
2788 1105 2972 1160 hostia
2996 1103 3328 1159 immolatus
3355 1108 3441 1159 est
3467 1102 3533 1157 in
3563 1102 3758 1157 crucis
3786 1102 3876 1157 al-

2207 1200 2315 1255 tari
2330 1218 2347 1269 ;
2368 1204 2423 1255 et
2434 1203 2669 1271 propter
2690 1198 3092 1270 expellendum
3100 1213 3408 1266 venenum,
3424 1196 3587 1268 quod
3601 1196 3666 1251 in
3686 1195 3879 1252 Adam

2207 1293 2391 1348 fuerat
2408 1294 2666 1349 suasione
2686 1292 2961 1364 serpentis
2985 1292 3260 1357 infusum,
3287 1290 3538 1362 preciosi
3563 1290 3877 1362 sanguinis

2209 1387 2459 1459 porrexit
2498 1386 2839 1454 antidotum,
2883 1390 2946 1440 ut
2980 1384 3236 1439 criminis
3281 1384 3512 1457 antiqui
3561 1388 3878 1455 peccatum

2208 1484 2325 1535 tam
2350 1496 2499 1535 novo
2539 1479 2807 1534 sacriﬁcio
2849 1482 3234 1551 purgaretur;
3272 1481 3331 1532 et
3358 1494 3542 1547 mors,
3573 1493 3713 1548 quas
3744 1493 3880 1549 pro-

2209 1574 2373 1628 cessit
2399 1574 2674 1644 gustando
2703 1573 2772 1628 de
2798 1571 3047 1627 scientiae
3072 1571 3249 1642 ligno,
3283 1576 3620 1627 moreretur
3647 1587 3761 1642 per
3800 1570 3879 1625 1i-

2212 1683 2418 1737 gnum;
2452 1666 2729 1738 supplices
2765 1666 3158 1737 deprecamur,
3191 1669 3256 1719 ut
3292 1681 3420 1734 nos,
3458 1680 3612 1736 quos
3652 1664 3882 1736 eripuit

2211 1760 2279 1815 de
2303 1760 2525 1814 inferno
2550 1776 2653 1831 per
2671 1759 2842 1830 hujus
2865 1758 3015 1830 signi
3038 1758 3381 1829 patibulum,
3434 1758 3708 1828 ejusdem
3734 1774 3881 1830 pro-

481 1852 549 1931 ab
566 1875 860 1947 iniquitate
878 1892 1176 1931 conversos
1196 1852 1495 1947 paternam
1514 1877 1765 1945 reportat
1781 1872 1851 1927 ad
1870 1872 2111 1944 gratiam

2275 1853 2451 1908 ctione
2478 1852 2749 1923 perducat
2776 1852 3138 1947 adﬁregnum:

479 1968 617 2024 Hinc
641 1985 778 2040 ergo
803 1973 906 2037 est,
942 1969 1299 2040 omnipotens
1324 1969 1486 2037 Deus,
1529 1966 1680 2039 quod
1705 1965 1976 2020 Dominus
2001 1981 2106 2021 no-

479 2065 594 2117 ster
618 2063 779 2117 Iesus
810 2062 1064 2118 Christus
1099 2062 1243 2117 sicut
1280 2061 1537 2132 passione
1580 2076 1681 2115 sua
1716 2059 1989 2131 exspoliat
2016 2059 2106 2114 in-

479 2154 650 2221 feros,
681 2154 761 2210 ita
783 2154 953 2209 etiam
977 2155 1391 2210 resurrectione
1432 2170 1532 2208 sua
1569 2152 1874 2220 manubiis,
1903 2152 2109 2224 quibus

481 2251 726 2303 tartarea
753 2248 941 2303 vincla.
965 2249 1291 2314 nudaverat,
1314 2247 1543 2302 vestivit
1575 2245 1958 2318 potentialiter
1998 2262 2107 2300 caa-

487 2342 586 2397 los.
618 2343 725 2398 Per
748 2358 920 2415 quem
950 2342 1297 2413 Majestatem
1326 2346 1502 2396 tuam.

794 2457 951 2497 MISSA
990 2458 1044 2496 IN
1082 2456 1405 2497 INVENTIONE
1445 2455 1660 2495 SANCTiﬁ
1686 2449 1789 2512 ᾧ..

694 2529 924 2593 Epistola
952 2527 1091 2578 Pauli
1119 2528 1338 2592 apostoli
1371 2528 1437 2577 ad
1466 2528 1817 2591 Philippenses
1845 2540 1891 2579 b.

554 2601 792 2669 Fratres,
820 2601 926 2655 hoc
957 2601 1160 2656 sentite
1187 2601 1246 2655 in
1264 2600 1421 2655 vobis
1451 2600 1601 2671 quod
1631 2600 1689 2653 in
1710 2597 1929 2654 Christo
1956 2596 2107 2664 Jesu,

476 2694 594 2766 qui,
626 2710 758 2748 cum
782 2693 843 2748 in
867 2694 1052 2749 forma
1072 2695 1168 2749 Dei
1195 2699 1359 2760 esset,
1384 2710 1500 2747 non
1523 2692 1783 2763 rapinam
1809 2689 2111 2744 arbitratus

477 2792 561 2844 est
586 2802 707 2842 esse
734 2803 792 2841 se
818 2788 1096 2861 aequalem
1140 2788 1274 2854 Deo,
1317 2786 1411 2841 sed
1460 2785 1829 2855 semetipsum
1864 2781 2111 2837 exinani-

477 2880 557 2935 vit
587 2879 833 2936 formam
865 2880 1009 2934 servi
1037 2880 1334 2951 accipiens,
1364 2879 1425 2933 in
1467 2877 1890 2932 similitudinem
1922 2874 2108 2929 homi-

477 2989 619 3028 num
646 2973 845 3042 factus,
874 2978 931 3027 et
956 2973 1158 3027 habitu
1184 2973 1445 3027 inventus
1477 2976 1537 3027 ut
1562 2972 1753 3026 homo.
1790 2968 2111 3024 Humiliavit

479 3067 865 3137 semetipsum,
895 3066 1073 3120 factus
1093 3065 1357 3120 obediens
1379 3081 1557 3136 usque
1582 3065 1651 3119 ad
1678 3067 1940 3130 mortem,
1964 3079 2111 3116 mor-

477 3164 594 3215 tem
620 3164 811 3214 antem
842 3159 1042 3214 crucis.
1076 3160 1309 3230 PrOpter
1336 3158 1487 3230 quod
1513 3161 1569 3212 et
1597 3158 1739 3211 Deus
1763 3156 1927 3211 illum
1953 3156 2105 3210 exal-

476 3252 635 3320 tavit,
654 3256 710 3306 et
735 3251 961 3307 donavit
987 3252 1070 3305 illi
1093 3268 1300 3306 nomen
1330 3268 1499 3322 super
1525 3267 1693 3305 omne
1712 3266 1942 3337 nomen,
1965 3254 2031 3303 ut
2049 3249 2108 3303 in
2128 3236 2181 3310 C

477 3344 708 3400 nomine
731 3346 861 3399 Jesu
886 3360 1052 3399 omne
1081 3360 1229 3416 genu
1252 3344 1528 3412 ﬂectatur,
1567 3335 1893 3410 caelestium,
1924 3345 2102 3396 terre-

476 3439 677 3493 strium
703 3442 759 3493 et
782 3438 1169 3506 infernorum;
1212 3441 1268 3492 et
1308 3437 1492 3491 omnis
1532 3436 1731 3507 lingua
1770 3435 2105 3490 conﬁteatur

474 3532 607 3603 quia
633 3531 901 3586 Dominus
925 3533 1081 3586 Jesus
1109 3531 1362 3585 Christus
1390 3530 1448 3584 in
1469 3530 1643 3600 gloria
1669 3533 1752 3583 est
1774 3528 1874 3584 Dei
1902 3527 2100 3583 Patris.

630 3624 805 3675 Lectio
828 3626 993 3674 sancti
1014 3623 1282 3687 Evangelii
1305 3622 1594 3673 secundum
1619 3622 1929 3672 Matthmum.

544 3710 737 3766 Simile
761 3714 844 3766 est
867 3726 1112 3781 regnum
1131 3711 1400 3763 caelorum
1419 3709 1684 3763 thesauro
1702 3706 2025 3762 abscondito
2046 3706 2103 3761 in

473 3819 628 3874 agro,
650 3820 824 3874 quem
842 3803 941 3874 qui
966 3802 1182 3857 invenit
1208 3803 1381 3856 homo
1406 3801 1714 3869 abscondit,
1742 3806 1799 3855 et
1818 3817 1936 3871 pras
1962 3816 2096 3871 gau-

473 3895 565 3950 dio
596 3895 744 3949 illius
768 3895 944 3960 vadit,
972 3899 1029 3949 et
1069 3894 1320 3949 vendidit
1362 3894 1619 3948 universa
1656 3910 1782 3965 quas
1818 3892 2008 3961 habet,
2048 3895 2105 3947 et

475 3987 616 4042 emit
640 4004 845 4059 agrum
872 3987 1055 4042 illum.
1085 3988 1293 4041 lterum
1330 3987 1510 4041 simile
1539 3991 1622 4042 est
1649 4002 1893 4058 regnum
1935 3986 2100 4039 caelo-

478 4096 608 4135 rum
632 4080 852 4135 homini
878 4080 1220 4151 negotiatori
1246 4080 1523 4150 quaerenti
1547 4080 1721 4134 bonas
1748 4077 2101 4149 margaritas.

481 4173 710 4227 Inventa
728 4176 919 4228 autem
943 4189 1059 4228 una
1083 4173 1333 4244 preciosa
1357 4173 1682 4243 margarita,
1706 4171 1865 4241 abiit,
1892 4174 1949 4226 et
1975 4186 2105 4225 ven-

477 4265 621 4321 didit
645 4265 833 4321 omnia
856 4283 985 4338 quae
1011 4266 1232 4332 habuit,
1264 4271 1319 4322 et
1347 4266 1487 4321 emit
1509 4282 1653 4322 eam.
1691 4266 1901 4319 lterum
1924 4263 2105 4317 simile

475 4362 559 4414 est
582 4375 825 4431 regnum
850 4361 1117 4414 caelorum
1141 4376 1366 4431 sagenae
1411 4359 1599 4414 missa:
1637 4358 1699 4413 in
1742 4373 1920 4425 mare,
1951 4360 2007 4412 et
2034 4372 2104 4412 ex

474 4452 630 4507 omni
661 4469 865 4523 genere
896 4453 1135 4524 piscium
1171 4452 1541 4524 congreganti
1572 4468 1586 4505 :
1619 4467 1791 4522 quam
1825 4465 1955 4504 cum
2000 4448 2105 4504 im-

472 4545 622 4616 pleta
652 4550 813 4615 esset,
844 4547 1164 4615 educentes,
1194 4547 1489 4616 elegerunt
1513 4545 1689 4599 bonos
1715 4544 1776 4599 in
1800 4560 1947 4613 vasa,
1978 4559 2099 4597 ma-

473 4638 555 4693 los
584 4643 772 4694 autem
798 4640 948 4694 foras
973 4639 1269 4694 miserunt.
1295 4638 1385 4693 Sic
1405 4638 1511 4693 erit
1531 4638 1591 4692 in
1612 4637 2101 4693 consummatione

470 4728 679 4783 saeculi.
707 4728 954 4784 Exibunt
981 4728 1188 4799 angeli,
1227 4732 1283 4783 et
1311 4728 1650 4799 separabunt
1676 4728 1851 4782 malos
1876 4727 1945 4782 de
1980 4743 2100 4781 me-

471 4816 562 4872 dio
580 4817 889 4887 justorum,
923 4819 979 4870 et
1004 4816 1231 4871 mittent
1272 4833 1364 4869 eos
1388 4815 1447 4871 in
1476 4816 1762 4871 caminum
1799 4815 1951 4886 ignis
1979 4832 1992 4869 :
2023 4814 2101 4869 ibi

472 4914 577 4969 erit
604 4914 770 4970 ﬂetus
790 4918 847 4970 et
876 4913 1082 4969 stridor
1108 4914 1388 4969 dentium.

1080 5023 1279 5063 INCIPIT
1319 5023 1494 5064 MISSA.
1742 5050 1749 5056 ~

538 5086 927 5141 Venerabilem
974 5090 1089 5141 toto
1124 5088 1336 5142 mundo
1382 5088 1452 5142 de
1513 5086 1837 5141 inventione
1895 5088 2101 5140 sanctze

470 5183 661 5239 Crucis
707 5182 1144 5239 sacratissimum
1182 5185 1333 5240 diem
1367 5184 1716 5240 sollemniter
1751 5183 2098 5239 celebrantes

473 5272 678 5343 gratias
722 5287 956 5342 agamus
1007 5272 1211 5329 divinae
1245 5274 1537 5346 potentiae,
1582 5273 1682 5344 qui
1709 5276 1878 5326 tanta:
1908 5272 2101 5327 salutis

471 5360 756 5428 vexillum,
785 5361 934 5431 quod
973 5362 1203 5417 Judaica
1248 5361 1411 5417 nobis
1448 5361 1826 5415 abscondebat
1860 5361 2097 5429 malitia,

470 5454 706 5508 caelestis
735 5452 899 5510 hodie
942 5456 1211 5511 revelavit
1255 5454 1573 5509 clementia.
1624 5456 1764 5508 Nam
1816 5454 1917 5509 etsi
1963 5471 2100 5525 gens

470 5542 685 5614 perﬁda
711 5544 1019 5599 Dominum
1043 5548 1301 5598 nostrum
1329 5542 1389 5596 in
1414 5543 1667 5613 sepulcro
1706 5542 1947 5598 retinere
1984 5560 2099 5598 non

466 5637 669 5708 potuit,
701 5638 786 5693 vel
814 5637 933 5710 ipsa
953 5637 1144 5692 Crucis
1166 5635 1373 5691 indicia
1395 5636 1571 5690 voluit
1596 5634 1698 5689 sub
1725 5634 1871 5691 fossa
1896 5637 2096 5693 celare.

532 5755 560 5788 ⁸
587 5759 833 5813 Habetur
856 5757 996 5812 item
1013 5757 1185 5810 missa
1205 5756 1274 5811 de
1297 5771 1363 5810 ea
1387 5756 1448 5809 in
1464 5754 1715 5823 Gothico,
1739 5756 1835 5811 sed
1861 5757 2097 5813 diversa.

468 5827 709 5884 Observa
751 5829 845 5883 hic
887 5828 1071 5882 nullas
1111 5824 1388 5896 assignari
1418 5825 1611 5880 missas
1654 5842 1758 5897 pro
1798 5827 2101 5885 Dominicis

470 5904 592 5968 post
616 5899 842 5966 Pascha,
871 5897 1005 5970 quia
1023 5897 1310 5970 paschales
1337 5897 1759 5969 repetebantur.

2280 1996 2418 2049 Vere
2435 1994 2673 2066 dignum
2693 1998 2749 2049 et
2766 1931 3505 2066 jusﬁfirntiezlsattlgmnipotens
3531 1994 3696 2049 Deus
3730 2011 3746 2049 :
3777 1993 3885 2069 qui

2211 2104 2389 2160 genus
2417 2088 2735 2143 humanum
2759 2086 3224 2158 praevaricatione
3251 2104 3357 2143 sua
3385 2087 3450 2142 in
3478 2087 3672 2159 ipsius
3704 2086 3888 2161 origi-

2209 2182 2298 2236 nis
2316 2181 2500 2236 radice
2520 2181 2882 2235 damnatum:
2902 2197 3007 2252 per
3026 2180 3228 2236 ﬂorem
3240 2180 3540 2253 virginalis
3564 2182 3731 2237 uteri
3756 2182 3888 2239 red-

2211 2275 2342 2330 dere
2370 2275 2634 2345 dignatus
2660 2290 2717 2329 es
2745 2275 3066 2329 absolutum
3093 2293 3109 2329 :
3143 2278 3199 2329 et
3241 2274 3548 2330 hominem
3594 2277 3885 2346 recreari,

2208 2372 2273 2423 ut
2298 2368 2568 2437 diabolus,
2614 2368 2714 2439 qui
2750 2368 2931 2422 Adam
2982 2368 3044 2422 in
3097 2367 3290 2439 fragili
3328 2384 3503 2424 carne
3548 2369 3883 2440 devicerat,

2210 2465 2533 2516 conservata
2548 2460 2768 2532 justitia
2792 2478 2823 2514 a
2852 2462 2963 2515 Deo
2979 2477 3149 2516 carne
3170 2461 3513 2517 redderetur
3525 2463 3881 2535 adsumpta,

2211 2571 2340 2608 cum
2355 2555 2665 2625 perfectum
2681 2553 2983 2609 Dominum
2999 2556 3026 2609 J
3032 2570 3192 2609 esum
3212 2554 3507 2610 Christum
3529 2556 3597 2611 in
3619 2562 3886 2630 utraque

2210 2647 2519 2703 substantia
2543 2647 2718 2702 hostis
2742 2652 3002 2702 temtaret
3042 2648 3347 2719 humilem,
3382 2649 3481 2703 sed
3521 2656 3888 2721 agnosceret

2211 2746 2637 2813 praepotentem.
2667 2742 2805 2795 Nam
2834 2740 3188 2796 adversarius
3208 2746 3404 2797 noster
3422 2759 3532 2798 nec
3552 2761 3591 2798 a
3612 2745 3748 2800 solo
3771 2747 3888 2801 Deo

2209 2835 2409 2889 certari
2434 2839 2671 2905 poterat,
2699 2850 2803 2889 nec
2828 2852 2863 2889 a
2886 2835 3002 2889 solo
3028 2834 3267 2890 homine
3298 2835 3600 2892 debellari.
3625 2838 3750 2894 Sed
3782 2856 3887 2895 cu-

2202 2924 2298 2994 jus
2332 2927 2662 2994 provocatus
2689 2923 2895 2978 visibili
2934 2940 3191 2995 corpore,
3230 2924 3414 2979 victus
3454 2931 3543 2981 est
3590 2926 3897 2984 invisibili

2207 3021 2501 3088 potestate.
2527 3016 2623 3070 Dic
2649 3016 2845 3087 igitur,
2888 3017 3065 3071 hostis
3098 3018 3357 3090 antique,
3385 3035 3502 3090 quo
3550 3024 3664 3075 tua
3695 3022 3889 3091 fraus,

2210 3126 2323 3182 quo
2351 3114 2707 3179 argumenta,
2736 3126 2848 3181 quo
2870 3110 3195 3181 serpentina
3214 3111 3453 3167 consilia
3480 3118 3625 3169 sunt
3646 3118 3888 3173 vorata?

2210 3205 2346 3258 Ecce
2387 3203 2653 3273 deceptor
2690 3204 2955 3274 deceptus
2998 3210 3089 3273 es,
3138 3209 3195 3260 et
3246 3206 3348 3276 qui
3396 3205 3890 3279 triumphaveras

2207 3297 2564 3351 conculcaris.
2598 3298 2735 3351 Nam
2764 3314 2911 3363 caro,
2942 3313 3069 3368 quae
3097 3297 3202 3353 tibi
3225 3298 3335 3353 fuit
3364 3299 3427 3354 in
3452 3300 3649 3357 Adam
3690 3304 3888 3376 cibus,

2203 3390 2380 3445 factus
2406 3394 2490 3444 est
2528 3390 2586 3443 in
2628 3389 2846 3445 Christo
2883 3390 3146 3446 interitus
3174 3408 3188 3446 :
3212 3396 3271 3446 et
3293 3392 3449 3447 unde
3501 3395 3678 3466 prius
3731 3415 3888 3468 esca,

2202 3483 2333 3538 inde
2377 3483 2639 3538 snccessit
2684 3484 2944 3555 penuria.
2996 3484 3103 3540 Sed
3143 3484 3441 3541 videamus
3485 3488 3591 3543 ubi
3622 3493 3893 3565 contigit

2203 3593 2389 3648 poena,
2418 3577 2487 3632 de
2518 3593 2628 3648 qua
2654 3582 2911 3632 tenemus
2935 3577 3228 3633 victoriam
3258 3595 3271 3632 :
3303 3583 3361 3634 et
3386 3580 3714 3638 adoremus
3748 3602 3891 3642 cru-

2205 3671 2283 3724 cis
2323 3669 2698 3741 signaculum,
2736 3686 2839 3741 per
2876 3671 3027 3742 quod
3059 3671 3257 3727 salutis
3299 3673 3625 3730 sumsimus
3680 3694 3889 3735 sacra-

2202 3768 2478 3817 mentum.
2504 3764 2641 3817 Ecce
2683 3780 2821 3818 crux
2864 3765 3202 3820 venerabilis
3238 3767 3534 3823 evacuatio
3585 3771 3888 3842 vulneris,

2202 3855 2479 3911 restitutio
2508 3856 2777 3926 sanitatis,
2803 3856 2937 3912 ﬁdei
2965 3858 3282 3928 oraculum,
3332 3860 3455 3932 spei
3487 3861 3886 3937 suffragium,

2202 3949 2449 4004 victoriae
2479 3950 2921 4006 ﬁrmamentum.
2953 3952 3014 4006 In
3050 3951 3155 4006 hac
3187 3953 3469 4009 Dominus
3503 3962 3722 4014 noster
3753 3978 3889 4017 ma-

2201 4060 2310 4098 nus
2356 4060 2538 4098 seems
2579 4048 2937 4115 pugnaturus
2981 4044 3222 4101 inseruit
3265 4064 3279 4101 :
3312 4046 3375 4101 in
3420 4047 3532 4104 hac
3584 4054 3658 4107 ut
3707 4055 3891 4110 nobis

2202 4135 2451 4208 palmam
2476 4135 2771 4204 tribueret,
2815 4153 2945 4191 suas
2974 4138 3191 4208 palmas
3221 4140 3582 4213 Redemptor
3606 4149 3888 4219 aptavit;

2202 4233 2259 4285 et
2276 4229 2435 4301 quasi
2459 4228 2520 4283 in
2546 4234 2752 4285 statera
2778 4247 2835 4286 se
2862 4230 3050 4302 ipsum
3091 4248 3197 4303 pro
3232 4234 3428 4304 precio
3471 4240 3689 4294 nostro
3734 4257 3891 4313 pen-

2204 4322 2363 4391 savit,
2396 4327 2455 4379 ut
2482 4323 2595 4378 vita
2628 4323 2854 4379 vendita
2880 4323 3042 4379 fieret
3081 4341 3237 4380 mors
3271 4327 3527 4399 captiva.
3568 4331 3636 4386 In
3668 4333 3790 4390 hac
3816 4352 3893 4392 ne

2202 4416 2449 4471 mundus
2486 4432 2717 4487 gravem
2764 4416 2989 4488 lapsum
3052 4424 3329 4489 gemeret,
3390 4427 3636 4479 sanctos
3700 4426 3891 4499 pedes

2201 4509 2453 4564 Christus
2478 4510 2694 4579 adﬁxit,
2722 4514 2779 4565 et
2797 4516 2992 4565 contra
3015 4511 3225 4568 fortem
3249 4513 3453 4569 fortior
3496 4520 3708 4576 totum
3752 4539 3888 4577 cor-

2122 4604 2180 4675 D
2202 4619 2308 4674 pus
2327 4603 2778 4675 triumphaturus
2806 4604 3081 4661 extendit.
3110 4607 3224 4660 Hoc
3251 4612 3449 4664 tamen
3476 4609 3619 4680 plus
3651 4618 3749 4670 est
3772 4616 3887 4672 mi-

2200 4696 2396 4765 rabile,
2451 4697 2585 4768 quia
2626 4697 2777 4768 quod
2820 4700 2937 4752 toto
2977 4699 3195 4754 mundo
3236 4701 3576 4772 profecerit,
3638 4706 3710 4763 in
3762 4726 3887 4765 uno

2201 4794 2351 4844 stans
2379 4789 2566 4862 stipite
2590 4800 2820 4845 cursum
2844 4791 3020 4846 victor
3045 4792 3319 4864 implevit.
3345 4794 3390 4849 Ο
3424 4812 3578 4853 crux
3610 4801 3885 4858 admira-

2199 4882 2298 4937 bili
2325 4882 2529 4938 virtute
2567 4884 2918 4955 praecellens,
2962 4886 3219 4941 muneris
3271 4888 3525 4959 preciosi
3575 4893 3886 4969 largitrix,

2201 4992 2328 5048 quae
2347 4976 2532 5032 reddis
2558 4977 2705 5031 cives
2730 4977 2799 5032 de
2827 4978 3165 5050 peregrinis,
3196 4979 3379 5036 felicis
3398 4982 3493 5038 de
3536 4989 3885 5063 naufragis,

2199 5069 2402 5125 liberos
2427 5070 2497 5134 de
2534 5070 2798 5141 subditis,
2840 5071 3058 5128 vivaces
3106 5072 3283 5129 efficis
3328 5075 3398 5130 de
3420 5083 3769 5148 peremtis!
3805 5086 3888 5141 Ad

2201 5164 2364 5219 caelos
2394 5163 2556 5218 ducis
2581 5165 2651 5219 de
2684 5165 2933 5235 tartaris,
2963 5166 3175 5222 amicos
3215 5184 3453 5224 revocas
3492 5187 3571 5228 ex
3613 5176 3885 5247 offensis,

2200 5256 2487 5328 adoptivos
2509 5257 2644 5312 facis
2669 5258 2737 5313 de
2757 5259 3011 5330 perditis,
3042 5260 3282 5317 heredes
3300 5262 3569 5321 instituis
3604 5269 3684 5326 de
3714 5272 3886 5328 dam-

2199 5351 2364 5405 natis.
2411 5352 2546 5406 Vere
2588 5352 2825 5406 summis
2869 5353 3042 5425 digna
3086 5356 3387 5427 praeconis,
3437 5374 3583 5431 quae
3635 5364 3889 5421 viduato

2199 5444 2421 5499 inferno
2447 5444 2649 5500 dotasti
2673 5446 3020 5516 paradisum,
3047 5452 3104 5502 et
3130 5449 3310 5504 virtus
3336 5466 3471 5521 quas.
3505 5454 3692 5513 illum
3745 5462 3887 5517 sub-

2201 5537 2360 5607 didit,
2402 5537 2553 5615 hunc
2598 5539 2797 5594 erexit.
2837 5541 2918 5594 Tu
2962 5540 3141 5595 nostri
3190 5542 3391 5614 capitis
3440 5547 3639 5619 galea,
3684 5553 3891 5610 lateris

2200 5630 2412 5702 palma,
2441 5631 2681 5702 pectoris
2707 5648 2765 5687 es
2804 5632 2997 5703 lorica,
3042 5638 3098 5690 et
3123 5634 3400 5708 quicquid
3427 5642 3561 5696 tota
3604 5648 3887 5703 membra

2270 5756 2629 5839 {Sequentes
2669 5758 2797 5813 duae
2834 5759 3125 5839 Lectiones
3164 5761 3543 5836 subsequenti
3600 5769 3765 5828 festo
3795 5772 3884 5829 in-

2200 5831 2382 5884 ventae
2407 5829 2598 5883 Crucis
2619 5829 2983 5886 conveniunt.
