3970 6410
82 368 170 419 513

569 363 1178 419 SACRAMENTARIUM
1218 365 1658 420 GALLICANUM.
1703 393 1770 403 ——
1808 364 2173 418 LECTIONES
2210 363 2297 418 DE
2333 364 2637 418 ADVENTU
2678 363 2933 418 DOMINL

3329 367 3428 419 514

80 470 454 542 poposcerint,
502 471 616 525 sola
661 472 868 527 sufﬁcis
914 474 1279 544 praemunire.
1326 474 1461 528 Ecce
1495 473 1702 528 factum
1727 472 2001 558 Ascipuli
2029 472 2403 542 ejusdicentes
2435 491 2447 526 :
2479 473 2741 526 Desertus
2783 472 3052 537 estlocus,
3077 475 3132 524 et
3157 471 3295 525 hora
3307 472 3428 542 jam

80 569 152 619 est
176 564 338 619 nobis
371 565 605 636 signum
633 566 812 620 crucis
839 566 898 620 in
923 566 1133 621 bonum
1162 583 1264 637 per
1279 567 1563 622 Christum
1593 567 1702 620 Do-

81 658 288 712 minum
319 662 607 714 nostrum.

465 781 626 821 MISSA
666 783 719 821 ΙΝ
760 783 1018 823 LETANIAS
1057 783 1308 822 DICENDA.

575 849 636 900 In
654 849 907 901 Letam’as
929 847 1151 915 legenda
1163 845 1209 900 ⁸.

534 925 709 973 Lectio
765 926 917 974 Johel
968 925 1252 988 prOphctaa.

145 998 265 1051 Haec
294 997 434 1051 dicit
478 999 752 1052 Dominus
784 1018 796 1053 :
831 998 1236 1053 Convertiinini
1277 998 1345 1052 ad
1384 1013 1474 1051 me
1505 997 1562 1051 in
1594 1001 1707 1051 toto

84 1090 234 1146 corde
261 1096 468 1157 vestro,
501 1092 559 1146 in
580 1092 820 1162 jejunio,
846 1096 902 1146 et
926 1092 1080 1158 fletu,
1109 1098 1164 1146 et
1189 1092 1250 1146 in
1277 1092 1505 1162 planctu
1535 1107 1547 1144 :
1572 1090 1709 1144 scin-

85 1184 188 1238 dite
214 1185 380 1238 corda
410 1190 618 1252 vestra,
654 1191 707 1239 et
739 1203 851 1239 non
882 1185 1215 1239 vestimenta
1247 1190 1462 1251 vestra;
1491 1189 1546 1238 et
1573 1200 1705 1237 con-

84 1277 351 1332 vertimini
369 1278 438 1332 ad
455 1279 765 1333 Dominum
782 1280 958 1333 Deum
987 1285 1254 1347 vestrum,
1279 1278 1411 1349 quia
1429 1277 1711 1347 benignus

86 1375 133 1424 et
161 1371 475 1425 misericors
515 1377 618 1426 est.
661 1372 852 1426 Canite
893 1373 1030 1425 tuba
1074 1372 1134 1425 in
1177 1372 1326 1439 Sion,
1370 1370 1710 1424 sanctiticate

82 1463 369 1533 jejunium,
404 1470 604 1519 vocate
630 1471 858 1535 coetum,
892 1469 1231 1536 congregate
1253 1464 1546 1534 populum,
1582 1480 1709 1516 san-

87 1556 304 1611 ctificate
337 1558 659 1626 ecclesiam,
689 1563 882 1613 vocate
911 1574 1070 1612 senes
1101 1563 1157 1612 et
1194 1561 1454 1628 sugentes
1485 1557 1553 1610 ad
1578 1556 1711 1610 ube-

88 1669 162 1707 ra.
189 1655 334 1709 later
358 1656 708 1710 vestibulum
749 1662 805 1711 et
841 1657 1019 1710 altare
1057 1656 1357 1727 plorabunt
1400 1655 1711 1709 sacerdotes

88 1747 316 1800 ministri
360 1749 614 1816 Domini,
644 1755 699 1804 et
727 1749 914 1803 dicent
946 1765 958 1802 :
991 1751 1181 1818 Parce,
1211 1748 1468 1810 Domine,
1505 1747 1712 1818 populo

1805 565 2086 637 praeterit;
2118 566 2336 620 dimitte
2357 565 2564 634 turbas,
2592 570 2654 618 ut
2680 568 2873 618 euntes
2890 565 2950 618 in
2969 565 3209 633 castella,
3239 571 3431 620 emant

1805 659 1910 713 sibi
1937 676 2110 713 escas.
2139 661 2296 712 Jesus
2324 662 2515 712 autem
2538 658 2678 711 dixit
2707 657 2785 710 eis
2814 676 2826 711 :
2858 658 2977 710 Non
2999 658 3210 712 habent
3233 675 3425 712 neces-

1809 768 1865 805 se
1895 752 1997 820 ire,
2029 752 2153 806 date
2184 752 2295 805 illis
2323 769 2421 804 vos
2467 751 2826 804 manducare.
2875 751 3305 821 Responderunt
3331 751 3381 805 ei
3412 768 3424 804 :

1808 845 1925 897 Non
1962 845 2233 898 habemus
2278 844 2368 897 hic
2400 844 2510 897 nisi
2554 843 2806 913 quinque
2850 859 3042 913 panes,
3087 849 3142 898 et
3183 844 3320 898 duos
3348 843 3429 914 pi-

1809 953 1947 990 sces.
1979 937 2083 1000 Qui
2112 937 2189 989 ait
2214 937 2292 990 eis
2321 953 2334 990 :
2360 937 2584 990 Adferte
2613 936 2738 989 illos
2764 936 2907 989 mihi
2933 937 3062 990 huc.
3089 937 3153 990 Et
3171 953 3299 990 cum
3313 938 3429 1006 jus-

1810 1030 1968 1082 sisset
2018 1029 2241 1082 turbam
2291 1030 2641 1084 discumbere
2684 1046 2853 1099 supra
2901 1030 3136 1097 foenum,
3188 1030 3427 1100 acceptis

1809 1122 2056 1193 quinque
2077 1122 2320 1192 panibus
2347 1128 2402 1176 et
2415 1122 2630 1176 duobus
2660 1122 2923 1192 piscibus,
2947 1121 3222 1192 aspiciens
3247 1122 3305 1176 in
3328 1138 3429 1177 ce-

1809 1215 1927 1269 lum
1953 1216 2259 1285 benedixit,
2287 1219 2341 1269 et
2367 1216 2555 1286 fregit,
2588 1220 2643 1268 et
2679 1215 2831 1269 dedit
2860 1215 3142 1286 discipulis
3182 1217 3296 1270 suis
3328 1234 3426 1288 pa-

1809 1325 1929 1376 nes,
1959 1308 2216 1379 discipuli
2241 1312 2431 1362 autem
2459 1308 2656 1361 turbis.
2688 1309 2753 1360 Et
2803 1309 3290 1364 manducaverunt
3314 1327 3429 1364 om-

1810 1418 1930 1467 nes,
1960 1407 2014 1455 et
2040 1402 2273 1456 saturati
2303 1405 2452 1469 sunt,
2485 1406 2540 1454 et
2566 1400 2821 1454 tulerunt
2847 1401 3110 1472 reliquias
3133 1402 3426 1457 duodecim

1811 1494 2079 1565 cophinos
2109 1495 2561 1565 fragmentorum
2599 1493 2817 1563 plenos.
2848 1494 3306 1550 Manducantium
3336 1513 3428 1550 au-

1812 1592 1927 1642 tem
1952 1588 2056 1642 fuit
2087 1604 2358 1642 numerus
2396 1587 2647 1658 quinque
2684 1586 2839 1640 milia
2883 1587 3153 1659 virorum,
3186 1589 3429 1660 exceptis

1812 1681 2141 1736 mulieribus
2166 1686 2220 1736 et
2248 1681 2515 1752 parvulis.

2422 1786 2616 1824 INCIPIT
2654 1785 2822 1825 MISSA.

89 1846 193 1907 ῖυο,
219 1845 273 1894 et
298 1856 368 1894 ne
397 1841 498 1895 des
526 1842 900 1896 hereditatem
933 1848 1087 1896 tuam
1133 1843 1191 1895 in
1229 1841 1617 1914 OPPI‘Obl‘il‘m-
1648 1841 1714 1893 Et
1734 1857 1789 1928 B
1882 1854 2189 1908 Misericors
2213 1852 2469 1922 Domine,
2498 1853 2656 1922 cujus
2688 1853 3076 1907 miserationes
3105 1859 3234 1908 sunt
3261 1870 3431 1925 super

90 1934 363 2004 respondit
404 1935 700 2004 Dominus,
743 1941 800 1989 et
841 1936 984 1990 dixit
1013 1936 1222 2007 populo
1261 1951 1360 1988 suo
1393 1951 1405 1987 :
1440 1935 1574 1988 Ecce
1605 1950 1708 2002 ego

91 2026 297 2079 mittam
322 2027 478 2080 vobis
503 2027 882 2097 frumentum,
907 2029 1105 2082 vinum
1135 2033 1190 2082 et
1215 2029 1422 2093 oleum,
1452 2032 1508 2080 et
1533 2026 1711 2095 reple-

93 2117 273 2172 bimini
301 2136 365 2173 eo
395 2125 452 2174 et
496 2137 617 2174 non
662 2122 806 2175 dabo
834 2139 927 2175 vos
959 2122 1112 2175 ultra
1156 2121 1212 2174 in
1247 2119 1612 2191 opprobrium
1651 2119 1709 2171 in

96 2212 356 2281 gentibus,
387 2214 525 2284 quia
555 2214 685 2268 dedi
712 2215 865 2268 vobis
892 2216 1184 2268 Doctorem
1205 2213 1460 2283 justitiaa,
1489 2218 1544 2265 et
1593 2211 1710 2264 des-

95 2305 310 2360 cendere
339 2307 543 2360 faciam
569 2308 641 2361 ad
661 2325 756 2361 vos
781 2308 1023 2363 imbrem
1053 2307 1399 2362 matutinum
1428 2310 1482 2360 et
1510 2304 1706 2358 seroti-

94 2414 241 2465 num,
270 2401 346 2454 ait
373 2401 650 2454 Dominus
680 2403 845 2455 Deus.

235 2493 404 2542 Lectio
434 2494 604 2542 sancti
633 2493 899 2556 Evangelii
929 2492 1214 2542 secundum
1241 2491 1549 2540 Matthzeum.

161 2572 352 2626 Diebus
383 2573 512 2640 illis,
545 2574 689 2628 dixit
736 2573 1007 2626 Dominus
1047 2574 1203 2626 Jesus
1241 2572 1526 2641 discipulis
1548 2570 1662 2624 suis
1695 2587 1706 2622 :

101 2665 321 2719 Audistis
341 2667 474 2737 quia
501 2667 719 2721 dictum
745 2672 826 2721 est
843 2666 1108 2736 antiquis,
1145 2665 1351 2735 Diliges
1386 2664 1710 2734 proximum

102 2762 267 2827 tuum,
299 2763 353 2814 et
379 2760 509 2813 odio
538 2760 773 2814 habebis
810 2759 1107 2812 inimicum
1135 2764 1317 2812 tuum.
1366 2759 1480 2827 Ego
1523 2762 1709 2810 autem

105 2852 210 2904 dico
233 2853 381 2906 vobis
407 2873 423 2907 :
453 2853 682 2924 Diligite
722 2853 982 2906 inimicos
1027 2857 1260 2919 vestros,
1291 2851 1600 2904 benefacite
1625 2849 1712 2902 his

104 2945 188 3014 qui
212 2945 445 3000 oderunt
472 2963 591 3015 vos,
623 2951 777 3000 orate
805 2963 908 3016 pro
934 2944 1396 3016 persequentibus
1425 2951 1478 2997 ct
1497 2943 1708 2996 calum-

106 3038 366 3092 niantibus
393 3057 488 3093 vos
513 3057 526 3094 :
564 3045 628 3093 ut
653 3040 773 3092 sitis
802 3039 901 3092 lilii
928 3039 1104 3092 Patris
1130 3038 1297 3091 vestri
1326 3037 1423 3107 qui
1469 3037 1527 3090 in
1566 3035 1714 3089 cazlis

108 3135 195 3198 est,
222 3132 315 3202 qui
341 3133 517 3186 solem
549 3149 718 3187 suum
747 3132 880 3186 oriri
899 3132 1030 3185 facit
1045 3147 1213 3202 super
1239 3130 1414 3182 malos
1440 3134 1495 3182 et
1515 3129 1709 3195 bonos,

109 3229 154 3277 et
179 3225 311 3295 pluit
352 3243 523 3297 super
560 3227 742 3296 justos
783 3231 839 3280 et
873 3224 1128 3295 injustos.
1180 3224 1234 3278 Si
1280 3223 1432 3277 enim
1475 3219 1792 3292 diligatisC

111 3332 208 3385 eos,
235 3319 328 3389 qui
352 3336 447 3373 vos
485 3319 754 3389 diligunt,
795 3335 966 3388 quam
1012 3317 1334 3372 mercedem
1381 3315 1660 3369 habebitis
1692 3316 1718 3368 ?

111 3425 278 3466 nonne
303 3417 358 3466 et
393 3413 681 3483 publicani
725 3413 829 3466 hoc
859 3411 1115 3465 faciunt?
1153 3412 1217 3464 Et
1263 3410 1309 3463 si
1351 3408 1717 3463 salutaveritis

111 3503 290 3559 fratres
315 3512 526 3560 vestros
554 3511 797 3572 tantum,
822 3505 958 3576 quid
988 3503 1230 3575 amplius
1256 3503 1508 3558 facietis?
1533 3518 1719 3556 nonne

113 3597 304 3653 ethnici
330 3601 433 3654 hoc
459 3599 719 3654 faciunt?
751 3600 935 3652 Estote
972 3614 1109 3669 ergo
1139 3597 1393 3668 perfecti,
1438 3595 1580 3650 sicut
1618 3597 1717 3649 Pa-

114 3695 189 3744 ter
213 3697 387 3748 vester
410 3693 644 3746 caelestis
670 3694 950 3763 perfectus
978 3697 1079 3745 est.

115 3785 227 3837 Item
255 3789 366 3839 alia.
394 3791 570 3840 Lectio
606 3789 769 3839 sancti
804 3788 1068 3851 Evangelii
1100 3787 1387 3837 secundum
1408 3785 1720 3836 Matthaaum.

181 3869 234 3922 ln
261 3871 353 3924 illo
387 3876 665 3942 tempore,
709 3872 1025 3924 convocatis
1072 3869 1337 3923 Dominus
1371 3869 1530 3922 Jesus
1555 3865 1720 3920 disci-

121 3962 249 4032 pulis
279 3964 406 4032 suis,
438 3965 584 4019 dixit
615 3980 628 4017 :
660 3964 922 4018 Misereor
960 3962 1162 4029 turbae,
1209 3962 1339 4033 quia
1378 3961 1565 4015 triduo
1599 3959 1720 4029 jam

121 4063 454 4125 perseverant
493 4074 742 4127 mecum,
783 4061 840 4112 et
881 4073 999 4111 non
1038 4056 1248 4110 habent
1289 4055 1441 4126 quod
1489 4053 1722 4106 mandu-

124 4155 266 4204 cent:
294 4155 347 4206 et
375 4151 659 4206 dimittere
686 4167 782 4205 eos
801 4151 1027 4220 jejunos
1069 4150 1222 4218 nolo,
1261 4165 1332 4202 ne
1367 4146 1628 4201 deﬁciant
1667 4146 1723 4199 in

124 4241 216 4295 via.
244 4243 305 4299 Et
328 4244 520 4299 dicunt
555 4245 608 4299 ei
635 4243 893 4314 discipuli
925 4260 938 4296 :
970 4243 1125 4297 Unde
1161 4258 1296 4313 ergo
1336 4241 1494 4295 nobis
1528 4240 1585 4293 in
1625 4240 1722 4294 de-

126 4341 256 4389 serto
278 4353 446 4408 panes
477 4343 684 4407 tantos,
718 4343 779 4392 ut
805 4341 1124 4391 saturemus
1144 4336 1367 4390 turbam
1401 4334 1651 4389 tantam?
1664 4335 1727 4387 Et

126 4428 194 4481 ait
218 4429 318 4484 illis
343 4432 497 4486 Iesus
526 4449 538 4487 :
568 4433 715 4496 Quot
740 4447 914 4502 panes
941 4431 1195 4484 habetis?
1219 4432 1290 4483 At
1317 4429 1397 4482 illi
1423 4429 1721 4482 dixerunt:

129 4518 350 4594 Septem,
381 4531 435 4580 et
465 4543 671 4596 paucos
699 4525 1014 4597 pisciculos.
1048 4526 1112 4578 Et
1141 4521 1406 4594 praecepit
1446 4521 1626 4575 turbae
1667 4525 1728 4574 ut

130 4613 479 4674 discumberet
507 4636 676 4690 super
702 4625 885 4686 terra;
915 4624 971 4672 et
995 4617 1273 4687 accipiens
1307 4618 1520 4686 septem
1555 4631 1728 4685 panes
1747 4595 1806 4667 Β

133 4711 181 4759 et
212 4709 399 4780 pisces,
442 4713 650 4784 gratias
697 4729 890 4784 agens,
932 4711 1122 4781 fregit,
1165 4714 1220 4764 et
1259 4709 1413 4764 dedit
1453 4707 1736 4778 discipulis

134 4800 250 4869 suis,
289 4809 342 4858 et
375 4806 638 4878 discipuli
683 4807 961 4860 dederunt
1001 4805 1210 4875 populo
1245 4820 1258 4856 :
1289 4808 1345 4857 et
1370 4802 1738 4856 comederunt

136 4907 312 4950 omnes
332 4903 385 4952 et
405 4900 639 4954 saturati
662 4904 814 4954 sunt.
841 4900 906 4954 Et
919 4899 1070 4969 quod
1087 4896 1365 4968 superfuit
1378 4895 1445 4950 de
1458 4895 1738 4964 fragmen-

138 4985 196 5038 tis
211 4984 233 5022 δ
258 4991 499 5047 tulerunt
525 4999 739 5065 septem
760 4995 976 5064 sportas
1004 4992 1218 5063 plenas.
1248 4991 1620 5045 Erantautem
1641 4987 1737 5059 qui

139 5082 597 5141 manducaverunt
617 5093 884 5158 quattuor
913 5086 1071 5140 milia
1090 5084 1410 5152 hominum,
1437 5087 1594 5138 extra
1609 5098 1734 5153 par-

142 5173 278 5228 vulos
302 5183 356 5232 et
379 5181 669 5236 mulieres.

792 5251 920 5299 Item
942 5251 1059 5300 alia.

203 5317 425 5390 Vespere
455 5327 645 5378 autem
693 5323 862 5391 facto,
905 5326 1259 5377 accesserunt
1295 5321 1367 5375 ad
1408 5321 1600 5376 Jesum
1654 5319 1738 5373 di-

205 5456 227 5485 '
251 5461 502 5548 Diversae.
521 5472 578 5522 et
609 5465 944 5548 prolixiores
967 5467 1257 5548 Lectiones
1289 5465 1648 5548 assignantur
1683 5463 1742 5517 in

147 5525 449 5609 Luxoviensi
484 5525 858 5606 Lectionario;
889 5538 984 5592 sed
1023 5540 1109 5592 lim
1140 5555 1239 5609 pro
1265 5525 1454 5609 missa,
1481 5537 1605 5589 aliae
1642 5551 1740 5588 ex-

147 5601 220 5652 tra
249 5606 480 5662 missam.
509 5611 678 5664 Porro
705 5601 934 5663 Litaniae
976 5601 1371 5680 Itogaiionum
1389 5601 1582 5680 Reme:
1629 5622 1743 5659 non

151 5682 363 5750 recepta),
385 5684 514 5733 sunt
539 5686 665 5734 ante
693 5677 1088 5750 pontificatum
1113 5681 1308 5734 Leonis
1337 5679 1424 5750 Ill,
1466 5677 1586 5750 qui_
1608 5693 1746 5750 pon-

151 5741 321 5821 tifex—«5
341 5751 645 5821 constituit,
668 5741 734 5805 ut
761 5757 890 5805 ante
915 5758 1029 5806 tres
1055 5751 1174 5806 dies
1190 5741 1540 5821 Ascension'is
1557 5741 1742 5802 domi-

153 5816 280 5889 nicas
298 5816 516 5876 Litaniaa
544 5816 916 5889 celebrentur,
960 5842 987 5875 »
1017 5827 1254 5878 testante
1277 5819 1589 5876 Anastasio.

217 5883 239 5923 δ
267 5887 320 5941 tn
345 5893 646 5964 exemplari
675 5883 996 5960 fraumentis
1011 5911 1026 5962 ;
1060 5899 1115 5948 et
1139 5894 1198 5948 in
1226 5893 1602 5963 subsequente
1638 5889 1745 5943 alia

1809 1947 1995 2001 omnia
2021 1962 2190 2016 opera
2220 1945 2360 2015 ejus,
2392 1946 2591 1999 fratres
2616 1945 2909 2014 carissimi,
2940 1946 3338 2016 supplicemus,
3368 1954 3431 2002 ut

1807 2039 2060 2110 reliquiis
2109 2038 2304 2108 populi
2343 2038 2449 2106 sui,
2482 2055 2651 2109 quem
2680 2038 2843 2091 ruina
2869 2039 3067 2091 mundi
3105 2039 3344 2093 labentis
3369 2057 3431 2094 ac

1809 2133 2205 2203 praetereuntis
2248 2131 2545 2201 oppressit,
2586 2131 2645 2184 in
2678 2131 2841 2184 variis
2884 2131 3265 2185 adﬂictionum
3312 2133 3433 2202 ejus

1811 2229 2070 2279 succurat
2094 2225 2388 2295 angustiis,
2417 2241 2529 2294 quo
2557 2223 2794 2294 singulis
2823 2224 3006 2294 adque
3034 2224 3312 2278 universis
3331 2225 3430 2279 tri-

1808 2318 2168 2372 bulationum
2187 2334 2414 2370 suarum
2443 2317 2662 2387 pondus
2690 2333 2803 2371 non
2823 2317 2906 2370 ira
2935 2317 3156 2371 delendi
3181 2317 3314 2387 sint,
3337 2318 3429 2374 sed

1810 2410 2052 2466 eruditio
2079 2410 2460 2465 convertendi.

2503 2480 2730 2529 Secreta.

1879 2555 2041 2625 Deus,
2058 2558 2312 2608 nostrum
2335 2555 2620 2624 refugium
2654 2554 3030 2622 inlaboribus,
3075 2556 3249 2609 virtus
3266 2555 3325 2609 in
3352 2555 3435 2610 in-

1809 2649 2186 2716 firmitatibus,
2216 2648 2558 2716 adjutorium
2588 2649 2645 2701 in
2669 2647 3141 2717 tribulationibus,
3181 2649 3432 2703 solamen

1810 2742 1867 2796 in
1895 2742 2149 2809 ﬂetibus;
2174 2758 2340 2811 parce
2368 2741 2621 2810 Domine,
2653 2758 2813 2811 parce
2845 2741 3052 2812 populo
3077 2747 3192 2812 tuo,
3221 2759 3292 2796 ne
3316 2747 3430 2796 tra-

1811 2836 1906 2889 das
1935 2835 2124 2889 bestiis
2149 2835 2370 2888 animas
2394 2834 2721 2888 conﬁtentes
2747 2834 2866 2888 tibi.

2458 2927 2787 2974 Contestatio.

1883 3002 2020 3054 Vere
2049 2999 2287 3068 dignum
2302 3003 2356 3052 et
2377 3000 2596 3069 justum
2623 3003 2723 3066 est,
2752 2997 3109 3068 omnipotens
3138 2999 3302 3052 Deus.
3331 2999 3433 3052 Ex—

1812 3098 2098 3164 pectantes
2128 3109 2265 3161 ergo
2294 3092 2701 3146 misericordias
2727 3097 2870 3158 tuas,
2902 3096 3030 3145 ante
3081 3092 3268 3145 oculos
3313 3098 3437 3146 tuos

1817 3191 2112 3240 extensum
2138 3185 2472 3239 humilitatis
2502 3190 2707 3238 nostra:
2738 3184 2856 3238 sine
2893 3183 3172 3238 infusione
3201 3190 3312 3239 tum
3337 3185 3435 3239 be-

1817 3279 2150 3334 nedictionis
2189 3278 2524 3349 expetimus.
2567 3279 2755 3346 Parce,
2798 3278 3052 3344 Domine,
3107 3277 3345 3344 miseris,
3386 3284 3440 3333 et

1818 3377 1947 3426 ante
1975 3377 2136 3425 tuum
2156 3377 2515 3441 conspectum
2543 3386 2707 3441 parce
2734 3370 3054 3440 prostratis;
3078 3387 3180 3424 nec
3204 3371 3443 3425 afferant

1817 3465 1981 3520 nobis
2009 3469 2200 3519 nostra
2224 3465 2424 3518 delicta
2449 3468 2690 3532 reatum,
2721 3463 2816 3517 sed
2849 3463 3059 3517 tribuat
3086 3467 3182 3517 tua
3207 3464 3442 3520 dulcedo

1819 3558 2209 3614 consolationis
2246 3557 2582 3612 remedium.
2627 3557 3042 3625 Verumtamen,
3089 3557 3444 3628 omnipotens

1821 3658 1876 3707 et
1906 3651 2220 3706 misericors
2251 3652 2419 3718 Deus,
2449 3655 2502 3703 te
2552 3649 2930 3718 obsecramus,
2963 3654 3028 3703 ut
3070 3650 3444 3706 voluntariam

1821 3745 1984 3800 nobis
2030 3745 2284 3799 conferas
2327 3743 2600 3814 pluviam,
2646 3747 2702 3796 et
2740 3759 2811 3796 ne
2857 3743 3167 3797 secundum
3219 3749 3444 3814 peccata

1821 3847 2011 3896 nostra
2035 3839 2248 3893 tribuas
2272 3837 2452 3906 nobis,
2476 3854 2578 3892 nec
2606 3853 2670 3891 ea
2697 3853 2808 3908 qua
2839 3853 3128 3892 meremur
3155 3837 3444 3892 austerita-

1824 3941 1876 3990 te
1903 3951 2003 3988 nos
2020 3933 2260 4003 judices,
2289 3932 2422 4002 quia
2452 3936 2513 3985 tu
2542 3932 2722 4002 reples
2741 3947 2970 3985 omnem
2998 3931 3246 3987 animam
3270 3931 3442 3986 bene-

1824 4028 2067 4083 dictione
2096 4042 2198 4097 per
2221 4026 2505 4080 Christum
2530 4025 2832 4078 Dominum
2852 4031 3127 4079 nostrum.

2203 4136 2360 4175 MISSA
2399 4138 2448 4175 IN
2490 4134 2822 4175 ASCENSIONE
2861 4135 3074 4175 DOMINI.

2112 4200 2288 4250 Lectio
2311 4201 2615 4264 Apocalysis
2646 4201 2812 4249 sancti
2831 4201 3079 4250 Johannis
3111 4215 3149 4250 ο.

1899 4273 2016 4326 Vidi
2053 4273 2276 4326 turbam
2317 4288 2603 4342 magnam,
2655 4289 2828 4342 quam
2877 4273 3235 4328 dinumerare
3285 4291 3452 4331 nemo

1825 4371 2076 4438 poterat;
2111 4383 2177 4420 ex
2199 4365 2461 4419 omnibus
2487 4365 2770 4435 gentibus,
2800 4371 2855 4420 et
2879 4366 3159 4436 tribubus,
3188 4374 3243 4421 et
3268 4385 3451 4439 popu-

1825 4461 1912 4529 lis,
1958 4465 2014 4514 et
2063 4459 2289 4530 linguis,
2341 4463 2549 4513 stantes
2585 4463 2714 4512 ante
2760 4459 3030 4514 thronum
3060 4461 3120 4514 in
3160 4468 3452 4531 conspecto

1827 4553 1991 4625 Agni,
2023 4553 2213 4607 amicti
2250 4552 2416 4605 stolas
2444 4551 2614 4621 albas,
2644 4557 2699 4606 et
2727 4553 2936 4622 palmae
2973 4553 3033 4608 in
3071 4554 3331 4608 manibus
3355 4571 3451 4610 eo-

1833 4666 1983 4703 rum.
2012 4649 2078 4702 Et
2102 4646 2417 4701 clamabant
2444 4661 2577 4700 voce
2598 4662 2822 4716 magna,
2848 4647 3096 4701 dicentes
3121 4664 3134 4699 :
3158 4648 3316 4702 Salus
3341 4649 3455 4704 Deo

1835 4748 2042 4810 nostro,
2071 4740 2168 4812 qui
2195 4739 2340 4793 sedit
2365 4755 2534 4810 super
2559 4739 2847 4806 thronum,
2878 4745 2934 4794 et
2961 4744 3138 4812 Agno.
3170 4743 3234 4796 Et
3261 4758 3455 4798 omnes

1835 4835 2021 4907 angeli
2059 4833 2279 4888 stabant
2327 4833 2385 4886 in
2421 4832 2652 4887 circuito
2687 4833 2896 4903 throni,
2944 4841 3001 4889 et
3046 4836 3353 4898 seniorum,
3402 4842 3458 4891 et

1837 4933 2101 5001 quattuor
2150 4926 2481 4981 animalium
2525 4943 2538 4982 ε
2588 4932 2644 4980 et
2686 4927 3009 4982 ceciderunt
3060 4929 3119 4982 in
3163 4935 3456 5000 conspecto

1838 5023 2029 5078 throni
2050 5022 2109 5076 in
2136 5021 2302 5076 facies
2328 5037 2473 5089 suas,
2503 5025 2559 5074 et
2578 5021 2951 5075 adoraverunt
2973 5023 3166 5093 Deum,
3190 5024 3456 5095 dicentes,

1839 5120 2039 5171 Amen.
2070 5115 2408 5181 Benedictio,
2443 5119 2498 5167 et
2534 5113 2774 5182 claritas,
2818 5120 2873 5168 et
2912 5117 3201 5187 sapientia,
3244 5125 3299 5174 et
3329 5137 3458 5192 gra-

1839 5211 2046 5266 tiarum
2074 5210 2238 5276 actio,
2282 5214 2338 5263 et
2380 5209 2580 5274 honor,
2613 5213 2670 5262 et
2694 5209 2887 5275 virtus,
2933 5216 2988 5265 et
3030 5211 3303 5268 fortitudo
3348 5216 3461 5270 Deo

1841 5309 2029 5360 nostro
2057 5303 2114 5357 in
2141 5303 2342 5356 saecula
2371 5302 2727 5369 sarculorum,
2757 5319 2944 5359 amen.

1842 5450 2082 5509 lectione
2110 5450 2562 5515 fraumentorum.

1913 5551 1935 5579 ο
1973 5522 2290 5591 Sequentes
2330 5518 2615 5591 Lectiones
2661 5518 2802 5572 festo
2853 5523 3204 5578 Ascensionis
3263 5541 3462 5582 conve-

1842 5593 2026 5646 niunt.
2062 5589 2404 5662 Augustinus
2443 5589 2502 5642 in
2545 5605 2805 5662 sermone
2844 5593 2874 5645 3
2919 5593 2988 5646 de
3028 5597 3362 5651 Ascensione
3388 5598 3464 5650 ait

1843 5665 2051 5717 lectum
2076 5661 2245 5715 fuiSse
2275 5677 2340 5714 ex
2361 5661 2724 5730 Apocalypsi:
2753 5663 2895 5716 Vicit
2920 5665 3020 5718 Leo
3044 5667 3109 5719 de
3126 5669 3268 5720 tribu
3291 5668 3454 5721 Iuda.

1843 5737 1904 5790 In
1947 5749 2204 5787 sermone
2320 5733 2665 5786 mentionem
2709 5732 2840 5787 facit
2885 5735 3158 5790 Lectionis
3189 5752 3258 5790 ex
3295 5737 3455 5789 Libro

1843 5810 2085 5863 Actuum
2110 5805 2493 5876 apostolorum
2523 5822 2538 5858 :
2567 5819 2694 5876 quae
2718 5803 2900 5875 prima
2937 5812 3022 5860 est
3056 5806 3236 5862 Lectio
3274 5819 3342 5859 ex
3367 5805 3463 5857 tri-

1844 5879 1947 5933 bus
1975 5878 2032 5932 in
2061 5875 2404 5932 Lectionario
2428 5875 2952 5948 nostro_Gatticano.
