3970 6414
497 343 600 403 ﬁlii

712 451 886 503 Lectio
911 449 1076 502 sancti
1099 448 1368 514 Evangelii
1389 450 1680 502 secundum
1705 452 1913 502 Lucam.

567 545 770 602 Diebus
809 544 919 599 illis
965 543 1117 600 stetit
1149 543 1421 600 Dominus
1461 546 1618 600 Jesus
1643 545 1704 600 in
1731 544 1920 600 medio
1948 544 2112 600 disci-

496 639 763 711 pulorum
791 653 1046 707 suorum,
1076 641 1133 692 et
1156 637 1290 693 dicit
1313 637 1430 693 eis:
1461 640 1571 693 Pax
1597 638 1774 706 vobis,
1817 655 1924 710 ego
1963 655 2112 709 sum,

494 731 665 787 nolite
688 731 909 786 timere.
955 731 1285 786 Conturbati
1326 748 1459 786 vero
1489 737 1545 786 et
1570 731 1881 800 conterriti,
1920 732 2111 787 existi-

494 825 727 880 mabant
769 841 828 879 se
867 825 1128 896 spiritum
1152 825 1360 881 videre.
1398 826 1464 880 Et
1489 825 1632 880 dixit
1657 825 1736 879 eis
1765 843 1779 880 :
1813 825 1957 890 Quid
2001 828 2115 880 tur-

491 917 607 973 bati
634 918 786 988 estis,
817 924 873 974 et
897 919 1261 990 cogitationes
1285 917 1596 974 ascendunt
1617 918 1676 973 in
1701 918 1870 974 corda
1895 919 2115 972 vestra?

493 1013 684 1068 Videte
726 1029 928 1068 manus
974 1028 1129 1068 meas
1168 1017 1224 1066 et
1273 1013 1464 1083 pedes,
1521 1011 1656 1084 quia
1697 1011 1812 1083 ipse
1838 1028 1944 1082 ego
1964 1027 2111 1066 sum.

493 1106 720 1178 Palpate
749 1109 804 1159 et
829 1105 1028 1174 videte,
1057 1105 1188 1176 quia
1215 1105 1446 1177 spiritus
1478 1121 1708 1160 carnem
1746 1108 1805 1162 et
1845 1121 1971 1160 ossa
1998 1121 2115 1160 non

493 1199 682 1268 habet,
707 1199 851 1254 sicut
881 1215 972 1253 me
1005 1197 1202 1253 videtis
1227 1198 1457 1253 habere.
1488 1199 1555 1252 Et
1579 1214 1710 1253 cum
1737 1198 1844 1252 hoc
1869 1199 2112 1267 dixisset,

493 1292 734 1348 ostendit
767 1292 846 1347 eis
878 1307 1078 1346 manus
1099 1296 1156 1346 et
1179 1292 1369 1363 pedes.
1397 1291 1595 1346 Adhuc
1621 1297 1812 1347 autem
1848 1292 1958 1346 illis
2001 1308 2116 1347 non

493 1385 866 1454 credentibus,
889 1389 946 1440 et
969 1384 1303 1439 mirantibus
1331 1401 1450 1455 prae
1476 1385 1700 1456 gaudio,
1730 1385 1873 1440 dixit
1900 1401 1914 1439 :
1946 1385 2117 1439 Habe-

491 1477 563 1533 tis
585 1478 676 1532 hic
702 1477 914 1549 aliquid
933 1478 1083 1548 quod
1109 1478 1523 1532 manducetur?
1558 1481 1629 1532 At
1663 1477 1747 1532 illi
1789 1478 2117 1548 optulerunt

493 1571 546 1626 ei
569 1577 787 1642 partem
813 1571 979 1642 piscis
1003 1571 1128 1640 assi,
1161 1575 1217 1626 et
1244 1571 1434 1625 favum
1467 1570 1671 1625 mellis.
1708 1572 1775 1626 Et
1799 1587 1928 1625 cum
1953 1587 2113 1625 man-

495 1665 747 1720 ducasset
783 1681 974 1719 coram
1009 1664 1107 1732 eis,
1151 1679 1382 1719 sumens
1421 1663 1685 1736 reliquias
1735 1663 1888 1720 dedit
1917 1664 2016 1719 eis.
2051 1666 2116 1719 Et

493 1758 637 1814 dixit
663 1759 734 1813 ad
757 1773 854 1813 eos
887 1776 900 1812 :
941 1758 1066 1812 Haec
1105 1762 1240 1814 sunt
1271 1756 1442 1812 verba
1483 1773 1610 1828 quas
1639 1757 1859 1812 locutus
1893 1774 2019 1812 sum
2045 1757 2116 1811 ad

1373 342 1706 400 APPENDIX
1742 342 1828 400 AD
1863 341 2084 399 OPERA
2119 341 2174 397 S.
2211 338 2510 399 GERMANI
2545 338 2976 398 PARISIENSIS.

2135 464 2194 539 Α
2212 451 2418 506 formet
2466 465 2668 522 corpus
2721 444 3060 505 humilitatis
3107 440 3315 502 nostrae
3375 445 3612 520 corpori
3671 445 3890 518 glorise

3781 339 3889 392 5t6

2213 561 2350 600 suae.
2377 545 2556 608 Quem
2586 543 2740 599 laud.

2638 657 2794 697 MISSA
2833 655 2886 695 IN
2927 655 3419 704 QUINQUAGINSIHO.

2365 733 2538 784 Lectio
2559 733 2908 798 Apocalypsin
2929 733 3094 783 sancti
3122 733 3377 783 Johannis
3398 731 3634 796 apostoli
3667 731 3720 780 b.

2285 819 2442 888 Veni,
2491 819 2784 874 ostendam
2831 818 2933 873 tibi
2978 834 3247 891 sponsam
3284 833 3532 872 uxorem
3573 815 3762 888 Agni.
3821 816 3887 870 Et

2215 912 2438 968 sustulit
2465 929 2557 968 me
2583 912 2641 968 in
2667 911 2870 985 spiritu
2887 913 2947 968 in
2973 917 3230 968 montem
3254 927 3540 984 magnum
3573 915 3636 965 et
3661 909 3885 978 altum,

2215 1016 2272 1066 et
2307 1009 2550 1066 ostendit
2573 1010 2716 1065 mihi
2755 1010 3040 1066 civitatem
3081 1013 3334 1064 sanctam
3367 1007 3747 1063 Hierusalem
3781 1007 3885 1062 de-

2214 1105 2573 1159 scendentem
2598 1104 2667 1159 de
2693 1105 2870 1160 caelos
2891 1105 3026 1173 Deo,
3055 1103 3362 1158 habentem
3383 1101 3723 1156 claritatem
3755 1101 3888 1156 Dei.

2214 1197 2430 1252 Lumen
2453 1197 2574 1268 ejus
2599 1197 2780 1252 simile
2805 1197 2982 1270 lapidi
3016 1196 3292 1268 precioso,
3334 1201 3646 1267 tamquam
3697 1194 3891 1266 lapidi

2207 1289 2464 1362 jaspidis,
2493 1290 2638 1345 sicut
2677 1291 3027 1363 crystallum.
3068 1291 3134 1344 Et
3171 1289 3420 1344 habebat
3460 1303 3714 1343 murum
3770 1304 3892 1342 ma-

2217 1399 2394 1455 gnum
2421 1385 2478 1438 et
2503 1383 2702 1451 altum,
2734 1384 2949 1438 habens
2974 1388 3167 1454 portas
3184 1381 3494 1437 duodecim
3512 1386 3574 1436 et
3601 1381 3668 1435 in
3698 1381 3889 1452 portis

2214 1478 2443 1548 angelos
2464 1477 2756 1531 duodecim
2783 1482 2838 1531 et
2864 1476 3101 1531 nomina
3127 1475 3422 1547 inscripta,
3453 1491 3593 1547 qua:
3617 1480 3765 1529 sunt
3789 1491 3892 1529 no-

2215 1571 2369 1624 mina
2391 1570 2687 1625 duodecim
2718 1570 2973 1624 tribuum
3012 1570 3265 1624 filiorum
3295 1569 3488 1623 Israel.
3517 1568 3611 1622 Ab
3641 1568 3890 1622 Oriente

2213 1668 2393 1736 porta:
2417 1668 2551 1733 tres,
2580 1668 2636 1718 ct
2659 1664 2731 1718 ab
2759 1665 3021 1736 aquilone
3049 1668 3227 1734 porta:
3247 1667 3384 1718 tres.
3413 1663 3482 1716 Et
3502 1679 3724 1717 murus
3754 1661 3893 1716 civi-

2215 1757 2342 1812 tatis
2371 1757 2586 1812 habens
2604 1757 2974 1812 fundamenta
2993 1757 3292 1812 duodecim
3320 1761 3378 1811 et
3402 1755 3466 1810 in
3492 1756 3640 1827 ipsis
3663 1755 3892 1810 duode-

490 1869 587 1906 vos
615 1868 745 1906 cum
770 1851 954 1906 adhuc
990 1849 1204 1923 [essem]
1245 1850 1552 1920 vobiscum,
1583 1849 1853 1921 quoniam
1892 1832 2191 1905 necesseB
2215 1850 2325 1904 cim
2374 1851 2606 1905 nomina
2644 1852 3028 1922 apostolorum
3064 1851 3235 1924 Agni.
3275 1851 3344 1905 Et
3379 1848 3483 1922 qui
3518 1849 3892 1921 loquebatur

492 1951 576 2000 est
608 1945 833 2016 impleri
859 1943 1046 1999 omnia
1075 1960 1203 2015 quas
1239 1944 1444 2014 scripta
1480 1947 1614 1998 sunt
1645 1943 1704 1997 in
1750 1943 1876 2015 lege
1923 1942 2113 2014 Moysi,

493 2041 552 2093 et
583 2037 898 2108 Prophetis,
939 2041 996 2091 et
1037 2035 1268 2090 Psalmis
1295 2035 1364 2090 de
1408 2051 1522 2090 me.
1561 2037 1714 2090 Tunc
1750 2035 1970 2108 aperuit
2007 2036 2115 2090 illis

493 2145 740 2198 sensum,
763 2133 829 2184 ut
851 2129 1232 2198 intelligerent
1245 2127 1579 2199 Scripturas,
1603 2132 1660 2183 et
1685 2127 1828 2182 dixit
1851 2128 1950 2194 eis,
1973 2145 2113 2200 quo-

493 2222 648 2278 niam
685 2222 763 2276 sic
798 2221 1072 2292 scriptum
1111 2225 1195 2282 est
1235 2237 1249 2276 :
1291 2224 1348 2275 et
1381 2221 1459 2275 sic
1495 2221 1789 2292 oportebat
1829 2221 2113 2276 Christum

493 2317 633 2390 pati,
661 2320 718 2371 et
733 2330 1030 2387 resurgere
1055 2331 1089 2368 a
1115 2314 1353 2368 mortuis
1391 2314 1480 2370 die
1509 2314 1694 2384 tertia,
1724 2321 1780 2369 et
1821 2314 2114 2386 praedicari

496 2409 558 2465 in
587 2409 814 2464 nomine
841 2409 960 2480 ejus
1000 2407 1388 2480 paenitentiam
1419 2411 1476 2462 et
1502 2407 1890 2463 remissionem
1917 2425 2111 2480 pecca-

492 2509 682 2559 torum
705 2501 764 2557 in
791 2502 1053 2557 omnibus
1079 2501 1360 2573 gentibus,
1389 2500 1786 2572 incipientibus
1812 2502 1882 2555 ab
1923 2501 2116 2556 Hieru-

491 2597 722 2669 solyma.
752 2598 856 2651 Vos
875 2601 1067 2651 autem
1094 2595 1226 2650 estis
1245 2599 1410 2650 testes
1435 2595 1641 2650 horum
1673 2611 1686 2648 :
1719 2599 1776 2651 et
1816 2612 1922 2666 ego
1948 2595 2114 2651 mitto

490 2691 836 2764 promissum
857 2689 1033 2744 Patris
1059 2689 1119 2743 in
1138 2705 1254 2744 vos.
1279 2689 1384 2743 Vos
1409 2691 1600 2744 autem
1619 2688 1806 2744 sedete
1832 2689 1892 2743 in
1918 2689 2111 2744 civita-

489 2790 566 2852 te,
589 2783 958 2856 quoadusque
997 2782 1314 2837 induamini
1343 2782 1610 2837 virtutem
1652 2799 1723 2837 ex
1747 2783 1880 2838 alto.
1911 2783 2114 2838 Envxrr

493 2893 669 2934 AUTEI
707 2892 801 2931 nos
835 2892 1000 2930 rosas
1041 2875 1103 2928 in
1141 2875 1446 2945 Bethanea,
1491 2880 1548 2929 et
1589 2875 1812 2930 elevatis
1854 2875 2114 2930 manibus

492 2971 608 3027 suis
633 2970 693 3025 in
713 2969 935 3038 caelum,
963 2967 1249 3023 benedixit
1273 2967 1371 3022 eis.
1399 2969 1467 3022 Et
1489 2967 1702 3023 factum
1731 2973 1814 3023 est
1839 2968 1976 3023 dum
2014 2969 2107 3024 be-

489 3063 777 3122 nediceret
799 3062 930 3132 illis,
959 3061 1185 3117 recessit
1201 3061 1271 3116 ab
1287 3061 1386 3128 eis,
1409 3065 1465 3117 et
1490 3061 1778 3117 ferebatur
1794 3063 1865 3132 .in
1885 3063 2110 3119 caelum.

2216 1960 2458 2012 mecum,
2502 1943 2743 1998 habebat
2783 1960 3139 2014 mensuram,
3168 1943 3559 1999 harundinem
3603 1960 3887 2011 auream,

2217 2042 2280 2092 ut
2296 2038 2594 2092 metiretur
2617 2037 2921 2106 civitatem,
2951 2043 3007 2093 et
3030 2043 3225 2110 portas
3245 2038 3390 2108 ejus,
3418 2042 3478 2094 et
3503 2053 3790 2093 murum.
3823 2039 3890 2091 Et

2215 2131 2406 2185 civitas
2433 2131 2492 2185 in
2521 2133 2792 2204 quadrato
2817 2131 2999 2203 posita
3026 2135 3130 2201 est,
3150 2136 3208 2187 et
3229 2132 3536 2203 longitudo
3563 2131 3702 2203 ejus
3724 2136 3891 2186 tanta

2215 2229 2317 2289 est,
2345 2229 2554 2296 quanta
2582 2229 2640 2280 et
2662 2224 2920 2280 latitudo.
2969 2227 3036 2280 Et
3077 2241 3310 2280 mensus
3337 2231 3422 2280 est
3458 2225 3776 2282 civitatem
3830 2227 3890 2280 in

2213 2317 2530 2372 harundine
2566 2335 2672 2389 per
2710 2319 2887 2373 stadia
2921 2318 3240 2374 duodecim.
3281 2318 3620 2390 Longitudo
3648 2324 3718 2375 et
3755 2320 3889 2376 alti—

2213 2411 2350 2465 tudo
2372 2411 2608 2482 aequalia
2628 2417 2778 2467 sunt.
2807 2413 2873 2466 Et
2898 2428 3129 2466 mensus
3151 2417 3237 2468 est
3257 2429 3462 2468 murus
3484 2413 3618 2484 ejus
3633 2419 3890 2469 centum

2213 2504 2587 2576 quadraginta
2611 2509 2882 2576 quattuor
2905 2506 3226 2562 cobitorum
3273 2522 3552 2562 mensura
3587 2507 3886 2577 hominis,

2214 2614 2340 2670 quas
2367 2600 2452 2652 est
2475 2599 2682 2668 angeli.
2705 2600 2770 2653 Et
2792 2603 2912 2654 erat
2937 2604 3222 2654 structura
3241 2600 3396 2655 muri
3426 2601 3555 2672 ejus
3579 2618 3657 2656 ex
3682 2602 3886 2675 lapide

2207 2691 2428 2762 jaspide
2454 2709 2468 2746 :
2497 2691 2618 2763 ipsa
2639 2708 2769 2746 vero
2797 2693 2990 2747 civitas
3028 2710 3168 2748 auro
3206 2695 3448 2764 mundo,
3479 2695 3688 2752 simile
3738 2697 3886 2751 vitro

2213 2785 2446 2840 mundo.
2477 2785 2867 2840 Fundamenta
2884 2786 3038 2841 muri
3061 2787 3298 2843 civitatis
3324 2789 3485 2844 omni
3512 2789 3730 2862 lapide
3759 2808 3887 2863 pre-

2214 2877 2362 2934 cioso
2387 2882 2601 2934 ornata.
2630 2879 3088 2936 Fundamentum
3116 2882 3373 2954 primum
3395 2883 3584 2956 jaspis
3597 2902 3618 2954 ;
3665 2902 3884 2941 secun-

2215 2972 2339 3042 dus,
2366 2971 2695 3044 sapphirus;
2730 2973 2957 3044 tercius,
2986 2975 3329 3032 calcidonius
3346 2994 3365 3048 ;
3406 2983 3689 3050 quartus,
3724 2997 3884 3035 zma-

2211 3067 2445 3138 ragdus;
2475 3067 2726 3138 quintus,
2757 3069 3021 3124 sardonix
3045 3087 3062 3141 ;
3094 3076 3308 3140 sextus,
3343 3072 3621 3128 sardinus
3637 3091 3658 3144 ;
3699 3073 3884 3146 septi-

491 3159 560 3214 Et
582 3157 690 3228 ipsi
716 3155 1018 3210 adorantes
1059 3154 1300 3226 regressi
1341 3159 1475 3210 sunt
1505 3154 1565 3210 in
1609 3155 1954 3211 Hierusalem
1980 3173 2112 3212 cum
2133 3201 2187 3276 Ο
2213 3177 2362 3230 mus,
2389 3161 2754 3233 chrysolitus;
2801 3168 3044 3232 octavus,
3083 3163 3374 3238 beryllus;
3433 3183 3660 3239 nonus,
3716 3172 3885 3241 topa-

497 3250 699 3276 _-...1I2.‘
727 3265 934 3276 mnf-mn
985 3249 1051 3276 Πι
1078 3251 1229 3276 Λειονιι
1270 3265 1491 3276 κίειν-κη..
1520 3249 1576 3276 ζ.-
1607 3250 1820 3276 ιηννι-ιιη
1877 3251 2075 3276 1--.)-..
2216 3253 2355 3276 -2--_-
2390 3254 2631 3276 Jx_:_.____
2707 3255 2993 3276 -L..__-____,
3014 3275 3023 3276 κ
3063 3274 3091 3276 η
3238 3275 3243 3276 ,
3314 3260 3329 3276 ‘
3406 3260 3416 3270 ·
3638 3264 3655 3276 ς.
3811 3267 3820 3276 .

493 3250 702 3324 gaudio
727 3265 955 3320 magno.
985 3249 1053 3303 Et
1077 3251 1236 3304 erant
1269 3265 1491 3320 semper
1520 3249 1581 3304 in
1607 3250 1842 3322 templo,
1876 3251 2110 3307 laudan-

489 3349 575 3404 tes
597 3350 654 3401 et
675 3342 1068 3400 benedicentes
1091 3341 1412 3397 Dominum.

1092 3470 1291 3510 INCIPIT
1327 3471 1505 3511 MISSA.

557 3549 820 3606 Mirabilis
857 3549 919 3604 in
963 3547 1194 3602 excelsis
1241 3549 1518 3604 Dominus
1554 3549 1700 3604 Deus
1738 3555 1953 3622 noster,
2013 3552 2111 3626 qui

489 3643 785 3700 ascendisti
829 3658 1000 3715 super
1031 3641 1200 3696 caelos
1229 3643 1495 3698 caelorum
1529 3643 1600 3697 ad
1640 3643 1935 3715 orientem,
1963 3645 2112 3702 inter

485 3738 818 3810 angelorum
845 3736 1156 3791 ministeria
1167 3736 1348 3792 carnis
1370 3737 1626 3808 trophaaa
1645 3739 1958 3811 sustollens,
1979 3757 2109 3796 cum

486 3834 558 3889 ad
582 3846 877 3887 occursum
901 3835 1066 3884 tuum
1093 3827 1212 3883 caeli
1235 3833 1537 3900 potestates
1577 3837 1914 3902 occurrunt;
1939 3849 2106 3904 pone,

485 3940 832 3999 quaesumus,
868 3921 1218 3977 escensiones
1241 3921 1302 3975 in
1319 3923 1581 3978 cordibus
1598 3925 1802 3981 nostris
1817 3943 1834 3994 ;
1859 3930 1924 3980 ut
1941 3927 2112 3982 etiam

485 4035 590 4076 nos
617 4023 672 4073 te
700 4019 1018 4088 sequentes,
1046 4015 1178 4070 illuc
1201 4015 1498 4072 tendamus
1517 4017 1653 4090 fide,
1682 4019 1780 4074 ubi
1809 4019 2016 4076 scimus
2040 4020 2110 4076 ad

489 4111 588 4167 Dei
611 4109 789 4165 Patris
814 4108 1102 4164 dexteram
1127 4113 1182 4163 te
1212 4124 1469 4180 regnare.

1185 4210 1412 4262 Secreta.

558 4295 908 4354 Ascensionis
934 4294 1154 4352 Domini
1201 4301 1634 4365 sacramentum,
1659 4315 1773 4372 quo
1811 4300 2110 4356 advocatus

489 4392 758 4448 Dominus
780 4396 972 4447 noster
993 4392 1152 4446 Jesus
1171 4390 1422 4446 Christus
1447 4391 1518 4447 ad
1544 4392 1769 4448 Patrem
1795 4393 1956 4450 nobis
1980 4395 2110 4450 mis

487 4502 652 4542 surus
675 4485 948 4552 ascendit,
974 4482 1105 4540 fidei
1125 4489 1334 4540 nostra;
1349 4485 1553 4556 gaudia
1572 4486 1940 4559 multiplicata
1982 4505 2110 4544 con-

2211 3253 2357 3325 sius;
2385 3254 2652 3326 decimus,
2699 3255 3158 3329 chrysoprassus;
3212 3260 3584 3332 undecimus,
3637 3264 3887 3338 hyacin-

2209 3349 2366 3418 thus;
2399 3348 2784 3421 duodecimus,
2809 3351 3162 3424 amethystus
3191 3370 3206 3408 :
3239 3360 3297 3410 et
3336 3355 3658 3414 duodecim
3689 3368 3884 3434 portae

2210 3441 2508 3497 duodecim
2533 3443 2857 3515 margaritae
2895 3449 3030 3501 sunt
3065 3463 3171 3518 per
3213 3447 3490 3520 singulas.
3533 3451 3654 3516 Qui
3707 3455 3886 3510 habet

2210 3552 2406 3592 aurem
2423 3537 2614 3592 audiat
2635 3554 2764 3610 quae
2793 3539 3022 3611 spiritus
3049 3540 3216 3597 dicat.

2374 3634 2548 3685 Lectio
2575 3636 2741 3686 sancti
2759 3636 3031 3702 Evangelii
3053 3638 3348 3690 secundum
3374 3641 3710 3697 Iohannem.

2283 3719 2486 3775 Diebus
2511 3720 2642 3790 illis,
2670 3721 2813 3776 dixit
2839 3723 3108 3779 Dominus
3151 3726 3310 3780 Jesus
3349 3727 3663 3800 discipulis
3705 3733 3833 3788 suis
3865 3751 3881 3787 :

2209 3812 2315 3877 Qui
2341 3814 2519 3868 credit
2535 3813 2595 3869 in
2611 3831 2724 3885 me,
2754 3831 2926 3888 opera
2949 3834 3076 3890 quae
3098 3835 3205 3890 ego
3230 3819 3396 3884 facio,
3430 3827 3490 3877 et
3513 3823 3652 3896 ipse
3679 3827 3882 3895 faciet,

2210 3910 2266 3962 et
2291 3907 2506 3977 majora
2534 3907 2745 3963 horum
2771 3909 2961 3979 faciet,
2990 3912 3126 3984 quia
3155 3929 3264 3984 ego
3301 3915 3375 3968 ad
3403 3917 3652 3974 Patrem
3682 3922 3838 3978 vado
3868 3939 3882 3977 :

2209 4005 2267 4056 et
2302 4001 2699 4074 quodcumque
2734 4003 3010 4075 petieritis
3047 4005 3109 4060 in
3147 4007 3384 4064 nomine
3430 4025 3588 4080 meo,
3641 4013 3769 4071 hoc
3808 4016 3885 4072 fa-

2208 4094 2374 4151 ciam.
2405 4095 2460 4152 Si
2484 4095 2719 4168 diligitis
2747 4114 2859 4166 me,
2892 4099 3158 4155 mandata
3187 4117 3316 4156 mea
3344 4107 3573 4161 servate
3611 4123 3629 4162 :
3666 4114 3735 4166 et
3779 4127 3886 4184 ego

2209 4189 2422 4262 rogabo
2461 4191 2706 4258 Patrem,
2735 4196 2791 4246 et
2831 4191 3050 4248 aliumc
3082 4195 3434 4252 Paraclitum
3475 4197 3649 4255 dabit
3691 4205 3884 4276 vobis,

2208 4289 2273 4338 ut
2289 4287 2521 4339 maneat
2544 4283 2835 4340 vobiscum
2851 4285 2911 4340 in
2931 4291 3234 4358 aeternum,
3266 4288 3554 4373 Spiritum
3584 4298 3883 4370 veritatis,

2207 4393 2378 4449 quem
2406 4378 2654 4433 mundus
2687 4395 2802 4434 non
2835 4383 3020 4452 potest
3059 4382 3340 4456 accipere,
3382 4385 3525 4458 quia
3566 4405 3700 4448 non
3727 4392 3885 4449 videt

2207 4486 2360 4540 eum,
2406 4488 2510 4526 nec
2552 4472 2656 4527 scit
2695 4489 2872 4530 eum:
2905 4491 3004 4529 vos
3049 4479 3244 4532 autem
3289 4484 3666 4550 cognoscetis
3719 4502 3880 4557 eum,

487 4580 730 4637 celebret
757 4594 772 4635 :
800 4583 865 4634 ut
889 4578 1274 4652 promissionis
1301 4595 1414 4634 suae
1443 4585 1754 4636 memorata
1791 4575 2188 4654 interpelletD
2210 4565 2345 4638 quia
2373 4565 2527 4638 θριιίί
2559 4583 2655 4621 νοδ
2682 4568 2954 4639 Ῑηεωθδίῐ,
2984 4574 3042 4624 et
3073 4569 3136 4626 in
3172 4570 3334 4627 VOhiS
3361 4573 3493 4630 erit.
3526 4576 3665 4635 Non
3695 4581 3879 4638 relin-

485 4691 590 4747 pro
614 4672 795 4742 nobis,
825 4678 888 4729 ut
904 4673 964 4728 in
980 4673 1225 4729 secundo
1245 4673 1366 4744 ejus
1389 4674 1638 4731 adventu
1660 4691 1986 4732 mereamur
2015 4694 2108 4733 oc-

485 4783 712 4826 currere
736 4767 871 4822 laeti.

1112 4838 1426 4888 Contestatio
1434 4836 1480 4888 ⁸.

558 4926 697 4981 Vere
721 4925 962 4998 dignum
989 4927 1044 4979 et
1063 4923 1284 4996 justum
1313 4926 1402 4979 est
1427 4922 1784 4996 omnipotens
1821 4927 1966 4984 Deus
2007 4944 2111 5000 per

485 5017 770 5078 Christum
796 5017 1098 5074 Dominum
1123 5022 1401 5073 nostrum.
1425 5018 1531 5083 Qui
1557 5025 1816 5081 mortuus
1842 5026 1924 5076 est
1942 5039 2110 5094 prop-

487 5117 573 5170 ter
594 5118 822 5186 peccata
846 5117 1058 5182 nostra,
1085 5117 1142 5169 et
1169 5111 1478 5167 resurrexit
1500 5117 1733 5184 propter
1759 5113 2110 5186 justiﬂcatio-

485 5225 622 5264 nem
646 5211 918 5263 nostram.
938 5207 1043 5272 Qui
1071 5207 1264 5262 solutis
1286 5207 1494 5263 inferni
1521 5208 1761 5263 nexibus
1791 5224 1964 5264 aereas
1983 5227 2110 5282 por-

488 5307 574 5356 tas
590 5318 654 5356 ac
677 5301 861 5356 ferrea
905 5301 1144 5357 claustra
1168 5301 1480 5374 confregit;
1519 5301 1722 5357 deinde
1749 5318 2052 5376 resurgens
2074 5322 2108 5360 a

487 5395 742 5464 mortuis,
765 5394 1223 5468 quadraginsimo
1239 5396 1350 5465 die,
1375 5395 1692 5452 videntibus
1714 5397 1928 5453 cunctis
1948 5399 2108 5454 disci-

485 5487 652 5563 polis,
679 5489 749 5545 ad
786 5489 948 5546 caelos
984 5489 1233 5548 ascendit
1276 5504 1290 5543 :
1334 5487 1469 5560 quia
1502 5487 1621 5560 ipse
1659 5495 1742 5546 est
1796 5491 2108 5564 expectatio

483 5589 696 5655 nostra,
724 5600 897 5658 quem
921 5587 1286 5658 expectamus
1322 5582 1514 5638 venire
1555 5583 1626 5638 de
1659 5583 1829 5655 caelis,
1868 5592 1935 5643 ut
1969 5602 2103 5643 cono

815 5801 1050 5858 isoluti‘s
1075 5799 1307 5871 inferni.
1333 5802 1440 5871 etc.

1691 5731 2104 5800 queadhm

485 5801 654 5860 verba
692 5801 841 5872 θοαί
859 5801 1050 5858 solidis
1075 5801 1307 5871 inferni,
1333 5802 1440 5854 etc.

556 5873 582 5915 δ
609 5873 894 5931 Lectiones
925 5886 1030 5946 pro
1060 5869 1203 5929 fasto
1245 5869 1614 5942 Pentecostes,
1659 5871 1810 5944 quod
1852 5875 2102 5935 absoluta

554 5729 581 5759 ⁸
617 5730 824 5786 Eadem
871 5726 1199 5784 contestatio
1241 5725 1303 5781 in
1347 5726 1578 5782 Gothico
1626 5742 1690 5782 us

2209 4676 2382 4732 quam
2415 4677 2514 4716 vos
2567 4662 2875 4734 orphanos,
2923 4664 3149 4720 veniam
3177 4665 3248 4721 ad
3287 4683 3406 4723 vos.
3429 4669 3654 4729 Adhuc
3687 4676 3878 4731 modi-

2209 4769 2362 4824 cum,
2381 4757 2438 4809 et
2455 4755 2701 4810 mundus
2729 4772 2820 4812 me
2830 4756 2952 4828 jam
2976 4755 3128 4831 [non]
3155 4758 3342 4815 videt:
3363 4777 3466 4817 vos
3491 4771 3710 4824 autem
3731 4770 3882 4825 vide

2207 4847 2340 4902 bitis
2368 4865 2480 4919 me,
2509 4848 2642 4921 quia
2668 4865 2774 4920 ego
2798 4851 2922 4904 vivo
2953 4854 3011 4907 et
3038 4868 3134 4907 vos
3159 4853 3379 4910 vivetis.
3412 4857 3482 4912 In
3508 4857 3620 4915 illo
3662 4863 3764 4919 die
3787 4881 3883 4918 vos

2207 4943 2552 5014 cognoscetis
2575 4944 2708 5014 quia
2733 4961 2838 5016 ego
2857 4961 2986 5000 sum
3003 4945 3066 5001 in
3090 4947 3254 5003 Patre
3276 4965 3430 5021 meo,
3455 4957 3518 5008 et
3545 4971 3656 5011 vos
3671 4957 3738 5013 in
3766 4975 3878 5026 me,

2207 5040 2264 5090 et
2283 5051 2388 5106 ego
2411 5035 2471 5090 in
2496 5036 2672 5092 vobis.
2693 5037 2798 5102 Qui
2817 5038 2988 5094 habet
3009 5040 3277 5097 mandata
3296 5059 3450 5115 mea,
3475 5051 3539 5102 et
3568 5058 3776 5108 servat
3797 5069 3876 5121 ea,

2206 5127 2300 5184 ille
2325 5132 2410 5182 est
2433 5129 2530 5200 qui
2557 5129 2747 5202 diligit
2769 5147 2883 5187 me.
2910 5133 3018 5198 Qui
3043 5139 3236 5190 autem
3267 5135 3462 5210 diligit
3491 5157 3622 5214 me,
3666 5145 3875 5220 dilige-

2206 5225 2302 5276 tur
2325 5237 2360 5276 a
2384 5223 2547 5278 Patre
2563 5239 2714 5296 meo,
2742 5230 2799 5282 et
2819 5242 2926 5298 ego
2948 5227 3186 5298 diligam
3211 5246 3369 5298 eum,
3395 5235 3456 5289 et
3475 5239 3877 5297 manifestabo

2206 5321 2256 5376 ei
2283 5321 2584 5394 meipsum.

2813 5412 3012 5455 INCIPIT
3043 5415 3224 5459 IISSA.

2273 5487 2348 5542 Te
2392 5487 2647 5544 datorem
2694 5489 2934 5562 Spiritus
2977 5494 3175 5566 sancti,
3217 5495 3464 5555 Domine
3503 5501 3775 5578 Christe,
3821 5509 3876 5563 in

2205 5582 2311 5638 hac
2329 5581 2420 5640 die
2434 5583 2820 5656 celeberrima,
2842 5601 2957 5659 quo
2973 5591 3101 5644 tuos
3121 5591 3418 5662 apostolos
3437 5594 3874 5660 charismatum

2203 5727 2746 5816 Dumquagesimum
2775 5729 2923 5788 infra
2948 5749 3066 5816 n_on
3094 5737 3274 5816 semel
3301 5741 3675 5816 appellatur.

2204 5800 2767 5948 engoracmus,
2805 5821 2924 5863 non
2963 5807 3308 5884 Paracletus,
3336 5800 3415 5871 ia
3461 5800 3872 5880 vctu—stissimo
