3970 6408
87 321 187 374 ‘a’l‘l
737 323 1346 382 SACRAMENTARIUM
1383 323 1823 386 GALLICANUM.
1865 359 1933 368 —
1971 328 2336 387 LECTIONES
2371 330 2818 399 QUOTIDIANE.
3349 334 3448 390 5l8

84 425 255 482 donis
287 425 544 500 Spiritns
576 431 759 485 sancti
791 432 912 504 igni
936 433 1145 501 ditasti,
1174 436 1476 506 provoluta
1508 453 1571 491 ac
1602 437 1727 492 sub-
1748 439 2048 526 Anomini
2095 439 2389 510 dedicavit,
2445 445 2500 495 et
2548 439 2908 511 intelligibile
2972 438 3136 497 nobis
3183 441 3350 498 faciat
3395 449 3448 498 et

84 521 261 576 missa
291 539 466 594 prece
498 541 778 596 rogamus
810 543 822 581 :
857 544 969 597 quo
997 527 1338 584 adveniente
1359 529 1602 585 Trinitas
1631 549 1722 586 co-
1748 521 1805 526 ’“
1833 538 2133 588 aeternum.

80 617 355 682 ruscavit,
391 617 908 690 quinquaginsima
931 621 1051 675 dies
1081 622 1342 690 emicuit;
1386 624 1444 678 in
1490 641 1601 695 quo
1630 626 1728 679 Pa-

81 710 218 763 scha
251 709 582 781 adimpleta
605 716 710 778 est,
738 715 997 784 mysterii
1025 716 1104 770 tui
1123 717 1573 772 sollemnitatem
1599 735 1726 772 con-

2346 603 2593 653 Collectio
2623 603 2687 652 ad
2716 618 2918 668 pacem.

1896 689 2125 743 Munera
2163 692 2370 755 nostra,
2403 705 2748 759 quaesumus,
2783 689 3039 755 Domine,
3068 690 3246 745 sancti
3273 691 3446 763 Spiri-

78 801 373 856 cludimus
424 781 813 860 obsecrantes-
843 811 904 860 ut
941 809 1115 863 corda
1156 813 1348 864 nostra
1381 810 1663 881 puriﬁces,
1692 828 1726 864 a
1825 785 1912 834 tus
1941 782 2024 881 tili
2051 781 2722 881 digPationeéacrentm}
2747 799 2848 881 Ρίῗτ
2872 799 3004 881 (1)18?
3044 789 3099 838 et
3138 785 3449 881 {Pecunia

78 912 194 966 quo
214 895 641 968 discipulorum
659 900 833 955 corda
856 902 1021 971 quasi
1048 903 1266 958 ferrum
1287 903 1359 958 ad
1382 904 1723 975 capiendum

76 987 302 1058 ignisti.

775 1064 1043 1114 Collectio.

152 1143 412 1215 Spiritus
456 1152 688 1202 sanctus
720 1153 849 1202 tuus
876 1150 1206 1218 Paraclitus,
1236 1167 1580 1221 quaesumus,
1615 1152 1721 1205 Do-

79 1236 266 1304 mine,
291 1255 325 1292 a
342 1241 596 1310 peccatis
619 1242 826 1295 nostris
858 1244 1181 1298 emundans
1202 1244 1533 1298 continuam
1561 1243 1723 1299 nobis

75 1330 303 1385 tribuat
330 1333 688 1402 claritatem;
708 1335 919 1406 quique
944 1337 1107 1407 quasi
1127 1337 1278 1408 ignis
1306 1355 1475 1408 super
1503 1342 1724 1408 aposto-

73 1424 161 1478 los
195 1425 461 1493 advenit,
497 1427 836 1499 dispergens
863 1429 1036 1497 dona,
1060 1447 1230 1501 super
1250 1448 1355 1485 nos
1380 1447 1606 1502 quoque
1632 1431 1719 1484 in-

74 1517 308 1586 ﬁrmos,
364 1523 421 1573 te
482 1521 858 1589 concedente,
905 1523 992 1576 vel
1044 1523 1237 1594 aliqua
1289 1524 1552 1594 portione
1606 1541 1722 1578 suae

1825 874 2085 928 omnibus
2123 875 2500 943 absolvantur,
2544 881 2599 931 et
2629 876 2943 947 adoptionis
2985 879 3096 931 tum
3136 877 3234 931 ﬁlii
3282 895 3445 934 rena-

1824 971 2069 1022 scantur.

2462 1038 2772 1088 Contestatio

1893 1130 1918 1158 ι
1943 1123 2080 1176 Vere
2105 1116 2344 1192 dignam
2374 1127 2431 1176 et
2473 1124 2696 1193 justum
2736 1128 2839 1192 est,
2893 1124 3249 1196 omnipotens
3282 1125 3446 1194 Deus,

1823 1220 1877 1269 te
1902 1215 2134 1269 laudare
2158 1215 2218 1269 in
2247 1215 2353 1269 hoc
2379 1216 2664 1286 praecipue
2714 1216 2822 1284 die,
2870 1233 2982 1288 quo
3016 1218 3448 1274 sacratissimum

1822 1308 2031 1362 Pascha
2050 1309 2460 1380 quinquaginta
2480 1309 2701 1363 dierum
2723 1310 3006 1381 mysteriis
3025 1311 3255 1382 tegitur,
3279 1315 3335 1366 et
3346 1328 3449 1384 per

1823 1417 1923 1455 sua
1953 1401 2186 1472 vestigia
2214 1402 2623 1456 recursantium
2646 1403 2869 1457 dierum
2906 1405 3095 1475 spatiis
3123 1405 3444 1476 colligitur;

1822 1498 1877 1547 et
1902 1494 2173 1565 dispersio
2195 1495 2540 1565 linguarum,
2569 1512 2696 1566 qum
2721 1495 2778 1550 in
2809 1497 3133 1552 confusione
3161 1498 3307 1552 facta
3332 1498 3452 1552 fue-

1821 1591 1924 1654 rat,
1946 1603 2049 1657 per
2074 1587 2344 1657 Spiritum
2374 1593 2638 1642 sanctum
2666 1589 2973 1645 adunatur.
3004 1590 3173 1646 Hodie
3201 1607 3451 1662 namque

73 1609 448 1681 dignationis
478 1614 811 1682 adveniens,
847 1620 902 1669 et
920 1619 1154 1686 peccata
1185 1616 1392 1683 deleat,
1418 1619 1475 1670 et
1495 1617 1722 1688 pietatis

75 1679 239 1758 do'na
269 1706 580 1777 largiatur.
799 1679 804 1682 ⁷
920 1679 935 1686 ’
1381 1679 1388 1683 ’
1495 1679 1510 1688 ⁵
1926 1679 2075 1777 ςφΙίε
2108 1686 2339 1777 repente
2385 1697 2587 1735 sonum
2625 1683 2915 1777 audientes
2962 1684 3231 1777 Apostoli,
3277 1684 3448 1739 unius

719 1779 839 1828 Post
863 1779 1090 1829 nomina.
1743 1823 1794 1846 η
1821 1772 1948 1826 ﬁdei
1978 1772 2301 1843 Symbolum
2331 1779 2692 1844 exceperunt,
2724 1779 2780 1829 et
2821 1775 3032 1846 linguis
3069 1776 3238 1830 variis
3269 1778 3446 1831 Evan-

147 1861 381 1915 Virtute
413 1863 599 1917 sancti
642 1863 905 1934 Spiritus,
937 1865 1200 1931 Domine,
1247 1882 1487 1919 munera
1528 1869 1723 1919 nostra
1743 1823 1797 1894 B
1823 1865 1956 1936 gelii
1982 1823 2065 1919 tui
2092 1866 2327 1936 gloriam
2353 1823 2615 1937 gentibus
2639 1823 2993 1923 tradidertijnt
3018 1885 3122 1940 per
3161 1863 3445 1925 Christum

71 1954 365 2026 continge
386 1972 399 2009 :
421 1959 484 2009 ut
503 1956 659 2027 quod
675 1957 1063 2012 sollemnitate
1087 1958 1607 2029 quinquaginsimw
1621 1975 1721 2013 suo
1825 1958 2129 2013 Dominum
2154 1963 2435 2014 nostrum.

143 2087 171 2117 ⁸
203 2089 437 2144 Eadem
464 2089 525 2144 in
558 2091 797 2146 Gothico
824 2095 912 2147 est
941 2092 1304 2158 contestatio,
1332 2109 1388 2163 p.
1425 2095 1543 2147 169.

1393 2359 1494 2436 ΙΝ
1567 2359 1724 2436 DEI
1795 2357 2169 2437 NOMINE

167 2518 1061 2665 INCIPIUNT
1157 2522 2093 2664 LECTIONES
2193 2520 3374 2666 COTTIDIANAS.

417 2869 576 2910 MISSA
616 2869 802 2910 suam
841 2870 1097 2911 IOHANNIS
1137 2871 1423 2911 mensus.
1831 2859 1940 2923 tus,
1973 2856 2018 2908 si
2043 2871 2153 2925 qua
2179 2855 2330 2919 laus;
2369 2853 2491 2908 haec
2525 2854 2790 2924 cogitate;
2830 2856 2965 2926 quia
3000 2861 3055 2910 et
3084 2856 3371 2927 didicistis,
3401 2864 3455 2913 et

478 2955 654 3005 Lectio
684 2955 748 3005 de
778 2956 1041 3006 Hieremia
1074 2957 1346 3021 prepheta.
1829 2948 2139 3018 accepistis,
2184 2952 2241 3002 et
2275 2947 2528 3016 audistis,
2575 2952 2632 3002 et
2657 2947 2872 3003 vidistis
2901 2948 2960 3004 in
2987 2965 3102 3006 me.
3132 2951 3258 3005 Haec
3282 2951 3449 3022 agite,

142 3043 287 3096 Haec
319 3040 463 3094 dicit
492 3041 805 3096 Dominus:
842 3041 1089 3105 Qumrite
1130 3059 1334 3113 pacem
1381 3041 1640 3112 civitatis,
1674 3045 1731 3096 et
1830 3044 1885 3094 et
1911 3041 2056 3096 Deus
2081 3041 2230 3111 pacis
2260 3041 2369 3095 erit
2394 3040 2705 3097 vobiscum.

71 3140 244 3190 orate
266 3151 378 3206 pro
403 3151 472 3188 ea
494 3134 569 3188 ad
588 3135 922 3202 Dominum,
941 3136 1077 3206 quia
1099 3136 1155 3190 in
1176 3153 1314 3207 pace
1337 3136 1483 3190 illius
1501 3135 1607 3189 erit
1624 3152 1730 3206 pax
2050 3142 2226 3191 Lectio
2251 3141 2416 3191 sancti
2439 3141 2708 3205 Evangelii
2732 3143 3018 3194 secundum
3045 3147 3254 3196 Lucam.

68 3230 264 3284 vobis.
296 3229 433 3282 Haec
461 3227 599 3282 dicit
627 3229 906 3283 Dominus
941 3246 953 3283 :
978 3229 1103 3284 Non
1154 3247 1252 3284 vos
1291 3229 1566 3283 seducant
1605 3246 1731 3299 pro-
1751 3208 1804 3280 C
1901 3225 2026 3281 Fuit
2043 3225 2103 3280 in
2117 3226 2314 3281 diebus
2334 3226 2564 3282 Herodis
2586 3228 2904 3298 regisiudaa
2927 3230 3180 3285 sacerdos
3199 3231 3450 3303 quidam,

68 3325 277 3394 phetae
318 3322 516 3389 vestri,
559 3322 658 3392 qui
685 3322 889 3376 suntin
914 3323 1107 3377 medio
1126 3323 1316 3390 vestri,
1347 3326 1403 3376 et
1435 3322 1608 3376 divini
1634 3339 1725 3376 ve-
1827 3318 2060 3373 nomine
2081 3319 2423 3387 Zaccharias,
2454 3320 2522 3374 de
2547 3320 2664 3375 vice
2693 3321 2852 3390 Abia,
2877 3327 2933 3377 et
2965 3339 3109 3377 uxor
3152 3323 3236 3378 illi
3277 3325 3344 3380 de
3393 3326 3457 3381 fi-

68 3417 208 3483 stri;
273 3419 336 3469 et
371 3432 442 3468 ne
494 3415 807 3470 attendatis
847 3416 922 3469 ad
965 3416 1190 3470 somnia
1220 3419 1425 3482 vestra,
1470 3433 1596 3486 quae
1633 3431 1729 3469 vos
1828 3411 2008 3466 liabus
2033 3415 2238 3480 Aaron,
2262 3417 2317 3466 et
2348 3428 2560 3466 nomen
2583 3414 2704 3483 ejus
2727 3415 3028 3470 Elizabeth.
3061 3417 3232 3471 Erant
3263 3424 3454 3474 autem

67 3507 413 3575 somniatis,
447 3509 584 3579 quia
611 3510 821 3563 falsum
842 3509 1000 3564 vobis
1031 3510 1137 3580 ipsi
1165 3510 1514 3580 prophetant
1539 3509 1599 3563 in
1624 3525 1727 3563 no-
1821 3504 1961 3574 justi
1978 3505 2145 3558 ambo
2164 3509 2293 3559 ante
2321 3505 2524 3574 Deum,
2559 3506 2879 3562 incedentes
2908 3507 2967 3562 in
2998 3510 3260 3565 omnibus
3289 3528 3450 3567 man-

66 3605 239 3659 mine
271 3619 434 3670 meo,
473 3605 665 3657 etnon
693 3602 823 3656 misi
847 3619 964 3668 eos,
989 3603 1124 3657 dicit
1152 3603 1449 3657 Dominus.
1483 3601 1727 3656 Visitaho
1830 3597 1970 3651 datis
1990 3602 2045 3652 et
2057 3596 2550 3667 justiﬁcationibus
2572 3599 2795 3653 Domini
2817 3600 2934 3654 sine
2955 3602 3239 3671 querella;
3265 3608 3453 3659 etnon

68 3715 192 3766 vos,
232 3700 299 3751 et
320 3695 616 3750 suscitabo
635 3713 810 3767 super
834 3714 934 3751 vos
962 3697 1202 3751 verbum
1252 3713 1447 3750 meum
1491 3695 1724 3762 bonum,
1828 3694 1946 3745 erat
1986 3690 2096 3744 illis
2142 3689 2309 3758 ﬁlius,
2358 3707 2423 3745 eo
2465 3691 2616 3761 quod
2658 3697 2802 3747 esset
2844 3693 3123 3749 Elizabeth
3143 3697 3366 3768 sterilis,
3399 3703 3454 3753 et

69 3795 132 3846 ut
159 3791 458 3845 reducam
478 3806 581 3843 vos
614 3789 686 3843 ad
707 3791 896 3844 locum
934 3791 1122 3844 istum.
1159 3791 1278 3859 Ego
1306 3789 1461 3843 enim
1494 3789 1606 3843 scio
1633 3804 1724 3842 co-
1826 3784 1991 3838 ambo
2033 3784 2430 3854 processissent
2472 3784 2532 3839 in
2577 3785 2775 3840 diebus
2815 3787 2949 3841 suis.
2985 3788 3214 3844 Factum
3239 3795 3324 3845 est
3348 3807 3450 3846 au-

69 3884 426 3956 gitationes,
461 3899 605 3953 quas
625 3883 814 3953 cogito
837 3900 1008 3955 super
1027 3900 1144 3950 vos,
1161 3881 1534 3953 cogitationes
1554 3881 1726 3952 pacis,
1827 3882 1943 3931 tem
1988 3894 2119 3931 cum
2166 3877 2472 3932 sacerdotio
2506 3878 2841 3950 fungeretur
2880 3881 2938 3934 in
2957 3882 3152 3938 ordine
3178 3883 3312 3939 vicis
3337 3901 3452 3941 sua:

70 3982 128 4032 et
155 3995 287 4033 non
311 3975 682 4044 adﬂictionis,
706 3979 770 4030 ut
796 3977 929 4031 dem
963 3976 1122 4031 vobis
1155 3977 1331 4030 ﬁnem
1363 3979 1419 4028 et
1455 3975 1730 4046 paeniteu-
1829 3971 2147 4025 anteDeum
2171 3971 2482 4026 secundum
2497 3973 3453 4046 consuetudinemsacerdotii,sorte

73 4071 245 4126 tiam.
265 4069 617 4124 Invocabitis
644 4086 760 4135 me,
791 4072 849 4123 et
869 4069 1091 4138 vivetis;
1117 4069 1353 4124 orabitis
1372 4085 1464 4122 me
1488 4072 1544 4122 et
1559 4085 1726 4122 exau-
1829 4063 1966 4118 exiit
1993 4069 2054 4118 ut
2075 4064 2365 4119 incensum
2389 4070 2623 4135 poneret
2652 4065 2938 4136 ingressus
2961 4069 3020 4123 in
3043 4071 3318 4141 templum
3340 4073 3452 4128 Do-

70 4164 240 4219 diam
277 4179 418 4228 vos;
450 4163 720 4233 qumretis
750 4180 845 4216 me
874 4166 933 4216 et
956 4162 1274 4218 invenietis.
1308 4163 1451 4217 Cum
1491 4162 1727 4232 quaesie-
1828 4156 1990 4224 mini,
2013 4162 2068 4212 et
2087 4158 2268 4211 omnis
2289 4158 2593 4213 multitudo
2610 4165 2726 4214 erat
2748 4162 2944 4232 p0puli
2975 4179 3140 4217 orans
3161 4165 3296 4219 foris
3314 4166 3457 4222 hora

66 4258 201 4314 ritis
229 4274 337 4313 me
362 4257 422 4310 in
454 4259 578 4312 toto
621 4257 793 4311 corde
829 4259 1038 4322 vestro,
1076 4255 1337 4310 inveniar
1375 4273 1408 4310 a
1439 4255 1612 4322 vobis,
1652 4255 1733 4309 ait
1829 4249 2058 4305 incensi.
2105 4251 2379 4321 Apparuit
2412 4257 2602 4307 autem
2639 4253 2722 4306 illi
2743 4256 2988 4326 Angelus
3012 4257 3234 4313 Domini
3254 4263 3457 4315 stansa

20 4344 22 4346 ’
69 4351 418 4408 Dominus:
455 4348 524 4403 'et
565 4349 838 4405 reducam
901 4349 1288 4421 captivitatem
1347 4353 1614 4416 vestram,
1675 4351 1734 4402 et
1831 4343 2041 4398 dextris
2075 4343 2266 4398 altaris
2322 4344 2553 4413 incensi,
2605 4350 2661 4400 et
2708 4348 3028 4403 Zaccharias
3073 4352 3329 4406 turbatus
3376 4360 3459 4409 est

67 4444 470 4517 congregabo
498 4460 598 4498 vos
630 4444 702 4498 de
730 4443 1009 4498 universis
1030 4443 1316 4514 gentibus,
1342 4447 1399 4497 et
1429 4444 1499 4498 de
1517 4441 1732 4499 cunctis

68 4540 245 4606 locis,
281 4537 363 4593 ad
396 4554 523 4609 quae
546 4538 730 4609 expuli
757 4555 877 4605 vos,
911 4537 991 4592 ait
1013 4536 1304 4592 Dominus.

1829 4437 2040 4505 videns,
2085 4440 2142 4490 et
2189 4437 2366 4492 timor
2405 4437 2584 4493 inruit
2620 4455 2793 4509 super
2834 4457 2986 4496 eum.
3033 4443 3126 4497 Ait
3171 4450 3362 4500 autem
3387 4447 3458 4502 ad

1832 4529 1994 4584 illum
2017 4530 2266 4601 Angelus
2291 4547 2302 4583 :
2333 4531 2409 4584 Ne
2424 4531 2626 4585 timeas
2651 4533 2976 4603 Zaccharia,
2993 4537 3262 4605 quoniam
3288 4555 3456 4595 exau-

2017 4573 2266 4601 --.Ὅρων
2291 4573 2302 4583 .
2333 4573 2408 4584 ..ν
2428 4573 2626 4585 ...μων
2651 4573 2976 4603 nussum”,
2993 4573 3262 4605 quam...“
3288 4573 3456 4595 σωυ-

1751 4573 1810 4645 D
1835 4623 1950 4678 dita
1978 4627 2061 4676 est
2085 4623 2398 4693 deprecatio
2426 4629 2542 4692 tua,
2575 4627 2632 4678 et
2658 4641 2802 4679 uxor
2830 4630 2930 4680 tua
2968 4628 3248 4686 Elizabeth
3277 4635 3457 4703 pariet

1833 4716 1934 4770 tibi
1964 4715 2165 4785 ﬁlium,
2194 4721 2250 4770 et
2274 4716 2494 4771 vocabis
2519 4733 2734 4773 nomen
2763 4719 2882 4790 ejus
2909 4721 3245 4792 Johannem,
3269 4731 3326 4781 et
3351 4729 3460 4784 erit

1837 4810 2106 4880 gaudium
2131 4809 2252 4878 tibi,
2281 4815 2337 4864 et
2357 4811 2654 4880 exultatio;
2685 4816 2741 4867 et
2765 4814 2929 4869 multi
2949 4815 3008 4870 in
3027 4818 3311 4874 nativitate
3337 4822 3459 4892 ejus

1837 4903 2184 4974 gaudebunt,
2204 4907 2260 4958 et
2278 4903 2385 4957 erit
2410 4921 2652 4974 magnus
2676 4923 2864 4961 coram
2895 4909 3148 4980 Domino,
3181 4918 3236 4968 et
3261 4914 3458 4972 vinum

1837 5001 1893 5051 et
1933 4996 2166 5051 siceram
2210 5014 2326 5051 non
2372 4997 2545 5067 bibet,
2588 5003 2645 5054 et
2680 5000 2887 5071 Spiritu
2930 5009 3119 5060 sancto
3152 5009 3462 5078 replebitur

202 4653 456 4718 Epistola
487 4652 635 4718 Pauli
657 4651 966 4718 apostoliad
990 4651 1349 4718 Philippenses
1377 4650 1430 4700 in
1450 4652 1612 4702 sancti

569 4715 588 4722 “
681 4714 922 4765 Iohannis
958 4714 1170 4765 missa‘.

147 4813 419 4876 Fratres,
450 4810 700 4880 gaudete
736 4810 792 4863 in
820 4809 1060 4865 Domino
1090 4824 1336 4880 semper,
1371 4808 1580 4862 iterum
1608 4806 1734 4860 dico

71 4907 373 4978 gaudete.
416 4903 694 4958 Modestia
724 4906 913 4958 vestra
941 4906 1078 4958 nota
1101 4903 1174 4956 sit
1204 4901 1472 4957 omnibus
1494 4899 1737 4956 homini-

68 5001 205 5066 bus,
225 4997 524 5055 Dominus
549 4997 708 5050 enim
731 5013 910 5067 prope
943 5001 1045 5051 est.
1075 4995 1225 5049 Nihil
1242 4993 1464 5049 solliciti
1479 4993 1616 5062 sitis,
1637 4993 1734 5047 sed

68 5095 130 5149 in
163 5091 348 5148 omni
367 5089 635 5145 oratione
658 5095 715 5144 et
736 5089 1134 5168 obsecratione
1159 5106 1285 5143 cum
1307 5087 1624 5158 gratiarum
1643 5104 1734 5142 ac-

69 5189 245 5242 tione
268 5184 592 5257 petitiones
617 5186 819 5238 vestrze
849 5183 1231 5238 innotescant‘
1255 5182 1407 5252 apud
1436 5182 1639 5236 Deum.
1672 5183 1740 5235 Et

70 5299 186 5354 pax
219 5279 335 5336 Dei
366 5295 499 5348 quae
532 5281 835 5348 exsuperat
880 5293 1114 5332 omnem
1166 5261 1418 5342 sensum,
1458 5275 1739 5330 custodiat

70 5375 266 5431 corda
294 5375 494 5427 vestra
511 5371 994 5442 etintelligentias
1021 5375 1237 5425 vestras
1259 5370 1315 5424 in
1336 5369 1559 5425 Christo
1584 5372 1735 5426 Jcsu.

71 5471 156 5524 De
170 5473 410 5535 cetero,
425 5467 518 5520 fra
527 5467 1042 5536 tres,quaecumque
1061 5467 1193 5520 sunt
1204 5479 1737 5535 vera,quaecumque

70 5564 326 5637 pudica,
355 5575 744 5632 quascumque
760 5559 935 5630 justa,
955 5574 1329 5630 quaecumque
1347 5561 1562 5624 sancta,
1586 5575 1736 5628 quaa-

70 5671 345 5728 cumque
359 5651 662 5718 amabilia,
676 5669 1046 5723 quaecumque
1062 5652 1228 5706 bonae
1246 5653 1437 5718 famae;
1456 5650 1502 5704 si
1515 5667 1628 5722 qua
1637 5651 1741 5706 vir-

1836 5090 2021 5144 adhuc
2047 5107 2114 5144 ex
2140 5095 2304 5145 utero
2329 5092 2525 5145 matris
2542 5109 2678 5162 sure,
2709 5099 2766 5147 et
2791 5095 2996 5150 multos
3024 5097 3272 5155 ﬁliorum
3295 5104 3461 5160 Israel

1836 5188 2122 5238 convertet
2144 5184 2215 5238 ad
2243 5185 2546 5239 Dominum
2577 5187 2752 5240 Deum
2777 5187 3049 5258 ipsorum.
3077 5193 3143 5248 Et
3165 5194 3281 5266 ipse
3306 5214 3456 5268 prae-

1837 5276 1996 5331 cedet
2023 5281 2153 5331 ante
2174 5275 2336 5330 illum
2361 5278 2421 5332 in
2447 5278 2644 5349 spiritu
2677 5285 2733 5335 et
2756 5281 2960 5338 virtute
2991 5286 3180 5358 Heliae,
3226 5295 3291 5345 ut
3333 5308 3462 5349 con-

1837 5373 2019 5425 vertat
2044 5371 2212 5425 corda
2234 5376 2464 5441 patrum
2487 5372 2546 5426 in
2577 5372 2744 5442 ﬁlios,
2772 5380 2828 5431 et
2851 5375 3206 5438 incredibiles
3230 5385 3299 5440 ad
3331 5403 3463 5458 pru-

1839 5464 2086 5520 dentiam
2105 5465 2408 5536 justorum,
2430 5482 2627 5537 parare
2650 5469 2885 5526 Domino
2895 5472 3118 5543 plebem
3134 5479 3456 5548 perfectam.

1839 5562 1908 5614 Et
1933 5558 2074 5613 dixit
2097 5559 2423 5614 Zaccharias
2453 5561 2523 5615 ad
2555 5563 2822 5633 angelum
2851 5581 2863 5619 :
2909 5565 3065 5624 Unde
3098 5570 3204 5626 hoc
3241 5573 3458 5628 sciam?

1840 5654 1956 5724 Ego
1983 5651 2136 5706 enim
2165 5643 2292 5708 sum
2313 5669 2502 5725 senex,
2525 5659 2581 5710 et
2606 5672 2748 5712 uxor
2774 5674 2902 5715 mea
2933 5664 3210 5732 processit
3247 5665 3307 5720 in
3340 5665 3456 5720 die-

145 5800 172 5829 ‘
209 5799 285 5858 Id
314 5799 405 5855 est
432 5795 608 5869 festo,
642 5791 726 5869 uti
749 5795 1033 5869 colligitur
1072 5811 1138 5869 ex
1170 5795 1438 5869 Lectione
1465 5798 1741 5869 sequente

1839 5797 1990 5880 apud
2018 5803 2232 5880 veteres
2259 5800 2582 5878 signiﬁcari,
2608 5803 2800 5864 notius
2826 5810 3097 5880 estquam
3130 5812 3193 5868 ut
3227 5805 3450 5880 probari

72 5878 209 5935 Post
255 5870 447 5930 sancti
485 5865 754 5926 Iohannis
799 5865 1036 5926 missam.
1080 5867 1203 5936 Quo
1248 5867 1486 5928 nomine
1530 5865 1741 5927 festum

1841 5871 1915 5930 sit
1936 5871 2334 5932 necessarium}
