3970 6410
507 308 605 362 519

1365 302 1696 360 APPENDIX
1735 300 1824 359 AD
1864 301 2084 359 OPERA
2121 301 2175 358 S.
2214 299 2513 360 GERMANI
2550 297 2977 360 PABISIENSIS.

3791 297 3899 352 5‘20

504 412 613 468 bus
637 412 771 469 suis.
798 413 867 468 Et
891 408 1234 483 respondens
1251 411 1488 482 angelus
1525 411 1668 468 dixit
1700 411 1787 467 ei:
1838 412 1956 482 Ego
1998 425 2125 466 sum
2149 421 2209 496 Α
2227 411 2385 468 ΝοΙο.
2403 413 2601 467 Postea
2617 415 2808 467 autem
2833 407 3166 482 paenitentia
3186 410 3375 464 motus
3404 405 3574 464 abiit.
3590 404 3902 462 Accedens

506 506 746 576 Gabriel,
767 506 866 578 qui
892 505 1047 559 adsto
1072 507 1200 559 ante
1229 505 1426 575 Deum,
1455 509 1512 561 et
1560 505 1765 560 missus
1803 521 1930 559 sum
1976 504 2130 575 loqui

505 599 575 654 ad
600 605 674 665 te,
702 604 756 653 et
771 599 891 652 haec
917 596 1015 652 tibi
1049 599 1450 670 evangelizare,
1499 604 1554 654 et
1603 615 1727 654 ecce
1775 599 1884 653 eris
1919 603 2126 667 tacens,

505 696 563 746 et
585 707 702 746 non
730 691 940 763 poteris
963 691 1119 763 loqui
1148 709 1326 764 usque
1354 693 1414 748 in
1457 693 1607 748 diem
1652 710 1765 765 quo
1809 693 1928 747 hmo
1972 691 2126 757 ﬁant,

503 801 606 858 pro
634 801 700 840 eo
727 785 880 857 quod
913 801 1032 840 non
1069 786 1352 840 credidisti
1379 786 1559 841 verbis
1586 787 1746 854 meis,
1775 803 1902 858 quae
1935 785 2131 856 imple-

501 879 718 934 buntur
758 879 819 934 in
864 884 1116 950 tempore
1153 895 1273 934 suo.
1322 881 1391 933 Et
1433 885 1552 934 erat
1598 880 1756 952 plebs
1805 884 2130 950 exspectans

503 972 880 1041 Zacchariam,
928 977 984 1026 et
1016 971 1369 1026 mirabantur
1413 975 1566 1044 quod
1602 974 1848 1028 tardaret
1898 973 2015 1044 ipse
2073 973 2129 1026 in

506 1066 738 1137 templo.
767 1066 1034 1136 Egressus
1057 1069 1248 1120 autem
1279 1081 1393 1120 non
1421 1069 1642 1137 poterat
1664 1066 1818 1138 loqui
1857 1066 1927 1120 ad
1963 1065 2086 1120 illos
2112 1081 2124 1118 :

505 1164 562 1214 et
581 1163 967 1230 cognoverunt
985 1159 1138 1230 quod
1157 1158 1432 1214 visionem
1447 1159 1697 1214 vidisseti
1703 1176 1800 1231 pse
1820 1159 1877 1214 in
1897 1160 2126 1231 templo.

503 1253 573 1308 Et
595 1252 714 1323 ipse
743 1257 862 1307 erat
892 1252 1136 1307 innuens
1192 1252 1324 1322 illis,
1367 1258 1422 1308 et
1464 1253 1776 1324 permansit
1807 1258 2020 1308 mutus.
2065 1254 2130 1306 Et

503 1348 713 1402 factum
740 1349 822 1400 est
844 1349 910 1400 ut
934 1345 1155 1416 impleti
1181 1350 1314 1399 sunt
1339 1345 1456 1400 dies
1485 1345 1653 1399 oflicii
1698 1346 1839 1416 ejus,
1888 1345 2026 1400 abiit
2069 1345 2128 1399 in

503 1441 736 1497 domum
776 1455 956 1493 suam.
1001 1439 1131 1492 Post
1158 1438 1260 1492 hos
1285 1444 1477 1493 autem
1501 1439 1638 1507 dies,
1668 1439 1926 1510 concepit
1951 1439 2126 1493 Eliza-

502 1533 640 1590 beth
684 1550 826 1588 uxor
867 1533 1008 1603 ejus,
1051 1536 1108 1586 et
1147 1531 1460 1586 occultabat
1485 1549 1543 1586 se
1569 1532 1858 1587 mensibus
1879 1532 2128 1604 quinque

504 1627 730 1684 dicens:
757 1625 897 1690 Quia
925 1625 1005 1679 sic
1034 1625 1177 1680 mihi
1203 1625 1335 1680 fecit
1370 1625 1640 1680 Dominus
1666 1625 1725 1679 in
1749 1625 1967 1690 diebus,
1998 1626 2126 1696 qui-

502 1719 609 1776 bus
634 1719 882 1790 respexit
909 1717 1130 1773 auferre
1155 1718 1526 1790 opprobrium
1546 1734 1740 1773 meum
1766 1717 1914 1772 inter
1940 1717 2126 1772 homi-

503 1829 621 1868 nes.
648 1812 929 1867 Elizabeth
948 1815 1135 1866 autem
1156 1811 1455 1882 impletum
1482 1815 1566 1866 est
1589 1817 1813 1883 tempus
1851 1810 2124 1883 pariendi,

505 1911 560 1962 et
583 1905 804 1979 peperit
830 1904 1032 1960 tilium.
1060 1904 1375 1959 Audierunt
1407 1904 1575 1959 vicini
1617 1910 1673 1960 et
1715 1905 1940 1976 cognati
1985 1905 2126 1974 ejus,

505 1999 639 2071 quia
662 1997 1045 2070 magniﬁcavit
1059 1997 1330 2051 Dominus
1348 1997 1793 2052 misericordiam
1814 2014 1970 2052 suam
1997 2013 2127 2051 cum

504 2091 619 2160 illa,
651 2096 707 2146 et
730 2090 1263 2161 congratulabantur
1287 2090 1358 2145 ei.
1390 2091 1457 2145 Et
1481 2090 1689 2145 factum
1711 2095 1795 2145 est
1821 2091 1878 2145 in
1907 2091 1996 2145 die
2042 2107 2128 2144 oc-

503 2189 631 2239 tavo
661 2187 938 2238 venerunt
987 2182 1388 2237 circumcidere
1437 2199 1705 2254 puerum,
1753 2189 1810 2238 et
1862 2184 2130 2238 vocabant

505 2293 638 2333 eum
680 2275 912 2331 nomine
945 2275 1120 2346 patris
1163 2275 1282 2345 ejus
1319 2275 1631 2330 Zaccharia.
1680 2277 1745 2330 Et
1783 2276 2128 2347 respondens

506 2375 690 2425 mater
707 2369 828 2440 ejus
852 2368 994 2423 dixit
1021 2384 1034 2421 :
1069 2367 1454 2439 Nequaquam,
1494 2369 1590 2423 sed
1609 2368 1896 2423 vocabitur
1917 2369 2124 2424 Johan-

503 2481 623 2520 nes.
645 2463 713 2517 Et
740 2461 1006 2517 dixerunt
1033 2461 1103 2514 ad
1131 2461 1289 2515 illam
1314 2477 1327 2516 2
1356 2461 1497 2526 Quia
1523 2478 1694 2517 nemo
1719 2467 1800 2516 est
1835 2463 1894 2516 in
1920 2477 2124 2533 cogna-

500 2557 652 2613 tione
677 2559 774 2610 tua
791 2555 888 2628 qui
908 2559 1136 2609 vocetur
1153 2555 1263 2609 hoc
1294 2554 1543 2610 nomine.
1589 2555 1901 2610 Innuebant
1939 2558 2129 2610 autem

500 2651 649 2725 patri
675 2651 796 2722 ejus
821 2665 993 2721 quem
1019 2649 1187 2704 vellet
1226 2648 1408 2702 vocari
1437 2664 1590 2704 eum.
1619 2651 1684 2703 Et
1709 2649 1995 2720 postulans
2018 2665 2124 2720 pu-

503 2745 779 2818 gillarem,
818 2741 1039 2813 scripsit
1071 2741 1261 2796 dicens
1287 2753 1300 2796 :
1337 2741 1617 2796 Johannes
1643 2745 1725 2796 est
1744 2757 1957 2797 nomen
1983 2742 2124 2813 ejus.

503 2840 571 2894 Et
594 2837 782 2892 mirati
805 2840 939 2890 sunt
962 2835 1228 2890 universi.
1257 2838 1529 2905 Apertum
1555 2839 1640 2890 est
1664 2839 1856 2890 autem
1901 2835 2028 2890 ilico
2067 2852 2128 2890 os

503 2931 642 3002 ejus,
672 2935 728 2984 et
750 2929 947 3000 lingua
968 2928 1108 2998 ejus,
1138 2933 1194 2982 et
1213 2927 1552 2998 loquebatur
1570 2927 1906 3001 benedicens
1927 2929 2124 2983 Deum.

502 3025 572 3080 Et
587 3024 764 3078 factus
791 3027 874 3076 est
900 3021 1071 3075 timor
1095 3037 1265 3092 super
1309 3037 1508 3076 omnes
1555 3021 1767 3076 vicinos
1809 3038 2028 3091 eorum,
2073 3027 2128 3076 et

503 3132 676 3188 super
721 3113 909 3169 omnia
951 3117 1220 3168 montana
1262 3113 1419 3168 Juda:
1464 3113 1898 3185 divulgabantur
1938 3115 2125 3169 omnia

503 3210 672 3266 verba
707 3209 849 3263 haec.
893 3208 962 3263 Et
1002 3210 1312 3279 posuerunt
1351 3223 1546 3262 omnes
1587 3207 1686 3278 qui
1731 3208 2026 3264 audierant
2064 3208 2124 3262 in

501 3303 669 3360 corde
697 3318 798 3357 suo
826 3301 1073 3356 dicentes
1107 3317 1120 3355 :
1148 3300 1292 3366 Quid
1322 3305 1483 3372 putas
1512 3317 1658 3372 puer
1691 3301 1793 3356 iste
1831 3301 1978 3356 erit?
2016 3306 2125 3357 ete-

502 3398 625 3454 nim
651 3412 851 3452 manus
877 3394 1100 3450 Domini
1126 3399 1246 3450 erat
1263 3410 1394 3449 cum
1413 3395 1530 3450 illo.
1564 3396 1628 3449 Et
1673 3395 1992 3449 Zaccharias
2020 3412 2122 3466 pa-

500 3497 589 3546 ter
611 3490 732 3562 ejus
756 3488 1025 3560 impletus
1043 3492 1126 3542 est
1155 3487 1370 3560 Spiritu
1414 3491 1626 3557 sancto,
1669 3493 1726 3542 et
1769 3488 2126 3559 prophetavit

502 3585 729 3641 dicens:
779 3581 1111 3637 Benedictus
1151 3580 1424 3636 Dominus
1464 3583 1612 3636 Deus
1655 3581 1838 3636 Israel.
1865 3583 2012 3637 Puer
2032 3599 2128 3637 au-

499 3685 617 3734 tem
641 3675 926 3732 crescebat
949 3679 1006 3731 et
1029 3675 1448 3730 confortabatur
1465 3673 1688 3746 spiritu,
1715 3679 1771 3730 et
1787 3680 1908 3730 erat
1933 3675 1993 3730 in
2025 3676 2122 3732 de-

502 3777 648 3829 serto
673 3786 852 3843 usque
878 3769 939 3824 in
960 3769 1112 3824 diem
1141 3768 1478 3824 ostensionis
1498 3785 1614 3824 sua:
1639 3769 1709 3824 ad
1742 3769 1928 3824 Israel.

564 3881 737 3934 Lectio
770 3879 933 3944 sancti
962 3879 1232 3944 Evangelii
1275 3878 1563 3944 secundum
1597 3879 1912 3944 Mattbaeum,
1950 3893 2064 3944 qua:

781 3943 968 4005 legitur
999 3942 1132 4005 post
1144 3943 1309 3992 sancti
1337 3942 1586 3992 Johannis
1619 3943 1847 3992 missam.

571 4039 776 4095 Diebus
798 4038 927 4106 illis,
955 4053 1086 4092 cum
1113 4037 1355 4092 venisset
1384 4037 1657 4092 Dominus
1683 4039 1839 4093 Jesus
1879 4038 1939 4092 in
1981 4045 2123 4094 tem-

498 4131 681 4206 plum,
707 4135 1061 4186 accesserunt
1083 4131 1154 4185 ad
1198 4147 1331 4186 eum
1373 4130 1666 4185 docentem
1709 4131 1992 4203 principes
2027 4133 2122 4188 Sa-

500 4225 816 4294 cerdotum,
866 4229 922 4279 et
957 4225 1202 4279 seniores
1241 4223 1455 4295 populi;
1495 4224 1779 4280 dicentes:
1809 4225 1870 4280 in
1893 4242 2005 4297 qua
2031 4243 2127 4298 po-

501 4324 699 4376 testate
723 4319 844 4374 haec
864 4318 1022 4388 facis,
1045 4322 1100 4372 et
1119 4317 1245 4389 quis
1265 4317 1422 4372 dedit
1442 4317 1545 4372 tibi
1574 4317 1718 4372 hanc
1747 4323 2080 4390 potestatem
2099 4321 2126 4374 τ

501 4413 864 4486 Respondens
887 4414 1044 4468 Jesus
1071 4411 1212 4467 dixit
1235 4411 1384 4466 illis:
1419 4413 1781 4484 lnterrogabo
1817 4429 1911 4467 vos
1949 4417 2004 4468 et
2020 4430 2126 4484 ego

2228 510 2418 561 autem
2446 505 2515 561 ad
2544 506 2805 573 alterum,
2834 503 2978 558 dixit
3000 502 3279 558 similiter.
3309 501 3493 557 Atille
3516 498 3903 571 respondens

2229 599 2309 652 ait
2340 615 2353 653 :
2386 600 2486 667 Eo,
2515 597 2764 665 domine,
2793 602 2849 652 et
2873 612 2986 652 non
3018 597 3138 652 ivit.
3174 595 3307 660 Quis
3353 611 3425 649 ex
3470 593 3719 648 duobus
3761 592 3903 647 fecit.

2229 691 2570 747 voluntatem
2597 691 2774 746 Patris
2791 692 2818 745 τ
2849 691 3054 745 Dicunt
3079 690 3152 756 ei,
3176 689 3550 744 Novissimus.
3585 687 3748 741 Dicit
3779 685 3898 739 illis

2227 786 2383 840 Jesus
2414 803 2428 840 :
2458 789 2637 840 Amen
2662 785 2786 839 dico
2805 783 2980 853 vobis,
3011 783 3144 856 quia
3177 782 3468 854 publicani
3519 785 3581 836 et
3621 779 3902 836 meretri—

2229 895 2320 934 ces
2360 879 2686 950 praecedunt
2710 894 2806 932 vos
2831 878 2890 931 in
2914 893 3092 949 regno
3118 877 3235 931 Dei.
3267 877 3434 930 Venit
3467 874 3635 930 enim
3673 873 3755 928 ad
3799 889 3902 927 vos

2228 973 2507 1028 Johannes
2532 971 2592 1026 in
2616 971 2702 1025 via
2721 970 2975 1041 justitiae,
2999 974 3055 1024 et
3102 985 3217 1024 non
3261 967 3590 1024 credidistis
3631 966 3689 1021 ei
3721 985 3739 1021 :
3797 983 3903 1038 pu-

2227 1065 2434 1120 blicani
2461 1070 2652 1120 autem
2678 1068 2732 1119 et
2755 1063 3078 1118 meretrices
3106 1063 3474 1118 crediderunt
3517 1061 3597 1128 ei,
3649 1077 3757 1118 vos
3803 1076 3904 1115 au-

2227 1163 2342 1214 tem
2380 1159 2630 1213 videntes
2671 1175 2773 1213 nec
2815 1157 3205 1230 paenitentiam
3245 1155 3526 1211 habuistis
3569 1159 3786 1228 postea
3839 1158 3904 1208 ut

2229 1251 2525 1306 crederetis
2545 1251 2615 1306 ei.

2796 1321 2914 1371 Post
2932 1319 3281 1384 prophetiam.

2297 1407 2485 1478 Aperi,
2523 1407 2777 1473 Domine,
2823 1407 3064 1460 claustra
3106 1406 3222 1460 oris
3262 1405 3468 1472 nostri,
3522 1421 3651 1460 non
3705 1405 3900 1460 solum

2225 1499 2504 1571 linguam,
2527 1499 2623 1554 sed
2651 1504 2706 1554 et
2729 1504 3004 1566 mentem,
3029 1499 3344 1553 secundum
3363 1498 3517 1554 servi
3535 1499 3630 1553 tui
3650 1499 3907 1554 Zaccha-

2227 1593 2326 1648 riae
2352 1593 2660 1665 prophetas,
2704 1598 2771 1647 ut
2815 1592 3078 1647 omnibus
3124 1592 3324 1647 diebus
3368 1592 3504 1647 vitae
3567 1596 3796 1647 nostra
3850 1596 3905 1646 te

2227 1686 2452 1741 laudare
2477 1686 2776 1757 possimus,
2807 1690 2863 1740 et
2893 1685 3286 1740 remissionem
3331 1690 3717 1756 peccatorum
3768 1701 3906 1740 con-

2148 1789 2205 1862 Β
2229 1779 2387 1852 sequi
2411 1795 2734 1835 mercamur
2758 1779 2818 1833 in
2842 1779 2931 1832 via
2957 1778 3111 1850 pacis
3140 1783 3391 1834 aeternae.
3414 1780 3549 1836 Per.

2805 1888 3006 1928 INCIPIT
3045 1887 3205 1928 MISSA
3226 1873 3273 1928 ⁸.

2297 1967 2660 2038 Omnipotens
2684 1965 3025 2037 sempiterne
3046 1967 3215 2034 Deus,
3245 1965 3346 2038 qui
3382 1966 3546 2022 hunc
3579 1966 3765 2022 nobis
3803 1967 3908 2022 ho-

2227 2060 2538 2114 norabilem
2565 2060 2715 2114 diem
2736 2059 2795 2114 in
2825 2059 2974 2114 beati
2999 2059 3273 2114 Johannis
3293 2060 3568 2131 Baptista:
3587 2060 3907 2116 nativitate

2227 2153 2406 2207 fecisti
2442 2153 2745 2223 insignem,
2777 2169 3107 2224 qutesumus
3136 2149 3203 2208 ut
3231 2157 3365 2208 tuus
3398 2170 3768 2225 praecursor,
3806 2155 3910 2226 qui

2226 2247 2374 2301 inter
2402 2252 2560 2300 natos
2601 2247 2910 2300 mulierum
2958 2247 3227 2301 omnibus
3253 2247 3442 2318 major
3467 2248 3766 2318 surrexit,
3810 2265 3909 2304 no-

2227 2344 2400 2395 stram
2425 2340 2790 2411 fragilitatem
2813 2345 2922 2395 tuae
2944 2340 3142 2411 pietati
3171 2341 3562 2396 commendet.

2906 2433 3178 2484 Collectio.

2299 2516 2446 2570 Deus
2493 2513 2591 2586 qui
2641 2513 2792 2568 hunc
2828 2513 2977 2568 diem
3035 2514 3344 2569 nativitatis
3394 2514 3555 2570 beati
3612 2515 3908 2572 Johannis

2227 2609 2490 2679 Baptista:
2536 2607 3034 2678 incomparabilem
3081 2608 3416 2663 hominibus
3493 2611 3905 2665 consecrasti:

2226 2705 2429 2774 praesta
2457 2701 2620 2755 nobis
2650 2701 2718 2755 de
2745 2700 2866 2770 ejus
2894 2701 3133 2768 meritis,
3177 2701 3328 2756 illius
3367 2717 3474 2756 nos
3508 2703 3908 2760 calceamenti

2227 2795 2386 2868 sequi
2415 2793 2722 2864 vestigium
2762 2792 2878 2866 [qui
2900 2811 2957 2848 se
2981 2795 3052 2848 ad
3071 2795 3399 2868 solvendam
3425 2795 3754 2853 Salvatoris
3787 2815 3909 2853 cor-

2225 2867 2431 2960 rigiam
2456 2887 2785 2960 praedicavit
2813 2887 3136 2959 indignum.
3387 2867 3458 2932 ια’

2847 2981 2966 3030 Post
2996 2981 3230 3032 nomina.

2294 3063 2427 3131 Tua,
2456 3060 2715 3128 Domine,
2738 3062 3072 3116 muneribus
3114 3062 3381 3118 salutaria
3409 3062 3438 3104 ι)
3487 3065 3906 3136 cumulamus,

2145 3154 2368 3228 Cbeati
2407 3155 2672 3210 Johannis
2721 3155 2982 3226 Baptista
3023 3155 3376 3212 nativitatem
3422 3158 3659 3215 honore
3703 3161 3908 3217 debito

2223 3249 2585 3317 celebrantes,
2637 3249 2736 3319 qui
2780 3248 3125 3306 Salvatorem
3161 3251 3364 3308 mundi
3391 3253 3609 3308 cecinit
3638 3254 3721 3310 ad
3754 3255 3905 3310 salu-

2221 3347 2359 3400 tem.

2882 3412 2959 3462 Ad
2987 3427 3192 3477 pacem.

2297 3497 2521 3561 Praesta,
2548 3509 2896 3566 quaesumus,
2928 3495 3184 3564 Domine,
3215 3502 3283 3552 ut
3328 3499 3584 3571 populus
3635 3505 3792 3557 tuus
3839 3504 3910 3559 ad

2223 3589 2407 3661 plena:
2435 3588 2742 3644 devotionis
2791 3588 3076 3660 effectum,
3124 3590 3275 3646 beati
3302 3592 3582 3649 Johannis
3619 3595 3911 3669 Baptista

2225 3682 2490 3738 natalitiis
2515 3681 2822 3752 imbuatur,
2855 3698 3029 3755 quem
3053 3685 3383 3756 prmmisisti
3427 3687 3574 3743 Filio
3621 3694 3739 3745 tuo
3787 3691 3911 3765 ple~

2223 3775 2354 3832 bem
2372 3792 2570 3848 parare
2597 3775 2930 3848 perfectam.

2868 3871 3184 3921 Contestatio
3196 3907 3208 3920 .

2295 3951 2433 4005 Vere
2458 3950 2695 4021 dignum
2724 3955 2779 4004 et
2797 3950 3019 4020 justum
3045 3957 3148 4022 est,
3177 3953 3552 4026 omnipotens
3600 3959 3796 4029 Deus,
3848 3965 3908 4019 in

2224 4043 2313 4099 die
2336 4043 2649 4099 festivitatis
2695 4043 3004 4114 hodiernae,
3055 4061 3170 4117 quo
3206 4046 3410 4103 beatus
3447 4049 3553 4106 ille
3591 4053 3909 4113 Johannes

2225 4142 2452 4193 exortus
2493 4143 2596 4208 est,
2625 4137 2721 4210 qui
2750 4154 2944 4194 vocem
2980 4139 3169 4194 Matris
3199 4141 3429 4198 Domini
3456 4146 3744 4206 nondum
3779 4151 3908 4207 edi-

2222 4235 2314 4287 tus
2343 4231 2535 4299 sensit,
2557 4235 2615 4286 et
2636 4231 2820 4287 adhuc
2844 4232 3063 4287 clausus
3100 4238 3266 4290 utero
3311 4236 3640 4296 adventum
3692 4245 3909 4300 salutis

2224 4325 2488 4380 humanae
2512 4325 2838 4396 prophetica
2858 4326 3204 4384 exultatione
3233 4330 3463 4402 gestivit
3495 4351 3512 4388 :
3557 4336 3666 4408 qui
3715 4344 3784 4394 et
3812 4357 3911 4412 ge-

2224 4418 2454 4474 netricis
2491 4418 2847 4474 sterilitatem
2895 4427 3202 4493 conceptus
3250 4423 3545 4497 abstersit,
3595 4435 3660 4484 et
3716 4435 3909 4504 patris

499 4524 682 4564 unum
702 4521 1041 4576 sermonem,
1066 4521 1238 4577 quem
1273 4504 1320 4558 si
1344 4504 1597 4560 dixeritis
1622 4505 1786 4576 mihi,
1813 4510 1872 4561 et
1895 4522 2002 4577 ego
2026 4523 2123 4561 vo-
2144 4526 2204 4600 Β
2226 4511 2484 4584 linguam
2510 4517 2674 4567 natus
2703 4512 2958 4583 absolvit,
2986 4514 3254 4588 solusque
3272 4519 3547 4576 omnium
3573 4527 3908 4597 propheta-

497 4601 587 4658 bis
615 4601 796 4658 dicam
822 4601 880 4656 in
929 4616 1041 4672 qua
1086 4602 1360 4671 potestate
1396 4599 1519 4653 haec
1563 4599 1725 4654 facio.
1771 4600 2120 4670 Baptismum

497 4695 768 4752 Johannis
791 4695 944 4750 unde
970 4693 1134 4748 erat?
1159 4709 1188 4747 e
1218 4692 1378 4761 crelo,
1416 4709 1490 4746 an
1534 4709 1604 4747 ex
1647 4691 2015 4749 hominibus?
2053 4697 2124 4749 At

496 4789 586 4846 illi
633 4788 954 4860 cogitabant
996 4787 1148 4841 inter
1189 4803 1268 4853 se,
1317 4785 1601 4841 dicentes:
1639 4787 1696 4842 Si
1720 4786 2047 4856 dixerimus,
2080 4789 2120 4842 E

499 4883 657 4953 celo,
686 4882 832 4938 dicet
849 4881 1049 4937 nobis:
1101 4881 1282 4944 Quare
1325 4895 1462 4950 ergo
1495 4896 1610 4935 non
1644 4881 1956 4936 credidistis
1980 4881 2122 4936 illo?

497 4979 546 5034 si
561 4982 753 5033 autem
772 4975 1102 5032 dixerimus:
1127 4975 1204 5028 Ex
1224 4973 1843 5043 hominibus,timemus
1871 4975 2117 5031 turbam.

499 5071 710 5127 Omnes
734 5070 886 5125 enim
914 5069 1196 5124 habebant
1220 5068 1534 5123 Johannem
1575 5067 1720 5122 sicut
1757 5069 2117 5140 prophetam.

500 5165 569 5221 Et
595 5163 996 5234 respondentes
1017 5162 1164 5229 Jesu,
1197 5161 1498 5216 dixerunt:
1527 5161 1836 5216 Nescimus.
1875 5161 1967 5217 Ait
2007 5163 2120 5217 illis

499 5263 557 5314 et
597 5258 759 5328 ipse:
809 5248 921 5309 Nec
962 5271 1067 5326 ego
1097 5254 1252 5310 vobis
1299 5255 1422 5310 dico
1465 5255 1524 5310 in
1567 5271 1678 5327 qua
1703 5259 1972 5327 potestate
1997 5256 2120 5311 hac

497 5350 664 5408 facio.
685 5348 829 5414 Quid
847 5353 1038 5404 autem
1057 5348 1210 5404 vobis
1231 5349 1454 5404 videtur
1470 5349 1498 5404 ?
1527 5350 1704 5404 Homo
1730 5349 1969 5406 habebat
1981 5349 2120 5405 duos

499 5444 670 5514 filios,
693 5446 750 5499 et
769 5442 1035 5498 accedens
1059 5443 1128 5497 ad
1147 5442 1398 5515 primum
1421 5442 1599 5499 dixit:
1635 5443 1753 5512 Fili,
1783 5443 1918 5498 vade
1952 5443 2118 5499 hodie

501 5536 723 5611 operari
765 5537 824 5593 in
855 5536 1015 5594 vinea
1050 5553 1197 5592 mea.
1249 5537 1345 5590 Ille
1389 5540 1581 5590 autem
1624 5538 1967 5608 respondens
1992 5537 2069 5594 ait
2099 5554 2113 5592 :

567 5681 595 5713 ι
612 5678 736 5734 Hac
762 5679 1099 5749 praepostere
1126 5673 1323 5749 posita,
1369 5689 1522 5749 quae
1546 5675 1858 5749 praecedere
1904 5677 2113 5735 debue-

495 5754 624 5811 rant
643 5746 934 5811 sunériora
955 5749 1085 5801 Post
1101 5747 1321 5798 missam
1345 5746 1522 5799 sancti
1543 5746 1818 5802 Iohannis.

566 5821 596 5864 ιι
625 5822 686 5876 ln
709 5814 989 5887 Romano,
1014 5814 1115 5870 ubi
1136 5814 1260 5870 haec
1282 5814 1541 5872 Collectio
1565 5815 1682 5872 fere
1708 5819 1902 5876 eadem
1938 5821 2112 5878 refer-

2219 4623 2372 4676 rum,
2403 4605 2801 4662 Redemtorem
2832 4607 3055 4677 mundi,
3083 4625 3258 4681 quem
3307 4617 3772 4691 praenunciavit,
3824 4640 3907 4677 os-

2219 4701 2432 4771 tendit;
2464 4705 2520 4755 et
2547 4705 2610 4755 ut
2633 4717 2804 4756 sacrm
2829 4702 3238 4772 puriﬁcationis
3279 4705 3558 4765 effectum
3599 4729 3906 4786 aquarum

2218 4800 2420 4852 natura
2463 4793 2801 4865 conciperet,
2853 4796 3263 4854 sanctiﬁcandis
3319 4801 3595 4860 Jordunis
3659 4808 3908 4865 ﬂuentis

2218 4890 2406 4962 ipsum
2449 4887 2798 4959 baptismatis
2825 4889 2957 4944 lavit
3001 4896 3293 4948 auctorem
3335 4895 3540 4952 Jesum
3590 4899 3906 4960 Christum

2219 4983 2520 5038 Dominum
2540 4987 2818 5037 nostrum.
2846 4983 2950 5038 Per
2973 5000 3170 5056 quem.

2485 5095 2642 5135 MISSA
2680 5097 2732 5135 IN
2773 5096 2961 5137 SANCTI
3001 5099 3259 5141 IOHANNIS
3300 5103 3600 5147 PASSIONE.

2329 5188 2352 5217 ο
2377 5172 2547 5224 Lectio
2576 5173 2695 5222 libri
2721 5173 2995 5237 Sapientia:
3021 5177 3332 5241 Salomonis,
3363 5181 3430 5231 de
3470 5197 3586 5235 uno
3609 5187 3789 5252 justo.

2294 5259 2493 5314 Beatus
2518 5258 2603 5312 vir
2636 5259 2732 5330 qui
2776 5259 3036 5316 inventus
3079 5268 3164 5318 est
3205 5265 3326 5320 sine
3371 5271 3636 5343 macula,
3689 5281 3756 5332 et
3805 5279 3906 5350 qui

2217 5355 2344 5423 post
2389 5367 2594 5407 aurum
2638 5370 2756 5408 non
2801 5355 2960 5425 abiit,
3002 5371 3109 5411 nec
3153 5360 3405 5430 speravit
3446 5362 3514 5418 in
3548 5370 3824 5437 pecunia
3853 5377 3908 5427 et

2217 5445 2514 5500 thesauris.
2547 5447 2679 5512 Quis
2721 5452 2807 5503 est
2839 5448 2953 5518 hic,
2995 5455 3052 5506 et
3104 5452 3469 5511 laudabimus
3517 5463 3724 5519 eum?
3773 5465 3909 5522 fecit

2217 5539 2370 5595 enim
2395 5540 2748 5596 mirabiliain
2771 5541 2884 5598 vita
2907 5559 3026 5600 sua.
3056 5545 3192 5610 Quis
3217 5547 3499 5620 probatus
3527 5559 3626 5611 est
3663 5557 3735 5614 in
3784 5561 3905 5628 illo,

2215 5687 2328 5756 tur,
2354 5681 2568 5756 legitur
2591 5686 2816 5742 altaria.

2283 5754 2650 5850 3.591193%
2666 5758 3336 5850 tesserarium:
3351 5779 3466 5850 ero
3487 5769 3904 5850 subsequente

2214 5823 2355 5884 festo
2380 5823 2652 5900 passionis
2677 5829 2852 5886 sancti
2875 5823 3144 5888 Johannis
3174 5823 3462 5906 Baptista.
3490 5823 3509 5825 γ’
3531 5823 3637 5828 ἢ-
3659 5823 3694 5898 ’ί
