3970 6404
779 364 1384 427 SACRAMENTARIUII
1421 375 1861 436 GALLICANUM.
1904 411 1971 421 -
2010 377 2372 445 LECTIONES
2407 389 2844 455 QUO'I‘IDIAN.E.

3380 403 3480 455 526

124 464 175 513 et
194 459 483 530 perfectus
511 463 783 522 inventus
806 475 911 538 est,
937 477 993 526 et
1017 475 1126 528 erit
1151 475 1230 530 illi
1263 479 1464 548 gloria.
1505 482 1612 546 Qui
1647 502 1746 554 po-
1773 503 1832 573 Α
1852 505 2136 560 perquem
2151 508 2440 548 accessum
2457 495 2737 551 habemus
2750 499 2931 553 ﬁdein
2947 500 3134 570 gratia
3147 503 3272 572 ista,
3290 505 3346 558 in
3365 522 3478 577 qua

121 551 218 604 tuit
240 555 598 624 transgredi,
641 563 696 614 et
739 578 854 617 non
887 569 974 618 est
1015 571 1430 640 transgressus;
1464 578 1523 628 et
1562 551 1750 632 facere

121 645 282 711 mala,
314 649 373 699 et
403 664 528 702 non
567 651 706 705 fecit
733 670 746 707 :
778 654 907 711 ideo
943 659 1194 716 stabilita
1227 667 1360 718 sunt
1387 665 1541 721 bona
1579 669 1749 736 illius,

119 741 167 789 et
198 737 601 810 eleemosynas
639 744 789 800 illius
818 751 1112 806 enarrabit
1141 757 1380 811 ecclesia
1401 763 1748 817 sanctorum.

267 854 447 904 Lectio
483 859 656 908 sancti
690 859 958 927 Evangelii
991 867 1280 919 secundum
1315 873 1564 924 Marcum.

180 949 235 1000 ln
266 947 364 1002 illo
395 952 668 1022 tempore
689 957 903 1012 audivit
942 960 1192 1016 Herodes
1224 966 1510 1022 tetrarcha
1533 968 1748 1026 famam

113 1040 250 1104 Iesu,
281 1042 473 1095 tenuit
510 1045 862 1117 Iohannem,
895 1055 952 1105 et
995 1053 1252 1124 alligavit
1286 1073 1440 1126 eum,
1473 1066 1529 1115 et
1558 1064 1748 1132 posuit

116 1132 166 1184 in
189 1147 415 1186 carcere
446 1142 692 1208 propter
719 1141 1102 1199 Herodiadem
1141 1165 1372 1204 uxorem
1413 1152 1604 1208 fratris
1635 1156 1739 1210 sui.

115 1223 338 1278 Dicebat
365 1227 530 1282 enim
572 1230 657 1284 illi
695 1234 988 1290 Iohannes
1018 1255 1030 1292 :
1064 1240 1187 1294 Non
1220 1242 1351 1296 licet
1391 1245 1491 1299 tibi
1529 1247 1743 1303 habere

113 1332 250 1370 eam.
273 1319 341 1372 Et
364 1321 552 1374 voluit
574 1323 738 1379 illum
756 1329 1050 1385 occidere:
1077 1332 1269 1388 timuit
1291 1338 1586 1406 populum,
1609 1341 1743 1410 quia

111 1411 242 1464 sicut
273 1414 629 1483 prophetam
661 1435 794 1472 eum
823 1421 1129 1478 habebant.
1163 1426 1260 1480 Die
1299 1433 1493 1484 autem
1537 1433 1742 1487 natalis

112 1503 321 1558 saltavit
343 1505 465 1561 {ilia
495 1509 840 1566 Herodiadis
870 1513 928 1568 in
960 1516 1174 1584 medio,
1195 1521 1254 1572 et
1272 1521 1486 1589 placuit
1510 1524 1736 1580 Herodi.

114 1595 260 1648 Unde
282 1613 416 1652 eum
434 1599 779 1669 juramento
797 1605 1080 1675 pollicitus
1093 1613 1179 1662 est
1200 1611 1253 1664 ei
1275 1612 1410 1668 dare
1432 1616 1741 1686 quodcum-

111 1703 210 1757 que
253 1693 608 1759 postulasset
653 1695 724 1749 ab
755 1713 845 1752 eo.
872 1699 946 1751 At
975 1699 1071 1754 illa
1102 1705 1446 1771 praemonita
1479 1724 1512 1761 a
1555 1713 1738 1764 matre

110 1796 201 1833 sua
227 1797 239 1833 :
263 1782 343 1836 Da
373 1783 544 1853 mihi,
581 1786 789 1858 inquit,
827 1789 918 1844 hic
953 1791 1012 1846 in
1051 1793 1205 1850 disco
1246 1801 1415 1867 caput
1458 1801 1736 1856 Johannis

1853 585 2087 650 stamus,
2105 585 2492 655 etgloriamur
2511 588 2569 642 in
2591 606 2689 660 spe
2711 591 2908 660 gloriae
2934 593 3186 648 ﬁliorum
3206 596 3328 650 Dei.
3351 598 3475 653 Non

1851 676 2034 728 solum
2081 681 2295 745 autem,
2331 680 2432 734 sed
2467 685 2525 734 et
2553 683 2872 752 gloriamur
2899 684 2958 740 in
2985 685 3470 758 tribulationibus,

1852 767 2094 821 scientes
2111 770 2266 839 quod
2279 771 2570 828 tribulatio
2587 775 2928 845 patientiam
2947 782 3238 850 operatur,
3253 783 3476 852 patien-

1851 858 1930 912 tia
1951 863 2144 914 autem
2165 863 2586 933 probationem,
2601 867 2862 938 probatio
2881 885 3013 925 vero
3032 888 3214 942 spem,
3229 889 3358 944 spes
3380 891 3476 929 au-

1849 951 1968 1004 tem
1992 968 2107 1006 non
2121 955 2454 1010 confundit:
2475 958 2610 1028 quia
2621 959 2828 1015 caritas
2844 961 2944 1016 Dei
2963 963 3161 1018 defusa
3177 968 3262 1018 est
3280 965 3337 1020 in
3356 983 3475 1021 cor-

1849 1041 2011 1097 dibus
2025 1046 2220 1099 vestris
2233 1064 2334 1117 per
2344 1048 2614 1118 Spiritum
2627 1055 3012 1124 sanctum,qui
3027 1055 3194 1110 datus
3208 1060 3292 1110 est
3305 1059 3471 1113 nobis

1848 1135 1918 1188 Ut
1947 1136 2084 1206 quid
2113 1137 2268 1192 enim
2291 1139 2559 1208 Christus,
2583 1159 2714 1198 cum
2743 1145 2928 1201 adhuc
2949 1146 3165 1202 infirmi
3189 1165 3463 1217 essemus,

1846 1229 2161 1283 secundum
2190 1234 2420 1302 tempus
2435 1250 2538 1304 pro
2563 1235 2750 1306 impiis
2770 1241 3030 1293 mortuus
3048 1241 3171 1294 est?
3189 1241 3289 1296 Vix
3309 1243 3468 1298 enim

1844 1336 1948 1390 pro
1969 1321 2127 1390 justo
2156 1323 2282 1393 quis
2307 1325 2580 1390 moritur;
2602 1344 2735 1382 nam
2767 1346 2869 1400 pro
2894 1330 3047 1386 bono
3075 1333 3309 1388 forsitan
3341 1335 3468 1406 quis

1843 1415 1900 1465 et
1924 1413 2135 1468 audeat
2151 1417 2302 1470 mori
2317 1416 2345 1470 ?
2359 1418 2747 1475 Commendat
2764 1425 2958 1476 autem
2979 1440 3142 1478 suam
3164 1425 3463 1482 caritatem

1841 1505 1988 1559 Deus
2018 1506 2076 1560 in
2104 1508 2287 1576 nobis,
2314 1511 2592 1580 quoniam
2621 1529 2751 1567 cum
2796 1515 2982 1570 adhuc
3010 1521 3338 1587 peccatores
3375 1537 3462 1574 es-

1841 1613 2048 1665 semus,
2084 1600 2338 1655 Christus
2379 1619 2483 1672 pro
2520 1605 2687 1658 nobis
2715 1609 2976 1662 mortuus
3025 1613 3130 1663 est.
3153 1610 3323 1665 Multo
3355 1611 3462 1682 igi-

1841 1693 1931 1743 tur
1953 1692 2138 1761 magis
2150 1693 2443 1762 justificati
2465 1695 2523 1749 in
2549 1699 2830 1768 sanguine
2852 1699 3046 1770 ipsius,
3069 1702 3204 1756 salvi
3227 1703 3458 1758 erimus.

1988 1783 2163 1833 Lectio
2191 1785 2356 1834 sancti
2389 1787 2656 1850 Evangelii
2692 1790 2978 1840 secundum
3001 1793 3304 1846 Iohannem.

113 1873 380 1943 Baptistae.
409 1877 480 1930 Et
511 1880 885 1936 contristatus
919 1888 1005 1938 est
1029 1901 1144 1942 rex.
1177 1861 1417 1960 Propter
1434 1891 1730 1960 juramen-
1755 1862 1811 1932 B
1841 1953 1870 1960 Α
1904 1861 2112 1960 [ﬂebas
2141 1863 2248 1960 ἕψε
2277 1865 2580 1960 ἑξηώυῃωδ
2604 1869 2875 1924 Dominus
2897 1873 3056 1926 Jews
3084 1872 3248 1942 juxm
3298 1891 3456 1929 mare

110 1968 218 2019 tum
247 1971 441 2022 autem
480 1974 541 2024 et
581 1988 682 2026 eos
711 1974 809 2044 qui
840 1977 1058 2045 pariter
1097 1982 1530 2052 recumbebant,
1564 1985 1734 2056 jussit

108 2057 238 2112 dari.
263 2061 548 2132 Misitque,
581 2069 640 2118 et
666 2063 967 2122 decollavit
1003 2071 1329 2128 Iohannem
1371 2075 1426 2129 in
1455 2093 1686 2133 carcere
1714 2096 1728 2145 ;

107 2153 156 2203 et
177 2151 406 2226 allatum
457 2159 548 2209 est
596 2162 769 2228 caput
811 2160 934 2229 ejus
979 2161 1037 2215 in
1081 2163 1256 2231 disco,
1303 2170 1360 2220 et
1409 2168 1609 2224 datum
1647 2176 1734 2225 est

108 2245 313 2312 puellae,
343 2251 402 2299 et
429 2248 564 2301 tulit
595 2251 768 2305 matri
809 2269 946 2308 suae.
983 2255 1052 2308 Et
1090 2257 1428 2313 accedentes
1469 2260 1728 2334 discipuli

108 2335 234 2404 ejus,
261 2339 519 2394 tulerunt
543 2357 755 2412 corpus
781 2345 923 2414 ejus,
957 2350 1016 2401 et
1039 2349 1391 2419 sepelierunt
1426 2352 1583 2408 illud.

709 2475 905 2515 INCIPIT
944 2478 1121 2519 MISSA.

171 2556 309 2612 Deus
343 2561 434 2614 cui
483 2567 688 2619 sancta
736 2570 1168 2625 conversatione
1226 2573 1475 2631 dir'ecta‘
1495 2577 1728 2648 gloriosi

107 2649 364 2707 Johannis
389 2657 619 2711 oranda
658 2660 947 2728 sanctitas,
993 2664 1343 2722 celebranda
1372 2671 1728 2726 sollemnitas

109 2745 327 2814 estzqui
352 2749 657 2818 quondam
691 2768 820 2805 cum
851 2753 1228 2811 adnunciaret
1259 2760 1596 2817 mirabiliter
1623 2765 1728 2818 Re-

107 2833 432 2908 demtorem,
477 2844 838 2912 expectabat,
883 2849 1176 2917 speculum
1209 2852 1461 2923 luminis,
1497 2855 1724 2911 initium

106 2925 466 3000 baptismatis,
504 2935 907 2992 testimonium
929 2941 1214 3008 veritatis;
1250 2949 1305 2998 et
1328 2945 1386 3000 in
1416 2948 1721 3018 plenitudi-

108 3035 225 3075 nem
245 3023 444 3079 Christi
473 3027 797 3097 signorum,
829 3035 955 3100 post
975 3033 1140 3103 signa
1161 3038 1540 3106 monstrabat,
1576 3057 1721 3095 nun-

105 3112 209 3164 cius
225 3115 448 3183 salutis,
479 3121 725 3174 aemulus
752 3124 1031 3192 passionis
1056 3143 1068 3180 :
1099 3129 1291 3183 serviit
1311 3132 1594 3202 propheta
1622 3134 1722 3188 ba-

105 3205 314 3276 ptismo,
329 3209 585 3280 baptista
599 3215 900 3287 martyrio,
925 3221 982 3271 et
998 3221 1192 3274 Iesum
1216 3221 1316 3276 Dei
1339 3222 1541 3278 Filium
1559 3243 1720 3280 mun-
1739 3226 1793 3300 ρ

105 3297 154 3350 di
178 3299 533 3358 redemtione
557 3310 887 3376 venturum,
915 3327 1088 3381 quem
1111 3313 1464 3370 a'dnunciare
1491 3335 1549 3371 se
1579 3335 1721 3389 pra:-

103 3389 367 3449 dicatione
410 3399 703 3452 sermonis
752 3403 1023 3471 ostendit,
1081 3422 1277 3462 amare
1324 3425 1382 3463 se
1436 3410 1715 3466 effusione

102 3486 374 3555 sanguinis
400 3491 797 3565 conprobavit.

643 3595 892 3646 Collectio
938 3603 1156 3650 secreta.

162 3671 366 3728 Exaudi
393 3691 498 3730 nos
526 3677 816 3734 bonorum
839 3683 1102 3737 omnium
1134 3685 1515 3756 dispensator,
1542 3694 1714 3761 atque

105 3760 153 3815 in
177 3765 498 3822 electissimi
541 3770 626 3824 tui
672 3772 950 3828 Johannis
1009 3775 1396 3833 sollemnitate
1447 3760 1714 3852 prensanti

104 3852 424 3914 delictorum
453 3861 882 3933 indulgentiam
907 3868 1165 3938 placatus
1195 3871 1488 3939 adtribue;
1511 3875 1603 3928 cui
1634 3877 1714 3931 to-

104 3949 210 4002 tum
233 3949 290 4004 in
319 3951 590 4008 virtutem
611 3957 793 4010 sancti
821 3958 1065 4030 Spiritus
1093 3961 1164 4016 ab
1205 3979 1303 4017 ore
1343 3967 1708 4035 translatum,

102 4037 331 4098 Christus
377 4045 487 4100 fuit
521 4047 814 4103 moriendi
859 4068 1048 4118 causa,
1096 4055 1187 4108 cui
1234 4056 1488 4112 Christus
1525 4059 1713 4115 fuerat

101 4144 252 4188 causa
303 4139 599 4194 nascendi.
652 4143 776 4212 Ipse
828 4143 1005 4215 igitur
1043 4146 1352 4202 nativitatis
1409 4151 1710 4208 dominicae

102 4227 341 4296 nuncius,
372 4229 493 4301 ipse
516 4249 839 4302 praacursor
857 4237 1131 4307 probatus
1153 4244 1238 4292 est
1262 4242 1558 4311 passionis.
1583 4246 1705 4300 Per.

731 4347 1062 4398 Contestatio.

159 4427 290 4484 Vere
321 4433 565 4504 dignum
589 4442 646 4492 et
665 4438 883 4508 justum
915 4447 1018 4511 est,
1043 4445 1412 4516 omnipotens
1436 4449 1582 4502 Deus
1605 4467 1708 4521 per

101 4517 367 4579 Christum
397 4527 706 4586 Dominum
730 4537 1012 4589 nostrum.
1041 4537 1141 4592 Cui
1166 4537 1224 4592 in
1243 4545 1551 4612 conspectu
1569 4543 1708 4598 vati-

99 4609 310 4684 cinium,
340 4619 397 4673 in
439 4625 570 4675 actu
609 4623 982 4696 baptismum,
1023 4629 1080 4683 in
1129 4629 1287 4684 obitu
1316 4635 1654 4706 martyrium
1689 4653 1702 4692 :

101 4717 200 4772 quo
220 4723 318 4778 per
338 4727 512 4768 unam
538 4716 924 4790 eamdemque
947 4719 1436 4792 dispensationem
1455 4727 1707 4783 ostendit

101 4803 374 4864 generatio
407 4821 581 4876 quem
606 4809 888 4880 promisit,
920 4817 1275 4872 conversatio
1291 4835 1461 4889 quem
1490 4819 1700 4888 docuit,

99 4891 269 4956 passio
314 4912 484 4967 quem
527 4900 723 4956 dilexit
756 4921 768 4958 :
800 4906 1110 4978 prophetat
1133 4909 1192 4964 in
1220 4914 1402 4974 utero,
1431 4913 1703 4984 praedicat

98 4979 147 5034 in
168 4989 382 5056 saeculo,
407 4999 776 5050 consummat
792 4997 852 5052 in
873 5000 1106 5069 gaudio.
1127 5005 1172 5056 A
1188 5003 1410 5074 justitia
1433 4979 1697 5077 elegitur,

101 5073 162 5128 de
184 5076 400 5146 justitia
427 5084 700 5156 loquitur,
733 5106 838 5160 pro
865 5091 1092 5162 justitia
1127 5095 1461 5152 decollatur.
1489 5073 1699 5153 Tantus

101 5170 370 5239 prophetae
401 5178 676 5247 splendor
707 5182 765 5236 in
803 5185 1048 5242 carceris
1082 5188 1325 5243 claustra
1353 5190 1694 5259 detruditur,

99 5262 557 5330 etpreciosusDeo
582 5276 816 5346 sanguis
837 5280 1181 5336 meretriciae
1204 5283 1522 5339 saltationis
1542 5302 1695 5340 mer-

97 5353 219 5409 cede
253 5360 492 5428 taxatur,
537 5369 707 5437 atque
753 5369 906 5424 inter
945 5373 1251 5442 gentilicia:
1290 5377 1594 5447 voluptatis
1633 5379 1698 5432 fit

98 5447 273 5513 epulas
289 5455 596 5522 speculum.
621 5459 721 5516 Cui
739 5463 945 5518 merito
966 5480 1172 5520 omnes
1193 5468 1404 5538 angeli.
1435 5468 1692 5524 Sanctus.

381 5587 537 5628 MISSA
575 5591 626 5630 IN
669 5593 870 5634 NATALE
907 5596 1057 5636 PETRI
1097 5599 1160 5638 ET
1200 5599 1375 5638 PAULI.

99 5647 303 5714 Epistola
325 5661 462 5713 Pauli
476 5667 693 5728 apostoli
707 5669 772 5719 ad
789 5671 1064 5722 Romanos.
1077 5675 1131 5724 In
1143 5675 1312 5724 natale
1324 5675 1693 5740 apostolorum.

159 5745 386 5821 Fratres,
399 5754 696 5825 justiﬁcati
720 5759 897 5832 igitur
915 5777 980 5818 ex
997 5764 1131 5832 ﬁde,
1159 5783 1358 5838 pacem
1381 5766 1696 5824 habeamus

102 5838 160 5891 ad
191 5841 361 5900 Deum
398 5864 500 5919 per
521 5850 830 5908 Dominum
854 5859 1115 5912 nostrum
1145 5858 1338 5915 Iesum
1365 5860 1650 5917 Christum
1679 5881 1691 5920 :

393 5943 666 6013 PATBOL.
713 5949 944 6020 LXXII.

1833 1953 2080 2020 Galileaz,
2105 1955 2244 2009 vidit
2275 1957 2417 2012 duos
2449 1959 2674 2027 fratres,
2702 1961 2924 2029 Simon,
2957 1963 3054 2034 qui
3081 1967 3316 2020 vocatur
3350 1969 3454 2021 Pe-

1833 2048 1972 2113 trus,
2005 2049 2062 2100 et
2083 2047 2375 2104 Andream
2413 2051 2652 2106 fratrem
2689 2053 2832 2124 ejus,
2869 2055 3164 2110 mittentes
3207 2059 3352 2112 retia
3397 2059 3453 2112 in

1833 2153 2012 2206 mare,
2039 2144 2203 2194 erant
2217 2141 2373 2196 enim
2400 2143 2740 2213 piscatores,
2769 2150 2827 2200 et
2841 2147 2921 2200 ait
2940 2147 3050 2201 illis
3068 2164 3081 2202 :
3100 2149 3299 2203 Venite
3328 2155 3459 2220 post

1831 2246 1945 2298 me,
1969 2235 2028 2285 et
2049 2233 2261 2287 faciam
2285 2251 2382 2290 vos
2403 2235 2716 2306 piscatores
2736 2238 3058 2294 hominum.
3081 2242 3152 2294 At
3171 2241 3254 2295 illi
3274 2243 3453 2297 conti-

1832 2339 1946 2378 nuo
1979 2325 2190 2379 relictis
2215 2327 2433 2382 retibus
2458 2329 2574 2384 suis
2600 2331 2777 2384 secuti
2827 2335 2960 2387 sunt
2992 2349 3146 2387 eum.
3175 2335 3306 2388 Post
3331 2335 3452 2390 haec

1831 2415 1969 2470 dicit
1993 2419 2153 2472 Jesus
2179 2421 2346 2474 Petro
2377 2437 2389 2474 :
2415 2421 2616 2476 Simon
2643 2425 2936 2480 Johannes
2975 2425 3164 2496 diligis
3200 2443 3294 2481 me
3324 2429 3452 2498 plus

1829 2507 1915 2562 his
1935 2509 1963 2562 ?
1989 2509 2133 2564 Dicit
2159 2511 2210 2564 ei
2241 2528 2253 2565 :
2280 2512 2482 2581 Etiam,
2514 2516 2780 2583 Domine,
2810 2520 2872 2570 tu
2898 2517 3004 2571 scis
3040 2517 3174 2587 quia
3217 2534 3348 2574 amo
3371 2523 3445 2574 te.

1827 2601 1970 2655 Dicit
1991 2603 2044 2655 ei
2066 2619 2078 2656 :
2101 2604 2274 2657 Pasce
2304 2621 2486 2676 agnos
2511 2623 2691 2663 meos.
2713 2608 2855 2664 Dicit
2885 2609 2938 2662 ei
2964 2609 3174 2663 iterum
3210 2627 3222 2664 :
3247 2611 3446 2666 Simon

1823 2693 2113 2748 Iohannes
2134 2695 2324 2766 diligis
2348 2698 2480 2752 me?
2503 2702 2576 2754 At
2601 2700 2695 2754 ille
2723 2701 2802 2756 ait
2829 2718 2840 2755 :
2864 2701 3072 2769 Etiam,
3096 2703 3360 2767 Domine,
3384 2708 3446 2759 tu

1825 2785 1932 2840 seis
1958 2788 2092 2858 quia
2115 2805 2250 2842 amo
2276 2793 2350 2843 te.
2373 2790 2516 2844 Dicit
2542 2792 2595 2845 ei
2623 2809 2636 2846 :
2667 2794 2838 2848 Pasce
2865 2809 3048 2864 agnos
3085 2810 3265 2849 meos.
3298 2795 3446 2850 Dicit

1826 2879 1880 2932 ei
1913 2879 2078 2935 tertio
2103 2897 2115 2935 :
2139 2881 2340 2936 Simon
2358 2883 2668 2952 Iohannes,
2691 2903 2851 2941 amas
2890 2903 2984 2940 me
3005 2886 3032 2940 ‘I
3069 2887 3446 2944 Contristatus

1822 2971 2040 3039 Petrus,
2071 2973 2206 3043 quia
2233 2973 2370 3028 dixit
2394 2976 2447 3030 ei
2476 2977 2666 3045 tertio,
2693 2979 2869 3032 Amas
2905 2979 3044 3033 me?
3073 2980 3142 3032 Et
3171 2979 3309 3034 dicit
3344 2981 3394 3034 ei
3427 2997 3442 3035 :

1823 3064 2082 3132 Domine,
2113 3069 2173 3120 tu
2209 3068 2358 3122 nosti
2388 3068 2608 3137 omnia,
2656 3073 2718 3124 tu
2749 3071 2854 3125 scis
2879 3071 3014 3144 quia
3038 3087 3172 3126 amo
3193 3074 3268 3126 te.
3302 3073 3446 3128 Dicit

1824 3156 1877 3210 ei
1906 3173 1919 3210 :
1959 3159 2130 3212 Pasce
2180 3175 2312 3214 oves
2355 3177 2533 3216 meas.
2561 3164 2764 3228 Amen,
2788 3180 2962 3218 amen
2988 3163 3116 3219 dico
3158 3166 3282 3234 tibi,
3311 3181 3443 3220 cum

1819 3265 1970 3302 esses
1988 3250 2208 3320 junior,
2232 3253 2504 3324 cingebas
2526 3257 2601 3321 te,
2625 3258 2683 3308 et
2705 3255 3041 3312 ambulabas
3072 3258 3167 3312 ubi
3189 3259 3442 3314 volebas.

1816 3341 1960 3397 Cum
1991 3345 2186 3397 autem
2214 3345 2491 3413 senueris,
2521 3347 2792 3402 extendes
2816 3365 3023 3404 manus
3049 3353 3196 3419 tuas,
3221 3355 3280 3406 et
3299 3351 3442 3406 alius

1819 3437 1873 3487 te
1900 3434 2110 3506 cinget,
2143 3439 2201 3490 et
2225 3437 2396 3492 ducet
2421 3454 2536 3508 quo
2553 3441 2612 3492 tu
2643 3455 2758 3494 non
2783 3441 2884 3494 vis.
2915 3442 3029 3496 Hoc
3055 3446 3250 3498 autem
3279 3442 3438 3512 dixit,

1817 3527 2146 3597 signiﬁcans
2177 3545 2290 3600 qua
2317 3532 2502 3584 morte
2545 3535 2694 3585 esset
2727 3533 3138 3590 clariﬁcaturus
3164 3538 3364 3592 Deum.

2411 3639 2611 3679 INCIPIT
2648 3641 2824 3680 MISSA.

1884 3709 2030 3763 Deus
2051 3708 2149 3779 qui
2174 3709 2324 3764 hunc
2355 3710 2556 3780 [diem]
2589 3711 2891 3768 beatorum
2920 3716 3152 3769 tuorum
3197 3717 3351 3772 Petri
3379 3722 3436 3774 et

1814 3801 1971 3856 Pauli
1992 3801 2270 3872 martyrio
2293 3804 2637 3858 consecrasti
2656 3821 2668 3870 ;
2685 3804 2996 3860 Ecclesiam
3029 3809 3188 3862 tuam
3209 3819 3443 3878 eorum;

1813 3909 2158 3964 quaesumus,
2207 3894 2540 3964 magisterio
2604 3896 2927 3968 gubernare
2985 3898 3282 3971 [digneris]
3330 3917 3434 3973 per

1812 4002 1955 4057 quos
1985 3987 2228 4058 sumpsit
2253 3987 2509 4043 inicium.

2488 4072 2759 4124 Collectio.

1880 4151 2302 4220 Apostolorum,
2348 4151 2613 4220 Domine,
2656 4152 2959 4210 beatorum
3003 4155 3153 4210 Petri
3192 4161 3251 4212 et
3275 4155 3430 4214 Pauli

1809 4242 2136 4298 desiderata
2169 4245 2471 4299 sollemnia
2516 4262 2880 4302 recensemus
2906 4265 2920 4314 ;
2948 4251 3178 4320 praesta,
3209 4266 3429 4322 quasu-

1809 4351 1957 4402 mus,
1985 4339 2047 4390 ut
2080 4353 2282 4392 eorum
2323 4338 2736 4410 supplicatione
2787 4340 3140 4409 muniamur,
3181 4359 3428 4413 quorum

1807 4428 2064 4500 regimur
2095 4429 2438 4502 principatu.

2436 4515 2558 4562 Post
2589 4513 2818 4564 nomina.

1724 4585 1783 4657 D
1876 4595 2180 4666 Largiente
2207 4600 2284 4666 te,
2304 4597 2566 4665 Domine,
2596 4597 2865 4654 natalicio
2888 4599 3039 4654 Petri
3065 4603 3122 4654 et
3149 4599 3310 4657 Pauli
3335 4603 3422 4658 lu-

1806 4705 1942 4743 men
1967 4688 2178 4743 effulsit
2205 4707 2216 4744 :
2249 4690 2519 4758 concede,
2547 4707 2893 4761 quaesumus,
2917 4694 2980 4746 ut
3004 4691 3286 4750 hodierna
3304 4694 3425 4766 glo-

1802 4782 1888 4836 ria
1917 4783 2195 4854 passionis
2221 4783 2368 4839 sicut
2391 4783 2502 4838 illis
2523 4783 3017 4855 magniﬁcentiam
3039 4785 3238 4841 tribuit
3269 4803 3419 4842 sam-

1803 4875 2109 4947 piternam,
2139 4876 2218 4932 ita
2245 4877 2409 4932 nobis
2435 4876 2664 4932 veniam
2704 4877 2982 4948 largiatur
3011 4882 3288 4950 optatam.

1871 5051 2104 5106 Munera
2133 5066 2260 5121 qum
2303 5049 2635 5116 deferimus,
2682 5051 2946 5118 Domine,
2988 5050 3273 5124 benignus
3315 5053 3418 5110 ad-

1800 5160 1996 5212 sume;
2027 5143 2125 5214 qui
2150 5143 2359 5196 nostris
2380 5142 2712 5213 inpedimur
2751 5142 3002 5210 offensis,
3025 5147 3418 5215 apostolorum

1799 5236 2060 5308 precibus
2085 5235 2443 5306 adjuvemur.

2436 5316 2764 5367 Contestatio.

1867 5397 2006 5451 Vere
2030 5397 2270 5468 dignum
2291 5400 2347 5450 et
2361 5397 2580 5467 justum
2603 5399 2707 5465 est,
2731 5397 3116 5469 omnipotens,
3138 5402 3194 5454 te
3211 5401 3420 5471 glorio-

1797 5508 1922 5546 sum
1951 5490 2009 5544 in
2036 5490 2243 5545 sanctis
2273 5490 2404 5556 tuis,
2439 5494 2494 5544 te
2525 5490 2852 5544 mirabilem
2885 5491 2942 5545 in
2986 5491 3100 5545 tuis
3125 5491 3418 5566 discipolis

1796 5584 2142 5639 declamare.
2171 5585 2244 5639 Te
2273 5583 2428 5638 enim
2448 5586 2644 5638 verum
2669 5584 2851 5638 Deum
2879 5584 3256 5656 deprecantes
3276 5602 3412 5657 apo-

1795 5677 1925 5732 stoli
1945 5677 2006 5732 in
2033 5693 2266 5734 omnem
2292 5680 2505 5732 terram
2537 5693 2742 5732 sonum
2765 5677 3154 5748 praebuerunt,
3184 5682 3240 5732 et
3265 5677 3322 5730 in
3353 5677 3415 5730 ﬂ-

1795 5787 1897 5825 nes
1929 5770 2083 5824 orbis
2113 5774 2281 5826 terrae
2311 5771 2550 5825 verbum
2582 5771 2761 5825 sancti
2805 5770 3136 5825 certaminis
3163 5765 3408 5823 tradide-

1794 5868 1945 5917 runt.
1981 5865 2054 5916 Ex
2095 5864 2298 5933 quibus
2339 5864 2570 5918 beatum
2607 5866 2836 5918 Petrum
2881 5863 2934 5914 in
2970 5860 3408 5915 fundamentum

3022 5963 3092 6020 I7
