3970 6418
87 384 192 434 5'25

722 510 914 548 INCIPIT
953 511 1123 551 IISSA.

158 577 336 646 Deus,
359 577 461 648 qui
494 577 553 632 in
570 585 899 636 sanctorum
914 587 1146 638 tuorum
1172 585 1434 640 cordibus
1452 588 1623 642 sancti
1646 604 1731 643 ca-

68 668 220 722 loris
247 669 339 723 tui
365 669 534 741 ignes
564 674 898 742 accendens,
922 692 1097 747 usque
1126 677 1196 731 ad
1225 679 1481 749 martyrii
1503 696 1596 735 eos
1613 682 1731 751 glo-

74 762 237 816 riosa
266 763 591 819 certamina
618 766 908 834 sustulisti,
940 773 1004 823 ut
1032 769 1092 823 in
1120 771 1393 841 supplicio
1421 773 1725 841 constituti,

70 858 487 925 persecutores
514 862 642 911 tuos
672 863 726 913 te
752 859 1008 914 vincente
1040 860 1427 933 despicerent,
1456 881 1646 935 poenas
1673 869 1729 920 te

68 948 455 1003 confortante
482 955 913 1007 contemnerent
937 994 950 1021 ,
980 954 1216 1024 pramia
1247 959 1299 1009 te
1330 963 1729 1013 remunerante

65 1040 460 1111 perciperent
487 1042 548 1097 in
580 1043 788 1114 gloria;
819 1062 924 1115 per
941 1045 1166 1100 illorum
1182 1051 1255 1116 te,
1280 1048 1513 1103 Domine
1534 1049 1731 1104 trium-

67 1134 270 1204 phum
319 1135 720 1205 deprecamur,
758 1142 822 1191 ut
863 1138 1025 1192 nobis
1072 1140 1465 1196 remissionem
1518 1142 1729 1197 tribuas

64 1232 480 1297 peccatorum.

810 1300 1035 1350 Secreta.

151 1370 540 1441 Omnipotens
581 1372 729 1426 Deus
756 1378 965 1442 noster,
1004 1378 1067 1428 tu
1103 1374 1288 1429 tribue
1314 1380 1379 1430 ut
1406 1375 1728 1431 intercessio

60 1462 559 1519 beatissimorum
580 1464 1048 1536 patriarcharum,
1066 1467 1494 1538 prophetarum,
1514 1474 1729 1540 aposto-

60 1555 301 1623 lorum,
338 1562 687 1628 martyrum,
721 1558 1122 1628 confessorum,
1145 1560 1449 1631 virginum,
1474 1566 1529 1615 et
1554 1577 1729 1616 sacer-

60 1647 309 1712 dotum,
343 1650 719 1722 omniumque
736 1655 1077 1720 sanctorum,
1099 1657 1419 1707 nostrarum
1446 1653 1728 1725 profectus

62 1741 330 1795 sitanim
340 1758 530 1810 arum,
546 1748 602 1797 et
613 1744 816 1813 cultus,
834 1760 1007 1815 quem
1025 1744 1133 1798 illis
1149 1745 1455 1799 deferimus
1469 1746 1535 1800 ad
1558 1747 1729 1801 hono-

62 1850 201 1888 rem
212 1834 412 1900 ,nobis
425 1822 683 1908 proﬁciat
693 1836 764 1891 ad
775 1837 1104 1903 salutem,ut
1116 1838 1514 1894 intercessione
1528 1856 1726 1894 eorum
1747 1870 1803 1940 Β

62 1928 333 1998 gratiam
365 1933 526 1983 tuam
552 1932 608 1983 et
634 1945 829 2000 pacem
858 1931 917 1984 in
948 1930 1109 1985 nobis
1136 1931 1305 1985 facias
1334 1948 1685 2003 permanere.

717 2027 1003 2077 lmmolatio
1028 2028 1213 2077 missa.
1640 2087 1647 2093 .

150 2109 297 2161 Vere
344 2106 591 2177 dignum
639 2112 696 2161 et
736 2108 953 2178 justum
1009 2112 1110 2176 est,
1152 2107 1506 2179 omnipotens
1553 2109 1719 2165 Deus.

54 2200 198 2255 Tibi
228 2201 413 2267 enim,
446 2200 704 2267 Domine,
736 2200 870 2254 festa
894 2200 1236 2255 sollemnitas
1256 2201 1463 2271 agitur,
1486 2202 1587 2256 tibi
1607 2202 1724 2258 dies

54 2298 302 2347 sacrata
332 2292 670 2361 celebratur,
712 2310 882 2364 quam
911 2294 1206 2348 beatorum
1236 2299 1462 2349 tuorum
1491 2296 1723 2367 patriar-

53 2388 347 2455 charum,
381 2386 818 2457 prophetarum,
851 2388 1234 2458 apostolorum
1257 2429 1270 2455 ,
1301 2392 1634 2459 martyrum,
1667 2394 1723 2443 et

54 2482 497 2546 confessorum,
537 2479 823 2550 virginum
866 2485 921 2534 et
962 2481 1335 2549 sacerdotum,
1378 2481 1439 2535 in
1475 2482 1722 2536 veritatis

56 2581 187 2628 tua
240 2572 643 2627 testiﬁcatione
689 2573 960 2644 profusis,
1006 2573 1308 2643 magnilico
1352 2574 1597 2627 nominis
1637 2575 1720 2628 tui

56 2668 306 2721 honore
328 2665 592 2736 signavit,
616 2666 677 2719 in
694 2681 806 2736 quo
829 2665 1060 2720 unicum
1079 2666 1276 2720 salutis
1300 2671 1506 2720 nostra
1526 2667 1720 2737 prasi-

54 2760 261 2825 dium,
295 2760 467 2813 Pater
494 2763 725 2826 aterne,
756 2758 1007 2828 posuisti.
1049 2760 1192 2813 Tuas
1233 2758 1426 2829 igitur,
1458 2759 1714 2829 Domine,

52 2856 343 2923 virtutes,
379 2858 619 2924 tuasque
650 2853 910 2908 victorias
954 2854 1324 2921 admiramur,
1370 2856 1628 2926 quotiens
1659 2857 1717 2911 in

54 2946 327 3002 Ecclesia
348 2949 446 3000 tua
460 2946 668 3000 horum
685 2945 905 3000 dierum
918 2946 1059 3000 festa
1078 2947 1425 3001 celebramus
1438 2964 1577 3018 quos
1589 2949 1719 3003 insi-

53 3057 213 3112 gnes
237 3044 576 3094 sanctorum
598 3043 827 3093 tuorum
842 3039 1044 3111 palma
1062 3040 1131 3093 ad
1152 3055 1462 3110 perennem
1491 3057 1714 3097 memo-

52 3135 217 3190 riam
242 3133 707 3204 sollemnemque
727 3132 983 3187 latitiam
1009 3132 1266 3187 fidelibus
1285 3133 1508 3204 populis
1534 3151 1711 3189 sacra-

736 386 1341 444 SACRAMENTARIUM
1378 392 1820 447 GALLICANUM.
1864 423 1929 431 -
1972 393 2331 450 LECTIONES
2368 395 2813 463 QUOTIDIANJ‘I.

3352 404 3451 456 5'26

1751 513 1809 583 Α
2440 520 2631 559 INCIPIT
2669 521 2821 561 IISSA
2830 546 2843 559 .

1901 595 2098 650 Sancte
2140 596 2390 662 Domine,
2436 597 2599 667 cujus
2638 602 2754 651 tam
2794 597 2975 667 multa
3017 602 3103 652 est
3140 598 3445 668 miseratio,

1827 703 1997 757 quam
2024 688 2247 759 copiosa
2271 688 2565 756 redemtio,
2595 690 2876 760 propicius
2918 706 2981 744 ac
3024 690 3303 762 benignus
3346 708 3445 747 ex-

1827 779 1959 833 audi
1984 796 2175 850 preces
2194 785 2432 849 nostras,
2460 785 2517 835 et
2541 781 2612 835 da
2630 781 3116 837 intercessionibus
3137 782 3447 838 beatissimi

1828 872 2088 943 martyris
2114 873 2198 927 tui
2225 873 2304 927 ill.
2334 885 2358 913 ι
2380 877 2448 927 ut
2482 890 2610 945 qua
2635 890 2738 945 pro
2775 873 3112 930 alterutrum
3141 876 3445 947 poscimus,

1828 964 1996 1019 etiam
2019 981 2120 1035 pro
2146 966 2352 1021 nostris
2378 966 2712 1021 criminibus
2738 967 3125 1038 impetremus.

2495 1066 2762 1117 Collectio.

1903 1149 2062 1218 Deus,
2093 1151 2192 1221 qui
2233 1167 2334 1205 nos
2359 1151 2427 1206 de
2454 1168 2551 1222 spe
2582 1152 2983 1207 misericordia
3004 1156 3118 1207 tua
3142 1154 3247 1208 hac
3265 1154 3447 1225 prima

1828 1242 2043 1296 ratione
2069 1242 2296 1297 voluisti
2320 1242 2593 1314 conﬁteri,
2621 1250 2686 1299 ut
2713 1249 3027 1317 martyrum
3045 1252 3447 1318 tuorum,quo-

1828 1350 1955 1388 rum
1982 1334 2073 1388 hic
2109 1332 2376 1407 reliquias
2404 1353 2757 1404 veneramur,
2801 1343 2858 1392 et
2888 1338 3204 1409 prasentia,
3246 1343 3304 1394 et
3339 1355 3443 1393 au-

1828 1428 1962 1481 xilio
1989 1428 2382 1498 cir'cumdares,
2404 1433 2469 1484 ut
2492 1429 2724 1485 haberet
2748 1434 2803 1485 et
2830 1430 3006 1484 oratio
3030 1435 3224 1486 nostra
3240 1430 3441 1487 suffra-

1828 1520 2005 1591 gium,
2035 1527 2091 1576 et
2118 1521 2228 1575 vita
2252 1522 2649 1593 patrocinium,
2678 1522 2817 1577 illud
2841 1528 3161 1578 sanctorum
3184 1524 3445 1580 interces—

1826 1612 2001 1682 sione,
2030 1613 2135 1667 hoc
2179 1630 2437 1669 munere.
2476 1615 2699 1670 Custodi
2734 1615 2930 1686 igitur,
2958 1632 3303 1687 quasumus,
3332 1619 3441 1672 Do-

1828 1706 1998 1775 mine,
2040 1707 2338 1762 Ecclesiam
2376 1713 2531 1761 tuam
2554 1748 2568 1777 ,
2612 1708 2827 1762 custodi
2864 1708 3052 1763 locum
3102 1709 3296 1779 istum,
3354 1712 3441 1767 vel

1826 1814 2021 1852 omnes
2061 1801 2457 1854 convenientes
2485 1800 2546 1855 in
2571 1816 2638 1855 eo
2678 1800 2943 1871 suffragio
2971 1802 3145 1857 sancti
3180 1804 3443 1874 martyris

1825 1892 1909 1946 tui
1937 1891 2017 1946 ill.
2044 1890 2253 1963 fiatque
2281 1892 2443 1947 nobis
2465 1893 2583 1964 ipse
2609 1893 2904 1948 auxiliator
2927 1910 2958 1949 e
2983 1895 3139 1961 calo,
3169 1895 3267 1967 qui
3289 1895 3360 1950 ad
3385 1900 3441 1951 te

1824 1985 2086 2056 prasenti
2128 1985 2392 2056 migravit
2433 2001 2462 2040 e
2508 1986 2747 2056 saculo;
2798 1986 2980 2058 sitque
3028 1986 3150 2041 hac
3199 1987 3442 2043 vicissim

1823 2077 2117 2132 retributio
2136 2078 2386 2133 muneris
2398 2078 2500 2148 tui,
2517 2083 2579 2132 ut
2596 2083 2880 2133 mereatur
2893 2080 2987 2133 hic
3001 2080 3158 2134 locus
3177 2082 3443 2151 martyris

1824 2171 2081 2240 gratiam,
2108 2170 2207 2242 qui
2233 2170 2384 2225 misit
2410 2170 2673 2225 eumdem
2701 2172 3001 2242 Martyrem
3024 2171 3097 2226 ad
3119 2188 3404 2228 coronam.

2437 2277 2560 2326 Post
2581 2274 2810 2327 nomina.

1891 2360 2121 2415 Munera
2144 2364 2356 2428 nostra,
2384 2376 2727 2431 quasumus,
2748 2361 3000 2431 Domine,
3028 2362 3334 2433 dignanter
3349 2362 3445 2419 ad-

1819 2469 2007 2519 sume;
2055 2457 2119 2508 ut
2153 2453 2304 2524 quod
2347 2453 2405 2507 in
2452 2454 2667 2508 honore
2710 2455 2886 2509 sancti
2937 2455 3188 2525 Martyris
3232 2456 3315 2510 tui
3356 2456 3437 2512 ill.

1819 2545 2208 2601 venerabiliter
2238 2551 2595 2613 exsecuntur,
2627 2546 2893 2617 impetret
2916 2546 3171 2602 fidelibus
3198 2547 3311 2603 tuis
3334 2565 3436 2603 au-

1820 2638 2019 2693 xilium
2045 2637 2223 2692 oratio
2241 2638 2391 2707 justa
2418 2644 2764 2693 sanctorum.

2477 2742 2553 2793 Ad
2578 2758 2781 2807 pacem.

1890 2828 2126 2882 Oramus
2160 2832 2234 2894 te,
2266 2829 2428 2882 Pater
2452 2833 2667 2896 sancte,
2710 2834 2774 2884 ut
2809 2844 2911 2885 nos
2936 2845 3122 2886 servos
3150 2834 3277 2886 tuos
3300 2831 3436 2888 bea-

1817 2920 2017 2977 tissimi
2068 2919 2333 2990 martyris
2381 2920 2464 2974 tui
2508 2920 2589 2975 ill.
2632 2920 2835 2991 jubeas
2875 2937 2992 2978 esse
3046 2928 3347 2993 consortes,
3378 2926 3438 2980 in

1819 3013 2162 3068 confessione
2190 3012 2489 3084 participes
2515 3055 2529 3083 ,
2559 3013 2619 3067 in
2656 3013 2766 3069 ﬁde
2809 3014 3052 3086 stabiles,
3090 3016 3151 3071 in
3174 3032 3438 3088 persecu-

1815 3107 1967 3163 tione
1993 3107 2203 3175 ﬁrmos,
2234 3105 2295 3160 in
2338 3106 2701 3162 tribulatione
2745 3108 3042 3179 patientes,
3074 3109 3134 3163 in
3173 3125 3434 3165 consum-

50 3230 284 3283 verunt
304 3240 415 3297 per
432 3199 725 3281 Christum
744 3225 1041 3280 dominum
1062 3199 1466 3280 nostrain—Cui
1490 3227 1712 3282 merito,
1735 3229 1790 3304 ρ
1814 3201 2065 3256 matione
2098 3200 2363 3268 victores;
2393 3203 2458 3253 ut
2485 3199 2531 3253 si
2559 3216 2662 3255 nos
2699 3200 2818 3255 dies
2846 3201 3250 3273 persecutionis
3279 3204 3433 3260 inve-

570 3342 725 3381 IISSA
762 3342 921 3381 UNIUS
957 3342 1236 3382 IABTYRIS.

114 3415 378 3481 Epistola
395 3413 543 3464 Pauli
560 3414 779 3478 apostoli
798 3413 864 3463 ad
891 3414 1202 3475 Corinthios,
1225 3412 1375 3464 unius
1396 3416 1652 3480 martyris.

128 3499 398 3565 Fratres,
455 3494 723 3549 Dominus
775 3495 918 3549 mihi
967 3494 1218 3564 adstitit;
1271 3501 1326 3550 et
1386 3496 1717 3553 confortavit

46 3608 170 3661 me,
210 3595 288 3645 ut
319 3604 429 3661 per
452 3604 546 3644 me
576 3585 900 3659 pradicatio
930 3588 1254 3659 impleatur,
1296 3594 1353 3644 et
1390 3594 1453 3645 ut
1482 3590 1716 3647 audiant

46 3703 272 3742 omnes
330 3686 535 3755 gentes
583 3681 716 3752 quia
740 3681 1007 3736 liberatus
1061 3698 1186 3736 sum
1241 3682 1309 3737 de
1362 3700 1457 3738 ore
1511 3683 1710 3740 leonis.

45 3779 361 3837 Liberavit
385 3778 543 3832 enim
569 3792 664 3830 me
692 3776 980 3845 Dominus,
1010 3780 1067 3830 et
1091 3776 1161 3830 ab
1195 3776 1353 3830 omni
1378 3792 1547 3847 opere
1568 3777 1712 3832 malo

46 3877 293 3930 salvum
324 3870 498 3927 faciet
518 3870 580 3925 in
599 3884 843 3940 regnum
871 3885 1038 3924 suum
1058 3869 1272 3924 caleste
1295 3910 1309 3937 ,
1338 3869 1429 3923 cui
1456 3869 1632 3940 gloria
1652 3870 1711 3925 in

43 3968 273 4024 sacula
300 3964 668 4021 saculorum.

214 4057 410 4110 Lectio
439 4056 607 4107 sancti
629 4053 894 4118 Evangelii
918 4053 1206 4105 secundum
1239 4054 1551 4104 Matthaum.

118 4140 343 4197 Omnis
373 4155 514 4210 ergo
533 4138 634 4209 qui
663 4136 1023 4191 confitebitur
1035 4151 1126 4191 me
1143 4153 1329 4190 coram
1354 4135 1704 4206 hominibus,

40 4234 389 4292 conﬁtebor
413 4235 472 4287 et
499 4247 607 4301 ego
635 4246 767 4284 eum
802 4246 994 4284 coram
1023 4230 1186 4284 Patre
1216 4246 1342 4284 meo
1361 4272 1376 4297 ,
1406 4229 1504 4301 qui
1530 4234 1614 4284 est
1646 4230 1707 4285 in

40 4330 231 4386 caelis.
284 4325 401 4391 Qui
444 4329 637 4379 autem
680 4321 969 4395 negaverit
1004 4336 1096 4376 me
1130 4338 1318 4376 coram
1360 4321 1704 4392 hominibus,

39 4423 286 4495 negabo
331 4423 396 4474 et
443 4434 552 4489 ego
598 4433 731 4472 eum
771 4432 963 4471 coram
989 4418 1147 4470 Patre
1189 4432 1338 4485 meo,
1381 4416 1481 4487 qui
1521 4422 1604 4470 est
1645 4415 1705 4470 in

40 4518 229 4572 calis.
264 4512 384 4579 Qui
425 4516 579 4565 amat
614 4516 833 4583 patrem
857 4512 955 4564 aut
994 4514 1234 4564 matrem
1263 4510 1562 4581 plusquam
1587 4527 1699 4580 me,

38 4630 157 4667 non
189 4614 293 4668 est
334 4623 434 4661 me
473 4606 681 4677 dignus
720 4621 735 4658 :
782 4610 838 4660 et
880 4604 980 4676 qui
1008 4608 1160 4658 amat
1203 4602 1384 4658 filium
1407 4608 1504 4658 aut
1527 4592 1780 4664 ﬁliamD

37 4723 222 4777 super
252 4718 383 4768 me,
424 4715 543 4754 non
580 4704 663 4753 est
688 4714 780 4752 me
805 4697 1032 4769 dignus.
1062 4696 1168 4761 Qui
1206 4696 1418 4751 invenit
1452 4696 1699 4752 animam

39 4816 230 4867 suam,
268 4784 483 4867 perdet
502 4792 693 4860 illam;
727 4795 784 4846 et
806 4790 905 4862 qui
931 4789 1239 4861 perdiderit
1261 4788 1507 4844 animam
1539 4806 1698 4844 suam

37 4898 295 4965 propter
318 4904 441 4957 me,
470 4886 719 4941 inveniet
741 4901 888 4940 eam.
915 4884 1022 4948 Qui
1058 4883 1260 4955 recipit
1286 4900 1381 4938 vos
1398 4926 1412 4953 ,
1437 4899 1530 4941 me
1555 4883 1698 4939 reci-

39 4989 155 5058 pit;
190 4990 261 5043 et
309 4982 417 5055 qui
460 4996 553 5035 me
595 4976 815 5050 recipit,
863 4976 1062 5048 recipit
1102 4994 1235 5032 eum
1273 4977 1370 5049 qui
1408 4994 1499 5033 me
1528 4977 1698 5033 misit.

38 5082 145 5145 Qui
175 5075 407 5148 recipit
429 5074 769 5145 prophetam
799 5071 858 5126 in
884 5071 1116 5126 nomine
1141 5071 1454 5141 propheta,
1483 5087 1698 5125 merce-

42 5173 173 5227 dem
202 5168 528 5245 propheta
553 5165 819 5237 accipiet;
842 5168 898 5219 et
922 5163 1018 5235 qui
1048 5163 1250 5235 recipit
1265 5163 1487 5234 justum
1511 5163 1570 5218 in
1592 5180 1699 5219 no-

42 5267 197 5322 mine
218 5261 407 5338 justi,
436 5259 758 5316 mercedem
779 5257 918 5328 justi
956 5257 1209 5328 accipiet.
1256 5258 1324 5312 Et
1358 5257 1701 5327 quicumque

42 5364 251 5431 potum
302 5354 536 5410 dederit
582 5352 685 5407 uni
727 5368 798 5406 ex
840 5350 1090 5406 minimis
1118 5350 1236 5404 istis
1275 5349 1503 5404 calicem
1537 5366 1701 5421 aqua

42 5452 281 5526 frigida
308 5452 544 5504 tantum
568 5446 626 5500 in
655 5445 886 5500 nomine
906 5442 1190 5516 discipuli,
1211 5459 1379 5500 amen
1406 5443 1528 5498 dico
1545 5442 1702 5498 vobis

42 5563 157 5602 non
184 5543 410 5619 perdet
433 5538 757 5597 mercedem
786 5554 965 5594 suam.

113 5698 140 5729 ι
178 5693 243 5747 In
278 5691 482 5743 nostro
508 5683 820 5755 exemplari
855 5681 1067 5755 passim
1092 5679 1365 5755 scriptum
1390 5682 1475 5755 est
1500 5678 1559 5734 ll.
1588 5694 1703 5755 non

46 5763 127 5817 ill.
162 5763 283 5819 Nos
309 5766 515 5815 tamen
559 5748 878 5824 vulg-arem-
896 5753 1129 5809 modum
1170 5748 1559 5807 substituimus
1599 5748 1699 5804 ad-

42 5834 190 5905 jecta
211 5834 420 5890 littera
446 5832 491 5905 ἐ.

118 5906 144 5946 ³³
186 5907 314 5964 lmo
345 5904 629 5957 centones
655 5910 721 5949 ex
749 5894 912 5949 variis
937 5894 1237 5966 Scriptum
1263 5892 1419 5950 locis.
1442 5892 1581 5948 Nam
1612 5891 1699 5946 bc-

1815 3295 1980 3360 nerit,
2001 3293 2205 3364 jungat
2232 3292 2639 3348 consummatio
2663 3293 2960 3365 virtutum,
2982 3311 3087 3367 par
3112 3296 3434 3369 pramium,

1815 3392 1871 3442 et
1893 3404 2095 3442 corona
2115 3385 2369 3441 calestis.

2449 3455 2781 3507 Contestatio.

1882 3542 2020 3595 Vere
2068 3541 2304 3612 dignum
2357 3544 2412 3594 et
2451 3540 2673 3611 justum
2717 3546 2819 3610 est,
2868 3542 3223 3614 omnipotens
3264 3546 3429 3616 Deus,

1812 3634 2096 3689 dedicator
2119 3633 2393 3704 martyrii,
2417 3633 2699 3704 inspector
2714 3634 2864 3701 belli,
2882 3636 3117 3706 largitor
3131 3637 3431 3710 triumphi.

1810 3731 1914 3796 Qui
1939 3731 2089 3786 inter
2114 3730 2451 3802 spiritalium
2475 3746 2743 3801 agonum,
2772 3747 2887 3786 non
2913 3731 3183 3789 effusione
3207 3737 3433 3807 sangui-

1810 3824 1920 3893 nis,
1965 3840 2078 3879 non
2118 3827 2299 3878 morte
2324 3823 2589 3889 hominis,
2617 3825 2711 3878 sed
2748 3825 3030 3895 praconio
3063 3827 3330 3897 veritatis,
3377 3834 3434 3885 et

1808 3918 1903 3990 pio
1951 3917 2010 3971 in
2045 3922 2099 3971 te
2152 3916 2392 3971 caritatis
2433 3916 2615 3971 ofﬁcio
2667 3916 2974 3987 delectaris,
3026 3919 3431 3979 adtestantibus

1807 4015 2021 4071 meritis
2045 4015 2355 4071 beatissimi
2381 4015 2632 4086 Martyris
2666 4015 2751 4070 tui
2790 4015 2870 4071 ill.
2909 4017 3078 4089 Cujus
3103 4018 3270 4075 hodie
3304 4021 3459 4093 glo-'

1806 4110 2012 4164 riosam
2059 4108 2335 4180 passionis
2392 4108 2682 4163 victoriam
2736 4110 3043 4165 recolentes
3065 4152 3079 4181 ,
3144 4119 3429 4183 sperantes

1804 4218 1907 4274 per
1931 4200 2052 4271 ejus
2078 4200 2346 4273 suffragia
2369 4206 2435 4257 ut
2462 4207 2678 4257 nostras
2703 4218 2928 4274 quoque
2952 4220 3113 4259 voces
3130 4205 3429 4263 admittere

1795 4302 1999 4375 jubeas
2036 4315 2168 4355 cum
2206 4300 2410 4355 sanctis
2455 4300 2670 4372 angelis
2708 4307 2876 4374 atque
2900 4303 3254 4375 archangelis
3291 4305 3440 4375 tuis,

1802 4400 1899 4472 qui
1928 4398 2029 4453 tibi
2066 4398 2343 4471 hymnum
2387 4399 2666 4471 perpetim
2690 4400 2939 4471 supplice
2965 4401 3308 4457 confessione
3335 4402 3421 4457 di-

1802 4497 2009 4559 centes,
2037 4492 2287 4548 Sanctus.

2217 4619 2367 4659 IISSA
2403 4619 2468 4658 DE
2504 4619 2613 4658 UNO
2649 4620 3005 4661 CONFESSORE.

2167 4695 2391 4745 Lectiob
2438 4694 2708 4745 Hieremia
2762 4697 3048 4761 prapbeta.

1870 4787 1995 4841 Hac
2032 4784 2165 4841 dicit
2190 4783 2460 4838 Dominus
2485 4803 2498 4838 :
2531 4785 2850 4840 Benedictio
2876 4787 3096 4842 Domini
3131 4804 3300 4860 super
3326 4806 3416 4844 ca-

1799 4885 1902 4952 put
1918 4878 2078 4951 justi.
2125 4878 2488 4948 Eleemosyna
2530 4877 2680 4932 illius
2722 4895 2835 4933 non
2877 4880 2983 4936 erit
3020 4879 3079 4936 in
3116 4881 3417 4952 oblivione,

1774 4972 1991 5035 ,omnia
2018 4988 2187 5044 opera
2225 4972 2345 5042 ejus
2380 4972 2524 5027 sicut
2564 4972 2662 5027 lux
2697 4972 2755 5027 in
2783 4979 3075 5045 conspecto
3105 4974 3198 5029 Dei
3243 4975 3421 5047 fulge-

1800 5068 1963 5122 bunt.
1994 5067 2183 5121 Manus
2195 5082 2320 5119 suas
2340 5066 2563 5137 aperuit
2587 5067 2944 5137 pauperibus,
2963 5067 3209 5122 fructum
3228 5073 3421 5125 autem

1800 5159 2050 5232 porrexit
2074 5158 2253 5230 in0pi.
2298 5159 2358 5212 In
2394 5158 2781 5213 fortitudinem
2821 5165 2877 5214 et
2901 5160 3163 5215 decorem
3187 5161 3421 5217 indutus

1802 5257 1904 5323 est,
1952 5258 2009 5307 et
2052 5251 2274 5306 laetatus
2322 5256 2407 5305 est
2441 5251 2498 5306 in
2544 5251 2740 5307 diebus
2767 5252 3102 5309 novissimis.
3145 5255 3217 5310 Os
3253 5272 3420 5311 suum

1801 5346 2024 5418 aperuit
2050 5344 2109 5399 in
2137 5344 2552 5415 pradicatione,
2599 5349 2655 5400 et
2695 5345 2951 5401 ordinem
2993 5348 3179 5419 posuit
3206 5348 3419 5421 lingua

1801 5456 1959 5495 sua:
1994 5439 2144 5494 cibos
2188 5441 2379 5493 autem
2415 5438 2612 5509 pigros
2651 5440 2913 5496 comedit.
2967 5439 3204 5515 [Omnia]
3243 5442 3423 5498 factus

1801 5538 1883 5589 est
1906 5532 2187 5603 omnibus,
2222 5536 2282 5586 ut
2302 5547 2500 5586 omnes
2523 5532 2699 5588 salvos
2722 5533 2948 5589 faceret.

1799 5675 2027 5731 nediclio
2052 5677 2266 5730 Domini
2284 5689 2403 5745 sup.
2434 5680 2598 5745 caput
2626 5676 2766 5745 justi
2801 5691 2871 5732 ex
2904 5678 3065 5733 Prov.
3114 5692 3177 5745 x,
3206 5681 3258 5745 6,
3287 5678 3416 5733 elec-

1800 5761 2022 5815 mosyna
2062 5745 2234 5816 illius,
2282 5751 2411 5812 etc.,
2457 5762 2523 5800 ex
2570 5746 2734 5803 Eccli.
2779 5763 2857 5816 ιιι,
2912 5751 2993 5804 l5.
3033 5748 3151 5804 Alia
3188 5745 3419 5816 expaliis

1801 5814 1957 5885 locis,
1983 5815 2135 5889 quod
2163 5816 2329 5873 etiam
2356 5816 2415 5871 in
2448 5817 2704 5890 sequenti
2732 5814 2968 5876 lectione
2993 5814 3415 5874 observandum.
