3970 6408
519 349 621 410 ὃγῖ

854 459 1078 525 Epistola
1098 459 1239 510 Pauli
1259 459 1481 524 apostoli
1510 459 1576 510 ad
1598 459 1766 510 Titum
1787 459 1831 508 ⁸.

1388 351 1720 408 APPENDIX
1758 349 1845 405 AD
1881 343 2101 405 OPERA
2140 341 2193 402 S.
2233 347 2528 403 GERMANI
2569 345 2992 403 PARISIENSIS.

2166 470 2223 541 Α
2243 455 2461 509 radices
2509 471 2657 523 suas,
2697 459 2754 510 et
2803 470 2918 508 non
2957 451 3186 507 timebit
3235 467 3368 507 cum
3417 451 3654 506 venerit
3709 453 3913 506 aestus.

3816 333 3916 392 528

592 545 828 610 Fratres,
866 541 1042 596 timor
1081 539 1304 595 Domini
1342 540 1584 596 custodit
1606 541 1858 594 animam
1885 537 2047 609 justi,
2089 537 2223 592 et"
2246 549 2310 602 Et
2337 547 2444 602 erit
2468 547 2666 601 folium
2695 547 2817 617 ejus
2862 545 3058 614 viride,
3106 549 3163 600 et
3208 545 3268 602 in
3310 549 3579 616 tempore
3629 543 3916 598 siccitatis

519 634 742 706 spiritus
769 631 1059 704 sapientia:
1087 631 1328 687 erudivit
1360 631 1544 688 illum.
1573 635 1787 687 Tenens
1814 629 2141 702 psalterium

519 733 573 782 et
599 725 906 796 cytharam,
936 725 1156 780 laetatus
1199 729 1283 780 est
1324 725 1394 780 ad
1419 741 1613 780 vocem
1639 723 1858 796 organi.
1903 725 1970 778 Et
2009 723 2143 794 quia

517 817 697 873 dulcis
723 817 831 872 fuit
868 817 928 872 in
964 833 1060 872 ore
1085 817 1208 889 ejus
1243 817 1556 874 decantatio
1579 817 1762 872 laudis
1782 834 1797 883 ;
1817 815 2056 888 ideoque
2080 815 2140 870 in

514 915 606 972 die
635 916 819 971 obitus
860 916 946 970 sui
989 915 1210 988 gavisus
1239 921 1342 980 est,
1390 932 1456 971 eo
1499 915 1648 986 quod
1693 913 1938 985 suscepit
1979 913 2136 968 illum

515 1008 742 1064 dextera
767 1009 885 1064 Dei.

673 1084 846 1156 Lectio
869 1105 1034 1156 sancti
1064 1105 1332 1168 Evangelii
1356 1105 1645 1155 secundum
1669 1105 1980 1156 Matthmum.

587 1193 648 1245 In
659 1190 756 1245 illo
769 1195 1042 1260 tempore,
1060 1189 1204 1244 dixit
1217 1189 1494 1245 Dominus
1507 1191 1531 1244 J
1537 1206 1666 1245 esus
1685 1188 1972 1261 discipulis
1990 1187 2103 1242 suis
2119 1206 2132 1242 :

511 1283 646 1348 Quis
669 1287 832 1354 putas
856 1287 939 1337 est
955 1281 1136 1337 ﬁdelis
1157 1297 1350 1338 servus
1369 1287 1426 1338 et
1445 1282 1710 1354 prudens,
1735 1298 1907 1353 quem
1929 1279 2134 1335 consti-

510 1375 620 1431 tuit
642 1375 921 1430 Dominus
947 1391 1113 1446 supra
1137 1375 1410 1430 familiam
1435 1391 1616 1444 suam,
1641 1380 1708 1430 ut
1733 1375 1828 1430 det
1848 1374 1927 1428 illi
1946 1373 2136 1428 cibum

509 1469 568 1523 in
595 1469 888 1538 tempore?
918 1469 1118 1523 Beatus
1155 1468 1250 1523 ille
1283 1484 1495 1536 servus,
1526 1483 1720 1539 quem,
1752 1483 1884 1522 cum
1920 1465 2136 1521 venerit

511 1561 783 1616 Dominus
807 1561 855 1631 ej
865 1577 946 1628 us,
965 1561 1245 1616 invenerit
1264 1561 1341 1616 sic
1359 1561 1684 1616 facientem.
1703 1563 1885 1615 Amen
1901 1560 2024 1614 dico
2043 1573 2136 1613 vo-

507 1658 612 1728 bis,
640 1658 909 1731 quoniam
933 1675 1104 1730 super
1130 1659 1325 1724 omnia
1348 1659 1494 1713 bona
1518 1675 1623 1714 sua
1649 1657 1952 1714 constituet
1977 1673 2130 1713 eum.

1095 1781 1323 1820 INCIPIAT
1361 1782 1513 1822 MISSA
1525 1807 1538 1820 .

575 1864 893 1936 Propiciare
903 1863 1090 1932 nobis,

503 1957 826 2013 beatissimo
841 1957 1154 2012 confessore
1174 1959 1274 2011 tuo
1295 1957 1399 2026 ill.,
1427 1961 1483 2011 et
1502 1956 1635 2028 quia
1652 1957 1737 2011 tui
1757 1960 1841 2010 est
1857 1955 2129 2023 muneris,

505 2054 570 2105 ut
578 2065 706 2122 quae
720 2050 980 2122 praecipis
993 2050 1352 2122 impleamus,
1372 2049 1566 2122 gratiae
1574 2054 1688 2105 tuae
1704 2049 1900 2105 lumen
1912 2049 2128 2104 emitte.

1210 2146 1480 2196 Collectio.

574 2227 942 2298 Omnipotens
978 2227 1316 2298 sempiterna
1351 2228 1518 2293 Deus,
1565 2227 1654 2280 cui
1695 2232 1894 2281 cuncta
1938 2227 2127 2281 famu-

502 2320 690 2374 lantur
717 2319 1028 2389 elementa,
1062 2319 1460 2391 interpellante
1496 2337 1598 2391 pro
1623 2319 1782 2374 nobis
1808 2319 2130 2374 beatissimo

501 2413 823 2468 Confessore
857 2417 954 2467 tuo
993 2411 1072 2467 ill.
1118 2412 1320 2468 exaudi
1349 2412 1634 2484 propicius
1679 2412 1989 2467 orationem
2033 2398 2130 2466 n.0-

501 2509 694 2576 stram,
717 2509 773 2560 et
791 2506 974 2561 tribue
1003 2505 1163 2560 nobis
1188 2505 1634 2560 misericordiam
1663 2510 1821 2560 tuam
1849 2521 1864 2559 :
1894 2509 1949 2560 et
1980 2520 2130 2576 quaa-

499 2614 742 2670 cumque
779 2597 1039 2670 praecipis
1063 2602 1128 2653 ut
1150 2613 1404 2668 agamus,
1436 2598 1556 2670 ipse
1581 2597 1784 2669 adjuva
1803 2602 1868 2652 ut
1891 2597 2128 2669 implere

499 2691 800 2762 possimus.

1117 2761 1237 2810 Post
1261 2759 1494 2809 nomina.

569 2841 774 2910 Sancti,
790 2839 1046 2910 Domine,
1073 2841 1404 2896 confessoris
1419 2839 1504 2894 tui
1516 2839 1594 2893 ill.
1611 2839 1800 2894 tribue
1813 2838 1974 2892 nobis
1991 2855 2125 2910 sup-

498 2931 892 3004 plicationibus
918 2933 1128 3003 foveri;
1159 2939 1224 2988 ut
1249 2933 1410 3003 cujus
1437 2916 1846 3002 depositionem
1867 2931 2124 3000 colimus,

499 3025 766 3096 obsequio
809 3027 928 3096 ejus
972 3026 1124 3098 apud
1165 3031 1221 3081 te
1261 3025 1772 3092 intercessionibus,
1814 3029 1870 3080 et
1912 3025 2129 3079 meritis

501 3119 985 3174 commendemur.
1008 3119 1307 3174 Proficiant
1327 3119 1448 3172 haec
1470 3134 1596 3188 quae
1619 3117 1906 3172 offerimus
1925 3133 2027 3188 pro
2048 3117 2128 3171 in-

499 3211 824 3266 columitate
849 3211 1178 3281 viventium,
1207 3216 1264 3266 et
1287 3228 1389 3282 pro
1415 3211 1612 3282 requie
1637 3211 2052 3266 defunctorum.

1156 3308 1232 3358 Ad
1262 3321 1464 3358 necem.

1156 3323 1232 3358 aa
1261 3323 1464 3372 pacem.

571 3389 936 3460 Omnipotens
981 3388 1320 3460 sempiterna
1365 3388 1534 3454 Deus,
1581 3388 1652 3442 da
1696 3387 1856 3442 nobis
1881 3388 1942 3442 in
1986 3403 2126 3458 pras-

501 3482 643 3536 senti
682 3481 978 3537 festivitate
1019 3481 1330 3537 beatissimi
1368 3479 1698 3535 confessoris
1741 3481 1820 3534 tui
1868 3479 1952 3535 ill.
1999 3495 2127 3534 con-

501 3590 641 3646 grua
671 3575 963 3630 devotione
1011 3575 1277 3646 gaudere,
1330 3578 1392 3628 ut
1433 3577 1490 3628 et
1515 3573 1826 3645 potentiam
1868 3579 2025 3628 tuam
2066 3573 2128 3627 in

499 3669 620 3740 ejus
641 3669 882 3740 glorioso
903 3669 1266 3725 continentiae
1287 3669 1444 3725 cultu
1465 3669 1784 3738 laudemus,
1798 3671 1853 3722 et
1874 3667 2126 3722 divinum

499 3761 852 3818 obtineamus
879 3762 1181 3818 auxilium.

1149 3853 1482 3904 Contestatio.

570 3941 710 3996 Vere
741 3940 982 4011 dignum
1007 3943 1063 3992 et
1081 3939 1303 4008 justum
1331 3943 1447 4005 est,
1476 3937 1836 4008 omnipotens
1865 3937 2027 4006 Deus,
2071 3940 2128 3991 te

501 4034 732 4089 adorare
758 4032 818 4086 in
843 4031 1064 4099 sanctis,
1087 4030 1145 4084 in
1167 4031 1373 4101 quibus
1395 4029 1737 4101 gloriﬁcatus
1765 4045 1844 4098 es,
1870 4029 2123 4100 Domine,

502 4126 888 4194 vehementer,
915 4123 1014 4194 qui
1043 4123 1143 4177 tibi
1169 4123 1521 4177 adhaerentes
1547 4123 1902 4177 calcaverunt
1927 4139 2124 4194 super-

503 4218 752 4274 bientem
779 4216 1166 4272 excellentiam
1201 4216 1400 4270 mundi
1430 4216 1635 4293 virtute
1665 4216 1902 4287 Spiritus
1927 4215 2123 4286 sancti,

505 4313 926 4366 contemnentes
952 4309 1250 4364 blanditias
1295 4313 1350 4362 et
1392 4308 1699 4364 inlecebras
1732 4308 1932 4363 mundi
1956 4308 2127 4379 hujus

505 4411 561 4460 et
586 4405 810 4459 frivolas
835 4419 1088 4475 pompas.
1118 4403 1197 4456 Ex
1223 4401 1430 4473 quibus
1469 4401 1666 4456 beatus
1690 4405 1821 4456 tuus
1847 4401 2128 4456 confessor

503 4499 586 4554 ill.
617 4498 846 4554 emicuit
865 4539 880 4566 ,
910 4496 1190 4551 mundum
1219 4495 1528 4550 contemtui
1560 4495 1738 4550 crucis
1764 4499 2124 4566 postponens.

2239 655 2356 693 non
2403 640 2512 693 erit
2554 639 2878 708 sollicitum,
2925 656 3028 693 nec
3068 637 3382 710 aliquando
3427 637 3664 692 desinet
3722 637 3916 690 facere

2240 737 2506 792 fructum.
2551 739 2791 792 Pravum
2834 742 2918 792 est
2963 753 3059 791 cor
3101 735 3363 790 omnium
3402 739 3461 790 et
3488 733 3911 794 inscrutabile.

2239 829 2366 902 quis
2406 835 2701 901 cognoscet
2741 830 2925 884 illud?
2971 830 3090 900 Ego
3135 827 3414 883 Dominus
3460 833 3746 882 scrutans
3797 844 3963 894 θοι-,κ’

2239 927 2296 976 et
2320 923 2566 994 probans
2594 939 2776 992 renes,
2819 923 2917 994 qui
2960 921 3032 976 do
3079 920 3390 992 unicuique
3421 920 3600 990 juxta
3645 919 3814 974 viam
3862 927 3915 974 et

2231 1016 2397 1086 juxta
2427 1017 2676 1070 fructum
2711 1015 3176 1070 adinventionum
3211 1029 3473 1068 suarum.
3503 1013 3748 1068 Solium
3780 1013 3910 1084 glo-

2238 1109 2338 1162 riae
2378 1127 2410 1162 a
2452 1109 2730 1180 principio
2771 1109 2927 1163 locus
2952 1107 3414 1162 sanctiﬁcationis
3444 1110 3696 1172 nostra,
3728 1122 3914 1178 expe-

2239 1201 2403 1254 ctatio
2441 1201 2604 1256 lsracl
2651 1201 2938 1255 Dominus.
2983 1201 3194 1254 Omnes
3238 1199 3338 1270 qui
3375 1203 3432 1252 te
3477 1198 3915 1270 derelinquunt

2237 1294 2671 1362 confundentur,
2701 1293 3026 1348 recedentes
3069 1292 3129 1346 in
3161 1296 3312 1346 terra
3359 1291 3725 1358 scribentur,
3764 1308 3914 1363 quo-

2235 1387 2389 1440 niam
2416 1385 2842 1458 dereliquerunt
2875 1401 3078 1439 venam
3111 1400 3392 1456 aquarum
3427 1383 3770 1439 viventium
3801 1386 3912 1440 Do-

2234 1479 2477 1533 minum.
2507 1479 2651 1534 Sana
2679 1495 2800 1546 me,
2833 1478 3070 1533 Domine
3091 1521 3104 1547 ,
3135 1483 3192 1532 et
3227 1477 3511 1543 sanabor;
3547 1477 3789 1531 salvum
3819 1495 3912 1532 me

2234 1571 2339 1640 fac,
2370 1576 2426 1626 et
2450 1571 2634 1626 salvus
2662 1588 2780 1639 ero,
2810 1571 3080 1642 quoniam
3105 1571 3227 1625 laus
3253 1586 3385 1625 mea
3413 1575 3480 1624 tu
3509 1585 3598 1638 es,
3637 1569 3911 1636 Domine,

2233 1663 2379 1718 Deus
2405 1681 2587 1718 meus.

2478 1751 2708 1816 Epistola
2737 1750 2882 1800 Pauli
2913 1747 3135 1812 apostoli
3171 1748 3238 1798 ad
3268 1747 3640 1798 Timotheum.

1104 1864 1340 1918 nomine
1362 1819 1562 1918 Vovi‘ims
1577 1862 1688 1918 tuis
1724 1863 2130 1919 interveniente
2150 1835 2206 1907 B
2302 1823 2541 1890 Fratres,
2576 1823 2762 1877 omnis
2791 1821 3084 1892 Scriptura
3112 1820 3386 1876 divinitus
3411 1819 3717 1891 inspirata
3745 1821 3912 1876 utilis

1347 1905 1397 1934 ,ν
1412 1905 1423 1917 ν
1436 1905 1561 1918 quv
1581 1905 1708 1930 VII-3U,

2231 1919 2315 1970 est
2341 1916 2411 1969 ad
2437 1915 2773 1985 docendum,
2802 1914 2872 1968 ad
2893 1913 3276 1984 arguendum,
3300 1913 3370 1967 ad
3391 1911 3837 1984 corrigendum
3857 1915 3914 1969 in

2223 2008 2464 2080 justitia,
2510 2011 2571 2062 ut
2610 2008 2893 2090 perfectus
2925 2007 2997 2061 sit
3027 2005 3212 2060 omnis
3256 2005 3432 2060 homo
3459 2005 3589 2076 Dei,
3625 2007 3710 2061 ad
3740 2023 3914 2062 omne

2231 2117 2372 2172 Opus
2397 2101 2611 2155 bonum
2639 2100 2967 2155 instructus.
2990 2097 3276 2154 Testiﬁcor
3301 2115 3497 2153 coram
3517 2099 3648 2154 Deo
3671 2104 3739 2155 et
3759 2100 3916 2155 Chri-

2229 2199 2316 2248 sto
2345 2195 2494 2264 Jesu,
2527 2194 2623 2265 qui
2657 2193 3012 2264 judicaturus
3053 2196 3138 2246 cst
3173 2191 3330 2246 vivos
3367 2195 3424 2246 et
3469 2197 3781 2260 mortuos,
3813 2211 3916 2265 per

2228 2287 2532 2341 adventum
2570 2286 2744 2356 ipsius
2773 2290 2828 2340 et
2853 2301 3094 2354 regnum
3137 2285 3260 2356 ejus
3283 2327 3298 2352 ,
3335 2285 3602 2356 praedica
3631 2286 3914 2355 verbum,

2227 2377 2374 2432 insta
2401 2383 2696 2449 oportune,
2727 2377 3052 2448 inportune.
3083 2377 3168 2430 Tu
3197 2393 3332 2431 vero
3357 2376 3542 2448 vigila
3565 2419 3580 2446 ,
3612 2377 3686 2434 in
3719 2381 3912 2434 omni-

2228 2471 2333 2524 bus
2359 2471 2568 2540 labora,
2596 2460 2738 2541 opus
2764 2469 2849 2524 fac
2885 2469 3266 2540 evangelista,
3297 2468 3716 2526 ministerium
3745 2477 3912 2528 tuum

2227 2563 2418 2634 imple.
2461 2565 2579 2636 Ego
2625 2563 2777 2618 enim
2799 2563 2920 2633 jam
2950 2563 3114 2631 libor,
3156 2566 3212 2616 et
3254 2566 3489 2634 tempus
3521 2565 3916 2622 resolutionis

2226 2673 2369 2711 meae
2398 2655 2589 2710 instat.
2621 2657 2840 2710 Bonum
2865 2659 3152 2709 certamen
3189 2654 3400 2709 certavi
3422 2697 3436 2724 ,
3477 2672 3745 2713 cursum
3776 2676 3909 2714 con-

2226 2748 2522 2816 summavi,
2545 2749 2716 2803 ﬁdem
2743 2747 2976 2804 servavi.
3009 2749 3069 2802 In
3098 2746 3320 2818 reliquo
3350 2749 3615 2820 reposita
3638 2756 3741 2806 est
3771 2753 3911 2807 mihi

2227 2859 2433 2896 corona
2470 2841 2728 2913 justitiae,
2759 2857 2935 2912 quam
2973 2841 3172 2896 reddet
3205 2841 3353 2895 mihi
3382 2841 3677 2898 Dominus
3710 2845 3782 2900 in
3825 2846 3913 2901 illa

2226 2935 2314 2990 die
2337 2936 2526 3005 justus
2548 2935 2723 3006 judex
2755 2950 2768 2988 :
2802 2950 2917 2988 non
2962 2934 3145 2988 solum
3193 2933 3362 3004 mihi,
3415 2934 3519 2990 sed
3549 2941 3613 2992 et
3663 2937 3772 2993 his
3819 2940 3912 3011 qui

2226 3027 2473 3097 diligunt
2501 3028 2806 3082 adventum
2834 3027 2976 3097 ejus.

2383 3114 2556 3166 Lectio
2585 3115 2748 3165 sancti
2777 3113 3046 3178 Evangelii
3072 3113 3367 3164 secundum
3396 3115 3754 3168 Matthaum.

2146 3199 2200 3270 ρ
2299 3188 2476 3241 Homo
2529 3186 2760 3258 quidam
2812 3186 3170 3256 proficiscens
3218 3187 3442 3243 vocavit
3483 3205 3698 3246 servos
3755 3209 3907 3257 suos,

2225 3284 2282 3334 et
2315 3279 2551 3336 tradidit
2591 3279 2698 3332 illis
2725 3279 2874 3333 bona
2919 3295 3038 3334 sua.
3085 3281 3152 3334 Et
3177 3279 3280 3334 uni
3317 3280 3480 3336 dedit
3504 3283 3802 3358 quinque
3831 3291 3909 3340 ta-

2225 3374 2394 3442 lenta,
2450 3372 2546 3426 alii
2591 3377 2782 3427 autem
2825 3372 2958 3440 duo,
3003 3372 3102 3426 alii
3144 3388 3280 3427 vero
3307 3388 3522 3444 unum,
3567 3377 3910 3452 unicuique

2226 3465 2536 3520 secundum
2573 3465 2864 3536 propriam
2893 3465 3194 3535 virtutem,
3226 3469 3283 3520 et
3325 3466 3633 3537 profectus
3665 3477 3772 3528 est
3803 3479 3911 3527 sta-

2227 3558 2352 3612 tim.
2373 3557 2524 3612 Abiit
2555 3562 2746 3612 autem
2768 3557 2866 3629 qui
2887 3558 3145 3630 quinque
3157 3557 3376 3613 talenta
3388 3569 3743 3634 acceperat,
3778 3583 3914 3638 ope-

2226 3654 2384 3705 ratus
2414 3654 2498 3706 est
2525 3650 2585 3704 in
2611 3651 2711 3716 eis,
2740 3654 2796 3706 et
2822 3651 3072 3706 lucratus
3102 3656 3190 3706 est
3215 3650 3328 3706 alia
3352 3652 3654 3726 quinque.
3688 3657 3914 3714 Simili-

2227 3749 2314 3799 ter
2355 3743 2451 3816 qui
2498 3744 2609 3798 duo
2658 3749 2967 3816 acceperat,
3015 3745 3267 3800 lucratus
3311 3749 3399 3800 est
3437 3745 3555 3801 alia
3594 3749 3755 3805 duo.
3817 3753 3914 3817 Qui

2225 3843 2414 3892 autem
2469 3854 2646 3892 unum
2700 3841 3012 3909 acceperat,
3067 3837 3264 3893 abiens
3311 3838 3457 3894 fodit
3509 3841 3575 3896 in
3618 3847 3824 3916 terra,
3867 3851 3917 3900 et

2225 3931 2514 3986 abscondit
2538 3931 2836 4002 pecuniam
2866 3931 3090 3986 Domini
3130 3932 3240 3986 sui.
3289 3933 3425 3988 Post
3473 3935 3761 3994 multum
3789 3955 3917 3996 vero

2225 4023 2514 4094 temporis,
2545 4023 2700 4079 venit
2728 4022 2989 4078 dominus
3014 4039 3311 4080 servorum
3337 4024 3606 4096 illorum,
3635 4035 3703 4085 et
3725 4033 3915 4104 posuit

2226 4116 2506 4172 rationem
2531 4133 2662 4171 cum
2690 4117 2791 4171 eis.
2826 4118 2891 4172 Et
2925 4118 3200 4173 accedam
3237 4118 3337 4189 qui
3383 4120 3664 4194 quinque
3693 4128 3918 4183 talenta

2226 4213 2537 4280 acceperat,
2588 4210 2792 4265 obtulit
2836 4209 2947 4265 alia
2998 4211 3275 4282 quinque,
3317 4212 3520 4268 dicens
3562 4231 3580 4270 :
3638 4217 3916 4289 Domine,

2227 4303 2478 4374 quinque
2515 4303 2726 4358 talenta
2768 4303 3046 4358 tradidisti
3082 4304 3250 4371 mihi,
3293 4321 3424 4361 ecce
3469 4307 3593 4363 alia
3644 4314 3918 4386 quinque

2227 4396 2645 4466 superlacratus
2667 4396 2921 4450 sum.Ait
2952 4396 3032 4450 illi
3061 4397 3330 4454 dominus
3342 4400 3500 4470 ejus:
3525 4402 3731 4475 Euge,
3763 4424 3918 4464 serve

2224 4487 2369 4542 bone
2398 4493 2453 4543 et
2475 4488 2674 4557 fidelis,
2695 4489 2828 4560 quia
2857 4505 3028 4561 super
3055 4507 3239 4562 pauca
3275 4491 3440 4547 fuisti
3473 4493 3705 4566 fidelis,
3744 4517 3920 4573 super

503 4594 805 4663 Propterea
829 4606 981 4644 nunc
1027 4589 1327 4661 requiescit
1351 4589 1408 4644 in
1438 4605 1572 4660 pace
1598 4592 1716 4657 tua,
1745 4588 1890 4642 nihil
1917 4587 2124 4642 inlece-
2145 4562 2204 4634 D
2228 4581 2411 4637 multa
2435 4587 2489 4637 te
2519 4582 2890 4652 constituam;
2919 4582 3070 4638 intra
3105 4584 3165 4638 in
3198 4585 3484 4654 gaudium
3522 4589 3776 4648 domini
3815 4562 3913 4650 tui.

505 4687 733 4742 brosum
743 4727 756 4751 ,
771 4683 915 4738 nihil
925 4683 1045 4754 jam
1060 4687 1316 4738 metuens
1328 4682 1627 4736 adversum
1637 4723 1650 4736 .
1664 4681 1764 4736 Cui
1782 4681 2012 4752 inspira,
2026 4681 2130 4736 mi-

507 4779 738 4836 sericors
764 4778 928 4846 Deus,
958 4775 1305 4830 intercedere
1344 4775 1446 4828 tibi
1483 4791 1587 4846 pro
1615 4773 1809 4843 nobis;
1855 4777 1922 4829 ut
1957 4789 2130 4845 quem

505 4871 682 4928 fecisti
711 4871 780 4926 de
802 4886 902 4924 sua
921 4867 1184 4923 felicitate
1213 4883 1496 4934 securum,
1523 4867 1689 4922 facias
1707 4884 1812 4938 pro
1839 4871 2032 4922 nostra
2058 4865 2128 4920 li-

506 4967 791 5024 beratione
805 4960 1526 5032 sollicitum,perChristum
1536 4959 1841 5016 Dominum
1849 4963 2126 5016 nostrum.

856 5091 1006 5130 MISSA
1045 5087 1230 5129 SANCTI
1268 5087 1487 5128 MARTINI
1529 5088 1774 5126 EPISCOPI.

511 5171 686 5222 Lectio
724 5166 996 5218 Hieremize
1019 5164 1717 5292 praplzegietgipidgpositione
1745 5165 1906 5216 sancti
1930 5163 2133 5216 Martini

1261 5242 1284 5276 s
1301 5243 1314 5257 ί
1466 5264 1479 5276 .

1261 5242 1408 5276 SCODI
1434 5242 1479 5276 ο.

585 5310 915 5367 Benedictus
961 5309 1045 5363 vir
1085 5308 1186 5380 qui
1232 5309 1461 5363 confidit
1507 5309 1568 5363 in
1617 5308 1886 5379 Domino,
1923 5309 1980 5364 et
2024 5309 2134 5366 erit

515 5405 785 5462 Dominus
831 5402 1034 5458 ﬁducia
1081 5403 1220 5474 ejus.
1275 5403 1342 5456 Et
1379 5403 1486 5456 erit
1527 5402 1688 5473 quasi
1720 5402 1940 5472 lignum
1981 5402 2133 5474 quod

512 5499 951 5570 transplantatur
969 5512 1139 5568 super
1157 5512 1351 5566 aquas,
1379 5495 1529 5566 quod
1547 5495 1617 5549 ad
1636 5495 1939 5550 humorem
1959 5496 2135 5550 mittit

583 5641 608 5670 ‘
648 5640 790 5696 Nihil
817 5640 874 5694 in
904 5635 1164 5710 sequenti
1182 5635 1442 5710 Lectione
1470 5652 1535 5689 ex
1557 5634 1722 5710 _Pauli
1754 5638 1984 5710 apostoli
2010 5639 2131 5710 epi-

515 5717 656 5772 stola
693 5713 763 5768 ad
808 5705 1027 5780 Titum;
1067 5705 1165 5760 sed
1204 5705 1355 5758 varia
1390 5710 1524 5780 sunt
1557 5705 1681 5780 loca
1718 5705 2130 5780 ein—Scripturis,

513 5802 699 5858 neque
742 5783 814 5858 ad
848 5778 1105 5844 verbum,
1153 5791 1348 5858 nequen
1364 5777 1534 5831 etiam
1570 5776 1640 5829 ad
1678 5791 1904 5834 sensum
1929 5776 2130 5838 relata;

514 5846 627 5914 Hm.
637 5853 922 5910 Lectiones
947 5864 1050 5922 pro
1073 5861 1188 5902 uno
1215 5846 1548 5902 confessore.

2830 4688 3022 4728 INCIPIT
3061 4689 3243 4729 MISSA.

2299 4751 2568 4805 Sanctum
2595 4751 2654 4806 in
2679 4751 3052 4819 mirabilibus,
3083 4753 3419 4809 mirabilem
3448 4756 3658 4814 Deum
3693 4761 3768 4817 in
3793 4781 3912 4818 sana

2228 4844 2329 4898 ctis
2354 4844 2467 4898 suis
2491 4849 2547 4898 et
2575 4845 2884 4900 confessore
2923 4861 3024 4900 suo
3051 4846 3290 4902 Martino
3323 4846 3567 4920 [fratres
3595 4857 3917 4914 carissimi.

2230 4937 2592 5008 deprecemus
2625 4936 2660 5010 :]
2705 4943 2770 4993 ut
2810 4939 2970 5010 cujus
3006 4941 3397 4996 venerabilem
3430 4943 3605 5002 diem
3654 4951 3916 5006 celebra-

2229 5047 2376 5100 mus,
2403 5047 2728 5086 mereamur
2752 5032 2874 5103 ejus
2907 5048 3027 5087 esse
3067 5034 3395 5106 participes.
3435 5037 3547 5093 Hic
3590 5043 3716 5113 vir,
3747 5062 3916 5118 quem

2179 5170 2188 5178 .
2231 5123 2724 5180 adnumerandum
2751 5126 3036 5200 apostolis,
3067 5128 3421 5199 martyribus
3448 5132 3914 5210 adgregandum

2229 5217 2486 5288 proxima
2522 5217 2601 5272 ita
2645 5218 2706 5272 in
2748 5235 2870 5273 rem
2909 5225 3171 5292 tempora
3204 5223 3626 5292 protulerunt.
3663 5232 3916 5288 Dubium

2231 5309 2382 5364 enim
2407 5327 2521 5365 non
2549 5316 2632 5366 est
2656 5315 2717 5366 ut
2742 5312 2816 5367 sit
2837 5319 3054 5385 martyr
3073 5314 3134 5368 in
3159 5315 3320 5383 caelo,
3348 5317 3455 5388 qui
3473 5319 3605 5378 fuit
3625 5327 3918 5382 confessor

2230 5404 2290 5457 in
2311 5405 2533 5474 sesculo,
2563 5421 2692 5459 cum
2719 5406 2961 5461 sciamus
2991 5424 3106 5462 non
3127 5409 3442 5466 Martinam
3471 5421 3809 5490 martyrio,
3829 5419 3915 5474 sed

2232 5499 2565 5567 martyrium
2594 5499 2832 5554 defuisse
2867 5501 3125 5558 Martino.
3156 5501 3404 5559 Oremus
3429 5507 3546 5578 qui
3576 5510 3649 5567 in
3694 5518 3914 5569 tantum

2311 5641 2338 5682 δ
2367 5643 2444 5696 Ita
2467 5646 2594 5713 post
2629 5659 2928 5698 commune
2971 5645 3363 5702 confessorum
3402 5665 3468 5705 se

2685 5659 2928 5725 immune
2971 5654 3363 5725 oppressorum
3402 5654 3706 5725 sequitur
3749 5659 3912 5714 missa

2232 5713 2301 5768 de
2330 5719 2518 5789 sancto
2544 5714 2776 5789 Martino
2805 5715 2864 5769 in
2889 5716 3120 5770 Gothico
3160 5717 3369 5773 Missali
3393 5762 3409 5789 ,

2232 5732 2301 5768 ae
2330 5732 2518 5768 sancto
2544 5732 2776 5768 maruno
2805 5732 2864 5769 1n
2889 5732 3120 5770 uouuco
3160 5732 3369 5773 M13881]
3393 5762 3409 5789 ,
3442 5732 3561 5780 ubi
3593 5733 3811 5786 tamen
3839 5732 3912 5784 di-

2231 5799 2392 5873 versa
2413 5784 2773 5873 de‘eo‘missa
2797 5791 3006 5858 praeter
3030 5789 3573 5870 Contestationem,
3597 5817 3746 5873 qua;
3775 5807 3914 5858 utm-

2231 5854 2400 5928 bique
2425 5859 2509 5909 est
2533 5854 2749 5912 eadem.
