3970 6420
507 439 606 495 ΒΜ
1371 421 1701 480 APPENDIX
1739 419 1826 474 AD
1861 415 2082 472 OPEBA
2119 412 2173 467 S.
2211 408 2510 467 GERMANI
2548 403 2973 463 PARlSlENSlS.
3143 411 3147 414 ‘
3785 394 3901 446 532

500 546 725 618 virgine
747 543 1019 600 decorosa
1034 539 1093 593 te
1111 535 1306 610 palma
1323 532 1582 590 laudare.
1607 531 1678 585 Et
1691 527 1822 584 ideo
1843 539 1948 597 pro
1971 537 2124 578 mar-
2142 528 2202 604 Α
2223 515 2572 576 conditionis
2609 516 2822 571 nostras
2868 510 3060 568 infusa
3094 505 3320 564 virtutis
3365 510 3485 563 tuas
3518 501 3903 578 dignatione

505 645 633 715 tyre
654 642 752 694 tua
767 637 845 692 ill.
868 635 955 690 vel
980 630 1200 704 virgine
1225 629 1500 684 decorosa
1521 621 1757 680 honoris
1783 616 2124 689 obsequium
2142 599 2202 604 ﬁ
2224 614 2548 678 conﬁrmas,
2579 613 2642 664 ut
2668 605 3010 664 salutaribus
3036 602 3310 659 remediis
3330 599 3576 673 pietatis
3603 602 3734 654 tua:
3768 612 3906 652 cor-

1843 713 1851 715 i
1951 711 1988 715 _-
2501 707 2511 715 ι
2650 705 2660 715 .
2859 701 2873 715 ι
3139 701 3151 715 ι
3240 700 3331 715 ιη..
3381 709 3558 715 --,..-..
3586 691 3900 715 r._--l.-_..

509 691 916 808 persolventes,
961 724 1244 798 supplices
1295 718 1615 776 clementiae
1660 718 1774 771 tute
1831 711 2126 768 fundimus
2223 724 2365 780 pora
2392 707 2587 760 nostra
2614 705 2670 757 et
2697 701 2965 756 membra
2988 700 3353 769 vegetentur,
3377 709 3558 766 super
3586 691 3903 748 famulum

1756 807 1761 808 ,
1925 805 1934 808 -
2230 804 2239 808 -
2435 798 2488 808 .--
2695 795 2754 808 ιιι
2875 792 2886 803 ο
2939 796 2950 808 ι
3054 791 3098 808 1,
3221 793 3236 808 ι
3305 787 3457 808 Αμ-..2
3523 783 3901 808 ..-----2ι..ι,.

509 841 726 900 preces,
759 823 1032 893 rogantes
1052 821 1114 873 ut
1129 833 1234 872 nos
1253 813 1522 870 exaudire
1543 807 1816 881 digneris,
1845 809 1901 860 et
1921 805 1979 860 in
2003 819 2127 858 san-

509 897 616 978 ctas
654 917 733 973 ill.
771 912 1152 971 sollemnitate
1181 907 1452 973 laetiﬁcas,
1486 920 1599 976 quo
1626 905 1824 957 sancta
1857 899 1936 954 ill.
1965 897 2126 968 virgo

511 1014 651 1070 dum
690 1011 972 1067 humanas
1017 1003 1244 1076 nuptias
1270 999 1524 1070 tempsit,
1557 1010 1830 1068 sponsum
1864 991 1990 1059 sibi,
2032 989 2128 1061 qui

511 1108 822 1180 perpetuus
862 1095 1308 1156 immortalitatis
1341 1091 1582 1165 praemio
1627 1089 1794 1153 esset,
1833 1083 2125 1156 adjunxit:

512 1199 602 1256 cui
620 1177 997 1254 confessionis
1021 1187 1352 1246 testimonio
1382 1202 1440 1239 se
1457 1182 1633 1253 elegit
1659 1177 1957 1250 sanguinis
1975 1191 2129 1232 mar-

509 1290 658 1364 tyrio
687 1300 1042 1350 consecrare,
1071 1284 1134 1337 ut
1163 1277 1454 1350 virginalis
1479 1273 1780 1345 integritas
1809 1287 1877 1326 eo
1903 1271 2054 1324 esset
2070 1267 2131 1322 in

511 1399 723 1457 sponsa
769 1377 1115 1452 praeclarior,
1159 1389 1288 1445 quas
1323 1367 1618 1440 sanguinis
1657 1381 1823 1420 rosea
1862 1361 2133 1417 diadema

513 1475 782 1533 micabat.
809 1475 874 1527 In
901 1469 1072 1542 hujus
1093 1482 1230 1537 ergo
1255 1464 1367 1519 tale
1390 1461 1704 1534 gloriosum
1721 1460 2016 1512 certamen
2041 1469 2134 1506 vo-

514 1573 705 1626 torum
731 1566 833 1622 tibi
859 1563 1078 1620 hostias
1101 1559 1493 1622 immolamus,
1516 1552 1716 1609 laudes
1743 1550 1846 1606 tibi
1876 1563 2004 1603 cum
2031 1563 2132 1602 an-

517 1663 658 1736 gelis
678 1658 1044 1716 conclamant
1067 1653 1322 1709 dicentes
1350 1666 1363 1706 :
1393 1649 1653 1704 Sanctus.

727 1771 1112 1818 COLLECTIONES
1149 1771 1203 1810 IN
1242 1765 1595 1809 DEDICATIONE
1632 1759 1915 1803 ECCLESL’E-

630 1853 806 1907 Lectio
831 1853 949 1916 post
971 1845 1295 1913 prophetiam
1325 1843 1380 1893 in
1407 1839 1733 1892 dedicatione
1760 1833 2026 1887 Ecclesia.

2225 804 2388 856 tuum
2432 798 2512 852 ill.
2545 795 2826 868 propitius
2871 791 3128 858 intende,
3179 793 3243 844 ut
3297 787 3462 844 omni
3523 783 3902 840 necessitate

2227 907 2518 965 corporeae
2538 887 2889 944 inﬁrmitatis
2927 885 3172 951 exclusa,
3199 881 3391 955 gratia
3413 881 3476 936 in
3511 895 3658 935 eum
3690 875 3901 950 pristi-

2229 1005 2317 1044 nas
2347 983 2604 1042 sanitatis
2633 981 2890 1055 perfecta
2909 977 3229 1050 reparetur.
3262 977 3392 1031 Per.

2299 1147 2584 1203 Virtutum
2611 1069 2938 1198 czelestiurri3
2939 1068 3148 1205 (31:13:?
3145 1101 3246 1210 qui
3271 1137 3345 1192 ab
3365 1134 3660 1191 humanis
3689 1149 3914 1205 corpo-

2230 1242 2388 1298 ribus
2427 1253 2662 1295 omnem
2717 1237 3060 1306 languorem
3091 1235 3148 1286 et
3179 1246 3420 1286 omnem
3471 1227 3910 1284 inﬁrmitatem

2232 1331 2500 1406 praecepti
2531 1331 2617 1385 tui
2655 1331 2935 1400 potestate
2966 1324 3224 1397 depellis,
3253 1323 3458 1379 adesto
3490 1321 3808 1394 propitius
3832 1321 3916 1374 fa-

2233 1428 2389 1482 mulo
2435 1429 2532 1479 tuo
2571 1423 2673 1489 ill.,
2711 1424 2775 1476 ut
2814 1419 3027 1490 fugatis
3070 1415 3537 1483 inﬁrmitatibus,
3584 1418 3650 1470 et
3677 1414 3914 1469 viribus

2235 1517 2531 1590 reparatis,
2547 1513 2769 1570 nomini
2791 1515 2986 1568 sancto
3013 1515 3111 1566 tuo
3140 1511 3467 1566 instaurata
3492 1507 3785 1582 protinus
3818 1523 3912 1560 sa~

2239 1613 2414 1669 nitate
2433 1609 2754 1664 benedicat.

2851 1678 2972 1726 Post
3004 1675 3235 1726 nomina.

2307 1754 2518 1808 Adesto
2536 1748 3042 1822 supplicationibus
3061 1746 3292 1814 nostris,
3307 1745 3708 1818 omnipotens
3729 1745 3917 1810 Deus,

2241 1851 2298 1902 et
2316 1847 2466 1901 hanc
2499 1844 2852 1900 oblationem
2881 1858 2984 1914 pro
3011 1841 3412 1896 incolomitate
3444 1839 3672 1894 famuli
3705 1837 3802 1892 tui
3834 1839 3916 1892 ill.

584 1937 931 2002 Benedicite,
964 1935 1114 1989 Deus
1143 1931 1338 1985 sancte
1363 1926 1538 1981 Israel
1571 1923 1670 1994 qui
1701 1923 1988 1976 caelestem
2013 1917 2138 1972 Hie-
2159 1899 2215 1970 Β
2239 1899 2492 1996 ὀξίδίᾶω
2522 1899 2903 2000 sanctiﬁcans‘,
2927 1938 2989 1988 tu
3019 1933 3115 2004 qui
3139 1950 3199 1988 es
3220 1933 3504 1988 humanm
3561 1931 3920 2002 fragilitatis

513 2033 764 2090 rusalem
789 2026 1021 2084 cottidie
1051 2021 1366 2094 multiplice
1408 2015 1653 2074 aediﬁcas
1689 2010 2137 2084 congregatione

515 2127 866 2187 sanctorum,
898 2118 1116 2190 respice
1143 2131 1314 2186 super
1334 2113 1572 2168 domum
1595 2110 1766 2171 hanc,
1794 2105 1954 2176 cujus
1975 2106 2139 2158 nata-

516 2217 585 2274 lis
613 2218 701 2272 est
728 2213 921 2280 hodie,
953 2227 1080 2283 qua:
1101 2209 1159 2264 in
1189 2209 1412 2263 honore
1442 2204 1764 2272 martyrum
1791 2202 2024 2253 tuorum
2058 2195 2136 2250 ill.

517 2313 748 2371 condita
767 2314 870 2377 est,
895 2312 952 2364 et
968 2309 1195 2379 praesta,
1227 2308 1290 2360 ut
1319 2319 1522 2359 omnes
1545 2299 1876 2354 invocantes
1904 2298 1960 2350 te
1991 2294 2052 2348 in
2073 2310 2143 2348 ea

517 2405 815 2462 inveniant
840 2403 1106 2466 salutem,
1134 2397 1349 2453 inﬁrmi
1369 2392 1739 2457 medicinam,
1757 2387 2039 2443 vulnerati
2059 2403 2144 2440 re-

517 2497 796 2563 medium,
828 2497 1135 2550 masrentes
1167 2489 1463 2561 gaudium,
1497 2485 1748 2540 reditum
1781 2480 2006 2553 captivi,
2033 2496 2145 2551 pae-

515 2590 765 2648 nitentes
791 2585 1235 2658 indulgentiam,
1273 2581 1354 2636 rei
1395 2579 1647 2646 veniam,
1696 2574 1869 2631 vincti
1905 2573 2142 2628 solutio-

519 2702 674 2752 nem,
704 2684 936 2739 orantes
961 2677 1313 2751 praesidium.

1064 2781 1193 2829 Item
1219 2776 1318 2827 alia
1343 2773 1596 2838 ejusdem.

588 2868 876 2924 Ascendet
914 2863 1098 2921 oratio
1129 2864 1325 2917 nostra
1361 2875 1466 2930 per
1497 2873 1705 2912 manus
1741 2853 1920 2910 sancti
1956 2852 2145 2923 angeli

523 2963 608 3019 tui
652 2961 726 3017 ad
759 2958 1014 3014 divinum
1048 2956 1228 3010 altare
1262 2957 1447 3018 tuum,
1487 2948 1751 3014 Domine,
1799 2963 1930 3002 cum
1972 2945 2148 3000 odore

525 3051 816 3112 suavitatis
841 3053 974 3117 tuae,
1005 3045 1458 3103 commendante
1479 3041 1754 3096 advocato
1783 3038 2024 3094 Domino
2053 3055 2150 3091 no-

524 3152 643 3203 stro
667 3147 798 3202 Iesu
827 3141 1071 3207 Christo,
1101 3155 1230 3194 cum
1261 3152 1374 3208 quo
1405 3135 1509 3189 tibi
1534 3136 1620 3188 est
1644 3131 1970 3204 imperium,
1995 3134 2152 3202 pote-

525 3242 662 3305 stas,
685 3239 892 3302 honor,
933 3235 1077 3300 laus,
1107 3230 1399 3301 majestas,
1437 3225 1642 3296 gloria,
1683 3224 1991 3290 aeternitas,
2020 3239 2149 3278 cum

527 3331 744 3404 Spiritu
769 3331 965 3384 sancto
996 3325 1055 3380 in
1089 3324 1293 3379 saecula
1331 3321 1686 3376 saeculorum.

1039 3442 1196 3483 MISSA
1237 3441 1340 3480 PRO
1378 3436 1637 3478 .EGROTIS.

672 3521 904 3585 Epistola
921 3518 1103 3570 Jacobi
1126 3515 1347 3582 apostoli
1369 3514 1434 3565 ad
1460 3515 1641 3577 gentes
1659 3524 1754 3576 pro
1777 3509 2012 3561 inﬁrmis.

601 3610 844 3674 Fratres,
866 3606 1194 3660 inﬁrmatur
1219 3601 1422 3672 aliquis
1450 3599 1509 3652 in
1535 3597 1738 3652 vobis?
1771 3596 2004 3650 inducat
2025 3609 2152 3666 pre-

531 3699 792 3770 sbyteros
829 3693 1114 3759 Ecclesiae,
1148 3693 1206 3744 et
1248 3692 1416 3744 orent
1453 3703 1625 3758 super
1655 3684 1830 3740 eum?
1877 3686 2157 3754 ungentes

529 3807 662 3846 cum
689 3790 816 3845 oleo
842 3787 903 3841 in
936 3785 1173 3842 nomine
1203 3781 1432 3837 Domini
1459 3797 1473 3846 ;
1509 3783 1566 3834 et
1595 3779 1778 3834 oratio
1813 3777 1948 3832 ﬁdei
1977 3777 2156 3831 salva-

531 3885 620 3940 bit
641 3881 956 3945 infirmum,
990 3880 1048 3932 et
1079 3874 1347 3930 allevahit
1374 3888 1510 3928 eum
1552 3871 1865 3937 Dominus;
1913 3873 1972 3924 et
2014 3869 2061 3923 si
2099 3869 2157 3922 in

533 3973 782 4050 peccatis
809 3972 902 4039 sit,
932 3969 1254 4025 dimittetur
1287 3965 1360 4020 ei.
1406 3963 1770 4020 Conﬁtemini
1821 3964 2158 4018 alterutrum

534 4069 771 4141 peccata
796 4066 1004 4130 vestra,
1037 4065 1097 4116 et
1125 4063 1284 4116 orate
1311 4075 1415 4130 pro
1443 4058 1709 4125 invicem,
1739 4061 1796 4112 et
1839 4053 2158 4110 salvemini.

536 4160 776 4216 Multum
806 4155 964 4212 enim
989 4155 1140 4208 valet
1170 4151 1496 4224 deprecatio
1517 4150 1658 4222 justi
1687 4148 1944 4204 adsidua.
1976 4147 2162 4202 Helias

542 4254 668 4307 erat
691 4251 868 4306 homo
891 4245 1088 4302 similis
1109 4246 1272 4301 nobis
1292 4243 1593 4316 passibilis,
1615 4245 1673 4296 et
1698 4241 1958 4297 oratione
1985 4238 2165 4295 oravit

2239 2033 2530 2102 singulare
2559 2027 2912 2102 praesidium,
2941 2026 3132 2081 auxilii
3180 2026 3266 2080 tui
3293 2025 3548 2080 ostende
3576 2024 3880 2078 virtutem
3904 2043 3917 2089 ;

2241 2129 2304 2180 ut
2327 2141 2435 2196 ope
2467 2121 2874 2178 misericordias
2900 2124 3013 2174 tua:
3035 2118 3286 2190 adjutus,
3316 2119 3392 2173 ad
3421 2117 3646 2174 omnia
3689 2117 3917 2172 sanita-

2241 2219 2313 2272 tis
2333 2220 2632 2289 reparetur
2656 2214 2863 2270 officia.

2893 2283 2971 2334 Ad
3009 2296 3215 2346 pacem.

2315 2357 2622 2424 Sacriﬁcia,
2679 2355 2940 2422 Domine,
2982 2355 3086 2410 tibi
3123 2370 3256 2410 cum
3293 2353 3576 2410 Ecclesiae
3636 2353 3920 2426 precibus

2243 2451 2621 2518 immolanda,
2649 2465 2994 2522 quaesumus,
3028 2447 3203 2503 corda
3232 2450 3435 2502 nostra
3471 2446 3842 2518 puriﬁcent,
3868 2453 3920 2502 et

2245 2545 2619 2615 indulgentias
2646 2545 2759 2596 tuae
2785 2541 2950 2597 nobis
2973 2541 3128 2596 dona
3157 2540 3474 2596 concilient
3493 2544 3560 2596 et
3595 2541 3679 2596 de
3711 2541 3918 2597 adver-

2247 2635 2321 2688 sis
2346 2649 2620 2706 prospera
2645 2629 2857 2686 sentire
2888 2629 3120 2685 faciant.

2885 2716 3222 2769 Contestalio.

2317 2803 2459 2856 Vere
2491 2801 2732 2872 dignum
2759 2801 2818 2853 et
2829 2799 3050 2870 justum
3081 2801 3186 2865 est,
3225 2799 3620 2870 omnipotens
3651 2802 3843 2869 Deus,
3873 2807 3920 2856 te

2249 2893 2559 2950 Dominum
2587 2892 2758 2948 totius
2774 2891 3184 2946 misericordia:
3201 2891 3262 2946 in
3283 2892 3924 2956 necessitatibusinvo-

2250 3005 2398 3055 care,
2432 2985 2529 3057 qui
2557 2985 2876 3040 dominaris
2905 2983 3034 3038 vitae
3068 2988 3128 3038 et
3163 2984 3362 3050 morti,
3392 2985 3494 3057 qui
3528 3003 3601 3040 es
3655 2988 3922 3042 medicus

2252 3080 2595 3134 animarum.
2630 3078 3004 3134 Sanctiﬁcans
3029 3093 3168 3150 ergo
3204 3078 3357 3133 hanc
3394 3079 3800 3136 oblationem
3829 3099 3922 3153 pro

2251 3172 2641 3228 incolomitate
2673 3170 2872 3225 famuli
2901 3170 2986 3224 tui
3022 3170 3105 3225 ill.
3134 3171 3418 3238 oblatam,
3452 3187 3848 3242 quaesumus,
3874 3180 3924 3228 ut

2172 3261 2227 3334 C
2253 3265 2524 3336 respicias
2538 3262 2818 3334 propitius
2831 3263 2901 3316 de
2915 3265 3240 3334 praeparato
3257 3263 3612 3320 habitacula
3625 3269 3746 3323 tuo
3763 3285 3924 3339 super

2254 3375 2406 3424 eum,
2453 3357 2553 3428 qui
2581 3356 2804 3410 diversa
2834 3355 3176 3426 aegritudine
3205 3356 3574 3426 continetur,
3623 3363 3694 3414 et
3738 3361 3925 3416 visites

2256 3463 2388 3502 eum
2412 3445 2736 3501 visitatione
2756 3448 2854 3500 tua
2867 3445 3100 3513 caelesti,
3125 3445 3522 3502 sicutvisitare
3548 3447 3859 3520 dignatus
3878 3467 3927 3503 es

2256 3555 2482 3594 socrum
2511 3537 2681 3605 Petri,
2710 3554 2952 3608 puerum
2983 3537 3372 3606 Centurionis,
3391 3541 3452 3592 et
3473 3539 3747 3597 Sarram
3767 3543 3930 3600 ancil-

2256 3633 2371 3687 lam
2391 3635 2567 3686 tuam.
2581 3631 2940 3699 Allevaeum,
2955 3631 3222 3699 Domine,
3243 3631 3316 3686 de
3344 3634 3532 3687 strato
3561 3634 3816 3691 doloris
3835 3637 3926 3701 sui,

2261 3729 2322 3779 ut
2334 3726 2518 3779 salvus
2535 3728 2706 3795 atque
2720 3723 3020 3779 incolomis
3035 3723 3094 3778 in
3103 3723 3356 3779 Ecclesia
3367 3724 3479 3779 tibi
3492 3742 3605 3781 ore
3621 3728 3831 3786 David
3855 3730 3925 3784 di-

2259 3833 2387 3872 cere
2401 3817 2576 3888 possit
2590 3816 2908 3889 :Castigans
2919 3816 3216 3888 castigavit
3227 3833 3323 3871 me
3335 3817 3663 3889 Dominus,
3681 3826 3755 3877 et
3766 3824 3928 3878 morti

2261 3927 2376 3966 non
2406 3909 2644 3965 tradidit
2667 3926 2782 3978 me,
2816 3926 2920 3980 per
2941 3909 3233 3966 Christum
3265 3910 3594 3968 Dominum
3635 3920 3926 3972 nostrum.

2741 4013 2896 4054 MISSA
2936 4015 2990 4054 IN
3028 4014 3410 4055 DEDICATIONB.

2263 4078 2436 4130 Lectio
2459 4077 2578 4128 libri
2604 4078 2818 4128 Genesis
2865 4077 3088 4141 legenda
3117 4077 3172 4127 in
3201 4078 3551 4130 Dedicatione
3582 4081 3895 4136 Ecclesiaeb
3919 4119 3928 4130 .

2331 4161 2610 4230 Tempore
2632 4159 2748 4225 illo,
2780 4175 3044 4230 egressus
3059 4159 3235 4214 Jacoh
3264 4159 3336 4214 de
3359 4160 3698 4231 Bersabee,
3730 4183 3928 4238 perge-

2262 4253 2362 4306 bat
2389 4253 2580 4306 Aram.
2605 4253 2864 4324 Cumque
2892 4251 3141 4306 venisset
3164 4251 3240 4306 ad
3261 4253 3602 4323 quemdam
3633 4257 3871 4324 locum,
3889 4262 3932 4311 et

541 4348 604 4400 ιη
630 4359 746 4400 ηοιι
773 4343 999 4413 ΡῙυθΓθί
1039 4355 1209 4410 super
1246 4341 1461 4392 terram
1495 4319 1598 4391 {et
1636 4351 1750 4390 ηοο
1797 4333 1940 4404 Pluit
1981 4349 2164 4387 annos
2265 4345 2436 4398 vellet
2467 4343 2527 4398 in
2555 4361 2624 4400 eo
2655 4319 3016 4416 requiescere
3045 4347 3176 4415 post
3207 4319 3346 4400 solis
3388 4347 3790 4416 occubitum,
3823 4319 3930 4406 tulit

541 4440 658 4492 tres
686 4438 744 4490 et
759 4450 986 4490 menses
1003 4449 1116 4487 sex.
1137 4433 1205 4486 Et
1224 4446 1452 4485 rursum
1469 4428 1672 4494 oravit,
1696 4429 1754 4482 et
1777 4427 1979 4482 caalum
2009 4423 2168 4480 dedit
2267 4437 2336 4492 de
2361 4437 2662 4509 lapidibus,
2695 4395 2839 4508 (Ιῖιοε
2861 4395 3192 4509 εαδροὶθηδ
3219 4438 3398 4508 capiti
3418 4456 3530 4495 suo
3560 4395 3930 4500 ἃ

540 4528 812 4603 pluviam,
845 4530 903 4582 ει
929 4529 1081 4581 terra
1113 4523 1273 4579 dedit
1302 4523 1551 4578 fructum
1579 4535 1763 4574 suum.
2267 4531 2475 4586 eodem
2497 4532 2656 4596 loco;
2685 4529 2941 4602 viditque
2963 4531 3022 4584 in
3045 4531 3265 4586 somnis
3286 4533 3517 4588 scalam
3542 4539 3834 4594 stantem
3855 4556 3930 4592 su-

750 4627 926 4679 Lectio
951 4624 1118 4678 sancti
1139 4623 1408 4688 Evangelii
1431 4620 1719 4672 secundum
1746 4621 1957 4670 Lucam.
2187 4618 2246 4690 D
2269 4641 2372 4696 per
2395 4627 2630 4690 terram,
2653 4626 2711 4677 et
2735 4639 3012 4678 cacumen
3045 4625 3169 4695 ejus
3199 4627 3454 4696 tangens
3475 4629 3738 4696 calum,
3761 4636 3824 4688 et
3849 4649 3933 4686 an.

615 4717 677 4768 In
698 4717 963 4784 tempore
992 4712 1088 4766 illo
1120 4709 1396 4765 Dominus
1427 4709 1620 4762 noster
1637 4707 1796 4784 Iesus
1817 4704 2069 4760 Christus
2087 4702 2169 4758 in-
2187 4675 2241 4690 υ
2271 4675 2429 4784 gelos
2458 4675 2687 4784 quoque
2711 4715 2810 4771 Dei
2834 4675 3339 4772 ascendewn—teshetg
3354 4675 3738 4778 descende;

544 4806 739 4862 troivit
766 4805 825 4858 in
848 4805 1086 4860 domum
1112 4800 1267 4857 Petri
1291 4817 1303 4855 :
1330 4816 1522 4856 socrus
1538 4801 1731 4853 autem
1751 4796 2000 4854 Simonis
2015 4799 2170 4851 tene-

545 4901 717 4956 batur
743 4896 970 4969 magnis
996 4894 1249 4950 febrilus.
1279 4895 1347 4948 Et
1375 4895 1726 4964 rogaverunt
1753 4891 1916 4946 illum
1948 4905 2052 4962 pro
2080 4905 2166 4944 ea.

546 4995 614 5048 Et
647 4993 806 5047 stans
852 5005 1025 5062 super
1061 4988 1243 5055 illam,
1284 4985 1587 5058 imperavit
1641 4983 1807 5052 febri,
1854 4986 1914 5038 et
1959 4981 2174 5042 dimisit

546 5086 728 5140 illam.
755 5085 825 5138 Et
853 5082 1128 5138 continuo
1168 5097 1428 5152 surgens,
1457 5077 1824 5134 ministrabat
1861 5075 1990 5130 illis.
2029 5076 2171 5130 Cum

548 5179 632 5232 sol
658 5179 852 5232 autem
882 5174 1201 5242 occidisset,
1233 5190 1436 5230 omnes
1463 5171 1560 5244 qui
1593 5169 1890 5225 habebant
1912 5168 2174 5223 inﬁrmos

548 5269 720 5324 variis
761 5267 1154 5338 languoribus,
1195 5267 1486 5323 ducebant
1515 5265 1644 5320 illos
1678 5262 1751 5318 ad
1783 5278 1936 5318 eum.
1967 5264 2040 5316 At
2079 5261 2172 5316 ille

555 5359 794 5432 singulis
819 5375 1026 5415 manus
1053 5360 1472 5432 imponens.....

1153 5487 1350 5528 INCIPIT
1389 5485 1566 5526 MISSA.

627 5565 1002 5638 Omnipotens
1049 5565 1400 5638 sempiterno
1449 5565 1620 5628 Deus,
1662 5559 1762 5631 qui
1805 5557 2175 5630 fragilitatem

621 5699 646 5728 ⁸
669 5699 766 5756 Hic
791 5699 982 5756 deficit
1001 5700 1221 5756 Missale
1247 5696 1571 5760 Gothicum,
1605 5693 1664 5764 in
1696 5709 1808 5764 quo
1838 5697 1966 5764 post
2003 5694 2171 5764 Com-

553 5788 726 5827 mune
772 5772 1165 5826 confessorum
1213 5769 1273 5822 et
1309 5767 1542 5820 missam
1591 5763 1661 5818 de
1701 5763 1896 5819 sancto
1934 5763 2174 5820 Martino

551 5845 996 5914 sequuntursex
1030 5839 1219 5914 missa:
1253 5835 1660 5914 dominicales;
1706 5837 1822 5888 tum
1865 5837 2027 5890 missa-
2066 5838 2169 5892 Ro-

553 5905 745 5968 mehsis
767 5911 1086 5977 cottidiana,
1118 5905 1246 5980 qua:
1269 5907 1470 5961 mutila
1495 5909 1597 5959 est.

2271 4719 2429 4788 gelos
2458 4733 2687 4788 quoque
2711 4715 2810 4771 Dei
2834 4717 3214 4772 ascendentes
3261 4721 3322 4771 et
3357 4718 3827 4780 descendentes
3851 4741 3934 4796 per

2271 4827 2420 4876 eam,
2449 4812 2507 4864 et
2529 4809 2836 4864 Dominum
2859 4809 3116 4864 innixum
3139 4811 3306 4866 scala
3324 4810 3650 4870 dicentem
3671 4818 3932 4888 sibizEgo

2272 4921 2398 4958 sum
2447 4902 2723 4958 Dominus
2768 4903 2918 4957 Deus
2942 4902 3234 4958 Abraham
3282 4903 3472 4974 patris
3521 4909 3643 4977 tui,
3697 4915 3763 4966 et
3808 4914 3933 4968 Deus

2271 5000 2445 5051 Isaac.
2481 4997 2716 5050 Terram
2753 4995 2811 5050 in
2848 5011 2962 5066 qua
2997 4995 3238 5063 dormis,
3279 4996 3388 5052 tibi
3429 4998 3602 5057 dabo
3647 5007 3716 5058 et
3743 5003 3929 5061 semini

2273 5093 2372 5144 tuo
2402 5106 2415 5144 :
2446 5089 2667 5160 eritque
2686 5105 2884 5143 semen
2905 5093 3069 5144 tuum
3091 5091 3253 5160 quasi
3276 5090 3472 5161 pulvis
3498 5096 3720 5154 terrae.
3747 5100 3932 5155 Dilata-

2273 5181 2427 5236 beris
2456 5181 2528 5236 ad
2551 5180 2906 5236 occidentem
2929 5185 2986 5236 et
3017 5181 3327 5251 orientem,
3345 5187 3868 5256 septemtrionem
3890 5193 3932 5242 et

2274 5274 2610 5340 meridiem;
2635 5277 2693 5328 et
2720 5275 3138 5330 benedicentur
3163 5275 3224 5330 in
3244 5279 3302 5330 te
3326 5279 3388 5332 et
3410 5281 3670 5339 semine
3690 5290 3801 5342 tuo
3819 5300 3931 5340 cun-

2275 5371 2378 5422 ctae
2407 5367 2588 5422 tribus
2608 5371 2795 5435 terrae,
2829 5372 2888 5422 et
2907 5385 3005 5423 ero
3031 5371 3222 5423 custos
3239 5372 3378 5425 tuus
3400 5387 3815 5451 quocumque
3836 5393 3934 5449 per-

2275 5461 2504 5516 rexeris.
2537 5461 2605 5515 Et
2629 5460 2900 5516 reducam
2931 5464 2986 5515 te
3016 5462 3074 5516 in
3107 5465 3327 5517 terram
3355 5464 3550 5537 hanc,
3593 5488 3714 5527 nec
3763 5472 3929 5528 dimit-

2275 5557 2394 5608 tam
2409 5553 2518 5609 nisi
2530 5555 2889 5626 complevero
2903 5554 3168 5609 universa
3181 5571 3313 5626 quae
3327 5555 3776 5638 dixi.Cumque
3791 5562 3928 5634 evigi-

2316 5691 2374 5772 ἰ)
2403 5692 2532 5772 [hac
2549 5690 2748 5772 Lectio.
2767 5690 2906 5772 item
2929 5690 3256 5772 assignatur
3267 5691 3330 5747 in
3349 5693 3760 5760 Lectionario
3787 5704 3926 5760 Lum-

2275 5762 2586 5850 viensi‘p'ro
2608 5761 3001 5850 dedicatione,
3033 5759 3106 5816 de
3135 5777 3253 5835 qua
3285 5768 3582 5838 superius
3623 5759 3923 5850 assignata-

2279 5837 2409 5888 sunt
2436 5833 2828 5889 Collectiones.
