3970 6414
117 413 204 461 ἥ3ᾷι

739 412 1343 472 SACRAMEN'I‘ARIIJM
1382 420 1822 477 GALLICANUM.
1868 454 1932 464 -
1972 428 2334 488 LECTIONES
2371 435 2815 503 QUOTlDlANzE.

3346 445 3449 502 53’s

115 519 266 576 lasset
296 517 467 578 Iacob
511 519 580 578 de
620 536 841 592 somno,
893 523 973 580 ait
1003 540 1016 579 :
1064 524 1204 580 Vere
1242 524 1511 582 Dominus
1545 533 1628 584 est
1669 528 1728 602 in
1749 538 1808 613 Α
1828 532 1970 590 dixit
1991 537 2142 607 deos,
2171 539 2242 594 ad
2263 556 2402 612 quos
2430 559 2614 599 sermo
2648 545 2740 600 Dei
2766 544 2944 603 factus
2972 551 3074 617 est,
3117 552 3310 606 etnon
3340 567 3444 624 po-

112 614 218 669 loco
244 613 371 683 isto,
404 619 463 670 et
489 631 598 687 ego
631 615 968 672 nesciebam.
1001 619 1318 691 Pavensque
1347 636 1361 674 :
1407 620 1586 684 Quam
1613 627 1727 678 ter-

115 707 295 776 ribilis,
327 707 540 780 inquit,
570 715 653 764 est
687 711 844 764 locus
884 710 1016 766 iste!
1044 728 1158 766 non
1189 716 1272 767 est
1292 712 1397 780 jhic
1427 713 1598 782 aliud,
1628 716 1736 771 nisi

113 801 297 854 domus
340 801 441 855 Dei
486 806 545 856 et
587 807 750 873 porta
791 803 933 858 caeli.
972 804 1220 875 Surgens
1249 821 1384 876 ergo
1412 822 1580 862 mane
1606 808 1737 863 tulit

114 893 363 964 lapidem,
395 911 573 965 quem
604 901 980 967 supposuerat
1007 898 1173 969 capiti
1217 915 1338 968 suo,
1379 903 1435 953 et
1472 901 1650 955 erexit
1676 900 1734 955 in

113 985 345 1054 titulum,
375 987 625 1042 fundens
655 990 840 1044 oleum
880 990 1148 1062 desuper;
1188 992 1601 1064 appellavitque
1629 1010 1730 1048 no-

113 1095 229 1134 men
257 1079 415 1134 urbis
454 1081 670 1150 Bethel,
709 1099 834 1153 quae
859 1083 1017 1154 prius
1059 1085 1203 1138 Luza
1229 1085 1549 1140 vocabatur.
1578 1087 1735 1142 Vovit

114 1173 270 1227 etiam
297 1177 497 1227 votum
523 1173 714 1228 dicens
744 1192 756 1229 :
787 1175 843 1230 Si
865 1176 1038 1231 fuerit
1055 1178 1200 1231 Deus
1221 1193 1465 1247 mecum,
1482 1183 1536 1233 et
1551 1184 1733 1234 custo-

114 1265 261 1320 dierit
287 1282 378 1320 me
405 1266 466 1321 in
495 1267 585 1321 via
611 1285 724 1340 qua
750 1269 976 1324 ambulo
999 1312 1014 1336 ,
1043 1274 1098 1324 et
1124 1271 1338 1325 dederit
1358 1271 1499 1325 mihi
1515 1276 1731 1342 "panem

113 1359 172 1412 ad
196 1360 560 1430 vescendum,
594 1367 650 1416 et
678 1366 888 1417 vestem
921 1363 990 1416 ad
1027 1363 1398 1430 induendum,
1445 1381 1729 1420 reversus-

112 1468 208 1522 que
235 1452 394 1507 fuero
415 1470 691 1526 prospere
721 1455 790 1509 ad
818 1456 1050 1510 domum
1079 1457 1254 1528 patris
1279 1457 1420 1527 mei;
1457 1458 1564 1512 erit
1591 1459 1730 1513 mihi

113 1545 363 1600 Dominus
399 1546 459 1600 in
489 1548 687 1615 Deum,
720 1552 774 1602 et
801 1549 944 1619 lapis
979 1549 1098 1618 iste,
1133 1565 1302 1620 quem
1325 1551 1476 1606 erexi
1502 1551 1561 1605 in
1590 1552 1728 1606 titu-

112 1639 235 1704 lum,
255 1639 554 1693 vocabitur
579 1639 778 1694 domus
811 1641 939 1707 Dei;
973 1646 1028 1695 et
1053 1646 1383 1697 cunctorum
1399 1659 1527 1715 qua:
1559 1643 1727 1699 dede-

112 1731 177 1784 ris
201 1731 358 1797 mihi,
393 1732 642 1788 decimas
670 1733 901 1788 offeram
927 1733 1048 1789 tibi.

360 1833 596 1897 Epistola
620 1835 764 1883 Pauli
795 1835 1016 1898 apostoli
1046 1834 1111 1884 ad
1139 1836 1448 1885 Corinthios.

173 1918 402 1986 Fratres,
425 1919 525 1974 Dei
539 1935 737 1973 sumus
752 1897 1057 1990 adjutores,
1083 1920 1179 1974 Dei
1200 1921 1548 1991 agricultura
1571 1920 1724 1990 estis,
1748 1897 1804 1968 B

112 2009 196 2064 Dei
221 2010 513 2066 aediﬁcatio
533 2012 686 2067 estis.
708 2012 1028 2068 Secundum
1055 2013 1297 2083 gratiam
1323 2013 1423 2068 Dei
1447 2029 1573 2084 quae
1599 2013 1730 2068 data

111 2108 182 2157 est
205 2103 359 2173 mihi,
392 2109 456 2159 ut
477 2104 704 2175 sapiens
723 2105 1062 2159 architectus
1088 2105 1522 2160 fundamentum
1542 2106 1726 2176 posui.

109 2195 243 2249 Alius
267 2199 456 2251 autem
500 2196 962 2268 superaediﬁcat':
1001 2197 1388 2269 unusquisque
1425 2201 1615 2252 autem
1643 2197 1724 2250 vi-

109 2288 221 2342 deat
264 2289 552 2359 quomodo
607 2290 1032 2360 superaediﬁcet.
1075 2290 1530 2345 Fundamentum
1575 2290 1728 2345 enim

111 2380 244 2434 aliud
270 2397 437 2436 nemo
463 2387 652 2452 potest
692 2399 902 2453 ponere
939 2388 1146 2453 praeter
1183 2382 1260 2451 id,
1303 2383 1452 2453 quod
1482 2383 1726 2453 positum

111 2478 199 2540 est,
227 2474 373 2544 quod
403 2479 489 2528 est
530 2473 785 2528 Christus
819 2476 994 2529 Jesus.
1046 2475 1101 2530 Si
1130 2475 1254 2545 quis
1295 2478 1483 2529 autem
1526 2491 1722 2545 super-

111 2565 324 2621 ediﬁcat
349 2584 524 2638 supra
554 2567 1013 2633 fundamentum,
1042 2583 1266 2633 aurum,
1294 2572 1619 2637 argentum,
1653 2567 1727 2620 1a-

112 2659 250 2728 pides
272 2659 579 2731 pretiosos;
616 2659 800 2730 ligna,
830 2659 1045 2714 foenum
1065 2702 1078 2728 ,
1117 2659 1419 2731 stipulam;
1451 2659 1722 2714 uniuscu-

104 2753 287 2823 jusque
312 2771 452 2824 opus
482 2753 850 2808 manifestum
895 2755 1020 2809 erit.
1052 2753 1173 2808 Dies
1212 2753 1363 2808 enim
1400 2753 1722 2822 declarabit,

110 2846 228 2915 quia
267 2846 325 2900 in
365 2846 500 2918 igne
545 2846 906 2913 revelabitur,
953 2851 1009 2900 et
1057 2847 1501 2922 uniuscujusque
1539 2863 1720 2918 Opus:

109 2939 257 3008 quale
281 2939 368 3005 sit,
398 2939 548 3009 ignis
583 2939 862 3009 probabit.
895 2939 951 2994 Si
984 2939 1254 3009 cujusque
1283 2956 1421 3010 opus
1461 2938 1728 2993 manserit

111 3031 244 3101 quod
279 3030 766 3102 supermdiﬁcavit,
797 3032 1118 3086 mercedem
1167 3031 1418 3102 accipiet.
1469 3032 1524 3086 Si
1567 3031 1727 3102 cujus

110 3139 234 3192 opus
246 3124 462 3192 arserit,
481 3125 890 3179 detrimentum
902 3125 1175 3195 patietur:
1196 3124 1315 3194 ipse
1337 3129 1524 3178 tamen
1543 3125 1727 3178 salvus

112 3216 221 3281 erit,
247 3217 322 3270 sic
353 3220 545 3272 tamen
585 3217 743 3288 quasi
776 3233 879 3288 per
914 3217 1130 3288 ignem.
1164 3216 1394 3271 Nescitis
1420 3216 1552 3287 quia
1578 3221 1722 3271 tem-

108 3308 250 3378 plum
270 3310 363 3364 Dei
385 3311 539 3378 estis,
561 3314 617 3364 et
635 3309 877 3381 Spiritus
895 3309 992 3364 Dei
1009 3309 1295 3364 habitatin
1313 3309 1508 3364 vobis?
1523 3309 1579 3364 Si
1599 3309 1727 3380 quis

109 3405 280 3456 autem
307 3403 586 3473 templum
615 3403 714 3457 Dei
742 3402 1047 3470 violaverit,
1063 3402 1347 3473 disperdet
1366 3401 1527 3455 illum
1546 3401 1728 3455 Domi-

109 3510 220 3550 nus.
245 3496 543 3566 Templum
576 3495 729 3550 enim
747 3495 841 3550 Dei
863 3500 1118 3550 sanctum
1139 3499 1242 3561 est,
1275 3493 1424 3566 quod
1444 3494 1576 3549 estis
1605 3511 1722 3549 vos.

248 3596 416 3646 Lectio
439 3597 610 3646 sancti
643 3596 911 3660 Evangelii
950 3596 1237 3645 secundum
1261 3595 1569 3645 Johannem.

171 3681 363 3736 Diebus
387 3681 498 3736 illis
523 3681 672 3737 facta
707 3685 838 3735 sunt
875 3681 1123 3736 encaenia
1143 3681 1202 3734 in
1220 3680 1639 3750 Hierusolymis,
1670 3684 1726 3735 et

111 3772 272 3829 hiems
295 3780 431 3830 erat.
458 3777 524 3830 Et
549 3774 873 3828 ambulabat
895 3776 1052 3828 Jesus
1079 3775 1137 3827 in
1165 3773 1396 3843 templo,
1419 3772 1477 3826 in
1505 3773 1723 3843 porticu

110 3866 418 3924 Salomonis.
443 3867 951 3923 Circumdederunt
983 3883 1118 3937 ergo
1158 3882 1288 3920 eum
1321 3865 1521 3932 Judaei,
1551 3870 1606 3919 et
1633 3865 1720 3919 di-

111 3959 289 4014 cebant
314 3961 363 4016 ei
393 3977 406 4014 :
449 3963 755 4030 Quousque
797 3960 1050 4014 animam
1079 3963 1324 4013 nostram
1366 3957 1550 4011 tollis?
1576 3957 1630 4011 Si
1661 3963 1720 4012 tu

110 4067 160 4105 es
181 4053 442 4122 Christus,
485 4053 575 4108 dic
625 4053 784 4108 nobis
828 4052 1034 4123 palam.
1076 4051 1384 4122 Respondit
1418 4050 1467 4106 ei
1509 4052 1665 4104 Jesus
1703 4067 1714 4103 :

110 4144 309 4216 Loquor
340 4146 515 4215 vobis,
547 4150 605 4201 et
631 4162 748 4200 non
777 4145 1022 4199 creditis.
1051 4146 1232 4215 Opera
1272 4160 1397 4214 qua!
1435 4159 1540 4214 ego
1579 4143 1720 4197 facio

108 4237 159 4290 in
181 4238 399 4294 nomine
427 4239 609 4295 Patris
636 4238 769 4308 mei,
791 4238 913 4292 haec
928 4236 1314 4292 testimonium
1336 4235 1635 4306 perhibent
1650 4237 1717 4290 de

110 4349 206 4388 me.
237 4335 338 4391 Sed
369 4353 466 4392 vos
508 4353 629 4391 non
667 4335 911 4404 creditis,
950 4335 1084 4405 quia
1124 4351 1238 4388 non
1273 4334 1401 4388 estis
1428 4351 1497 4387 ex
1523 4333 1718 4388 ovibus

112 4428 255 4482 meis.
282 4430 418 4484 Oves
441 4412 587 4484 meae
607 4445 804 4482 vocem
824 4444 1008 4482 meam
1036 4427 1291 4493 audiunt,
1317 4431 1370 4481 et
1391 4443 1496 4496 ego
1517 4443 1717 4497 cogno-

113 4535 192 4572 sco
226 4537 334 4590 eas,
378 4527 434 4577 et
481 4526 750 4577 secuntur
774 4537 884 4590 me,
917 4525 972 4574 et
997 4535 1102 4590 ego
1138 4520 1308 4573 vitam
1349 4523 1615 4572 aeternam
1643 4519 1714 4573 do

108 4611 202 4680 eis;
229 4618 281 4668 et
303 4631 416 4670 non
455 4615 725 4686 peribunt
765 4613 825 4667 in
869 4618 1165 4681 aeternum,
1211 4614 1409 4666 etnon
1440 4611 1588 4681 rapit
1625 4605 1792 4676 easD

108 4705 386 4778 quisquam
414 4708 483 4763 de
512 4701 845 4777 manujmea.
863 4707 1024 4760 Pater
1039 4721 1198 4760 meus
1214 4703 1364 4775 quod
1383 4703 1536 4758 dedit
1548 4702 1709 4771 mihi,

108 4798 274 4868 majus
301 4800 564 4855 omnibus
590 4804 691 4869 est,
734 4804 788 4855 et
814 4815 982 4853 nemo
1011 4802 1193 4869 potest
1218 4813 1416 4867 rapere
1443 4797 1512 4850 de
1537 4813 1712 4851 manu

57 4873 63 4879 ’
107 4891 263 4946 Patris
287 4894 418 4948 mei.
463 4895 580 4965 Ego
609 4897 666 4948 et
707 4895 868 4946 Pater
894 4907 1073 4946 unum
1104 4907 1318 4944 sumus.
1351 4890 1715 4944 Sustulerunt

108 4982 301 5053 lapides
323 4987 520 5054 Judaei,
552 4989 613 5039 ut
648 4984 963 5056 lapidarent
987 5001 1139 5038 eum.
1175 4982 1479 5053 Respondit
1513 4982 1593 5037 eis
1619 4983 1710 5037 Je-

110 5090 190 5128 sus
213 5093 225 5130 :
256 5078 417 5133 Multa
444 5095 614 5150 opera
637 5079 785 5133 bona
816 5077 1033 5132 ostendi
1070 5075 1227 5129 vobis
1256 5091 1324 5129 ex
1350 5077 1512 5129 Patre
1540 5091 1667 5128 meo
1695 5091 1708 5129 :

110 5173 320 5239 propter
345 5172 495 5243 quod
530 5187 725 5226 eorum
765 5187 906 5242 opus
944 5185 1035 5224 me
1061 5168 1366 5240 lapidatis?
1391 5168 1710 5238 Responde-

111 5267 230 5316 runt
252 5262 300 5316 ei
324 5264 496 5318 Judaei
521 5281 534 5318 :
568 5265 642 5318 De
666 5264 816 5319 bono
844 5279 1015 5333 opere
1040 5278 1156 5316 non
1179 5261 1494 5331 lapidamus
1518 5265 1594 5328 te,
1617 5259 1712 5314 sed

111 5352 169 5406 de
192 5353 563 5426 blasphemia;
595 5360 652 5411 et
687 5357 823 5428 quia
860 5361 921 5410 tu
965 5357 1138 5410 homo
1182 5370 1312 5408 cum
1355 5353 1448 5422 sis,
1495 5352 1629 5407 facis
1658 5355 1713 5406 te

111 5442 280 5513 ipsum
307 5449 502 5503 Deum.
535 5449 840 5519 Respondit
872 5449 951 5503 eis
985 5450 1143 5502 Jesus
1169 5464 1181 5500 :
1217 5447 1411 5500 Nonne
1439 5445 1712 5516 scriptum

113 5540 185 5590 est
208 5539 262 5592 in
287 5540 406 5612 lege
431 5547 630 5610 vestra,
672 5541 806 5613 quia
845 5557 950 5612 ego
991 5540 1105 5595 dixi
1144 5557 1156 5593 :
1201 5539 1283 5592 Dii
1325 5539 1474 5594 estis.
1510 5538 1565 5593 Si
1592 5537 1713 5592 illos

172 5701 195 5731 ⁸
229 5700 498 5777 Pecularis
526 5701 894 5777 dedicationis
924 5701 1063 5777 ritus
1089 5703 1208 5754 erat
1241 5698 1373 5752 olim
1485 5697 1712 5777 ecclesia

115 5767 362 5848 Romana,
402 5773 598 5827 saltem
646 5772 895 5848 diversus
936 5771 1010 5848 ab
1056 5787 1148 5848 eo,
1200 5784 1371 5848 quem
1390 5767 1712 5848 “Mediolani

115 5841 306 5911 servari
330 5857 449 5896 mos
476 5847 613 5910 erat,
643 5846 706 5896 ut
735 5859 801 5896 ex
829 5842 1107 5895 Ambrosii
1137 5838 1372 5911 epistola
1390 5839 1464 5891 ‘52
1509 5838 1710 5911 intelli-

118 5906 302 5975 gimus.
340 5935 363 5960 ‹‹
412 5913 551 5967 Cum
593 5906 717 5985 ego,
748 5912 846 5981 ait,
876 5906 1189 5966 basilicam'
1204 5910 1460 5966 dedicare
1490 5909 1710 5977 vellem,

1835 635 1940 685 test
1978 631 2112 686 solvi
2139 633 2440 704 Scriptura,
2465 653 2635 707 quem
2662 640 2824 694 Pater
2849 628 3211 698 sanc'tiflcavit
3231 649 3284 699 et
3302 644 3451 700 misit

1835 723 1894 777 in
1920 726 2218 795 mundum,
2248 744 2342 781 vos
2367 729 2568 795 dicitis,
2600 731 2731 801 quia
2745 732 3119 804 blasphemas,
3145 735 3275 806 quia
3296 737 3444 793 dixi:

1836 816 2005 870 Filius
2035 819 2130 872 Dei
2156 822 2323 876 sum?
2351 821 2406 876 Si
2433 839 2546 877 non
2571 823 2712 878 facio
2739 841 2909 896 opera
2927 828 3103 882 Patris
3125 828 3255 894 mei,
3277 831 3449 884 nolite

1833 910 2060 964 credere
2087 912 2258 979 mihi;
2288 915 2334 967 si
2359 919 2548 970 autem
2584 916 2745 985 facio,
2775 921 2831 972 et
2859 919 2905 972 si
2942 920 3082 974 mihi
3125 936 3239 975 non
3281 922 3448 977 vultis

1833 1003 2077 1072 credere,
2101 1005 2360 1075 operibus
2386 1009 2593 1063 credite
2623 1027 2635 1062 :
2664 1014 2728 1063 ut
2753 1012 3096 1082 cognoscatis
3115 1017 3171 1068 et
3190 1014 3446 1083 credatis,

1832 1093 1967 1165 quia
1988 1085 2048 1150 in
2078 1113 2168 1152 me
2197 1103 2277 1152 est
2303 1101 2482 1165 Pater,
2517 1106 2570 1154 et
2594 1118 2699 1172 ego
2721 1103 2780 1157 in
2806 1105 2985 1159 Patre.

2435 1209 2632 1249 INCIPIT
2671 1212 2842 1250 MISSA.

1904 1279 2080 1332 Deum
2097 1278 2194 1349 qui
2209 1281 2550 1350 templorum
2569 1284 2815 1338 condidit
2832 1293 3177 1355 ornamenta,
3192 1289 3291 1359 qui
3307 1306 3451 1346 mar-

1830 1370 2046 1440 tyribus
2071 1372 2184 1425 suis
2211 1376 2380 1442 atque
2410 1374 2814 1430 confessoribus
2834 1395 2988 1432 sacra
3016 1379 3290 1436 dedicavit
3307 1383 3446 1438 alta-

1831 1462 1934 1531 ria,
1964 1463 2162 1518 fratres
2191 1464 2553 1534 dilectissimi,
2591 1467 2790 1523 affectu
2818 1471 3068 1540 piissimo
3093 1489 3445 1545 veneremur,

1829 1580 2008 1634 prona
2030 1565 2350 1621 humilitate
2380 1573 2671 1638 poscentes
2701 1575 2793 1624 :ut
2817 1573 3044 1642 templa,
3079 1591 3204 1645 quae
3231 1577 3452 1632 nomini

1829 1673 1930 1710 suo
1957 1657 2208 1713 dedicata
2233 1665 2398 1728 sunt,
2429 1677 2665 1716 munere
2701 1663 2937 1733 spiritali
2964 1680 3215 1736 respersa
3242 1669 3450 1723 nostris

1829 1747 2040 1802 artibus
2068 1749 2419 1819 inserantur;
2457 1757 2521 1807 ut
2561 1753 2696 1807 dum
2745 1755 2892 1809 diem
2935 1757 3246 1812 festivitatis
3280 1759 3451 1831 hujus

1829 1840 2031 1894 annuis
2059 1844 2376 1897 recursibus
2405 1845 2771 1915 honoramus,
2818 1848 2923 1918 ipsi
2960 1850 3303 1920 templorum
3339 1868 3449 1907 cm-

1828 1933 2055 1987 lestium
2097 1952 2258 2004 pares
2287 1936 2432 1990 effici
2473 1953 2814 1994 mereamur.
2845 1941 3144 1996 Precemur
3191 1943 3360 1998 etiam
3391 1949 3453 2000 ut

1827 2025 2283 2081 beatissimorum
2335 2034 2649 2100 martyrum
2701 2031 3096 2088 intercessione
3145 2036 3448 2104 salvemur,

1827 2135 2070 2189 quorum
2093 2119 2148 2174 in
2168 2121 2274 2174 hoc
2296 2121 2416 2175 loco
2438 2134 2462 2162 ε
2491 2123 2755 2193 reliquias
2773 2125 2864 2194 pio
2879 2141 3068 2180 amore
3088 2143 3449 2184 veneramur.

1899 2278 2042 2331 Deus
2067 2278 2164 2348 qui
2191 2277 2258 2332 ad
2304 2209 2854 2352 cultumcfiiliffrilopro
2881 2283 3055 2339 salute
3104 2285 3452 2342 credentium

1826 2369 1935 2423 loci
1962 2370 2119 2423 istius
2145 2371 2577 2441 amplitudinem
2618 2375 2976 2444 consecrasti,
3018 2377 3117 2431 ubi
3155 2378 3454 2434 cottidiana

1827 2462 2176 2516 invocatione
2207 2464 2454 2518 nominis
2479 2465 2562 2518 tui
2578 2465 2806 2520 caelestis
2829 2468 3138 2522 consolatio
3159 2487 3272 2524 non
3287 2471 3446 2526 dees-

1827 2560 1910 2609 set
1940 2571 1952 2609 :
1987 2571 2308 2625 quaesumus
2327 2555 2598 2626 pietatem
2617 2561 2794 2626 tuam,
2812 2563 2876 2612 ut
2894 2561 3183 2616 memorias
3209 2578 3336 2633 quae
3368 2580 3450 2617 sa-

1827 2648 1934 2701 cris
1954 2648 2279 2701 inferuntur
2306 2649 2597 2714 altaribus,
2627 2649 2844 2704 devotis
2864 2653 3152 2706 mentibus
3175 2655 3248 2707 ad
3271 2672 3451 2710 reme-

1828 2741 1984 2793 dium
1998 2743 2393 2810 praeparentur
2414 2741 2738 2795 animarum
2754 2745 2809 2795 et
2832 2745 3146 2814 supplicem
3164 2746 3445 2803 familiam

1827 2835 1984 2886 tuam
2004 2849 2130 2902 quae
2152 2832 2251 2886 tibi
2265 2833 2322 2885 in
2342 2835 2558 2903 templo
2576 2835 2772 2904 gloriae
2787 2839 2897 2889 tuae
2911 2837 3252 2892 sacriﬁcium
3266 2839 3450 2893 laudis

1828 2926 2180 2996 gratulantes
2203 2924 2678 2993 immolantvotis,
2694 2926 2752 2980 in
2769 2927 2866 2981 illa
2879 2931 3073 2982 sancta
3095 2929 3448 2986 Hierusalem

1828 3017 1979 3070 inter
2003 3018 2184 3071 electa
2204 3017 2441 3072 caelestis
2471 3018 2644 3088 regiae
2675 3024 3017 3075 ornamenta
3045 3022 3374 3078 constituas.

2448 3106 2571 3154 Post
2600 3106 2827 3156 nomina.

1896 3175 2084 3229 Gloria
2112 3175 2213 3229 tibi
2241 3175 2481 3230 Domino
2527 3178 2644 3231 Deo
2679 3181 2894 3245 nostro,
2931 3181 3268 3235 saeculorum
3301 3183 3446 3252 regi,

1747 3251 1800 3323 C
1828 3268 2127 3322 hominum
2155 3268 2456 3336 conditori,
2487 3270 2658 3340 quiin
2692 3272 2906 3325 cultum
2938 3273 3221 3343 perpetim
3253 3251 3450 3345 templi

1827 3361 1860 3414 h
1871 3361 1994 3432 ujus
2006 3361 2287 3414 ambitum
2303 3378 2430 3415 cum
2445 3367 2772 3416 sanctorum
2796 3367 3110 3434 martyrum
3125 3367 3445 3435 patrocinio

1825 3453 2298 3520 consecrasti,ubi
2325 3454 2636 3508 cottidiana
2658 3455 2959 3510 devotione
2974 3457 3260 3526 praestaris
3291 3475 3320 3512 e
3346 3475 3449 3513 cae-

1825 3547 1909 3612 lis,
1941 3547 2093 3616 quod
2117 3546 2401 3616 petebaris
2427 3546 2486 3600 in
2504 3547 2690 3600 terris.
2710 3549 2963 3603 Introeat
2995 3565 3154 3620 ergo,
3176 3551 3441 3617 Domine,

1825 3638 2129 3708 postulatio
2161 3641 2356 3691 nostra
2388 3654 2582 3692 coram
2636 3641 2691 3693 te
2725 3639 2918 3707 hodie,
2953 3644 3010 3693 et
3048 3641 3107 3694 in
3135 3647 3442 3714 conspectu

1824 3730 2138 3800 majestatis
2179 3733 2288 3784 tum
2325 3731 2507 3785 oratio
2543 3731 2774 3785 contriti
2807 3731 2992 3786 cordis
3029 3734 3335 3801 ascendat;
3375 3752 3441 3789 ac

1824 3823 2179 3892 singulorum
2193 3823 2406 3877 votisin
2442 3825 2659 3894 templo
2689 3824 2982 3894 hoc,cujus
2995 3826 3201 3880 natalis
3224 3828 3310 3880 est
3340 3828 3440 3883 ho-

1824 3916 2045 3986 die,pro
2058 3915 2428 3985 benignitatis
2445 3919 2556 3969 tua;
2569 3916 2873 3972 serenitate
2887 3919 3442 3989 responde,etﬁdem

1822 4008 2105 4062 credentis
2137 4007 2342 4062 eﬁ‘ectu
2366 4025 2634 4063 concesso
2660 4009 2955 4082 petitionis
2981 4012 3284 4082 ampliﬁca.
3315 4015 3440 4068 Per.

2472 4101 2550 4150 Ad
2588 4115 2790 4151 nacem.

2472 4116 2550 4150 Λα
2626 4116 2790 4151 acem.

1892 4171 2057 4238 Deus,
2085 4171 2180 4241 qui
2213 4171 2376 4225 nobis
2402 4189 2506 4242 per
2545 4116 2801 4243 είῖιευιοε
2845 4190 3029 4228 annos
3063 4175 3243 4228 sancti
3275 4176 3443 4246 hujus

1821 4264 2112 4333 templitui
2130 4265 2574 4319 consecrationis
2593 4282 2824 4336 reparas
2843 4266 3019 4336 diem,
3037 4269 3093 4320 et
3110 4269 3284 4322 sacris
3301 4286 3444 4324 sem-

1817 4373 1920 4426 per
1944 4357 2227 4427 mysteriis
2253 4361 2631 4427 repreesentas
2651 4357 2992 4426 incolomes;
3017 4360 3220 4414 exaudi
3246 4378 3443 4432 preces

1815 4449 2012 4518 populi
2043 4449 2193 4501 tuiet
2208 4453 2436 4519 praesta,
2457 4453 2519 4502 ut
2531 4450 2575 4502 si
2590 4449 2716 4520 quis
2733 4451 2838 4504 hoc
2860 4452 3140 4521 templum
3163 4452 3441 4507 beneficia

1818 4541 2094 4610 petiturus
2121 4541 2463 4610 ingreditur,
2495 4544 2698 4595 cuncta
2729 4557 2799 4594 se-
2834 4543 3169 4612 impetrasse
3191 4543 3435 4598 laetetur.

1884 4705 2023 4757 Vere
2047 4702 2288 4773 dignum
2313 4705 2370 4756 et
2388 4633 3126 4774 justiniifsgsaaoomnipotens
3148 4705 3316 4773 Deus,
3335 4723 3438 4776 pro

1813 4812 2004 4850 annua
2031 4795 2392 4849 dedicatione
2420 4796 2771 4850 tabernaculi
2802 4797 2990 4866 hujus,
3017 4797 3228 4867 gratias
3263 4800 3439 4854 hono-

1812 4905 2050 4958 remque
2079 4889 2315 4955 referre,
2343 4887 2501 4957 cujus
2527 4888 2704 4943 virtus
2729 4889 3158 4959 magna,pietas
3187 4891 3434 4961 copiosa.

1813 4981 2067 5052 Respice,
2098 4997 2444 5052 quiesumus,
2479 4981 2548 5034 de
2581 4983 2740 5048 caelo,
2771 4984 2828 5035 et
2861 4981 3008 5047 vide,
3042 4985 3100 5035 et
3136 4982 3299 5037 visita
3334 4985 3435 5039 do-

1812 5091 1972 5128 mum
2002 5074 2191 5138 istam,
2224 5077 2285 5126 ut
2313 5073 2355 5126 si
2384 5073 2508 5143 quis
2535 5073 2592 5127 in
2615 5090 2683 5128 ea
2708 5073 2930 5128 nomini
2959 5077 3055 5128 tuo
3085 5075 3436 5146 supplicave-

1813 5167 1904 5231 rit,
1932 5167 2177 5220 libenter
2202 5165 2490 5231 exaudias,
2523 5169 2581 5219 et
2610 5165 3088 5220 satisfacientibus
3119 5169 3437 5224 clementer

1812 5260 2094 5328 ignoscas.
2129 5258 2225 5311 Hic
2262 5257 2364 5311 tibi
2401 5258 2727 5312 sacerdotes
2766 5259 2848 5313 tui
2889 5260 3226 5315 sacrificium
3256 5263 3438 5317 laudis

1814 5351 2086 5415 otfcrant;
2111 5351 2200 5403 hic
2225 5349 2406 5403 ﬁdelis
2437 5351 2680 5421 papulus
2708 5356 2842 5406 vota
2868 5354 3183 5422 persolvat;
3203 5354 3293 5408 hic
3313 5372 3438 5426 pec-

1813 5447 2068 5498 catorum
2096 5458 2273 5497 onera
2303 5443 2698 5513 deponantur;
2724 5444 2815 5497 hic
2845 5445 2989 5498 ﬁdes
3017 5447 3174 5517 lapsa
3204 5464 3433 5518 repare-

1814 5541 1931 5601 tur;
1960 5536 2049 5591 hic
2089 5536 2206 5606 ipse
2256 5535 2406 5608 inter
2445 5537 2662 5590 bonum
2697 5539 3031 5608 malumque
3082 5539 3430 5606 discernens,

1813 5694 1975 5750 multi
2002 5698 2301 5769 tamquam
2333 5713 2445 5769 uno
2487 5712 2584 5750 ore
2626 5696 2993 5769 interpellare
3024 5701 3316 5769 cceperunt
3343 5697 3423 5749 di-

1815 5769 2008 5844 centes
2042 5766 2244 5844 :_Sicut
2289 5767 2348 5844 in
2392 5767 2673 5844 Romano,
2713 5766 2795 5844 sic
2835 5766 3146 5844 basilicani
3180 5767 3420 5844 dedices.

1815 5837 2103 5906 Respondi
2156 5837 2428 5908 :Wfaciam
2479 5837 2524 5890 si
2576 5841 2891 5907 martyrum
2949 5837 3213 5908 reliquias
3269 5837 3421 5887 inve-

1818 5924 1975 5962 nero.
2006 5929 2034 5955 »
2063 5909 2145 5962 Ita
2176 5907 2268 5962 ille
2294 5908 2365 5964 ad
2393 5909 2793 5964 Mareellinam.
