3970 6420
499 398 600 452 535

1366 392 1698 449 APPENDIX
1733 393 1820 448 AD
1857 391 2079 447 OPERA
2113 392 2168 446 S.
2207 391 2505 448 GERMANI
2544 393 2970 448 PARISIENSIS.

3784 396 3899 449 536

494 501 1622 574 cumcausaminterpellatusjudicaveris
1637 517 1808 574 quam
1823 499 2114 570 nonigno-
2134 499 2424 582 Adidisti,
2486 500 2698 572 quique
2749 501 3070 571 angelicam
3121 500 3506 556 substantiam
3550 498 3900 572 splendore

495 612 608 664 res,
642 596 774 650 hinc
808 595 1139 666 simplicitas
1165 595 1425 650 absoluta
1449 595 1668 661 redeat,
1693 594 1825 648 hinc
1847 593 2114 664 impietas

495 687 805 744 emendata
833 687 1104 742 discedat.
1124 688 1381 742 Inveniat
1397 688 1549 759 apud
1562 693 1637 754 te,
1652 687 1913 752 Domine,
1928 687 2116 742 locum

495 780 674 835 venias
724 780 1068 852 quicumque
1113 781 1188 835 ad
1225 781 1466 836 domum
1502 781 1671 835 istam
1712 779 2118 834 satisfactionis

493 872 835 943 confugerit,
869 877 927 927 et
959 873 1184 928 conscio
1215 874 1412 929 dolore
1443 874 1637 940 victus,
1670 873 1744 927 ad
1769 873 1972 927 altaria
1997 875 2114 939 tua,

491 964 626 1021 rivis
645 982 876 1020 suarum
903 965 1104 1020 laverit
1128 967 1520 1034 lacrimarum,
1553 965 1648 1020 ubi
1671 966 1718 1020 si
1761 965 1992 1036 quando
2013 983 2114 1036 po-

487 1058 658 1130 pulus
693 1062 820 1113 tuus
845 1058 1018 1114 tristis
1046 1063 1390 1130 maestusque
1417 1059 1768 1125 convenerit,
1812 1058 2115 1129 adquiesce

492 1150 1518 1223 rogari,etrogatusindulge.Custodi
1533 1152 1704 1206 etiam
1723 1152 1824 1205 sub
1839 1139 2117 1222 guberna-

491 1242 650 1299 tione
667 1243 919 1299 nominis
939 1244 1040 1299 tui.
1059 1246 1167 1300 Per
1182 1245 1470 1301 Christum
1498 1243 1804 1298 Dominum
1833 1247 2112 1298 nostrum.

1052 1332 1178 1382 Item
1220 1331 1554 1382 Contestatio.

561 1406 704 1459 Vere
731 1403 970 1476 dignum
1001 1406 1059 1458 et
1089 1403 1308 1474 justum
1341 1408 1445 1470 est,
1480 1403 1848 1474 omnipotens
1867 1405 2032 1469 Deus,
2058 1407 2117 1457 ut

493 1497 675 1552 altare
701 1497 808 1552 hoc
839 1497 1050 1552 sanctis
1077 1496 1268 1551 usibus
1293 1499 1681 1568 praeparatum
1710 1495 1923 1550 caelesti
1953 1496 2112 1550 dedi-

491 1589 718 1645 catione
750 1589 1097 1654 sanctiﬁces;
1123 1588 1338 1644 utsicut
1367 1588 1779 1643 Melchisedech
1807 1588 2117 1642 sacerdotis

490 1681 842 1738 oblationem
886 1681 1142 1751 dignam,
1174 1681 1253 1736 ita
1285 1697 1431 1736 novo
1476 1681 1607 1735 huic
1643 1680 1845 1735 altario
1874 1697 2116 1735 munera

487 1789 717 1846 semper
743 1777 976 1845 accepto
1005 1773 1155 1828 ferre
1183 1773 1439 1844 digneris
1468 1791 1481 1828 :
1505 1777 1568 1827 ut
1595 1775 1840 1844 populus
1871 1777 2000 1827 tuus
2025 1789 2112 1826 ec-

2219 592 2526 663 conspicuo
2547 593 2938 664 potentialiter
2964 593 3280 660 adornasti,
3311 597 3366 648 te
3396 593 3705 665 supplices
3727 608 3900 664 quae-

2217 701 2412 739 sumus
2438 690 2496 739 et
2521 703 2774 752 oramus,
2797 689 2859 739 ut
2879 685 2937 739 in
2963 687 3070 740 hac
3091 686 3506 752 sollemnitate,
3553 702 3750 756 quam
3780 687 3898 740 sub

2217 778 2298 832 tui
2341 778 2590 840 nominis
2633 778 2989 833 invocatione
3021 779 3079 832 in
3109 779 3334 834 honore
3381 778 3748 849 archangeli
3785 778 3896 833 Mi-

2217 875 2428 930 chaelis
2468 875 2891 946 [celebramus],
2942 880 3166 930 nostras
3211 891 3414 947 preces
3460 874 3756 930 exaudire
3802 874 3893 930 di-

2217 968 2428 1040 gneris.
2452 970 2575 1022 Per.

2916 1039 3145 1088 Secreta.

2287 1124 2486 1176 Preces
2506 1123 2814 1193 populitui,
2843 1122 3104 1189 Domine,
3130 1121 3446 1192 dignanter
3461 1121 3707 1189 exaudi,
3739 1139 3900 1194 quas

2215 1220 2276 1274 in
2307 1222 2456 1274 culto
2491 1219 2690 1290 templi
2711 1220 2880 1290 hujus
2902 1220 2972 1273 ob
2995 1220 3282 1274 honorem
3316 1219 3504 1274 sancti
3527 1220 3900 1290 archangeli

2217 1313 2296 1367 tui
2326 1311 2740 1367 Michahelis....
2785 1316 2842 1366 et
2874 1313 2953 1366 ita
2997 1313 3101 1366 tibi
3147 1329 3250 1383 pro
3297 1313 3424 1383 ejus
3468 1313 3896 1367 sollemnitate

2217 1407 2429 1460 oblatio
2457 1409 2651 1459 nostra
2683 1406 2784 1459 fiat
2804 1407 3056 1474 accepta.

2869 1495 3207 1546 Contestatio.

2287 1579 2428 1631 Vere
2457 1575 2697 1646 dignum
2731 1581 2788 1630 et
2809 1575 3031 1645 justum
3063 1580 3168 1642 est,
3191 1576 3578 1648 omnipotens
3607 1577 3800 1645 Deus,
3837 1579 3898 1632 in

2217 1671 2308 1724 die
2340 1669 2660 1724 festivitatis
2708 1668 3026 1735 hodiernae,
3066 1685 3180 1740 quo
3216 1669 3276 1722 in
3309 1669 3543 1724 honore
3581 1671 3760 1725 beati
3799 1688 3896 1726 ar-

2217 1763 2479 1833 changeli
2509 1761 2836 1816 Michahelis
2866 1760 3130 1815 dedicata
3154 1760 3379 1816 nomini
3399 1765 3506 1817 tuo
3537 1763 3677 1818 loca
3704 1765 3903 1819 sacris

485 1865 673 1922 desim
705 1866 942 1921 domum
969 1869 1228 1920 sanctam
1259 1866 1626 1933 conveniens,
1646 1883 1816 1937 super
1836 1867 1957 1920 hmc
1973 1882 2116 1936 pura
2136 1868 2192 1940 B
2217 1859 2349 1910 sunt
2390 1855 2651 1908 instituta
2684 1854 2992 1924 mysteriis,
3025 1854 3288 1908 omnium
3318 1855 3612 1910 societate
3646 1862 3898 1912 sancto-

484 1958 784 2014 Iibamima
809 1959 1019 2014 cmlesti
1047 1959 1498 2014 sanctiﬁcatione
1522 1959 1844 2013 animarum
1883 1975 2112 2029 quoque

483 2067 719 2106 suarum
749 2052 994 2106 salutem
1017 2055 1359 2122 perpetuam
1391 2054 1796 2122 consequatur,
1829 2067 1934 2122 per
1960 2049 2114 2106 Chri-

489 2147 642 2198 stum
674 2143 983 2198 Dominum
1012 2146 1295 2197 nostrum.

747 2267 758 2277 ο
791 2251 952 2291 ΜΙΞΒΔ
981 2253 1032 2292 IN
1073 2251 1292 2291 HONORE
1329 2251 1516 2292 SANCTI
1557 2251 1814 2292 MICHAEL.

734 2313 907 2364 Lectio
962 2314 1302 2378 Apocalypsis
1349 2313 1515 2364 sancti
1556 2313 1862 2364 Johannis'.

559 2387 795 2440 Factum
811 2389 896 2440 est
905 2385 1170 2456 proelium
1190 2385 1248 2440 in
1269 2387 1427 2452 caelo,
1445 2387 1678 2440 Michael
1703 2389 1758 2438 et
1777 2384 1968 2454 angeli
1991 2383 2113 2454 ejus

483 2477 897 2550 prmliabantur
933 2493 1063 2532 cum
1103 2477 1374 2545 dracone,
1407 2481 1464 2531 et
1499 2477 1671 2532 draco
1712 2477 2028 2548 pugnabat,
2057 2478 2115 2529 et

484 2569 675 2640 angeli
703 2569 853 2639 ejus;
879 2574 1074 2624 etnon
1096 2571 1419 2636 valuerunt,
1452 2586 1638 2640 neque
1660 2571 1816 2624 locus
1848 2569 2113 2623 inventus

483 2669 568 2721 est
596 2682 796 2721 eorum
827 2667 1071 2737 amplius
1100 2667 1160 2721 in
1205 2669 1364 2722 caelo.
1395 2668 1462 2722 Et
1488 2667 1776 2738 projectus
1817 2670 1903 2719 est
1940 2665 2111 2719 draco

480 2758 574 2813 ille
604 2774 870 2828 magnus,
893 2776 1130 2830 serpens
1148 2759 1436 2830 antiquus,
1467 2759 1564 2830 qui
1592 2763 1826 2813 vocatur
1852 2758 2112 2813 diabolus

482 2854 541 2904 et
568 2851 829 2916 Satanas,
873 2851 970 2921 qui
993 2852 1214 2905 seducit
1231 2851 1560 2904 universum
1582 2851 1805 2916 orbem,
1825 2851 2113 2920 projectus

483 2945 568 2996 est
597 2941 656 2996 in
689 2945 924 3007 terram,
965 2946 1024 2996 et
1056 2943 1247 3011 angeli
1279 2943 1402 3012 ejus
1423 2960 1553 2998 cum
1573 2942 1668 2996 illo
1691 2943 1847 2996 missi
1867 2946 2017 2996 sunt.
2047 2943 2110 2996 Et

483 3033 883 3087 audivivocem
905 3047 1181 3104 magnam
1205 3035 1262 3088 in
1279 3035 1418 3089 caelo
1437 3034 1724 3089 dicentem
1747 3051 1760 3088 :
1783 3036 1941 3088 Nunc
1964 3035 2112 3088 facta

482 3129 570 3178 est
599 3125 768 3192 salus,
789 3125 1055 3193 etvirtus,
1089 3129 1145 3179 et
1161 3143 1404 3196 regnum
1432 3127 1531 3180 Dei
1554 3127 1752 3194 nostri,
1777 3131 1834 3180 et
1864 3131 2113 3197 potestas

2211 1966 2340 2004 rum
2369 1949 2492 2018 ipsa
2511 1946 2673 2013 fides,
2708 1962 2834 2016 quas
2862 1946 2990 2000 illos
3027 1945 3130 2000 tibi
3157 1947 3293 2000 fecit
3316 1947 3546 2002 amicos
3578 1965 3741 2015 esse,
3781 1967 3893 2020 pro

2213 2039 2379 2096 nobis
2409 2038 2561 2110 apud
2589 2043 2642 2092 te
2664 2037 2839 2092 faciat
2867 2038 3197 2092 advocatos.
3224 2039 3468 2094 Illorum
3496 2055 3737 2095 corona
3763 2059 3900 2096 nos-

2211 2136 2298 2188 tra
2330 2133 2400 2186 sit
2425 2131 2628 2197 venia;
2662 2130 2904 2185 imitatio
2935 2147 3040 2185 nos
3071 2147 3194 2184 esse
3219 2131 3394 2186 faciat
3421 2132 3555 2187 sine
3587 2151 3804 2204 paena,
3832 2136 3896 2190 il-

2211 2228 2400 2281 lorum
2431 2223 2612 2279 oratio
2645 2225 2888 2278 salutem
2930 2223 3096 2278 nobis
3129 2225 3396 2279 conferat
3438 2227 3898 2299 sempiternam

2214 2336 2317 2390 per
2344 2317 2633 2374 Christum
2659 2316 2988 2371 Dominum.

2623 2429 2783 2468 MISSA
2821 2429 2922 2469 PRO
2962 2430 3081 2468 ITER
3118 2431 3444 2471 AGENTIBUS.

2502 2501 2732 2565 Epistola
2754 2501 2896 2551 Pauli
2921 2502 3145 2565 apostoli
3171 2503 3237 2552 ad
3269 2503 3560 2568 Ephesios.

2285 2582 2524 2647 Fratres,
2563 2581 2750 2634 videte
2795 2582 3090 2652 quomodo
3137 2587 3304 2638 caute
3351 2585 3722 2656 ambuletis,
3777 2606 3896 2644 non

2213 2674 2377 2746 quasi
2404 2673 2758 2744 insipientes,
2790 2673 2975 2745 sed_'ut
2995 2675 3305 2746 sapientes,
3329 2678 3724 2735 redimentes
3751 2685 3901 2737 tem-

2214 2783 2338 2838 pus,
2367 2766 2640 2837 quoniam
2669 2765 2790 2819 dies
2819 2767 2959 2820 mali
2991 2771 3124 2822 sunt
3149 2767 3291 2823 bu...

2365 2857 2540 2907 Lectio
2563 2857 2728 2908 sancti
2751 2857 3016 2921 Evangelii
3043 2860 3340 2910 secundum
3370 2863 3733 2917 Mattbmum.

2287 2941 2346 2992 In
2373 2954 2797 3009 quamcumque
2823 2939 3114 2993 civitatem
3147 2944 3248 2994 aut
3273 2944 3595 2999 castellum
3621 2947 3893 3004 intrave-

2212 3031 2722 3100 ritis,interrogate
2751 3031 2878 3102 quis
2898 3031 2956 3085 in
2985 3049 3054 3086 ea
3082 3032 3293 3102 dignus
3318 3035 3411 3101 sit;
3437 3039 3501 3090 et
3523 3037 3616 3092 ibi
3641 3049 3894 3096 manete

2213 3124 2396 3177 donec
2440 3123 2668 3177 exeatis.
2701 3125 2982 3178 Intrantes
3021 3129 3217 3179 autem
3250 3126 3308 3180 in
3337 3127 3598 3184 domum
3631 3135 3895 3191 salutate

483 3216 689 3272 Christi
731 3218 872 3288 ejus,
905 3217 1039 3288 quia
1081 3219 1368 3289 projectus
1408 3223 1494 3272 est
1535 3223 1828 3274 accusator
1869 3221 2108 3279 fratrum
2132 3224 2186 3298 ρ
2213 3233 2372 3281 eam;
2399 3219 2457 3270 et
2479 3215 2522 3269 si
2555 3216 2788 3286 quidem
2829 3217 3004 3272 fuerit
3045 3218 3252 3273 domus
3282 3219 3492 3290 digna,
3523 3226 3754 3282 veniat
3791 3247 3896 3300 pax

485 3313 767 3376 nostrum,
795 3310 893 3380 qui
929 3311 1233 3365 accusabat
1273 3313 1401 3366 illos
1439 3315 1572 3366 ante
1613 3315 1982 3382 conspectum
2012 3313 2111 3366 Dei

487 3401 666 3456 nostri
697 3402 788 3456 die
821 3419 885 3456 ac
925 3406 1091 3458 nocte
1125 3421 1136 3457 :
1166 3407 1226 3458 et
1264 3404 1372 3476 ipsi
1399 3405 1658 3459 vicerunt
1686 3405 1846 3459 illum
1881 3407 2114 3476 pr0pter

489 3496 834 3565 sanguinem
861 3495 1029 3564 Agni.
1059 3495 1164 3560 Qui
1197 3496 1370 3550 habet
1390 3513 1611 3564 aurem,
1640 3497 1837 3551 audiat
1860 3497 2108 3567 quid.....

629 3581 802 3632 Lectio
829 3583 994 3633 sancti
1027 3583 1294 3646 Evangelii
1327 3584 1617 3633 secundum
1645 3585 1956 3634 Matthmum.

553 3652 764 3707 Diebus
791 3653 918 3720 illis,
949 3654 1272 3725 adsumpsit
1296 3655 1573 3710 Dominus
1591 3658 1752 3711 Jcsus
1769 3659 2024 3721 Petrum,
2055 3659 2112 3709 et

477 3745 775 3812 Iacobum,
811 3751 869 3800 et
894 3748 1218 3802 Johannem
1247 3748 1488 3802 fratrem
1527 3748 1669 3819 ejus,
1720 3753 1778 3802 et
1805 3748 1960 3802 duxit
1986 3748 2112 3801 illos

479 3836 538 3890 in
565 3841 823 3892 montem
861 3841 1147 3894 excelsum
1179 3857 1457 3906 seorsum,
1499 3844 1554 3895 et
1589 3842 1998 3912 tranfiguratus
2028 3845 2113 3893 est

480 3933 613 3984 ante
636 3946 751 3984 eos.
787 3932 855 3984 Et
883 3931 1241 4001 resplenduit
1283 3933 1460 3986 facies
1486 3934 1608 4003 ejus
1634 3934 1778 3988 sicut
1805 3934 1908 4000 sol,
1941 3932 2107 3986 vesti-

483 4026 681 4076 menta
710 4026 902 4077 autem
921 4023 1044 4093 ejus
1070 4024 1220 4078 facta
1250 4028 1381 4078 sunt
1409 4026 1538 4080 alba
1565 4026 1708 4080 sicut
1737 4026 1848 4080 nix.
1878 4027 1945 4080 Et
1983 4041 2111 4079 ecce

485 4119 879 4184 apparuerunt
907 4115 1014 4168 illis
1040 4116 1255 4186 Moyses
1283 4121 1341 4170 et
1378 4117 1566 4172 Helias
1594 4135 1726 4173 cum
1759 4136 1826 4174 eo
1867 4119 2109 4190 loquen-

482 4208 588 4258 tes.
622 4205 998 4276 Respondens
1018 4211 1211 4262 autem
1239 4210 1458 4276 Petrus,
1489 4211 1630 4264 dixit
1655 4211 1728 4265 ad
1765 4213 1977 4266 Jesum.
2009 4218 2114 4272 Do-

483 4297 662 4363 mine,
691 4297 907 4353 bonum
937 4304 1022 4354 est
1049 4317 1153 4355 nos
1182 4301 1271 4356 hic
1303 4317 1445 4357 esse.
1475 4303 1534 4357 Si
1561 4303 1661 4370 vis,
1695 4304 1786 4357 hic
1829 4305 2114 4362 faciamus

485 4389 595 4444 tria
621 4390 1012 4459 tabernacula,
1033 4392 1132 4447 tibi
1160 4410 1355 4460 unum,
1377 4398 1434 4448 et
1449 4395 1620 4466 Moysi
1645 4413 1844 4464 unum,
1863 4401 1920 4451 et
1941 4399 2110 4456 Heliae

483 4499 683 4536 unum.
710 4484 909 4539 Adhuc
923 4502 991 4540 eo
1017 4486 1308 4556 loquente,
1343 4503 1471 4541 ecce
1500 4489 1680 4542 nubes
1701 4490 1889 4544 lucida
1915 4492 2111 4549 obumo

2214 3313 2399 3362 vestra
2429 3325 2600 3378 super
2628 3326 2786 3372 eam;
2826 3309 2872 3362 si
2909 3314 3104 3364 autem
3153 3328 3272 3366 non
3308 3313 3492 3368 fuerit
3522 3317 3755 3389 digna,
3791 3339 3896 3393 pax

2214 3405 2401 3455 vestra
2425 3401 2498 3455 ad
2524 3418 2621 3455 vos
2640 3405 2977 3457 revertatur.
3003 3405 3070 3457 Et
3096 3404 3454 3476 quicumque
3481 3425 3616 3465 non
3647 3429 3896 3487 recepe-

2213 3495 2288 3549 rit
2318 3511 2434 3560 vos,
2467 3511 2653 3564 neque
2696 3495 2943 3549 audierit
2972 3510 3272 3552 sermones
3303 3504 3558 3570 vestros,
3597 3513 3896 3564 exeuntes

2213 3588 2368 3642 foras
2395 3587 2465 3641 de
2495 3587 2670 3642 domo
2692 3589 2776 3642 vel
2799 3587 2870 3642 de
2896 3589 3142 3656 civitate,
3168 3593 3419 3647 excutite
3450 3598 3795 3665 pulverem
3828 3604 3894 3658 de

2213 3680 2453 3751 pedibus
2480 3681 2698 3734 vestris.
2732 3683 2919 3736 Amen
2966 3682 3093 3737 dico
3123 3684 3306 3753 vobis,
3349 3687 3753 3749 tolerabilius
3793 3698 3895 3750 erit

2212 3777 2380 3827 terrae
2415 3773 2800 3828 Sodomorum
2841 3778 2899 3828 et
2935 3775 3390 3834 Gomorreorum
3422 3781 3486 3835 in
3517 3782 3624 3839 die
3654 3787 3891 3858 judicii,

2213 3882 2385 3936 quam
2416 3866 2513 3920 illi.
2549 3867 2655 3932 Qui
2686 3867 2859 3921 habet
2889 3883 3056 3922 aures
3085 3869 3387 3939 audiendi,
3422 3875 3672 3934 audiat.

2819 3980 3019 4020 INCIPIT
3056 3981 3237 4022 MISSA.

2280 4057 2510 4123 Adesto,
2547 4057 2807 4124 Domine,
2831 4059 3348 4129 supplicationibus
3371 4067 3630 4136 nostris,
3659 4077 3728 4128 et
3745 4075 3893 4130 viam

2213 4149 2411 4204 famoli
2435 4151 2516 4204 tui
2547 4150 2626 4203 ill.
2664 4149 2722 4203 in
2755 4151 2936 4204 salute
2968 4154 3026 4204 et
3069 4155 3462 4224 prosperitate
3503 4160 3784 4236 dignare
3823 4169 3896 4223 di-

2210 4243 2419 4314 rigere,
2471 4247 2531 4296 ut
2573 4244 2724 4297 inter
2768 4260 2971 4298 omnes
3017 4245 3147 4300 vita:
3189 4247 3362 4318 hujus
3408 4253 3759 4315 varietates
3800 4267 3892 4316 tuo

2211 4353 2440 4407 semper
2459 4336 2665 4392 auxilio
2688 4340 3046 4408 protegatur.

2884 4430 3154 4480 Collectio.

2279 4508 2510 4575 Exaudi,
2560 4509 2823 4576 Domine,
2862 4526 3212 4580 quaesumus,
3257 4530 3469 4584 preces
3521 4529 3801 4594 nostras,
3841 4535 3890 4582 et

481 4574 668 4692 ξξτδνίί
689 4592 804 4631 θοδ·
931 4594 1060 4692 θξθθ
1097 4596 1198 4681 ν.οΧ
1241 4579 1312 4634 de
1344 4581 1728 4692 ηυῙξξάίθθηῗ
1757 4599 1769 4636 ε
1803 4583 1900 4692 Η.ξο
1931 4589 2017 4687 ξδεί
2055 4587 2112 4640 Π-
2131 4592 2190 4664 D
2212 4601 2554 4673 profectioni
2584 4601 2785 4656 famuli
2923 4602 3002 4657 ill.
3037 4574 3515 4668 misericordiam
3547 4574 3814 4692 ise—dig;

483 4666 592 4721 lius
619 4684 783 4723 meus
817 4669 1078 4738 dilectus,
1121 4671 1178 4726 in
1225 4690 1338 4742 quo
1376 4673 1517 4728 mihi
1557 4676 1898 4746 conplacuit,
1928 4677 2113 4748 ipsum

483 4760 698 4815 audite.
729 4763 796 4815 Et
822 4763 1123 4818 audientes
1164 4765 1422 4836 discipuli
1452 4767 1783 4822 ceciderunt
1809 4769 1866 4822 in
1908 4771 2114 4826 faciem

484 4869 671 4920 suam,
701 4857 759 4908 et
779 4855 1094 4911 timuerunt
1120 4857 1282 4911 valde
1315 4858 1521 4914 timore
1548 4877 1783 4930 magno.
1818 4862 1885 4916 Et
1925 4880 2110 4918 acces-

487 4945 560 4999 sit
582 4947 760 5013 Jesus,
790 4953 847 5002 et
868 4949 1056 5020 tetigit
1087 4967 1204 5018 eos,
1236 4950 1488 5022 dixitque
1521 4953 1640 5008 eis:
1670 4954 1895 5024 Surgite
1922 4959 1979 5010 et
2011 4975 2111 5012 no-

488 5038 585 5094 lite
615 5039 838 5096 timere.
866 5043 1144 5098 Levantes
1173 5047 1370 5098 autem
1402 5046 1616 5113 oculos,
1649 5047 1942 5102 neminem
1965 5049 2116 5104 vide-

481 5135 634 5198 runt,
669 5134 774 5188 nisi
802 5136 986 5190 solum
1012 5139 1225 5193 Iesum.
1265 5139 1334 5191 Et
1370 5138 1852 5194 descendentibus
1905 5141 2011 5196 illis
2041 5144 2112 5197 de

484 5228 702 5292 monte,
737 5229 1008 5299 praecepit
1031 5231 1192 5284 Jesus
1223 5230 1420 5284 dicens
1448 5248 1460 5286 :
1495 5233 1720 5287 Nemini
1750 5233 2004 5288 dixeritis
2032 5236 2108 5290 vi-

487 5315 730 5384 sionem,
759 5318 942 5374 donec
973 5321 1120 5376 filius
1153 5323 1404 5378 hominis
1429 5342 1462 5379 a
1487 5327 1726 5382 mortuis
1749 5333 2028 5398 resurgat.

1091 5441 1288 5480 INCIPIT
1336 5443 1512 5484 MISSA.

557 5507 808 5575 Eterne,
836 5511 1201 5582 omnipotens
1217 5515 1384 5570 Deus.
1409 5516 1516 5580 Qui
1535 5518 1857 5574 universam
1881 5521 1938 5574 in
1961 5522 2111 5592 prin-

486 5604 634 5675 cipio
667 5611 1027 5676 craeaturam,
1058 5611 1240 5666 Verbo
1274 5619 1641 5684 cooperante,
1675 5633 1738 5670 ex
1773 5617 1949 5673 nihilo
1981 5635 2111 5674 con-

550 5729 574 5806 ξ
602 5732 729 5786 Haec
760 5733 926 5806 lectio
955 5736 1109 5788 recte
1139 5738 1404 5792 convenit
1424 5740 1570 5793 festo
1593 5741 1772 5794 sancti
1792 5741 2106 5806 Michaelis;

478 5801 1298 5882 sedquomodoﬁvangelium
1330 5808 1519 5865 eidem
1549 5811 1733 5880 aptari
1767 5814 1960 5881 possit,
1991 5801 2106 5870 non

478 5872 656 5929 facile
686 5874 1045 5948 intelligitur.

2216 4694 2427 4765 ubique
2473 4693 2786 4765 praetende,
2829 4699 2890 4748 ut
2932 4695 2990 4748 in
3051 4698 3324 4754 omnibus
3375 4705 3484 4759 tua
3529 4708 3889 4770 defensione

2208 4787 2494 4858 justorum
2539 4787 2957 4842 desideriorum
3003 4790 3260 4860 potiatur
3308 4794 3669 4874 effectibus,
3725 4813 3790 4863 ut
3829 4810 3890 4863 de

2214 4880 2603 4935 incolomitate
2635 4879 2809 4950 ipsius
2839 4880 3027 4952 adque
3045 4883 3286 4941 victuria
3307 4887 3414 4943 tibi
3435 4893 3720 4956 Domino
3749 4920 3892 4958 sem-

2214 4990 2318 5044 per
2348 4973 2563 5044 gratias
2591 4975 2930 5028 referamus.
2963 4976 3088 5029 Per.

2836 5067 2958 5116 Post
2985 5067 3220 5119 nomina.

2285 5148 2452 5212 Deus,
2478 5145 2973 5218 qui'diligentibus
3004 5151 3058 5200 te
3086 5148 3144 5203 in
3171 5154 3332 5208 nulla
3375 5173 3442 5212 es
3474 5167 3751 5237 regione
3782 5173 3886 5226 ιοη-

2213 5240 2480 5311 ginquus,
2505 5239 2688 5310 dirige
2712 5239 2864 5293 viam
2891 5240 3245 5299 famulorum
3269 5250 3528 5311 tuorum
3561 5260 3654 5317 ill.
3702 5265 3764 5320 in
3800 5283 3884 5319 vo-

2212 5335 2430 5387 luntate
2461 5337 2577 5428 tua,
2627 5335 2690 5428 ut
2718 5335 2772 5386 te
2812 5335 3161 5428 protectore,
3209 5341 3262 5392 te
3301 5340 3458 5400 duce
3493 5366 3620 5421 per
3653 5357 3882 5428 justitiza

2211 5429 2323 5480 tuae
2355 5425 2588 5480 semitas
2617 5425 2738 5478 sine
2764 5423 3083 5480 offensione
3109 5431 3492 5498 gradiantur.

2860 5520 2938 5571 Ad
2977 5535 3182 5585 pacem.

2282 5609 2533 5680 Suscipe,
2575 5605 2836 5673 Domine,
2889 5608 3180 5678 propicius
3225 5619 3586 5685 orationem
3629 5641 3880 5691 nostram

2280 5743 2307 5782 ι)
2333 5743 2431 5826 Hic-
2469 5744 2671 5824 lacuna
2707 5760 2806 5797 seu
2852 5740 3102 5826 spatium
3165 5751 3442 5826 quinque
3493 5780 3785 5826 versuum
3829 5771 3874 5822 in

2210 5815 2522 5886 exemplari
2549 5831 2789 5868 vacuum
2815 5818 2914 5869 est.
