3970 6408
132 389 218 441 537

737 385 1348 442 SACRAMENTARIUM
1385 388 1828 445 GALLICANUM.
1872 419 1938 429 --
1980 392 2347 450 LECTIONES
2382 393 2828 462 QUOTIDIANA‘I.

3359 397 3460 454 538

128 529 218 587 pro
246 511 460 569 famulo
492 516 595 570 tuo
613 513 692 570 ill.
718 515 815 587 qui
843 515 903 571 in
927 517 1102 588 longa
1126 520 1412 602 terrarum
1439 518 1623 590 spatia
1635 518 1734 575 de-
1757 508 1817 584 Α
1835 498 1992 556 νίοίίθ
2017 503 2295 602 eiEi-"lli:
2327 503 2537 602 Piu9_et
2560 504 2846 602 ΡῗοΡίοίιξε
2865 503 3259 602 δοῃωίερταθςυδ
3278 502 3463 562 indu!“

128 608 340 676 tinetur,
367 623 472 678 pro
504 623 622 679 quo
651 608 932 680 Majestati
967 613 1080 664 tua:
1120 611 1402 682 supplices
1441 611 1738 668 fundimus

127 715 322 772 preces,
338 702 402 754 ut
413 699 634 771 dirigas
647 700 698 755 ei
711 703 996 772 Angelum
1009 702 1239 773 pietatis
1249 707 1384 770 tum,
1403 704 1502 775 qui
1514 721 1647 760 eum
1665 705 1738 762 ad

128 792 464 848 domicilium
476 807 648 848 suum
663 795 880 848 salvum
899 797 958 848 et
979 795 1308 850 incolomen
1338 801 1732 867 repraesentet.

761 873 1093 924 Contestatio.

185 958 316 1011 Vere
338 956 586 1028 dignum
613 960 672 1012 et
680 958 900 1028 justum
919 961 1023 1024 est,
1045 941 1412 1030 omnipbfens
1435 962 1602 1015 Deus.
1627 960 1734 1026 Qui

124 1052 446 1122 properante
491 1051 670 1105 Iacob
712 1051 814 1105 sub
852 1051 1139 1106 felicitatis
1188 1053 1375 1121 gratia
1427 1054 1736 1108 commoda

123 1142 321 1198 itenere
347 1141 607 1196 direxisti
631 1160 644 1208 ;
677 1143 882 1214 cuique
910 1146 971 1198 tu
988 1143 1109 1214 ipse
1136 1161 1384 1213 cursum,
1404 1163 1599 1200 curam
1621 1147 1732 1201 sol-

121 1234 574 1306 licitudinemque
589 1251 792 1306 gerere
807 1236 1078 1307 dignatus
1095 1254 1174 1304 es;
1189 1254 1415 1293 necnon
1429 1241 1486 1292 et
1500 1239 1733 1294 Thobiae

121 1327 315 1382 famolo
343 1331 439 1382 tuo
465 1328 747 1398 angelum
773 1331 936 1383 tuum
958 1329 1161 1384 ducem
1181 1331 1456 1401 praevium
1474 1330 1732 1402 praestiti-

121 1420 198 1474 sti.
229 1418 592 1491 Quapropter
616 1421 1102 1492 omnipotentiam
1133 1426 1314 1489 tuam,
1345 1423 1604 1491 Domine,
1631 1424 1732 1478 hu-

121 1512 317 1567 militer
342 1513 723 1583 postolamus,
749 1517 812 1567 ut
839 1513 919 1568 ita
932 1515 1351 1584 profectionem
1379 1516 1728 1571 famolorum

119 1608 328 1659 tuorum
353 1604 610 1676 dirigere
627 1622 726 1660 cos
743 1605 801 1660 in
818 1605 1037 1661 itenere
1065 1611 1122 1662 et
1139 1608 1423 1663 custodire
1442 1607 1726 1679 digneris;

119 1697 368 1769 quatinus
387 1698 614 1752 nullum
636 1697 952 1769 pericolum
971 1699 1262 1770 [sentiant)
1285 1717 1388 1771 per
1413 1701 1593 1772 spatia
1613 1704 1728 1755 ter-

117 1806 313 1858 rarum,
339 1793 438 1844 aut
474 1791 625 1861 juga
670 1791 980 1858 montium,
1024 1793 1109 1846 vel
1145 1797 1462 1863 coangusta
1497 1793 1728 1848 vallium

116 1882 356 1952 vadaque
381 1881 714 1950 ﬂuminum,
737 1900 958 1938 venena
971 1887 1324 1955 serpentum,
1340 1886 1429 1940 vel
1450 1885 1731 1956 impetum

115 1974 426 2042 bestiarum,
443 1978 543 2029 aut
565 1975 912 2030 infestorum
930 1977 1260 2044 hominum;
1284 1977 1383 2032 sed
1404 1977 1508 2032 sub
1529 1977 1614 2031 tui
1634 1994 1733 2032 no-

114 2066 269 2121 minis
279 2067 621 2122 defensione
635 2068 708 2122 ad
721 2069 909 2122 locum
923 2068 1274 2123 destinatum
1292 2069 1648 2139 perveniant,
1675 2072 1732 2123 et

121 2160 370 2230 oportuni
382 2160 920 2230 temporisiteracto
942 2161 1206 2232 repetito,
1227 2161 1300 2216 ad
1312 2161 1547 2232 propria
1563 2161 1726 2217 habi-

112 2253 280 2306 tacula
291 2253 643 2307 revertendo
663 2253 919 2323 suffragii
935 2253 1017 2308 tui
1035 2255 1371 2308 mereantur
1382 2253 1617 2325 adipisci
1640 2271 1732 2308 cu-

113 2343 338 2400 stodiam
354 2361 459 2416 per
470 2345 768 2400 Christum
781 2345 1085 2400 Dominum
1099 2346 1486 2402 nostrum.Cui
1497 2346 1724 2402 merito.

192 2448 344 2489 MISSA
379 2448 652 2496 QUOMODO
693 2448 960 2490 SACERDOS
999 2449 1103 2490 PRO
1141 2451 1202 2488 SE
1238 2450 1414 2490 ORARE
1451 2451 1637 2490 DEBET.

247 2513 473 2575 Epistola
494 2512 684 2563 Jacobi
703 2513 924 2574 apostoli
957 2513 1021 2563 ad
1047 2513 1324 2564 duodecim
1341 2514 1506 2564 tribus
1524 2515 1569 2563 ⁸.

173 2584 384 2638 Fratres
415 2585 534 2639 mei
567 2585 782 2652 dilecti,
807 2585 879 2638 sit
908 2587 1102 2640 autem
1139 2586 1326 2640 omnis
1345 2586 1521 2640 homo
1567 2587 1728 2640 velox

112 2676 174 2730 ad
199 2677 580 2746 audiendum,
611 2677 810 2732 tardus
836 2681 1031 2732 autem
1053 2677 1126 2732 ad
1143 2677 1595 2749 loquendum,'et
1610 2681 1722 2734 tar-

110 2768 202 2822 dus
228 2769 298 2824 ad
325 2770 497 2824 iram.
541 2772 629 2824 Ita
657 2770 813 2824 enim
842 2769 948 2824 viri
973 2770 1258 2840 justitiam
1289 2770 1390 2825 Dei
1436 2787 1552 2825 non
1585 2787 1722 2842 ope-

107 2865 267 2916 ratur.
298 2865 542 2934 Propter
591 2863 747 2933 quod
789 2861 1102 2917 abicientes
1138 2879 1372 2918 omnem
1416 2863 1727 2918 immundi-

107 2952 240 3007 ciam
291 2958 348 3008 et
389 2953 815 3009 abundantiam
861 2954 1118 3020 malitiae,
1175 2955 1232 3008 in
1283 2955 1723 3010 mansuetudine

108 3047 352 3117 suscipite
383 3047 628 3100 insitum
658 3047 917 3113 verbum,
950 3047 1104 3117 quod
1133 3049 1324 3118 potest
1353 3049 1567 3102 salvare
1597 3047 1722 3101 ani-

95 3143 220 3192 'mas
247 3142 490 3194 nostras.
523 3138 584 3194 Si
619 3139 746 3209 quis
772 3142 966 3193 autem
996 3141 1160 3210 putat
1190 3155 1248 3193 se
1275 3139 1611 3210 religiosum
1643 3156 1724 3193 es-

53 4278 94 4309 κ

108 3248 176 3296 se,
199 3235 254 3285 et
276 3249 392 3286 non
428 3233 738 3286 refrenans
785 3231 1044 3302 linguam
1070 3231 1264 3296 'suam,
1299 3232 1400 3286 sed
1449 3231 1724 3286 seducens
1745 3196 1847 3290 Ct

106 3339 192 3378 cor
218 3341 404 3392 suum,
427 3325 606 3395 hujus
630 3340 777 3378 vana
803 3327 891 3377 est
914 3324 1134 3395 religio.
1165 3324 1387 3394 Religio
1417 3323 1637 3378 munda
1665 3327 1724 3378 et

106 3416 461 3473 immacolata
495 3415 652 3488 apud
673 3417 857 3470 Deum
887 3419 944 3471 et
968 3419 1194 3472 Putrem
1213 3416 1334 3470 haec
1361 3420 1464 3483 est,
1494 3415 1720 3471 visitare

106 3509 334 3580 popillos
365 3512 423 3564 et
441 3509 647 3564 viduas
673 3508 730 3562 in
765 3508 1152 3564 tribulatione.

293 3588 470 3639 Lectio
499 3586 669 3636 sancti
697 3586 966 3650 Evangelii
991 3586 1281 3636 secundum
1305 3589 1512 3638 Lucam.

167 3659 297 3723 Quis
326 3677 394 3714 ex
416 3659 582 3714 vobis
611 3659 788 3714 homo
817 3658 914 3730 qui
940 3658 1114 3712 habet
1139 3661 1372 3712 centum
1403 3674 1554 3726 oves,
1592 3663 1650 3713 et
1679 3659 1723 3713 si

107 3751 409 3820 perdiderit
438 3767 620 3805 unam
655 3767 720 3805 ex
757 3751 886 3818 illis,
918 3767 1112 3805 nonne
1140 3749 1377 3804 dimittit
1405 3749 1724 3822 nonaginta

105 3859 296 3898 novem
323 3844 382 3898 in
430 3845 690 3910 deserto,
717 3847 776 3898 et
798 3843 956 3898 vadit
995 3843 1070 3897 ad
1098 3843 1254 3897 illam
1292 3859 1419 3914 quae
1450 3843 1720 3914 perierat,

105 3935 272 3990 donec
301 3936 566 3992 inveniat
587 3935 757 3990 eam?
787 3937 855 3992 Et
887 3951 1019 3990 cum
1065 3935 1350 3990 invenerit
1377 3951 1530 4002 eam,
1561 3935 1726 4007 ponit

103 4027 154 4080 in
177 4029 443 4085 humeros
469 4046 606 4084 suos
630 4029 918 4100 gaudens;
953 4033 1010 4083 et
1032 4028 1267 4083 veniens
1294 4027 1552 4095 domum,
1593 4045 1724 4084 con-

103 4124 255 4175 vocat
273 4122 495 4177 amicos
515 4124 576 4176 et
593 4120 828 4188 vicinos,
850 4121 1047 4176 dicens
1061 4119 1171 4174 illis
1199 4120 1723 4192 :Congratulamini

104 4213 256 4280 mihi,
285 4213 420 4285 quia
463 4213 660 4268 inveni
697 4229 863 4268 ovem
903 4229 1096 4267 meam
1125 4229 1252 4283 quae
1289 4212 1558 4282 perierat.
1589 4213 1721 4268 Dico

102 4305 265 4372 vobis,
299 4307 458 4378 quod
485 4305 565 4360 ita
591 4305 868 4376 gaudium
895 4304 1006 4360 erit
1031 4305 1090 4358 in
1111 4306 1250 4360 caelo
1271 4320 1442 4375 super
1458 4321 1573 4360 uno
1596 4321 1723 4376 pec-

101 4401 280 4452 catore
331 4398 740 4470 paenitentiam
797 4397 1066 4463 habente,
1117 4413 1288 4468 quam
1325 4413 1496 4467 super
1539 4414 1721 4452 nona-

103 4488 253 4558 ginta
279 4507 488 4546 novem
509 4490 700 4562 justis,
725 4490 822 4560 qui
844 4506 962 4545 non
990 4489 1257 4560 indigent
1281 4488 1636 4561 paenitentia.

702 4594 901 4634 INCIPIT
939 4593 1118 4634 MISSA.
1381 4611 1412 4629 ο
1436 4611 1440 4618 ο

165 4658 599 4730 Suppliciterte,
615 4659 764 4713 Deus
783 4660 954 4712 Pater
979 4657 1368 4728 omnipotens,
1382 4655 1478 4728 qui
1492 4673 1552 4710 es
1563 4672 1718 4712 crea-

102 4753 184 4804 tor
203 4752 471 4806 omnium
494 4767 710 4817 rerum,
735 4751 1032 4822 deprecor,
1057 4753 1118 4804 ut
1149 4749 1288 4804 dum
1319 4765 1412 4804 me
1441 4749 1721 4805 famolum

101 4845 250 4898 tuum
264 4861 458 4899 coram
473 4843 896 4915 omnipotentia
907 4842 1226 4914 majestatis
1237 4847 1349 4896 tum
1365 4842 1616 4914 graviter
1629 4841 1724 4896 de-

98 4935 316 5006 liquisse
339 4937 644 5004 confiteor,
673 4953 884 4991 munus
909 4934 1319 4990 misericordiae
1349 4932 1463 4989 tuae
1489 4937 1552 4990 ut
1579 4933 1722 4988 mihi

99 5043 365 5101 porregas
385 5047 399 5085 :
417 5029 693 5101 quatinus
705 5028 842 5084 dum
858 5029 1009 5083 hanc
1034 5026 1384 5083 oblationem
1400 5031 1513 5081 tum
1525 5025 1722 5097 pietati

99 5121 286 5188 offero,
303 5122 463 5194 quod
475 5122 746 5193 nequiter
759 5121 986 5187 admisi,
1003 5119 1452 5176 clementissime
1467 5118 1724 5190 digneris

102 5213 408 5270 absolvere.

764 5282 1034 5334 Collectio.

161 5355 308 5408 Deus
327 5353 762 5420 misericordias,
795 5355 942 5409 Deus
967 5353 1218 5425 pietatis,
1239 5353 1388 5408 Deus
1423 5351 1724 5424 indulgen-

97 5449 201 5515 tiae,
239 5451 507 5522 indulge,
540 5466 755 5522 quaeso,
801 5453 858 5505 et
886 5450 1163 5504 miserere
1188 5448 1305 5504 mei
1338 5465 1351 5503 :
1384 5448 1724 5503 sacriﬁcium

95 5557 335 5614 quoque,
365 5542 526 5616 quod
570 5541 798 5612 pietatis
834 5547 946 5598 tua:
981 5543 1168 5614 gratia
1201 5541 1496 5596 humiliter
1521 5540 1722 5608 offero,

91 5633 333 5708 benigne
351 5635 604 5706 dignare
618 5633 922 5706 suscipere,
947 5639 1005 5690 et
1016 5636 1250 5706 peccata
1261 5649 1389 5704 quae
1403 5631 1727 5688 labentibus

159 5757 180 5786 '
202 5761 493 5815 Incertum
511 5759 603 5813 est
621 5773 694 5811 an
711 5757 797 5813 ha:
819 5758 1116 5814 Lectiones
1136 5759 1262 5814 duae
1277 5757 1352 5812 ad
1369 5755 1722 5828 superiorem

98 5845 164 5883 an
178 5829 248 5884 ad
260 5829 717 5902 subsequentem
729 5829 961 5902 missam
972 5826 1584 5902 pertine_ant.S_ed'quia
1595 5827 1727 5902 mis-

99 5916 212 5954 sam
228 5903 416 5956 solent
424 5895 760 5984 praecedere
771 5895 1277 5972 Lectiones,potius
1293 5898 1367 5954 ad
1375 5895 1723 5972 _sequentem

1835 609 1992 664 geas,
2021 598 2080 650 et
2097 595 2288 651 locum
2322 597 2668 668 panitentiaa
2699 615 2763 653 ac
2793 598 3035 654 ﬂumina
3065 599 3457 664 lacrimarum,

1835 703 2166 743 concessam
2196 689 2448 758 veniam,
2480 694 2590 745 ate
2623 707 2851 746 merear
2882 691 3164 763 accipere.

2459 793 2582 843 Post
2612 793 2840 844 nomina.

1906 875 2074 942 Deus,
2103 876 2200 946 qui
2229 875 2486 932 vivorum
2526 893 2586 932 es
2616 878 2862 934 salvator
2889 879 3174 945 omnium,
3202 879 3301 950 qui
3341 895 3456 935 non

1834 966 1915 1020 vis
1942 971 2185 1023 mortem
2216 970 2532 1040 peccatoris
2556 987 2663 1026 nec
2689 971 2901 1026 laetaris
2916 971 2976 1026 in
2999 971 3320 1044 perditione
3339 988 3466 1032 mox

1835 1059 2128 1130 rientium,
2156 1065 2213 1116 te
2244 1063 2573 1134 suppliciter
2601 1065 2900 1135 deprecor,
2933 1067 2996 1119 ut
3021 1065 3302 1120 concedas
3315 1063 3458 1120 mihi

1835 1153 2062 1207 veniam
2087 1153 2442 1224 delictorum,
2475 1160 2539 1210 ut
2557 1156 2806 1211 admissa
2827 1157 3096 1225 deﬂeam,
3129 1161 3188 1212 et
3211 1157 3270 1212 in
3309 1160 3460 1228 post-

1832 1245 2066 1300 modum
2101 1263 2216 1302 non
2241 1247 2585 1314 admittam;
2619 1251 2678 1303 et
2706 1265 2838 1304 cum
2875 1249 3017 1304 mihi
3044 1253 3301 1306 extrema
3339 1249 3458 1306 dies

1830 1338 2076 1408 ﬁnisque
2101 1339 2229 1393 vita!
2273 1340 2590 1408 advenerit,
2633 1343 2960 1397 emundatis
3003 1342 3224 1398 delictis
3269 1343 3456 1399 omni-

1830 1431 1954 1497 bus,
1982 1447 2075 1486 me
2103 1433 2342 1502 angelus
2374 1433 2688 1489 sanctitatis
2725 1434 3012 1507 suscipiat.
3043 1437 3170 1491 Per.

2496 1543 2574 1594 Ad
2594 1557 2797 1595 pacem.

2496 1558 2574 1594 Λα
2629 1558 2797 1595 acem.

1891 1625 2038 1679 Deus
2066 1625 2320 1680 caritatis
2342 1631 2400 1682 et
2418 1558 2724 1700 pacis,pqui
2751 1645 2855 1700 pro
2885 1630 3067 1684 salute
3088 1629 3321 1700 generis
3344 1629 3454 1685 hu-

1829 1717 1985 1771 mani
2000 1717 2179 1773 crucis
2194 1719 2513 1789 patibolum
2535 1721 2836 1792 pertulisti,
2861 1725 2918 1776 et
2938 1722 3277 1794 sanguinem
3287 1725 3452 1777 tuum

1829 1825 1932 1879 pro
1962 1809 2360 1882 redemptione
2388 1817 2585 1868 nostra
2613 1814 2829 1882 fudisti,
2860 1830 3060 1886 preces
3086 1817 3310 1870 nostras
3327 1815 3450 1886 pla-

1831 1904 1988 1955 catus
2008 1905 2066 1956 et
2093 1902 2377 1974 benignus
2404 1905 2622 1976 suscipe
2647 1923 2660 1972 ;
2689 1910 2747 1961 et
2775 1908 2883 1961 hoc
2903 1907 3265 1974 sacriﬁcium,
3299 1905 3454 1978 quod

1830 1997 1944 2048 tua:
1979 1995 2180 2063 gratiae
2209 1995 2408 2064 offero,
2439 2014 2643 2053 sereno
2671 2000 2828 2053 vultu
2860 1999 3114 2070 digneris
3146 1999 3450 2070 respicere,

1831 2088 1890 2138 et
1926 2085 2377 2142 misericordiam
2406 2093 2568 2144 tuam
2601 2089 2741 2144 mihi
2767 2091 3048 2146 concedas
3077 2107 3091 2156 ;
3121 2094 3183 2144 ut
3219 2091 3452 2162 quando

1830 2177 1901 2231 de
1941 2194 2180 2249 corpore
2226 2196 2324 2234 me
2371 2181 2524 2236 exire
2548 2182 2807 2253 jusseris,
2841 2199 2974 2254 pars
3016 2182 3215 2254 iniqua
3253 2183 3312 2237 in
3357 2198 3452 2237 me

1830 2285 1947 2325 non
1973 2270 2185 2325 habeat
2208 2275 2577 2342 potestatem,
2599 2275 2702 2329 sed
2727 2276 2968 2346 angelus
2990 2278 3121 2330 tuus
3148 2275 3301 2330 inter
3320 2291 3450 2330 san-

1829 2365 1948 2416 ctos
1987 2365 2044 2416 et
2073 2363 2284 2418 electos
2313 2367 2593 2434 conlocet,
2635 2367 2734 2422 ubi
2773 2369 2865 2422 lux
2907 2369 3232 2438 permanet,
3260 2369 3318 2422 et
3337 2365 3450 2421 vita

1829 2456 2034 2524 regnat
2063 2453 2121 2508 in
2142 2457 2344 2511 saecula
2369 2458 2726 2513 saeculorum.

2461 2557 2794 2608 Contestatio.

1897 2639 2038 2693 Vere
2067 2639 2306 2710 dignum
2329 2644 2387 2695 et
2394 2641 2617 2712 justum
2637 2645 2742 2709 est,
2766 2641 3130 2714 omnipotens
3154 2643 3318 2709 Deus,
3347 2658 3451 2713 per

1823 2731 2112 2786 Christum
2133 2733 2438 2788 Dominum
2457 2737 2736 2788 nostrum.
2771 2734 2881 2799 Qui
2905 2751 3007 2806 pro
3034 2751 3229 2790 amore
3261 2735 3448 2789 homi-

1825 2840 1965 2878 num
1986 2825 2167 2880 factus
2187 2825 2246 2879 in
2277 2825 2714 2882 similitudinem
2747 2827 2986 2898 peccati,
3018 2828 3266 2882 formam
3305 2827 3449 2882 servi

1823 2917 2102 2972 Dominus
2126 2918 2514 2989 adsumpsitet
2533 2919 2783 2990 speciem
2804 2937 2817 2974 :
2837 2921 3167 2975 vulneratus
3194 2919 3450 2976 medicus

1823 3009 2154 3076 ambolavit,
2178 3009 2268 3064 hic
2287 3011 2451 3066 nobis
2467 3011 2734 3067 dominus
2751 3015 2809 3066 et
2834 3012 3096 3066 minister
3117 3012 3330 3078 salutis,
3355 3012 3450 3068 ad-

1822 3105 2070 3170 vocatus,
2097 3102 2297 3172 judex,
2342 3105 2627 3171 sacerdos,
2669 3109 2726 3159 et
2762 3104 3121 3160 sacrificium.
3154 3106 3262 3160 Per
3297 3105 3449 3160 hunc
3477 3095 3490 3107 ’

1851 3209 1901 3259 e,
1928 3196 2120 3248 sancte
2146 3196 2332 3263 Pater,
2375 3196 2704 3268 suppliciter
2737 3213 2928 3264 exoro,
2958 3200 3022 3252 ut
3057 3197 3196 3251 dum
3227 3199 3451 3252 reatum

1823 3285 2184 3341 conscientia)
2222 3304 2367 3342 mea:
2403 3305 2776 3360 recognosco,
2805 3293 2865 3344 et
2902 3289 2960 3344 in
2999 3290 3299 3360 praeceptis
3335 3289 3451 3344 tuis

1821 3379 2224 3450 praevaricator
2234 3381 2542 3452 perstiti,et
2552 3399 2655 3452 per
2667 3382 3006 3437 delictorum
3020 3381 3239 3437 facinus
3249 3382 3454 3438 conrui

1823 3471 1882 3525 in
1910 3471 2096 3539 ruina,
2119 3475 2181 3526 tu
2201 3489 2316 3541 me,
2343 3473 2605 3541 Domine,
2629 3474 2788 3545 erige
2811 3474 3033 3541 elisum,
3063 3490 3236 3544 quem
3260 3476 3450 3546 lapsus

1822 3564 2042 3634 peccati
2055 3565 2386 3634 prostravit:
2403 3565 2682 3621 inlumina
2694 3583 2932 3634 caecum,
2947 3583 3123 3638 quem
3135 3570 3302 3621 terra:
3315 3583 3443 3638 pec-

1823 3659 2082 3711 catorum
2095 3658 2368 3728 caligines
2380 3658 2826 3713 obscuraverunt
2840 3676 2852 3726 ;
2873 3660 3022 3714 solve
3036 3659 3423 3730 compeditum
3432 3700 3447 3726 ,

1824 3765 1995 3820 quem
2021 3748 2243 3805 vincola
2268 3755 2636 3821 peccatorum
2667 3751 3084 3822 constringunt.
3109 3754 3320 3807 Praesta
3345 3767 3450 3823 per

1823 3843 2083 3896 sanctum
2111 3846 2169 3896 et
2183 3843 2496 3914 gloriosum
2530 3848 2588 3898 et
2622 3844 2981 3900 adorandum
3014 3843 3320 3900 Dominum
3349 3861 3450 3900 no-

1823 3937 2006 3989 strum
2029 3937 2220 3991 Jesum
2247 3935 2534 3990 Christum
2564 3936 2766 3991 Filium
2792 3939 2976 4007 tuum,
3001 3953 3177 4008 quem
3207 3935 3448 3991 laudant

1823 4027 2198 4099 angeliatque
2226 4027 2579 4100 archangeli,
2598 4029 2872 4084 cherubin
2892 4045 3120 4102 quoque
3139 4045 3204 4084 ac
3219 4029 3446 4084 seraﬁn.

2386 4165 2540 4207 MISSA
2569 4166 2879 4208 OMNIMODA.

1969 4239 2199 4303 Epistola
2219 4241 2401 4291 Jacobi
2419 4242 2640 4306 apostoli
2662 4243 2728 4292 ad
2753 4242 3031 4294 duodecim
3061 4243 3226 4294 tribus
3249 4244 3295 4294 b.

1893 4325 2134 4391 Fratres,
2151 4324 2197 4378 si
2215 4324 2525 4381 dixerimus
2547 4327 2680 4398 quia
2695 4329 2994 4399 peccatum
3008 4343 3124 4382 non
3147 4328 3446 4383 habemus.

1821 4417 1931 4490 ipsi
1957 4433 2061 4472 nos
2106 4417 2451 4485 seducimus,
2485 4422 2543 4473 et
2572 4419 2782 4474 veritas
2823 4419 2882 4473 in
2916 4419 3080 4474 nobis
3105 4435 3221 4474 non
3257 4423 3360 4474 est.
3391 4420 3451 4476 Si

1821 4515 2014 4566 autem
2031 4511 2274 4568 confessi
2297 4511 2576 4566 fuerimus
2595 4513 2832 4581 peccata
2852 4513 3068 4577 nostra,
3086 4510 3270 4565 ﬁdelis
3289 4514 3375 4565 est
3392 4515 3450 4566 et

1739 4571 1800 4644 Β
1813 4603 2000 4674 justus
2011 4602 2427 4672 Dominus,'qui
2449 4571 2614 4656 nobis
2630 4604 2866 4672 peccata
2879 4571 3149 4668 dimittat,
3166 4605 3224 4656 et
3245 4618 3446 4657 emun-

1823 4696 1920 4750 det
1952 4713 2056 4752 nos
2081 4697 2152 4751 ab
2191 4695 2351 4750 omni
2378 4694 2702 4766 iniquitate.
2732 4693 2845 4750 Sed
2877 4693 2919 4748 si
2955 4694 3082 4765 quis
3111 4694 3444 4765 peccaverit,

1821 4788 2162 4844 advocatum
2192 4787 2471 4842 habemus
2488 4786 2640 4858 apud
2660 4788 2890 4842 Patrem
2909 4788 2938 4842 J
2942 4803 3102 4841 esum
3123 4786 3406 4842 Christum
3433 4803 3446 4841 :

1823 4885 1880 4935 et
1905 4881 2024 4953 ipse
2051 4883 2136 4936 est
2160 4879 2497 4953 propiciatio
2519 4891 2623 4951 pro
2645 4879 2891 4951 peccatis
2919 4878 3127 4934 nostris
3150 4895 3163 4944 ;
3193 4895 3309 4933 non
3343 4895 3447 4950 pro

1822 4974 2031 5030 nostris
2055 4977 2248 5029 autem
2269 4977 2515 5040 tantum,
2545 4973 2645 5028 sed
2681 4972 2856 5027 etiam
2878 4988 2980 5043 pro
3009 4971 3182 5026 totius
3217 4971 3444 5027 mundi.

1821 5068 1890 5121 Et
1911 5067 1970 5122 in
2001 5067 2110 5122 hoc
2137 5067 2344 5122 scimus
2357 5065 2630 5137 quoniam
2653 5063 3023 5136 cognovimus
3043 5081 3200 5128 eum,
3225 5063 3447 5120 siman-

1823 5159 1958 5214 data
1984 5159 2106 5230 ejus
2131 5159 2516 5214 observemus.
2540 5157 2598 5214 Si
2631 5157 2756 5228 quis
2781 5157 2918 5212 dicit
2955 5173 3014 5211 se
3047 5173 3216 5212 nosse
3246 5159 3446 5224 Deum,

1823 5255 1882 5306 et
1905 5251 2182 5307 mandata
2207 5251 2330 5322 ejus
2356 5267 2473 5306 non
2512 5249 2777 5316 custodit,
2817 5249 3067 5304 mendax
3101 5252 3216 5317 est;
3252 5250 3313 5306 in
3338 5250 3449 5306 hoc

1821 5343 2030 5399 veritas
2051 5360 2166 5398 non
2187 5346 2291 5398 est.
2325 5343 2435 5408 Qui
2455 5345 2647 5398 autem
2677 5346 2864 5397 servat
2881 5342 3121 5398 verbum
3152 5343 3294 5415 ejus,
3317 5359 3448 5399 vere

1823 5437 1882 5490 in
1908 5453 1977 5492 eo
2001 5435 2206 5491 caritas
2235 5435 2336 5490 Dei
2363 5435 2617 5507 perfecta
2643 5437 2729 5489 est
2747 5434 2806 5488 in
2832 5435 3053 5491 Christo
3081 5437 3231 5491 Jesu.

1983 5544 2154 5596 Lectio
2187 5545 2350 5596 sancti
2381 5544 2647 5610 Evangelii
2669 5545 2956 5597 secundum
2974 5546 3292 5600 Mattba'um.

1895 5629 2104 5685 Diebus
2131 5629 2241 5685 illis
2268 5646 2398 5686 cum
2408 5629 2678 5686 transiret
2692 5630 2970 5686 Dominus
2986 5633 3014 5687 J
3019 5647 3166 5699 esus,
3183 5629 3323 5686 vidit
3340 5630 3442 5684 ho-

1825 5769 2176 5826 revocamus,
2208 5770 2541 5826 quanquam
2564 5755 2624 5810 in
2658 5755 2845 5811 missis
2873 5753 3310 5826 dominicalibus
3335 5752 3436 5826 ξιο-

1826 5825 2042 5898 ctiones
2063 5820 2312 5898 secun'do
2340 5820 2462 5880 loco
2489 5829 2619 5898 post
2637 5827 2870 5881 missam
2901 5825 3099 5897 posits:
3115 5823 3246 5877 sunt
3265 5820 3436 5874 infra.

1895 5896 1922 5936 ιι
1951 5897 2070 5950 [mo
2095 5895 2330 5952 Joannis
2351 5895 2592 5969 apostoli
2623 5897 2826 5968 prima.
