3970 6410
475 375 575 430 339

1334 379 1664 438 APPENDIX
1701 380 1788 436 AD
1823 379 2042 436 OPERA
2081 379 2134 434 S.
2174 378 2470 436 GERMANI
2509 379 2934 438 PARISIENSIS.

3740 381 3856 436 540

471 488 691 546 minem
709 488 736 518 ⁸
766 488 1062 547 sedentem
1092 487 1152 546 in
1188 488 1439 561 teloneo,
1465 490 1795 548 Mattheum
1827 487 2084 558 nomine,
2108 498 2168 572 Α
2188 491 2366 546 stram
2396 487 2659 547 omnium
2697 487 3085 546 humilitatem
3119 483 3410 556 intendas,
3452 484 3723 546 crimina
3754 502 3854 544 re-

470 582 552 638 ait
575 581 655 638 illi
686 598 700 638 :
733 583 984 654 Sequere
1010 599 1126 639 me.
1155 585 1224 640 Et
1259 601 1500 657 surgens
1545 587 1770 640 secutus
1811 585 1898 638 est
1931 597 2083 639 eum.

368 676 372 680 “
469 676 702 731 Factum
721 679 808 732 est
833 693 960 732 cum
978 678 1342 734 accumberet
1363 679 1634 734 Dominus
1651 679 1812 734 Jesus
1831 677 1890 732 in
1913 676 2088 732 domo

469 768 634 837 illius,
661 770 826 825 multi
857 771 1142 843 publicani
1173 775 1233 826 et
1273 775 1602 844 peccatores
1633 771 1799 826 simul
1840 769 2087 824 discum-

467 860 682 918 bebant
699 879 830 918 cum
847 865 976 920 Jesu
999 867 1056 918 et
1077 864 1366 936 discipulis
1387 864 1526 935 ejus.
1551 866 1727 918 Erant
1747 862 1903 918 enim
1922 861 2090 917 multi

467 954 565 1026 qui
595 958 654 1010 et
673 957 1060 1028 sequebantur
1089 974 1240 1012 eum.
1269 959 1338 1012 Et
1365 957 1574 1012 Scriba:
1610 961 1669 1011 et
1707 955 1977 1012 Pharisaei
2006 957 2084 1010 vi-

467 1047 670 1104 dentes
698 1049 832 1120 quia
857 1051 1232 1105 manducaret
1259 1067 1389 1106 cum
1409 1049 1805 1122 peccatoribus
1831 1052 1889 1103 et
1908 1048 2090 1121 publi-

468 1140 642 1214 canis,
668 1141 935 1198 dicebant
963 1143 1254 1214 discipulis
1274 1143 1396 1215 ejus
1423 1159 1436 1198 :
1469 1144 1657 1208 Quare
1678 1158 1808 1198 cum
1840 1142 2090 1213 publica-

466 1233 555 1290 nis
575 1238 634 1289 et
660 1234 1050 1306 peccatoribus
1068 1237 1381 1292 manducat
1406 1236 1684 1307 magister
1710 1238 1896 1289 vester
1917 1234 1946 1290 ‘I
1971 1236 2087 1290 Hoc

465 1326 682 1395 audito,
702 1329 860 1382 Iesus
889 1329 969 1383 ait
999 1329 1140 1384 illis:
1163 1331 1287 1385 Non
1319 1345 1546 1386 necesse
1569 1329 1786 1383 habent
1815 1326 1940 1382 sani
1969 1343 2086 1382 me-

466 1418 680 1487 dicum,
712 1421 813 1475 sed
842 1421 940 1492 qui
967 1423 1116 1478 male
1145 1422 1381 1478 habent.
1401 1424 1524 1478 Non
1551 1421 1706 1476 enim
1728 1420 1858 1476 veni
1882 1435 2084 1476 vocare

459 1511 662 1584 justos,
691 1513 791 1569 sed
821 1517 1171 1587 peccatores.

1070 1620 1272 1661 INCIPIT
1301 1619 1478 1660 ﬂlSSA.

535 1683 910 1756 Omnipotens
954 1688 1168 1741 aeterne
1207 1687 1375 1750 Deus,
1417 1689 1530 1740 tum
1571 1683 1767 1756 glorias
1805 1682 2084 1754 pietatem
2149 1737 2158 1744 ,

465 1776 703 1849 supplici
737 1777 1040 1834 devotione
1079 1779 1345 1850 deposco,
1393 1781 1456 1832 ut
1492 1777 1754 1833 omnium
1793 1776 2081 1830 malorum

464 1884 728 1926 meorum
745 1871 971 1927 vincula
998 1873 1200 1939 solvas,
1223 1871 1555 1941 cunctisque
1576 1870 1720 1925 meis
1749 1867 2086 1923 criminibus
2105 1865 2162 1936 Β

465 1965 637 2032 atque
668 1964 914 2034 peccatis
939 1965 1258 2019 clementer
1282 1964 1576 2032 ignoscas;
1597 1966 1658 2017 ut
1672 1961 1806 2033 quia
1820 1977 1917 2015 me
1943 1959 2089 2014 indi-

465 2069 647 2123 gnum
679 2057 737 2108 et
764 2059 1127 2126 peccatorem
1157 2055 1229 2110 ad
1255 2054 1642 2110 ministerium
1682 2057 1846 2108 tuum
1880 2067 2086 2107 vocare

467 2145 736 2216 dignatus
747 2163 828 2215 es,
851 2147 929 2202 sic
949 2164 1046 2202 me
1067 2145 1340 2202 idoneum
1367 2147 1472 2202 tibi
1497 2146 1830 2201 ministrum
1852 2145 2084 2210 efﬁcias,

468 2240 530 2292 ut
557 2239 894 2295 sacriﬁcium
922 2241 993 2295 de
1025 2241 1294 2295 manibus
1329 2240 1472 2294 meis
1502 2239 1708 2311 placite
1736 2255 1802 2293 ac
1834 2236 2084 2308 benigne

467 2331 764 2402 suscipias;
789 2333 1103 2388 electorum
1133 2334 1496 2389 sacerdotum
1519 2349 1613 2386 me
1642 2331 1979 2402 participem
2007 2330 2086 2384 fa-

465 2423 598 2492 cias,
619 2429 677 2480 et
697 2425 766 2480 de
778 2427 1076 2500 praeceptis
1089 2427 1199 2516 tuis
1214 2427 1275 2516 in
1297 2427 1454 2516 nullo
1476 2426 1744 2480 aberrare
1763 2423 2082 2495 permittas.

532 2575 816 2644 Adtende,
844 2576 1108 2645 Domine,
1133 2505 1421 2650 5:323:33},
1445 2592 1591 2631 mete
1617 2573 1902 2630 servitutis
1929 2574 2087 2628 obse-

463 2667 1034 2742 quium,etmiserere
1046 2669 1309 2725 fidelibus
1321 2669 1552 2725 famulis
1563 2667 1676 2723 tuis
1690 2668 1859 2734 ill.;ut
1871 2665 2088 2722 cunctis

462 2777 662 2816 eorum
688 2763 995 2818 sceleribus
1016 2763 1345 2835 amputatis,
1360 2763 1440 2817 ita
1467 2761 1583 2816 sint
1597 2764 1708 2816 tuae
1729 2758 2085 2815 miserationi

465 2853 798 2909 defensione
819 2854 1080 2926 protecti,
1105 2855 1234 2910 utin
1259 2853 1654 2910 observatione
1679 2852 2085 2906 mandatorum

462 2949 693 3002 tuorum
719 2950 1050 3002 mereantur
1080 2964 1202 3001 esse
1225 2947 1460 3019 perfecti
1493 2964 1506 3000 :
1534 2945 1802 3017 quatinus
1821 2948 1878 2997 et
1901 2943 1960 2998 in
1981 2945 2088 2998 hac

460 3039 575 3093 vita
607 3039 868 3094 universa
896 3039 1151 3094 facinora
1181 3042 1437 3106 caveant,
1472 3041 1528 3092 et
1553 3040 1687 3092 ante
1717 3039 2086 3108 conspectum

461 3131 658 3202 gloriae
683 3135 796 3186 tum
827 3132 1174 3204 quandoque
1208 3133 1328 3186 sine
1355 3131 1692 3186 confusione
1727 3129 2084 3202 perveniant.

1091 3213 1214 3260 Post
1237 3210 1466 3260 nomine.

532 3281 758 3352 Accipe,
787 3282 936 3337 Deus
951 3281 1226 3354 piissime,
1250 3285 1480 3336 tuorum
1503 3280 1821 3352 supplicum
1847 3283 1998 3346 vota,
2030 3281 2088 3333 et

464 3375 700 3430 nomina
716 3390 843 3445 quae
857 3378 955 3430 tuo
973 3391 1165 3430 coram
1184 3374 1386 3430 altario
1401 3373 1681 3444 conspicis
1701 3371 2006 3438 recenseri,
2028 3371 2084 3424 in

462 3471 678 3522 aeterno
699 3467 827 3522 vitm
848 3467 993 3522 libro
1015 3467 1330 3523 conscribe.
1354 3466 1617 3522 Concede
1639 3465 1816 3520 etiam
1839 3464 1980 3519 mihi
2004 3463 2086 3517 in-

462 3560 638 3631 digno
654 3563 712 3614 et
722 3560 1006 3628 omnibus,
1021 3576 1125 3632 pro
1139 3560 1343 3632 quibus
1354 3564 1408 3614 te
1432 3560 1664 3630 supplex
1681 3559 1905 3630 postulo
1923 3574 1936 3612 :
1961 3573 2086 3628 per-

461 3657 693 3725 petuam
715 3655 976 3725 requiem
1018 3653 1206 3709 tribue
1243 3654 1590 3708 famulorum
1617 3656 1848 3707 tuorum
1875 3650 1978 3716 ill.,
1997 3651 2083 3704 vel

459 3747 716 3801 omnium
730 3747 986 3802 fidelium
1009 3747 1433 3813 defunctorum,
1450 3749 1510 3800 ut
1524 3745 1580 3800 in
1602 3745 1846 3799 Abrahae
1861 3743 2084 3814 gremio

458 3839 756 3906 conlocati,
785 3839 897 3894 illic
911 3845 1106 3910 pcenas
1123 3839 1369 3894 evadant
1385 3839 1704 3893 inferorum
1722 3841 1779 3891 et
1799 3851 2081 3892 resurrec-

461 3931 630 3986 tionis
641 3936 903 4004 tempore
917 3933 1154 3988 coetibus
1165 3948 1264 3986 eos
1283 3931 1488 3985 sociari
1492 3930 1699 4001 jubeas
1721 3930 2080 4000 angelorum.

1118 4011 1196 4061 Ad
1219 4023 1423 4073 pacem.

533 4085 700 4149 Deus,
721 4082 819 4153 qui
831 4082 1082 4137 caritatis
1098 4099 1158 4136 es
1173 4086 1390 4150 auctor,
1407 4084 1465 4136 et
1483 4096 1640 4154 purae
1659 4079 1815 4151 pacis
1832 4095 1897 4133 ac
1911 4079 2081 4133 dilec-

460 4175 632 4230 tionis
643 4176 890 4241 amator,
906 4175 1126 4246 suscipe
1141 4173 1502 4229 offerentium
1515 4171 1886 4238 oblationem,
1901 4174 1958 4226 et
1969 4187 2086 4226 om-

463 4267 624 4322 nium
658 4267 1019 4323 infirmorum
1041 4267 1493 4323 Christianoram
1507 4263 2081 4334 sanalanguoresill.,

461 4377 572 4431 quo
602 4363 655 4414 te
679 4359 1002 4414 medicante
1027 4361 1267 4414 salutem
1292 4358 1588 4430 recipiant,
1622 4360 1680 4412 et
1714 4357 1827 4411 tuis
1855 4373 2086 4428 semper

460 4453 580 4508 sani
587 4451 941 4524 jussionibus
952 4455 1288 4524 appareant.
1307 4451 1365 4506 ld
1387 4451 1634 4523 denique
1649 4449 1924 4506 obnoxius
1936 4466 2085 4522 qum-

458 4563 540 4614 so,
556 4548 618 4600 ut
633 4561 836 4601 omnes
847 4548 1004 4600 metu
1017 4545 1265 4613 territos,
1286 4545 1481 4616 inopia
1494 4543 1754 4610 afﬂictos,
1768 4542 2082 4597 tribulatio-
2099 4581 2158 4654 D

459 4656 531 4693 ne
542 4642 792 4708 vexatos,
813 4638 1027 4694 morbis
1039 4639 1292 4706 obrutos,
1308 4637 1596 4709 suppliciis
1609 4635 1852 4706 deditos,
1875 4635 2079 4690 debitis

459 4731 760 4804 obligatos,
785 4731 845 4786 in
875 4731 1199 4803 captivitate
1223 4735 1280 4786 et
1300 4729 1766 4802 peregrinatione
1801 4729 2080 4784 constitu-

460 4830 566 4892 tos,
581 4827 813 4879 cunctos
827 4823 1186 4894 indulgentia
1197 4827 1309 4877 tuae
1321 4822 1550 4894 pietatis
1562 4821 1835 4888 absolvat,
1853 4837 2080 4875 morum

460 4916 865 4973 emendatione
906 4918 1138 4984 relevet,
1165 4920 1222 4970 et
1246 4915 1536 4970 miseratio
1573 4913 1911 4986 quotidiana
1944 4929 2080 4968 con-

459 5011 666 5066 foveat.

1105 5077 1438 5130 Contestatio.

529 5152 672 5205 Vere
701 5150 942 5221 dignum
965 5153 1023 5205 et
1034 5151 1252 5222 justum
1270 5153 1373 5218 est,
1401 5148 1770 5220 omnipotens
1795 5147 1962 5214 Deus,
1979 5163 2084 5218 per

461 5243 747 5298 Christum
775 5242 1081 5298 Dominum
1111 5247 1392 5298 nostrum.
1423 5245 1633 5296 Verum
1662 5239 1996 5312 pontiﬁcem
2025 5243 2084 5294 et

461 5337 645 5389 solum
661 5335 782 5389 sine
801 5335 1017 5406 peccati
1033 5338 1256 5391 macula
1276 5335 1632 5392 sacerdotem
1649 5351 1662 5401 ;
1686 5349 1790 5405 per
1811 5347 1984 5404 quem
2000 5334 2080 5398 te,

462 5431 676 5483 aeterne
704 5431 872 5484 Pater
901 5431 956 5483 et
984 5429 1247 5499 Domine,
1277 5428 1614 5484 omnimoda
1632 5425 1954 5481 intentione
1981 5424 2080 5479 de-

460 5538 654 5592 posco,
686 5525 748 5576 ut
773 5521 1126 5577 oblationem
1156 5523 1326 5588 hanc,
1355 5537 1528 5592 quam
1556 5535 1662 5590 pro
1697 5518 1930 5573 famulis
1973 5516 2083 5570 tuis

461 5614 754 5670 offerimus
781 5615 884 5682 ill.,
914 5615 1167 5685 benigne
1200 5613 1493 5684 suscipias,
1527 5610 1933 5681 aegrotantium
1959 5627 2080 5665 me-

461 5709 671 5764 dellam
696 5707 956 5764 sanitatis
985 5706 1305 5776 impertias,
1333 5707 1522 5761 locum
1553 5701 1694 5758 lucis
1719 5704 1776 5758 et
1798 5702 2084 5776 refrigerii

461 5801 764 5856 animabus
792 5800 1195 5854 defunctorum
1225 5797 1282 5852 in
1308 5814 1450 5868 pace
1476 5794 1691 5851 vocatis
1722 5794 1958 5862 tribuas,
1986 5813 2084 5851 no-

530 5915 554 5944 '
583 5913 766 5986 Super
795 5914 944 5968 hanc
972 5927 1169 5969 vocem
1195 5911 1404 5984 legitur
1426 5911 1588 5970 Levin
1612 5909 1784 5979 Alfei.

2188 584 2340 640 laxes
2371 587 2430 639 et
2451 587 2686 655 peccata
2715 581 3001 650 dimittas;
3029 583 3318 654 simulque
3350 581 3629 639 oratione
3665 597 3852 638 exau-

2189 677 2330 744 dias,
2361 680 2419 732 et
2443 677 2653 749 ubique
2683 694 2790 732 nos
2817 676 3180 749 protegendo
3210 677 3504 733 custodias
3540 693 3555 731 :
3592 678 3667 732 ut
3695 677 3856 732 eruti

2188 770 2622 826 adversitatibus
2641 770 2862 838 mundi,
2895 770 2986 826 hic
3017 773 3076 826 et
3103 771 3163 826 in
3191 773 3479 826 aeternum
3511 767 3859 826 sanctiﬁca-

2187 863 2250 930 ti,
2281 867 2337 918 te
2367 863 2782 920 incessabiliter
2811 879 2942 918 cum
2965 863 3184 934 angelis
3210 867 3269 920 et
3288 862 3677 935 archangelis
3706 878 3853 920 cou-

2187 957 2486 1013 laudemus
2506 957 2586 1013 ita
2613 957 2886 1026 dicentes,
2908 958 3168 1014 Sanctus.

2793 1073 2951 1114 MISSA
2990 1073 3178 1114 γοτινΑ
3188 1099 3200 1112 .

2476 1134 2702 1198 Epistola
2735 1137 2878 1187 Pauli
2903 1137 3123 1200 apostoli
3146 1136 3213 1187 ad
3236 1137 3526 1186 Romanos.

2258 1209 2499 1275 Fratres,
2515 1209 2750 1264 obsecro
2771 1225 2869 1264 vos
2885 1225 2989 1280 per
3008 1209 3321 1264 Dominum
3345 1212 3626 1264 nostrum
3641 1210 3670 1265 J
3677 1225 3855 1265 esum

2185 1301 2471 1356 Christum
2503 1305 2562 1356 et
2587 1318 2692 1372 per
2713 1302 3012 1356 caritatem
3035 1302 3280 1373 Spiritus
3307 1302 3520 1368 sancti,
3557 1305 3628 1357 ut
3673 1301 3853 1373 adju-

2185 1393 2325 1450 vetis
2349 1411 2443 1448 me
2467 1394 2525 1449 in
2557 1395 2912 1450 orationibus
2941 1411 3046 1466 pro
3075 1412 3169 1450 me
3198 1395 3273 1450 ad
3297 1396 3657 1463 Dominum,
3692 1399 3762 1450 ut
3793 1396 3862 1450 li-

2183 1487 2351 1542 berer
2375 1487 2447 1542 ab
2468 1487 2792 1542 infidelibus
2821 1488 2920 1559 qui
2945 1493 3080 1542 sunt
3117 1489 3175 1543 in
3208 1487 3431 1556 Judma,
3464 1491 3529 1543 et
3571 1489 3857 1560 obsequii

2183 1580 2297 1634 mei
2319 1579 2552 1647 oblatio,
2579 1583 2812 1652 accepta
2829 1581 2931 1636 fiat
2958 1581 3358 1652 Hierusolyma
3387 1581 3638 1649 sanctis,
3669 1585 3740 1636 ut
3759 1599 3861 1637 ve-

2185 1672 2339 1727 niam
2360 1673 2432 1728 ad
2457 1689 2556 1728 vos
2579 1689 2684 1743 per
2709 1673 3066 1728 voluntatem
3097 1673 3217 1740 Dei,
3243 1678 3307 1729 ut
3331 1675 3669 1746 refrigerer
3691 1674 3862 1729 vobi-

2183 1781 2363 1820 scum.
2394 1767 2542 1819 Deus
2570 1768 2764 1820 autem
2790 1765 2947 1837 pacis
2975 1765 3046 1820 sit
3077 1782 3210 1821 cum
3250 1766 3532 1822 omnibus
3570 1767 3768 1822 vobis.

2389 1863 2561 1913 Lectio
2588 1863 2752 1914 sancti
2779 1863 3050 1928 Evangelii
3080 1863 3374 1914 secundum
3400 1865 3633 1915 Lucam.

2253 1945 2533 2014 Tempore
2554 1943 2672 2011 illo,
2688 1943 3129 2014 perambulabat
3148 1943 3432 2000 Dominus
3451 1944 3643 2000 Jesus’
3658 1944 3860 2001 Hieri-

2185 2037 2313 2103 cho,
2343 2040 2400 2090 et
2431 2053 2560 2090 ecce
2580 2035 2666 2090 vir
2692 2035 2932 2090 nomine
2952 2037 3275 2104 Zaccheeus,
3303 2041 3363 2091 et
3391 2037 3489 2092 hic
3517 2042 3660 2093 erat
3692 2039 3865 2110 prin-

2187 2146 2318 2200 ceps
2339 2129 2798 2199 publicanorum,
2819 2131 2876 2183 et
2896 2128 3016 2200 ipse
3031 2129 3220 2184 dives:
3242 2133 3300 2184 et
3317 2131 3676 2201 quasrebatJ
3681 2148 3863 2187 esum

2185 2222 2377 2276 videre
2405 2221 2532 2293 quis
2558 2225 2724 2288 esset,
2745 2225 2802 2275 et
2822 2238 2939 2276 non
2963 2225 3195 2293 poterat
3215 2239 3335 2293 pra:
3347 2224 3550 2291 turba,
3579 2224 3728 2295 quia
3749 2227 3867 2280 sta-

2189 2318 2314 2369 tura
2341 2313 2574 2385 pusillus
2600 2317 2742 2369 erat.
2783 2315 2851 2368 Et
2880 2331 3242 2385 praecurrens
3276 2316 3552 2372 ascendit
3579 2317 3648 2372 in
3677 2319 3865 2374 arbo-

2187 2425 2311 2463 rem
2351 2409 2718 2480 sycimorum,
2751 2411 2814 2462 ut
2846 2409 3068 2464 videret
3105 2410 3296 2477 illum,
3343 2411 3488 2482 quia
3533 2411 3688 2467 inde
3734 2417 3868 2468 erat

2186 2501 2545 2556 transiturus.
2587 2503 2657 2556 Et
2690 2519 2822 2556 cum
2862 2502 3112 2556 venisset
3144 2502 3218 2558 ad
3248 2504 3467 2570 locum,
3512 2505 3864 2577 suscipiens

2185 2597 2342 2651 Iesus
2373 2594 2514 2650 vidit
2538 2594 2718 2663 illum,
2761 2597 2818 2650 et
2858 2594 2997 2649 dixit
3037 2595 3111 2651 ad
3152 2613 3288 2650 eum
3317 2613 3331 2651 :
3356 2597 3670 2667 Zacchme,
3705 2599 3869 2654 festi-

2189 2705 2332 2743 nans
2362 2687 2664 2753 descende,
2697 2686 2832 2758 quia
2856 2687 3028 2742 hodie
3053 2687 3109 2742 in
3133 2688 3311 2744 domo
3341 2693 3444 2744 tua
3477 2694 3736 2762 oportet
3766 2709 3865 2748 me

2188 2797 2446 2836 manere.
2475 2781 2544 2834 Et
2567 2779 2843 2834 festinans
2857 2779 3175 2848 descendit,
3197 2783 3499 2853 etexcepit
3515 2783 3700 2839 illum
3726 2802 3867 2856 gau-

2188 2875 2348 2928 dens.
2377 2875 2588 2928 Etcum
2606 2872 2869 2928 viderent
2889 2890 3114 2943 omnes,
3141 2876 3634 2944 murmurabant,
3663 2879 3868 2934 dicen-

2186 2971 2290 3032 tes,
2321 2966 2474 3037 quod
2488 2967 2560 3021 ad
2579 2966 2879 3021 hominem
2893 2970 3263 3038 peccatorem
3293 2968 3666 3026 divertisset.
3687 2973 3868 3028 Stans

2188 3063 2380 3114 autem
2401 3059 2698 3114 Zacchzeus
2719 3059 2863 3113 dixit
2883 3059 2957 3113 ad
2983 3060 3296 3114 Dominum
3315 3077 3329 3115 :
3345 3063 3493 3116 Ecce
3529 3063 3864 3120 dimidium

2186 3153 2471 3208 bonorum
2498 3169 2784 3219 meorum,
2807 3153 3071 3220 Domine,
3097 3152 3170 3207 do
3193 3155 3583 3225 pauperibus,
3611 3162 3678 3212 et
3705 3159 3756 3214 si
3777 3160 3867 3214 cui

2105 3220 2160 3294 Ο
2187 3245 2400 3316 aliquid
2427 3245 2782 3312 defraudavi,
2807 3245 2989 3300 reddo
3005 3220 3539 3318 quadruplum.Ait
3562 3220 3867 3307 Dominus

2186 3339 2258 3392 ad
2286 3355 2438 3404 eum,
2481 3337 2616 3408 quia
2645 3337 2818 3393 hodie
2849 3339 3001 3393 salus
3026 3338 3228 3394 domui
3267 3341 3404 3395 huic
3435 3342 3605 3399 facta
3644 3349 3766 3413 est,
3797 3363 3864 3401 eo

2185 3430 2339 3502 quod
2370 3433 2428 3484 et
2457 3429 2575 3500 ipse
2603 3429 2750 3484 filius
2779 3435 2866 3485 est
2889 3431 3339 3486 Abrahas.Venit
3365 3433 3533 3489 enim
3562 3435 3734 3492 ﬁlius
3759 3439 3865 3494 ho-

2185 3523 2357 3577 minis
2378 3539 2653 3594 quaerere,
2687 3526 2746 3576 et
2778 3524 2994 3578 salvum
3027 3524 3216 3580 facere
3245 3525 3405 3596 quod
3433 3527 3739 3598 perierat.

2784 3636 2983 3676 lNCIPlT
3021 3637 3202 3677 MISSA.

2255 3713 2532 3769 Exultatio
2547 3712 2756 3781 divina,
2779 3717 3022 3784 paterna
3035 3713 3526 3786 pietas,inmensa
3537 3719 3866 3791 majestas,

2186 3809 2240 3860 te
2263 3805 2563 3876 supplices,
2583 3809 2898 3861 trementes
2925 3806 3162 3877 quidem
3183 3823 3503 3878 precamur
3529 3827 3652 3882 pro
3691 3831 3864 3870 servo

2184 3901 2282 3952 tuo
2304 3898 2408 3962 ill.,
2439 3901 2501 3952 ut
2527 3898 2628 3952 des
2655 3897 2728 3965 ei,
2761 3898 3028 3967 Domine,
3063 3903 3326 3954 mentem
3358 3918 3607 3974 puram,
3641 3907 3866 3962 carita-

2185 3993 2302 4046 tem
2342 3991 2681 4062 perfectam,
2715 3991 2773 4045 in
2809 3991 3032 4046 actibus
3077 3991 3508 4064 sinceritatem,
3552 3997 3625 4053 in
3678 4001 3864 4056 corde

2184 4083 2514 4154 puritatem,
2539 4083 2596 4138 in
2615 4099 2790 4155 Opere
2806 4084 3099 4150 virtutem,
3125 4085 3183 4140 in
3206 4086 3683 4146 necessitatibus
3704 4093 3868 4149 forti-

2184 4175 2465 4243 tudinem,
2497 4175 2556 4230 in
2577 4175 2832 4230 moribus
2856 4176 3225 4248 disciplinam
3249 4195 3262 4243 ;
3282 4182 3344 4234 et
3365 4181 3532 4251 quod
3551 4199 3675 4254 pro
3696 4186 3868 4256 justi-

2183 4267 2276 4322 tim
2297 4271 2407 4322 tua:
2425 4267 2652 4335 timore,
2672 4267 2898 4339 integra
2919 4272 3114 4324 mente
3141 4270 3580 4329 vel’devotione
3595 4293 3715 4347 pro
3739 4279 3864 4350 ipso

2181 4359 2283 4415 tibi
2311 4359 2626 4427 offerimus,
2649 4360 2882 4432 pietatis
2909 4363 3023 4416 tua:
3052 4361 3379 4420 obtinenda
3418 4375 3788 4438 cognoscat.

2855 4453 3068 4503 Secreta
3094 4454 3142 4504 δ.

2251 4525 2548 4589 Iteramus,
2587 4523 2958 4595 omnipotens
3001 4526 3168 4592 Deus,
3205 4525 3718 4598 deprecationem
3761 4553 3860 4590 no-

2181 4619 2356 4670 stram
2379 4619 2510 4671 ante
2527 4619 2898 4687 conspectum
2917 4617 3237 4688 maiestatis
3254 4621 3393 4688 tuae,
3415 4638 3613 4693 quem
3634 4629 3859 4698 specia-

2180 4709 2312 4764 liter
2336 4725 2440 4780 pro
2465 4709 2678 4764 famulo
2709 4712 2808 4764 tuo
2830 4708 2908 4764 ill.
2939 4709 3299 4766 oblationem
3325 4730 3434 4784 pro
3461 4721 3745 4786 peccatis
3773 4723 3856 4775 vel

2181 4823 2284 4879 pro
2311 4804 2516 4861 auxilio
2539 4805 2662 4876 ejus
2693 4805 3006 4874 offerimus,
3039 4811 3173 4864 vota
3192 4809 3492 4880 perﬁcies.
3520 4815 3860 4874 Petitiones

2181 4900 2232 4971 ej
2242 4917 2304 4954 us
2329 4899 2642 4954 ascendant
2662 4899 2736 4953 ad
2748 4915 2916 4953 aures
2929 4900 3252 4956 clementia:
3266 4905 3408 4970 tute,
3434 4909 3498 4960 et
3523 4907 3860 4967 descendat

2181 5008 2353 5064 super
2378 5007 2511 5046 eum
2536 4991 2630 5062 pia
2655 4991 2981 5047 benedictio
3003 4995 3122 5062 tua;
3148 4997 3208 5049 ut
3233 4995 3341 5049 sub
3369 4998 3600 5056 umbra
3623 5005 3856 5059 alarum

2179 5083 2492 5152 tuarumlin
2516 5083 2784 5139 omnibus
2813 5088 3172 5156 protegatur,
3200 5089 3260 5140 et
3278 5089 3602 5148 orationes
3639 5102 3856 5152 nostra:

2182 5180 2237 5231 te
2262 5175 2615 5247 propiciante
2637 5192 2740 5246 pro
2769 5175 2893 5246 ipso
2930 5193 3047 5231 non
3088 5178 3426 5234 refutentur
3455 5199 3494 5237 a
3527 5195 3856 5261 conspectu

2180 5268 2408 5340 pietatis
2437 5271 2569 5334 tum,
2597 5267 2697 5322 sed
2732 5267 2789 5322 in
2821 5269 3090 5324 omnibus
3116 5269 3169 5324 ei
3208 5271 3484 5330 auxiliari
3530 5283 3728 5353 atque
3762 5283 3852 5337 de-

2183 5360 2420 5416 fendere
2451 5359 2723 5431 digneris.

2829 5431 3164 5482 Contestatio.

2251 5515 2392 5569 Vere
2407 5514 2647 5585 dignum
2665 5520 2724 5570 et
2732 5515 2953 5587 justum
2965 5520 3069 5582 est,
3085 5516 3471 5589 omnipotens
3483 5525 3678 5598 Deus,
3699 5531 3855 5602 cujus

2182 5607 2442 5680 potentia
2454 5607 2822 5679 deprecanda
2833 5613 2937 5676 est,
2953 5609 3362 5668 misericordia
3373 5615 3732 5692 adoranda,
3748 5625 3857 5696 pie-

2182 5704 2270 5756 tas
2297 5701 2721 5773 amplectenda.
2756 5701 2895 5765 Quis
2922 5701 3080 5756 enim
3115 5702 3420 5774 disputare
3445 5715 3688 5782 poterit
3721 5734 3856 5789 opus

2185 5795 2616 5866 omnipotentiae
2636 5797 2770 5861 tuae,
2796 5811 2900 5850 nec
2930 5812 3099 5850 aures
3124 5795 3442 5856 hominum
3477 5806 3728 5878 audire,
3761 5827 3854 5865 nec

2254 5911 2281 5951 ι’
2307 5911 2432 5967 Haec
2464 5909 2698 5984 propius
2725 5908 2798 5966 ad
2826 5909 3003 5969 ritum
3025 5911 3388 5990 Romanum,
3433 5923 3685 5982 omissis
3733 5944 3852 5982 ora-
