3970 6412
171 439 257 492 5H
811 439 1415 498 SACRAMENTARIUM
1452 439 1892 496 GALLICANUM.
1936 470 2000 478 -—
2043 441 2402 497 LECTIONES
2439 440 2878 509 QUUTIDIANIE.

3409 441 3507 495 542

171 548 226 605 in
250 561 344 602 cor
365 543 616 604 hominis
654 544 1027 615 adscendere,
1056 565 1158 604 nec
1202 548 1447 604 stimatio
1489 547 1786 605 hominum
1807 557 1866 633 Α
1885 547 1962 605 ill.
1992 547 2328 604 oblationem
2357 547 2658 620 dignanter
2684 547 2940 619 accipias,
2972 545 3111 603 etin
3136 545 3257 618 ejus
3282 544 3510 603 humili-

169 641 363 715 poterit
387 641 667 708 invenire,
697 645 906 713 quanta
931 641 1002 696 sit
1027 642 1206 714 pietas
1230 642 1631 699 misericordiae
1653 647 1783 713 tuae,

167 740 436 809 quantum
481 751 774 806 praeparas
812 735 1013 789 sanctis
1061 740 1115 791 et
1166 736 1358 792 electis
1403 737 1532 792 tuis.
1579 737 1684 792 Sed
1728 737 1788 792 in

169 834 433 903 quantum
472 846 778 900 possumus
820 829 1034 898 miseri,
1073 829 1258 885 territi
1285 829 1514 902 quidem
1540 829 1608 885 de
1651 846 1784 885 con-

169 923 409 992 scientia,
438 923 540 977 sed
569 923 671 978 fidi
697 923 767 979 de
792 927 888 978 tua
912 923 1296 978 misericordia
1315 965 1328 992 ,
1364 923 1586 978 veniam
1614 923 1784 979 mise-

168 1018 408 1085 rationis,
438 1021 496 1072 at
522 1017 818 1088 refugium
851 1017 1217 1087 postulantes,
1243 1021 1411 1088 atque
1448 1016 1508 1070 in
1534 1032 1783 1074 comma-

166 1110 467 1167 moratione
512 1114 844 1164 sanctorum
887 1115 1116 1164 tuorum
1169 1110 1316 1163 Patri
1360 1113 1415 1163 at
1467 1109 1640 1178 Pauli,
1685 1125 1788 1181 per

165 1220 398 1276 quorum
425 1199 698 1274 suffragia
724 1205 1012 1274 sperantes
1036 1201 1280 1270 veniam,
1299 1217 1600 1272 precamur
1621 1207 1686 1257 ut
1709 1203 1787 1258 fa-

165 1297 311 1352 mulo
335 1302 435 1351 tuo
463 1297 550 1351 ill.
587 1297 974 1351 remissionem
1004 1295 1216 1349 tribuas
1243 1299 1618 1365 peccatorum,
1647 1312 1786 1367 opus

163 1392 275 1461 ejus
311 1390 597 1460 perﬁcias,
628 1393 754 1444 vota
793 1389 1091 1443 condones.
1137 1389 1290 1442 Dona
1325 1388 1588 1459 idemque
1625 1404 1782 1444 servo

165 1489 252 1539 tuo
264 1483 338 1538 ill.
358 1482 848 1538 intercedentibus
868 1481 1072 1535 sanctis
1092 1481 1405 1536 remedium
1420 1481 1624 1535 animai
1641 1498 1777 1551 suae,

162 1593 290 1647 quos
317 1577 697 1647 postulamus,
717 1580 782 1631 ut
799 1579 925 1629 vota
940 1573 1347 1629 desideriorum
1367 1575 1487 1644 ejus
1504 1574 1777 1644 perficias.

161 1671 376 1737 Prsesta,
409 1669 776 1740 omnipotens
821 1669 988 1734 Deus,
1021 1667 1464 1738 supplicantibus
1500 1666 1659 1721 nobis
1693 1667 1780 1722 in-

161 1762 506 1833 dulgentiam
540 1760 876 1833 postulanti,
912 1759 1134 1815 veniam
1176 1761 1442 1830 poscenti.
1475 1764 1706 1831 Protega
1733 1761 1782 1814 ei

161 1870 357 1910 nomen
408 1855 510 1909 Dei
567 1855 758 1924 Iacob,
815 1853 977 1908 mitte
1038 1854 1091 1908 ei
1140 1853 1417 1908 auxilium
1466 1854 1659 1908 salutis
1712 1854 1781 1909 de

161 1954 356 2017 sancto,
390 1953 446 2002 et
475 1948 546 2002 de
580 1948 713 2002 Sion
752 1953 814 2002 tu
840 1947 994 2018 erige
1024 1963 1175 2002 eum.
1212 1948 1421 2002 Memor
1445 1952 1580 2016 esto,
1608 1947 1778 2002 misa-
1800 1920 1856 1991 B

160 2043 321 2098 ricors
348 2044 519 2110 Deus,
567 2041 908 2096 sacriﬁcium
957 2041 1096 2112 ejus,
1145 2045 1200 2095 at
1243 2040 1632 2095 holocaustum
1660 2041 1781 2111 ejus

159 2140 277 2190 ante
302 2140 676 2206 conspectum
701 2134 958 2189 omnium
973 2138 1298 2188 sanctorum
1322 2137 1554 2188 tuorum
1569 2134 1782 2205 pingue

161 2229 267 2286 ﬁat.
294 2230 398 2285 Per
422 2229 721 2284 Christum
749 2227 1052 2282 Dominum
1080 2231 1354 2298 nostrum.

772 2337 805 2375 Μ
814 2337 923 2375 ISSA
961 2335 1172 2375 VOTIVA.

477 2400 659 2450 Lectio
694 2400 814 2450 libri
839 2398 1111 2462 Sapientica
1143 2398 1448 2448 Salomonis.

224 2473 342 2542 Fili,
367 2473 412 2527 si
443 2473 587 2544 quid
623 2471 822 2527 vovisti
854 2473 985 2540 Deo,
1028 2487 1098 2525 ne
1126 2471 1360 2525 moreris
1386 2471 1636 2525 reddere.
1662 2471 1776 2525 Dis-

160 2565 315 2637 plicet
340 2566 494 2620 enim
525 2565 581 2620 ei
607 2565 847 2620 inﬁdelis
864 2568 919 2619 at
945 2564 1114 2618 stulta
1134 2563 1427 2634 promissio
1451 2580 1463 2617 :
1491 2563 1584 2617 sed
1607 2563 1781 2635 quod-

159 2675 388 2730 cumque
429 2659 674 2727 voveris,
730 2658 922 2713 redde.
977 2657 1257 2728 Multoque
1304 2655 1506 2710 melius
1542 2660 1624 2710 est
1665 2673 1779 2710 non

159 2767 365 2820 vovere,
396 2768 574 2823 quam
601 2755 732 2822 post
753 2754 949 2805 votum
976 2749 1250 2820 promissa
1280 2764 1395 2802 non
1421 2748 1675 2802 reddere.
1702 2749 1778 2802 Ne

157 2844 364 2899 dederis
389 2861 450 2898 os
477 2849 672 2910 tuum,
703 2848 765 2897 ut
792 2859 1021 2914 peccare
1050 2842 1215 2896 facias
1244 2857 1472 2895 carnem
1495 2844 1667 2910 tuam,
1685 2857 1780 2894 na-

157 2952 258 3007 que
287 2937 434 2990 dicas
474 2953 671 2990 coram
701 2937 902 3006 angelo
954 2952 966 2988 :
1013 2936 1133 2988 Non
1172 2937 1256 2987 est
1296 2932 1664 3004 providentia,
1707 2949 1780 2987 ne

156 3029 286 3083 forte
311 3029 486 3083 iratus
506 3030 660 3083 Deus
678 3044 850 3098 super
863 3021 1152 3082 sermones
1169 3030 1309 3093 tuos,
1334 3025 1564 3095 dissipet
1583 3029 1779 3080 cuncta

156 3137 317 3191 opera
332 3138 614 3176 manuum
625 3125 856 3175 tuarum
867 3162 880 3174 .
898 3120 997 3174 Ubi
1014 3119 1191 3173 multa
1206 3123 1337 3172 sunt
1349 3118 1585 3184 somnia,
1606 3118 1780 3188 pluri-

157 3231 239 3272 ma
250 3214 481 3284 vanitas,
502 3219 562 3269 et
582 3229 869 3267 sermones
893 3210 1196 3279 innumeri;
1218 3213 1275 3264 tu
1290 3227 1420 3264 vero
1433 3212 1608 3265 Deum
1616 3211 1774 3266 time.

352 3311 529 3360 Lectio
562 3310 729 3359 sancti
752 3309 1017 3372 Evangelii
1050 3307 1336 3357 secundum
1371 3308 1577 3356 Lucam.

224 3395 424 3451 Diebus
452 3396 586 3462 illis,
616 3391 757 3449 dixit
779 3396 933 3449 Iesus
962 3410 974 3448 :
1004 3393 1136 3457 Quis
1164 3397 1411 3447 vestrum
1440 3391 1609 3446 habet
1631 3391 1773 3445 ami-

157 3504 297 3556 cum,
315 3493 369 3543 at
383 3489 490 3543 ibit
504 3488 577 3542 ad
595 3488 754 3541 illum
784 3485 970 3540 media
991 3490 1171 3553 nocte,
1191 3490 1244 3540 at
1260 3486 1405 3540 dicet
1428 3484 1544 3538 illi:
1564 3485 1772 3554 Amice,

156 3581 439 3636 commoda
486 3580 634 3634 mihi
672 3584 786 3635 tres
827 3595 1022 3650 panes,
1068 3578 1335 3649 quoniam
1374 3577 1587 3631 amicus
1616 3592 1774 3630 meus

157 3673 298 3727 venit
322 3674 390 3728 de
423 3673 512 3727 via
545 3673 617 3727 ad
649 3689 760 3740 me,
790 3676 846 3726 et
871 3687 984 3726 non
1013 3671 1192 3725 habeo
1230 3670 1380 3741 quod
1408 3685 1616 3740 ponam
1646 3671 1776 3723 ante

157 3765 328 3822 illum.
358 3768 424 3822 Et
450 3766 546 3821 ille
590 3765 813 3820 deintus
858 3764 1199 3834 respondens
1237 3763 1384 3818 dicat
1416 3779 1430 3816 :
1475 3762 1597 3816 Noli
1634 3761 1777 3817 mihi

158 3859 419 3913 molestus
444 3874 588 3925 esse,
614 3858 734 3929 jam
763 3857 972 3912 ostium
1000 3857 1251 3910 clausum
1278 3861 1378 3923 est,
1398 3857 1454 3909 et
1484 3853 1647 3924 pueri
1665 3855 1775 3909 mei

157 3966 370 4005 mecum
398 3956 534 4038 surjt
561 3951 618 4004 in
646 3950 851 4018 cubili,
881 3966 995 4003 non
1022 3965 1250 4019 possum
1286 3962 1516 4019 surgere
1553 3951 1609 4000 et
1644 3948 1775 4002 dare

157 4043 270 4097 tibi.
298 4044 430 4097 Dico
454 4043 638 4111 vobis,
665 4042 767 4096 etsi
793 4058 909 4096 non
929 4041 1085 4095 dabit
1121 4040 1202 4094 illi
1241 4056 1498 4110 surgens,
1537 4056 1602 4094 eo
1627 4039 1777 4111 quod

155 4135 357 4190 amicus
387 4137 511 4207 ejus
537 4135 644 4204 sit;
688 4137 921 4205 propter
945 4131 1414 4204 inportunitatem
1437 4137 1627 4186 tamen
1656 4133 1778 4203 ejus

156 4231 361 4297 surget,
379 4233 434 4282 et
447 4228 605 4282 dabit
619 4227 703 4281 illi
727 4229 1008 4298 quotquot
1022 4226 1193 4281 habet
1206 4224 1564 4280 necessarios.
1588 4226 1654 4279 Et
1671 4241 1777 4296 ego

157 4319 302 4373 vobis
328 4321 451 4375 dico
487 4337 498 4375 :
533 4321 708 4375 Petita
737 4325 792 4374 et
816 4319 1041 4372 dabitur
1063 4317 1237 4386 vobis,
1276 4317 1512 4388 quaerite
1539 4322 1595 4371 et
1620 4315 1774 4373 inve-

156 4411 333 4480 nietis,
348 4414 570 4484 pulsate
582 4417 638 4467 et
648 4411 934 4482 aperietur
952 4409 1128 4465 vobis.
1145 4409 1338 4464 Omnis
1351 4408 1500 4463 enim
1523 4409 1619 4480 qui
1638 4411 1778 4480 petit

156 4504 365 4574 accipit,
394 4509 453 4559 at
481 4505 580 4576 qui
608 4505 814 4576 quaerit
842 4503 1087 4572 invenit,
1119 4507 1174 4557 et
1197 4502 1442 4574 pulsanti
1469 4502 1774 4572 aperietur.

761 4612 954 4651 INCIPIT
993 4612 1165 4651 MISSA.

224 4689 465 4761 Suscipe,
491 4689 746 4758 Domine,
771 4687 1133 4759 supplicantis
1153 4686 1298 4742 servi
1317 4686 1402 4740 tui
1424 4685 1506 4740 ill.
1527 4685 1780 4740 votivum

156 4781 252 4834 tibi
282 4798 488 4837 munus
519 4781 793 4847 oblatum,
825 4785 882 4835 et
902 4779 1200 4850 multiplici
1229 4779 1421 4834 fenore
1449 4778 1776 4849 gratiarum,

157 4878 215 4927 ut
237 4890 363 4945 quas
393 4879 448 4929 te
474 4873 815 4929 fidelissimis
843 4873 982 4928 votis
1006 4873 1168 4944 petit,
1192 4876 1254 4927 tu
1281 4871 1354 4940 ei,
1382 4870 1654 4942 piissime,
1678 4869 1779 4925 mi-

159 4972 403 5021 seranter
428 4967 684 5038 indulge.

855 5035 1080 5085 Secreta.

223 5121 524 5177 Redemtor
554 5120 630 5194 [et
657 5120 892 5190 naturae]
926 5120 1193 5175 humanae
1223 5116 1486 5172 conditor
1512 5116 1675 5185 Deus,
1709 5117 1778 5171 da

156 5217 214 5267 ut
243 5230 433 5269 servus
459 5218 588 5268 tuus
615 5213 693 5268 ill.
721 5217 848 5268 vota
866 5212 1225 5284 adipiscatur,
1249 5215 1306 5264 at
1330 5209 1632 5280 impetrare
1661 5225 1777 5264 me-

158 5310 341 5360 reatur
365 5306 519 5378 quod
545 5309 790 5376 exoptat.

788 5381 1125 5433 Contestatio.

214 5465 350 5519 Vere
377 5465 617 5536 dignum
639 5467 694 5519 et
715 5464 928 5533 justam
957 5466 1059 5530 est,
1091 5461 1445 5532 omnipotens
1472 5460 1638 5523 Deus,
1673 5473 1776 5528 per

155 5555 433 5611 Christum
465 5544 771 5610 Dominum
794 5559 1069 5610 nostrum.
1107 5554 1211 5618 Qui
1252 5553 1417 5607 nobis
1441 5555 1633 5605 votum
1662 5565 1775 5620 quo

157 5647 383 5717 placaris
410 5649 672 5719 inspiras,
703 5651 758 5702 et
785 5648 967 5702 votiva
992 5664 1093 5702 nos
1116 5645 1479 5718 inspiratione
1504 5657 1772 5698 remune-

158 5755 259 5806 ras,
287 5747 340 5795 ta
367 5743 723 5796 obsecramus
750 5741 984 5812 supplici
1014 5757 1201 5812 prece,
1251 5742 1313 5793 ut
1347 5738 1490 5792 hanc
1516 5735 1659 5791 servi
1685 5735 1768 5789 tui

1799 3274 1854 3348 C

1887 644 2056 698 tatem
2081 642 2357 710 intendas,
2387 649 2617 714 peccata
2655 641 2838 699 deleas
2857 684 2871 710 ,
2899 639 3208 696 orationem
3237 640 3504 713 accipias;

1883 740 1949 791 ut
1972 737 2240 792 liberatus
2267 736 2336 790 ab
2365 736 2519 790 omni
2554 735 2886 790 adversitate
2906 777 2919 804 ,
2948 738 3002 789 et
3031 733 3122 789 hic
3159 737 3214 788 et
3253 733 3312 788 in
3341 738 3507 788 aeter-

1885 845 2024 884 num
2037 829 2389 901 justiﬁcatus,
2415 845 2544 886 cum
2568 828 2782 902 angelis
2819 828 2938 885 sine
2963 827 3076 883 fine
3096 826 3392 884 conlaudat
3421 827 3505 882 di-

1885 939 2016 978 cens
2049 940 2061 978 :
2096 923 2350 979 Sanctus.

2404 1009 2527 1049 ITEM
2570 1009 2724 1050 MISSA
2762 1009 2972 1050 νοΤΙνΑ.

2180 1081 2408 1145 Epistola
2425 1081 2567 1131 Pauli
2591 1081 2812 1144 apostoli
2838 1082 2903 1131 ad
2927 1083 3200 1132 Romanos.

1957 1162 2194 1230 Fratres,
2217 1178 2590 1233 quaecumque
2610 1161 2762 1217 enim
2779 1163 2988 1235 scripta
3007 1166 3158 1231 sunt,
3171 1162 3242 1218 ad
3254 1166 3504 1219 nostram

1884 1253 2201 1309 doctrinam
2229 1255 2434 1325 scripta
2455 1259 2603 1324 sunt,
2630 1259 2693 1309 ut
2711 1272 2813 1326 per
2834 1256 3165 1328 patientiam
3185 1259 3242 1311 at
3265 1256 3510 1312 consola-

1884 1347 2095 1403 tionem
2122 1347 2536 1418 Scripturarum
2579 1364 2736 1418 spem
2773 1349 3100 1404 habeamus.
3131 1351 3277 1405 Deus
3313 1354 3503 1405 autem

1882 1439 2166 1512 patientiae
2194 1444 2250 1494 et
2273 1440 2456 1493 solatii
2488 1441 2582 1494 det
2603 1440 2759 1494 vobis
2785 1441 2840 1495 id
2862 1441 3050 1513 ipsum
3069 1459 3264 1514 sapere
3289 1443 3350 1496 in
3375 1443 3510 1497 alta-

1881 1535 2104 1587 rutrum
2131 1533 2441 1587 secundum
2452 1534 2641 1587 Iesum
2655 1534 2957 1602 Christum,
2979 1539 3040 1590 ut
3055 1535 3374 1590 unianimes
3392 1551 3506 1590 uno

1882 1641 1977 1680 ora
1999 1624 2378 1680 honoriﬁcetis
2407 1627 2586 1680 Deum
2613 1631 2669 1681 et
2693 1629 2916 1682 Patrem
2943 1628 3163 1683 Domini
3178 1627 3359 1683 nostri
3377 1629 3505 1682 Iesu

1881 1717 2104 1773 Christi.
2150 1720 2384 1788 Propter
2423 1719 2576 1789 quod
2626 1720 2887 1790 suscipite
2942 1721 3200 1793 invicem,
3255 1720 3398 1776 sicut
3448 1724 3505 1774 et

1879 1810 2128 1866 Christus
2156 1810 2400 1881 suscepit
2420 1827 2522 1865 vos
2546 1811 2605 1865 in
2633 1813 2845 1868 honore
2873 1813 2990 1869 Dei.

2090 1901 2262 1951 Lectio
2291 1902 2456 1951 sancti
2481 1903 2745 1967 Evangelii
2767 1905 3052 1956 secundum
3081 1907 3292 1955 Lucam.

1953 1988 2010 2040 In
2056 1986 2152 2040 illo
2188 1989 2464 2056 tempore,
2514 1988 2788 2042 Dominus
2830 1994 3019 2044 noster
3060 1991 3214 2044 Iesus
3252 1989 3506 2045 Christus

1879 2094 2008 2132 cum
2035 2077 2542 2149 adpropinquasset
2567 2080 2844 2147 Hiericho,
2874 2098 3055 2135 caecus
3078 2081 3310 2152 quidam
3341 2081 3500 2136 seda-

1878 2170 1972 2226 bat
2000 2186 2158 2225 secus
2181 2171 2328 2224 viam
2373 2171 2718 2227 mendicans.
2752 2174 2821 2226 Et
2859 2189 2989 2228 cum
3026 2173 3246 2228 audiret
3282 2175 3506 2230 turbam

1877 2267 2340 2334 praetereuntem,
2367 2265 2752 2337 interrogabat
2770 2265 2908 2337 quid
2928 2267 3034 2321 hoc
3054 2270 3216 2322 esset.
3238 2266 3509 2322 Dixerunt

1877 2361 2067 2411 autem
2095 2357 2147 2411 ei
2176 2358 2326 2428 quod
2355 2359 2516 2414 Iesus
2562 2359 2879 2413 Nazaranus
2906 2360 3188 2415 transiret.
3237 2359 3508 2414 Clamavit

1879 2448 2067 2503 dicens
2097 2466 2109 2504 :
2138 2451 2266 2504 Iesu
2296 2449 2376 2503 ﬁli
2402 2451 2606 2518 David,
2635 2451 2901 2505 miserere
2930 2451 3062 2507 mei.
3096 2453 3164 2507 Et
3198 2453 3296 2524 qui
3329 2452 3500 2522 praei-

1877 2541 2012 2596 bant
2035 2541 2404 2613 increpabant
2427 2543 2478 2597 ei
2501 2548 2566 2597 ut
2589 2547 2814 2598 taceret.
2857 2546 2978 2614 Ipse
3008 2560 3138 2598 vero
3168 2545 3346 2599 multo
3374 2561 3498 2598 ma-

1879 2634 1963 2705 gis
1987 2635 2259 2689 clamabat
2283 2652 2296 2690 :
2321 2635 2424 2689 Fili
2446 2635 2633 2704 David,
2656 2635 2923 2692 miserere
2952 2636 3086 2691 mei.
3118 2637 3278 2692 Stans
3313 2641 3500 2693 autem

1875 2728 2031 2782 Iesus
2045 2727 2213 2797 jussit
2239 2743 2370 2782 eum
2387 2728 2590 2784 adduci
2606 2729 2676 2783 ad
2696 2745 2774 2784 se.
2812 2731 2878 2784 Et
2910 2745 3040 2784 cum
3059 2730 3500 2801 adpropinquas-

1877 2824 1980 2887 set,
2010 2820 2391 2891 interrogabat
2419 2837 2550 2875 eum
2575 2821 2764 2876 dicens
2796 2839 2810 2876 :
2850 2822 2992 2885 Quid
3018 2823 3119 2876 tibi
3143 2822 3226 2876 vis
3257 2823 3454 2877 faciam
3473 2824 3500 2876 ?

1876 2911 2063 2966 Atille
2090 2912 2233 2966 dixit
2268 2931 2280 2967 :
2321 2913 2560 2969 Domine
2579 2955 2593 2980 ,
2623 2919 2688 2969 ut
2715 2914 2959 2969 videam.
2987 2917 3055 2970 Et
3079 2916 3234 2969 Iesus
3271 2915 3348 2970 ait
3372 2915 3456 2970 illi
3489 2933 3500 2968 :

1877 3004 2128 3075 Respice,
2155 3004 2293 3058 lides
2321 3009 2417 3059 tua
2442 3009 2497 3060 te
2528 3007 2745 3061 salvum
2767 3007 2919 3061 fecit.
2948 3008 3016 3060 Et
3036 3007 3326 3062 confestim
3346 3007 3507 3075 vidit,

1874 3101 1932 3151 at
1976 3097 2314 3168 sequebatur
2354 3097 2514 3152 illum
2565 3099 2933 3170 magniﬁcans
2976 3100 3173 3155 Deum.
3228 3101 3294 3155 Et
3322 3099 3505 3154 omnis

1875 3192 2031 3263 plebs
2056 3197 2121 3248 ut
2144 3193 2303 3261 vidit,
2333 3194 2488 3249 dedit
2516 3196 2742 3251 laudem
2773 3197 2906 3251 Deo.

2485 3305 2678 3343 INCIPIT
2718 3305 2895 3345 IIISSA.

1946 3379 2121 3433 Deum
2143 3379 2231 3433 cui
2256 3381 2572 3452 acceptiora
2595 3386 2725 3436 sunt
2748 3386 2873 3436 vota
2901 3382 3152 3438 fidelium
3178 3399 3350 3455 quam
3377 3399 3499 3438 mu-

1874 3487 2030 3540 nera,
2083 3472 2280 3527 fratres
2335 3473 2625 3538 carissimi,
2679 3475 2957 3546 supplices
3008 3476 3391 3546 deprecemur,
3438 3480 3502 3530 ut

1874 3563 2020 3617 hanc
2045 3564 2386 3618 oblationem
2410 3565 2608 3619 famuli
2638 3566 2724 3620 sui
2766 3565 2847 3621 ill.
2901 3567 3201 3638 dignanter
3245 3567 3497 3638 accipiat.

1874 3656 2105 3710 Tribuat
2131 3661 2187 3710 at
2217 3673 2425 3728 magna
2451 3673 2554 3728 pro
2582 3659 2790 3729 parvis,
2820 3676 2922 3729 pro
2938 3659 3344 3731 temporalibus
3358 3676 3499 3731 pree-

1876 3748 1988 3802 mia
2035 3748 2396 3819 sempiterna.
2440 3751 2544 3804 Det
2586 3751 2637 3805 ei
2680 3751 2954 3805 auxilium
2999 3753 3113 3806 sive
3171 3751 3498 3825 praesidium

1878 3841 2072 3911 gratiae
2101 3858 2238 3908 suae,
2267 3846 2332 3896 ut
2358 3843 2508 3913 quod
2534 3843 2824 3899 humiliter
2843 3844 3125 3916 implorat,
3150 3846 3381 3902 Domino
3396 3847 3500 3901 lar-

1880 3933 2085 4005 gicnte,
2115 3934 2399 4006 suscipiat.

2575 4005 2801 4056 Secreta.

1946 4075 2314 4146 Omnipotens
2338 4079 2393 4131 et
2403 4077 2718 4132 misericors
2744 4079 2907 4147 Deus,
2927 4078 3018 4134 cui
3032 4081 3287 4137 redditur
3303 4085 3497 4137 votum

1875 4167 1937 4221 in
1983 4167 2348 4235 Hierusalem,
2397 4170 2600 4224 exaudi
2642 4187 2836 4242 preces
2892 4171 3089 4227 famuli
3128 4175 3234 4244 tui,
3282 4191 3502 4231 memor

1876 4263 1992 4314 esto
2032 4260 2286 4314 sacrificii
2331 4262 2438 4330 sui,
2493 4262 2631 4317 ﬁant
2672 4265 2991 4320 holocausta
3031 4283 3131 4322 sua
3176 4266 3430 4338 [pinguia
3461 4267 3496 4336 ε]

1874 4345 2059 4400 tribue
2082 4351 2138 4400 et
2161 4346 2473 4402 devotionis
2504 4349 2764 4419 gratiam,
2790 4353 3007 4422 comple
3033 4352 3091 4406 in
3111 4353 3272 4408 bonis
3290 4355 3498 4410 deside-

1875 4436 2026 4490 rium
2051 4453 2236 4508 suum,
2259 4442 2316 4492 et
2334 4456 2540 4494 corona
2563 4456 2694 4495 eum
2716 4442 2775 4495 in
2795 4443 3198 4500 misericordia.
3221 4446 3359 4514 Tibi,
3390 4448 3497 4501 Do-

1875 4528 2048 4596 mine,
2062 4530 2287 4601 quando
2307 4531 2456 4586 tideli
2477 4532 2772 4588 devotione
2792 4535 3115 4605 famulatur,
3129 4537 3355 4608 ignosce
3368 4539 3496 4593 faci-

1796 4631 1857 4703 D
1878 4637 2034 4690 nora;
2047 4627 2184 4676 etne
2193 4623 2438 4693 lugenda
2453 4625 2789 4695 committat,
2805 4629 3036 4697 paterna
3046 4629 3253 4699 pietate
3269 4631 3496 4703 castiga.

2525 4716 2858 4768 Contestatio.

1950 4795 2086 4849 Vera
2111 4793 2350 4865 dignum
2384 4799 2438 4849 et
2455 4796 2675 4866 justum
2715 4803 2818 4867 est,
2865 4800 3220 4871 omnipotens
3250 4803 3413 4871 Deus,
3445 4809 3501 4858 te

1875 4887 2122 4956 laudare,
2149 4892 2203 4942 te
2229 4888 2560 4944 benedicere
2582 4931 2595 4958 ,
2628 4894 2796 4962 teque
2823 4892 3154 4962 gloriﬁcare,
3183 4899 3295 4951 tuae
3320 4897 3497 4967 maje-

1875 4980 2003 5036 stati
2029 4997 2093 5034 ac
2118 4981 2388 5036 voluntati
2406 4998 2626 5053 semper
2651 4984 3061 5057 obtemperare,
3082 4988 3142 5042 in
3169 5005 3281 5060 quo
3309 4994 3392 5044 est
3417 5007 3500 5046 sa-

1874 5072 1961 5126 lus
1989 5072 2245 5127 omnium
2275 5075 2636 5144 populorum.
2685 5077 2784 5132 Cui
2827 5079 2963 5133 Abel
3000 5096 3237 5136 munera
3277 5081 3497 5153 obtulit,

1875 5165 1966 5218 cui
1990 5166 2276 5220 Abraham
2302 5166 2691 5222 holocaustum
2720 5169 2921 5226 offerre
2941 5172 3206 5244 decrevit,
3226 5175 3317 5230 cui
3333 5177 3499 5233 Iacob

1873 5267 2066 5316 votum
2091 5261 2258 5331 vovit,
2287 5267 2343 5318 et
2370 5263 2633 5334 reddidit,
2664 5267 2968 5339 'misarare,
3022 5271 3254 5328 Domine
3276 5315 3290 5343 ,
3341 5289 3499 5330 servo

1873 5357 1972 5409 tuo
1994 5354 2094 5423 ill.,
2118 5354 2215 5425 qui
2240 5355 2299 5409 in
2320 5356 2534 5410 honore
2555 5365 2875 5416 sanctorum
2889 5362 2969 5418 ill.
2989 5367 3248 5420 votorum
3265 5383 3500 5424 munera

1873 5447 2035 5502 offert
2062 5464 2164 5518 per
2192 5447 2457 5520 suffragia
2476 5451 2792 5508 orationum
2815 5460 3134 5512 sanctorum
3153 5463 3379 5514 tuorum
3405 5479 3419 5515 :
3443 5466 3496 5514 te

1871 5545 2248 5612 protectorem
2294 5556 2459 5596 suum
2499 5559 2722 5616 semper
2761 5554 3045 5619 agnoscat,
3094 5554 3149 5605 at
3193 5552 3278 5606 sui
3305 5552 3497 5606 auxilii

1870 5655 2038 5709 opem
2066 5637 2447 5693 indesinenter
2464 5639 2744 5699 inveniat:
2769 5643 2928 5701 illum
2958 5647 3230 5718 glorietur
3244 5649 3494 5718 recipere

1870 5729 2191 5802 praemium,
2206 5731 2304 5802 qui
2322 5732 2523 5788 devoto
2554 5739 2777 5804 pectore
2803 5739 2874 5793 ad
2899 5741 3009 5794 alta
3024 5738 3490 5808 contemplatione

165 5857 400 5928 tionibus
441 5861 567 5914 Post
605 5859 855 5928 Nomina,
886 5857 1055 5928 etAd
1091 5859 1299 5918 Pacem,
1333 5856 1550 5909 retento
1590 5856 1778 5906 tamen
1829 5848 2055 5904 nomine
2081 5846 2526 5908 Contestationis.
2565 5855 2671 5910 Sed
2706 5856 2870 5927 plura
2904 5858 3158 5928 exempla
3195 5854 3341 5908 infra
3387 5854 3488 5906 sub

166 5927 330 5982 ﬁnem
355 5927 651 5984 Missarum
675 5927 1107 5983 dominicalium.
