3970 6412
422 387 521 442 543

1282 393 1614 449 APPENDIX
1651 395 1737 450 AD
1772 395 1992 449 OPERA
2028 395 2082 446 ὃ.
2124 393 2420 452 GERMANI
2461 397 2884 454 PARISIENSIS.

3698 395 3816 454 544

415 493 820 565 suspendere...
850 495 928 550 Tu
954 512 1011 552 es
1036 495 1188 554 enim
1207 499 1354 554 Deus
1379 501 1478 572 qui
1491 501 1710 556 nullum
1725 499 1826 555 tibi
1847 500 2030 571 perire
2051 509 2110 582 Α
2131 503 2334 558 exaudi
2359 519 2373 557 :
2403 504 2619 575 suscipe
2639 503 2923 575 propicius
2943 502 3288 560 oblationem
3301 501 3496 576 adque
3505 501 3818 558 libamina

419 585 522 654 vis,
553 587 648 641 sed
677 587 934 642 omnibus
959 589 1144 644 reddis
1173 607 1376 663 magna
1397 609 1498 664 pro
1517 593 1718 664 parvis,
1735 609 1836 663 pro
1855 597 2034 648 morte

419 677 610 745 vitam,
633 695 733 748 pro
751 696 914 750 paena
927 681 1182 751 gloriam,
1198 700 1300 754 pro
1321 689 1577 740 votorum
1598 685 1782 739 ofﬁcio
1803 685 2038 755 praemia

419 768 616 824 tribuis
641 771 998 842 sempiterna,
1021 790 1123 844 per
1134 775 1418 830 Christum
1439 777 1740 832 Dominum
1754 781 2034 832 nostrum.

941 882 1063 921 ITEM
1105 884 1253 922 MISSA
1292 885 1506 924 VOTlVA.

493 952 659 1020 Deus,
689 955 789 1024 qui
813 955 1043 1010 vulnere
1081 957 1353 1027 passionis
1397 961 1454 1012 et
1497 958 1676 1012 crucis
1715 962 2039 1013 nostrorum

419 1043 645 1099 vincula
672 1047 833 1101 solvis
859 1047 1274 1120 [peccatorum,]
1306 1051 1550 1105 votivam
1589 1051 1734 1105 hanc
1761 1068 1916 1106 servo
1943 1056 2039 1106 tuo

417 1134 498 1190 ill.
531 1138 748 1208 suscipe
776 1155 998 1209 precem
1029 1141 1088 1195 in
1117 1143 1401 1212 omnibus,
1433 1160 1537 1214 pro
1564 1145 1768 1214 quibus
1791 1147 1844 1198 te
1871 1161 2028 1216 popo-

418 1229 584 1284 scerit
609 1230 758 1286 ﬁdeli
784 1233 1094 1303 devotione,
1127 1236 1392 1290 exaudire
1420 1236 1691 1308 digneris.

490 1325 697 1378 Dicitur
719 1327 946 1380 Secreta.

1065 1397 1402 1448 Contestatio.

489 1474 625 1528 Vere
651 1473 888 1546 dignum
915 1481 970 1530 et
989 1477 1208 1547 justum
1235 1483 1338 1547 est,
1374 1479 1728 1549 omnipotens
1755 1479 1918 1544 Deus,
1941 1479 2039 1552 qui

417 1563 488 1620 ob
505 1564 610 1620 hoc
627 1572 984 1636 peccatorum
1003 1586 1120 1624 non
1138 1571 1328 1624 renuis
1355 1571 1660 1641 postulata;
1691 1587 1792 1640 pro
1819 1588 1931 1642 quo
1963 1576 2036 1638 te,

413 1657 668 1724 Domine,
703 1660 980 1730 supplices
1008 1662 1372 1732 postulamus,
1407 1667 1468 1716 ut
1491 1662 1622 1716 huic
1643 1677 1800 1716 servo
1827 1667 1924 1716 tuo
1949 1664 2028 1718 ill.

416 1749 766 1806 delectabiles
793 1754 1088 1822 petitiones
1113 1754 1365 1825 impleas,
1396 1759 1451 1809 et
1483 1755 1954 1825 perseverantiam
1981 1756 2040 1810 in

2135 611 2239 664 pro
2277 596 2544 651 fratribus
2571 614 2634 652 ac
2673 597 2958 652 sororibus
2997 597 3206 652 nostris
3247 613 3429 669 quam
3455 597 3570 653 tibi
3601 595 3816 651 offeri-

2136 703 2284 756 mus,
2327 705 2424 742 seu
2469 690 2682 744 cunctis
2735 689 3186 746 benefactoribus
3229 691 3468 760 nostris,
3505 694 3644 744 tam
3691 705 3811 760 pro

2135 780 2293 846 vivis,
2308 797 2480 852 quam
2494 783 2752 852 mortuis,
2767 783 2854 836 vel
2865 781 3126 838 ﬁdelibus
3139 784 3273 852 tuis,
3287 799 3396 854 pro
3409 783 3635 854 quibus
3649 782 3818 837 obla-

2135 872 2348 929 tionem
2377 873 2684 944 oﬂ‘erimus,
2715 880 2782 930 ut
2808 876 3026 930 cunctis
3045 875 3300 947 proficiat
3327 876 3400 930 ad
3421 875 3712 932 salutem.

2209 1033 2347 1086 Vere
2373 1032 2612 1103 dignum
2641 1037 2696 1088 et
2727 964 3482 1107 juggttilitiiseasttlfomnipotens
3512 1036 3700 1104 Deus,
3737 1037 3816 1091 ad

2134 1128 2262 1178 vota
2289 1124 2594 1180 humilium
2631 1142 2868 1180 manum
2912 1127 3162 1182 dexterae
3211 1133 3323 1182 tum
3349 1128 3676 1199 Majestatis
3701 1145 3814 1184 ex-

2135 1216 2324 1284 tende,
2353 1223 2419 1272 ut
2447 1219 2741 1273 animabus
2765 1219 3108 1274 famulorum
3137 1221 3616 1292 famularumque
3667 1226 3812 1277 tua-

2135 1329 2285 1381 rum,
2315 1315 2432 1366 tam
2475 1329 2577 1382 pro
2609 1312 2748 1367 vivis
2785 1330 2958 1385 quam
2999 1319 3054 1368 et
3087 1314 3284 1368 solutis
3325 1315 3524 1370 debito
3568 1315 3812 1384 mortis,

2135 1421 2379 1477 quorum
2395 1405 2614 1459 animas
2625 1406 2695 1460 ad
2711 1407 3146 1462 memorandum
3163 1407 3647 1478 conscripsimus,
3667 1407 3816 1462 ﬁde-

2135 1498 2278 1552 lium
2320 1498 2722 1552 catholicorum
2769 1499 3238 1570 orthodoxorum,
3268 1501 3368 1571 qui
3408 1501 3520 1554 tibi
3551 1501 3811 1572 placue-

2137 1595 2291 1660 runt,
2320 1607 2562 1662 quorum
2594 1593 3190 1646 commemorationem
3217 1593 3472 1664 agimus,
3503 1593 3596 1648 vel
3652 1610 3812 1665 quo-

2138 1699 2268 1738 rum
2293 1684 2524 1738 nomina
2551 1700 2721 1754 super
2759 1691 3016 1740 sanctum
3057 1685 3324 1740 altarium
3368 1687 3594 1757 scripta
3640 1687 3817 1742 adest

2140 1777 2444 1839 evidenter,
2486 1777 2874 1832 remissionem
2913 1783 3300 1848 peccatorum,
3348 1779 3814 1850 indulgentiam

413 1841 572 1942 ῘξοΠίε
603 1845 865 1942 οξθΓὼυδ
895 1846 1105 1942 tribui”
1147 1865 1250 1918 Per
1280 1847 1566 1942 Christum
1593 1847 2030 1942 Ῑξοῐηίηυωξιο·
2054 1866 2109 1938 Β
2133 1885 2304 1940 quam
2331 1886 2553 1940 semper
2577 1841 2933 1941 optaverunt.
2945 1871 3053 1942 piis
3091 1841 3626 1942 supplicationilius
3657 1890 3810 1927 con-

414 1939 614 1991 strum.
641 1938 744 1992 Per
771 1955 943 2008 quem
961 1940 1061 2010 Maj
1071 1944 1304 1994 estatem
1323 1945 1478 1994 tuam
1502 1939 1735 1994 laudant
1759 1939 1962 2011 angeli.

757 2046 916 2084 MISSA
951 2046 1058 2085 PRO
1097 2047 1240 2086 VIVIS
1279 2049 1342 2086 ET
1379 2047 1691 2086 DEFUNCTIS.

665 2115 894 2179 Epistola
905 2117 1046 2166 Pauli
1068 2118 1286 2181 apostoli
1309 2118 1374 2167 ad
1399 2120 1728 2169 Colossenses
1745 2119 1790 2168 ⁸.

489 2197 726 2263 Fratres,
757 2196 854 2266 qui
885 2197 988 2250 sub
1015 2202 1288 2268 potestate
1315 2198 1531 2253 domini
1555 2215 1772 2267 sumus,
1803 2200 2032 2254 manda-

416 2292 540 2342 tum
561 2289 658 2344 Dei
672 2289 948 2343 custodire
970 2289 1256 2345 debemus.
1281 2291 1384 2354 Qui
1411 2293 1734 2346 custodiunt
1761 2297 2038 2363 praecepta

417 2381 656 2448 Domini,
685 2381 893 2436 habent
911 2381 1082 2436 vitam
1109 2387 1417 2451 mternam;
1445 2389 1499 2438 et
1521 2385 1619 2455 qui
1646 2389 1857 2455 negant
1882 2401 2037 2438 man-

414 2474 542 2529 data
591 2475 730 2544 ejus,
763 2474 1069 2546 adquirunt
1104 2476 1348 2543 ruinam,
1391 2482 1446 2531 et
1484 2477 1542 2530 in
1583 2478 1689 2532 hoc
1733 2477 2037 2532 secundam

413 2570 672 2621 mortem.
703 2568 1053 2638 Prmceptum
1081 2569 1304 2622 Domini
1333 2570 1439 2624 hoc
1465 2573 1548 2624 est
1579 2587 1592 2623 :
1627 2571 1748 2624 Non
1775 2571 2033 2641 perjura-

413 2659 580 2714 beris.
611 2661 729 2714 Non
757 2661 968 2714 furtum
997 2661 1185 2716 facies.
1217 2663 1338 2716 Non
1375 2661 1735 2717 adulterabis.
1776 2663 1896 2716 Non
1939 2663 2038 2716 fal-

413 2768 540 2806 sum
559 2751 946 2806 testimonium
974 2753 1142 2807 dices.
1173 2755 1294 2808 Non
1323 2755 1559 2824 accipies
1585 2770 1822 2808 munera
1847 2758 2037 2808 contra

413 2843 724 2912 veritatem,
747 2860 849 2898 nec
877 2860 979 2914 per
999 2851 1354 2914 potestatem.
1372 2845 1478 2910 Qui
1505 2847 1676 2899 habet
1702 2850 2036 2916 potestatem

416 2941 473 2990 et
495 2936 738 3006 abnegat
763 2936 1076 3004 veritatem,
1109 2938 1484 3008 abnegabitur
1523 2937 1601 2991 illi
1629 2954 1872 3008 regnum
1913 2938 2034 3007 Dei,

416 3031 472 3082 et
496 3027 912 3082 conculcabitur
937 3027 995 3081 in
1025 3029 1330 3084 infernum.
1359 3030 1435 3083 lbi
1473 3046 1591 3084 non
1618 3031 1906 3099 egreditur
1929 3031 2032 3085 bis.

415 3121 703 3183 Quomodo
728 3137 921 3176 sumus
959 3121 1184 3192 fragiles
1218 3128 1274 3176 et
1314 3122 1765 3192 prmvaricatores
1807 3128 2036 3192 agentes

2138 1967 2466 2032 sequantur,
2491 1979 2593 2032 per
2619 1963 2904 2017 Christum
2924 1963 3229 2017 Dominum
3261 1967 3559 2018 nostrum.
3593 1965 3734 2020 Cui.

2514 2065 2672 2106 MISSA
2711 2067 2763 2106 ιη
2801 2067 2946 2105 nouo
2988 2067 3306 2108 cumsuam“
3333 2052 3383 2107 ι).

2333 2127 2504 2177 Lectio
2534 2129 2698 2178 sancti
2723 2129 2990 2193 Evangelii
3014 2131 3307 2180 secundum
3337 2134 3568 2182 Lucam.

2206 2207 2406 2262 Diebus
2435 2209 2545 2262 illis
2571 2210 2711 2264 dixit
2740 2211 3010 2265 Dominus
3027 2213 3185 2266 Jesus
3211 2213 3398 2267 turbis
3447 2214 3812 2270 similitudi-

2133 2317 2266 2355 nem
2293 2302 2538 2356 hominis
2560 2302 2856 2372 cujusdam
2897 2304 3106 2359 divitis.
3135 2305 3346 2360 Uberes
3387 2305 3630 2362 fructus
3660 2325 3816 2380 ager

2135 2395 2340 2463 attulit,
2384 2399 2439 2449 et
2483 2395 2764 2465 cogitabat
2803 2397 2952 2451 intra
2987 2414 3046 2452 se
3092 2397 3330 2452 dicens:
3361 2399 3510 2462 Quid
3557 2401 3808 2468 faciam,

2134 2489 2285 2558 quod
2315 2504 2428 2542 non
2477 2489 2658 2543 habeo
2696 2505 2808 2560 quo
2843 2488 3062 2544 fructus
3103 2507 3259 2545 meos
3285 2495 3710 2564 congregem?
3743 2497 3816 2550 Et

2135 2581 2276 2635 dixit
2303 2597 2316 2634 :
2349 2582 2460 2634 Hoc
2489 2581 2709 2636 faciam.
2737 2583 3032 2637 Destruam
3062 2583 3268 2639 horrea
3297 2601 3452 2652 mea,
3482 2590 3544 2640 et
3573 2588 3814 2658 majora

2134 2673 2371 2742 faciam;
2415 2677 2472 2727 et
2507 2673 2641 2728 illuc
2685 2675 3040 2746 congregabo
3077 2677 3270 2731 omnia
3313 2695 3448 2749 quas
3485 2683 3636 2734 nata
3669 2687 3814 2735 sunt

2133 2765 2295 2833 mihi,
2327 2770 2382 2819 et
2411 2765 2555 2819 bona
2585 2782 2744 2836 mea;
2774 2771 2829 2822 et
2855 2767 3038 2822 dicam
3063 2768 3272 2822 animae
3318 2785 3471 2824 mea:
3511 2788 3526 2825 :
3559 2773 3809 2839 Anima,

2135 2858 2306 2911 habes
2343 2857 2522 2912 multa
2561 2858 2740 2928 posita
2777 2859 2834 2912 in
2884 2875 3061 2914 annos
3101 2861 3400 2930 plurimos.
3443 2865 3806 2935 Requiesce,

2136 2950 2383 3018 comede,
2415 2949 2565 3016 bibe,
2589 2951 2841 3021 epulare.
2869 2951 3020 3005 Dixit
3037 2956 3232 3008 autem
3257 2955 3344 3008 illi
3363 2957 3519 3010 Deus
3547 2973 3561 3010 :
3589 2958 3810 3026 Stulte,

2135 3042 2238 3096 hac
2265 3047 2425 3098 nocte
2453 3043 2700 3097 animam
2725 3047 2880 3098 tuam
2907 3050 3175 3115 repetunt
3206 3064 3240 3100 a
3281 3051 3374 3116 te;
3407 3065 3548 3119 quae
3598 3055 3810 3105 autem

2133 3135 2360 3205 parasti,
2391 3135 2548 3204 cujus
2579 3137 2783 3190 erunt?
2819 3136 2904 3191 Sic
2945 3142 3029 3192 est
3055 3138 3153 3209 qui
3181 3139 3286 3194 sibi
3312 3140 3709 3210 thesaurizat,
3755 3149 3814 3199 et

413 3217 724 3282 peccatum.
751 3216 870 3268 Non
895 3231 997 3285 per
1020 3215 1271 3285 singulos
1287 3214 1403 3268 dies
1429 3215 1782 3284 paenitemus,
1813 3215 1910 3268 sed
1930 3232 2032 3285 per
2051 3219 2104 3291 C
2129 3243 2244 3282 non
2270 3233 2352 3282 est
2371 3227 2429 3281 in
2455 3229 2628 3282 Deum
2655 3228 2825 3284 dives.
2857 3230 3117 3301 Dixitque
3146 3232 3219 3286 ad
3245 3233 3568 3304 discipulos
3613 3253 3762 3291 suos
3795 3255 3808 3290 :

321 3311 326 3318 '
415 3305 662 3375 singulos
691 3306 808 3361 dies
833 3313 1126 3378 peccatum
1153 3323 1322 3378 super
1363 3312 1654 3377 peccatum
1687 3307 1944 3362 facimus.
1967 3309 2036 3362 Ut

415 3396 594 3450 sciatis
649 3398 784 3467 hoc,
839 3399 1036 3454 fratres
1086 3399 1384 3468 carissimi,
1434 3400 1567 3469 quia
1623 3413 1792 3469 opera
1845 3405 2036 3454 nostra

416 3490 682 3559 scriptum
713 3496 795 3544 est
821 3491 878 3545 in
909 3493 1014 3546 hoc
1057 3493 1221 3552 libro,
1261 3493 1320 3545 in
1357 3492 1894 3546 commemoratione
1929 3493 2036 3546 erit

417 3581 575 3636 nobis
607 3583 664 3637 in
689 3584 777 3639 die
795 3584 1016 3654 judicii.
1049 3585 1124 3639 lbi
1147 3601 1248 3639 nec
1279 3589 1466 3650 testes,
1499 3585 1576 3638 ibi
1601 3601 1702 3638 nec
1740 3601 1920 3655 pares,
1956 3584 2034 3638 ibi

417 3691 517 3728 nec
559 3692 663 3746 per
699 3693 935 3732 munera
969 3677 1316 3749 judicabitur
1344 3697 1357 3732 :
1388 3677 1520 3748 quia
1565 3693 1678 3731 non
1715 3681 1798 3731 est
1835 3677 2036 3731 melior

414 3783 584 3838 quam
614 3769 772 3838 fides,
800 3771 1023 3840 veritas,
1051 3771 1295 3838 castitas,
1312 3769 1615 3840 jejunium,
1643 3774 1699 3824 et
1725 3769 2032 3840 eleemosy-

413 3872 504 3920 na,
527 3873 652 3927 quas
681 3858 962 3927 extinguit
1003 3858 1192 3911 omnia
1234 3861 1476 3927 peccata.
1509 3859 1574 3911 Et
1605 3857 1754 3928 quod
1779 3857 1880 3911 tibi
1921 3874 2036 3911 non

414 3948 516 4015 vis,
547 3949 655 4002 alio
689 3966 805 4003 non
843 3950 1032 4004 facias.
1065 3950 1274 4020 Stipola
1298 3965 1542 4019 regnum
1571 3949 1688 4014 Dei,
1731 3953 1786 4002 et
1821 3949 2036 4020 accepit

413 4057 702 4108 coronam,
730 4043 880 4113 quod
906 4046 989 4096 est
1013 4042 1073 4095 in
1097 4041 1314 4096 Christo
1333 4043 1461 4096 Jesu
1491 4042 1750 4096 Domino.

487 4135 838 4200 Evangelia-In
859 4136 1092 4202 inferius
1119 4135 1336 4188 dicitur.

1019 4243 1214 4283 INCIPIT
1252 4243 1430 4281 MISSA.

488 4315 826 4384 Majestatem
855 4319 1028 4382 tuam,
1059 4315 1493 4370 clementissime
1521 4316 1702 4381 Pater,
1739 4330 2036 4370 exoramus

415 4424 518 4476 pro
541 4407 804 4462 fratribus
831 4412 886 4462 et
905 4407 1189 4462 sororibus
1209 4408 1440 4476 nostris,
1465 4423 1562 4462 seu
1586 4407 1848 4461 omnibus
1869 4407 2036 4462 bene-

413 4499 712 4554 factoribus
741 4501 966 4570 nostris,
994 4501 1079 4554 vel
1114 4500 1212 4571 qui
1257 4517 1314 4555 se
1343 4501 1402 4554 in
1449 4501 1652 4554 nostris
1691 4499 2036 4554 orationibus

2133 3320 2260 3374 Ideo
2289 3320 2412 3374 dico
2433 3319 2606 3390 vobis,
2638 3321 2809 3376 nolite
2823 3322 3048 3376 solliciti
3069 3339 3188 3378 esse
3213 3325 3425 3380 animas
3455 3327 3604 3398 quid
3639 3345 3812 3385 man-

2133 3413 2365 3482 ducetis,
2396 3429 2578 3483 neque
2619 3414 2838 3484 corpori
2875 3415 3016 3485 quid
3041 3417 3386 3474 vestiamini.
3411 3419 3634 3476 Anima
3667 3423 3809 3494 plus

2133 3509 2216 3559 est
2233 3521 2404 3576 quam
2429 3521 2570 3574 esca,
2599 3511 2655 3560 et
2679 3522 2882 3577 corpus
2908 3523 3080 3578 quam
3105 3510 3547 3567 vestimentum.
3581 3515 3804 3570 Consi-

2131 3597 2318 3652 derate
2340 3613 2547 3664 corvos,
2579 3599 2712 3670 quia
2729 3615 2844 3654 non
2865 3600 3148 3655 seminant
3173 3617 3360 3674 neque
3383 3609 3650 3675 metunt,
3674 3609 3808 3680 qui-

2132 3690 2236 3744 bus
2262 3707 2376 3744 non
2403 3695 2487 3745 est
2516 3691 2806 3746 cellarium
2829 3709 3015 3764 neque
3041 3694 3352 3765 horreum;
3379 3701 3437 3750 et
3469 3699 3635 3754 Deus
3663 3718 3806 3773 pas-

2134 3782 2210 3837 cit
2236 3783 2378 3837 illos.
2407 3783 2623 3847 Quanto
2649 3785 2830 3857 magis
2853 3803 2950 3840 vos
2979 3788 3159 3858 pluris
3191 3789 3326 3844 estis
3354 3789 3513 3844 illis?

2740 3895 2942 3934 INCIPIT
2969 3895 3150 3936 MISSA.

2203 3965 2488 4020 Protector
2521 3965 2578 4020 in
2617 3971 2670 4020 te
2711 3967 3062 4036 sperantium
3113 3969 3281 4039 Deus,
3314 3974 3374 4026 et
3413 3972 3806 4032 subditarum

2131 4056 2232 4111 tibi
2262 4059 2542 4112 mentium
2571 4062 2775 4128 custos,
2815 4059 3202 4116 habitantibus
3245 4062 3308 4116 in
3336 4063 3444 4118 hac
3471 4066 3660 4122 domo
3713 4071 3804 4126 fa-

2133 4149 2296 4203 molis
2315 4151 2427 4204 tuis
2453 4151 2533 4204 ill.
2563 4151 2848 4222 propicius
2867 4153 3059 4208 adesse
3086 4153 3352 4225 dignare.
3389 4159 3602 4215 Veniat
3621 4179 3808 4234 super

2133 4259 2226 4296 eos
2249 4247 2533 4314 sperantes
2561 4261 2593 4296 a
2619 4249 2673 4298 te
2703 4245 3038 4313 benedictio,
3067 4263 3142 4301 ne
3181 4247 3480 4304 subvertas
3515 4268 3530 4305 :
3559 4259 3636 4309 ut
3685 4257 3806 4326 pie

2131 4335 2258 4389 tatis
2283 4340 2396 4390 tuas
2425 4336 2624 4406 repleti
2649 4337 3000 4407 muneribus,
3039 4339 3098 4394 in
3135 4344 3236 4394 tua
3281 4343 3469 4412 gratia
3513 4349 3576 4400 et
3605 4347 3672 4402 in
3701 4353 3806 4404 tuo

2133 4428 2366 4483 nomine
2392 4428 2508 4482 laeti
2534 4445 2756 4499 semper
2782 4431 3058 4486 exultent.

2827 4518 3055 4568 Secreta.

411 4593 964 4661 commendaverunt,
989 4597 1104 4648 tam
1131 4609 1234 4663 pro
1261 4592 1418 4659 vivis,
1443 4609 1614 4664 quam
1641 4595 1698 4646 et
1722 4591 1916 4646 solutis
1943 4591 2034 4646 de-
2053 4578 2111 4650 Ι)
2203 4587 2451 4658 Suscipe,
2485 4587 2739 4654 Domine,
2767 4605 3116 4660 quaesumus,
3139 4607 3339 4663 preces
3365 4599 3424 4650 et
3447 4594 3682 4655 hostias
3713 4601 3802 4656 fa-

411 4686 527 4740 bito
551 4687 770 4756 mortis,
799 4703 1042 4757 quorum
1067 4686 1444 4756 eleemosynas
1466 4685 1774 4758 erogandas
1790 4683 2031 4755 suscepi-

409 4794 557 4846 mus,
587 4779 672 4833 vel
699 4795 942 4850 quorum
964 4778 1179 4833 animas
1200 4779 1272 4833 ad
1295 4779 1728 4834 memorandum
1754 4778 2030 4847 conscrip-

409 4871 602 4940 simus,
627 4872 710 4926 vel
736 4888 980 4943 quorum
1007 4871 1240 4925 nomina
1266 4888 1436 4942 super
1465 4875 1724 4926 sanctum
1769 4869 2029 4926 altarium

409 4964 612 5035 scripta
643 4965 800 5020 adest
834 4963 1121 5020 evidenter
1147 4983 1163 5017 :
1195 4963 1436 5018 concede
1473 4964 1777 5034 propicius,
1807 4967 1871 5017 ut
1909 4963 2032 5016 haec

408 5073 560 5111 sacra
585 5057 790 5112 oblatio
813 5057 1053 5113 mortuis
1079 5057 1256 5128 prosit
1281 5057 1352 5111 ad
1379 5055 1620 5123 veniam,
1649 5061 1704 5111 et
1728 5055 1865 5110 vivis
1899 5071 2027 5126 pro-

411 5145 556 5199 ficiat
595 5147 668 5200 ad
693 5147 932 5202 salutem
957 5163 974 5214 ;
1006 5151 1062 5200 et
1081 5145 1339 5200 fidelibus
1366 5144 1497 5211 tuis,
1521 5161 1625 5216 pro
1654 5143 1858 5215 quibus
1885 5143 2032 5197 obla-

407 5237 619 5292 tionem
646 5237 951 5305 offerimus,
975 5237 1329 5309 indulgentia
1347 5242 1458 5292 tute
1485 5237 1704 5308 pietatis
1725 5240 2029 5290 succurrat.

935 5329 1130 5378 Dicitur
1155 5329 1362 5380 Secreta
1391 5329 1508 5378 alia.

479 5401 673 5454 Preces
738 5403 975 5470 nostras,
1029 5401 1460 5456 clementissime
1521 5401 1683 5470 Deus,
1753 5398 2032 5470 benignus

479 5533 504 5562 ⁸
528 5525 774 5596 Sequens
801 5525 986 5596 Lectio
1026 5541 1142 5596 non
1165 5525 1374 5596 legitur
1399 5525 1456 5579 in
1481 5525 1715 5596 epistola
1735 5524 1808 5578 ad
1843 5524 2028 5578 Colos-

409 5593 632 5661 senses;
659 5611 842 5666 neque
876 5595 944 5666 in
981 5595 1162 5648 Libris
1187 5593 1358 5650 sacris
1389 5612 1402 5646 :
1443 5593 1540 5650 sed
1575 5599 1658 5649 est
1693 5593 1916 5666 farrago
1964 5609 2033 5649 ex

409 5667 708 5738 Scriptura:
735 5665 916 5738 verbis
945 5669 1222 5738 contexta.

479 5737 506 5776 ι)
529 5733 698 5792 Moris
736 5735 1039 5807 aliquando
1081 5735 1358 5807 fuisse__ut
1405 5734 1460 5787 in
1500 5733 1761 5807 domibus
1785 5733 2031 5807 privatis,

406 5807 518 5862 sive
547 5826 648 5878 pro
677 5804 936 5876 infirmis,
963 5823 1062 5862 seu
1087 5822 1190 5875 pro
1216 5804 1340 5878 aliis
1369 5805 1568 5878 causis,
1597 5820 1752 5878 sacra
1783 5806 2031 5878 celebra-

409 5875 620 5950 rentur,
649 5879 802 5935 testis
829 5883 930 5950 est,
961 5883 1166 5950 praeter
1203 5875 1360 5944 alios,
1387 5875 1671 5946 Paulinus,
1701 5875 1760 5930 in
1783 5875 1923 5932 libro
1967 5876 2033 5934 de

2127 4681 2414 4738 mulorum
2439 4683 2668 4735 tuorum
2701 4681 2804 4751 ill.,
2849 4687 2906 4737 et
2955 4699 3122 4740 muro
3165 4686 3439 4742 custodias
3480 4693 3609 4746 tuae
3647 4694 3806 4750 hanc

2129 4773 2365 4828 domum
2391 4773 2718 4842 circumda;
2750 4779 2816 4829 ut
2841 4775 2998 4830 omni
3025 4776 3362 4834 adversitate
3411 4781 3693 4855 depulsa,
3725 4787 3802 4842 sit

2129 4867 2235 4922 hoc
2274 4881 2500 4937 semper
2539 4866 2889 4922 domicilium
2919 4868 3324 4926 incolomitatis
3351 4877 3410 4927 et
3434 4877 3630 4945 pacis.
3671 4881 3804 4936 Per.

2773 4961 3107 5011 Contestatio.

2201 5031 2339 5084 Vere
2366 5029 2602 5101 dignum
2629 5034 2684 5085 et
2701 5030 2922 5102 justum
2957 5037 3041 5087 est
3075 5032 3444 5105 omnipotens
3477 5039 3662 5112 Deus,
3691 5044 3796 5100 be—

2129 5121 2338 5194 nignus
2365 5121 2616 5177 indultor
2639 5123 2698 5177 in
2726 5123 2951 5178 secretis
2977 5125 3176 5181 ofﬁciis
3201 5129 3440 5196 nostris,
3463 5135 3526 5187 et
3545 5133 3613 5189 in
3645 5135 3800 5192 hanc

2131 5216 2360 5270 domum
2405 5215 2765 5270 manentibus
2806 5217 3124 5288 praesentia:
3153 5223 3267 5274 tum
3309 5225 3572 5282 concede
3604 5235 3798 5284 custo-

2132 5309 2302 5375 diam,
2323 5307 2552 5362 familias
2577 5312 2692 5363 tuae
2723 5309 3003 5378 defensor,
3045 5329 3110 5365 ac
3131 5313 3304 5368 totius
3333 5313 3668 5377 habitaculi
3697 5323 3802 5378 hu-

2124 5402 2220 5472 jus
2245 5401 2527 5456 habitator
2553 5417 2844 5474 appareas.

2133 5521 2252 5576 Vita
2274 5522 2448 5606 sancti
2475 5522 2771 5606 ambrosii,
2794 5523 2892 5593 qui
2913 5525 3132 5606 Romae,
3149 5531 3306 5606 trans
3331 5529 3622 5606 Tiberim,
3642 5537 3802 5606 apud

2132 5592 2436 5672 quamdam
2463 5592 2830 5672 clarissimam
2867 5592 3192 5651 matronam
3231 5598 3536 5672 invitatus,
3574 5592 3798 5662 sacriﬁ-

2133 5663 2284 5717 cium
2311 5663 2370 5716 in
2399 5663 2568 5716 domo
2600 5663 2824 5718 obtulit.

2203 5713 2370 5806 F7116;
2404 5713 3040 5805 Divangel—iuwm'videtur
3076 5737 3268 5806 potius
3311 5713 3700 5800 referendum
3730 5748 3800 5801 ad

2133 5804 2362 5930 {nissum
2407 5804 2757 5876 sequentem,
2801 5821 2972 5877 quam
3009 5804 3096 5861 ad'
3126 5808 3492 5880 superiorem
3523 5815 3599 5872 de
3633 5833 3796 5874 mor-

2159 5891 2264 5930 uis.

2159 5891 2264 5930 uis.
