3970 6434
184 481 3484 504 ww

607 631 1652 753 LBGTIONBS'
1731 631 3032 807 nommrcanns.

673 970 829 1009 MISSA
869 969 1231 1009 DOHINICALIS.

551 1041 726 1090 Lectio
761 1041 1055 1090 Hiezechiel
1078 1041 1362 1105 prophetas.

230 1122 446 1174 Factum
486 1124 569 1173 est
604 1121 842 1175 verbum
881 1121 1105 1174 Domini
1145 1121 1214 1174 ad
1242 1137 1333 1175 me
1368 1121 1558 1176 dicens
1589 1137 1601 1175 :
1628 1121 1771 1185 Quid

168 1217 239 1267 est
260 1212 403 1282 quod
427 1212 578 1265 inter
606 1229 704 1267 vos
733 1213 1059 1284 parabolam
1085 1213 1301 1268 vertitis
1329 1213 1386 1267 in
1412 1214 1768 1284 proverbium

165 1304 296 1359 istud
336 1304 391 1358 in
429 1308 575 1358 terra
623 1306 787 1360 Israel
834 1305 1083 1361 dicentes
1125 1323 1138 1360 :
1179 1308 1368 1360 Patres
1408 1307 1772 1360 comederunt

165 1413 318 1452 uvam
351 1396 634 1467 acerbam,
672 1402 729 1452 et
775 1398 969 1453 dentes
1024 1398 1275 1453 ﬁliorum
1325 1399 1772 1469 obstupescunt?

164 1491 282 1544 Vivo
313 1506 432 1560 ego,
474 1489 611 1543 dicit
657 1491 928 1545 Dominus
966 1492 1131 1559 Deus,
1171 1507 1298 1546 ecce
1335 1507 1529 1546 omnes
1563 1491 1770 1544 animae

164 1599 288 1638 mea:
315 1587 460 1639 sunt.
486 1586 555 1639 Ut
578 1584 768 1638 anima
787 1583 1075 1654 patris,,ita
1100 1587 1157 1637 et
1181 1584 1372 1638 anima
1391 1583 1488 1637 ﬁlii
1505 1599 1633 1637 mea
1667 1588 1768 1637 est.

161 1680 344 1734 Anima
367 1698 493 1752 quae
508 1680 824 1751 peccaverit
849 1681 968 1750 ipsa
987 1681 1280 1734 morietur.
1305 1682 1371 1734 Et
1395 1681 1498 1748 vir,
1529 1680 1572 1733 si
1601 1679 1773 1734 fuerit

157 1772 345 1842 justus,
388 1779 443 1827 et
483 1773 683 1828 fecerit
715 1773 994 1843 judicium
1043 1777 1099 1826 et
1135 1772 1435 1842 justitiam,
1469 1773 1536 1826 de
1576 1772 1773 1842 rapina

164 1880 264 1918 non
311 1866 642 1932 comederit,
693 1870 748 1920 et
789 1865 979 1918 oculos
1028 1881 1159 1918 suos
1212 1881 1328 1919 non
1369 1864 1668 1919 elevaverit
1703 1864 1772 1918 ad

165 1957 296 2011 idola
319 1958 517 2012 domus
545 1958 735 2025 Israel,
764 1963 819 2012 et
843 1974 1084 2011 uxorem
1118 1957 1360 2028 proximi
1399 1957 1485 2012 sui
1515 1973 1628 2010 non
1655 1956 1770 2010 vio-

165 2050 364 2117 lavarit,
391 2056 445 2105 et
474 2050 547 2104 ad
591 2051 894 2104 mulierem
929 2055 1339 2104 menstruatam
1375 2066 1488 2103 non
1527 2049 1772 2116 accedat,

162 2148 210 2197 et
232 2143 520 2196 hominum
551 2159 668 2196 non
700 2143 1132 2211 contristaverit,
1155 2141 1362 2212 pignus
1388 2141 1630 2196 debitori
1656 2140 1775 2195 red-

163 2235 367 2302 diderit,
385 2253 488 2307 per
507 2236 625 2290 vim
638 2235 779 2288 nihil
796 2235 1046 2306 rapuerit
1061 2253 1076 2303 ;
1099 2250 1306 2305 panem
1328 2250 1495 2288 suum
1507 2232 1778 2288 esurienti

163 2327 379 2394 dederit,
409 2332 465 2383 et
488 2328 715 2382 nudum
744 2327 1030 2398 operuerit
1053 2327 1414 2393 vestimento;
1446 2326 1516 2380 ad
1541 2342 1776 2380 usuram
1797 2322 1851 2392 B

163 2443 262 2482 non
283 2429 728 2484 commodaverit
757 2433 812 2483 et
837 2428 1080 2499 amplius
1109 2443 1222 2482 non
1242 2426 1551 2498 acceperit;
1586 2427 1655 2479 ab
1675 2426 1778 2479 ini-

162 2522 358 2592 quitate
395 2521 666 2576 averterit
696 2537 928 2574 manum
958 2536 1141 2586 suam,
1163 2519 1444 2590 judicium
1470 2533 1667 2572 verum
1693 2518 1774 2572 fe-

164 2615 306 2682 cerit,
337 2615 483 2669 inter
512 2615 706 2668 virum
732 2619 787 2669 et
813 2613 1167 2684 proximum;
1198 2613 1254 2666 in
1297 2611 1592 2682 praeceptis
1639 2611 1779 2663 meis

163 2707 538 2777 ambulaverit,
563 2711 621 2762 et
632 2706 854 2777 judicia
873 2723 998 2761 mea
1016 2704 1342 2760 custodierit
1359 2710 1424 2759 ut
1447 2704 1619 2758 faciat
1643 2703 1781 2757 veri-

164 2803 321 2854 tatem
375 2817 388 2855 :
435 2801 527 2854 hic
578 2800 768 2870 justus
829 2804 932 2869 est,
979 2799 1093 2854 vita
1143 2798 1308 2863 vivet,
1378 2798 1455 2851 ait
1515 2796 1782 2850 Dominus

164 2891 314 2947 Deus.
458 2960 694 3026 Epistola
726 2962 870 3012 Pauli
902 2961 1122 3024 apostoli
1148 2959 1212 3009 ad
1240 2959 1458 3009 Galatas.

227 3042 456 3112 Fratres,
486 3043 712 3097 fructus
751 3045 942 3099 autem
983 3041 1214 3111 spiritus
1256 3043 1341 3094 est
1375 3039 1594 3105 caritas,
1642 3039 1780 3108 gaul

162 3134 328 3203 dium,
357 3152 489 3208 pax,
523 3134 948 3205 longanimitas,
974 3133 1213 3201 bonitas,
1243 3131 1580 3201 benignitas,
1623 3131 1780 3197 ﬁdes,

162 3228 440 3297 modestia,
469 3225 886 3282 continentia'.
913 3227 1189 3280 Adversus
1215 3224 1538 3294 hujusmodi
1564 3240 1678 3277 non
1705 3229 1786 3277 est

162 3320 264 3375 lex.
291 3321 394 3385 Qui
413 3325 614 3377 autem
644 3325 775 3374 sunt
799 3319 1033 3388 Christi,
1058 3334 1284 3372 carnem
1305 3333 1465 3370 suam
1492 3316 1782 3371 cruciﬁxe-

162 3419 287 3469 runt
304 3431 433 3469 cum
460 3415 615 3468 vitiis
641 3417 698 3467 et
721 3410 1203 3483 concupiscentiis.
1233 3410 1289 3465 Si
1308 3409 1508 3481 spiritu
1526 3409 1784 3477 vivimus,

164 3507 354 3578 spiritu
381 3513 440 3563 et
465 3506 848 3561 ambulemus.
878 3507 1002 3559 Non
1031 3504 1345 3559 efficiamur
1369 3503 1552 3556 inanis
1600 3502 1789 3573 gloriae

163 3601 362 3672 cupidi,
418 3601 666 3656 invicem
728 3601 1114 3670 provocantes,
1166 3596 1404 3650 invicem
1457 3595 1784 3650 invidentes.

1792 968 1849 1038 Α
1869 955 2013 1025 pulis
2039 955 2154 1008 suis
2198 972 2210 1009 :
2253 959 2434 1009 Arnen
2467 955 2592 1008 dico
2619 953 2794 1018 vobis,
2835 952 3051 1007 facilius
3088 955 3173 1005 est
3206 953 3484 1006 camelum

1868 1063 1970 1117 per
1992 1048 2246 1101 foramen
2272 1064 2403 1101 acus
2434 1047 2690 1114 transire,
2723 1061 2896 1116 quam
2927 1045 3157 1099 divitem
3184 1044 3390 1098 intrare
3426 1046 3483 1098 in

1869 1155 2112 1209 regnum
2139 1141 2424 1194 caelorum.
2455 1139 2672 1193 Auditis
2698 1142 2889 1192 autem
2906 1137 2993 1191 his
3014 1137 3299 1208 discipulis
3323 1137 3487 1191 mira-

1869 1231 2078 1286 bantur
2129 1232 2307 1300 valde,
2364 1231 2612 1285 dicentes
2654 1250 2666 1285 :
2707 1229 2841 1294 Quis
2877 1246 3014 1300 ergo
3057 1230 3264 1300 poterit
3302 1230 3485 1284 salvus

1869 1326 2026 1379 esse?
2052 1324 2337 1395 Aspiciens
2366 1329 2554 1378 autem
2583 1325 2738 1376 Jesus
2769 1323 2910 1376 dixit
2935 1323 3043 1376 illis
3072 1322 3274 1393 :prud
3301 1323 3484 1376 homi-

1869 1432 1969 1471 nes
2008 1417 2113 1470 hoc
2155 1416 2499 1487 impossibile
2530 1419 2633 1480 est,
2675 1415 2826 1484 apud
2863 1416 3038 1468 Deum
3074 1419 3262 1469 autem
3301 1414 3489 1468 omnia

1870 1509 2155 1579 possibilia
2193 1513 2341 1563 sunt.
2382 1511 2533 1562 Tunc
2567 1507 2910 1579 respondens
2949 1509 3144 1562 Petrus
3194 1507 3334 1562 dixit
3374 1509 3426 1560 ei
3471 1525 3485 1561 :

1871 1603 2006 1656 Ecce
2031 1618 2136 1656 nos
2163 1601 2492 1672 reliquimus
2506 1599 2713 1668 omnia,
2745 1605 2801 1653 et
2826 1600 3001 1654 secuti
3028 1616 3222 1653 sumus
3256 1600 3488 1670 te:quid

1870 1710 2006 1764 ergo
2035 1695 2141 1748 erit
2164 1694 2327 1747 nobis
2345 1695 2372 1747 ‘i
2399 1696 2556 1748 Jesus
2581 1698 2772 1748 autem
2798 1692 2940 1746 dixit
2967 1692 3079 1746 illis
3105 1709 3117 1746 :
3145 1696 3323 1747 Amen
3366 1693 3488 1746 dico

1871 1787 2044 1855 vobis,
2074 1787 2229 1858 quod
2259 1803 2354 1840 vos
2374 1787 2663 1857 quigsecuti
2689 1786 2821 1840 estis
2837 1802 2948 1854 me,
2967 1785 3488 1856 in‘regeneratione,

1871 1897 2002 1934 cum
2028 1880 2234 1934 sederit
2275 1879 2443 1933 Filius
2472 1879 2716 1932 hominis
2755 1879 2814 1932 in
2852 1878 2981 1932 sede
3019 1879 3322 1947 majestatis
3352 1894 3487 1945 suae,

1873 1972 2135 2026 sedebitis
2175 1977 2230 2025 et
2273 1988 2370 2025 vos
2407 1988 2577 2041 super
2613 1972 2768 2026 sedes
2819 1970 3133 2038 duodecim,
3176 1970 3492 2044 judicantes

1873 2065 2167 2118 duodecim
2183 2064 2362 2118 tribus
2379 2065 2561 2118 Israel.
2580 2066 2644 2117 Et
2670 2063 2853 2117 omnis
2879 2063 2979 2134 qui
2998 2063 3226 2133 reliquit
3237 2063 3490 2133 domum,

1874 2158 1959 2211 vel
1987 2158 2186 2212 fratres
2211 2162 2308 2210 aut
2335 2173 2577 2224 sorores,
2608 2161 2706 2209 aut
2730 2160 2968 2226 patrem,
2992 2161 3090 2209 aut
3116 2161 3375 2223 matrem,
3397 2162 3496 2209 aut

1875 2266 2130 2317 uxorem,
2164 2253 2260 2303 aut
2286 2248 2446 2318 ﬁlios,
2476 2253 2574 2302 aut
2601 2265 2767 2319 agros
2791 2252 3023 2319 propter
3044 2263 3250 2302 nomen
3279 2264 3492 2315 meum,

1876 2343 2202 2414 centuplum
2246 2341 2498 2411 accipiet,
2550 2344 2605 2394 et
2647 2341 2818 2395 vitam
2860 2346 3129 2394 aeternam
3167 2340 3490 2410 possidebit.

1876 2435 2029 2490 Multi
2071 2437 2263 2487 autem
2309 2439 2476 2488 erunt
2513 2432 2685 2504 primi
2732 2433 3039 2500 novissimi,
3099 2437 3154 2485 et
3206 2433 3494 2486 novissimi

1878 2527 2065 2598 primi.

2479 2610 2672 2648 INCIPIT
2711 2609 2887 2648 HISSA.

2248 2686 2495 2736 Collectio
2519 2689 2636 2749 post
2667 2685 2992 2749 prophetiam
3011 2686 3036 2725 b
3067 2724 3076 2733 .

1952 2768 2184 2822 Domine
2224 2769 2354 2823 Jesu
2379 2767 2614 2833 Christe,
2646 2782 2772 2837 spes
2800 2770 2856 2820 et
2885 2767 3032 2819 salus
3057 2767 3294 2821 humani
3321 2784 3491 2839 gene-

1883 2861 1976 2927 ris,
2008 2861 2104 2931 qui
2135 2861 2205 2915 ad
2234 2878 2334 2915 nos
2359 2860 2590 2916 veniens
2618 2876 2686 2913 ex
2730 2859 2842 2912 alto
2879 2859 3098 2913 visitare
3125 2859 3388 2930 dignatus
3417 2879 3494 2930 es,

1883 2958 1939 3006 et
1977 2953 2044 3008 de
2091 2953 2325 3024 antiqua
2360 2956 2541 3006 morte
2580 2951 2789 3022 peccati
2834 2967 2937 3021 per
2981 2951 3354 3006 miserationis
3387 2958 3498 3008 tuas

1883 3046 2149 3116 mysteria
2179 3046 2468 3100 redemisti
2491 3063 2505 3113 ;
2539 3045 2635 3115 qui
2661 3044 2913 3098 inluxisti
2939 3044 3118 3112 nobis,
3151 3045 3249 3115 qui
3277 3047 3496 3100 erraba-

1886 3155 2010 3192 mus
2044 3139 2101 3192 in
2144 3139 2410 3207 tenebris,
2449 3143 2504 3192 et
2541 3138 2765 3191 vitalem
2805 3137 2956 3191 diem
2993 3137 3050 3191 in
3079 3139 3281 3193 umbra
3305 3143 3501 3196 mortis

1885 3232 2205 3286 sedentibus
2240 3231 2507 3299 intulisti;
2548 3230 2782 3301 respice,
2819 3229 3076 3300 Domine,
3115 3236 3168 3286 et
3194 3232 3375 3304 dirige
3403 3251 3500 3305 pe-

1886 3326 1982 3379 des
2003 3329 2220 3379 nostros
2249 3324 2304 3376 in
2330 3325 2480 3377 viam
2505 3323 2677 3395 pacis.
2708 3324 2828 3377 Per.

2565 3413 2797 3464 Praefatio
2814 3451 2823 3462 .

1958 3497 2188 3552 Domine
2220 3497 2365 3550 Deus
2391 3493 2970 3567 incomprehensibilis
2999 3500 3054 3549 et
3096 3495 3502 3566 inenarrabilis,

1887 3590 1984 3660 qui
2013 3589 2236 3644 dixisti:
2267 3591 2387 3642 Non
2428 3588 2554 3642 veni
2591 3604 2785 3641 vocare
2821 3587 3021 3656 justos,
3057 3589 3152 3642 sed
3191 3595 3505 3660 peccatores

164 3692 395 3763 Fratres,
427 3693 536 3748 etsi
564 3696 993 3764 praeoccupatus
1012 3690 1186 3745 fuerit
1204 3689 1375 3743 homo
1400 3688 1460 3742 in
1489 3689 1679 3758 aliquo
1703 3688 1794 3742 de-
1813 3680 1867 3754 C
1891 3683 1960 3736 ad
1986 3681 2403 3753 panitentiam;
2436 3687 2490 3735 et
2519 3697 2648 3734 cum
2673 3679 2928 3750 profectu
2951 3684 3142 3734 nostro
3173 3698 3288 3737 non
3317 3698 3502 3754 egeas,

163 3785 302 3856 licto,
331 3804 426 3841 vos
461 3786 565 3858 qui
599 3785 876 3856 spiritales
909 3785 1062 3850 estis,
1096 3781 1422 3853 hujusmodi
1447 3781 1710 3836 instruite
1731 3781 1790 3834 in

164 3880 355 3950 spiritu
381 3879 656 3948 lenitatis,
691 3877 1049 3933 considerans
1076 3879 1130 3931 te
1157 3876 1364 3946 ipsum,
1394 3890 1465 3929 ne
1496 3880 1552 3929 et
1577 3879 1638 3928 tu
1664 3877 1788 3928 ten-

164 3973 309 4028 teris.
342 3975 499 4029 Alter
527 3971 759 4027 alterius
784 3987 954 4026 onera
980 3973 1217 4042 portate,
1247 3973 1304 4024 et
1328 3967 1403 4022 sic
1454 3967 1788 4038 adimplebi-

167 4065 230 4119 tis
257 4067 444 4138 legem
469 4065 705 4121 Christi.

315 4159 492 4208 Lectio
524 4157 693 4207 sancti
719 4155 985 4219 Evangelii
1018 4152 1304 4204 secundum
1328 4151 1637 4202 Matthmum.

233 4240 437 4294 Diebus
480 4239 618 4307 illis,
649 4237 920 4293 accedens
957 4251 1106 4290 unus
1146 4235 1215 4288 de
1253 4233 1458 4288 Scribis
1499 4233 1570 4286 ad
1599 4233 1792 4287 Domi-

166 4348 299 4387 num
326 4334 544 4400 Jesum,
575 4337 633 4385 et
670 4329 804 4384 dicit
829 4330 912 4383 illi
941 4346 954 4384 :
987 4328 1248 4399 Magister
1290 4326 1455 4395 bone,
1491 4326 1628 4398 quid
1664 4325 1797 4380 boni

167 4425 381 4493 faciam,
418 4431 481 4480 ut
525 4424 770 4479 habeam
814 4423 987 4477 vitam
1034 4420 1346 4476 aeternam?
1383 4419 1487 4483 Qui
1524 4419 1663 4473 dixit
1697 4420 1747 4473 ei
1779 4435 1793 4471 :

166 4519 295 4590 quid
321 4536 416 4574 me
441 4520 764 4588 interrogas
789 4515 1030 4588 de_bono
1053 4515 1079 4569 Τ
1104 4516 1256 4570 Unus
1287 4517 1370 4568 est
1405 4511 1587 4567 bonus
1630 4513 1794 4566 Deus.

167 4611 220 4666 Si
249 4617 440 4667 autem
469 4613 556 4666 vis
581 4611 650 4664 ad
681 4611 855 4664 vitam
880 4607 1120 4680 ingredi,
1153 4622 1310 4661 serva
1346 4607 1629 4660 mandata.
1661 4604 1802 4658 Dicit

170 4703 244 4759 illi
273 4723 286 4758 :
320 4707 460 4769 Quae
480 4706 509 4760 τ
535 4706 694 4759 Jesus
718 4707 910 4757 autem
940 4701 1080 4755 dixit
1109 4717 1120 4753 :
1151 4701 1270 4753 Non
1300 4698 1670 4753 homicidium
1713 4697 1798 4750 fa-

167 4798 293 4866 cies,
324 4816 441 4852 non
461 4795 832 4862 adulterabis,
853 4811 968 4848 non
994 4793 1165 4848 facies
1185 4793 1422 4860 furtum,
1451 4807 1567 4844 non
1596 4789 1801 4844 falsum

168 4891 556 4946 testimonium
583 4889 767 4956 dices;
798 4888 1014 4942 honora
1040 4890 1257 4955 patrem
1278 4891 1334 4939 et
1348 4888 1608 4952 matrem,
1639 4887 1693 4938 et
1718 4883 1800 4936 di-

166 4983 302 5054 liges
327 4984 666 5056 proximum
701 4986 863 5036 tuum
891 4981 1033 5034 sicut
1062 4979 1323 5050 teipsum.
1355 4977 1500 5032 Dicit
1538 4975 1619 5030 illi
1664 4976 1800 5030 adu-

1891 3775 2100 3847 gaudes
2124 3779 2315 3828 tamen
2340 3791 2508 3845 super
2534 3777 2882 3844 peccatorem
2912 3773 3300 3844 paenitentiam
3329 3792 3505 3847 agen-

1888 3874 2024 3938 tem,
2053 3868 2185 3939 quia
2211 3884 2325 3922 non
2350 3868 2431 3920 vis
2460 3872 2702 3921 mortem
2730 3867 3054 3937 peccatoris,
3085 3868 3182 3922 sed
3208 3872 3270 3923 ut
3283 3885 3509 3925 conver-

1889 3966 2042 4016 tatur
2067 3964 2123 4014 et
2149 3960 2314 4016 vivat.
2352 3962 2622 4016 Converte
2660 3977 2779 4028 nos,
2815 3960 3068 4028 Domine,
3111 3962 3180 4015 ad
3206 3967 3260 4016 te
3289 3968 3344 4017 et
3373 3980 3507 4019 con-

1893 4059 2196 4109 vertemur.
2225 4055 2495 4109 Converte
2525 4071 2625 4107 nos
2646 4055 2789 4108 Deus
2819 4053 3075 4108 salutaris
3121 4061 3328 4124 noster,
3358 4062 3412 4112 et
3440 4074 3512 4112 ne

1892 4147 2094 4219 perdas
2126 4164 2227 4201 nos
2264 4164 2394 4202 cum
2433 4146 2670 4218 peccatis
2713 4146 2936 4216 nostris,
2976 4163 3047 4202 ne
3089 4148 3274 4203 tradas
3317 4166 3420 4205 nos
3454 4152 3513 4206 in

1895 4240 2085 4295 tinem.
2115 4241 2191 4294 Ne
2220 4241 2392 4295 intres
2420 4240 2475 4294 in
2489 4240 2771 4311 judicium
2799 4257 2927 4293 cum
2954 4241 3124 4294 servis
3149 4243 3283 4312 tuis,
3312 4261 3384 4299 ne
3408 4249 3518 4299 ινδ.

1897 4335 1991 4389 das
2019 4333 2208 4388 bestiis
2242 4334 2489 4388 animam
2524 4333 2883 4388 conﬁtentem
2920 4333 3039 4401 tibi,
3069 4343 3356 4391 memento
3380 4355 3513 4395 con-

1899 4426 2238 4499 gregationis
2266 4431 2398 4494 tuae,
2419 4431 2475 4481 et
2504 4426 2684 4496 dirige
2711 4443 2811 4480 nos
2831 4427 2887 4480 in
2914 4427 2999 4480 via
3025 4433 3191 4482 recta.
3223 4431 3366 4484 Doce
3389 4448 3512 4504 nos,

1897 4520 2151 4588 Domine,
2182 4520 2364 4574 facere
2408 4520 2758 4573 voluntatem
2796 4523 2970 4588 tuam,
3002 4521 3133 4590 quia
3172 4526 3234 4575 tu
3274 4539 3331 4578 es
3371 4526 3516 4580 Deus

1897 4617 2104 4666 noster.
2133 4601 2320 4667 Statue
2353 4612 2522 4682 pedes
2551 4611 2612 4665 in
2650 4612 3154 4683 consummatione,
3185 4619 3248 4669 ut
3271 4621 3325 4670 te
3351 4617 3513 4688 adju-

1899 4712 2062 4761 vante
2088 4706 2376 4760 vincamus
2404 4704 2619 4776 antiqui
2661 4704 2838 4758 hostis
2869 4704 3113 4774 insidias,
3155 4714 3217 4767 ut
3248 4710 3409 4765 liberi
3447 4714 3517 4768 ab

1900 4799 2252 4854 infestatione
2289 4797 2526 4864 inimici,
2568 4797 2873 4852 serviamus
2901 4798 3002 4853 tibi
3043 4800 3103 4854 in
3137 4805 3426 4859 sanctitate
3464 4812 3520 4863 et

1894 4893 2114 4964 justitia
2132 4891 2394 4948 omnibus
2425 4891 2622 4947 diebus
2647 4893 2773 4946 vitae
2799 4897 3023 4947 nostrai.

2577 4983 2843 5033 Collectio.

168 5076 379 5132 lescens
414 5095 428 5131 :
477 5076 683 5132 Omnia
726 5077 848 5129 haec
898 5072 1189 5141 custodivi,
1236 5071 1374 5142 quid
1429 5071 1613 5125 adhuc
1665 5044 1882 5122 mihiD
1977 5066 2211 5120 Domine
2238 5067 2385 5119 Deus
2407 5065 2782 5135 omnipotens,
2811 5065 2907 5136 qui
2929 5065 3103 5120 salvos
3128 5067 3260 5123 facis
3285 5088 3517 5141 speran-

169 5171 356 5226 deest?
386 5171 482 5225 Ait
510 5169 592 5223 illi
631 5170 789 5223 Jesus
833 5183 846 5219 :
881 5167 935 5222 Si
965 5167 1045 5220 vis
1090 5165 1371 5237 perfectus
1397 5179 1537 5232 esse,
1565 5163 1721 5228 vade,
1752 5164 1808 5215 et

169 5265 345 5319 vende
373 5280 506 5336 qua:
529 5263 723 5331 habes,
755 5267 810 5316 et
837 5261 906 5315 da
927 5258 1290 5332 pauperibus,
1323 5261 1379 5311 et
1422 5255 1652 5310 habebis
1689 5256 1808 5308 the-

169 5374 402 5412 saurum
433 5359 496 5411 in
539 5357 697 5421 calo,
729 5360 785 5410 et
811 5351 957 5423 veni,
987 5367 1220 5424 sequere
1241 5367 1351 5405 mc.
1393 5350 1536 5405 Cum
1567 5349 1810 5403 audisset

170 5456 362 5505 autem
413 5451 750 5504 adulescens
796 5447 1052 5514 verbum,
1081 5445 1217 5498 abiit
1259 5444 1450 5498 tristis.
1490 5443 1618 5496 Erat
1657 5442 1809 5496 enim

169 5544 386 5599 habens
413 5543 631 5598 multas
657 5539 1052 5613 possessiones.
1082 5539 1237 5593 Jesus
1261 5541 1453 5591 autem
1478 5533 1620 5589 dixit
1645 5533 1808 5590 disci-

237 5687 262 5716 ⁸
289 5688 390 5743 Hic
420 5701 633 5742 novem
660 5689 882 5739 tantum
920 5683 1134 5737 fructus
1171 5680 1412 5752 Spiritus
1442 5676 1637 5752 sancti,
1655 5685 1730 5752 _ut
1753 5677 1814 5730 in

170 5758 401 5827 Graeco;
446 5759 510 5812 in
551 5755 896 5810 Lectionario
933 5747 1266 5809 Luxoviensi
1312 5751 1529 5817 decem,
1570 5747 1670 5802 ubi
1707 5765 1812 5819 pa-

171 5831 386 5892 tientia,
414 5828 825 5896 longanimitas.

242 5903 269 5942 b
298 5889 442 5956 Hinc
482 5889 794 5970 colligitur,
828 5896 1075 5965 missam,
1110 5894 1154 5948 si
1179 5909 1296 5949 non
1335 5906 1575 5963 semper,
1618 5889 1816 5945 saltem

1907 5163 1988 5213 tes
2016 5159 2074 5212 in
2101 5165 2173 5212 te.
2199 5158 2279 5212 Tu
2301 5157 2754 5224 clementissime,
2784 5158 2880 5229 qui
2908 5176 3127 5214 revocas
3154 5171 3430 5235 errantes;
3461 5173 3524 5223 tu

1908 5250 2439 5317 misericordissime,
2485 5251 2582 5321 qui
2625 5267 2737 5304 non
2777 5251 3016 5322 despicis
3059 5262 3408 5328 peccatores;
3438 5267 3521 5331 tu,

1910 5341 2141 5398 Domine
2168 5345 2348 5409 Pater,
2381 5359 2509 5396 cum
2539 5343 2801 5399 ceciderit
2826 5345 3033 5414 justus,
3080 5364 3316 5406 manum
3349 5370 3522 5426 appo-

1908 5437 2023 5505 nis;
2057 5441 2116 5492 tu
2146 5437 2392 5492 excelsus
2419 5435 2477 5489 in
2507 5437 2676 5506 caelis,
2704 5436 2955 5493 habitare
2980 5443 3288 5511 promisisti
3324 5446 3382 5501 in
3409 5453 3523 5502 ter-

1912 5529 2010 5599 ris,
2038 5530 2134 5584 ubi
2162 5535 2290 5585 sunt
2316 5529 2642 5602 congregati
2673 5530 2732 5586 in
2763 5533 2858 5586 tuo
2885 5533 3114 5590 nomine
3140 5537 3251 5591 duo
3277 5539 3362 5593 vel
3382 5545 3524 5609 tres;

1913 5675 2233 5751 aliquando,
2273 5675 2590 5751 inchoatam
2623 5675 2793 5731 fuisse
2835 5694 2878 5751 ‘a
2916 5677 3152 5751 lectione
3194 5681 3520 5751 prophetiae,

1915 5746 2392 5819 quemadmodum
2419 5746 2478 5819 in
2510 5747 2804 5802 Parasceve
2833 5747 3026 5819 incipit
3053 5746 3248 5804 missas
3272 5746 3521 5804 Fraasan-

1915 5817 2303 5873 ctiticatorum.
2336 5817 2538 5872 Confer
2552 5822 2664 5873 tres
2688 5819 2823 5874 alias
2845 5817 3038 5874 missas
3059 5819 3412 5875 dominicales
3430 5819 3520 5873 in-

1917 5889 2110 5957 ferius,
2140 5888 2232 5943 ubi
2260 5887 2517 5943 similiter
2537 5889 2792 5944 Praefatio
2818 5894 2939 5960 post
2966 5889 3332 5960 prophetiam.
