3970 6414
1292 339 1626 395 ΑΡΡΕΝΒΙΧ
1665 336 1752 392 ΑΙ)
1787 335 2006 391 OPERA
2045 333 2097 389 S.

425 352 526 404 547

2137 331 2434 388 ΟΕΒΜΑΝΙ
2473 329 2896 386 PARISIENSIS.
3703 312 3813 369 Elii)

417 463 498 526 te,
527 453 782 522 Domine,
831 455 1090 506 tenemus
1130 447 1556 519 promissorem,
1595 449 1659 499 ut
1696 444 1792 498 des
1820 441 2042 497 veniam
2067 439 2274 524 Aplex
2314 439 2563 507 affectus,
2595 437 2868 509 patientia
2912 433 3093 504 fortis,
3139 427 3469 486 obedientia
3525 437 3813 496 perseve-

419 545 837 621 pcenitentibus.
880 543 954 596 Te
995 539 1284 596 inveniant
1315 555 1512 594 omnes
1540 537 1640 608 qui
1679 539 1941 608 quaerunt
1966 540 2040 588 te.

305 641 318 649 ’
419 643 499 696 Tu
525 655 625 694 rex
652 636 844 708 gloriae
869 634 1140 704 Christus,
1169 637 1230 688 tu
1256 648 1356 687 rex
1377 630 1563 686 omnis
1601 633 1766 684 terra:
1787 628 1953 695 Deus,
1982 631 2045 680 tu

422 749 522 789 rex
545 732 838 785 virtutum.
862 729 937 782 Te
966 730 1436 799 perscrutatorem
1462 720 1929 778 conscientiarum
1947 734 2045 772 no-

419 831 661 880 strarum
701 821 906 876 scimus
957 837 970 874 :
1018 819 1144 874 ideo
1187 823 1242 873 et
1270 817 1492 872 veniam
1525 814 1768 886 petimus
1815 811 2043 867 delicto-

420 933 570 972 rum.
609 917 694 970 Tu
727 929 968 985 magnus
1011 911 1279 966 Dominus
1318 913 1374 964 et
1403 907 1697 963 laudabilis
1739 905 1918 960 valde.
1971 904 2046 958 Te

419 1025 738 1082 precamur,
775 1011 841 1062 ut
881 1006 954 1061 sis
997 1003 1160 1060 nobis
1202 1001 1505 1074 propicius.
1551 1004 1598 1055 A
1634 1004 1689 1054 te
1733 1001 2042 1070 speramus.

421 1101 620 1154 Avertc
645 1094 846 1151 faciem
875 1097 1033 1148 tuam
1056 1109 1089 1147 a
1115 1091 1355 1164 peccatis
1379 1089 1602 1158 nostris,
1631 1092 1688 1143 et
1715 1103 1910 1142 omnes
1937 1085 2043 1140 ini-

421 1191 664 1263 quitates
699 1192 914 1243 nostras
957 1185 1098 1241 dele.
1145 1187 1218 1240 Te
1256 1184 1633 1250 obsecramus,
1679 1180 1778 1252 qui
1813 1177 2049 1252 praemia

423 1300 587 1356 paras
602 1281 791 1354 justis,
816 1280 888 1335 da
906 1279 1132 1334 veniam
1152 1276 1554 1350 peccatoribus.
1579 1273 1701 1329 Tibi
1715 1272 2050 1328 confitemur

420 1377 570 1432 mala
593 1377 806 1444 nostra,
828 1377 894 1429 ut
917 1387 1241 1428 mereamur
1258 1368 1524 1440 consequi
1547 1368 1697 1422 bona
1723 1371 1838 1422 tua.

1053 1461 1174 1509 Post
1194 1457 1424 1508 nomina.

485 1535 719 1590 Domine
759 1535 903 1588 Deus
945 1531 1252 1600 Abraham,
1295 1530 1440 1584 Deus
1467 1528 1632 1595 Isaac,
1676 1526 1820 1580 Deus
1860 1521 2045 1590 Iacob,

425 1629 570 1684 Deus
599 1625 1075 1700 patriarcharum,
1121 1623 1552 1695 prophetarum,
1583 1617 1966 1690 apostolorum
1993 1617 2050 1668 et

423 1723 758 1788 martyrum,
789 1713 1159 1784 omniumque
1186 1712 1530 1778 sanctorum,
1559 1707 1702 1762 sicut
1734 1722 1838 1777 pro
1875 1703 2050 1775 piissi-

2142 549 2292 602 rans,
2315 549 2426 603 pax
2455 533 2750 602 perpetua,
2781 544 2942 583 mens
2972 542 3136 598 pura,
3159 527 3384 579 rectum
3413 522 3475 574 et
3501 515 3816 572 mundum

2143 643 2258 696 cor,
2298 625 2556 679 voluntas
2584 623 2753 688 bona,
2794 619 3134 676 conscientia
3166 619 3384 684 sancta,
3417 608 3818 682 compunctio

2143 718 2425 792 spiritalis,
2465 717 2642 770 virtus
2686 714 2909 783 animae,
2945 713 3060 766 vita
3095 708 3488 775 immaculata,
3529 703 3812 774 inrepre-

2143 810 2464 879 hensibilis;
2488 812 2990 878 consummatoque
3018 803 3255 859 viriliter
3279 815 3475 868 cursu,
3522 797 3592 852 in
3634 801 3816 850 tuum

2144 905 2382 960 feliciter
2409 917 2730 957 mereamur
2749 901 2962 955 intrare
2987 913 3259 968 regnum.
3287 893 3392 949 Cui
3417 891 3669 947 merito.

2411 993 2584 1044 Lectio
2617 990 2966 1056 Apocalypsin
2991 989 3159 1040 sancti
3180 984 3440 1038 Johannis
3457 985 3506 1033 ³.

2217 1068 2333 1138 Ego
2357 1066 2637 1120 Iohannes
2659 1051 2774 1118 vidi
2799 1051 3088 1118 sedentem
3112 1075 3285 1132 super
3311 1057 3630 1124 thronum,
3665 1058 3730 1108 et
3755 1051 3816 1106 in

2145 1160 2376 1216 dextera
2400 1157 2639 1213 sedentis
2663 1173 2833 1228 super
2848 1156 3144 1223 thronum,
3163 1153 3380 1207 librum
3406 1148 3712 1220 scriptum
3730 1145 3818 1199 in-

2145 1257 2237 1308 tus
2265 1257 2322 1306 et
2344 1251 2500 1321 foris,
2545 1249 2834 1322 signatum
2862 1246 3064 1320 sigillis
3089 1249 3332 1317 septem.
3361 1243 3433 1297 Et
3459 1239 3586 1296 vidi
3633 1253 3818 1310 auge.

2146 1346 2270 1401 lum
2289 1345 2516 1410 fortem,
2537 1342 2941 1414 praedicantem
2967 1355 3102 1394 voce
3129 1352 3366 1408 magna,
3392 1339 3453 1390 et
3481 1333 3814 1389 dicentem:

2146 1438 2280 1503 Quis
2305 1440 2389 1492 est
2417 1435 2622 1506 dignus
2657 1434 2875 1506 aperire
2895 1433 3132 1499 librum,
3153 1435 3212 1486 et
3238 1431 3460 1484 solvere
3500 1423 3818 1498 signacula

2147 1530 2304 1601 ejus?
2329 1529 2396 1584 Et
2418 1544 2590 1582 nemo
2614 1531 2852 1598 poterat.
2882 1527 2948 1580 Et
2971 1541 3078 1596 ego
3108 1523 3322 1578 ﬂebam
3349 1519 3645 1586 multum,
3675 1515 3818 1588 quia

2147 1638 2317 1677 nemo
2341 1621 2546 1694 dignus
2571 1620 2833 1674 inventus
2871 1623 2956 1673 est
2981 1615 3202 1689 aperire
3232 1614 3474 1680 librum,
3513 1616 3576 1668 et
3611 1609 3818 1665 videre

2149 1731 2302 1769 eum.
2329 1714 2394 1768 Et
2413 1729 2561 1768 unus
2608 1712 2676 1767 de
2713 1711 3028 1766 senioribus
3057 1709 3197 1764 dicit
3221 1705 3368 1762 mihi
3393 1723 3409 1760 :
3434 1705 3520 1760 Ne
3547 1702 3816 1758 ﬂeveris.

423 1826 516 1865 ma
539 1807 923 1864 misericordia
945 1811 1043 1861 tua
1071 1803 1271 1860 dedisti
1307 1803 1386 1858 eis
1404 1801 1762 1874 ,voluntatem
1793 1795 2049 1852 veniendi
2068 1809 2126 1882 B
2149 1809 2286 1862 Ecce
2311 1807 2446 1861 γίοίι
2470 1807 2579 1860 Leo
2619 1805 2688 1860 de
2726 1804 2877 1858 tribu
2914 1803 3076 1869 Juda,
3121 1801 3284 1856 radix
3320 1798 3525 1867 David,
3573 1797 3820 1869 aperire

423 1903 494 1958 ad
512 1907 603 1970 te;
632 1901 728 1970 ita,
752 1898 1187 1956 clementissime
1210 1898 1393 1964 Pater,
1415 1893 1483 1949 da
1499 1892 1672 1948 servis
1695 1891 1806 1946 tuis
1833 1889 2049 1944 intelle-

422 1999 598 2064 ctum,
627 1994 916 2060 virtutem,
949 1995 1007 2046 et
1033 1988 1479 2062 possibilitatem,
1513 1989 1577 2040 ut
1605 1984 1708 2040 tibi
1734 1981 2047 2038 secundum

422 2089 767 2143 voluntatem
789 2091 946 2140 tuam
977 2083 1302 2138 serviamus.
1327 2079 1567 2152 Spiritus
1591 2083 1722 2132 tuus
1748 2077 1928 2130 bonus
1956 2075 2047 2128 de-

425 2181 593 2236 ducat
613 2195 716 2234 nos
741 2177 800 2232 in
815 2177 904 2231 via
919 2178 1089 2230 recta.
1110 2175 1188 2228 Da
1207 2171 1604 2244 incipientibus
1620 2168 2042 2240 perfectionem,

423 2271 756 2344 daparvnlis
785 2269 1156 2334 intellectum,
1187 2267 1258 2321 da
1281 2263 1638 2320 currentibus
1677 2261 2042 2332 adjutorium.

422 2369 500 2422 Da
521 2362 943 2436 negligentibus
982 2359 1496 2432 compunctionem,
1527 2357 1601 2411 da
1629 2353 1833 2426 tepidis
1875 2352 2042 2425 spiri-

423 2465 547 2516 tum
590 2458 921 2526 ferventem,
961 2455 1032 2510 da
1069 2452 1328 2525 perfectis
1359 2451 1567 2506 bonam
1605 2446 2043 2503 consummatio-

423 2568 578 2608 nem.
605 2551 890 2623 Loquatur
913 2565 974 2603 os
995 2551 1253 2603 nostrum
1279 2544 1507 2600 laudem
1531 2548 1709 2612 tuam,
1733 2546 1788 2595 et
1811 2556 1912 2612 per
1937 2538 2047 2594 sin-

427 2646 590 2717 gulos
605 2644 724 2700 dies
743 2641 1144 2698 benedicamus
1155 2643 1230 2708 te,
1255 2642 1311 2692 et
1333 2637 1631 2692 laudemus
1655 2649 1862 2690 nomen
1880 2637 2045 2688 tuum

425 2740 484 2794 in
511 2743 724 2794 aeterna
748 2735 951 2791 saecula
975 2733 1334 2789 saeculorum.

495 2901 643 2955 Deus
674 2913 783 2969 pax
813 2900 868 2950 et
896 2821 1606 2962 οεπίίθέῗθρὲἕιξέξδωυω
1645 2884 1878 2940 Domine
1917 2900 2040 2938 san-

424 2999 531 3061 cte,
559 2993 724 3046 Pater
754 2987 1132 3058 omnipotens,
1170 2989 1377 3038 aeterne
1417 2982 1579 3050 Deus,
1623 2979 1800 3034 libera
1831 2994 1932 3032 nos
1975 2974 2045 3030 ab

424 3085 583 3140 omni
601 3081 950 3149 temtatione,
974 3078 1180 3148 adjuva
1195 3092 1298 3130 nos
1317 3075 1375 3129 in
1395 3072 1550 3129 omni
1571 3071 1895 3139 certamine,
1918 3086 2048 3124 con-

425 3179 602 3234 solare
629 3177 689 3230 in
715 3173 870 3231 omni
900 3171 1282 3227 tribulatione.
1320 3169 1392 3221 Da
1440 3165 1600 3221 nobis
1626 3163 1953 3236 patientiam
1988 3163 2048 3217 in
2069 3167 2123 3242 ρ

425 3269 692 3336 adversis,
720 3268 792 3323 da
821 3265 982 3322 nobis
1017 3268 1083 3318 ut
1121 3267 1175 3318 te
1214 3277 1358 3333 puro
1395 3260 1560 3315 corde
1603 3257 1920 3319 adoremus,
1945 3256 2049 3311 tibi

426 3362 640 3418 munda
658 3359 994 3416 conscientia
1017 3355 1340 3428 psallamus,
1362 3353 1462 3408 tibi
1481 3355 1597 3407 tota
1618 3353 1822 3405 virtute
1841 3349 2047 3405 servia-

425 3472 572 3511 mus.
613 3455 688 3509 Te
723 3450 1128 3518 benedicimus,
1173 3446 1410 3502 Trinitas
1452 3448 1661 3511 sancta,
1693 3443 1794 3498 tibi
1839 3441 2050 3514 gratias

423 3549 664 3620 agimus,
699 3551 753 3601 te
780 3561 879 3617 per
907 3543 1159 3614 singulos
1189 3541 1306 3596 dies
1347 3538 1663 3606 laudamus,
1692 3541 1746 3590 te
1781 3535 2046 3607 depreca-

423 3658 572 3710 mur,
603 3639 758 3695 Abba
785 3641 966 3693 Pater.
1005 3635 1196 3692 Suavis
1229 3634 1300 3689 sit
1338 3631 1585 3689 laudatio
1622 3635 1834 3700 nostra,
1866 3629 2047 3700 sitque

424 3733 776 3807 acceptabilis
800 3730 978 3786 oratio
1001 3733 1212 3785 nostra.

1071 3814 1402 3866 Contestatio.

494 3897 632 3950 Vere
675 3892 913 3963 dignum
955 3893 1011 3944 et
1039 3888 1260 3959 justum
1294 3891 1397 3955 est,
1441 3883 1676 3938 Domine
1726 3882 1843 3936 Rex
1893 3880 2048 3935 ciale-

423 3986 616 4054 stium,
646 3987 765 4041 Rex
793 3999 1016 4055 regum,
1049 3983 1192 4035 Deus
1217 3979 1473 4046 deorum,
1503 3982 1560 4032 et
1584 3975 1853 4029 Dominus
1874 3973 2048 4028 domi-

423 4095 652 4147 norum,
684 4077 787 4132 tibi
815 4075 1023 4148 gratias
1046 4087 1234 4144 agere,
1252 4070 1489 4124 laudum
1515 4066 2042 4124 hostiasimmolare.

424 4171 638 4230 Exaudi
667 4169 979 4224 orationem
1008 4170 1063 4220 et
1105 4163 1553 4236 deprecationem
1591 4161 1934 4216 famulorum
1962 4159 2043 4214 fa-

425 4266 824 4334 mularumque
848 4266 1106 4328 tuarum;
1156 4256 1388 4312 auribus
1415 4255 1642 4328 percipe
1668 4253 1924 4308 lacrimas
1949 4269 2042 4307 eo-

426 4373 578 4425 rum,
609 4356 761 4411 Abba
787 4356 967 4410 Pater.
1001 4351 1176 4423 Imple
1204 4348 1451 4404 nominis
1485 4348 1570 4402 tui
1600 4347 1851 4402 ofﬁcium
1879 4363 2048 4418 super

421 4450 660 4508 famulos
684 4453 740 4505 et
767 4447 1004 4503 famulas
1029 4449 1188 4514 tuas;
1220 4449 1282 4498 tu
1310 4458 1403 4497 eos
1431 4457 1588 4513 rege,
1611 4447 1669 4496 tu
1699 4446 1950 4513 protege,
1982 4446 2046 4495 tu

422 4560 708 4613 conserva,
749 4548 811 4598 tu
855 4539 1153 4608 sanctifica,
1199 4541 1262 4592 tu
1304 4535 1574 4608 guberna,
1623 4538 1684 4588 tu
1733 4534 2122 4608 consolare.D

421 4639 574 4697 Sicut
616 4653 728 4692 non
755 4652 814 4691 es
841 4633 1175 4705 dedignatus
1209 4644 1556 4701 congregare
1591 4633 1648 4682 et
1671 4644 1869 4682 vocare
1913 4644 2040 4704 eos;

423 4731 501 4788 ita
512 4737 610 4788 tuo
622 4729 1056 4785 inﬂammantur
1067 4740 1279 4794 amore,
1309 4727 1374 4778 ut
1391 4726 1494 4778 ate
1506 4738 1625 4777 non
1642 4721 2040 4793 despiciantur,

427 4823 663 4881 Domine
703 4819 1157 4886 clementissime,
1199 4821 1254 4872 et
1305 4815 1556 4888 piissime
1602 4816 1784 4869 Pater.
1823 4815 1932 4870 Oro
1965 4818 2041 4883 te,

423 4918 678 4986 Domine,
708 4932 824 4972 non
849 4918 1042 4986 pereat
1079 4911 1139 4965 in
1165 4908 1326 4964 nobis
1357 4910 1571 4964 factura
1597 4906 1964 4962 redemtionis
1990 4910 2047 4961 et

421 5013 638 5069 vocatio
665 5016 763 5066 tua
788 5025 802 5064 :
830 5007 974 5062 sicut
996 5003 1201 5060 vocasti
1227 5007 1495 5069 errantes,
1514 5001 1593 5056 ita
1617 5000 1830 5058 custodi
1856 5000 1914 5054 in
1940 5000 2046 5054 hoc

427 5105 558 5161 ovili
598 5102 934 5159 habitantes.
978 5101 1280 5153 Precamur
1322 5099 1395 5165 te,
1428 5094 1660 5148 Domine
1702 5098 1910 5162 sancte,
1936 5094 2044 5148 Pa-

425 5205 512 5254 ter
551 5195 927 5266 omnipotens,
961 5196 1170 5246 reterns
1206 5193 1368 5260 Deus,
1397 5187 1600 5242 exaudi
1625 5186 1862 5241 famulos
1899 5191 2042 5254 tuos,

425 5289 557 5363 quia
595 5287 840 5358 benigna
884 5289 966 5340 est
1001 5282 1382 5339 misericordia
1421 5285 1539 5336 tua.
1585 5280 1835 5336 Concede
1871 5279 1950 5334 eis
1987 5284 2050 5335 ut

426 5390 524 5439 tuo
562 5386 754 5436 sancto
796 5377 1006 5450 Spiritu
1055 5377 1498 5442 inﬂammentur,
1553 5379 1652 5430 tua
1697 5373 1901 5428 virtute
1957 5373 2046 5428 ﬁre

425 5480 674 5540 mentur,
716 5479 813 5529 tuo
840 5471 1138 5544 splendore
1168 5470 1604 5536 inluminentur,
1632 5471 1730 5521 tua
1759 5466 1940 5538 gratia
1965 5482 2047 5522 re-

421 5572 686 5645 pleantur
738 5583 867 5622 cum
909 5572 1008 5621 tuo
1052 5563 1332 5635 adjutorio
1379 5560 1692 5633 proﬁciant.
1749 5560 1900 5614 Dona
1945 5558 2044 5627 eis,

425 5663 685 5732 Domine,
713 5661 882 5716 ﬁdem
909 5665 1139 5725 rectam,
1169 5655 1459 5712 caritatem
1498 5651 1823 5723 perfectam,
1853 5652 2046 5708 humi-

426 5760 642 5816 litatem
670 5771 881 5811 veram.
910 5749 1186 5818 Concede,
1203 5747 1462 5815 Domine,
1481 5749 1545 5799 ut
1570 5743 1642 5798 sit
1665 5743 1723 5798 in
1743 5745 1902 5800 nobis
1919 5746 2048 5801 sim-

495 5851 518 5882 ι
547 5851 673 5907 “ac
698 5853 781 5906 est
802 5846 898 5903 ina
921 5839 1238 5917 prophetia,
1270 5839 1338 5896 de
1364 5853 1474 5912 qua
1518 5836 1775 5909 superius
1810 5830 2046 5900 mentio.

2145 1899 2378 1968 librum,
2403 1903 2460 1954 et
2485 1903 2698 1969 septem
2725 1895 3016 1968 signacula
3039 1895 3180 1966 ejus.
3210 1895 3280 1948 Et
3303 1891 3444 1961 vidi,
3477 1897 3542 1946 et
3583 1905 3732 1946 ecce
3759 1889 3821 1943 in

2146 1993 2333 2048 medio
2363 1990 2555 2048 throni
2583 1994 2639 2044 et
2661 1993 2926 2061 quattuor
2951 1985 3293 2042 animalium
3325 1989 3385 2040 et
3403 1984 3466 2038 in
3483 1983 3696 2038 medio
3726 1997 3818 2036 se-

2145 2085 2373 2140 niorum
2409 2086 2635 2154 Agnum
2679 2086 2921 2136 stantem
2958 2079 3118 2152 quasi
3156 2079 3430 2146 occisum,
3483 2076 3824 2131 habentem

2145 2194 2360 2234 cornua
2388 2181 2624 2248 septem,
2655 2180 2713 2231 et
2736 2174 2924 2229 oculos
2953 2178 3192 2244 septem,
3217 2171 3320 2243 qui
3348 2175 3488 2225 sunt
3515 2169 3825 2242 spiriritus

2146 2271 2241 2325 Dei
2273 2268 2426 2323 missi
2451 2268 2513 2323 in
2537 2283 2768 2322 omnem
2799 2271 3030 2321 terram.
3068 2265 3136 2319 Et
3171 2263 3350 2326 venit,
3381 2268 3443 2318 et
3469 2262 3711 2334 accepit
3747 2261 3822 2316 li-

2143 2363 2310 2418 brum
2342 2379 2355 2416 :
2387 2367 2443 2416 et
2467 2364 2732 2432 quattuor
2755 2358 3040 2426 animalia,
3073 2361 3131 2412 et
3155 2357 3363 2428 viginti
3399 2356 3700 2428 quattuor
3729 2371 3821 2410 se-

2143 2455 2329 2510 niores
2371 2453 2694 2509 ceciderunt
2731 2468 2924 2506 coram
2963 2453 3162 2522 Agna;
3203 2454 3262 2504 et
3304 2453 3550 2504 cantant
3586 2464 3823 2503 novum

2145 2547 2423 2603 canticum
2449 2547 2696 2602 dicentes
2731 2561 2744 2600 :
2775 2545 2988 2616 Dignus
3016 2560 3076 2598 es
3104 2541 3332 2614 aperire
3361 2541 3614 2612 librum,
3652 2546 3719 2597 et
3743 2541 3820 2596 si-

2146 2642 2384 2713 gnacula
2421 2640 2561 2710 ejus,
2605 2637 2873 2710 quoniam
2905 2636 3119 2691 occisus
3147 2652 3229 2706 es,
3273 2639 3332 2690 et
3358 2634 3676 2690 redemisti
3717 2651 3823 2690 nos

2147 2735 2260 2790 Deo
2288 2733 2346 2789 in
2366 2733 2643 2805 sanguine
2667 2735 2786 2788 tuo.
2814 2731 2880 2785 Et
2905 2745 3103 2785 omnes
3125 2728 3318 2784 audivi
3347 2729 3618 2784 dicentes
3657 2745 3674 2783 :
3715 2728 3819 2784 Se—

2147 2827 2300 2883 denti
2335 2827 2396 2882 in
2423 2827 2644 2881 Throno
2679 2829 2735 2880 et
2771 2827 2951 2895 Agno,
2995 2821 3348 2892 benedictio,
3393 2827 3453 2877 et
3498 2823 3732 2892 honor,
3764 2826 3822 2877 et

2148 2921 2341 2991 gloria,
2373 2925 2430 2974 et
2464 2923 2704 2990 potestas
2735 2917 2794 2972 in
2821 2917 3030 2971 saecula
3064 2915 3411 2970 saeculorum
3448 2931 3661 2970 amen.
3707 2914 3820 2981 Qui

2145 3013 2311 3070 habet
2341 3029 2540 3068 aurem
2564 3011 2772 3080 audiat,
2804 3009 2945 3082 quid
2971 3008 3214 3080 Spiritus
3239 3009 3390 3064 dicat
3409 3009 3720 3063 Ecclesiis.

2676 3119 2835 3159 HISSA
2875 3117 3250 3162 DOMINICALIS.
3462 3156 3473 3165 _

2424 3181 2652 3247 Epistola
2674 3182 2817 3232 Pauli
2843 3182 3066 3246 apostoli
3093 3180 3159 3231 ad
3183 3179 3510 3232 Corinthios.

2217 3256 2458 3324 Fratres,
2501 3271 2633 3308 cum
2669 3271 2806 3326 ergo
2849 3254 3105 3308 Christus
3147 3253 3503 3324 praedicatur
3563 3255 3736 3327 quod
3789 3273 3823 3308 a

2147 3349 2387 3404 mortuis
2412 3347 2740 3414 resurrexit,
2772 3347 3056 3420 quomodo
3086 3345 3284 3402 dicunt
3329 3347 3581 3418 quidam
3618 3348 3691 3404 in
3716 3365 3818 3404 vo-

2145 3442 2252 3511 bis,
2280 3440 2550 3514 quoniam
2569 3440 2906 3496 resurrectio
2932 3444 3295 3496 mortuorum
3321 3456 3442 3494 non
3476 3442 3615 3496 est?
3638 3441 3707 3498 Si
3723 3458 3823 3498 au-

2146 3541 2263 3591 tem
2284 3533 2618 3590 resurrectio
2645 3539 3008 3590 mortuorum
3031 3550 3148 3588 non
3174 3538 3282 3604 est,
3310 3549 3508 3606 neque
3538 3535 3820 3592 Christus

2145 3626 2474 3684 resurrexit.
2507 3627 2560 3682 Si
2598 3633 2790 3683 autem
2819 3644 2934 3682 non
2963 3626 3297 3696 resurrexit,
3333 3627 3462 3682 sine
3499 3643 3691 3684 causa
3735 3634 3823 3686 est

2147 3737 2282 3792 ergo
2309 3725 2365 3775 et
2393 3719 2715 3792 pradicatio
2747 3725 2961 3790 nostra,
2995 3725 3051 3776 et
3083 3718 3223 3775 ﬁdes
3252 3725 3441 3776 vestra
3467 3737 3688 3779 vacua.
3725 3725 3818 3779 ln-

2145 3813 2407 3868 venimur
2442 3817 2630 3868 autem
2681 3813 2804 3868 falsi
2842 3817 3008 3869 testes
3040 3804 3174 3885 Dei;’
3227 3816 3510 3888 quoniam
3549 3819 3822 3874 testimo-

2146 3907 2305 3962 nium
2349 3907 2595 3986 diximus
2635 3907 2899 3962 adversus
2959 3908 3162 3978 Deum,
3218 3910 3376 3981 quod
3427 3912 3822 3970 suscitaverit

2144 3999 2448 4069 Christum,
2479 4015 2651 4071 quem
2673 4015 2788 4054 non
2813 4000 3118 4056 suscitavit.
3143 4001 3198 4056 Si
3226 4003 3385 4057 enim
3428 4007 3664 4062 mortui
3695 4025 3819 4064 non

2144 4097 2467 4166 resurgunt,
2496 4109 2682 4165 neque
2711 4093 2966 4149 Christus
2990 4096 3326 4151 resurrexit.
3354 4097 3524 4162 Quod
3551 4101 3606 4154 si
3641 4101 3816 4157 Chri-

2143 4191 2260 4241 stus
2286 4203 2400 4240 non
2426 4185 2756 4254 resurrexit,
2791 4187 2912 4241 sine
2938 4169 3106 4242 causa
3131 4193 3190 4244 et
3217 4187 3359 4244 fides
3386 4195 3586 4246 vestra
3615 4199 3731 4265 est,
3762 4200 3818 4250 et

2142 4279 2325 4334 adhuc
2355 4278 2484 4333 estis
2513 4278 2572 4334 in
2594 4279 2838 4350 peccatis
2865 4281 3082 4336 vestris.
3119 4282 3270 4353 Ergo
3309 4287 3367 4339 et
3391 4284 3498 4356 qui
3553 4286 3816 4345 dormie—

2144 4377 2295 4439 runt,
2333 4371 2395 4426 in
2441 4371 2658 4426 Christo
2696 4372 3010 4443 perierunt.
3055 4373 3111 4428 Si
3151 4374 3213 4430 in
3254 4375 3365 4432 hac
3401 4377 3528 4433 vita
3578 4381 3712 4437 sola
3754 4383 3817 4438 in

2145 4464 2364 4520 Christo
2391 4469 2676 4536 sperantes
2705 4481 2904 4520 sumus
2928 4468 3176 4536 tantum,
3209 4468 3681 4530 miserabiliores
3711 4493 3813 4531 su-

2145 4573 2272 4613 mus
2295 4557 2559 4613 omnibus
2583 4557 2930 4614 hominibus.
2967 4559 3248 4624 Quoniam
3273 4561 3338 4618 in
3369 4563 3564 4621 Adam
3597 4585 3810 4626 omnes

2145 4651 2487 4719 moriuntur,
2511 4651 2590 4706 ita
2607 4655 2662 4706 et
2680 4651 2740 4706 in
2758 4652 2980 4708 Christo
3009 4669 3210 4710 omnes
3229 4655 3720 4719 viviﬁcabuntur.

2297 4743 2470 4792 Lectio
2496 4743 2663 4793 sancti
2691 4743 2959 4808 Evangelii
2983 4747 3276 4797 secundum
3301 4749 3645 4806 Matthteum.

2216 4815 2420 4870 Diebus
2448 4814 2578 4886 illis,
2609 4817 2926 4872 convocatis
2951 4818 3022 4873 ad
3053 4835 3111 4874 se
3143 4819 3422 4877 Dominus
3449 4825 3626 4882 Jesus
3679 4834 3807 4885 tur-

2143 4908 2248 4978 bis,
2278 4908 2424 4964 dixit
2454 4908 2536 4962 eis
2565 4925 2580 4963 :
2611 4909 2814 4965 Audite
2844 4915 2901 4965 et
2925 4910 3247 4984 intelligite.
3283 4914 3410 4971 Non
3437 4921 3606 4989 quod
3629 4922 3815 4979 intrat

2145 5003 2204 5056 in
2229 5019 2310 5071 os,
2351 5001 2679 5072 coinquinat
2707 5002 3043 5074 hominem;
3077 5007 3177 5061 sed
3221 5009 3378 5079 quod
3417 5015 3698 5082 procedit
3741 5034 3814 5072 ex

2146 5111 2262 5162 ore,
2291 5095 2396 5150 hoc
2421 5095 2753 5167 coinquinat
2782 5097 3096 5154 hominem.
3127 5101 3283 5155 Tunc
3312 5115 3704 5165 accesserunt
3733 5111 3814 5165 di-

2145 5187 2345 5260 scipuli
2363 5187 2504 5258 ejus,
2527 5193 2582 5243 et
2608 5188 2876 5245 dixerunt
2899 5191 2950 5245 ei
2981 5207 2994 5246 :
3025 5192 3142 5248 Scis
3168 5194 3304 5265 quia
3346 5197 3670 5271 Pharisaei,
3704 5221 3812 5259 au~

2146 5281 2262 5336 dito
2288 5281 2394 5335 hoc
2413 5281 2602 5352 verbo,
2635 5283 2990 5338 scandalizati
3033 5291 3186 5342 sunt.
3216 5291 3288 5342 At
3313 5289 3414 5345 ille
3439 5297 3815 5366 respondens

2147 5374 2225 5430 ait
2255 5393 2268 5429 :
2299 5373 2493 5430 Omnis
2512 5375 2802 5446 plantatio,
2815 5393 2989 5448 quam
3005 5394 3122 5434 non
3141 5381 3421 5450 plantavit
3438 5387 3620 5444 Pater
3643 5407 3814 5447 meus

2145 5467 2398 5538 caelestis,
2445 5468 2836 5524 eradicabitur.
2871 5470 3046 5528 Sinite
3079 5472 3224 5544 illos,
3257 5477 3399 5532 (εωοὶ
3422 5487 3591 5553 sunt,
3635 5485 3814 5541 duces

2146 5577 2444 5616 caecorum.
2489 5562 2681 5617 Caecus
2726 5568 2918 5618 autem
2948 5565 2995 5618 si
3031 5581 3183 5621 caeco
3218 5568 3498 5628 ducatum
3546 5584 3812 5648 praestet,

2148 5655 2314 5710 ambo
2345 5655 2409 5710 in
2441 5655 2662 5711 foveam
2696 5655 2926 5713 cadunt.
2959 5659 3335 5731 Respondens
3371 5671 3585 5726 autem
3608 5671 3816 5728 Petrus

2146 5747 2289 5804 dixit
2337 5749 2387 5804 ei
2437 5766 2452 5807 :
2486 5749 2738 5806 Edissere
2785 5750 2950 5808 nobis
2990 5753 3324 5826 parabolam
3367 5757 3568 5820 istam.
3598 5768 3680 5824 At
3717 5767 3814 5825 ille
