3970 6412
142 387 231 439 549

743 383 1349 438 SACRAMENTABIUM
1387 383 1826 437 GALLICANUM.
1869 412 1935 420 ——
1975 382 2337 437 LECTIONES
2375 382 2830 436 DOMINICALES.

3355 385 3454 435 550

130 490 286 546 dixit:
311 487 503 542 Adhuc
523 493 578 541 et
595 504 689 541 vos
720 489 838 543 sine
870 489 1159 544 intellectu
1178 490 1347 544 estis?
1373 506 1489 543 non
1515 489 1722 543 intelli—
1746 503 1805 574 Α
1828 489 2048 560 guravit
2072 489 2130 541 in
2157 505 2341 542 curro.
2367 489 2536 558 Cujus
2561 489 2709 542 dono
2727 487 2895 542 vidua
2925 487 3212 542 benedixit
3230 488 3290 542 in
3307 489 3448 557 oleo,

131 583 244 654 gitis
268 581 396 652 quia
427 596 595 635 omne
624 582 775 651 quod
804 582 863 636 in
892 598 953 635 os
975 582 1168 650 intrat,
1190 581 1250 635 in
1279 585 1533 636 ventrem
1557 581 1724 650 vadit,

131 675 254 730 etin
279 690 553 728 secessum
594 674 875 728 mittitur?
919 691 1046 745 quae
1086 678 1274 728 autem
1317 675 1628 745 procedunt
1662 675 1730 730 de

129 784 230 834 ore,
258 767 322 821 de
361 767 526 822 corde
573 772 798 835 exeunt,
833 770 889 822 et
923 784 988 822 ea
1029 767 1394 838 coinquinant
1421 767 1726 822 hominem.

128 861 195 913 De
222 859 377 913 corde
402 859 556 913 enim
583 865 793 914 exeunt
816 860 1180 930 cogitationes
1201 860 1384 928 malae,
1410 859 1726 927 homicidia,

127 951 395 1019 adulteria,
459 951 877 1020 fornicationes,
945 953 1092 1008 furta
1117 994 1130 1021 ,
1192 954 1333 1006 falsa
1391 952 1728 1021 testimonia,

127 1044 498 1115 blasphemiae;
529 1045 652 1098 haec
690 1050 822 1099 sunt
863 1061 990 1116 quae
1017 1045 1383 1116 coinquinant
1419 1044 1728 1099 hominem.

128 1138 232 1190 Non
257 1137 377 1191 lotis
402 1140 596 1192 autem
620 1137 882 1192 manibus
909 1138 1267 1206 manducare,
1282 1155 1395 1192 non
1410 1138 1733 1208 coinquinat

129 1228 412 1283 hominem.
457 1231 731 1284 Eanassus
777 1246 901 1285 nvos
927 1231 1174 1286 Dommus
1211 1232 1368 1286 Iasus
1416 1230 1636 1284 secessit
1675 1230 1732 1283 in

128 1325 295 1392 partes
321 1321 446 1392 Tyri
476 1326 534 1376 et
572 1322 791 1377 Sidonis
824 1340 836 1376 :
870 1328 926 1377 et
954 1339 1079 1378 ecce
1115 1323 1321 1378 mulier
1345 1324 1659 1391 Chananea,
1699 1339 1734 1376 a

130 1414 316 1468 finibus
359 1414 468 1468 illis
515 1431 764 1486 egressa,
811 1417 1099 1485 clamavit,
1130 1417 1318 1471 dicens
1347 1417 1397 1471 ei
1430 1434 1442 1470 :
1476 1415 1732 1470 Miserere

129 1507 244 1573 mei,
271 1507 519 1575 Domine,
548 1508 633 1562 ﬁli
660 1508 859 1576 David;
890 1509 1002 1562 ﬁlia
1045 1525 1171 1563 mea
1211 1509 1353 1563 male
1397 1526 1429 1562 a
1455 1508 1732 1562 daemonio

130 1604 362 1654 vexatur.
389 1601 495 1664 Qui
521 1617 640 1655 non
659 1601 948 1672 respondit
974 1602 1025 1655 ei
1045 1602 1298 1656 verbum.
1323 1603 1388 1655 Et
1410 1601 1733 1655 accedentes

128 1692 366 1763 discipuli
386 1693 506 1764 ejus
531 1694 817 1764 rogabant
838 1710 990 1761 eum,
1023 1694 1268 1750 dicentes
1302 1711 1315 1748 :
1341 1693 1565 1748 Dimitte
1586 1709 1729 1762 eam,

129 1784 244 1854 quia
284 1785 480 1840 clamat
521 1791 652 1856 post
688 1803 810 1840 nos.
841 1788 962 1857 Ipse
1006 1792 1194 1840 autem
1225 1787 1567 1857 respondens
1608 1785 1686 1840 ait
1716 1801 1729 1838 :

1829 580 2004 651 ipsius
2033 581 2465 634 viviﬁcationem
2497 581 2742 635 Heliseus
2788 579 2924 635 vidit
2959 581 3019 635 in
3046 581 3323 652 sepulcro.
3351 582 3453 636 Cu-

1822 675 1916 743 jus
1941 674 2268 745 patientiam
2293 673 2597 728 Hieremias
2623 674 2813 727 docuit
2836 673 2895 727 in
2916 673 3122 742 lacum,
3152 673 3327 744 ipsius
3349 675 3452 728 mi-

1830 767 2187 821 sericordiam
2212 766 2511 821 Zerobabel
2536 766 2858 836 praedicavit
2892 767 2950 820 in
2981 766 3246 821 reditum.
3278 767 3452 836 Cujus

1833 876 1974 930 opus
1998 860 2453 914 Patriarcharum
2475 859 2658 912 forma
2683 859 2954 925 distinxit,
2984 859 3158 930 ipsius
3184 859 3454 930 propicia-

1831 952 2042 1005 tionem
2069 952 2419 1006 sacerdotum
2447 951 2786 1022 przeparatio
2816 951 3128 1006 declaravit.
3150 951 3319 1020 Cujus
3336 953 3453 1006 lon-

1833 1043 2217 1114 ganimitatem
2238 1045 2496 1114 judicum
2529 1044 2761 1114 aequitas
2776 1043 3028 1114 protulit,
3049 1043 3222 1113 ipsius
3238 1044 3453 1114 sapien-

1831 1137 1970 1190 tiam
1998 1152 2199 1207 regum
2225 1136 2338 1190 vita
2367 1137 2623 1190 deservit.
2652 1137 2822 1206 Cujus
2859 1136 3118 1206 spiritum
3145 1137 3450 1207 propheta-

1830 1246 1960 1284 rum
1989 1229 2188 1283 veritas
2229 1229 2575 1299 adprobavit,
2605 1229 2778 1299 ipsius
2802 1230 3105 1283 adventum
3133 1229 3452 1284 Zaccharias

1832 1323 2135 1393 castigatus
2165 1322 2424 1377 ostendit.
2462 1321 2632 1391 Cujus
2660 1322 2957 1376 introitum
2989 1322 3270 1377 Iohannes
3303 1340 3450 1394 prae—

1833 1432 2026 1469 cursor
2060 1415 2371 1480 admonuit,
2406 1415 2579 1485 ipsius
2618 1413 2966 1469 nativitatem
2998 1415 3165 1486 Virgo
3196 1416 3451 1486 protulit,

1832 1509 1986 1562 stella
2015 1508 2316 1578 praecessit.
2350 1508 2694 1577 Angelorum
2721 1523 2824 1562 vox
2853 1524 3006 1562 sacra
3033 1508 3251 1576 cecinit,
3271 1513 3456 1579 pasto-

1833 1617 1961 1654 rum
1983 1601 2216 1672 pervigil
2239 1600 2546 1655 sollicitudo
2568 1600 2826 1671 pervidit,
2851 1617 3151 1672 magorum
3174 1602 3454 1671 tripertita

1832 1693 2035 1748 oblatio
2060 1693 2310 1748 muneris
2337 1693 2648 1748 honoravit.
2677 1693 2846 1764 Cujus
2873 1694 3189 1764 passionem
3207 1695 3454 1749 mundus

1832 1803 1946 1840 non
1975 1786 2258 1854 sustinuit,
2289 1786 2371 1840 sol
2401 1786 2628 1857 refugit.
2660 1787 2829 1856 Cujus
2858 1787 3324 1842 resurrectionem
3351 1788 3450 1843 ad-

129 1877 231 1931 Non
256 1895 378 1932 sum
406 1879 611 1933 missus
653 1879 761 1933 nisi
788 1879 857 1934 ad
899 1896 1028 1933 oves
1063 1895 1192 1950 quae
1219 1880 1510 1950 perierunt
1534 1879 1733 1932 domus
1755 1864 1808 1934 Β
1833 1879 2086 1932 sistentes
2127 1883 2579 1933 sustentaverunt
2615 1879 2822 1949 angeli,
2875 1895 3005 1933 cum
3065 1886 3479 1951 resurgentem.

132 1970 296 2024 Israel.
323 1973 391 2025 At
417 1971 512 2024 illa
555 1972 732 2040 venit,
782 1977 840 2026 et
882 1972 1154 2026 adorabat
1196 1987 1327 2026 eum
1366 1971 1595 2026 dicens:
1626 1972 1732 2024 Do-

129 2061 288 2128 mine,
312 2063 513 2134 adjuva
539 2081 656 2118 me.
692 2065 799 2128 Qui
841 2065 1185 2136 respondens
1212 2065 1292 2118 ait
1321 2081 1334 2118 :
1376 2065 1497 2118 Non
1523 2069 1606 2118 est
1632 2064 1732 2117 bo-

126 2171 248 2209 num
273 2173 489 2211 sumere
529 2173 738 2228 panem
763 2157 1029 2226 ﬁliorum,
1059 2162 1114 2212 et
1139 2157 1361 2212 mittere
1389 2157 1634 2211 canibus.
1668 2161 1736 2211 At

125 2248 205 2302 illa
227 2249 361 2303 dixit
386 2266 398 2303 :
438 2250 626 2304 Etiam
652 2292 664 2319 ,
696 2251 933 2305 Domine
951 2292 965 2318 ,
993 2267 1126 2304 nam
1153 2255 1209 2306 et
1247 2250 1428 2304 catelli
1457 2251 1630 2304 edunt
1667 2251 1736 2304 de

126 2357 301 2396 mensa
325 2343 694 2398 dominorum
740 2360 990 2398 suorum.
1031 2345 1184 2397 Tunc
1212 2343 1555 2414 respondens
1581 2343 1737 2397 Iesus

125 2434 191 2488 ait
216 2434 293 2488 illi
321 2452 333 2490 :
361 2437 403 2490 Ο
423 2436 656 2498 mulier,
679 2453 887 2508 magna
915 2441 999 2491 est
1023 2436 1160 2490 fides
1187 2441 1311 2504 tua;
1341 2435 1437 2490 ﬁat
1463 2435 1566 2490 tibi
1591 2436 1737 2490 sicut

129 2527 214 2581 vis.
239 2529 303 2582 Et
327 2533 519 2582 sanata
548 2533 634 2583 est
662 2529 773 2582 ﬁlia
799 2529 920 2599 ejus
957 2546 1027 2584 ex
1051 2529 1144 2582 illa
1175 2529 1330 2582 hora.
1423 2514 1435 2526 ’

725 2642 915 2680 INCIPIT
955 2642 1125 2679 MISSA.

191 2717 435 2784 Oremus,
478 2719 683 2773 fratres
719 2718 1008 2784 carissimi,
1049 2717 1369 2772 unianimes
1397 2721 1564 2788 atque
1601 2733 1733 2772 con-

127 2809 320 2877 cordes,
356 2816 420 2865 ut
444 2811 755 2865 Ecclesiam
782 2827 942 2865 suam
980 2809 1246 2864 Dominus
1271 2809 1331 2864 in
1366 2825 1505 2880 pace
1532 2810 1734 2864 consti-

127 2907 251 2969 tuat,
279 2903 490 2958 clerum
534 2920 706 2958 suum
749 2903 954 2958 caelesti
982 2903 1370 2958 benedictione
1408 2902 1735 2972 circumdet,

127 2995 329 3065 plebem
368 3012 528 3050 suam
572 2996 735 3050 donis
772 2996 984 3066 repleat
1020 2995 1358 3067 spiritalium
1395 2996 1735 3066 gratiarum;

126 3092 182 3140 ut
215 3089 459 3159 quietam
486 3089 663 3144 vitam
711 3093 960 3160 agentes,
992 3093 1201 3143 aiterno
1229 3088 1464 3142 Domino
1507 3088 1738 3142 inlibate

126 3180 440 3237 serviamus.

795 3251 1063 3301 Collectio.

189 3332 603 3403 Sempiternum
654 3331 977 3399 Dominum,
1036 3329 1340 3401 inﬁnitum,
1399 3332 1737 3402 ingenitum,

126 3423 512 3495 immortalem,
558 3427 770 3481 devotae
823 3423 1048 3492 mentis,
1103 3425 1511 3479 desideriorum
1559 3425 1741 3480 cordis

126 3515 481 3574 habitatorem
508 3519 902 3589 deprecemur,
930 3521 996 3571 ut
1025 3518 1328 3572 Ecclesiam
1364 3523 1611 3572 sanctam
1646 3534 1736 3572 ca-

125 3609 377 3666 tholicam
399 3615 682 3684 perpetua
707 3611 1032 3666 defensione
1061 3614 1302 3666 tueatur.

739 3699 858 3748 Post
883 3699 1110 3749 nomina.

190 3779 418 3835 Domine
447 3783 597 3835 Deus
622 3779 934 3834 dilectionis
959 3784 1014 3834 et
1038 3780 1211 3851 pacis,
1242 3779 1301 3832 in
1326 3779 1485 3849 cujus
1511 3780 1741 3834 dextera

126 3872 261 3928 salus
284 3878 476 3928 nostra
504 3877 610 3936 est,
625 3877 830 3944 praesta
851 3877 918 3926 ut
939 3872 1006 3927 ad
1034 3877 1087 3926 te
1115 3888 1231 3926 non
1258 3889 1352 3927 ore
1378 3876 1618 3938 tantum,
1645 3873 1741 3927 sed

125 3972 175 4020 et
214 3967 376 4022 corde
420 3967 741 4038 vigilemus.
790 3967 1070 4020 Timorem
1111 3966 1196 4020 tui
1243 3966 1490 4020 nominis
1537 3966 1742 4020 nostris

126 4059 306 4114 emitte
319 4061 648 4128 visceribus,
667 4065 723 4114 et
741 4075 994 4114 amorem
1013 4059 1250 4114 infunde
1263 4059 1598 4130 pectoribus.
1615 4060 1738 4113 Per.

773 4151 852 4202 Ad
880 4165 1084 4216 pacem.

186 4234 370 4289 Presta
395 4233 580 4302 nobis,
611 4233 866 4301 Domine,
898 4232 959 4286 in
1007 4232 1173 4286 domo
1198 4237 1294 4287 tua
1319 4236 1510 4286 sancta
1538 4232 1740 4286 unani-

123 4325 309 4381 mitate
350 4326 671 4382 viventibus
708 4342 906 4397 pacem
956 4325 1164 4380 habere
1217 4342 1391 4397 quam
1429 4325 1740 4393 tradimus;

123 4434 308 4488 pacem
335 4436 561 4475 servare
589 4436 762 4490 quam
797 4419 1074 4474 sumimus

787 4511 1117 4562 Contestatio.

1761 3227 1815 3300 C

1838 1971 2287 2040 gloriﬁcaverunt
2313 1970 2506 2024 sancti.
2535 1971 2704 2039 Cujus
2729 1987 2973 2041 regnum
3005 1971 3329 2026 universum
3355 1988 3454 2027 caa-

1835 2064 2060 2117 lestium
2097 2068 2152 2117 et
2188 2062 2540 2118 terrestrium
2583 2063 3050 2134 infernorumque
3096 2069 3450 2132 concentum,

1835 2157 2186 2225 animalium,
2229 2156 2534 2225 seniorum,
2571 2155 2943 2225 signatorum,
2973 2155 3298 2212 iucessabile
3324 2174 3456 2212 voce

1835 2249 2259 2320 proclamabant
2287 2249 2535 2303 dicentes
2566 2265 2578 2302 :
2618 2249 2872 2303 Sanctus.

2357 2371 2513 2409 HISSA
2552 2371 2892 2411 DOMINICALIS
2902 2395 2914 2409 .

1930 2446 2102 2496 Lectio
2129 2445 2395 2496 Malachiae
2423 2447 2690 2509 propheta;
2708 2481 2726 2508 ,
2761 2447 3084 2497 dominicalis
3122 2448 3360 2511 legenda.

1909 2533 2029 2585 Haec
2066 2531 2198 2586 dicit
2234 2531 2501 2586 Dominus
2534 2549 2546 2585 :
2583 2532 2785 2586 luferte
2823 2548 3052 2586 omnem
3093 2532 3366 2587 decimam
3396 2532 3455 2587 in

1836 2625 2104 2678 horreum
2130 2639 2342 2692 meum,
2380 2629 2436 2678 et
2460 2624 2530 2678 sit
2555 2624 2710 2677 cibus
2747 2624 2807 2678 in
2851 2624 3016 2678 domo
3059 2641 3206 2694 mea,
3239 2630 3296 2679 et
3322 2641 3453 2696 pro-

1835 2717 1963 2771 bate
1987 2733 2078 2771 me
2116 2733 2286 2787 super
2311 2717 2436 2784 hoc,
2465 2717 2599 2770 dicit
2624 2716 2911 2770 Dominus.
2958 2717 3014 2771 Si
3040 2733 3154 2770 non
3179 2733 3454 2788 aperuero

1836 2810 1990 2864 vobis
2015 2814 2311 2865 cataractas
2341 2809 2482 2875 caeli,
2530 2815 2586 2863 et
2627 2809 2875 2864 etfudero
2918 2809 3071 2863 vobis
3111 2810 3454 2865 benedictio-

1837 2920 1969 2957 nem
1995 2919 2172 2973 usque
2196 2902 2267 2956 ad
2289 2902 2692 2956 abundantiam
2724 2920 2735 2955 :
2767 2906 2823 2956 et
2848 2902 3147 2973 increpabo
3173 2921 3276 2974 pro
3301 2905 3455 2958 vobis

1836 2996 2218 3063 devorantem,
2235 3000 2292 3050 et
2310 3011 2425 3049 non
2445 3001 2768 3066 corrumpet
2783 2995 3032 3049 fructum
3050 3001 3216 3050 terras
3238 3002 3453 3065 vestrae,

1837 3106 1938 3143 nec
1962 3088 2069 3143 erit
2093 3088 2297 3142 sterilis
2325 3088 2486 3142 vinea
2512 3088 2572 3142 in
2600 3104 2757 3158 agro,
2788 3087 2922 3142 dicit
2945 3090 3215 3144 Dominus
3243 3092 3455 3145 exerci-

1840 3185 2024 3236 tuum.
2072 3183 2138 3235 Et
2166 3181 2367 3236 beatos
2403 3198 2502 3236 vos
2539 3164 2732 3235 dicent
2770 3198 2970 3236 omnes
3017 3187 3238 3251 gentes.
3294 3185 3459 3238 Eritis

1842 3276 1999 3328 enim
2029 3291 2128 3328 vos
2145 3277 2300 3328 terra
2323 3273 2735 3340 desiderabilis,
2765 3274 2903 3327 dicit
2936 3275 3214 3330 Dominus
3247 3279 3458 3332 exerci-

1840 3371 2025 3421 tuum.
2054 3367 2418 3420 Invaluerunt
2436 3383 2609 3436 super
2633 3383 2726 3419 me
2758 3367 2929 3420 verba
2948 3371 3154 3435 vestra,
3185 3369 3322 3423 dicit
3345 3371 3454 3426 Do-

1841 3460 2053 3526 minus,
2091 3463 2150 3513 et
2193 3459 2409 3513 dixistis
2445 3476 2457 3513 :
2498 3459 2644 3522 Quid
2684 3459 2857 3512 locuti
2892 3475 3089 3514 sumus
3125 3465 3326 3516 contra
3353 3466 3408 3517 te
3430 3463 3459 3518 ?

1841 3553 2062 3606 Dixistis
2094 3570 2106 3607 :
2141 3554 2328 3606 Vanus
2353 3555 2440 3605 est
2467 3551 2564 3621 qui
2586 3551 2756 3605 servit
2773 3553 2912 3607 Deo.
2944 3553 3376 3622 Convertimini,
3401 3561 3459 3610 et

1840 3649 2120 3716 videbitis,
2146 3649 2282 3720 quid
2314 3649 2384 3701 sit
2413 3648 2562 3702 inter
2581 3648 2800 3717 justum
2830 3653 2885 3702 et
2925 3649 3190 3719 impium,
3220 3654 3277 3704 et
3306 3651 3458 3706 inter

1840 3743 2183 3796 servientem
2213 3744 2391 3796 Deum
2419 3745 2478 3794 et
2503 3757 2618 3795 non
2645 3741 2986 3794 servientem
3016 3742 3086 3795 ei.
3122 3744 3261 3797 Ecce
3301 3745 3456 3799 enim

1842 3838 1962 3891 dies
1982 3838 2172 3890 veniet
2196 3852 2465 3890 succensa
2493 3836 2654 3906 quasi
2677 3836 2952 3903 caminus,
2977 3840 3034 3890 et
3057 3842 3226 3891 erunt
3258 3856 3459 3894 omnes

1841 3932 2068 4003 superbi
2089 3936 2145 3985 et
2163 3948 2367 3986 omnes
2388 3930 3032 4000 facientcsimpietatem
3061 3933 3286 4003 stipula,
3301 3939 3358 3988 et
3379 3936 3462 3989 in-

1842 4025 2160 4079 ﬂammabit
2188 4042 2285 4078 eos
2315 4023 2435 4078 dies
2462 4023 2718 4078 veniens.
2741 4025 2809 4077 Et
2837 4024 3052 4079 orietur
3067 4026 3226 4081 vobis
3248 4028 3454 4082 timen-

1840 4120 1990 4174 tibus
2019 4135 2233 4174 nomen
2258 4134 2455 4172 meum
2484 4118 2565 4171 sol
2593 4117 2848 4187 justitize,
2869 4122 2926 4171 et
2955 4120 3167 4174 sanitas
3192 4121 3250 4174 in
3273 4121 3460 4192 pinnis

1844 4213 1983 4283 ejus.
2018 4213 2157 4266 Ecce
2184 4228 2292 4282 ego
2316 4211 2543 4265 mittam
2563 4211 2721 4264 vobis
2741 4211 2956 4265 Heliam
2977 4213 3341 4284 prophetam,
3367 4233 3462 4270 an-

1842 4309 2076 4377 tequam
2103 4305 2295 4358 veniat
2319 4305 2441 4357 dies
2464 4303 2691 4358 Domini
2717 4321 2964 4374 magnus
2986 4310 3042 4360 et
3075 4308 3361 4364 terribilis.
3395 4311 3462 4365 Et

1843 4401 2136 4454 convertet
2169 4415 2268 4452 cor
2291 4401 2520 4468 patrum
2561 4397 2632 4450 ad
2676 4397 2839 4463 filios,
2871 4401 2929 4452 et
2966 4416 3064 4453 cor
3102 4401 3352 4455 ﬁliorum
3388 4403 3478 4459 ad,

1845 4495 2036 4562 patres
2059 4508 2293 4558 eorum;
2317 4508 2390 4544 ne
2413 4492 2559 4544 forte
2581 4490 2807 4567 veniam
2828 4494 2885 4544 et
2901 4493 3221 4560 percutiam
3244 4497 3458 4550 terram

189 4593 320 4647 Vere
341 4592 586 4664 dignum
613 4597 668 4648 et
685 4593 903 4663 justum
930 4596 1031 4660 est,
1059 4590 1417 4662 omnipotens
1452 4591 1615 4659 Deus,
1638 4607 1740 4661 per
1758 4589 1817 4661 Ι)
1841 4585 2228 4650 anathemate,
2256 4583 2334 4637 ait
2360 4583 2636 4637 Dominus
2665 4583 2831 4636 Deus.

121 4683 393 4740 Christum
439 4686 744 4740 Dominum
795 4689 1077 4739 nostrum.
1108 4684 1280 4755 Cujus
1329 4699 1516 4737 vocem
1566 4683 1742 4737 Adam

121 4778 343 4847 audivit,
383 4784 441 4833 et
467 4779 657 4834 timuit
680 4778 852 4850 ipsius
877 4783 1200 4849 aspectum;
1234 4777 1369 4832 Abel
1389 4777 1666 4848 quaesivit,
1691 4781 1747 4831 et

120 4871 338 4926 meruit.
380 4873 556 4942 Cujus
599 4889 808 4928 nomen
854 4872 1045 4926 Enoch
1091 4871 1345 4939 credidit,
1394 4875 1450 4924 et
1492 4870 1740 4939 vocavit;

120 4962 284 5032 ipsius
307 4966 550 5036 gratiam
586 4967 698 5020 Noe
729 4965 1070 5036 justiiicatus
1108 4964 1343 5018 invenit.
1373 4964 1544 5034 Cujus
1568 4963 1741 5017 bene—

119 5049 417 5107 dictionem
438 5053 726 5108 Ahraham
743 5058 968 5107 vocatus
989 5053 1225 5124 accepit,
1255 5053 1428 5124 ipsius
1455 5053 1743 5107 caritatem

119 5145 256 5200 Isaac
279 5147 552 5217 probatus
579 5148 826 5218 agnovit.
855 5147 1027 5217 Cujus
1053 5146 1552 5202 sanctiﬁcatiouem
1575 5146 1742 5200 Iacob

117 5236 318 5292 electus
363 5241 626 5308 emeruit,
676 5241 852 5310 ipsius
893 5240 1089 5311 ignem
1127 5241 1334 5310 Moyses
1383 5240 1617 5294 miratus
1653 5239 1742 5292 in-

116 5333 308 5400 spexit.
339 5332 515 5403 Cujus
540 5334 812 5388 ducatum
845 5335 1004 5388 Iesus
1032 5333 1138 5386 sibi
1164 5333 1418 5388 conscius
1442 5333 1699 5388 adoravit
1727 5349 1740 5386 :

116 5422 284 5493 ipsius
311 5425 584 5480 suavitate
613 5426 866 5480 Debbora
909 5426 1153 5481 cantavit
1176 5427 1234 5480 in
1265 5443 1417 5481 voce.
1446 5427 1615 5498 Cujus
1642 5444 1742 5498 po-

116 5519 344 5572 tentiam
370 5519 596 5573 Gedeon
623 5520 883 5589 probavit
908 5521 968 5574 in
995 5521 1200 5574 vellere
1226 5537 1238 5574 :
1268 5519 1442 5590 ipsius
1467 5519 1746 5573 fortitudi-

117 5625 241 5662 nem
290 5612 530 5665 Samson
573 5613 812 5667 ostendit
855 5614 913 5666 in
959 5614 1135 5668 crine.
1179 5612 1351 5682 Cujus
1392 5612 1744 5681 majestatem

117 5701 338 5758 Samuel
366 5705 511 5758 vidit
538 5705 597 5758 in
633 5711 820 5760 sancto
842 5749 855 5776 ,
885 5707 1059 5778 ipsius
1086 5705 1534 5777 magnitudinem
1576 5704 1744 5758 David

117 5795 384 5853 exultavit
410 5797 472 5852 in
501 5802 788 5870 tympano.
825 5799 996 5872 Cujus
1025 5800 1301 5854 honorem
1331 5799 1592 5854 Salomon
1619 5797 1742 5870 glo~

117 5887 349 5946 riﬂcavit
377 5891 437 5947 in
464 5890 700 5963 templo,
729 5891 902 5964 ipsius
940 5893 1324 5950 ascensionem
1351 5892 1530 5947 Helias
1558 5890 1742 5966 prasti-

2137 4683 2364 4747 Epistola
2390 4682 2529 4732 Pauli
2563 4683 2781 4746 apostoli
2803 4682 2868 4732 ad
2893 4685 3164 4735 Romanos.

1918 4771 2156 4833 Fratres,
2182 4785 2297 4822 non
2313 4784 2450 4838 ergo
2477 4771 2683 4838 regnet
2701 4772 2998 4838 peccatum
3026 4770 3084 4823 in
3115 4776 3300 4827 vestro
3313 4789 3461 4829 mor-

1844 4863 1942 4917 tali
1986 4879 2244 4932 corpore,
2272 4865 2334 4915 ut
2363 4861 2644 4915 obediatis
2673 4863 3145 4932 concupiscentiis
3175 4866 3314 4936 ejus.
3349 4867 3459 4922 Sed

1845 4973 2030 5027 neque
2073 4955 2386 5009 exhibeatis
2421 4955 2682 5008 membra
2719 4959 2907 5009 vestra
2946 4973 3108 5011 arma
3147 4957 3463 5030 iniquitatis

1843 5053 2108 5121 peccato;
2141 5048 2238 5102 sed
2265 5048 2526 5101 exhibete
2549 5065 2646 5102 vos
2671 5049 2788 5103 Deo
2819 5052 3114 5119 tamquam
3140 5068 3204 5105 ex
3222 5055 3464 5108 mortuis

1836 5142 2114 5208 'viventes,
2139 5145 2196 5194 et
2219 5141 2481 5195 membra
2511 5145 2696 5194 vestra
2727 5158 2891 5194 arma
2913 5142 3152 5212 justitiae
3178 5147 3311 5202 Deo.
3335 5149 3464 5203 Pec~

1844 5239 2034 5290 catum
2062 5234 2217 5288 enim
2238 5233 2395 5287 vobis
2425 5250 2540 5287 nou
2569 5234 2979 5289 dominabitur.
3012 5238 3135 5292 Non
3172 5240 3330 5294 enim
3362 5243 3464 5296 sub

1843 5330 1968 5398 lege
1997 5327 2148 5394 estis,
2192 5327 2292 5380 sed
2332 5327 2433 5380 sub
2475 5327 2681 5396 gratia.
2707 5327 2853 5390 Quid
2887 5345 3024 5400 ergo
3046 5330 3073 5384 Τ
3102 5335 3466 5402 peccabimus

1844 5423 2118 5493 quoniam
2142 5438 2256 5474 non
2281 5437 2474 5474 sumus
2488 5420 2589 5473 sub
2608 5421 2754 5490 lege,
2779 5421 2879 5474 sed
2907 5424 3009 5477 sub
3032 5427 3218 5494 gratia
3237 5427 3264 5482 ‘?
3283 5429 3462 5484 Absit.

1844 5515 2076 5569 Nescitis
2106 5515 2192 5568 cui
2224 5511 2552 5568 exhibuistis
2577 5530 2674 5567 vos
2714 5531 2904 5568 servos
2943 5517 3016 5570 ad
3052 5519 3464 5589 obediendum,

1843 5609 1988 5663 servi
2017 5608 2149 5661 estis
2171 5608 2290 5676 ejus
2316 5607 2406 5660 cui
2429 5606 2691 5676 obeditis,
2722 5608 2835 5661 sive
2860 5612 3075 5679 peccati
3099 5612 3156 5665 in
3196 5620 3462 5681 mortem,

1844 5702 1957 5756 sive
2000 5700 2344 5755 obeditionis
2387 5699 2460 5754 ad
2489 5699 2772 5770 justitiam
2796 5702 2824 5755 ?
2862 5703 3081 5758 Gratias
3120 5710 3309 5760 autem
3349 5708 3463 5760 Deo

1844 5794 1998 5869 quod
2032 5793 2214 5850 fuistis
2246 5793 2389 5848 servi
2417 5793 2649 5866 peccati,
2679 5795 2950 5852 obedistis
2975 5800 3168 5854 autem
3200 5813 3266 5853 ex
3290 5798 3462 5853 corde

1843 5887 1900 5944 in
1926 5903 2053 5945 eam
2080 5888 2328 5944 formam
2361 5887 2654 5954 doctrinas,
2678 5887 2736 5943 in
2759 5904 2868 5959 qua
2901 5889 3088 5944 traditi
3120 5889 3269 5944 estis.
3295 5889 3456 5944 Libe-
