3970 6416
485 371 576 428 ⁸551

485 397 551 428 ὒῦ

1350 367 1681 425 APPENDIX
1718 365 1805 424 AD
1841 365 2061 424 OPERA
2099 365 2154 422 S.
2193 365 2490 424 GERMANI
2527 365 2952 424 PARISIENSIS.

3781 369 3884 421 552

483 481 594 536 rati
621 483 813 534 autem
839 495 872 532 a
898 481 1152 548 peccato,
1199 476 1344 530 servi
1380 477 1514 532 facti
1555 477 1689 532 estis
1721 476 1979 547 justitiw,
2011 492 2114 546 per
2136 488 2193 560 Α
2213 477 2439 531 Patrem
2463 477 2944 546 omnipotentem,
2967 476 3065 546 qui
3083 477 3410 530 clamantes
3431 474 3512 529 ad
3538 491 3607 528 se
3621 475 3888 527 clemen-

482 576 674 629 Jesum
695 571 980 626 Christum
1009 569 1338 624 Dominum.

635 673 809 724 Lectio
835 673 1000 722 sancti
1026 673 1292 738 Evangelii
1316 674 1610 724 secundum
1636 673 1948 724 Mattheum.

549 763 744 820 Simile
766 763 979 816 factum
993 765 1078 816 est
1089 779 1334 833 regnum
1359 764 1628 817 caelorum
1643 761 1885 828 homini,
1903 761 2000 832 qui
2021 777 2103 814 se-

478 856 721 912 minavit
737 856 957 910 bonum
985 872 1184 910 semen
1205 855 1262 910 in
1281 872 1422 926 agro
1441 873 1561 910 suo.
1585 856 1728 908 Cum
1748 857 1940 908 autem
1969 854 2100 908 dor-

480 950 695 1004 mirent
719 949 1007 1014 homines,
1042 949 1198 1002 venit
1223 948 1489 1003 inimicus
1517 948 1659 1018 ejus,
1687 951 1744 1002 et
1763 946 2104 1017 supersemi-

478 1043 634 1097 navit
663 1041 877 1096 zizania
916 1041 974 1094 in
1005 1041 1196 1095 medio
1223 1041 1413 1106 tritici,
1443 1044 1501 1094 et
1538 1040 1696 1094 abiit.
1739 1040 1881 1094 Cum
1909 1043 2100 1093 autem

477 1135 744 1190 crevisset
762 1134 941 1188 herba
961 1138 1019 1187 et
1029 1134 1276 1187 fructum
1296 1133 1539 1202 fecisset,
1561 1137 1694 1186 tunc
1715 1137 2104 1202 apparuerunt

477 1229 711 1283 zizania.
742 1227 1094 1281 Accedentes
1121 1231 1314 1280 autem
1331 1226 1474 1280 servi
1505 1224 1934 1296 patrisfamilias
1955 1224 2102 1278 dixe-

477 1325 612 1376 runt
631 1321 680 1375 ei
705 1337 719 1374 :
740 1320 1002 1386 Domine,
1028 1335 1220 1374 nonne
1249 1320 1466 1373 bonum
1499 1334 1698 1372 semen
1727 1317 2020 1370 seminasti
2044 1317 2100 1370 in

479 1430 620 1484 agro
651 1413 790 1466 tuo?
820 1412 971 1466 unde
994 1428 1132 1482 ergo
1159 1412 1334 1465 habet
1353 1411 1603 1465 zizania?
1628 1412 1696 1464 Et
1722 1411 1802 1464 ait
1818 1410 1956 1463 illis:
1989 1409 2098 1462 Ini-

478 1507 660 1562 micus
684 1507 857 1560 homo
879 1505 986 1560 hoc
1011 1505 1162 1558 fecit.
1199 1504 1357 1558 Servi
1387 1507 1582 1558 autem
1614 1503 1879 1558 dixerunt
1907 1503 1958 1556 ei
1980 1519 1992 1556 :
2013 1503 2102 1556 Vis

476 1600 645 1666 imus,
662 1603 720 1653 et
733 1597 1055 1668 colligimus
1073 1597 1180 1650 ea?
1201 1597 1269 1650 Et
1285 1596 1366 1650 ait
1381 1596 1488 1650 illis
1505 1613 1518 1650 :
1534 1597 1677 1662 Non,
1694 1611 1764 1648 ne
1786 1596 1932 1649 forte
1951 1595 2102 1648 colli-

477 1696 680 1763 gentes
707 1691 940 1756 zizania,
965 1689 1266 1744 eradicetis
1283 1689 1452 1742 simul
1475 1705 1604 1742 cum
1633 1688 1713 1742 eis
1743 1693 1801 1742 et
1827 1687 2098 1741 triticum.

477 1784 656 1840 Sinite
675 1788 914 1854 utraque
941 1798 1195 1836 crescere
1211 1798 1389 1852 usque
1402 1781 1474 1835 ad
1495 1797 1773 1845 messem;
1800 1784 1860 1833 et
1874 1781 1934 1833 in
1957 1783 2100 1833 tem-

2216 573 2302 622 ter
2326 570 2574 635 exaudit,
2599 574 2657 623 et
2685 573 2978 640 sperantes
3001 568 3060 622 in
3089 587 3147 623 se
3182 585 3300 624 non
3329 567 3732 638 derelinquit.

2883 670 3152 720 Collectio.

2273 749 2457 812 Quam
2480 765 2695 819 magna
2720 754 2807 802 est
2833 749 3231 805 misericordia
3257 755 3378 817 tua,
3411 750 3708 816 Domine,
3744 750 3880 802 sub-

2203 841 2399 895 venire
2417 841 2674 912 captivis,
2698 842 2925 896 miseris
2950 860 3209 913 parcere,
3230 843 3550 913 indulgere
3575 843 3885 913 peccanti-

2203 933 2325 1000 bus,
2357 935 2691 1004 pcregrinos
2717 936 3025 1000 consolari,
3059 953 3366 1006 oppressos
3397 936 3753 999 sublevare,
3789 952 3880 988 ro-

2205 1030 2406 1096 gantes
2418 1026 2645 1092 audire;
2668 1044 2786 1082 non
2805 1028 3151 1082 habentibus
3163 1028 3324 1094 dare,
3345 1029 3593 1082 veniam
3615 1044 3879 1098 peccan-

2203 1118 2352 1172 tibus
2379 1119 2536 1184 dare,
2561 1124 2763 1188 gentes
2790 1121 3065 1174 barbaras
3085 1121 3158 1174 ad
3185 1121 3636 1175 invocationem
3679 1123 3879 1176 nomi-

2203 1211 2290 1264 nis
2309 1211 2392 1265 tui
2423 1215 2774 1268 convertere.
2797 1213 2884 1266 Ad
2905 1213 3060 1267 illam
3093 1213 3568 1268 misericordiam
3588 1219 3882 1269 converte

2203 1320 2326 1369 nos,
2352 1320 2524 1373 quam
2551 1298 2890 1375 rogantibus
2917 1306 3081 1360 nobis
3110 1306 3239 1377 pius
3259 1310 3319 1360 et
3347 1306 3706 1361 misericors
3729 1309 3883 1362 Deus

2202 1395 2468 1450 exaudire
2492 1397 2746 1467 digneris
2765 1415 2868 1468 per
2895 1399 3286 1453 interventum
3320 1403 3546 1454 sanctae
3575 1401 3807 1455 Mariae.

2827 1499 2948 1548 Post
2975 1499 3207 1548 nomina.

2273 1576 2596 1632 leestium
2617 1577 2743 1632 vita:
2777 1582 3010 1632 aeternae
3033 1577 3350 1634 adoremus
3371 1579 3742 1646 Dominum,
3771 1581 3882 1633 fra-

2201 1673 2316 1723 tres
2343 1670 2642 1738 carissimi,
2677 1671 3009 1742 suppliciter
3033 1671 3444 1742 deprecemur,
3479 1676 3550 1727 ut
3575 1675 3882 1743 populum

2202 1779 2368 1815 suum
2404 1779 2634 1832 semper
2661 1763 2871 1833 ubique
2898 1764 3208 1831 custodiat,
3235 1768 3520 1835 protegat
3550 1768 3746 1835 atque
3777 1764 3878 1819 de-

477 1893 614 1948 pore
657 1875 856 1930 messis
893 1875 1080 1929 dicam
1116 1873 1465 1928 messoribus
1505 1890 1518 1927 :
1550 1871 1809 1942 Colligite
1853 1871 2100 1942 primum

2252 1855 2422 1922 :ndat,
2455 1855 2742 1926 principes
2779 1855 3025 1926 mitiget,
3068 1860 3387 1926 potestates
3419 1858 3760 1928 gubernet,
3786 1859 3878 1928 ju-

473 1969 707 2035 zizania,
742 1971 814 2021 'et
847 1968 1079 2037 alligate
1120 1983 1188 2020 ea
1223 1966 1281 2020 in
1313 1965 1612 2019 fasciculos
1655 1965 1730 2018 ad
1760 1964 2099 2018 comburen—

476 2061 634 2128 dum,
649 2060 900 2114 triticum
922 2064 1114 2114 autem
1139 2061 1490 2129 congregate
1514 2057 1572 2110 in
1591 2059 1865 2112 horreum
1883 2074 2098 2111 meum.

547 2167 572 2194 ⁸
599 2155 842 2208 Locutus
862 2157 948 2206 est
979 2152 1253 2206 Dominus
1286 2153 1446 2205 Iesus
1481 2151 1538 2204 in
1569 2151 1858 2221 parabolis
1889 2150 1960 2204 ad
1981 2154 2097 2204 tur-

477 2247 598 2314 bas,
623 2250 680 2300 et
702 2245 823 2300 sine
851 2245 1134 2315 parabolis
1156 2260 1272 2298 non
1303 2243 1647 2314 loquebatur
1675 2243 1776 2308 eis,
1804 2247 1866 2296 ut
1899 2242 2098 2313 imple-

479 2344 636 2393 retur
665 2338 820 2408 quod
859 2337 1074 2391 dictum
1112 2340 1199 2390 est
1225 2353 1330 2406 per
1374 2336 1716 2406 prophetam
1759 2335 2050 2389 dicentem
2085 2351 2098 2387 :

475 2432 742 2503 Aperiam
769 2431 827 2484 in
850 2429 1137 2501 parabolis
1158 2445 1220 2484 os
1241 2445 1459 2496 meum,
1486 2428 1795 2482 eructuabo
1825 2428 2102 2482 absconsa

475 2542 508 2580 a
539 2523 945 2579 constitutione
962 2522 1184 2577 mundi.
1207 2523 1362 2577 Tunc
1384 2521 1634 2575 dimissis
1652 2521 1850 2588 turbis,
1875 2519 2030 2574 venit
2043 2520 2099 2573 in

475 2617 716 2672 domum
738 2633 752 2682 ;
777 2620 834 2670 et
851 2617 1212 2670 accesserunt
1229 2614 1300 2668 ad
1319 2630 1450 2668 eum
1475 2613 1733 2684 discipoli
1751 2613 1800 2683 ej
1809 2630 1893 2679 us,
1911 2613 2102 2666 dicen-

475 2714 596 2765 tes:
625 2711 843 2764 Dissere
873 2709 1038 2762 nobis
1071 2708 1407 2779 parabolam
1433 2705 1781 2760 zizaniorum
1814 2705 1956 2775 agri.
1992 2705 2100 2768 Qui

475 2802 830 2873 respondens
855 2800 936 2854 ait
963 2817 976 2855 :
1006 2801 1110 2864 Qui
1143 2798 1394 2854 seminat
1417 2799 1635 2852 bonum
1665 2814 1885 2864 semen,
1910 2799 1995 2850 est
2013 2797 2099 2850 Fi-

475 2896 582 2950 lius
601 2894 869 2948 hominis.
891 2894 1046 2963 Ager
1073 2896 1266 2946 autem
1299 2895 1384 2944 est
1412 2891 1681 2944 mundus.
1718 2891 1936 2944 Bonum
1966 2906 2099 2944 vero

477 2999 674 3037 semen
699 2982 776 3035 hii
795 2984 929 3035 sunt
949 2981 1050 3034 ﬁlii
1067 2980 1253 3049 regni,
1274 2978 1500 3033 Zizania
1522 2982 1716 3032 autem
1741 2979 1987 3032 ﬁliisunt
2009 2995 2101 3031 ne-

475 3087 672 3142 quam.
691 3068 1213 3137 Quiseminavitea,
1229 3071 1316 3120 est
1327 3067 1606 3122 diabolus.
1622 3067 1810 3121 Messis
1827 3084 1960 3121 vero
1971 3084 2102 3120 con-

477 3163 786 3218 summatio
812 3161 1000 3215 seaculi
1027 3164 1114 3214 est
1155 3178 1167 3216 :
1199 3177 1482 3214 messores
1508 3164 1700 3214 autem
1727 3161 1918 3231 angeli
1947 3162 2094 3214 sunt.

475 3257 632 3312 Sicut
665 3271 804 3326 ergo
842 3255 1188 3325 colliguntur
1215 3254 1449 3319 zizania,
1490 3257 1548 3307 et
1583 3253 1715 3323 igne
1748 3253 2094 3307 comburun-

475 3353 587 3417 tur,
627 3350 705 3403 sic
739 3349 846 3402 erit
871 3349 928 3402 in
961 3348 1456 3402 consummatione
1485 3347 1692 3400 sazculi.
1725 3347 1903 3401 Mittet
1930 3346 2098 3400 Filius

475 3443 727 3498 hominis
747 3443 984 3512 angelos
1003 3457 1154 3508 suos,
1175 3444 1233 3494 et
1253 3441 1526 3512 colligent
1545 3440 1616 3494 de
1635 3455 1814 3510 regno
1839 3439 1961 3510 ejus
1981 3456 2098 3493 om-

474 3537 568 3590 nia
589 3535 877 3601 scandala,
901 3538 957 3588 et
981 3551 1078 3588 eos
1108 3534 1203 3605 qui
1227 3534 1446 3588 faciunt
1471 3533 1856 3604 iniquitatem,
1881 3536 1937 3587 et
1963 3532 2094 3586 mit-

472 3633 598 3684 tent
621 3646 719 3684 eos
743 3629 800 3683 in
832 3628 1122 3682 caminum
1150 3627 1319 3698 ignis.
1349 3627 1429 3681 lbi
1457 3627 1566 3681 erit
1603 3626 1772 3681 ﬂetus
1797 3630 1855 3680 et
1889 3626 2098 3680 stridor

472 3723 751 3777 dentium.
797 3723 949 3777 Tunc
985 3721 1126 3791 justi
1161 3721 1464 3790 fulgebunt
1502 3720 1646 3774 sicut
1689 3721 1770 3774 sol
1813 3719 1868 3772 in
1915 3735 2096 3790 regno

471 3815 652 3870 Patris
679 3831 900 3870 eorum.
935 3813 1044 3878 Qui
1069 3813 1245 3868 habet
1265 3829 1431 3868 aures
1457 3812 1750 3882 audiendi,
1775 3812 1986 3866 audiat.

1067 3952 1266 3992 INCIPIT
1319 3952 1491 3992 IISSA.

903 4033 1152 4082 Collectio
1178 4037 1294 4097 post
1315 4032 1659 4097 prophetiam.

545 4123 871 4191 Benedicte,
895 4125 1089 4176 sancte
1111 4123 1260 4176 Deus
1281 4123 1470 4188 Israel,
1487 4121 1651 4174 visita
1664 4121 1889 4192 plebem
1912 4125 2093 4189 tuam,

473 4219 715 4277 benedic
737 4217 1014 4290 populum
1032 4218 1218 4282 tuum,
1242 4219 1299 4268 et
1316 4215 1498 4268 libera
1515 4228 1647 4268 eum
1678 4230 1710 4267 a
1743 4215 1986 4284 peccatis
2005 4231 2097 4269 eo-

471 4329 622 4380 rum,
650 4315 708 4366 et
743 4313 970 4381 praesta,
999 4307 1241 4362 Domine
1292 4307 1586 4373 virtutum,
1629 4311 1691 4360 ut
1718 4306 1788 4360 de
1832 4307 2097 4362 manibus

471 4405 835 4461 inimicorum
861 4405 1185 4456 nostrorum
1207 4399 1534 4465 liberemur,
1559 4404 1612 4453 et
1636 4399 1736 4453 tibi
1763 4400 1868 4454 soli
1885 4400 2094 4454 servire

472 4513 804 4554 mereamur
817 4512 944 4550 cum
953 4493 1173 4566 justitia
1187 4497 1245 4546 et
1257 4492 1556 4546 sanctitate
1571 4492 1839 4546 omnibus
1852 4493 2093 4562 [diebus]

2203 1946 2358 2002 dices
2384 1951 2568 2017 regat,
2604 1951 2877 2002 nocentes
2909 1947 3208 2019 reprimat,
3241 1950 3441 2004 hostes
3469 1951 3764 2020 repellat,
3801 1952 3878 2004 la-

2201 2039 2536 2094 borantibus
2561 2057 2732 2110 opem
2767 2041 2997 2109 tribuat,
3032 2058 3338 2112 Oppressos
3371 2042 3618 2110 liberet,
3646 2043 3880 2097 vinctos

2203 2131 2475 2199 dimittat,
2508 2134 2760 2203 captivos
2789 2138 3037 2202 revocet,
3070 2135 3262 2205 lapsos
3303 2136 3611 2203 restituat,
3651 2139 3879 2191 contri-

2203 2229 2288 2278 tos
2311 2226 2515 2291 foveat,
2535 2226 3030 2295 languidoscuret,
3055 2227 3274 2282 cunctis
3296 2228 3730 2284 misericordia
3754 2230 3881 2283 sub-

2202 2317 2410 2384 veniat,
2442 2318 2567 2388 pius
2585 2322 2644 2371 et
2673 2319 2997 2374 misericors
3025 2321 3176 2374 Deus
3203 2338 3406 2391 preces
3445 2325 3699 2377 nostras
3737 2340 3878 2394 pro-

2201 2409 2440 2480 piciatus
2468 2410 2750 2465 exaudiat.

2848 2481 2925 2530 Ad
2975 2496 3180 2545 pacem.

2273 2564 2420 2618 Deus
2445 2567 2610 2634 pater
2654 2565 3042 2636 omnipotens,
3093 2567 3278 2621 bonus
3315 2584 3382 2621 ac
3431 2568 3604 2623 mitis
3649 2587 3739 2638 es,
3785 2571 3878 2642 qui

2201 2657 2507 2710 Dominum
2549 2661 2810 2711 nostrum
2839 2659 3031 2712 Jesum
3063 2659 3355 2714 Christum
3389 2659 3506 2715 hoc
3541 2662 3768 2716 sedem
3797 2665 3880 2716 la:-

2201 2749 2338 2803 titiaa
2359 2767 2487 2804 cum
2511 2767 2650 2821 ergo
2682 2750 2807 2822 quis
2826 2767 3166 2805 ascensurus
3195 2769 3255 2806 es
3287 2752 3344 2806 in
3381 2755 3603 2808 caelum
3631 2769 3882 2826 pacemc

2201 2858 2363 2895 suam
2382 2843 2518 2896 dare
2541 2844 2725 2910 nobis,
2746 2861 2946 2914 pacem
2971 2862 3134 2898 suam
3158 2845 3495 2916 relinquere
3525 2849 3727 2902 servis
3750 2850 3876 2903 tuis.

2199 2934 2456 3004 Respice,
2488 2935 2752 3002 Domine,
2779 2941 2989 2990 sanctae
3019 2938 3284 2991 Ecclesiae
3313 2941 3429 2992 tuae
3453 2941 3784 2996 catholicae
3808 2943 3874 2995 si-

2201 3043 2379 3096 gnum
2409 3028 2563 3098 pacis
2589 3029 2824 3098 inpone.
2859 3029 2980 3083 Fiat
3007 3029 3063 3083 in
3092 3029 3302 3084 virtute
3327 3032 3488 3102 quod
3521 3033 3602 3087 de
3640 3051 3718 3088 ea
3747 3035 3879 3089 dici-

2203 3123 2309 3187 tur,
2344 3124 2400 3174 et
2427 3138 2540 3191 quo
2573 3121 2768 3175 titulus
2800 3122 3128 3193 impleatur.
3155 3125 3365 3178 Pacem
3395 3128 3661 3180 teneant
3694 3145 3878 3183 sacer-

2118 3205 2172 3279 C
2199 3212 2380 3280 dotes,
2400 3231 2602 3284 pacem
2627 3215 2875 3269 habeant
2893 3215 3116 3284 divites,
3131 3233 3340 3288 pacem
3355 3218 3636 3274 habeant
3659 3238 3877 3292 paupe-

2199 3323 2308 3375 res,
2324 3323 2523 3377 pacem
2541 3307 2836 3376 gaudeant
2856 3309 3200 3378 locupletes;
3221 3327 3364 3379 pace
3389 3312 3731 3368 mitescant
3754 3315 3878 3370 bar-

2197 3401 2351 3454 bara:
2373 3399 2664 3466 nationes;
2682 3417 2883 3470 pacem
2903 3402 3341 3470 videantliberi,
3363 3422 3583 3475 pacem
3608 3409 3876 3463 sentiant

2198 3492 2340 3546 servi
2360 3510 2372 3558 ;
2392 3509 2594 3563 pacem
2617 3493 2872 3562 cogitent
2884 3510 3052 3564 reges
3069 3512 3275 3566 pacem
3291 3497 3518 3552 faciant
3540 3501 3873 3574 principes,

2199 3602 2400 3656 pacem
2429 3589 2610 3652 tuam,
2636 3585 3026 3656 omnipotens,
3052 3587 3125 3642 da
3145 3589 3334 3655 nobis,
3355 3607 3463 3660 per
3479 3591 3873 3649 intercessio-

2199 3695 2330 3731 nem
2341 3677 2652 3732 beatissimi
2663 3679 2941 3734 Johannis
2954 3680 3219 3751 Baptistae
3233 3698 3394 3736 mere
3402 3700 3583 3740 amur
3601 3689 3874 3760 accipere

2851 3773 3183 3822 Contestatio.

2269 3851 2407 3905 Vere
2431 3851 2671 3922 dignum
2697 3855 2755 3905 et
2767 3851 2990 3921 justum
3014 3857 3117 3921 est,
3141 3856 3528 3927 omnipotens
3553 3861 3745 3930 Deus,
3777 3865 3872 3935 qui

2197 3960 2325 3997 cum
2348 3943 2604 4014 patrihus
2630 3945 2840 3998 nostris
2869 3945 3099 4000 veniam
3128 3948 3610 4020 supplicantibus

2197 4041 2272 4103 te,
2312 4037 2576 4105 Domine,
2607 4037 2740 4108 quia
2777 4041 3004 4109 tempus
3035 4043 3122 4093 est
3149 4057 3386 4096 necesse
3417 4046 3791 4116 penitendi,
3821 4057 3874 4104 et

2175 4145 2311 4188 .non
2343 4129 2714 4200 egrediamur
2734 4130 2928 4184 alieni.
2951 4131 2994 4185 Ο
3018 4148 3295 4202 magnam
3310 4137 3530 4193 vallem
3547 4141 3870 4214 Josaphat,

2198 4221 2290 4276 ubi
2322 4238 2526 4277 omnes
2564 4223 2638 4277 ad
2669 4223 2952 4294 judicium
2999 4227 3255 4293 venient,
3287 4228 3385 4283 ubi
3417 4231 3536 4286 erit
3579 4234 3870 4290 discussio

2197 4316 2347 4370 inter
2359 4315 2545 4386 justos
2572 4319 2630 4369 et
2655 4316 2900 4386 injustos
2931 4334 2942 4371 :
2977 4323 3038 4372 ut
3057 4327 3496 4390 cognoscantur
3536 4331 3871 4384 mendaces

2195 4412 2252 4462 et
2276 4426 2504 4463 veraces
2529 4409 2587 4462 in
2613 4409 2708 4464 illo
2736 4409 2828 4464 die
2848 4411 3075 4480 judicii,
3110 4413 3205 4467 ubi
3239 4417 3400 4470 nulla
3439 4422 3532 4472 est
3565 4424 3869 4478 accusatio

2197 4518 2300 4556 nec
2335 4503 2640 4568 excusatio,
2671 4503 2764 4557 ubi
2793 4520 2896 4559 nec
2936 4505 3080 4560 ﬁdes
3111 4505 3302 4575 datur,
3335 4526 3444 4564 nec
3474 4511 3636 4568 ﬂdes
3674 4518 3866 4587 repel-

473 4593 681 4647 nostris
714 4594 808 4645 :et
861 4588 1044 4658 dirige
1093 4587 1270 4658 pedes
1314 4590 1538 4641 nostros
1590 4587 1646 4639 in
1701 4587 1789 4640 Via
1835 4585 2006 4656 paCiS,
2036 4570 2356 4660 utDlitur;
2391 4594 2488 4649 ubi
2526 4595 2664 4666 justi
2713 4598 3027 4666 solvuntur,
3081 4605 3140 4654 et
3183 4570 3530 4672 peccatores
3563 4570 3868 4664 ferrolﬁxi

471 4686 820 4742 voluntatem
841 4686 1000 4736 tuam
1017 4681 1074 4735 in
1099 4680 1620 4751 omnibusimplere
1642 4678 1943 4750 possimus.
1965 4681 2091 4746 Per,

1149 4785 1396 4837 Praefatio.

540 4877 784 4933 Oremus
813 4874 1143 4938 Dominum,
1174 4871 1524 4928 dilectissimi
1555 4871 1739 4938 nobis,
1769 4871 1866 4942 qui
1893 4887 2093 4928 amara

469 4971 634 5026 nobis
661 4969 974 5024 adveniunt
1001 4971 1266 5038 tempora
1286 4970 1343 5020 et
1364 4963 1668 5037 periculosi
1691 4963 2095 5036 adproximant

469 5063 625 5119 anni.
671 5061 1009 5118 Mutanturb
1048 5075 1250 5130 regna,
1288 5062 1563 5114 vocantur
1589 5062 1790 5129 gentes
1831 5076 1844 5114 :
1889 5059 2096 5113 excidit

467 5157 692 5220 caritas,
711 5154 961 5223 exsurgit
975 5154 1246 5224 iniquitas
1265 5170 1278 5207 :
1299 5152 1538 5207 increvit
1559 5151 1855 5223 cupiditas,
1883 5169 2094 5222 praeva-

468 5250 574 5303 luit
603 5249 894 5320 impietas;
927 5252 985 5302 et
1009 5247 1065 5301 in
1095 5247 1434 5301 miserorum
1457 5249 1733 5300 creatura!
1755 5244 1920 5315 fugit.
1946 5246 2090 5300 Dum

469 5358 608 5412 ergo
646 5343 874 5412 tempus
900 5344 1002 5408 est,
1034 5343 1436 5394 convertamur
1461 5337 1534 5392 ad
1559 5336 1886 5403 Dominum,
1907 5337 2093 5392 ﬂecta-

469 5451 598 5489 mus
650 5451 856 5505 genua,
919 5449 1219 5488 curvemus
1268 5431 1533 5496 cervices,
1590 5447 1860 5501 rogemus
1912 5433 2090 5486 Deum

535 5599 560 5627 ι
589 5588 715 5642 Hmc
737 5587 928 5641 Lectio
955 5583 1187 5654 estsine
1211 5582 1375 5636 titulo
1407 5583 1464 5654 in
1488 5583 1821 5654 exemplari,
1852 5583 1948 5637 ubi
1974 5584 2087 5654 pri-

465 5673 592 5714 mus
619 5659 787 5727 hujus
813 5653 1108 5727 Lectionis
1124 5669 1317 5706 versus
1345 5653 1524 5707 minio
1555 5653 1867 5727 descriptus
1893 5653 1996 5727 est,
2031 5659 2093 5727 ut

467 5745 677 5855 nempe
694 5723 1072 5781 essetindicio
1095 5724 1216 5777 haec
1235 5740 1348 5777 non
1369 5728 1788 5793 consequenter
1804 5725 1915 5796 legi
1937 5723 2091 5798 apud

467 5802 604 5855 Matt
649 5814 797 5854 esum
825 5797 881 5852 in
911 5812 1036 5855 cap.
1067 5810 1184 5848 xm.

466 5797 797 5858 Matthazum
825 5797 881 5852 in
911 5812 1040 5868 cap.
1056 5810 1184 5868 xm.

535 5871 563 5918 ιι
593 5872 717 5925 Haec
744 5863 1163 5922 fortasse-dicta
1190 5865 1340 5920 sunt.
1368 5879 1494 5918 cum
1526 5864 1610 5916 vel
1641 5863 1836 5918 Franci
1869 5866 1924 5919 in
1958 5867 2086 5920 Gal-

2195 4691 2480 4742 tenentur.
2508 4688 2551 4742 0
2574 4705 2853 4760 magnum
2870 4708 3094 4761 regem,
3125 4695 3224 4766 qui
3243 4695 3316 4749 de
3341 4699 3658 4766 profundo
3677 4703 3867 4758 bonos

2194 4780 2444 4842 adducit,
2475 4784 2532 4834 et
2561 4783 2744 4836 malos
2774 4785 3019 4854 repellit.
3041 4786 3184 4842 Justi
3213 4788 3477 4860 eligendi
3532 4799 3703 4862 sunt,
3742 4813 3866 4867 pec-

2193 4877 2414 4928 catores
2443 4875 2765 4945 torquendi,
2791 4877 2929 4947 justi
2951 4878 3024 4932 ad
3051 4879 3250 4947 vitam,
3273 4889 3631 4952 peccatores
3660 4889 3742 4944 ad
3768 4907 3862 4960 ge-

2192 4966 2466 5020 hennam.
2496 4968 2608 5020 Nec
2633 4972 2798 5038 pater
2836 4971 3038 5039 filium,
3070 4989 3176 5027 nec
3207 4974 3360 5029 ﬁlius
3397 4983 3650 5047 patrem
3699 4983 3861 5053 luge-

2194 5060 2276 5113 bit
2295 5077 2306 5114 :
2325 5077 2382 5114 se
2409 5061 2800 5132 unusquisque
2819 5065 3157 5134 lugebitnec
3180 5069 3330 5122 ullus
3358 5071 3552 5127 ullum
3571 5077 3862 5148 requiret,

2194 5153 2329 5224 quia
2359 5153 2546 5206 omnis
2577 5155 2858 5224 cupiditas
2887 5157 3211 5227 requiescet
3236 5162 3248 5216 l
3293 5163 3337 5217 Ο
3366 5181 3673 5236 magnum
3707 5169 3861 5224 diem

2184 5246 2406 5316 judicii,
2439 5246 2530 5300 ubi
2557 5263 2661 5300 nec
2683 5251 2930 5304 tortores
2960 5251 3257 5320 deficiunt,
3299 5273 3408 5311 nec
3446 5263 3682 5316 mortui
3738 5280 3860 5318 mo-

2193 5339 2454 5394 riuntur!
2505 5341 2826 5396 Timeamus
2867 5343 3005 5398 dum
3043 5353 3222 5417 vacat,
3265 5365 3340 5403 ne
3378 5351 3719 5410 timeamus
3771 5355 3858 5410 ubi

2195 5448 2310 5486 non
2341 5435 2522 5486 vacat.
2546 5433 2874 5490 Timeamus
2901 5437 3256 5509 gehennam,
3295 5459 3429 5513 quae
3464 5451 3560 5501 est
3589 5448 3654 5503 in
3691 5455 3860 5504 aeter-

2191 5584 2349 5667 liam,
2384 5586 2469 5638 vel
2497 5586 2860 5667 Langobardi
2866 5589 2947 5667 _in
2975 5591 3202 5667 italiam
3235 5593 3616 5667 irruperunt.

2259 5668 2282 5697 ο
2321 5656 2498 5736 Locus
2514 5661 2831 5736 corruptus.
2866 5661 3032 5736 Forte
3071 5656 3420 5736 legendum,
3449 5671 3710 5729 obsidem
3740 5676 3856 5731 leti-

2191 5727 2282 5867 ;if'e
2305 5727 2764 5851 nobisatreliquisti,
2795 5745 2912 5787 cum
2937 5735 2984 5788 is
3013 5727 3337 5794 ascensurus
3363 5727 3423 5796 in
3453 5727 3859 5803 caelum—colui:

2269 5814 2398 5862 cem,
2491 5815 2538 5851 c.

2269 5814 2398 5862 cem,
2432 5814 2538 5851 etc.
