3970 6402
703 358 1312 418 SACRAMENTARIUM
1347 357 1792 418 GALLICANUM.
1836 392 1903 401 —
1942 361 2307 418 LECTIONES
2343 354 2802 418 DOMINICALES.

3321 351 3423 416 554

73 483 206 522 num
229 466 481 520 malum:
503 481 636 521 cum
652 468 769 523 Deo
787 469 1060 536 vivamus,
1077 469 1231 540 quod
1245 473 1328 524 est
1345 469 1405 523 in
1419 474 1697 524 aeternum
1720 483 1779 555 Α
1800 486 1924 537 me;
1959 469 2166 536 nudus,
2195 473 2252 524 et
2279 469 2579 541 operuistis
2607 486 2730 537 me;
2763 467 3046 535 infirmus,
3077 469 3135 522 et
3158 467 3427 522 visitastis

76 563 284 616 bonum
299 576 406 630 per
421 559 712 615 Christum
733 562 1044 616 Dominum
1062 566 1344 630 nostrum,
1363 563 1450 617 cui
1469 563 1696 618 merito.

479 649 609 697 Item
645 651 952 699 contestatio
986 649 1328 700 dominicalis.

140 720 278 772 Vere
306 717 553 788 dignum
581 723 638 771 et
659 719 880 789 justum
909 723 996 774 est
1026 721 1390 792 omnipotens
1429 724 1596 789 Deus,
1646 727 1699 776 te

78 810 415 882 gloriﬁcare,
443 814 502 864 et
530 811 631 864 tibi
651 828 782 865 cum
794 812 1003 867 timore
1033 817 1090 866 et
1115 817 1364 868 tremore
1396 815 1702 869 immensas

79 903 265 957 laudes
292 920 528 972 canere,
573 906 720 958 Deus
761 909 976 972 noster,
1013 906 1110 976 qui
1149 923 1254 976 per
1291 907 1491 961 Filium
1535 912 1700 962 tuum

77 996 377 1050 Dominum
405 1002 670 1052 nostrum
699 1014 881 1068 genus
905 998 1222 1052 humanum
1242 1000 1504 1070 judicare
1521 1000 1703 1070 dispo-

79 1088 247 1144 suisti.
278 1089 322 1145 Ο
354 1107 536 1160 quam
556 1107 771 1162 magna
793 1093 851 1144 et
873 1091 986 1144 alta
1033 1091 1312 1162 sapientia
1349 1094 1564 1146 factum
1619 1097 1704 1146 est

80 1182 198 1248 hoc,
227 1185 290 1236 ut
316 1182 414 1236 ille
444 1184 727 1238 Dominus
760 1185 955 1237 noster
990 1185 1150 1238 Jesus
1181 1185 1432 1238 Christus
1475 1201 1704 1239 venera-

81 1274 197 1328 bilis
222 1279 394 1343 statu,
424 1279 483 1329 et
512 1277 794 1348 pretiosus
823 1277 1012 1330 forma
1035 1276 1342 1347 judicaret,
1376 1295 1550 1348 quam
1578 1295 1702 1333 cru-

84 1367 370 1422 delissima
394 1369 561 1438 plebs
584 1369 915 1424 Iudaeorum
947 1369 1269 1439 praesumsit
1297 1370 1570 1424 sauciare.
1609 1371 1703 1424 Ille

85 1464 345 1515 venturus
373 1469 462 1515 est
480 1461 742 1532 judicare
766 1461 862 1532 qui
885 1478 1111 1532 poenam
1126 1463 1411 1532 sustinuit,
1444 1463 1537 1516 ille
1568 1480 1700 1516 ven—

84 1558 232 1607 turus
251 1558 336 1608 est
355 1555 625 1625 judicare
653 1555 750 1626 qui
777 1571 1005 1608 crucem
1035 1556 1298 1625 portavit,
1321 1556 1412 1609 ille
1435 1559 1705 1610 venturus

86 1651 163 1701 est
173 1647 456 1717 judicare,
487 1648 651 1718 cujus
676 1649 822 1701 latus
843 1648 1078 1702 Judaica
1107 1649 1347 1719 perﬁdia
1368 1651 1702 1704 vulneravit.

87 1741 172 1794 Ille
197 1744 471 1794 venturus
502 1757 710 1795 manus
727 1740 914 1794 tendit
938 1741 1010 1794 ad
1022 1741 1423 1811 judicandum,
1447 1743 1542 1795 ubi
1566 1743 1704 1796 clavi

1801 579 1929 630 me;
1959 563 2016 617 in
2045 579 2272 618 carcere
2300 579 2478 630 eram,
2510 567 2568 618 et
2596 562 2828 617 venistis
2857 561 2932 616 ad
2958 578 3073 616 me.
3105 562 3260 616 Tunc
3303 576 3420 614 res-

1800 657 2136 727 pondebunt
2167 655 2219 710 ei
2235 655 2372 725 justi
2404 655 2658 710 dicentes
2687 672 2700 710 :
2725 655 2990 721 Domine,
3015 653 3246 725 quando
3273 658 3329 707 te
3350 653 3426 707 vi-

1801 749 1990 803 dimus
2011 749 2376 816 esurientem,
2399 752 2456 803 et
2471 749 2756 820 pavimus;
2782 749 3070 803 sitientem
3089 750 3146 800 et
3163 745 3426 801 dedimus

1800 841 1901 895 tibi
1927 841 2166 912 potum?
2193 841 2423 913 quando
2455 845 2650 896 autem
2682 841 3010 896 te'vidimus
3036 839 3344 910 hospitem,
3371 843 3428 894 et

1803 935 2136 1006 collegimus
2155 939 2240 1001 te;
2262 939 2360 989 aut
2372 935 2589 989 nudum
2606 939 2660 988 et
2677 934 3078 1004 cooperuimus
3093 933 3121 987 ‘?
3139 936 3237 986 aut
3253 949 3431 1004 quan-

1804 1027 1877 1082 do
1899 1031 1952 1081 te
1970 1027 2215 1081 vidimus
2239 1028 2556 1095 infirmum,
2589 1032 2687 1082 aut
2707 1027 2764 1082 in
2799 1043 3048 1094 carcere,
3073 1030 3130 1080 et
3166 1024 3427 1080 venimus

1805 1121 1876 1174 ad
1908 1120 2003 1174 te?
2019 1121 2086 1173 Et
2109 1121 2464 1191 respondens
2480 1121 2595 1174 Rex
2612 1121 2764 1174 dicet
2787 1120 2926 1174 illis:
2959 1122 3146 1172 Amen
3173 1117 3298 1172 dico
3328 1133 3426 1173 vo-

1804 1212 1910 1279 bis,
1939 1213 2215 1283 quamdiu
2229 1213 2438 1266 fecistis
2463 1213 2562 1266 uni
2588 1213 2658 1266 de
2688 1213 2774 1267 his
2798 1212 3068 1267 fratribus
3088 1211 3234 1265 meis
3256 1209 3428 1266 mini-

1805 1306 1932 1373 mis,
1961 1295 2106 1359 'mihi
2139 1305 2366 1360 fecistis.
2399 1307 2552 1360 Tunc
2584 1305 2736 1360 dicet
2769 1309 2826 1360 et
2879 1305 2966 1359 his
2998 1303 3094 1376 qui
3131 1321 3166 1358 a
3191 1303 3431 1358 sinistris

1807 1401 2002 1467 erunt;
2025 1398 2301 1453 Discedite
2321 1415 2355 1453 a
2376 1415 2491 1465 me,
2508 1398 2818 1464 maledicti,
2836 1398 2893 1451 in
2913 1397 3108 1467 ignem
3127 1402 3428 1462 mternum,

1807 1491 1900 1562 qui
1931 1496 2162 1561 paratus
2191 1494 2278 1544 est
2307 1487 2534 1545 diabolo
2549 1496 2606 1545 et
2625 1490 2847 1561 angelis
2863 1491 2912 1560 ej
2923 1489 3229 1544 us.Esurivi
3249 1489 3428 1555 enim,

1807 1587 1864 1637 et
1890 1601 2006 1638 non
2034 1583 2269 1638 dedistis
2295 1583 2434 1637 mihi
2455 1583 2836 1650 manducare;
2865 1583 3030 1650 sitivi,
3053 1587 3110 1637 et
3139 1599 3256 1637 non
3278 1581 3434 1636 dedi-

1807 1675 1904 1729 stis
1933 1676 2070 1730 mihi
2094 1682 2321 1747 potum;
2352 1677 2558 1747 hospes
2586 1693 2764 1743 eram,
2781 1679 2838 1730 et
2856 1692 2968 1730 non
2987 1675 3292 1746 collegistis
3309 1690 3428 1739 me;

1810 1770 2014 1836 nudus,
2045 1772 2102 1822 et
2131 1786 2243 1824 non
2264 1770 2568 1840 operuistis
2583 1786 2707 1835 me;
2739 1770 3002 1823 inﬁrmus
3023 1773 3080 1824 et
3098 1769 3158 1823 in
3183 1783 3430 1835 carcere,

87 1833 278 1888 “mihi
311 1838 468 1901 sum”
501 1837 560 1887 et
587 1834 710 1904 ipsa
727 1834 893 1904 signa
917 1839 1262 1904 permanent
1303 1835 1363 1888 in
1405 1839 1705 1902 Merum“,
1727 1845 1784 1916 B
1809 1867 1864 1916 et
1890 1833 2007 1916 non
2038 1833 2446 1916 visitastis-me.
2478 1864 2633 1916 Tunc
2662 1833 3096 1933 respondebunt
3125 1866 3183 1916 et
3215 1861 3321 1933 ipsi
3345 1833 3430 1915 di;

88 1927 218 1980 sicut
233 1927 513 1997 scriptum
543 1930 630 1980 est
652 1943 664 1981 :
690 1926 978 1980 Videbunt
1003 1943 1176 1998 quem
1201 1928 1622 1993 transﬁxerunt,
1652 1930 1710 1981 et

87 2021 352 2091 plangent
377 2036 437 2073 se
465 2023 688 2074 cunctae
714 2019 895 2074 tribus
921 2024 1106 2074 terrae.
1136 2021 1218 2074 Ibi
1257 2021 1364 2074 erit
1396 2020 1706 2088 tribulatio,

91 2118 140 2167 et
164 2113 346 2184 impiis
371 2113 816 2179 condemnatio;
861 2113 941 2166 ibi
981 2113 1090 2166 erit
1113 2113 1283 2183 justis
1333 2113 1623 2181 exultatio,
1655 2117 1712 2167 et

91 2205 266 2277 impiis
293 2206 743 2272 condemnatio;
767 2205 842 2259 ibi
873 2206 981 2259 erit
985 2205 1153 2276 justis
1159 2206 1505 2275 jocunditas,
1527 2207 1709 2260 etim-

92 2299 188 2370 piis
213 2299 591 2367 verecundia;
619 2298 696 2352 ibi
725 2299 832 2352 erit
839 2299 1008 2369 justis
1029 2299 1216 2369 gratia
1233 2299 1452 2366 defusa,
1477 2303 1532 2352 et
1552 2300 1712 2369 plebs

91 2391 406 2447 Iudaeorum
434 2393 550 2446 erit
577 2392 835 2446 confusa.
865 2391 908 2446 Ο
928 2408 1101 2462 quam
1128 2391 1316 2462 gravis
1345 2396 1402 2446 et
1427 2392 1712 2446 laboriosa

97 2489 173 2540 est
202 2487 320 2540 dies
344 2485 474 2540 illal
511 2503 545 2540 o
587 2502 762 2556 quam
793 2485 1060 2538 terribilis
1087 2487 1146 2538 et
1168 2485 1455 2539 horribilis
1479 2488 1565 2538 est
1593 2485 1713 2539 dies

98 2581 199 2647 illa,
215 2580 330 2634 dies
344 2579 464 2647 irae,
482 2579 608 2632 dies
631 2578 1012 2632 tribulationis
1034 2581 1092 2631 et
1109 2577 1406 2648 angustiae,
1427 2577 1550 2632 dies
1569 2579 1714 2632 cala-

99 2673 296 2726 mitatis
313 2671 656 2739 etmiserize,
681 2671 801 2725 dies
821 2671 1189 2725 tenebrarum
1209 2675 1267 2725 et
1283 2669 1562 2741 caliginis,
1592 2671 1714 2725 dies

98 2766 304 2821 nebulae
323 2771 380 2820 et
395 2765 664 2832 turbinis,
683 2765 804 2818 dies
824 2765 972 2819 tubae
987 2767 1046 2818 et
1063 2764 1348 2834 clangoris
1367 2781 1381 2830 ;
1403 2765 1498 2818 ubi
1517 2767 1714 2819 caelum

101 2876 218 2914 cum
248 2865 400 2914 terra
427 2857 840 2925 contremiscit,
869 2862 927 2911 et
965 2874 1166 2912 omnes
1196 2858 1336 2928 justi
1389 2857 1718 2912 terribiliter

101 2953 534 3020 conturbantur;
561 2951 658 3006 ubi
683 2951 870 3006 omnis
900 2967 1070 3005 causa
1091 2951 1412 3018 ventilatur,
1433 2955 1490 3005 et
1506 2952 1718 3006 unicui-

103 3063 202 3116 que
229 3047 548 3100 secundum
575 3062 751 3116 opera
776 3062 877 3099 sua
902 3045 1284 3116 dispensatur,
1313 3061 1416 3115 per
1435 3045 1716 3100 Christum

102 3139 395 3194 Dominum
417 3142 707 3206 nostrum,
742 3138 833 3192 cui
852 3138 1080 3207 merito,
1110 3141 1219 3204 etc,

540 3244 668 3283 ITEM
708 3243 867 3282 MISSA
905 3243 1263 3282 DOMINICALIS.

178 3303 401 3370 Epistola
426 3307 577 3358 Pauli
607 3306 829 3416 apostolli
841 3305 1295 3430 ggngglossenses,
1320 3303 1655 3356 dominicali!

811 3383 837 3416 e
1015 3401 1028 3414 .

811 3383 1028 3416 828008.

168 3438 403 3508 Fratres,
417 3439 762 3495 mortiﬁcate
781 3439 1045 3492 membra
1058 3441 1244 3492 vestra
1261 3455 1387 3510 quae
1401 3442 1535 3493 sunt
1553 3456 1722 3510 super

107 3522 328 3601 terram,
342 3531 1246 3603 fornicationem,inmunditiam,
1261 3533 1718 3602 libidinem,con-

108 3628 505 3697 cupiscentiam
527 3628 767 3693 malam,
802 3630 860 3680 et
883 3625 1202 3693 avaritiam,
1227 3642 1354 3697 qua:
1385 3629 1470 3680 est
1495 3627 1722 3682 simula-

109 3730 323 3775 crorum
352 3721 596 3775 servitus
624 3737 637 3774 :
681 3724 918 3791 propter
945 3735 1073 3790 quae
1098 3719 1254 3772 venit
1285 3719 1370 3773 ira
1408 3720 1510 3774 Dei
1553 3737 1724 3791 super

110 3812 243 3867 filios
264 3813 700 3870 incredulitatis.
735 3815 796 3866 In
825 3813 1031 3884 quibus
1053 3816 1110 3866 et
1135 3829 1232 3866 vos
1261 3813 1597 3868 ambulastis
1618 3813 1721 3867 ali-

113 3907 348 3979 quando,
373 3925 510 3962 cum
536 3907 799 3962 viveretis
817 3907 874 3960 in
896 3907 1023 3960 illis.
1052 3907 1211 3962 Nunc
1232 3910 1425 3960 autem
1454 3907 1722 3978 deponite

113 4014 200 4054 vos
219 4001 431 4068 omnia,
456 4002 624 4067 iram,
640 4000 1122 4071 indignationem,
1147 4000 1445 4068 malitiam,
1460 4001 1721 4071 blasphe-

115 4093 299 4162 miam,
321 4099 553 4166 turpem
580 4110 907 4148 sermonem
932 4093 1002 4148 de
1016 4109 1114 4148 ore
1141 4097 1348 4148 vestro.
1371 4093 1554 4148 Nolite
1567 4111 1727 4148 men-

116 4185 198 4239 tiri
229 4187 285 4240 in
311 4187 580 4256 invicem,
609 4187 964 4258 expoliantes
1001 4203 1098 4241 vos
1139 4190 1392 4241 veterem
1427 4187 1725 4242 hominem

116 4294 236 4333 cum
262 4281 480 4336 actibus
507 4281 644 4348 suis,
676 4283 734 4334 et
763 4280 1068 4334 induentes
1099 4297 1328 4348 novum,
1352 4297 1484 4334 eum
1510 4281 1607 4352 qui
1635 4298 1725 4335 re-

120 4377 346 4428 novatur
377 4375 436 4428 in
468 4375 768 4446 agnitione
795 4374 1111 4428 secundum
1136 4374 1454 4445 imaginem
1484 4375 1606 4446 ejus
1633 4375 1728 4446 qui

119 4467 317 4520 creavit
344 4485 502 4536 eum,
526 4467 624 4523 ubi
645 4485 761 4523 non
789 4472 874 4523 est
903 4468 1132 4538 gentilis
1152 4471 1208 4522 et
1225 4468 1472 4536 Iudaeus,
1497 4469 1730 4524 circum-

1807 1958 2030 2009 centes:
2065 1954 2326 2022 Domine,
2342 1954 2575 2024 quando
2598 1958 2653 2008 te
2680 1953 2926 2008 vidimus
2948 1955 3319 2021 esurientem,
3337 1959 3437 2008 aut

1811 2047 2124 2114 sitientem,
2156 2049 2255 2101 aut
2279 2047 2586 2117 hospitem,
2619 2049 2718 2100 aut
2743 2046 2982 2114 nudum,
3015 2049 3114 2100 aut
3141 2046 3436 2100 infirmum

1810 2140 1896 2193 vel
1927 2140 1986 2193 in
2028 2155 2275 2206 carcere,
2326 2142 2385 2193 et
2415 2156 2531 2193 non
2584 2138 3030 2193 ministravimus
3081 2138 3237 2192 tibi?
3282 2139 3435 2192 Tunc

1811 2233 2183 2303 respondebit
2211 2232 2319 2286 illis
2345 2232 2570 2287 dicens:
2602 2233 2785 2286 Amen
2816 2231 2942 2286 dico
2967 2231 3145 2298 vobis,
3161 2230 3437 2302 quamdiu

1812 2343 1928 2380 non
1960 2325 2170 2380 fecistis
2192 2325 2288 2380 uni
2311 2325 2381 2379 de
2411 2324 2730 2380 minoribus
2761 2324 2866 2390 his,
2899 2341 3002 2378 nec
3029 2323 3174 2378 mihi
3202 2323 3432 2379 fecistis.

1812 2419 1880 2472 Et
1909 2418 2074 2472 ibunt
2099 2418 2156 2472 hi
2186 2418 2244 2472 in
2273 2417 2612 2490 supplicium
2633 2421 2934 2484 internum,
2966 2417 3106 2487 justi
3144 2420 3336 2472 autem
3377 2417 3434 2469 in

1813 2511 1988 2566 vitam
2017 2513 2314 2566 aeternam.
2700 2545 2706 2550 -

2425 2598 2612 2637 INCIPIT
2650 2597 2827 2636 MISSA.

2232 2660 2479 2710 Collectio
2512 2664 2628 2723 post
2651 2657 3000 2723 prOphetiam.

1887 2734 2099 2805 Dirige,
2128 2733 2494 2803 omnipotens
2526 2732 2674 2786 Deus
2697 2731 3054 2798 Dominator,
3079 2745 3304 2800 gressus
3333 2745 3436 2786 no-

1817 2833 1962 2883 stros
1994 2829 2051 2882 in
2081 2827 2170 2882 via
2197 2826 2372 2898 pacis,
2411 2831 2468 2880 et
2509 2841 2707 2879 sensus
2753 2828 2978 2878 nostros
3018 2824 3338 2878 conrobora
3381 2824 3438 2876 in

1817 2920 2107 2976 mandatis
2133 2919 2244 2973 tuis
2269 2939 2285 2974 :
2307 2918 2493 2972 visitet
2519 2935 2623 2972 nos
2649 2917 2849 2972 Oriens
2871 2933 2938 2970 ex
2959 2917 3096 2985 alto,
3125 2920 3182 2970 et
3202 2916 3438 2971 inlumi-

1820 3018 1918 3068 net
1935 3031 2034 3069 eos
2059 3013 2154 3085 qui
2178 3013 2236 3066 in
2251 3011 2503 3066 tenebris
2524 3010 2797 3065 etumbra
2817 3011 3021 3064 mortis
3036 3011 3239 3064 sedent
3260 3026 3272 3077 ;
3305 3013 3367 3063 ut
3385 3014 3442 3063 te

1820 3109 2064 3162 adorent
2091 3109 2326 3178 propter
2350 3104 2804 3160 misericordiam
2835 3106 3015 3170 tuam,
3044 3107 3100 3158 te
3133 3105 3445 3174 sequantur

1737 3204 1792 3279 ρ
1817 3204 2052 3273 pr0pter
2084 3199 2386 3254 veritatem
2431 3201 2612 3264 tuam,
2657 3202 2829 3268 teque
2855 3197 3183 3251 desiderent
3208 3199 3443 3268 propter

1821 3293 2185 3350 dulcedinem
2210 3295 2388 3359 tuam,
2421 3291 2518 3362 qui
2543 3308 2603 3344 es
2631 3289 2966 3344 benedictus
2987 3289 3262 3344 Dominus
3293 3290 3442 3344 Deus

1821 3389 1991 3442 Israel
2007 3387 2062 3441 in
2081 3385 2298 3440 unitate
2321 3384 2562 3456 Spiritus
2583 3385 2760 3440 sancti
2781 3383 2838 3437 in
2862 3384 3066 3437 saecula
3083 3383 3442 3438 saeculorum.

2342 3478 2494 3528 Missa
2527 3477 2850 3528 dominicalis
2873 3487 2918 3525 α.

1892 3551 2093 3606 Pronis
2112 3549 2402 3604 mentibus
2429 3552 2486 3602 et
2520 3548 2692 3602 totius
2721 3545 3286 3618 corporisdevotione
3319 3561 3450 3616 por~

1823 3643 2440 3714 recti,omnipotentem
2451 3641 2755 3696 Dominum
2767 3640 3446 3710 deprecemur,utomnes

1822 3739 2038 3793 incolas
2067 3752 2197 3790 suos
2227 3751 2519 3806 unumque
2541 3749 2744 3804 corpus
2761 3731 3019 3786 Ecclesia:
3039 3731 3190 3786 trina
3209 3734 3267 3785 et
3285 3731 3448 3786 unita

1824 3831 2052 3902 plebem
2079 3845 2240 3883 suam
2267 3827 2567 3882 custodiat.
2596 3824 2996 3882 Sacerdotibus
3012 3840 3214 3895 pacem
3240 3827 3299 3878 et
3317 3840 3448 3879 con~

1825 3924 2106 3989 cordiam,
2137 3925 2195 3977 et
2217 3921 2480 3975 universo
2505 3922 2658 3976 clero
2697 3918 2948 3991 perpetis
2979 3917 3280 3972 ministerii
3315 3933 3443 3989 gra-

1823 4019 1967 4074 tiam
1981 4014 2682 4088 largiatur,defensionem
2705 4011 3223 4085 pupillis,solatium
3244 4010 3447 4077 viduis,

1827 4110 2243 4166 continentiam
2259 4107 2906 4176 monachis,mercedem
2921 4104 3308 4177 operantibus;
3323 4120 3451 4159 esu-

1828 4204 2104 4259 rientibus
2122 4202 2356 4269 victum,
2375 4201 2643 4256 vestitum
2666 4199 2850 4265 nudis,
2867 4197 3278 4269 aegrotantibus
3299 4198 3448 4253 sani-

1829 4303 2030 4364 tatem,
2077 4296 2276 4350 vinctis
2319 4295 2758 4360 absolutionem,
2803 4291 3306 4364 peregrinantibus
3349 4307 3450 4363 pa-

1829 4391 2020 4459 triam,
2049 4389 2452 4459 navigantibus
2476 4390 2708 4458 portum
2735 4386 3005 4454 dignatus
3024 4384 3322 4455 inpertiat:
3352 4385 3454 4439 hu-

1831 4483 2131 4539 militatem
2151 4481 2428 4552 superbis,
2444 4478 2961 4550 maleloquentibus
2982 4476 3453 4532 emendationem

118 4559 242 4614 θίδίο
265 4566 321 4615 et
345 4562 718 4634 Pmputi‘lm:
753 4562 1032 4616 barbarus
1073 4566 1131 4615 et
1165 4563 1392 4633 5011313,
1434 4579 1628 4617 Servus
1675 4566 2234 4650 etDpzenitentibus
2277 4573 2616 4628 delictorum
2672 4572 2870 4640 ﬁnem,
2917 4568 3311 4640 peccatoribus
3361 4583 3452 4622 ve-

120 4654 271 4723 liber,
302 4656 401 4710 sed
427 4656 628 4711 omnia
653 4660 711 4710 et
739 4655 798 4710 in
824 4655 1096 4710 omnibus
1120 4656 1393 4710 Christus.

265 4745 437 4794 Lectio
461 4745 630 4794 sancti
655 4745 923 4808 Evangelii
947 4744 1233 4794 secundum
1263 4745 1574 4796 Matthwum.

185 4815 385 4870 Diebus
423 4817 554 4885 illis,
597 4817 736 4871 dixit
772 4817 1049 4872 Dominus
1075 4819 1236 4872 Jesus
1261 4817 1547 4889 discipulis
1577 4817 1690 4872 suis
1718 4833 1730 4871 :

121 4905 248 4962 Cum
274 4909 494 4964 venerit
515 4909 686 4964 Filius
714 4910 964 4966 hominis
992 4911 1049 4964 in
1069 4911 1369 4982 majestate
1394 4928 1515 4978 sua,
1535 4915 1594 4965 et
1609 4927 1734 4965 om-

126 5017 216 5054 nes
244 5004 434 5074 angeli
462 5021 594 5059 cum
625 5021 693 5059 eo
718 5022 732 5071 ;
767 5008 898 5059 tunc
924 5004 1147 5058 sedebit
1181 5022 1353 5076 super
1381 5005 1578 5058 sedem
1613 5021 1734 5058 ma-

121 5093 328 5162 jestatis
375 5114 514 5165 suae,
557 5103 615 5152 et
647 5099 1156 5170 congregabuntur
1188 5102 1321 5153 ante
1359 5115 1492 5153 eum
1537 5114 1738 5175 omnes

127 5193 332 5258 gentes,
367 5195 426 5244 et
455 5191 743 5262 separabit
765 5208 864 5247 eos
893 5192 964 5246 ab
987 5191 1409 5256 invicem,sicut
1428 5194 1626 5246 Pastor
1650 5208 1736 5245 se-

131 5288 319 5353 gregat
337 5301 470 5340 oves
491 5285 564 5339 ab
594 5285 794 5340 haedis.
821 5287 975 5340 Tunc
1005 5285 1156 5340 dicet
1182 5287 1297 5340 Rex
1325 5286 1413 5339 his
1438 5285 1534 5356 qui
1559 5285 1736 5340 adex-

131 5376 220 5428 tris
245 5378 362 5447 ejus
391 5362 588 5432 erunt:
615 5379 835 5446 Venite,
865 5379 1150 5433 benedicti
1181 5379 1362 5434 Patris
1398 5379 1535 5446 mei,
1563 5378 1739 5450 possi-

133 5466 248 5523 dete
277 5475 540 5542 paratum
565 5473 728 5527 vobis
754 5489 1000 5544 regnum
1025 5489 1058 5527 a
1083 5473 1488 5528 constitutione
1519 5471 1739 5526 mundi.

131 5560 330 5618 Esurivi
358 5565 540 5629 enim,
563 5568 620 5619 et
647 5565 880 5620 dedistis
908 5565 1052 5620 mihi
1081 5565 1429 5620 manducare
1455 5583 1468 5633 ;
1498 5565 1666 5634 sitivi,
1689 5569 1745 5618 et

136 5651 354 5711 dedistis
395 5658 543 5712 mihi
579 5658 812 5726 bibere;
855 5659 1062 5731 hospes
1114 5675 1296 5727 eram,
1339 5665 1397 5714 et
1433 5658 1743 5728 collegistis

1835 4672 2013 4738 niam,
2043 4670 2100 4724 in
2127 4666 2396 4722 haeretica
2421 4681 2615 4720 errore
2637 4664 2786 4719 viam
2811 4662 3064 4718 veritatis
3096 4660 3378 4717 ostendat.

1905 4840 2084 4895 Deum
2143 4836 2445 4892 ineffabilis
2478 4759 2787 4906 £22333,
2834 4831 3104 4887 bonitatis
3139 4829 3452 4902 inmensm,

1835 4936 2039 4989 fratres
2055 4931 2350 4998 carissimi,
2375 4929 2772 5000 deprecemur,
2797 4930 2858 4981 ut
2873 4927 3214 4994 sacerdotes,
3239 4927 3454 4984 clerum

1837 5045 1902 5082 ac
1927 5027 2204 5098 populum
2229 5039 2394 5078 suum
2423 5022 2628 5090 visitet,
2658 5025 2715 5075 et
2739 5023 2964 5075 tueatur
2995 5036 3008 5075 :
3032 5019 3340 5076 inluminet
3367 5025 3454 5077 to-

1839 5125 1958 5176 tam
1989 5119 2218 5190 plebem
2250 5132 2432 5184 suam,
2456 5119 2514 5169 et
2543 5115 2638 5169 illa
2668 5129 2780 5185 qua
2811 5113 3057 5168 redemit
3080 5113 3313 5184 pietate,
3353 5131 3456 5170 sua

1839 5213 2207 5268 miseratione
2237 5212 2550 5265 conservet.

2457 5302 2575 5352 Post
2605 5301 2834 5352 nomina.

1911 5381 2167 5453 Respice,
2213 5381 2359 5434 Deus
2403 5377 2791 5448 omnipotens,
2827 5375 2901 5430 ad
2945 5391 3177 5448 precem
3227 5377 3460 5436 familia!

1841 5482 1973 5541 tuas,
2007 5491 2131 5546 quae
2152 5470 2608 5528 misericordiam
2632 5474 2790 5524 tuam
2822 5469 3164 5526 sinceritatis
3191 5472 3379 5528 oﬂicio
3407 5480 3463 5528 et

1843 5569 2028 5624 studio
2060 5567 2312 5624 caritatis
2338 5564 2595 5620 obtinere
2629 5563 2976 5630 desiderant,
3005 5568 3178 5636 atque
3205 5566 3462 5620 muneris

1842 5663 1926 5718 tui
1957 5663 2174 5717 donum
2203 5663 2258 5714 te
2287 5657 2592 5730 adjuvante
2624 5656 2964 5729 percipiant.

195 5779 578 5857 fLegendum
617 5788 872 5854 Pra’falio
909 5789 1268 5846 dominicalis.
1313 5792 1393 5846 Ita
1441 5791 1594 5845 enim
1641 5792 1944 5848 vocabatur
1981 5789 2073 5844 illa
2122 5780 2438 5846 adhortatio
2485 5789 2606 5857 post
2656 5783 3047 5857 praphetiam,
3090 5789 3151 5840 ut
3194 5795 3360 5853 supra
3399 5775 3456 5836 in

139 5850 307 5922 prima
324 5850 513 5912 'missa
553 5850 899 5916 dominicali.

449 5947 721 6014 PA'ruOL.
770 5947 1002 6014 LXXII.

3082 5945 3145 6002 l8
