3970 6394
79 191 108 227 δ

131 355 219 406 557
747 355 1353 412 SACRAMENTARIUM
1389 357 1830 414 GALLICANL'M.
1875 390 1939 397 —
1979 361 2341 417 LEC'l‘lONES
2377 363 2834 422 DUMINICALES.

3361 379 3460 432 558

127 458 497 514 misericordia
527 460 928 518 confessorem.
967 463 1185 518 Fratres
1227 463 1520 533 carissimi,
1559 466 1740 520 Domi—
1759 479 1818 551 Α
1843 467 1944 521 tibi
1981 467 2160 523 ﬁlium
2205 471 2486 542 genuisse,
2537 490 2706 544 quem
2757 476 2834 530 sic
2882 476 3180 536 festinabat
3229 481 3453 553 oﬁ‘erre,

125 567 252 605 num
280 552 678 624 deprecemur,
713 559 778 610 ut
804 555 882 610 sic
911 555 1158 612 absolvat
1180 556 1358 628 pietas
1383 557 1644 625 humiles,
1673 565 1738 613 ut

125 661 227 699 non
252 645 446 716 puniat
467 647 738 702 severitas
763 653 1139 704 contumaces.
1168 650 1293 704 Per.

735 729 857 777 Post
885 728 1118 778 nomina.

187 793 486 850 Olferentes
501 797 638 868 Deo,
659 798 859 852 fratres
873 799 1162 870 carissimi,
1176 800 1446 872 spiritalia
1478 818 1733 872 munera,

123 887 353 942 divinam
377 887 740 944 clementiam
771 891 1160 962 deprecemur,
1198 898 1262 947 ut
1280 894 1380 947 has
1409 894 1733 962 oblationes,

122 996 250 1051 quas
266 980 326 1034 in
338 983 875 1038 commemoratione
887 989 1207 1038 sanctorum
1233 990 1288 1040 et
1307 1003 1409 1056 pro
1424 987 1598 1040 salute
1611 1004 1732 1040 om-

121 1073 266 1126 nium
283 1074 638 1129 credentium
655 1075 966 1146 offerimus,
985 1077 1151 1148 plena
1166 1077 1388 1149 pietatis
1405 1095 1519 1132 suae
1543 1079 1737 1151 digna-

120 1166 259 1220 tione
276 1167 562 1238 suscipiat,
593 1173 854 1224 nostrum
871 1170 1131 1224 omnium
1156 1187 1349 1242 preces
1377 1172 1660 1228 exaudiat.

777 1249 854 1298 Ad
882 1262 1082 1313 pacem.

181 1315 321 1370 Deus
347 1316 461 1370 vita
487 1318 866 1386 credentium,
899 1319 1060 1390 regio
1106 1319 1382 1389 vivorum,
1423 1321 1734 1391 expectatio

120 1408 374 1476 ﬁdelium,
422 1411 766 1466 resurrectio
817 1417 1192 1482 mortuorum,
1255 1413 1603 1484 captivorum
1642 1431 1731 1469 re-

119 1503 330 1571 demtio,
379 1503 670 1558 aeternitas
711 1505 1116 1573 redemtorum,
1161 1505 1442 1576 benignus
1485 1507 1737 1562 indultor

117 1594 547 1666 supplicantium
596 1613 790 1668 preces
829 1598 1038 1669 accipe,
1085 1599 1517 1669 suffragantium
1567 1600 1734 1654 inter-

118 1689 444 1744 cessionibus
475 1689 763 1761 mitigare,
800 1691 1190 1746 conﬁtentium
1218 1698 1442 1763 peccata
1469 1693 1685 1748 dimitte
1715 1710 1728 1746 :

118 1785 165 1834 et
195 1797 328 1852 quos
371 1782 672 1838 redemere
709 1783 976 1854 dignatus
1014 1801 1072 1838 es
1098 1784 1416 1840 humilitate
1443 1802 1728 1857 corporea,

115 1879 393 1946 protegere
425 1875 684 1946 digneris
707 1875 910 1930 virtute
936 1877 1142 1932 divina.

747 1955 1078 2005 Contestatio.

180 2025 306 2079 Vere
349 2024 601 2096 dignum
647 2031 702 2080 et
758 2027 980 2097 justum
1019 2030 1121 2093 est,
1167 2028 1522 2099 omnipotens
1566 2029 1728 2095 Deus,

112 2116 244 2172 Deus
265 2118 578 2188 Abraham,
603 2120 748 2174 Deus
777 2120 942 2189 Isaac,
968 2121 1111 2176 Deus
1133 2122 1302 2176 Jacob
1328 2138 1341 2176 :
1377 2122 1537 2192 cujus
1564 2123 1730 2177 verbo

114 2210 352 2266 universa
363 2217 557 2266 creata
578 2216 728 2280 sunt,
747 2212 908 2283 cujus
925 2212 1124 2283 spiritu
1140 2214 1327 2268 omnia
1338 2215 1728 2284 nunciantur',

111 2319 213 2358 una
238 2303 517 2373 divinitas,
555 2309 610 2359 et
636 2304 786 2358 trina
809 2305 1103 2375 majestas;
1145 2311 1347 2360 natura
1381 2305 1726 2378 inseparabi-

109 2396 186 2466 lis,
211 2413 446 2469 persona
472 2397 802 2467 individua;
853 2399 999 2453 Deus
1037 2414 1186 2454 unus
1233 2404 1287 2454 et
1334 2399 1506 2466 solus,
1551 2401 1730 2455 unitas

111 2491 318 2562 triplex,
339 2491 819 2562 incomprehensa
831 2492 1176 2562 conjunctio,
1199 2492 1434 2547 indivisa
1447 2493 1728 2548 distinctio

109 2599 264 2654 quem
288 2600 470 2639 unum
510 2584 1043 2654 insubstantialiter,
1097 2585 1314 2640 trinum
1358 2587 1730 2656 personaliter

109 2677 474 2744 nominamus,
497 2677 804 2744 credimus,
827 2677 1182 2732 conﬁtemur.
1204 2679 1284 2732 Tu
1307 2695 1364 2734 es
1385 2679 1537 2733 enim
1558 2681 1724 2748 Deus,

109 2769 158 2818 et
178 2781 286 2820 non
311 2770 396 2821 est
423 2765 743 2820 secundum
773 2782 946 2836 opera
969 2771 1086 2822 tua.
1114 2767 1194 2820 Tu
1231 2766 1478 2824 fundasti
1517 2772 1727 2822 terram

108 2873 264 2928 super
289 2875 536 2930 aquam;
568 2861 633 2913 tu
658 2857 847 2928 legem
873 2858 1144 2912 creaturis
1173 2859 1437 2914 omnibus
1462 2860 1722 2930 posuisti;

106 2951 194 3024 qui
217 2950 274 3006 in
296 2968 413 3006 uno
435 2951 626 3006 trinus
639 2968 894 3022 appares,
919 2951 980 3006 in
1005 2952 1187 3006 tribus
1212 2969 1359 3006 unus
1374 2953 1722 3024 agnosccris:

105 3043 255 3099 Pater
277 3044 594 3116 ingenitus,
629 3044 798 3099 Filius
819 3061 970 3099 unus
1011 3047 1094 3099 est
1133 3049 1451 3116 generatus,
1491 3045 1726 3116 Spiritus

105 3142 314 3192 sanctus
331 3154 481 3192 unus
507 3141 597 3192 est
623 3153 693 3192 ex
710 3136 738 3176 δ
765 3139 927 3193 Patre
965 3138 1292 3208 procedens,
1323 3139 1471 3192 Patri
1497 3143 1552 3193 et
1591 3139 1724 3194 Filio

105 3235 418 3286 coaeternus.
461 3233 584 3286 Una
608 3236 800 3286 tamen
828 3231 888 3285 in
931 3231 1111 3286 tribus
1147 3232 1326 3286 virtus
1363 3236 1420 3286 et
1460 3232 1720 3303 dignitas,

99 3329 350 3394 potestas,
380 3330 554 3396 atque
579 3323 658 3378 ita
683 3324 982 3395 conjuncta
1010 3322 1204 3378 divisio
1227 3342 1240 3378 :
1288 3340 1414 3395 quae
1439 3324 1542 3379 tibi
1582 3329 1725 3380 esset

102 3416 267 3488 gloria
284 3418 342 3472 in
369 3418 546 3485 cmlis,
577 3417 834 3488 potentia
859 3417 916 3471 in
943 3417 1123 3489 aquis,
1151 3417 1424 3488 sapientia
1448 3417 1508 3472 in
1526 3420 1718 3488 terris,

99 3509 264 3564 virtus
295 3508 355 3564 in
383 3510 624 3581 abyssis,
653 3509 876 3565 claritas
902 3508 962 3564 in
986 3509 1223 3580 angelis,
1245 3510 1490 3581 dignitas
1518 3511 1576 3564 in
1598 3527 1722 3582 pro-

99 3602 290 3674 phetis,
319 3603 640 3658 sublimitas
667 3603 726 3656 in
755 3603 1130 3674 evangelistis,
1159 3604 1462 3658 auctoritas
1488 3604 1546 3658 in
1583 3621 1719 3675 apo-

99 3696 269 3764 stolis;
302 3697 485 3768 pietas
507 3696 566 3750 in
592 3697 910 3767 praeceptis,
935 3695 1278 3766 placabilitas
1302 3697 1361 3750 in
1383 3697 1624 3768 templis,
1644 3697 1722 3753 fe-

98 3789 294 3844 stivitas
311 3790 370 3844 in
392 3789 760 3858 holocaustis,
783 3789 1015 3860 largitas
1033 3789 1092 3843 in
1110 3788 1401 3855 ministris,
1418 3806 1522 3861 per
1542 3791 1722 3844 Domi-

97 3894 226 3936 num
237 3882 635 3939 nostrum.Cui
649 3882 942 3954 angelicas
957 3881 1325 3936 ﬁammiferus
1338 3882 1542 3937 chorus
1561 3884 1722 3937 terri-

95 3974 199 4030 bile
209 3976 440 4032 exhibet
451 3975 812 4047 obsequium:
829 3992 998 4047 quem
1013 3975 1288 4030 cherubin
1301 3979 1356 4030 et
1366 3976 1567 4030 seraﬁn
1577 3977 1722 4031 auri‘

97 4085 217 4140 gain
239 4069 536 4125 sedentem
556 4069 762 4141 pavida
788 4069 1132 4139 subjectione
1157 4068 1456 4139 mirantur;
1473 4074 1602 4124 ante
1631 4087 1720 4124 cu-

87 4162 175 4232 jus
199 4168 566 4234 conspectum
595 4179 694 4216 sex
711 4161 973 4234 quaterni
997 4162 1283 4217 seniorum
1299 4162 1566 4218 miriﬁcus
1582 4165 1718 4218 ordo

95 4256 483 4326 Splendiﬂuam
508 4255 816 4310 nitentium
845 4271 1201 4326 gemmarum
1233 4272 1499 4310 coronam
1527 4257 1720 4328 capitis

91 4350 287 4405 vertice
318 4349 690 4422 gestantium;
704 4349 1036 4403 animalium
1049 4365 1272 4422 quoque
1291 4349 1522 4404 diversis
1538 4351 1720 4405 numi-

91 4457 223 4498 num
243 4443 500 4498 vultibus
524 4442 847 4514 variataque
868 4447 1028 4512 terga
1055 4443 1352 4514 Evangelia
1379 4459 1490 4498 una
1509 4461 1566 4498 se
1579 4445 1716 4515 jun-

92 4543 296 4608 gentes,
335 4553 593 4610 perenne
627 4536 965 4608 jubilatione
1024 4537 1361 4592 conlaudant
1424 4537 1710 4594 dicentes:

91 4627 339 4686 Sanctus.
602 4661 612 4671 ι

532 4699 858 4756 Contestatio
876 4699 942 4756 de
963 4701 1266 4756 Abraham.

330 4779 525 4844 Incipit
546 4781 860 4830 Contestatio
885 4779 1210 4830 dominicalis
1227 4779 1465 4830 dicenda.

155 4849 290 4906 Vere
318 4851 567 4923 dignum
590 4856 647 4906 et
657 4851 880 4922 justum
905 4856 1009 4920 est,
1040 4850 1396 4922 omnipotens
1422 4851 1589 4919 Deus,
1617 4851 1714 4922 qui
1741 4915 1746 4918 _

89 4945 316 5000 Abrahas
344 4945 558 5000 famolo
586 4949 686 5000 tuo
717 4944 948 5000 unicum
967 4944 1169 5011 ﬁlium,
1198 4960 1369 5016 quem
1394 4944 1512 5016 ipse
1543 4944 1712 4999 dede-

91 5053 192 5107 ras,
218 5038 280 5094 in
308 5035 651 5093 sacriﬁcium
678 5037 780 5093 tibi
817 5037 1108 5092 victimam
1129 5053 1246 5092 esse
1265 5037 1500 5108 jussisti.
1534 5038 1576 5092 0
1600 5039 1710 5092 Do-

89 5131 234 5186 mine
259 5133 318 5187 in
348 5131 738 5204 promittendo
764 5131 966 5198 ﬁdelis,
995 5131 1054 5186 in
1080 5131 1420 5202 perﬁciendo
1444 5131 1710 5198 liberalis,

88 5239 232 5280 nunc
257 5241 365 5298 per
388 5225 648 5281 sterilem
677 5241 868 5280 senem
895 5225 1244 5292 fecundasti;
1271 5225 1368 5280 sed
1397 5229 1461 5280 ut
1495 5225 1712 5280 devotio

87 5319 550 5389 comprobaretur
576 5317 637 5372 in
657 5323 835 5389 patre,
857 5317 1075 5373 affectio
1101 5323 1537 5390 postponeretur
1557 5318 1615 5372 in
1631 5336 1712 5373 so.

87 5408 222 5477 bole,
254 5417 311 5466 et
336 5427 453 5483 qua
478 5411 738 5466 futurum
766 5411 1048 5466 nesciebat
1066 5411 1347 5467 affectum.
1380 5412 1508 5466 Plus
1535 5413 1706 5484 siqui-

87 5503 208 5558 dem
231 5505 458 5576 gavisus
480 5508 566 5559 est
591 5503 828 5560 oﬁ‘erens
845 5504 945 5560 tibi
964 5505 1163 5574 ﬁlium,
1182 5521 1350 5576 quam
1372 5507 1710 5576 promissum

86 5597 380 5652 crediderit
409 5596 784 5652 nasciturum.
820 5599 926 5653 Pro
953 5598 1062 5652 hoc
1089 5598 1243 5653 enim
1283 5615 1396 5652 non
1445 5599 1572 5666 sibi,
1614 5600 1711 5654 sed

149 5723 175 5794 ξ
199 5725 367 5779 Forte
387 5721 726 5794 legendum,
749 5727 1094 5781 muniuntur.

147 5791 174 5834 δ
207 5795 346 5850 Hinc
371 5791 706 5867 pate_t__hanc
720 5795 960 5867 missam,
975 5796 1234 5852 imitatum
1260 5795 1432 5867 fuisse
1449 5800 1578 5867 ante
1607 5798 1707 5854 ad-

84 5863 453 5921 ditamentum
481 5863 748 5932 Filioque,
774 5867 920 5938 quod
943 5866 1064 5938 jam
1091 5867 1346 5940 superius
1376 5865 1620 5924 vidimus
1649 5868 1705 5924 in

1837 575 1868 614 e
1892 577 2026 632 rege
2055 562 2286 617 devotus
2311 568 2489 635 pater,
2517 583 2646 621 cum
2673 567 2940 624 sacriﬁcio
2957 571 3078 641 jam
3109 579 3302 644 parato
3339 576 3456 631 ibat

1837 658 1892 708 et
1917 654 2146 709 devotus
2191 655 2342 711 ﬁlius
2375 659 2504 713 cum
2547 661 2829 717 sacerdote
2868 665 3134 734 perfecto.
3182 669 3258 722 lta
3301 670 3454 724 enim

1833 750 2139 819 utrumque
2166 749 2273 803 sibi
2298 754 2423 805 vota
2448 757 2834 824 contexerant,
2864 761 2927 810 ut
2953 774 3056 811 nec
3085 764 3245 829 pater
3259 761 3326 816 de
3357 763 3457 816 ﬁlii

1834 839 2119 895 voluntate
2164 847 2306 897 esset
2340 851 2648 915 suspectus,
2691 864 2794 902 nec
2830 847 2974 904 ﬁlius
3017 851 3085 905 de
3127 854 3301 924 patris
3351 872 3452 910 vo-

1835 932 2046 988 luntate
2069 940 2214 989 esset
2232 934 2519 993 sollicitus.
2547 941 2797 996 Consulit
2832 943 3057 998 victima
3089 947 3452 1016 sacerdotem,

1836 1031 1892 1079 et
1929 1043 2312 1096 percussorem
2357 1047 2523 1086 suum
2573 1035 2884 1090 moriturus
2931 1037 3282 1109 interrogat:
3319 1043 3455 1096 Ecce

1835 1119 1990 1172 adest
2019 1120 2164 1191 ignis
2191 1125 2246 1176 et
2282 1124 2457 1194 ligna,
2488 1125 2584 1179 ubi
2618 1132 2702 1181 est
2743 1129 2858 1183 ovis
2898 1147 3025 1201 quae
3071 1137 3155 1186 est
3195 1133 3266 1187 ad
3307 1135 3460 1190 victi-

1835 1227 1988 1266 mam
2005 1213 2034 1266 ?
2059 1213 2101 1267 Ο
2126 1217 2542 1284 expectacolum
2567 1219 2804 1290 dignum
2831 1223 2979 1277 Deol
3010 1239 3042 1278 o
3065 1223 3334 1281 invictum
3355 1228 3452 1282 de-

1835 1305 2068 1359 votionis
2112 1307 2486 1378 triumphum,
2529 1316 2583 1365 et
2624 1329 2894 1384 magnum
2932 1320 2988 1370 et
3016 1317 3342 1375 inviolabile
3374 1339 3457 1374 sa-

1834 1403 2208 1454 cramentum.
2238 1401 2463 1456 Devotio
2491 1404 2707 1459 dicebat
2737 1423 2748 1460 :
2784 1409 3232 1480 Percute;pietas
3249 1413 3451 1467 clama-

1833 1489 1970 1558 bat:
2017 1493 2204 1546 Parce.
2241 1493 2338 1547 Illa
2371 1498 2728 1567 provocabat,
2775 1499 2880 1554 ista
2922 1503 3231 1559 revocabat.
3287 1506 3454 1561 Filius

1832 1587 2022 1637 tamen
2047 1586 2354 1640 moriturus
2373 1587 2613 1658 jacebat,
2643 1607 2754 1645 non
2788 1593 3016 1648 vincolis
3043 1596 3232 1650 arduis
3254 1597 3450 1654 inreti-

1831 1679 1942 1744 tus,
1975 1677 2071 1732 sed
2097 1679 2344 1734 ofﬁcium
2387 1681 2605 1752 pietatis
2650 1685 2898 1741 indutus.
2929 1688 3076 1742 Totis
3122 1705 3257 1762 ergo
3295 1697 3454 1762 pater

1831 1769 2130 1824 visceribus
2183 1773 2240 1826 in
2269 1791 2369 1828 sua
2395 1775 2608 1842 viscera
2638 1778 2904 1832 feriturus
2927 1779 3202 1853 insurgit,
3235 1789 3290 1838 et
3318 1786 3449 1839 nul-

1753 1845 1808 1915 B
1833 1861 1946 1916 lam
1971 1863 2277 1920 devotionis
2295 1884 2412 1921 sure
2438 1869 2636 1924 aﬁ‘erre
2661 1871 2876 1940 patitur
2895 1874 3235 1945 tarditatem,
3263 1894 3367 1932 nec
3383 1895 3451 1932 ex

1831 1954 2088 2010 tarditate
2117 1959 2359 2027 perdidit
2381 1962 2718 2017 mercedem.
2741 1965 2846 2018 Sed
2877 1981 3000 2020 ecce
3027 1967 3304 2039 divinitas,
3323 1987 3450 2041 quae

1824 2047 2068 2117 jusserat
2109 2055 2175 2104 ut
2205 2051 2418 2120 feriret,
2463 2054 2669 2108 iterum
2717 2056 2977 2112 dicebat:
3025 2061 3212 2130 Parce,
3262 2079 3448 2133 parce,

1832 2141 2033 2212 inquit,
2090 2142 2285 2198 devote
2333 2149 2511 2216 pater,
2565 2165 2750 2218 parce,
2805 2150 3064 2222 religiose
3131 2170 3448 2224 percussor,

1829 2249 2018 2303 parce,
2052 2235 2172 2290 sine
2201 2237 2438 2293 crimine
2469 2241 2762 2310 parricida.
2793 2244 2909 2313 Ego
2953 2244 3132 2298 libens
3169 2246 3450 2303 victimam

1831 2328 1987 2380 tuam
2044 2330 2359 2399 acceptavi;
2414 2336 2607 2387 votum
2653 2349 2768 2388 non
2809 2337 3066 2406 reprobo,
3112 2339 3448 2395 sacriﬁcium

1828 2417 2015 2487 laudo,
2060 2420 2228 2474 ﬁdem
2262 2439 2376 2477 non
2418 2427 2650 2495 repello.
2697 2428 2778 2481 Tu
2808 2427 3038 2498 quidem
3066 2447 3179 2484 non
3204 2432 3448 2502 perimes

1826 2509 2027 2581 ﬁlium,
2059 2513 2153 2566 sed
2179 2514 2312 2568 facti
2354 2516 2435 2570 tui
2477 2534 2582 2588 per
2621 2521 2818 2572 saecula
2861 2525 3054 2576 manet
3101 2525 3444 2596 exemplum.

1827 2601 1870 2656 Ο
1895 2603 2118 2674 qualem
2145 2621 2266 2660 rem
2292 2606 2306 2660 l
2337 2624 2438 2662 nec
2468 2609 2616 2664 ﬁlius
2644 2611 2835 2666 timuit
2855 2613 3098 2682 victima,
3137 2631 3240 2670 nec
3288 2621 3448 2686 pater

1827 2693 2084 2751 inventus
2109 2699 2419 2769 parricida:
2447 2703 2718 2772 quoniam
2749 2705 3054 2760 adventum
3095 2707 3314 2763 Domini
3350 2727 3444 2764 no-

1827 2789 1927 2842 stri
1951 2790 2078 2844 Jesu
2105 2791 2308 2846 Christi
2344 2797 2692 2866 expectabat,
2729 2803 2858 2853 ante
2885 2799 3044 2870 cujus
3082 2807 3444 2872 conspectum

1826 2897 2020 2938 omnes
2047 2884 2230 2956 angeli
2258 2889 2426 2958 atque
2455 2889 2796 2961 archangeli.

2222 2992 2345 3040 Item
2370 2993 2682 3044 Contestatio
2699 2995 3042 3047 dominicalis.
3409 3057 3412 3060 ,

1895 3082 2032 3137 Vere
2058 3083 2298 3154 dignum
2337 3091 2392 3142 et
2413 3087 2633 3158 justum
2673 3096 2754 3144 est
2787 3092 3139 3148 credentium
3170 3096 3444 3166 populum

1744 3205 1799 3280 Ο
1825 3191 2048 3246 semper
2072 3177 2180 3232 Deo
2209 3178 2393 3234 dicere
2430 3181 2640 3252 laudes,
2683 3188 2738 3238 et
2783 3184 2843 3238 in
2887 3187 3104 3241 Christo
3148 3187 3444 3244 dominica:

1823 3269 2180 3324 sublimitatis
2207 3273 2473 3342 praeferre
2499 3275 2786 3346 virtutem,
2816 3283 2872 3332 et
2898 3279 2957 3332 in
2981 3279 3099 3334 ﬁlio
3123 3282 3442 3338 misericor-

1821 3346 1950 3415 dem
1979 3363 2286 3432 praedicare
2314 3365 2598 3437 pietatem,
2627 3385 2727 3438 per
2746 3387 2916 3441 quem
2954 3377 3156 3428 cuncta
3188 3377 3438 3446 protulit,

1823 3454 2078 3509 universa
2107 3458 2370 3512 restituit.
2401 3460 2627 3514 Sublata
2655 3466 2788 3516 sunt
2813 3465 3002 3518 omnia
3039 3482 3166 3536 qua:
3195 3469 3440 3540 prophe-

1822 3547 1944 3601 ticis
1969 3545 2195 3604 vocibus
2221 3556 2327 3606 ate
2354 3553 2746 3608 mandaveras:
2776 3557 3026 3626 perfecta
3053 3565 3184 3615 sunt
3217 3567 3438 3628 cuncta,

1819 3656 1946 3711 quae
1975 3641 2044 3696 de
2083 3642 2324 3698 adventu
2367 3648 2481 3699 tuas
2518 3647 2870 3702 sublimitatis
2911 3656 3039 3705 ante
3077 3653 3440 3723 prendixeras.

1819 3733 1899 3787 Tu
1929 3751 1986 3788 es
2015 3735 2121 3788 Leo
2147 3736 2215 3790 de
2240 3737 2390 3791 tribu
2413 3739 2556 3793 Juda
2590 3739 2749 3793 fortis
2775 3741 2834 3795 in
2862 3743 3092 3814 prtelio;
3127 3751 3188 3800 tu
3226 3748 3442 3803 catulus

1819 3823 1996 3880 leonis
2024 3845 2322 3901 resurgens
2347 3831 2520 3886 victor
2543 3851 2576 3886 a
2615 3834 2888 3904 mortuis;
2934 3839 2996 3891 tu
3043 3853 3208 3892 verus
3261 3856 3442 3911 agnus

1821 3920 1936 3989 Dei,
1959 3921 2051 3975 diu
2083 3923 2352 3993 quaesitus
2378 3925 2446 3978 ad
2465 3925 2768 3997 victimam,
2798 3945 2900 3998 per
2923 3931 3082 4000 cujus
3109 3933 3443 4003 sanguinem

1819 4013 2039 4084 placata
2067 4020 2200 4070 sunt
2225 4017 2444 4086 omnia;
2469 4024 2528 4072 tu
2559 4019 2702 4090 lapis
2723 4023 3010 4091 angularis
3037 4024 3442 4082 aediﬁcantibus

1819 4108 2148 4178 spretus,,id
2178 4110 2434 4165 Ecclesiae
2470 4112 2650 4184 capite
2693 4115 3052 4184 constitutus,
3097 4117 3442 4175 admirabilis

1818 4202 2176 4270 postmodum
2204 4203 2451 4260 effectus.
2483 4207 2563 4259 Tu
2593 4208 2848 4262 sacerdos
2883 4210 3132 4265 excelsus
3181 4218 3236 4268 et
3275 4229 3442 4268 verus

1819 4293 2094 4348 minister.
2117 4296 2199 4348 Tu
2231 4295 2386 4368 virga
2409 4297 2477 4351 de
2504 4299 2689 4354 radice
2717 4299 2865 4356 Iesse
2895 4304 3130 4373 prolata.
3161 4305 3240 4358 Tu
3290 4311 3438 4362 tem-

1816 4387 1978 4457 plum
2003 4403 2218 4455 verum,
2257 4391 2410 4460 quod
2449 4407 2551 4461 pro
2587 4398 2776 4446 nostra
2809 4394 3156 4451 redemtione
3197 4404 3439 4469 prostra-

1818 4483 1940 4532 tum
1969 4483 2071 4534 est.
2097 4481 2178 4535 Tu
2197 4487 2323 4552 post
2342 4483 2594 4538 triduum
2619 4501 2916 4557 resurgens
2944 4487 3102 4542 vivus
3118 4505 3152 4542 a
3176 4491 3434 4548 mortuis.

1698 4581 1711 4594 '
1735 4574 1794 4644 Ι)
1815 4573 1896 4626 Tu
1924 4573 2103 4644 igitur
2128 4573 2187 4628 in
2214 4576 2326 4630 Noe
2361 4579 2544 4630 rector
2571 4594 2735 4646 arcas,
2779 4595 2893 4632 non
2936 4581 3116 4636 solum
3165 4583 3295 4654 Noe,
3339 4588 3436 4641 sed

1818 4665 2069 4720 Ecclesia
2109 4667 2472 4738 gubernator.
2527 4671 2585 4724 In
2628 4671 2912 4726 Abraham
2955 4673 3312 4732 ﬁdelissimus
3342 4689 3454 4749 pac'

1816 4759 2074 4830 triarcha,
2098 4759 2157 4814 in
2176 4761 2322 4815 Isaac
2341 4763 2737 4833 gloriosissima
2752 4765 2930 4820 hostia
2957 4767 3150 4838 patris,
3187 4769 3246 4824 in
3263 4771 3431 4827 Jacob

1813 4869 2054 4908 summae
2087 4853 2374 4924 patientiae
2400 4856 2686 4928 magister,
2717 4857 2776 4912 in
2809 4859 3011 4930 Joseph
3037 4861 3434 4921 misericordiae

1812 4946 2165 5017 praedicator,
2207 4948 2266 5002 in
2310 4949 2492 5020 Moyse
2525 4951 2818 5006 laudabilis
2856 4953 2990 5020 dux,
3031 4955 3092 5008 in
3139 4956 3307 5013 David
3341 4976 3435 5030 pa-

1811 5039 2056 5094 triarcha
2107 5043 2426 5112 przeclarus,
2469 5044 2528 5098 in
2570 5044 2872 5100 Salomone
2918 5047 3432 5108 abundantissimus

1810 5132 1935 5188 fons
1960 5135 2246 5205 sapientiae
2275 5136 2335 5190 in
2367 5137 2498 5191 Isaia
2518 5143 2710 5193 auctor
2729 5139 2984 5194 omnium
3006 5143 3430 5218 prophetarum,

1810 5225 1871 5281 in
1907 5228 2158 5283 Johannc
2210 5229 2428 5300 primus
2471 5231 2732 5302 baptista,
2776 5233 2835 5286 in
2887 5233 3168 5306 Stephano
3218 5238 3434 5310 primus

1811 5325 2042 5392 martyr,
2090 5321 2147 5374 in
2176 5323 2338 5377 Petro
2363 5325 2694 5394 negantium
2720 5326 2876 5396 ﬁdes,
2909 5327 2968 5381 in
2993 5329 3166 5384 Paulo
3193 5331 3436 5403 Spiritus

1811 5419 2033 5468 sanctus
2048 5415 2368 5470 Paraclitus.
2387 5417 2544 5480 Quod
2565 5419 2766 5474 merito
2785 5420 2904 5488 tibi,
2931 5421 3184 5493 Domine,
3205 5427 3432 5484 conlau-

1809 5509 1943 5562 dant
1969 5525 2137 5579 opera
2161 5508 2274 5576 illa,
2303 5507 2773 5590 viginti‘quatuor
2799 5513 3062 5584 seniores,
3096 5521 3152 5571 et
3193 5525 3434 5591 quatuor

1809 5601 2070 5655 animalia
2091 5617 2253 5656 senas
2276 5602 2390 5656 alas
2415 5603 2708 5675 habentes,
2739 5606 2987 5663 dicentes
3010 5625 3023 5664 :
3054 5610 3304 5667 Sanctus.

1809 5725 2151 5805 expositione
2191 5727 2458 5805 Symboli,
2499 5746 2628 5802 pag.
2685 5735 2786 5786 313
2833 5734 2964 5805 (huj.
3013 5736 3141 5793 edit.
3183 5737 3280 5793 col.
3321 5736 3424 5797 490

1809 5799 1931 5853 init.
1956 5802 2006 5852 et
2027 5802 2138 5853 not.
2164 5799 2237 5868 a).
2500 5799 2517 5802 ἡ
2581 5799 2600 5802 ⁷
2842 5799 2847 5802 ’
2917 5799 2933 5805 ⁷
3513 5839 3516 5843 ·
