3970 6422
465 369 566 422 559

855 473 979 520 Item
1011 468 1320 520 Contestatio
1345 468 1685 519 dominicalis.

535 547 673 600 Vere
695 544 932 614 dignum
961 546 1015 595 et
1043 541 1262 611 justum
1303 546 1406 603 est,
1451 541 1807 611 omnipotens
1846 538 2080 593 verbum

465 637 712 693 veritatis
733 639 790 689 et
812 635 1006 688 lumen
1044 632 1327 687 claritatis.
1368 633 1549 687 Gloria
1585 633 1646 687 in
1679 632 1906 686 excelsis
1939 631 2077 696 Deo,

464 735 519 784 et
546 731 605 783 in
634 734 783 782 terra
815 743 928 798 pax
956 725 1279 780 hominibus
1303 726 1464 780 bona;
1505 725 1819 791 voluntatis,
1869 724 1979 793 die,
2020 724 2080 777 in

462 839 575 895 qua
602 826 768 875 natus
793 826 876 874 est
896 819 1180 873 Dominus.
1213 819 1308 872 Die
1333 824 1521 872 sancto
1547 817 1838 872 Dominico
1869 817 2078 888 baptis-

463 931 623 970 mum
651 912 920 968 introivit.
953 911 1047 966 Die
1070 915 1263 965 sancto
1297 911 1585 964 Dominico
1613 899 1920 964 resurrexit
1969 911 2079 963 Do-

463 1007 674 1062 minus.
704 1007 803 1060 Die
833 1010 1019 1059 sancto
1049 1004 1335 1058 Dominico
1365 1003 1496 1058 fecit
1519 1003 1797 1057 mirabilia
1837 1003 1898 1056 in
1935 1003 2082 1056 Cana

464 1100 708 1169 Galileae,
737 1115 906 1170 aquas
933 1098 990 1151 in
1018 1097 1145 1151 vina
1178 1097 1470 1151 convertit.
1514 1097 1611 1151 Die
1653 1101 1844 1150 sancto
1889 1095 2079 1149 Domi-

464 1193 591 1248 nico
617 1194 684 1247 de
710 1192 958 1263 quinque
979 1189 1218 1261 panibus
1245 1194 1302 1244 et
1327 1189 1542 1244 duobus
1569 1188 1814 1260 piscibus
1833 1188 2082 1258 quinque

465 1286 642 1341 millia
660 1283 957 1338 hominum
977 1283 1146 1354 pavit.
1173 1283 1268 1336 Die
1295 1288 1484 1336 sancto
1510 1282 1796 1336 Dominico
1816 1281 2083 1335 siccatum

465 1385 548 1434 est
571 1393 724 1432 mare
749 1382 878 1430 ante
899 1376 1173 1447 populum
1198 1375 1420 1446 Moysis.
1451 1375 1547 1430 Die
1577 1378 1766 1428 sancto
1797 1374 2084 1428 Dominico

465 1472 752 1526 ordinatus
791 1473 873 1524 est
889 1467 1119 1523 Petrus“
1146 1468 1454 1522 secundum
1496 1468 1788 1538 Apostolus
1831 1467 1888 1520 in
1933 1468 2084 1520 Novo

466 1565 840 1620 Testamento.
895 1561 994 1616 Die
1052 1565 1241 1615 sancto
1298 1560 1585 1614 Dominico
1641 1577 1796 1614 mare
1853 1559 2086 1631 pedibus

465 1657 786 1712 ambulavit.
837 1654 933 1708 Die
980 1658 1171 1708 sancto
1215 1653 1502 1707 Dominico
1546 1653 1791 1724 respexit
1828 1652 1887 1706 in
1939 1656 2087 1706 terra

466 1749 786 1820 Babylonis,
813 1753 868 1803 et
901 1748 1039 1802 vidit
1070 1753 1185 1802 tres
1221 1746 1470 1801 civitates
1507 1747 1787 1814 ardentes,
1828 1761 1944 1800 una
1980 1747 2082 1798 Ba-

1335 359 1667 419 APPENDIX
1705 363 1791 418 AD
1827 359 2048 416 OPERA
2084 354 2138 416 S.
2178 355 2475 416 GERMANI
2513 351 2938 416 PARISIENSIS.

2101 477 2159 552 Α
2181 467 2430 538 gaudens
2466 465 2694 538 propria
2730 464 3024 519 reduceret
3061 461 3134 516 ad
3181 460 3324 526 loca,
3367 457 3455 512 ita
3497 454 3854 528 principem

3731 345 3836 402 36l

2177 563 2431 614 nostrum
2469 575 2692 630 semper
2737 557 3006 611 victorem
3039 557 3234 609 contra
3273 556 3517 607 cunctos
3561 549 3850 603 adversa-

2178 653 2292 708 rios
2317 651 2574 718 viviticet,
2621 651 2840 704 salvum
2875 653 3120 718 tueatur,
3162 647 3463 700 conservet
3508 642 3849 697 inlassum:

2178 745 2276 817 qui
2306 743 2705 800 Melchisedech
2733 748 2790 797 et
2814 741 3102 796 Abraham
3131 744 3344 794 aeterno
3385 742 3670 807 tempore
3715 733 3852 788 feli-

2179 837 2318 893 citer
2343 853 2577 908 regnare
2605 835 2768 908 [fecit]
2803 835 2862 889 in
2885 834 3190 888 mundum.
3220 834 3327 886 Per
3356 829 3720 886 Dominum.

2254 1001 2483 1056 Domine
2522 1001 2668 1055 Deus
2717 927 3126 1070 omniiiﬂiz‘iilslf.
3161 996 3261 1068 qui
3311 1012 3418 1067 per
3486 993 3856 1066 sapientiam

2180 1094 2646 1162 inazstimabilem,
2688 1110 2800 1164 qua
2857 1093 2934 1147 ita
2997 1089 3323 1162 disposuisti
3387 1087 3721 1154 mundum,
3789 1089 3860 1139 ut

2179 1189 2390 1260 absque
2421 1187 2650 1258 regibus
2677 1191 2733 1240 et
2767 1183 3298 1257 principibllsmulla
3317 1198 3454 1237 cum
3477 1196 3633 1252 pace
3655 1179 3856 1234 subsi-

2181 1284 2393 1337 sterent
2417 1280 2732 1334 climactera
2751 1277 2961 1347 saeculi,
2985 1275 3254 1348 quatinus
3272 1276 3573 1330 bonorum
3597 1273 3859 1328 ﬂorente

2175 1373 2413 1446 justitia,
2455 1377 2653 1426 cuncta
2676 1371 2905 1426 subacta
2941 1370 3295 1425 tabescerent
3341 1368 3723 1440 perfidorum
3760 1381 3861 1420 ne-

2183 1467 2380 1538 quitia.
2413 1465 2589 1533 Unde,
2625 1464 2874 1532 Domine,
2903 1469 2958 1518 te
2996 1462 3278 1534 supplices
3317 1461 3745 1533 deprecamur,
3787 1459 3856 1512 ti-

2182 1560 2350 1630 bique
2380 1557 2592 1612 devotis
2617 1557 2903 1612 mentibus
2938 1557 2997 1610 in
3032 1555 3137 1610 hac
3172 1555 3262 1609 die
3297 1555 3610 1609 fundimus
3654 1569 3864 1624 preces

2182 1669 2290 1724 pro
2316 1651 2462 1706 ﬁdeli
2490 1650 2706 1704 famulo
2728 1655 2824 1704 tuo
2849 1649 3109 1720 principe
3135 1654 3335 1702 nostro
3361 1647 3448 1703 ill.
3513 1651 3706 1718 atque
3755 1663 3864 1716 pro

2185 1745 2444 1799 universo
2471 1744 2720 1798 exercitu
2743 1743 2916 1797 illius.
2935 1743 3014 1796 Ita
3038 1759 3192 1809 eum,
3224 1740 3488 1809 Domine,
3513 1757 3631 1812 per
3659 1739 3869 1794 dexte-

464 1843 620 1912 billa,
643 1841 885 1896 secunda
918 1840 1236 1911 Babylonis,
1264 1833 1430 1893 tertia
1471 1839 1848 1910 Landoglado.
1880 1837 2091 1892 Babilla
2109 1841 2165 1912 B
2189 1855 2310 1892 ram
2337 1837 2558 1892 virtutis
2577 1840 2688 1891 tuae
2717 1841 2910 1890 contra
2951 1851 3149 1890 omnes
3192 1833 3554 1888 adversarios
3618 1848 3868 1903 semper

467 1936 674 1990 cedunt
712 1935 880 2006 pedes
907 1937 1292 2005 peccatorum;
1344 1931 1638 2002 Babylonis
1675 1932 1882 1986 cedunt
1919 1931 2088 2001 pedes

466 2029 901 2094 fornicatorum;
931 2025 1284 2096 Landoglado
1323 2025 1530 2079 cedunt
1558 2025 1658 2096 qui
1699 2024 2091 2078 contradicunt

467 2122 638 2175 verbo
683 2119 918 2174 Domini.
988 2118 1066 2172 lbi
1116 2123 1276 2172 sonat
1320 2134 1445 2172 ossa
1490 2117 1785 2188 morigena
1833 2122 2086 2188 peccato-

470 2231 602 2270 rum
629 2213 677 2280 δ,
707 2216 763 2267 et
788 2212 1009 2283 linguas
1047 2211 1249 2265 aridas.
1287 2211 1488 2265 Omnia
1517 2227 1889 2282 quaecumque
1918 2209 2091 2264 voluit

471 2308 744 2362 Dominus
779 2305 906 2359 fecit
952 2304 1011 2358 in
1055 2305 1190 2358 caelo
1228 2307 1283 2359 et
1319 2305 1379 2358 in
1418 2308 1586 2373 terra,
1642 2304 1700 2358 in
1743 2302 1886 2358 mari
1931 2309 1985 2357 et
2030 2303 2089 2356 in

468 2401 700 2472 abyssis.
717 2397 1009 2453 Descendit
1033 2397 1102 2451 ad
1129 2397 1418 2452 infernum
1442 2401 1498 2452 et
1518 2397 1716 2452 exinde
1748 2397 2086 2465 tulitAdam,

471 2500 527 2550 et
553 2491 756 2548 direxit
781 2507 911 2546 eum
955 2490 1015 2544 in
1046 2491 1388 2561 paradisum,
1419 2496 1475 2545 et
1519 2489 1766 2544 restituit
1809 2506 1941 2544 eum
1979 2505 2092 2544 una

470 2603 600 2643 cum
637 2583 990 2658 patriarchis.
1033 2583 1224 2637 Merito
1255 2583 1378 2652 tibi,
1422 2583 1677 2653 Domine,
1713 2583 1898 2637 omnis
1940 2587 2092 2637 terra

470 2681 665 2736 adorat
695 2683 748 2734 te
773 2683 830 2734 et
855 2677 1171 2732 conﬁtetur.

843 2767 970 2815 item
994 2763 1306 2815 Contestatio
1333 2762 1659 2813 dominicalis
1679 2776 1720 2812 c.

542 2849 682 2903 Vere
709 2847 947 2918 dignum
976 2850 1032 2899 et
1048 2845 1270 2915 justum
1297 2847 1402 2912 est,
1433 2843 1790 2914 omnipotens
1840 2844 2004 2912 Deus,
2040 2847 2094 2898 te

473 2943 809 3013 angelorum
833 2943 1025 3010 aptare
1053 2937 1184 2992 licet
1211 2936 1303 2990 illa
1331 2937 1390 2991 in
1417 2936 1749 3006 caelestibus,
1782 2942 1836 2991 te
1867 2937 1924 2991 in
1964 2953 2092 3008 per-

473 3035 622 3090 sonis
650 3034 884 3099 trinum,
913 3045 1096 3086 unum
1123 3029 1300 3084 Deum
1350 3029 1405 3082 in
1447 3029 1716 3084 Trinitate
1759 3030 1878 3084 sine
1929 3045 2096 3084 cessa-

471 3130 624 3186 tione
649 3125 1048 3182 conlaudantes
1077 3123 1484 3177 demonstrant.
1519 3122 1626 3178 Sed
1659 3128 1846 3178 nostra
1876 3122 2094 3194 exigui-

2187 1948 2303 1986 esse
2321 1931 2521 2002 jubeas
2545 1947 2675 1985 cum
2696 1928 3000 1999 triumphis
3025 1928 3320 1997 victorem,
3351 1927 3506 1981 sicut
3545 1925 3869 1998 quondam

2186 2025 2485 2079 auxiliatus
2511 2040 2569 2078 es
2604 2023 2794 2094 Moysi,
2819 2022 2956 2078 dum
2981 2022 3249 2076 adversus
3275 2021 3547 2075 inimicos
3575 2037 3728 2075 suos
3789 2019 3871 2074 di-

2187 2117 2418 2185 micans,
2449 2119 2566 2171 Hur
2590 2115 2820 2171 brachia
2846 2116 2994 2170 illius
3031 2119 3375 2170 sustentaret
3403 2131 3598 2185 usque
3629 2114 3713 2168 ad
3735 2130 3868 2168 ves-

2187 2227 2382 2282 peram
2402 2228 2418 2280 ;
2435 2211 2642 2281 illeque
2666 2209 2884 2264 lumina
2906 2209 3096 2264 levans
3119 2209 3190 2262 ad
3207 2207 3401 2274 caelos,
3436 2223 3580 2262 mox
3613 2211 3680 2262 te
3703 2207 3872 2262 auxi-

2187 2304 2376 2373 liante,
2407 2304 2664 2369 Domine,
2708 2319 2887 2374 usque
2925 2303 2996 2357 ad
3023 2301 3482 2356 internecionem
3529 2317 3680 2355 suos
3723 2316 3862 2372 per-

2190 2396 2360 2450 cussit
2378 2401 2545 2467 atque
2573 2396 2874 2466 prostravit
2902 2395 3274 2450 adversarios.
3319 2393 3576 2448 Proinde
3619 2397 3709 2462 te,
3755 2393 3868 2447 Do-

2189 2489 2362 2558 mine,
2391 2489 2627 2544 subnixe
2655 2489 3029 2560 deposcimus,
3049 2492 3116 2542 ut
3139 2487 3328 2541 taliter
3352 2486 3643 2559 princeps
3667 2492 3874 2542 noster

2190 2583 2250 2637 in
2280 2583 2493 2637 cunctis
2520 2588 2618 2637 tuo
2639 2582 2857 2652 jugiter
2880 2582 3059 2636 fultus
3081 2581 3320 2648 auxilio,
3359 2579 3726 2635 innumeros
3768 2597 3874 2652 per

2191 2693 2366 2731 annos
2394 2675 2629 2731 feliciter
2654 2675 2838 2746 vigeat
2865 2675 2924 2728 in
2947 2691 3146 2746 regno.
3172 2673 3661 2768 PegDominum.

2809 2767 2929 2816 Post
2951 2766 3182 2816 nomina.

2265 2850 2595 2904 Dominator
2634 2848 2887 2915 Domine,
2915 2848 3015 2918 qui
3051 2847 3384 2918 superstites
3424 2850 3614 2918 atque
3667 2847 3876 2900 defun-

2194 2949 2331 3012 ctos,
2375 2943 2517 2997 sicut
2555 2941 2817 3008 volueris,
2858 2940 3176 2996 misericors
3213 2944 3314 2994 tuo
3361 2944 3532 2994 tenes
3583 2940 3650 2994 in
3698 2944 3871 3007 nutu,

2193 3037 2383 3091 adesto
2424 3035 2686 3106 precibus
2729 3034 2966 3103 nostris;
3015 3038 3078 3087 ut
3119 3034 3462 3088 Sanctorum
3520 3033 3876 3087 nominibus

2196 3129 2503 3196 recensitis,
2525 3128 2750 3182 illorum
2774 3127 2994 3182 meritis
3017 3127 3378 3197 adjuvemur,
3406 3129 3598 3198 atque
3630 3126 3770 3180 haec
3797 3143 3877 3180 sa-

473 3227 578 3292 tas,
605 3219 889 3290 terrigeno
915 3218 1142 3288 pulvere
1168 3215 1556 3286 circumsepta,
1589 3217 1868 3288 quomodo
1895 3216 2100 3288 poterit
2119 3207 2173 3280 C
2199 3223 2422 3292 criticia,
2449 3239 2576 3293 quae
2605 3221 2706 3275 tibi
2730 3220 3041 3288 offerimus,
3071 3224 3128 3274 et
3171 3219 3498 3274 viventibus
3543 3220 3876 3292 proﬁciant

475 3316 546 3371 de
564 3313 676 3368 tuis
705 3310 1076 3366 ineffabilibus
1103 3309 1386 3380 operibus,
1416 3309 1599 3364 saltim
1627 3309 1985 3380 paucissima,
2038 3309 2097 3362 in

475 3407 669 3465 laudes
700 3421 960 3479 promere
985 3404 1194 3458 verba?
1231 3403 1542 3474 praesertim
1585 3419 1714 3457 cum
1751 3403 1954 3457 caelum
1995 3401 2099 3457 tibi

476 3501 635 3556 sedes
661 3500 750 3562 sit,
779 3504 926 3553 term
950 3502 1140 3552 autem
1177 3495 1479 3550 scabellum
1509 3495 1718 3567 pedum
1750 3500 2013 3564 tuorum;
2044 3499 2101 3550 et

476 3595 676 3650 cuncta
703 3592 942 3646 visibilis
967 3596 1023 3645 et
1048 3589 1345 3644 invisibilia
1363 3589 1579 3660 pugillo
1607 3589 1964 3658 concludens,
1993 3605 2096 3660 po-

476 3689 597 3743 lum
622 3686 804 3758 reples
827 3689 1150 3740 sanctorum
1178 3682 1514 3753 angelorum
1549 3682 1800 3751 catervis,
1841 3682 2100 3736 tellurem

476 3796 580 3854 per
605 3781 810 3852 gradus
836 3778 1135 3833 hominum
1162 3776 1387 3830 locatim
1417 3775 1666 3846 disponis
1709 3774 1965 3830 miritice.
2010 3775 2101 3830 Sic

477 3889 722 3946 namque
767 3879 821 3928 te
861 3871 1157 3926 ordinante
1195 3868 1400 3939 regalis
1437 3868 1685 3939 potentia
1717 3868 2099 3940 principatum

481 3969 627 4041 gerit
649 3967 708 4021 in
737 3965 969 4033 mundo,
991 3963 1260 4035 quatinus
1285 3961 1344 4015 in
1371 3961 1586 4015 cunctis
1604 3967 1659 4016 te
1695 3963 1872 4016 Deum
1908 3960 2100 4016 Domi-

477 4075 620 4118 num
647 4065 702 4114 et
731 4058 1124 4113 auxiliatorem
1153 4071 1321 4110 suum
1359 4071 1579 4126 semper
1619 4072 1738 4111 esse
1785 4060 2098 4126 cognoscat.

477 4153 740 4221 Proinde,
779 4150 1034 4216 Domine,
1081 4149 1316 4204 subnixe
1363 4149 1736 4220 deposcimus,
1785 4154 1847 4204 ut
1887 4149 2105 4220 prolixa

481 4261 586 4320 per
600 4246 854 4316 tempora
869 4245 972 4298 isto
986 4242 1042 4297 in
1065 4242 1264 4298 saaculo
1289 4242 1520 4315 pacifice
1540 4249 1595 4297 et
1609 4242 1847 4297 feliciter
1865 4242 2105 4313 principi

483 4344 675 4397 nostro
717 4339 983 4394 concedas
1022 4352 1282 4408 regnare,
1322 4341 1379 4390 et
1417 4335 1752 4408 quandoque
1785 4340 1910 4406 post
1935 4351 2106 4391 anno-

2195 3317 2267 3371 ad
2319 3315 2580 3384 salutem,
2623 3319 2679 3369 et
2729 3313 3009 3369 defunctis
3054 3313 3410 3383 opitulentur
3460 3313 3539 3367 ad
3596 3314 3878 3386 requiem

2197 3413 2487 3464 aternam.
2525 3408 2618 3462 His
2652 3407 2838 3461 inlatis
2875 3406 3210 3462 muneribus
3252 3405 3530 3478 princeps
3575 3414 3797 3462 noster
3826 3409 3880 3461 et

2196 3503 2490 3558 universus
2517 3501 2794 3556 exercitus
2821 3500 2974 3554 illius
3008 3499 3068 3554 in
3103 3499 3371 3554 omnibus
3399 3499 3595 3554 victor
3622 3517 3745 3572 ope
3775 3517 3878 3572 po-

2196 3596 2370 3650 tiatur
2392 3594 2580 3650 divina
2604 3593 3037 3666 deprecantibus
3061 3593 3247 3647 nobis.
3273 3593 3341 3647 Et
3352 3592 3504 3648 sicut
3532 3594 3694 3658 olim
3708 3596 3881 3650 Josue

2199 3689 2336 3744 dum
2363 3688 2567 3758 septies
2593 3704 2722 3742 cum
2752 3687 2900 3741 tubis
2929 3687 3140 3741 moenia
3168 3687 3372 3741 circuit
3402 3687 3670 3758 Hierico,
3698 3705 3879 3744 ruen-

2198 3783 2348 3837 tibus
2378 3781 2556 3836 muris
2581 3781 2706 3834 ilico
2733 3780 3023 3834 victoriam
3051 3780 3203 3851 cepit
3243 3780 3313 3834 de
3367 3780 3550 3849 urbe;
3601 3781 3714 3852 ita,
3771 3783 3880 3837 Do-

2201 3875 2352 3930 mine
2379 3875 2738 3945 omnipotens
2777 3875 2944 3942 Deus,
2991 3877 3218 3928 orantes
3263 3873 3674 3945 deposcimus,
3723 3881 3798 3932 ut
3840 3875 3885 3930 si

2201 3969 2300 4041 qui
2326 3968 2572 4023 fortassis
2597 3967 2779 4022 conati
2806 3968 3021 4022 fuerint
3049 3967 3326 4039 principis
3353 3967 3542 4021 nostri
3579 3970 3886 4025 contraire

2201 4061 2474 4134 imperiis,
2519 4061 2623 4115 sub
2649 4060 2890 4134 pedibus
2918 4060 3070 4115 illius
3095 4060 3392 4115 tabescant
3429 4059 3706 4119 feliciter
3745 4079 3884 4136 pro-

2203 4154 2378 4210 strati.
2409 4156 2632 4221 Praesta,
2665 4155 2809 4209 Deus
2835 4154 3216 4225 omnipotens.

2855 4241 2931 4292 Ad
2978 4255 3182 4292 nucem.

2855 4256 2931 4292 Λα
3013 4256 3182 4292 acem.

2276 4324 2540 4386 Mediator
2587 4323 2708 4378 casli
2757 4328 2813 4378 et
2852 4256 3040 4388 terris,
3087 4323 3454 4394 omnipotens
3507 4321 3675 4379 Deus
3722 4326 3887 4382 Jesus

481 4448 613 4491 rum
640 4433 817 4488 multa
847 4431 1122 4486 curricula
1146 4435 1390 4502 peracta,
1419 4434 1606 4484 tecum
1626 4434 1836 4484 mterno
1865 4435 2020 4501 aptes
2047 4429 2107 4484 in
2205 4417 2476 4484 ChPiSlUS,
2511 4417 2607 4488 (Ιιιί
2638 4421 2834 4487 ρὸοδῐτι
2861 4421 3031 4487 atque
3061 4415 3295 4487 PaC-iﬁca
3325 4417 3658 4474 hominum

482 4542 660 4601 regno
679 4542 780 4600 per
799 4525 1099 4580 Dominum
1117 4530 1372 4579 nostrum
1389 4524 1578 4578 Jesum
1598 4523 1882 4578 C-hristum
1905 4523 2105 4580 Filium
2127 4577 2182 4601 η
2207 4511 2393 4579 corda;
2425 4515 2478 4565 te
2505 4509 2782 4581 supplices
2811 4510 3215 4580 deprecamur;
3255 4514 3323 4564 υἱ
3357 4527 3472 4582 P8X
3513 4511 3646 4583 illa,
3703 4529 3885 4586 quam

482 4577 785 4693 tuiimjmi
810 4620 1010 4675 merito
1033 4635 1228 4673 omnes
1255 4617 1474 4689 Angeli,
1505 4623 1610 4674 etc.
2127 4577 2186 4649 D
2208 4577 2508 4659 tenendam
2534 4577 2648 4658 tuis
2681 4577 2960 4674 reliquisti
2988 4603 3284 4674 Apostolis,
3332 4577 3567 4676 jugiter
3619 4577 3890 4678 perseve-

943 4723 1102 4764 ΜιεεΑ
1142 4723 1246 4763 rao
1287 4721 1541 4763 remorre
1578 4707 1626 4762 (ι.
2207 4715 2336 4753 rans
2356 4697 2558 4752 nostris
2583 4697 2767 4767 vigeat
2793 4697 2853 4751 in
2878 4697 3179 4751 cordibus:
3211 4702 3267 4751 et
3297 4697 3446 4752 sicut
3476 4699 3670 4756 David
3703 4718 3890 4774 quon-

556 4794 768 4862 Regem
797 4805 1018 4860 regum,
1047 4792 1218 4860 atque
1244 4791 1575 4842 cunctorum
1605 4788 1968 4859 regnantium
2009 4787 2107 4843 Do-

482 4886 705 4944 minum
734 4886 913 4938 Deum
937 4881 1405 4954 omnipotentem,
1432 4881 1535 4936 sub
1560 4882 1720 4952 cuius
1749 4886 1890 4936 nutu
1920 4885 1975 4936 et
2003 4882 2110 4936 vir-

484 4984 603 5036 tute
633 4977 890 5032 universa
915 4992 1090 5047 regna
1109 4981 1386 5030 terrarum
1410 4974 1502 5046 pia
1522 4974 1910 5033 moderatione
1925 4974 2106 5029 subsi-

487 5077 663 5142 stunt,
689 5072 890 5126 fratres
914 5067 1276 5138 dilectissimi,
1314 5068 1679 5124 unianimiter
1702 5068 2105 5140 deprecemur;

489 5175 553 5224 ut
583 5169 899 5240 principem
925 5171 1181 5222 nostrum
1219 5167 1317 5223 tali
1342 5167 1562 5239 jugiter
1600 5170 1826 5221 tueatur
1877 5167 2105 5238 auxilio,

490 5261 643 5334 quali
663 5260 942 5316 Abraham
962 5262 1243 5332 quondam
1264 5278 1394 5316 cum
1415 5261 1679 5316 trecentis
1699 5261 1890 5317 decem
1906 5267 1962 5317 et
1986 5265 2110 5320 octo

479 5354 805 5410 Vernaculis
840 5355 952 5409 suis
985 5355 1052 5410 de
1093 5355 1342 5427 quinque
1389 5355 1616 5426 regibus
1652 5371 1778 5409 cum
1814 5356 2110 5430 phalangis

492 5448 784 5521 prostratis
827 5448 1112 5503 victoriam
1141 5450 1478 5504 referentem
1513 5448 1850 5504 mirabiliter
1885 5451 2113 5508 salvavit

493 5557 624 5598 cum
651 5543 964 5614 triumpho.
994 5541 1061 5598 Ut
1087 5547 1347 5612 nepotem
1375 5558 1538 5596 suum
1574 5542 1733 5610 Loth,
1768 5547 1824 5596 et
1862 5545 2109 5614 praedam

565 5658 589 5688 ‘
617 5659 703 5715 Sic
730 5659 898 5713 habet
915 5664 1074 5713 vetus
1101 5657 1404 5727 exmnplar.

564 5728 593 5768 δ
616 5736 701 5786 An
727 5731 1054 5800 legendum,
1077 5745 1133 5800 os
1169 5729 1489 5798 Amorrhazi,
1525 5745 1689 5800 genas
1726 5737 2062 5799 peccatorum
2084 5737 2112 5788 ?

563 5815 585 5843 ο
625 5797 864 5856 Ποοιόὴο
875 5797 1234 5875 anteponitur
1243 5800 1484 5875 secunda
1498 5797 1832 5870 quidemfsed
1846 5805 2112 5875 antiquis-

495 5875 636 5934 sima
657 5887 848 5946 manu,
871 5871 1034 5926 missa
1057 5884 1157 5942 pro
1176 5869 1402 5940 regibus
1422 5886 1433 5926 :
1453 5869 1620 5944 quam
1644 5876 1766 5946 post
1785 5869 2110 5945 sequentem

2207 4792 2339 4847 dam
2365 4791 2494 4846 forti
2521 4807 2693 4846 manu
2719 4791 2912 4862 spurio
2940 4807 3208 4861 percusso
3237 4791 3399 4846 Golia
3428 4809 3650 4864 pacem
3700 4795 3887 4852 Saulis

2207 4883 2341 4940 fecit
2363 4881 2424 4939 in
2449 4883 2679 4956 populo,
2707 4883 2784 4938 ita
2809 4883 3074 4956 princeps
3099 4889 3296 4940 noster
3308 4890 3362 4940 te
3389 4887 3737 4957 opitulante
3767 4889 3890 4944 uni-

2207 4979 2381 5033 versis
2409 4977 2634 5031 devictis
2660 4975 2912 5048 undique
2940 4976 3205 5049 gentibus
3239 4979 3480 5050 paciﬂce
3530 4981 3887 5039 innumeros

2209 5086 2311 5145 per
2335 5087 2510 5126 annos
2539 5086 2637 5126 suo
2662 5070 2898 5126 feliciter
2921 5071 3214 5143 splendeat
3237 5071 3301 5126 in
3331 5088 3547 5145 regno.

2827 5173 3162 5224 Contestatio.

2282 5255 2527 5325 Dignum
2554 5249 2974 5326 etjustum'est,
3007 5254 3240 5310 Domine
3280 5254 3434 5311 Deus
3471 5258 3882 5332 omnipotens,

2209 5349 2400 5404 laudes
2443 5365 2644 5404 vocum
2669 5354 3014 5418 nostrarum,
3039 5348 3086 5402 si
3110 5348 3193 5402 fas
3213 5353 3318 5416 est,
3348 5353 3752 5409 concentibus
3784 5370 3881 5408 an-

2213 5444 2464 5514 gelorum
2494 5447 2706 5514 aptare,
2724 5441 2855 5497 licet
2877 5442 2960 5496 illi
2983 5442 3042 5496 in
3070 5441 3392 5498 caalestibns
3420 5449 3478 5499 te
3503 5445 3571 5501 in
3613 5448 3882 5519 personis

2210 5537 2445 5604 trinum,
2490 5553 2666 5592 unum
2707 5533 2881 5590 Deum
2922 5535 2981 5590 in
3033 5536 3327 5592 divinitate
3374 5537 3504 5594 sine
3557 5542 3883 5597 cessatione

2209 5661 2700 5729 Contestationem,
2733 5662 2791 5717 in
2817 5680 2930 5734 qua
2959 5662 3028 5718 de
3049 5679 3182 5732 rege
3209 5662 3429 5733 agitur,
3464 5667 3814 5724 referimus.

2279 5735 2305 5776 ἀ
2341 5737 2498 5812 Hunc
2530 5734 2790 5812 titulum,
2834 5731 3060 5812 _q'ui_in_
3086 5731 3425 5812 exemplari;
3461 5737 3660 5808 deest,
3713 5747 3880 5812 atque

2209 5804 2348 5886 alios
2392 5805 2642 5876 ejusdem
2692 5804 2882 5860 missae
2927 5804 3600 5886 _titulos.supplevimus.
3645 5804 3730 5867 'ln
3781 5804 3880 5866 hac

2211 5877 2380 5932 missa
2405 5891 2627 5950 semper
2651 5891 2836 5930 sermo
2862 5879 2945 5930 est
2971 5875 3040 5930 de
3066 5875 3348 5950 principe,
3374 5893 3502 5935 non
3533 5881 3610 5937 de
3643 5899 3812 5970 rege.
