3970 6412
125 455 204 510 tm:
747 446 1350 509 S.\Cli.\.\ili.\"l'.-\iilUi
1389 453 1828 511 G.\LLlC.\NUM.
1871 484 1936 494 --
1978 455 2338 512 LECTIONES
2376 439 2834 514 DDMINICALES.
3353 438 3450 517 lit?!

123 561 504 623 conlaudantes
539 562 945 622 demonstrent.
977 565 1084 622 Sed
1130 570 1317 620 nostra
1361 565 1578 624 exilitas
1615 570 1729 621 ter-
1755 577 1812 651 Α
1832 575 1894 627 ut
1913 569 2011 643 qui
2039 574 2168 626 ante
2196 571 2255 625 in
2280 571 2494 626 deserta
2513 574 2569 626 et
2588 572 2742 627 arida
2769 568 3070 627 solitudine
3097 551 3448 641 tenebamur,

121 662 304 731 rigeno
331 659 560 729 pulvere
580 661 973 731 circumsepta,
996 660 1277 731 quomodo
1301 661 1506 730 poterit
1526 661 1594 715 de
1620 660 1732 714 tuis

123 753 476 808 ineﬂ'abilibus
507 753 770 824 operibus
790 755 973 807 saltim
1003 754 1358 824 paucissima,
1390 758 1519 820 etc.,
1550 759 1610 808 ut
1638 770 1727 808 su-

119 863 226 917 pra,
254 863 380 920 pag.
409 849 513 902 378
547 847 677 916 (huj.
708 848 838 900 edit.
863 849 962 900 col.
992 850 1090 900 559
1114 863 1299 900 versus
1338 847 1610 916 medium).

585 956 840 996 LEGENDIS
890 956 1244 995 COTTIDIANIS.

392 1019 627 1082 Epistola
659 1020 800 1068 Pauli
830 1021 1048 1082 apostoli
1082 1020 1146 1068 ad
1181 1022 1452 1069 Romanos.

185 1091 413 1160 Fratres,
443 1107 586 1161 rogo
620 1108 715 1145 vos
747 1097 811 1146 ut
839 1091 1141 1145 observetis
1176 1108 1269 1145 eos
1298 1091 1397 1162 qui
1437 1091 1734 1146 dissensio-

126 1201 210 1238 nes
235 1189 288 1240 et
311 1183 669 1249 offendicula,
700 1189 907 1254 praeter
936 1183 1247 1238 doctrinam
1278 1201 1448 1255 quam
1474 1201 1567 1238 vos
1587 1185 1734 1240 didi—

122 1277 275 1346 cistis,
305 1277 540 1345 faciunt,
572 1282 628 1331 et
655 1278 927 1332 declinata
954 1279 1022 1331 ab
1059 1277 1186 1332 illis.
1221 1279 1549 1348 Hujusmodi
1583 1278 1736 1333 enim

123 1372 324 1427 Christo
351 1371 587 1442 Domino
617 1375 809 1425 nostro
833 1371 956 1425 'non
983 1371 1251 1439 serviunt,
1284 1372 1378 1426 sed
1407 1388 1507 1425 suo
1534 1371 1734 1439 ventri,

123 1469 170 1519 et
213 1481 309 1536 per
349 1464 541 1518 dulces
595 1480 883 1518 sermones
914 1465 968 1518 et
999 1463 1415 1518 benedictiones
1465 1465 1739 1519 seducunt

123 1558 274 1612 corda
297 1557 709 1612 innocentium.
740 1558 934 1612 Vestra
961 1557 1113 1611 enim
1151 1557 1470 1612 obedientia
1499 1557 1556 1611 in
1584 1557 1737 1611 omni

123 1653 229 1706 loco
254 1650 542 1721 divulgata
570 1656 671 1704 est.
704 1651 927 1704 Gaudeo
966 1650 1142 1720 igitur
1176 1650 1235 1704 in
1276 1650 1448 1719 vobis,
1492 1650 1587 1704 sed
1617 1650 1738 1704 volo

123 1761 207 1797 vos
229 1743 502 1814 sapientes
524 1759 647 1797 esse
670 1743 728 1796 in
753 1744 919 1810 bono,
941 1747 995 1796 et
1022 1743 1296 1813 simplices
1323 1743 1382 1796 in
1414 1743 1578 1795 malo.
1597 1743 1739 1796 Deus

125 1841 297 1890 autem
319 1835 469 1906 pacis
500 1839 758 1888 conteret
784 1835 1022 1890 Satanan
1048 1835 1149 1888 sub
1179 1835 1413 1906 pedibus
1432 1834 1626 1888 vestris
1652 1849 1741 1888 ve-

1831 666 1961 720 vita:
1982 665 2256 736 patefacto
2278 665 2507 719 salutari
2529 665 2748 735 spiritu,
2775 664 2819 718 ri
2828 682 3090 736 garemur
3107 665 3271 719 misso
3291 665 3453 722 nobis

1831 760 1957 814 Jesu
1983 758 2204 814 Christo
2226 759 2360 812 Filio
2391 764 2488 813 tuo
2515 759 2754 812 Domino
2777 760 2907 826 Deo,
2932 761 3082 830 Rege
3105 764 3158 813 et
3178 760 3456 816 Salvatore

1777 894 1797 912 .
1831 857 2039 918 nostro,
2068 851 2237 922 quiin
2252 869 2307 907 se
2327 852 2529 906 delicta
2556 857 2742 906 nostra
2767 852 3091 922 suscipiens,
3108 857 3161 906 et
3187 853 3455 925 quicquid

1833 945 2003 1000 homo
2031 949 2196 999 antea
2222 950 2567 1017 peccaverat,
2594 946 2868 1017 sanguine
2897 962 2997 999 suo
3020 946 3275 1014 abluens,
3304 946 3454 1001 nati-

1833 1037 2061 1092 vitatem
2100 1055 2302 1092 novam
2346 1039 2698 1093 credentibus
2724 1042 2780 1093 et
2816 1039 2886 1092 ad
2921 1056 2978 1094 se
3005 1039 3456 1110 confugientibus

1835 1131 2097 1204 patefecit
2122 1148 2134 1185 :
2165 1132 2224 1185 in
2250 1132 2408 1201 cujus
2431 1131 2700 1186 ineffabili
2729 1131 2904 1202 gratia
2934 1121 3255 1202 gloriantes,
3293 1148 3450 1204 quae-

1836 1241 2049 1294 sumus,
2084 1224 2331 1291 Domine,
2353 1227 2420 1278 ut
2440 1229 2647 1279 statuas
2673 1224 2732 1279 in
2756 1225 2844 1279 via
2869 1228 3038 1291 recta,
3067 1241 3207 1296 quos
3231 1225 3454 1283 firmas-

1835 1316 1877 1372 ti
1903 1335 2004 1389 per
2035 1318 2274 1390 gratiam
2297 1334 2399 1389 per
2434 1317 2718 1372 Christum
2744 1319 3046 1373 Dominum
3071 1321 3348 1375 nostrum.

2477 1427 2634 1466 MISSA
2677 1429 2818 1468 ΑωΑ.

2236 1489 2463 1552 Epistola
2489 1490 2722 1552 Apostoli
2747 1490 2810 1538 ad
2836 1489 3050 1538 Galatas.

1909 1562 2144 1628 Fratres,
2172 1577 2366 1614 omnes
2390 1577 2492 1613 nos
2517 1561 2859 1614 manifestari
2886 1564 3105 1638 oportet
3133 1566 3261 1615 ante
3286 1563 3461 1617 tribu-

1836 1653 1928 1707 nal
1951 1653 2173 1720 Christi,
2207 1658 2268 1707 ut
2294 1653 2498 1707 referat
2526 1653 2913 1724 unusquisque
2938 1654 3168 1725 propria
3213 1654 3460 1725 corporis

1838 1745 1922 1799 sui
1943 1749 2110 1816 prout
2136 1746 2324 1816 gessit,
2354 1746 2468 1799 sive
2492 1747 2723 1811 bonum,
2749 1746 2863 1800 sive
2894 1747 3128 1800 malum.
3158 1748 3454 1810 Quaecum-

1837 1855 1946 1908 que
1967 1838 2117 1892 enim
2143 1838 2503 1892 seminaverit
2529 1839 2720 1908 homo,
2745 1839 2864 1892 haec
2891 1845 2945 1893 et
2963 1844 3135 1893 metet
3155 1855 3167 1892 :
3191 1841 3460 1910 quoniam

125 1930 318 1984 lociter.
346 1928 534 1982 Gratia
568 1927 790 1981 Domini
830 1927 1004 1981 nostri
1045 1929 1170 1982 Jesu
1206 1927 1408 1981 Christi
1435 1927 1739 1980 vobiscum.
1763 1941 1818 2010 Β
1843 1931 1940 2001 qui
1966 1930 2202 1984 seminat
2231 1931 2288 1983 in
2315 1947 2500 1991 carne,
2534 1931 2601 1984 de
2640 1948 2806 1985 carne
2849 1936 2904 1985 et
2943 1936 3117 1985 metet
3146 1933 3458 2003 corruptio-

333 2021 508 2070 Lectio
542 2020 709 2069 sancti
738 2020 1004 2082 Evangelii
1031 2019 1319 2069 secundum
1343 2022 1551 2069 Lucam.

187 2105 244 2157 In
270 2103 360 2156 illo
392 2107 677 2172 tempore,
710 2101 924 2154 factum
975 2104 1057 2153 est
1095 2118 1207 2154 una
1251 2100 1472 2154 dierum
1519 2100 1747 2154 sedebat

123 2197 263 2250 Jesus
306 2195 532 2260 docens,
591 2198 647 2247 et
694 2197 858 2247 erant
898 2192 1164 2246 Pharisaei
1203 2193 1475 2258 sedentes,
1524 2197 1579 2247 et
1604 2192 1744 2263 legis

123 2289 358 2343 doctores
383 2287 483 2359 qui
513 2289 788 2341 venerant
812 2302 880 2339 ex
904 2286 1058 2340 omni
1079 2286 1302 2339 castello
1323 2286 1542 2340 Galilere
1567 2290 1621 2339 et
1645 2287 1741 2339 Ju-

125 2382 200 2436 dae
221 2385 273 2436 et
295 2381 636 2446 Jerusalem,
666 2385 722 2435 et
748 2380 924 2433 virtus
951 2383 1070 2432 erat
1095 2378 1318 2432 Domini
1344 2379 1412 2432 ad
1435 2377 1743 2432 sanandum

126 2493 225 2529 eos.
252 2477 316 2528 Et
360 2491 488 2529 ecce
533 2473 644 2528 viri
689 2476 974 2544 portantes
1017 2471 1307 2525 hominem
1345 2471 1403 2526 in
1437 2472 1596 2535 lecto,
1647 2471 1744 2542 qui

129 2572 232 2622 erat
255 2566 615 2638 paralyticus,
645 2569 700 2619 et
729 2565 1054 2636 quaerebant
1082 2580 1212 2617 eum
1242 2563 1467 2632 inferre,
1497 2567 1552 2618 et
1577 2579 1744 2632 pone-

130 2677 180 2714 re
206 2665 328 2714 ante
351 2676 504 2713 eum.
540 2661 606 2714 Et
632 2675 747 2712 non
774 2657 1121 2711 invenientes
1148 2673 1258 2727 qua
1287 2661 1443 2726 parte
1471 2656 1632 2709 illum
1655 2656 1741 2710 in-

125 2754 321 2808 ferrent
347 2769 464 2824 praa
491 2751 682 2821 turba,
711 2750 1086 2805 ascenderunt
1110 2765 1276 2819 supra
1304 2753 1515 2803 tectum
1537 2765 1637 2819 per
1666 2752 1744 2803 te-

126 2848 268 2916 gulas
287 2850 340 2900 et
359 2844 750 2900 submiserunt
768 2843 927 2897 illum
946 2842 1003 2896 in
1026 2841 1212 2895 medio
1229 2846 1355 2895 ante
1372 2842 1397 2895 J
1403 2858 1580 2896 esum.
1604 2842 1745 2904 Quo-

124 2955 241 2992 rum
276 2939 442 2992 ﬁdem
489 2942 558 2991 ut
602 2935 759 3003 vidit,
788 2935 933 2989 dixit
965 2953 978 2988 :
1012 2935 1205 2999 Homo,
1236 2933 1606 2988 remittuntur
1643 2933 1744 2987 tibi

122 3036 332 3101 peccata
359 3035 474 3084 tua.
505 3031 576 3084 Et
603 3033 894 3098 coeperunt
933 3027 1184 3098 cogitare
1218 3026 1425 3080 Scriba:
1459 3031 1515 3080 et
1557 3026 1747 3080 Phari-

123 3124 228 3193 saei,
257 3125 503 3178 dicentes
539 3139 553 3176 :
584 3123 718 3186 Quis
745 3125 830 3175 est
848 3121 940 3174 hic
958 3120 985 3173 ?
1014 3120 1148 3190 quid
1177 3119 1428 3190 loquitur
1445 3120 1472 3172 *Ρ
1491 3118 1747 3190 blasphe-

124 3223 229 3272 mat
246 3227 288 3271 ι.
321 3217 454 3281 Quis
481 3219 669 3286 potest
693 3214 976 3268 dimittere
1000 3217 1243 3282 peccata,
1266 3212 1372 3264 nisi
1393 3211 1542 3265 solus
1566 3212 1748 3266 Deus?

1844 2040 1974 2077 nem
2000 2041 2015 2091 ;
2048 2023 2146 2094 qui
2169 2027 2357 2076 autem
2389 2024 2631 2078 seminat
2649 2024 2708 2077 in
2736 2025 2956 2094 spiritu,
2986 2025 3052 2077 de
3074 2025 3272 2094 spiritu
3292 2029 3466 2080 metet

1843 2116 2012 2170 vitam
2041 2120 2330 2170 aeternam.
2357 2116 2575 2170 Bonum
2599 2120 2790 2170 autem
2815 2116 3096 2185 facientes,
3113 2133 3226 2171 non
3247 2117 3467 2171 deﬁcia-

1843 2226 1990 2264 mus.
2013 2210 2162 2279 Ergo
2187 2209 2322 2262 dum
2347 2213 2571 2279 tempus
2592 2209 2888 2278 habemus,
2913 2226 3212 2280 operemur
3230 2211 3377 2264 bona
3395 2209 3466 2264 ad

1844 2318 2038 2356 omnes
2064 2301 2340 2370 homines,
2371 2299 2613 2356 maxime
2637 2306 2828 2356 autem
2850 2303 2920 2356 ad
2945 2302 3276 2357 domesticos
3310 2301 3464 2372 fidei,

1842 2395 1901 2449 in
1921 2394 2159 2448 Christo.

2011 2486 2182 2535 Lectio
2207 2486 2371 2535 sancti
2395 2486 2661 2549 Evangelii
2683 2486 2970 2535 secundum
2993 2485 3302 2536 Mattheum.

1914 2567 2118 2621 Diebus
2130 2566 2237 2620 illis
2258 2567 2624 2638 interrogavit
2634 2566 2934 2620 Dominum
2949 2567 3135 2621 Iesum
3151 2583 3298 2621 unus
3318 2567 3464 2622 Pha-

1843 2660 2038 2714 risaeus
2058 2660 2197 2731 legis
2223 2660 2416 2714 doctor
2445 2664 2666 2713 tentans
2692 2675 2822 2713 eum
2846 2675 2859 2711 :
2890 2659 3170 2730 Magister,
3207 2661 3361 2730 quod
3381 2663 3466 2714 est

1844 2749 2172 2802 mandatum
2199 2763 2472 2818 magnum
2503 2747 2561 2801 in
2588 2748 2712 2818 lege
2731 2748 2758 2801 ?
2784 2747 2876 2800 Ait
2911 2747 2995 2800 illi
3029 2749 3185 2801 Jesus
3218 2765 3230 2801 :
3262 2747 3466 2819 Diliges

1847 2842 2148 2896 Dominum
2178 2842 2354 2914 Deum
2382 2845 2546 2895 tuum
2574 2839 2634 2893 in
2663 2843 2780 2894 toto
2805 2839 2973 2893 corde
3001 2843 3118 2909 tuo,
3160 2843 3217 2894 et
3253 2841 3313 2894 in
3349 2844 3467 2894 tota

1844 2935 2033 2988 anima
2057 2938 2172 3002 tua,
2204 2938 2260 2988 et
2286 2933 2345 2987 in
2371 2937 2485 2987 tota
2508 2937 2698 2987 mente
2722 2937 2841 2986 tua.
2882 2933 2992 2986 Hoc
3031 2937 3116 2987 est
3152 2933 3468 2988 maximum

1846 3032 1902 3080 et
1927 3026 2177 3097 primum
2217 3026 2568 3080 mandatum.
2607 3026 2926 3080 Secundum
2965 3029 3153 3080 autem
3180 3025 3360 3081 simile
3385 3031 3469 3081 est

1845 3119 1977 3173 huic
2010 3139 2022 3173 :
2054 3119 2259 3189 Diliges
2284 3118 2609 3188 proximum
2628 3122 2791 3172 tuum
2817 3117 2959 3171 sicut
2985 3121 3038 3172 te
3063 3118 3267 3188 ipsum.
3294 3119 3353 3172 In
3379 3119 3468 3174 his

1847 3212 2063 3266 duobus
2097 3211 2377 3265 mandatis
2417 3211 2679 3264 universa
2718 3211 2808 3264 lex
2833 3210 3041 3280 pendet
3075 3215 3129 3264 et
3156 3211 3464 3282 prophetae.

123 3310 380 3380 Cognovit
405 3312 602 3363 autem
628 3309 784 3361 Jesus
811 3305 1175 3376 cogitationes
1196 3321 1412 3371 eorum,
1443 3308 1500 3358 et
1519 3320 1748 3375 respon-
1767 3303 1821 3375 C
1848 3304 2210 3374 Congregatis
2235 3307 2424 3357 autem
2454 3303 2764 3369 Pharisaais,
2793 3303 3163 3373 interrogavit
3190 3319 3283 3357 eos
3307 3305 3462 3359 Jesus

123 3399 249 3453 dens
282 3398 422 3453 dixit
470 3397 544 3451 ad
577 3395 702 3448 illos
732 3411 744 3446 :
777 3394 922 3457 Quid
965 3393 1221 3463 cogitatis
1249 3393 1308 3446 in
1336 3391 1594 3446 cordibus
1623 3409 1744 3446 ves-

125 3490 240 3545 tris?
255 3491 388 3562 quid
406 3496 490 3545 est
509 3488 730 3543 facilius
752 3487 935 3541 dicere
957 3502 969 3538 :
987 3485 1359 3540 Dimittuntur
1381 3485 1480 3539 tibi
1501 3490 1744 3554 peccata,

123 3601 187 3637 an
215 3583 416 3651 dicere,
441 3583 625 3652 Surge
649 3584 704 3634 et
716 3579 938 3634 ambula
960 3579 986 3633 ?
1009 3582 1070 3631 ut
1097 3581 1286 3632 autem
1313 3578 1497 3631 sciatis
1522 3577 1650 3648 quia
1678 3579 1744 3630 ii-

125 3675 224 3728 lius
244 3675 490 3729 hominis
514 3676 850 3744 potestatem
880 3670 1119 3724 habetin
1149 3675 1299 3724 terra
1325 3669 1606 3724 dimittere
1628 3686 1750 3740 pec-

125 3769 252 3832 cata,
274 3764 352 3819 ait
381 3762 696 3835 paralytico
724 3778 737 3814 ε
767 3760 888 3815 Tibi
919 3760 1041 3814 dico
1071 3775 1260 3830 surge,
1289 3763 1346 3812 et
1374 3759 1503 3813 tolle
1539 3760 1749 3813 lectum

124 3862 294 3926 tuum,
318 3862 373 3911 et
397 3857 540 3910 vade
569 3855 629 3908 in
656 3855 890 3909 domum
916 3859 1098 3906 tuam-
1118 3853 1182 3906 Et
1202 3852 1489 3906 confestim
1514 3868 1749 3922 surgens

124 3967 301 4004 coram
327 3949 463 4019 illis,
507 3948 638 4003 tulit
674 3947 885 4001 lectum
921 3946 980 4000 in
1020 3962 1134 4015 quo
1165 3944 1408 4015 jacebat,
1437 3949 1493 3999 et
1518 3945 1657 3999 abiit
1692 3945 1750 3998 in

125 4042 346 4097 domum
388 4058 554 4096 suam
595 4039 962 4112 magniﬁcans
1007 4039 1206 4105 Deum,
1238 4043 1293 4092 et
1318 4043 1512 4108 stupor
1545 4037 1746 4108 adpre-

127 4134 313 4190 hendit
336 4151 558 4203 omnes,
595 4138 650 4188 et
677 4131 1118 4204 magniﬁcabant
1142 4131 1342 4185 Deum.

473 4205 631 4287 M15.8A
672 4246 994 4286 COTTIDIANA
1033 4243 1389 4284 DOMINICALIS.

190 4325 462 4395 Placatus,
490 4324 751 4392 Domine,
783 4338 1132 4394 quaesumus,
1165 4321 1431 4392 quicquid
1467 4336 1752 4376 meremur

125 4426 322 4487 averte,
356 4435 464 4473 nec
494 4418 646 4489 apud
680 4421 732 4471 te
760 4416 959 4471 delicta
986 4419 1175 4468 nostra
1211 4414 1340 4485 plus
1376 4413 1616 4481 valeant,
1654 4413 1749 4468 sed

124 4512 502 4567 misericordia
527 4516 623 4564 tua
659 4525 884 4580 semper
916 4524 1020 4562 nos
1055 4512 1370 4578 peccatores
1405 4505 1746 4578 praeveniat;

124 4609 176 4659 et
200 4620 301 4675 per
327 4620 559 4674 precem
586 4602 896 4674 supplicem
935 4601 1014 4654 ita
1046 4616 1148 4653 nos
1178 4599 1410 4670 dignare
1450 4598 1746 4670 respicere,

123 4701 175 4751 et
197 4714 228 4752 a
248 4697 465 4751 cunctis
484 4695 886 4767 iniquitatibus
911 4693 1118 4748 nostris
1145 4691 1406 4747 emunda.

792 4783 1003 4831 Secreta
1030 4782 1074 4829 b.

186 4858 391 4910 Praesta
428 4855 641 4926 populo
681 4859 802 4920 tuo,
835 4853 1090 4921 Domine,
1121 4867 1464 4923 quaesumus,
1497 4849 1747 4903 consola-

120 4948 278 5002 tionis
305 4949 625 5020 Zauxilium,
673 4948 743 5002 da
769 4946 994 5001 veniam
1037 4945 1276 5016 peccatis
1316 4943 1540 5010 nostris,
1582 4946 1638 4996 et
1679 4941 1748 4996 ab

123 5041 273 5095 omni
299 5059 402 5096 nos
421 5041 725 5112 iniquitate
755 5038 990 5104 custodi,
1021 5042 1076 5092 et
1104 5037 1236 5108 quia
1259 5037 1511 5091 humana
1533 5034 1746 5106 fragili-

124 5138 200 5187 tas
227 5134 638 5189 incessabiliter
658 5137 909 5187 meretur
937 5131 1167 5197 offensa,
1196 5129 1430 5184 celerius
1450 5129 1510 5183 in
1531 5133 1626 5184 tua
1651 5127 1752 5182 mi-

126 5226 424 5281 sericordia
452 5227 820 5299 gaudeamus.

184 5387 319 5440 Vere
345 5386 590 5457 dignum
629 5389 684 5440 et
713 5314 1448 5455 jfsctﬁtrfuetsfoomnipotens
1489 5380 1654 5448 Deus,
1695 5383 1752 5433 te

120 5493 338 5550 semper
362 5479 525 5532 cultu
551 5476 833 5532 servitutis
858 5477 1125 5530 humana:
1149 5474 1401 5540 laudare,
1429 5473 1527 5544 qui
1548 5471 1751 5550 divinis

121 5572 448 5626 muneribus
471 5571 604 5639 tuis,
635 5575 691 5624 et
718 5569 1036 5624 caalestibus
1056 5567 1340 5623 beneficiis
1359 5565 1418 5620 in
1439 5549 1633 5620 nostra
1650 5565 1754 5619 hu-

119 5663 348 5719 militate
374 5665 573 5734 largus
601 5663 669 5717 ad
694 5664 880 5717 lucem
919 5679 1020 5716 nos
1059 5662 1127 5716 de
1157 5659 1404 5716 tenebris
1435 5658 1705 5714 revocasti
1737 5673 1750 5711 :

189 5815 212 5842 '
227 5817 346 5870 Non
365 5815 570 5870 dubito
583 5814 721 5885 quin
736 5815 848 5884 leg.
864 5813 1015 5885 situt
1031 5812 1091 5866 in
1117 5811 1353 5882 Vulgata
1377 5826 1391 5864 :
1425 5811 1556 5885 Quis
1577 5814 1654 5864 est
1671 5812 1756 5864 hic

121 5888 212 5954 qui
223 5889 468 5956 loquitur
486 5880 1020 5956 blasphemirisﬂihil
1035 5888 1224 5937 tamen
1237 5880 1458 5935 mutare
1471 5880 1592 5956 visu
1600 5886 1757 5956 mest

192 5957 218 5997 δ
256 5951 503 6012 δ’ροιδθῐεθ
555 5951 826 6026 ejusmodi
883 5953 1160 6010 orationes
1198 5957 1329 6008 sunt
1377 5969 1443 6006 ex
1480 5951 1588 6007 ritu
1641 5952 1752 6006 Ro-

1767 4670 1827 4740 D

1845 3396 2036 3450 dicens
2080 3412 2093 3450 :
2139 3396 2279 3459 Quid
2309 3395 2465 3448 vobis
2492 3396 2712 3449 videtur
2738 3395 2806 3448 de
2834 3394 3107 3463 :Christo?
3135 3395 3295 3464 cujus
3321 3395 3470 3452 ﬁlius

1847 3490 1970 3544 est?
1995 3489 2195 3543 Dicunt
2221 3488 2290 3556 ei,
2322 3488 2512 3542 David.
2549 3487 2639 3541 Ait
2672 3487 2777 3540 illis
2806 3503 2818 3540 :
2847 3487 3136 3550 Quomodo
3178 3503 3313 3558 ergo
3357 3489 3467 3542 Da-

1846 3582 1939 3635 vid
1957 3581 2014 3634 in
2037 3581 2235 3651 spiritu
2261 3585 2422 3634 vocat
2442 3597 2572 3634 eum
2600 3579 2920 3646 Dominum,
2949 3579 3140 3632 dicens
3170 3596 3182 3632 :
3207 3580 3355 3634 Dixit
3368 3581 3468 3634 Do-

1848 3673 2037 3727 minus
2062 3672 2299 3726 Domino
2326 3689 2474 3739 meo,
2501 3671 2630 3726 sede
2653 3688 2685 3724 a
2715 3670 2924 3725 dextris
2962 3671 3120 3736 meis,
3149 3671 3324 3725 donec
3363 3687 3468 3742 po-

1847 3783 1979 3820 nam
1994 3765 2247 3820 inimicos
2265 3770 2387 3819 tuos
2409 3765 2711 3819 scabellum
2730 3764 2942 3834 pedum
2959 3767 3190 3817 tuorum
3205 3765 3232 3817 ?
3253 3764 3307 3819 Si
3329 3779 3466 3836 ergo

1848 3858 2018 3912 David
2041 3863 2198 3912 vocat
2219 3874 2351 3912 eum
2377 3857 2700 3930 Dominum,
2723 3857 3002 3926 quomodo
3027 3854 3175 3908 ﬁlius
3205 3856 3326 3926 ejus
3356 3857 3467 3911 est?

1849 3953 1914 4005 Et
1941 3967 2108 4005 nemo
2136 3953 2358 4021 poterat
2376 3950 2712 4020 respondere
2737 3949 2790 4003 ei
2815 3948 3070 4014 verbum,
3090 3964 3273 4019 neque
3301 3964 3469 4004 ausus

1848 4043 1956 4098 fuit
1992 4043 2291 4115 quisquam
2327 4059 2396 4096 ex
2423 4043 2516 4096 illa
2539 4041 2628 4096 die
2656 4058 2788 4096 eum
2814 4041 3058 4112 amplius
3098 4040 3466 4113 interrogare.

2311 4153 2434 4190 ITEH
2474 4151 2631 4190 MISSA
2666 4150 3022 4190 DOMINICALIS.

1916 4227 2282 4297 Omnipotens
2308 4227 2648 4296 sempiterne
2675 4226 2840 4293 Deus,
2870 4224 2959 4277 cui
2987 4227 3230 4294 potestas
3250 4227 3332 4278 est
3351 4222 3471 4278 sine

1848 4319 1958 4372 ﬁne
1987 4319 2310 4387 miserandi,
2344 4318 2555 4389 respice
2582 4317 2857 4389 pr0pitius
2876 4316 2945 4370 ad
2974 4316 3310 4370 humilitatis
3337 4332 3467 4370 nos-

1849 4415 1948 4465 tra?
1976 4411 2283 4482 supplicem
2306 4411 2650 4480 servitutem,
2685 4426 2855 4480 quam
2885 4412 3012 4462 ante
3040 4412 3095 4462 te
3122 4425 3224 4478 per
3243 4424 3467 4478 precem

1849 4504 2156 4574 subjectam
2201 4503 2609 4573 pratendimus
2655 4507 2709 4556 et
2749 4504 2955 4571 praesta
2985 4503 3047 4553 ut
3088 4499 3188 4552 tibi
3224 4499 3471 4553 subditas

1849 4601 2067 4650 mentes
2094 4601 2434 4666 perpetuum
2457 4594 2796 4648 defensionis
2821 4597 3001 4647 servet
3024 4590 3317 4646 auxilium.

1918 4761 2062 4813 Deus
2078 4771 2101 4799 ο
2131 4759 2192 4813 in
2213 4763 2267 4814 te
2293 4688 2953 4830 sperantiisifiirfcigtitudo,
2982 4756 3172 4811 adesto
3191 4755 3472 4827 propicius

1848 4852 2296 4907 invocationibus
2331 4852 2554 4920 nostris;
2587 4855 2644 4907 et
2680 4851 2814 4922 quia
2855 4849 2974 4903 sine
3012 4849 3068 4903 te
3113 4848 3254 4902 nihil
3290 4852 3475 4918 potest

1849 4945 2104 5001 mortalis
2131 4945 2452 5013 inﬁrmitas,
2479 4950 2680 5016 praesta
2713 4942 2988 4997 auxilium
3017 4941 3210 5012 gratiae
3250 4943 3382 5008 tuae,
3408 4943 3475 4995 ut

1850 5039 1910 5093 in
1937 5039 2236 5120 sequendis
2256 5038 2533 5093 mandatis
2560 5037 2692 5106 tuis,
2721 5041 2778 5091 et
2802 5035 3088 5088 voluntate
3108 5033 3210 5088 tibi
3231 5038 3283 5088 et
3310 5033 3474 5087 actio.

1850 5148 1922 5186 ne
1948 5132 2287 5202 placeamus.

2493 5198 2824 5248 Conteslatio.

1921 5283 2060 5336 Vere
2087 5280 2325 5351 dignum
2360 5284 2414 5333 et
2443 5279 2665 5350 justum
2700 5283 2781 5333 est
2802 5276 3154 5349 omnipotens
3181 5278 3344 5346 Deus,
3374 5293 3478 5350 per

1851 5391 2023 5446 quem
2048 5376 2258 5444 Moyses
2281 5373 2524 5426 famulus
2550 5376 2680 5426 tuus
2696 5372 2969 5443 populum
2997 5388 3162 5426 suum
3195 5369 3390 5425 eduxit
3415 5370 3474 5424 in

1853 5468 2056 5524 Christi
2079 5466 2431 5537 triumphum
2457 5482 2559 5536 per
2582 5465 2845 5520 baculum
2867 5465 3065 5519 crucis.
3089 5464 3246 5519 Unde
3269 5468 3325 5518 et
3344 5463 3478 5534 bap-

1854 5561 2087 5616 tismum
2128 5561 2247 5632 ejus
2292 5559 2626 5632 signiﬁcavit
2666 5558 2725 5613 in
2757 5558 2991 5612 mundo.
3023 5559 3150 5613 [una
3189 5556 3354 5611 Maria
3381 5571 3472 5608 ca-

1854 5655 2024 5710 nebat
2064 5655 2124 5709 in
2164 5660 2452 5726 tympano,
2492 5652 2644 5707 unde
2688 5651 2871 5724 passio
2913 5651 3116 5706 Christi
3162 5646 3474 5704 veneranda

1855 5825 2042 5873 mano,
2070 5813 2136 5862 ut
2161 5807 2418 5878 superius
2443 5807 2818 5860 observatum.
2889 5875 2898 5878 _
3082 5873 3095 5878 _
3130 5873 3161 5878 _
3270 5868 3280 5878 ,
3330 5868 3339 5877 ,

1929 5893 1951 5920 ο
1982 5881 2106 5932 Haec
2121 5895 2188 5932 ex
2210 5873 2652 5934 Sacramentario
2670 5875 3012 5946 Gregoriano
3031 5873 3098 5927 ad
3127 5873 3468 5926 Dominicam

1856 5950 2097 6025 primam
2124 5955 2250 6023 post
2274 5951 2649 6005 Pentecosten.
